1876 3050
17 148 21 153 ’
59 145 109 178 329

427 141 631 173 EXPOSITIO
651 143 692 173 ΙΝ
713 141 832 172 EPIST.
860 141 909 172 AD
928 141 1123 172 IlEBR/EOS.
1141 154 1175 158 —
1195 141 1275 172 CAP.
1290 141 1326 172 X.

1626 143 1678 173 330

59 203 112 232 τοῖς
130 198 212 233 αὐτὴν
223 196 451 234 παραδεχομένοις
462 197 578 226 θανάτου
595 198 671 225 αἰτία
682 197 841 225 καθίστατο.

931 206 984 224 :um
997 205 1049 224 non
1066 197 1158 229 habet,
1176 196 1223 225 scd
1238 197 1454 232 suscipientibus
1471 197 1558 232 ipsam
1584 199 1680 226 mortis

59 247 131 281 Αὕτη
139 246 166 273 δὲ
179 245 304 272 τοσοῦτον
314 245 353 275 sl;
363 243 436 279 ζωὴν
448 244 537 279 φέρει,
547 245 588 271 ὅτι
597 244 644 271 καὶ
655 243 723 280 αὑτὴ
736 243 769 280 ζῇ
795 244 842 271 καὶ

59 292 214 325 διαιωνίζει.
236 291 272 318 Ἥ
286 290 327 324 τὸ,
344 290 451 321 ζῶσαν.
471 290 570 325 ὁμοίως
583 290 679 326 νόησον
691 290 741 325 τῷ,
758 291 843 326 πρόσ-

60 347 151 372 φατον,
167 337 227 364 ἀντὶ
245 337 304 370 τοῦ,
317 337 380 363 νέαν
393 337 441 363 καὶ
456 335 617 368 θάλλουσαν,
631 336 668 368 ὡς
681 337 749 371 πρὸς
768 337 841 363 ἀντι-

59 385 198 417 διαστολὴν
212 385 262 419 τῆς
291 385 330 416 είς
349 384 384 411 τὰ
412 384 516 411 παλαιὰ
535 384 602 418 ἅγια
617 384 731 411 εἰσόδου·
749 383 840 419 ἐκείνη

58 432 109 466 γὰρ
124 430 299 466 νενέκρωταῑ.

91 477 141 503 Διὰ
159 477 210 503 τοῦ
223 474 499 511 καταπετάσματος,
523 475 659 503 τουτέστι
691 475 746 510 τῆς
768 483 840 509 σαρ-

58 523 107 555 κὸς
115 523 218 550 αὐτοῦ.
239 523 421 550 Ἑνεκαίνισον
438 523 504 558 ἡμῖν
523 522 572 557 τὴν
598 522 656 550 ὁδὸν
678 522 779 558 ταύτην
791 522 841 556 τὴν

59 571 96 601 εἰς
107 569 232 604 οὐρανὸν,
245 568 289 595 διὰ
304 568 352 604 τῆς
369 569 470 604 σαρκὸς
488 568 586 595 αὑτοῦ·
598 568 643 595 ὅτε
657 567 711 603 γὰρ
725 567 795 603 fiqu
813 568 841 594 ἐν

60 615 95 650 τῷ
108 614 219 650 σταυρῷ
243 614 327 650 αὕτη,
349 614 397 642 καὶ
421 614 572 650 ἀνελήφθη,
590 614 650 641 τότε
664 613 841 648 ἀπεκάλυψεν

59 661 121 694 ἡμῖν
133 660 168 685 τὰ
186 659 306 694 οὐράνια.
329 660 376 686 Διὸ
403 660 451 686 καὶ
477 660 614 695 εὐκαίρως
639 660 841 695 καταπέτασμα

60 705 138 739 αὐτὴν
161 705 286 732 ἐκάλεσε.
312 705 398 732 Τοῦτο
415 705 471 741 γὰρ
485 705 550 732 ἴδιον
565 706 610 732 τοῦ
627 706 841 740 καταπετάσμα-

58 759 109 782 τος,
120 751 160 783 τὸ,
176 752 240 778 ὅταν
254 751 336 787 ἀρθῇ,
352 752 555 779 ἀνακαλύπτειν
568 752 600 778 τὰ
614 752 697 780 ἔνδον.

91 796 143 822 Kal
170 797 251 830 ἱερέα
279 797 385 831 μέγαν,
410 796 460 823 ἐπὶ
486 797 540 823 τὸν
558 795 643 823 οἷκον
667 797 734 824 τοῦ.
755 797 839 824 Θεοῦ.

59 843 182 876 Ἔχοντες
205 842 305 878 δηλαδὴ
330 842 405 878 ίερέα
429 843 479 877 μὲν
498 842 543 869 τὸν
562 842 691 877 Χριστὸν,
708 841 781 869 οἷκον
799 843 838 875 δὲ,

57 887 125 922 ἡμᾶς
140 888 206 920 τοὺς
221 889 344 920 πιστοὺς,
356 888 426 914 κατὰ
446 887 490 914 τό·
514 887 677 922 Ἐνοικήσω
691 888 726 914 ἐν
740 889 842 921 αὐτοῖς
858 877 879 907 B

58 933 102 959 καὶ
116 933 358 967 ἐμπεριπατήσω.
374 933 409 960 Ἢ
425 934 494 968 ὅπερ
507 931 584 968 οἶμαι
602 934 712 969 μᾶλλον,
726 935 770 961 τὸν
796 936 843 962 οὔ·

60 980 135 1013 ρανὸν
145 987 151 993 ·
170 980 275 1006 ἐκεῖνον
298 980 352 1014 γὰρ
368 982 415 1007 καὶ
427 979 511 1014 ’Ἅγια
537 980 624 1014 καλεῖ,
639 980 685 1007 καὶ
701 981 729 1008 ὲν
747 981 843 1016 ἐκείνῳ

58 1025 222 1060 λεπουργείν
235 1026 281 1052 τδν
307 1026 451 1062 ’Δρχιερέα
466 1026 551 1061 λέγει,
567 1027 638 1062 ὑπὲρ
651 1027 733 1062 ἡμῶν
745 1027 843 1062 ἐντυγ-

58 1072 179 1105 χάνοντα.

92 1117 338 1153 Προσερχώμεθα.
350 1118 426 1151 Τίνι;
440 1119 472 1154 τῇ
487 1119 586 1152 πίστει,
604 1119 651 1146 καὶ
663 1120 697 1155 τῇ
718 1127 843 1154 πνευμα-

58 1165 115 1200 τικῇ
131 1164 269 1200 λατρείςιο
298 1165 314 1200 ἢ
344 1164 383 1201 τῷ
410 1164 530 1201 οὐρανῷ,
558 1164 623 1192 ἔνθα
648 1165 663 1192 ὁ
685 1165 843 1201 ’Δρχιερεὺς

57 1210 141 1244 ημῶν.

88 1255 167 1282 Μετὰ
197 1255 346 1290 ἀληθινῆς
385 1255 520 1290 καρδίας.
550 1256 697 1284 Τουτέοτιν
733 1255 838 1288 ἀδόλου,

57 1302 237 1337 ἀνυποκρίτου
264 1302 334 1338 πρὸς
357 1302 420 1334 τοὺς
447 1303 598 1338 ἀδελφοὺς,
626 1303 643 1339 ἢ
668 1303 841 1335 ἁδιστάκτου,

60 1348 137 1382 μηδὲν
153 1347 391 1383 ἀμφιϐα).λοὺσης,
406 1348 489 1384 μηδὲν
507 1349 699 1384 ὲνδοιαζούσης
714 1348 844 1384 περὶτῶν

59 1394 220 1428 μελλόντων,
245 1393 294 1420 καὶ
312 1394 356 1421 διὰ
371 1394 451 1421 τοῦτο
474 1394 708 1431 μικροψυχούσης.
729 1394 843 1428 Ἐπάγει

56 1437 99 1467 οὖν
115 1447 122 1455 ·

94 1487 144 1513 Ἐν
165 1485 358 1520 πληροφορίᾳ
379 1485 521 1519 πίστεως.
544 1487 669 1514 Διδάσκει
689 1488 762 1523 ἡμᾶς
785 1489 844 1521 πῶς

58 1532 85 1559 οὗ
104 1531 360 1568 μικροψυχήσομεν,
388 1531 436 1558 ἐὰν
456 1532 644 1567 πληροφορίαν
670 1533 777 1570 ἔχωμεν
799 1535 842 1561 πε·
857 1547 879 1578 C

59 1588 149 1611 στεως,
167 1579 304 1611 τουτέστι,
331 1578 422 1605 πίστιν
445 1578 656 1614 ἀπηρτισμένην
677 1581 724 1607 καὶ
742 1581 844 1607 τελειο-

57 1626 149 1660 τάτην.
170 1625 251 1650 Ἐστι
265 1624 319 1659 γὰρ
333 1623 472 1650 πιστεύειν
485 1624 545 1659 μὲν,
565 1624 614 1651 οὐκ
627 1625 656 1651 ἐν
671 1625 856 1662 πληροφορίᾳ’

57 1671 92 1698 δέ.
107 1672 215 1706 Ὠσπερ
231 1669 301 1701 τινὲς
319 1670 455 1704 λέγουσιν,
470 1669 511 1697 ὅτι
525 1670 605 1697 ἐνίων
622 1671 672 1706 μὲν
688 1671 764 1698 ἔσται
779 1672 842 1699 ἀνά-

59 1726 157 1750 σταςις,
178 1716 262 1743 τινῶν
278 1716 306 1743 δὲ
320 1717 369 1742 οὐκ
384 1716 460 1743 ἔσται
470 1724 477 1732 ·
497 1716 578 1744 τοῦτο
594 1717 644 1744 οὐκ
664 1716 722 1744 ἔστι
735 1718 842 1754 πλήρης

59 1762 155 1793 πίστις,
180 1761 241 1788 ἀλλ’
265 1761 374 1796 ἀτελής.
397 1761 441 1787 Ἐν
463 1760 634 1797 πληροφορίᾳ
657 1759 703 1788 οὖν
723 1761 843 1793 πίστεως

59 1807 284 1843 προσερχώμεθα.
314 1806 423 1842 Ἐπειδὴ
449 1806 503 1842 γὰρ
527 1806 604 1833 οὐδέν
628 1807 701 1833 ἐστιν
732 1807 841 1841 ὁρατὸν,

58 1853 114 1880 οὔτε
131 1855 144 1880 ὁ
161 1852 226 1884 ναὸς
243 1854 257 1879 ὸ
272 1852 397 1888 οὐρανὸς,
414 1852 476 1879 οὔτε
492 1853 505 1879 ό
522 1853 669 1888 ἀρχιερεὺς
684 1853 698 1879 ὁ
713 1853 841 1888 Χριστὸς,

58 1900 121 1927 ἀλλὰ
133 1900 300 1934 κέκρυπται,
323 1899 417 1934 ὥσπερ
437 1899 484 1926 καὶ
498 1899 528 1925 τὸ
541 1898 655 1925 παλαιὸν
671 1899 684 1925 ὸ
694 1899 841 1935 ἀρχιερεὺς

58 1945 250 1980 ἀπεκρύπτετο
264 1943 404 1976 εἰσελθὼν,
425 1944 470 1970 διὰ
492 1943 572 1971 τοῦτο
588 1944 629 1970 δεῖ
651 1945 770 1977 πίστεως
793 1954 842 1972 πε-

60 1989 242 2025 πληρωμένης
257 1989 306 2015 καὶ
322 1988 497 2016 ἀδιστάκτου.

97 2127 338 2163 Ἐῤῥαντισμένοι
354 2127 408 2161 τὰς
424 2127 546 2161 καρδίας
563 2126 621 2155 ἀπὸ
637 2127 841 2163 συνειδήσεως

60 2174 200 2208 πονηρᾶς.
224 2175 316 2201 Εἰπὼν
337 2174 403 2209 περὶ
422 2173 551 2206 πίστεως,
571 2173 690 2200 δείκνυσι
712 2174 768 2207 νῦν,
800 2175 841 2201 ὅτι

897 252 978 271 causa
995 244 1111 271 exstitit.
1124 245 1187 272 Hauc
1198 248 1289 272 autem
1309 243 1379 271 adeo
1394 244 1427 271 ad
1442 245 1524 272 vitam
1536 245 1622 278 ducit,
1653 251 1682 273 ut

895 293 922 317 et
938 290 996 324 ipsa
1016 290 1088 317 vivat
1105 294 1244 318 ettetcrna
1263 290 1308 318 sit.
1322 289 1383 323 Vel,
1404 291 1539 325 virentem,
1567 292 1682 327 perinde

897 335 1017 370 intelligo
1033 340 1115 370 atque
1127 340 1275 368 recentem,
1294 343 1343 371 pro
1360 336 1419 364 viva
1444 341 1471 364 et
1497 339 1621 371 ﬂorente,
1647 339 1680 365 ad

895 382 1045 409 discrimen
1059 382 1187 409 introitus
1199 381 1232 409 ad
1242 387 1333 410 vetera
1343 388 1457 411 sancta:
1473 388 1598 412 mortuus
1607 385 1678 412 cnim

896 428 941 455 ille
955 433 1007 455 est.

932 473 986 501 Per
1004 475 1129 507 velamen,
1148 475 1196 501 hoc
1210 479 1249 502 est
1263 483 1370 502 carnem
1395 483 1482 503 suam.
1498 476 1617 503 lnitiavit
1632 485 1682 504 no~

896 521 938 548 bis
952 521 1024 548 viam
1042 522 1113 549 hanc
1142 522 1175 549 ad
1194 522 1280 550 ccelos
1308 522 1465 555 ducentem,
1495 530 1543 558 per
1569 531 1680 551 carnem

896 575 984 595 suam.
999 568 1114 601 Quando
1133 569 1206 596 enim
1222 569 1249 597 in
1265 576 1374 596 crucem
1397 576 1461 596 caro
1479 569 1586 596 sublata
1610 575 1680 602 erat,

895 619 922 642 ct
942 614 967 642 in
984 615 1083 642 caelum
1100 620 1219 650 recepta,
1233 620 1290 643 tttm
1311 615 1441 643 revelavit
1455 615 1535 643 nobis
1546 616 1680 644 caelestia.

894 659 1042 696 Propterea
1058 666 1085 689 et
1101 667 1254 696 opportune
1287 662 1411 689 velamen
1440 669 1499 690 eam
1521 663 1680 697 appellavit.

896 707 968 734 Istud
983 708 1055 735 enim
1070 708 1210 743 proprium
1226 713 1268 736 est
1290 708 1448 741 velamenti,
1465 713 1493 735 ut
1509 716 1571 736 cum
1590 717 1682 737 remo-

895 758 952 780 tum
970 753 1061 787 fuerit,
1078 755 1178 782 revolet
1191 762 1251 789 quae
1271 754 1326 782 sint
1341 755 1425 782 intus.

930 799 1013 827 Vens.
1028 800 1071 827 21.
1090 800 1124 827 Et
1135 800 1297 828 sacerdotem
1323 809 1446 835 magnum
1470 809 1548 836 super
1573 802 1681 829 domum

895 843 954 871 Dei.
976 843 1114 872 Habentes
1129 846 1255 873 videlicet
1269 846 1441 874 sal-erdotem
1463 847 1572 881 quidem
1598 848 1681 875 Chri-

893 893 964 916 stum
979 898 986 923 ;
1005 891 1115 918 domum
1137 898 1212 923 vero,
1243 899 1293 919 nos
1309 891 1413 924 ﬁdeles,
1427 892 1504 927 juxta
1524 894 1590 921 illud
1608 903 1615 922 :
1633 894 1682 922 ln-

894 934 1022 962 habitabo
1032 936 1059 963 in
1075 937 1151 970 ipsis,
1163 941 1188 964 et
1207 937 1377 966 inambulabo
1395 938 1421 965 in
1447 940 1499 968 eis.
1529 940 1588 973 Vel,
1607 942 1680 977 quod

895 989 958 1010 reor
973 989 1034 1010 esse
1050 983 1153 1018 potius,
1169 983 1268 1011 caelum
1285 993 1291 1012 :
1311 985 1376 1013 illud
1392 986 1464 1014 enim
1478 991 1505 1015 ct
1521 992 1616 1015 sancta
1633 996 1682 1023 ap-

893 1027 987 1062 pellat,
1006 1032 1033 1055 et
1048 1027 1075 1054 in
1087 1035 1121 1055 eo
1135 1027 1293 1056 Poutificem
1305 1029 1462 1060 ministrare
1475 1032 1550 1064 dicit,
1569 1041 1618 1068 pro
1633 1042 1681 1062 no-

895 1071 938 1100 bis
954 1071 1081 1100 videlicet
1095 1073 1301 1102 intercedendo.

931 1116 1014 1146 Vens.
1032 1118 1077 1145 22.
1096 1118 1270 1147 Accedamtu.
1287 1121 1328 1148 Ad
1340 1121 1405 1157 quid
1416 1123 1427 1150 ζ’
1437 1122 1476 1150 Ad
1489 1124 1567 1152 fidem
1583 1130 1609 1153 et
1623 1127 1680 1161 spi-

895 1163 1022 1191 ritualem
1047 1164 1151 1192 cultum
1171 1165 1233 1193 :vel
1250 1166 1283 1194 ad
1309 1167 1422 1201 cmlum,
1450 1170 1494 1196 ubi
1518 1176 1612 1199 noster
1639 1178 1681 1201 est

893 1209 1028 1238 Pontifex.

931 1255 1012 1291 725
1028 1256 1094 1284 Cum
1112 1266 1170 1285 vero
1184 1259 1271 1286 corde.
1286 1259 1344 1288 Hoc
1355 1265 1407 1294 est,
1420 1267 1531 1298 experte
1543 1263 1609 1296 doli,
1625 1273 1680 1294 non

896 1303 988 1330 fucato
1018 1312 1079 1339 erga
1110 1304 1220 1339 fratres,
1253 1307 1295 1334 vel
1327 1308 1394 1335 nihil
1425 1308 1579 1342 haesitante,
1613 1312 1682 1340 nihil

895 1349 1062 1384 ambigente,
1093 1350 1161 1378 nihil
1187 1352 1330 1381 dubitante
1357 1353 1391 1382 de
1420 1354 1531 1390 futuris,
1559 1365 1684 1394 acspro-

895 1399 989 1430 pterea
1011 1395 1036 1422 in
1068 1397 1326 1431 pusillanimitatem
1351 1400 1502 1429 recidente.
1529 1402 1612 1430 Infert
1632 1404 1687 1440 i52-

895 1445 957 1469 tur:

930 1486 964 1514 lu
977 1486 1144 1522 plenitudine
1161 1488 1234 1523 ﬁdei.
1257 1488 1342 1518 Docet
1368 1498 1419 1519 nos
1439 1499 1494 1527 quo
1524 1497 1603 1527 pacto
1627 1501 1681 1521 non

897 1531 984 1559 simus
995 1531 1162 1567 desponsuri
1173 1533 1306 1566 animum,
1324 1542 1433 1570 nempe,
1454 1535 1477 1563 si
1488 1535 1550 1564 fidei
1564 1537 1683 1572 plenitu-

898 1577 988 1605 dinem
1007 1577 1196 1610 habuerimus,
1223 1579 1273 1606 hoc
1290 1583 1343 1612 est,
1364 1580 1444 1608 fidem
1463 1587 1682 1611 consummatam

896 1626 923 1650 et
944 1622 1187 1658 perfectissimam.
1202 1622 1268 1650 Nam
1288 1623 1347 1652 fierl
1370 1629 1461 1660 potest
1477 1630 1507 1654 ut
1534 1627 1681 1663 quisquam

896 1668 1001 1700 credat,
1016 1676 1072 1696 non
1092 1673 1181 1696 tamen
1199 1669 1226 1696 in
1240 1669 1408 1704 plenitudine
1426 1679 1433 1699 :
1450 1673 1681 1706 quemadmodum

896 1713 1023 1740 nonnulli
1044 1713 1139 1741 dicunt
1154 1714 1334 1750 quorumdam
1357 1715 1479 1744 futuram
1497 1721 1682 1747 resurreCtio-

897 1767 971 1793 nem,
989 1761 1171 1795 quorumdam
1198 1768 1264 1788 vero
1290 1769 1344 1790 non
1371 1762 1501 1792 futuram.
1527 1764 1588 1793 llaec
1616 1774 1682 1794 sane

896 1812 951 1833 non
966 1809 1008 1833 est
1030 1805 1109 1840 plena
1124 1805 1202 1839 ﬁdes,
1217 1806 1265 1833 sed
1280 1806 1449 1841 imperfecta.
1466 1808 1495 1836 In
1512 1809 1683 1844 plenitudine

896 1852 979 1887 igitur
997 1851 1058 1879 fidei
1075 1852 1249 1880 accedamus.
1267 1853 1494 1890 Quandoquidem
1515 1857 1587 1883 enim
1613 1858 1682 1885 nihil

897 1898 987 1927 oculis
1013 1899 1116 1926 nostris
1147 1899 1302 1934 subjectum
1338 1905 1391 1933 est,
1428 1909 1516 1937 neque
1551 1904 1681 1939 templum

896 1944 986 1979 ipsum
1002 1943 1113 1976 coelum,
1131 1951 1219 1978 neque
1235 1944 1356 1979 pontifex
1368 1944 1506 1977 Christus,
1523 1947 1569 1974 sed
1589 1948 1681 1975 abdita

896 1993 972 2023 sunt,
993 1990 1032 2016 uti
1047 1989 1111 2017 olim
1125 1989 1248 2024 pontifex
1271 1989 1413 2025 ingressus
1433 1991 1460 2018 in
1475 1997 1571 2018 sancta
1587 1993 1682 2020 occul-

896 2036 1006 2064 tabatur
1020 2045 1027 2070 ;
1044 2041 1186 2071 propterea
1207 2042 1275 2071 opus
1287 2040 1330 2064 est
1355 2036 1408 2064 ﬁde
1422 2037 1544 2072 perfecta
1558 2043 1585 2065 et
1599 2039 1680 2066 indu-

895 2082 991 2110 bitata.

931 2128 1039 2162 Asperat
1059 2126 1141 2154 corda
1156 2135 1172 2154 a
1187 2127 1348 2154 conscientia
1375 2127 1457 2155 ntala.
1475 2127 1543 2156 Cum
1569 2129 1602 2157 de
1629 2130 1681 2158 fido

897 2177 1009 2204 locutus
1023 2179 1106 2207 esset,
1121 2180 1194 2201 nunc
1209 2172 1329 2200 ostendit
1343 2181 1396 2201 non
1413 2173 1497 2201 solam
1514 2174 1606 2206 fidem,
1632 2183 1681 2202 vc-

59 2221 86 2246 οῡ
102 2221 193 2252 πίστις
210 2221 291 2256 μόνη,
317 2220 386 2247 ἀλλὰ
401 2220 449 2247 καὶ
474 2219 530 2254 βίος
554 2220 680 2256 ινὰρετος
706 2219 840 2256 ζητεῖται.

932 2230 957 2249 m
970 2222 1052 2249 etiam
1061 2221 1144 2248 vitam
1165 2220 1312 2247 virtutibus
1325 2225 1449 2248 ornatam
1469 2220 1580 2256 requiri.
1593 2220 1681 2249 Judaei

66 2266 181 2292 Ἰουδαῖοι
205 2265 256 2300 μὲν
280 2263 326 2292 οὗν
350 2265 380 2292 τὺ
402 2265 482 2300 σῶμα
501 2265 703 2300 ὲρῤαντίζοντο,
717 2266 796 2301 ἡμεῖς
813 2267 842 2293 δὲ

60 2313 103 2344 τὰς
126 2313 253 2347 καρδίας,
267 2312 338 2338 ὥστε
358 2312 441 2347 μηδὲν
456 2313 563 2343 ἑαυτοῖς
586 2312 737 2339 συνειδέναι
753 2321 837 2348 πονη-

64 2359 114 2392 ρόν.
139 2358 390 2393 Ῥαντισθησόμεθα
407 2358 434 2384 δὲ
451 2358 522 2393 αὐτῇ
538 2359 572 2393 τῇ
589 2358 684 2393 ἀρετῇ,
701 2358 717 2393 ἢ
741 2358 788 2385 καὶ
808 2359 842 2393 τῇ

63 2405 146 2438 χάριτι
172 2404 220 2431 τοῦ
247 2404 417 2439 Πνεύματος,
439 2405 487 2430 τοῦ
508 2404 634 2438 ἀφιέντος
657 2405 722 2439 ἡμῖν
747 2405 776 2431 ὲν
805 2405 844 2440 τῷ

62 2449 161 2486 λουτρῴ
176 2451 226 2481 τὰς
250 2450 399 2485 ἁμαρτίας,
417 2451 464 2477 καὶ
485 2450 687 2485 ἑνισχύσαντος,
708 2450 778 2477 ὥστε
796 2452 843 2478 ἐὰν

63 2497 264 2531 σπουδάσωμεν,
281 2496 379 2531 μηκέτι
394 2497 450 2527 τοῖς
467 2496 560 2528 αὐτοῖς
575 2496 760 2531 περιπίπτειν.

93 2542 144 2569 Kal
169 2542 348 2577 λελουμένοι
376 2542 410 2568 τὸ
435 2542 522 2576 σῶμα
549 2541 634 2568 ὑδατι
654 2542 781 2576 καθαιῷ.
799 2543 844 2578 Τῷ

63 2586 106 2613 τοῦ
135 2587 343 2622 βαπτίσματος’
370 2586 484 2622 καθαρῷ
510 2587 558 2619 δὲ,
593 2587 610 2621 ἦ
640 2586 678 2622 τῷ
708 2587 845 2623 καθαροὺς

63 2631 189 2664 ποιοῦντι,
203 2631 220 2666 ἢ
234 2632 272 2666 τῷ
290 2631 330 2667 μὴ
348 2631 436 2667 ἔχοντι
447 2630 517 2667 αἷμα
535 2632 748 2667 μεμιγνυμένον,
760 2633 797 2666 ὠς
812 2634 842 2660 τὸ

63 2676 172 2703 παλαιὸν
185 2677 214 2703 τὸ
226 2678 273 2712 τῆς
290 2677 399 2705 σποδοῦ.
413 2677 443 2703 Εἰ
458 2678 528 2712 τάχα
542 2677 596 2712 γὰρ
612 2677 629 2711 ὴ
646 2677 675 2703 ὲν
685 2676 724 2712 τῷ
739 2677 842 2714 λουτρῷ

63 2723 136 2758 χάρις
155 2723 202 2749 τοῦ
218 2723 375 2758 Πνεύματος
395 2723 442 2750 καὶ
459 2723 547 2758 ψυχὰς
570 2723 706 2759 καθαίρει,
723 2724 796 2759 ὅμως
813 2725 843 2751 τὸ

63 2769 153 2803 ὁρατὸν
183 2769 222 2802 τῷ
250 2768 340 2805 ὁρατῷ
351 2769 376 2785 ³⁸
406 2768 521 2796 ἐνταῦθα
551 2768 657 2801 Παῦλος
684 2770 841 2802 συνέταξεν.

896 2267 1006 2304 quidem
1022 2273 1138 2301 corpore
1154 2265 1417 2300 conspergebantur,
1435 2273 1484 2293 nos
1509 2273 1573 2293 vero
1587 2267 1680 2299 corde,

895 2319 926 2341 ut
946 2313 1013 2340 nihil
1026 2312 1089 2339 mali
1107 2311 1186 2339 nobis
1208 2311 1312 2338 conscii
1333 2311 1430 2339 simus.
1461 2311 1682 2347 Conspcrgcmur

895 2364 986 2387 autem
1002 2362 1029 2385 et
1045 2358 1104 2392 ipsa
1121 2357 1231 2388 virtute,
1248 2357 1291 2384 vel
1313 2357 1400 2392 gratia
1425 2357 1557 2392 Spiritus,
1574 2359 1619 2393 qui
1639 2366 1682 2385 re-

898 2405 973 2433 tnisit
999 2404 1078 2431 nobis
1095 2403 1122 2430 in
1136 2403 1300 2438 baptismate
1318 2407 1439 2436 peccata,
1466 2408 1493 2430 ct
1514 2404 1680 2432 conformvit

898 2459 959 2483 nos,
975 2453 1005 2476 ut
1021 2449 1044 2476 si
1061 2449 1181 2475 animum
1203 2448 1413 2481 adverterimus,
1435 2456 1488 2475 non
1505 2457 1588 2484 porro
1606 2450 1632 2476 in
1648 2458 1680 2477 ea

894 2495 1058 2524 recidamus.
1372 2526 1376 2530 .

932 2541 1016 2569 Vens.
1032 2540 1078 2567 25.
1098 2539 1131 2565 Et
1143 2538 1229 2566 abluti
1244 2547 1339 2574 corpus
1357 2547 1426 2575 aqua
1436 2547 1512 2574 pura.
1527 2540 1681 2576 Baptisma-

897 2589 930 2615 tis
946 2588 1051 2614 scilicet
1071 2595 1077 2613 :
1093 2593 1159 2621 pura
1185 2592 1261 2619 vero,
1279 2586 1320 2613 vel
1346 2587 1418 2620 quod
1435 2594 1518 2621 puros
1547 2587 1623 2620 facit,
1639 2589 1682 2615 vel

898 2633 970 2669 quod
986 2641 1038 2660 non
1066 2634 1163 2658 habeat
1180 2631 1331 2660 admixtum
1359 2633 1530 2668 sanguinem,
1559 2638 1590 2661 ut
1615 2634 1681 2660 olim

897 2682 1004 2709 cinerea
1021 2680 1078 2706 illa.
1095 2679 1152 2706 Etsi
1175 2678 1247 2706 enim
1273 2678 1360 2714 gratia
1390 2677 1508 2713 Spiritus
1528 2679 1555 2706 in
1573 2679 1680 2714 baptis-

898 2732 969 2754 mate
985 2726 1091 2752 animas
1119 2729 1226 2760 purget,
1252 2724 1360 2752 visibilc
1385 2729 1475 2752 tamen
1507 2725 1550 2752 hic
1580 2725 1682 2752 visibili

897 2770 998 2798 Paulus
1009 2769 1159 2804 conjunxit.
1185 2768 1324 2803 Siquidem
1352 2768 1379 2795 in
1409 2768 1468 2803 ipso
1501 2775 1550 2796 usu
1577 2769 1682 2805 baptis-

756 2829 856 2860 ναι-ἰεῦ
873 2829 1036 2861 lectiones.

95 2863 227 2899 ³θιὶορέιτῳ
242 2871 270 2891 o.

200 2913 337 2942 Panos.
363 2912 423 2943 Gn.
440 2913 564 2944 CXXV.

1469 2910 1503 2942 ll
