1880 3055
57 140 103 173 323

418 135 621 167 EXPOSITIO
641 136 682 167 ΙΝ
703 134 822 165 EPIST.
850 134 900 165 AD
918 133 1113 165 IIEBREOS.
1131 146 1165 151 -
1185 133 1265 164 CAP.
1280 134 1317 164 X.

1616 134 1669 165 330

58 197 106 227 τοῖς
122 192 202 227 αὐτὴν
213 190 441 228 παραδεχομένοις
452 191 568 219 θανάτου
586 191 662 219 αἰτία
672 191 832 219 καῠίστατο.

923 199 974 217 'um
987 198 1040 217 non
1056 189 1148 222 habet,
1166 188 1214 217 sed
1227 189 1445 224 suscipientibus
1462 189 1548 224 ipsam
1575 191 1671 218 mortis

57 242 123 276 Αὕτη
130 241 156 268 δὲ
169 239 295 266 τοσοῦτον
305 239 344 269 είς
355 237 427 274 ζωὴν
439 238 527 273 φέρει,
537 239 578 265 ὅτι
587 237 635 265 καὶ
645 237 713 274 αὑτὴ
726 237 759 273 ζῇ
784 238 832 264 καὶ

58 286 204 319 διαιωνίζει.
227 286 263 312 Ἣ
277 285 318 318 τὸ,
335 284 441 316 ζῶσαν,
461 284 561 319 ὁμοίως
573 284 670 319 νόησον
682 283 731 319 τῷ,
749 284 833 320 πρόσ-

58 342 142 367 φατον,
157 331 217 358 ἀντὶ
236 331 294 364 τοῦ,
308 331 371 357 νέαν
384 331 432 357 καὶ
446 329 608 362 θάλλουσαν,
621 330 658 362 ὡς
671 330 740 364 πρὸς
758 330 831 356 ἀντι-

57 379 187 412 διαστολὴν
202 379 252 414 τῆς
282 379 322 410 είς
340 378 374 405 τὰ
403 377 506 405 παλαιὰ
525 377 592 412 ἅγια
607 378 721 405 εἰσόδου·
739 377 831 412 ἐκείνη

56 427 103 461 γὰρ
117 424 290 460 νενέκρωται.

86 471 133 497 Διὰ
150 471 200 497 τοῦ
213 468 490 504 καταπετάσματος,
513 468 650 496 τουτέστι
681 468 737 504 τῆς
759 476 831 502 σαρ-

56 517 208 549 κὸςαύτοῦ.
230 517 412 544 Ὲνεκαίνισον
429 517 495 552 ἡμῖν
513 515 563 550 τὴν
588 515 647 543 ὁδὸν
669 515 770 550 ταύτην
783 516 832 550 τὴν

57 566 91 596 εἰς
102 563 222 598 οὐρανὸν.
236 562 280 589 διὰ
295 562 344 598 τῆς
360 562 461 598 σαρκὸς
479 561 577 588 αὐτοῦ’
589 562 633 588 ὅτε
648 561 702 597 γὰρ
715 561 786 596 ᾒρθη
803 561 832 587 ὲν

58 610 90 644 τῷ
103 609 209 644 σταυρῷ
233 608 319 644 αὕτη,
341 608 388 635 καὶ
412 607 562 643 ἀνελήφθη,
581 607 641 634 τότε
656 607 832 642 ἀπεκάλυψεν

57 655 115 688 ἠμτν
126 654 158 680 τὰ
176 654 297 688 οὐράνια.
321 653 367 680 Διὸ
394 654 442 680 καὶ
468 653 605 689 εὐκαίρως
630 654 832 688 καταπέτασμα

58 699 131 734 αὐτὴν
153 699 277 726 ἐκάλεσε.
304 699 389 726 Τοῦτο
406 699 462 735 γὰρ
477 699 542 726 ἴδιον
555 699 601 726 τοῦ
618 699 832 733 καταπετάσμα-

57 754 104 777 τος,
114 745 151 777 τὸ,
167 746 231 772 ὅταν
244 746 328 780 ἀρθῇ,
344 746 546 773 ἀνακαλύπτειν
558 746 591 772 τὰ
605 745 688 773 ἔνδον.

87 791 136 817 Kal
162 791 241 824 lepéa
270 791 376 825 μέγαν.
402 790 451 817 ἐπὶ
477 790 531 817 τὸν
549 788 634 817 οἶκον
658 790 727 817 τοῦς
746 789 830 817 Θεοῦ.

57 837 172 871 Ἔχοντες
195 836 296 871 δηλαδὴ
322 836 396 872 ἱερέα
421 836 471 870 μὲν
489 836 534 862 τὸν
553 836 682 871 Χριστὸν,
700 834 772 863 οἷκον
791 835 830 868 δὲ,

57 882 120 916 ἡμᾶς
134 882 195 914 τοὺς
211 882 336 914 πιστοὺς,
348 881 418 908 κατὰ
437 881 482 908 τόο
505 881 668 915 Ἐνοικήσω
682 881 717 908 ἐν
731 882 833 914 αὐτοῖς
849 870 871 900 Β

56 927 97 953 καί
110 927 349 961 ἐμπεριπατήσω.
366 927 400 954 Ἢ
417 927 485 962 ὅπερ
499 924 576 962 οἶμαι
593 927 704 962 μᾶλλον,
717 928 761 955 τὸν
788 929 834 955 ον)-

59 974 144 1007 ρανόν·
162 974 266 1000 ἐκεῖνον
290 974 344 1008 γὰρ
360 976 406 1000 καὶ
419 973 503 1008 ’Ἅγια
528 974 615 1007 καλεῖ,
631 974 677 1001 καὶ
692 975 721 1001 ὲν
738 974 834 1009 ἐκείνῳ

57 1020 212 1055 limo-amatur
225 1020 272 1047 τὸν
299 1020 443 1055 ’Δρχιερέα
458 1019 543 1054 λέγει,
559 1020 629 1056 ὑπὲρ
643 1020 724 1056 ἡμῶν
737 1021 834 1055 ἐντυγ-

57 1066 171 1099 χάνοντα.

88 1111 330 1147 Προσερχώμεθα.
343 1112 418 1145 Τίνι;
431 1113 464 1148 τῇ
478 1112 579 1145 πίστει,
595 1113 642 1140 καὶ
655 1113 689 1148 τῇ
709 1121 834 1147 πνευμα-

56 1160 110 1193 τικῇ
125 1157 260 1194 λατρείᾳ·
289 1159 306 1194 ἢ
336 1158 375 1195 τῷ
402 1157 522 1194 οὐρανῷ,
550 1158 614 1185 ἔνθα
640 1159 655 1185 ὁ
677 1158 835 1194 ’Δρχιερεὺς

56 1204 135 1239 ἡμῶν.

85 1249 160 1276 Μετὰ
187 1249 338 1284 ἀληθινῆς
378 1249 512 1284 καρδίας.
543 1249 688 1277 Τουτέστιν
725 1248 830 1281 ἀδόλου,

56 1296 227 1332 ἀνυποκρίτου
256 1296 326 1332 πρὸς
349 1296 413 1328 τοὺς
439 1297 590 1332 ἀδελφοὺς,
617 1296 635 1332 ἢ
660 1296 834 1328 ἀδιστάκτου,

59 1341 130 1376 μηδὲν
146 1341 383 1377 ἀμφιϐαλλούσης,
398 1342 481 1378 μηδὲν
499 1342 691 1378 ὶνδοιαζούσης
706 1341 835 1378 περὶτῶν

57 1387 210 1422 μελλόντων,
236 1387 285 1414 καὶ
305 1387 348 1415 διὰ
363 1388 442 1415 τοῦτο
466 1387 700 1424 μικροψυχοὼης.
721 1387 835 1421 Ἐπάγει

55 1432 95 1460 οὖν
110 1442 117 1449 ·

90 1481 139 1507 Ἐν
158 1479 351 1514 πληροφορίᾳ
372 1479 513 1513 πίστεως.
536 1480 661 1508 Διδάσκει
682 1481 755 1516 ἡμᾶς
777 1482 836 1514 πῶς

55 1526 82 1553 οὗ
100 1525 352 1562 μιχροψυχήσομεν,
380 1525 428 1552 ἐὰν
449 1525 637 1561 πληροφορίαν
663 1526 770 1562 ἔχωμεν
791 1528 835 1554 πῖ·
849 1540 871 1571 C

57 1582 143 1605 στεως,
160 1573 297 1605 τουτέστι,
324 1572 414 1599 πίστιν
437 1572 649 1608 ἀπηρτισμένην
670 1573 717 1600 καὶ
735 1574 836 1600 τελειο-

55 1619 143 1654 τάτην.
163 1619 242 1644 Ἐστι
257 1618 313 1653 γὰρ
325 1617 464 1644 πιστεύειν
477 1617 538 1653 μὲν,
557 1617 607 1644 οὐκ
620 1619 649 1644 ὲν
663 1618 849 1655 πληροφορίᾳ’

56 1665 88 1692 δέ,
103 1666 206 1700 Ὠσπερ
222 1663 294 1695 τινὲς
312 1664 448 1698 λέγουσιν,
463 1663 504 1690 ὅτι
518 1663 598 1690 ἐνίων
614 1664 664 1699 μὲν
681 1664 756 1691 ἔσται
771 1665 836 1692 ἀνά-

57 1720 151 1743 στασις,
171 1710 255 1737 τινῶν
271 1710 299 1736 δὲ
313 1710 362 1736 οὐκ
377 1709 452 1736 ἔσται
463 1717 470 1725 ·
490 1709 570 1737 τοῦτο
587 1710 636 1737 οὐκ
656 1710 714 1737 ἐστι
728 1712 836 1747 πλήρης

57 1755 149 1787 πίστις,
173 1755 233 1782 ἀλλ’
257 1755 368 1789 ἀτελής.
390 1754 434 1781 Ἑν
455 1753 627 1790 πληροφορίᾳ
650 1752 696 1781 οὖν
716 1754 836 1786 πίστεως

57 1801 276 1836 προσερχώμεθα.
307 1800 416 1835 Ἐπειδὴ
442 1800 496 1835 γὰρ
520 1799 597 1826 οὐδέν
620 1800 694 1826 ἐστιν
725 1799 834 1834 ὁρατὸν,

56 1847 110 1874 οὔτε
125 1849 139 1874 ὸ
155 1847 217 1878 ναὸς
236 1848 250 1873 ὁ
265 1846 390 1881 οὐρανὸς,
407 1846 470 1872 οὔτε
485 1847 498 1872 ὀ
515 1846 662 1881 ἀρχιερεὺς
677 1847 691 1872 ὁ
706 1846 834 1881 Χριστὸς,

56 1894 116 1921 ἀλλὰ
129 1894 293 1929 κέκρυπται,
317 1892 410 1928 ὥσπερ
430 1893 477 1919 καὶ
491 1893 521 1919 τὺ
535 1892 649 1918 παλαιὸν
664 1893 677 1919 ὸ
687 1892 834 1928 ἀρχιερεὺς

57 1938 242 1974 ἀπεκρύπτετο
257 1937 398 1970 εἰσελθὼν,
418 1937 463 1964 διὰ
485 1937 565 1964 τοῦτο
581 1937 622 1964 δεῖ
644 1937 763 1970 πίστεως
786 1946 835 1965 πε-

58 1983 235 2019 πληρωμένης
250 1982 299 2010 καὶ
315 1982 490 2010 ἁδιστάκτου.

93 2121 332 2156 Ἐρῤαντισμένοι
347 2121 402 2155 τὰς
417 2120 539 2155 καρδίας
556 2119 614 2148 ἀπὸ
631 2120 835 2155 συνειδήσεως

58 2168 193 2202 πονηρᾶς.
217 2168 310 2195 Είπὼν
331 2168 396 2202 περὶ
416 2166 544 2199 πίστεως,
564 2166 684 2194 δείκνυσι
705 2167 762 2200 νῦν,
793 2168 834 2194 ὅτι

887 244 969 264 causa
985 237 1101 264 exstitit.
1114 237 1178 264 Haec
1189 240 1280 264 autem
1300 236 1370 264 adeo
1384 236 1418 263 ad
1433 237 1514 264 vitam
1527 237 1613 271 ducit,
1643 243 1672 265 ut

885 287 912 310 et
928 283 986 318 ipsa
1006 282 1078 310 vivat
1096 286 1122 310 et
1134 286 1234 310 aeterna
1253 282 1299 310 sit.
1313 281 1374 315 Vel,
1394 283 1530 317 viventem,
1558 284 1672 319 perinde

887 328 1007 363 intellige
1024 333 1106 363 atque
1118 332 1265 361 recentem,
1284 335 1334 363 pro
1350 329 1410 356 viva
1434 333 1462 357 et
1488 331 1612 363 ﬂorente,
1638 331 1670 357 ad

886 375 1036 402 discrimen
1049 374 1177 401 introitus
1190 374 1223 401 ad
1233 380 1323 402 vetera
1334 380 1448 403 sancta:
1464 380 1588 405 mortuus
1598 377 1669 404 enim

887 421 932 448 illc
946 426 998 447 est.

923 466 976 494 Per
995 467 1120 500 velamen,
1139 467 1186 494 ltoc
1201 471 1240 495 est
1254 475 1360 494 carnem
1385 475 1473 495 suam.
1488 468 1608 495 lnitiavit
1623 477 1672 496 no.

887 514 929 541 bis
943 514 1015 541 viam
1032 515 1104 542 hanc
1133 514 1166 541 ad
1185 515 1271 542 cados
1299 515 1456 546 ducentem,
1485 522 1534 549 per
1560 524 1671 543 carnem

887 568 975 588 suam.
989 561 1105 594 Quando
1124 562 1197 589 enim
1213 561 1240 589 in
1256 568 1365 589 crucem
1388 568 1452 588 caro
1469 561 1576 588 sublata
1601 567 1671 594 erat,

886 612 913 634 et
932 607 958 634 in
975 607 1074 634 coelum
1090 612 1210 643 recepta,
1224 612 1281 635 tum
1302 607 1432 635 revelavit
1446 607 1526 635 nobis
1537 607 1671 636 cwlestia.

886 653 1033 689 Propterea
1049 658 1076 681 et
1092 659 1245 689 opportune
1278 654 1402 682 velamen
1431 661 1490 681 eam
1513 655 1671 689 appellavit.

886 700 959 727 Istud
974 701 1046 728 enim
1061 701 1202 736 proprium
1217 705 1259 728 est
1281 700 1439 733 velamenti,
1456 705 1484 727 ut
1500 708 1562 728 cum
1581 709 1673 728 remo-

886 751 944 773 tum
961 746 1052 780 fuerit,
1069 748 1170 774 revelet
1183 755 1243 781 qua:
1262 747 1317 774 sint
1333 747 1416 775 intus.

921 792 1004 820 Vens.
1019 793 1063 820 ‘2I.
1082 792 1115 820 Et
1126 792 1289 820 sacerdotem
1314 801 1438 827 magnum
1461 801 1539 827 super
1564 794 1672 821 (lanium

886 836 946 864 Dei.
967 836 1106 865 Habentes
1120 838 1246 866 videlicet
1261 838 1433 866 sacerdotem
1455 839 1563 873 quidem
1590 839 1672 867 Chri-

885 886 978 915 stum;
996 884 1107 910 domum
1129 891 1204 915 vero,
1234 892 1285 912 nos
1301 884 1405 916 ﬁdeles,
1419 885 1495 919 juxta
1515 885 1581 913 illud
1600 895 1606 914 :
1625 885 1674 913 1η-

886 927 1014 955 habitabo
1024 929 1051 955 in
1067 929 1143 963 ipsis,
1155 934 1179 956 et
1198 929 1368 958 inambulabo
1387 930 1413 957 in
1438 932 1490 960 eis.
1521 931 1580 966 Vel,
1599 933 1672 968 quod

886 982 949 1002 reor
965 982 1026 1003 esse
1042 976 1145 1010 potius,
1161 976 1260 1004 malum
1277 986 1283 1004 :
1303 977 1368 1005 illud
1384 978 1456 1006 enim
1470 982 1497 1006 ct
1513 984 1608 1007 sancta
1625 988 1674 1015 ap-

884 1019 979 1054 pellat,
998 1024 1024 1047 et
1040 1020 1067 1047 in
1079 1027 1112 1048 eo
1127 1019 1285 1048 Pontilicem
1297 1021 1453 1051 ministrare
1467 1024 1542 1055 dicit.
1561 1032 1610 1059 pro
1625 1033 1673 1053 no-

887 1064 929 1092 bis
946 1064 1073 1092 videlicet
1087 1065 1293 1094 intercedendo.

923 1109 1006 1138 \'sns.
1024 1110 1068 1138 2‘2.
1088 1111 1262 1139 Accedam“.
1279 1113 1319 1140 Ad
1332 1113 1396 1148 quid
1407 1114 1419 1141 ?
1429 1114 1468 1142 Ad
1481 1115 1560 1143 [idem
1575 1122 1601 1144 et
1615 1118 1672 1152 spi-

886 1156 1014 1183 ritualem
1039 1156 1143 1184 cultum
1162 1157 1225 1185 :vel
1241 1157 1275 1186 ad
1301 1159 1413 1192 omium,
1442 1161 1486 1188 ubi
1510 1167 1604 1191 noster
1631 1169 1673 1192 cst

885 1202 1020 1230 Pontifex.

923 1247 1004 1284 725
1020 1249 1086 1277 Cum
1104 1258 1162 1277 vero
1176 1251 1263 1278 corde.
1278 1251 1336 1280 Hoc
1347 1257 1399 1286 est,
1412 1259 1524 1289 experte
1535 1255 1601 1288 doli.
1618 1265 1672 1285 non

888 1296 980 1323 fucato
1010 1304 1071 1331 erga
1102 1296 1212 1330 fratres,
1245 1299 1287 1326 vel
1319 1299 1386 1326 nihil
1417 1300 1572 1334 besitantc,
1606 1304 1674 1332 nihil

887 1342 1054 1378 ambigente,
1085 1342 1153 1370 nihil
1179 1344 1323 1373 dubitante
1350 1345 1384 1374 de
1412 1346 1523 1381 futuris,
1551 1356 1583 1376 ac
1600 1359 1676 1385 ,pro-

887 1391 981 1423 pterea
1003 1387 1029 1415 in
1060 1389 1319 1424 pusillanimitatem
1344 1392 1494 1421 recidente.
1521 1393 1604 1422 infert
1624 1395 1679 1432 i51-

887 1438 949 1462 tur:

923 1479 956 1507 lu
970 1479 1136 1515 plenitudine
1154 1481 1227 1515 ﬁdei.
1249 1480 1335 1510 Docet
1361 1489 1412 1510 nos
1432 1491 1487 1519 quo
1516 1488 1596 1519 pacto
1620 1493 1674 1513 non

890 1523 976 1552 sitnus
988 1524 1155 1560 desponsuri
1165 1525 1299 1559 animum,
1317 1534 1426 1562 nempe,
1447 1527 1470 1555 si
1481 1527 1543 1556 ﬁdei
1557 1529 1676 1563 plenitu-

890 1570 980 1598 dinem
1000 1570 1188 1603 habuerimus,
1216 1571 1266 1598 hoc
1283 1576 1336 1604 est,
1357 1572 1437 1600 ﬁdem
1456 1579 1675 1602 consummatam

889 1619 916 1643 et
936 1615 1180 1650 perfectissimam.
1194 1614 1260 1643 Nam
1281 1616 1340 1644 ﬁeri
1363 1621 1454 1652 potest
1470 1623 1500 1646 ut
1527 1619 1674 1654 quisquam

889 1661 994 1693 credat,
1009 1668 1064 1688 non
1085 1666 1174 1689 tamen
1192 1662 1219 1689 in
1233 1662 1401 1696 plenitudine
1419 1671 1426 1691 :
1443 1665 1674 1698 quemadmodum

889 1705 1017 1734 nonnulli
1037 1706 1132 1734 dicunt
1147 1706 1328 1742 quorumdam
1351 1707 1472 1736 l‘uturam
1491 1712 1675 1738 resurrectio-

890 1760 964 1786 nem,
982 1753 1165 1788 quorumdam
1192 1761 1257 1780 vero
1283 1761 1338 1782 non
1364 1755 1494 1784 futuram.
1519 1756 1581 1785 Ιῐιεο
1609 1766 1675 1785 sane

889 1805 944 1826 non
959 1802 1001 1826 est
1023 1798 1102 1833 plena
1117 1797 1195 1832 ﬁdes,
1211 1798 1258 1826 sed
1274 1798 1442 1834 imperfecta.
1459 1800 1488 1828 ln
1505 1801 1676 1835 plenitudine

890 1845 972 1880 igitur
991 1844 1051 1872 ﬁdei
1069 1844 1242 1872 accedamus.
1260 1845 1487 1882 Quandoquidem
1509 1849 1580 1875 enim
1606 1849 1676 1876 nihil

890 1891 980 1919 oculis
1006 1891 1109 1919 nostris
1139 1891 1295 1926 subjectum
1331 1897 1384 1925 est,
1421 1901 1509 1928 neque
1543 1895 1675 1930 templum

890 1937 979 1972 ipsum
995 1936 1106 1968 ccelum,
1125 1943 1212 1971 neque
1229 1936 1350 1971 pontifex
1362 1937 1499 1969 Christus,
1516 1939 1562 1966 sed
1582 1939 1675 1966 abdita

889 1986 966 2016 sunt,
987 1982 1026 2009 uti
1041 1982 1104 2010 olim
1118 1981 1241 2016 pontifex
1264 1982 1406 2017 ingressus
1427 1982 1454 2010 in
1469 1988 1564 2010 sancta
1580 1984 1675 2010 occul-

889 2029 1020 2062 tabalur;
1038 2033 1180 2063 propterea
1200 2035 1268 2063 opus
1280 2031 1324 2056 cst
1349 2028 1402 2056 tide
1416 2029 1537 2064 perlecta
1552 2035 1578 2057 et
1592 2030 1674 2057 indu-

889 2075 985 2103 bitata.

925 2121 1033 2155 Asperat
1053 2118 1134 2147 corda
1149 2127 1166 2146 α
1180 2118 1341 2146 conscientia
1369 2119 1451 2146 mala.
1469 2120 1536 2148 Cum
1562 2121 1596 2148 de
1622 2121 1675 2149 ﬁde

890 2169 1003 2197 loculus
1016 2171 1100 2199 esset,
1114 2172 1188 2193 nunc
1203 2164 1323 2192 ostendit
1337 2173 1390 2193 non
1406 2165 1491 2193 solam
1507 2166 1599 2198 lldern,
1626 2175 1675 2194 ve—

57 2214 84 2240 οὐ
99 2214 186 2246 πίστις
204 2215 285 2250 μόνη,
311 2214 380 2240 ἀλλὰ.
394 2214 443 2241 καὶ
468 2213 524 2248 βίος
548 2213 674 2249 ἐνάρετος
700 2212 834 2249 ζητεῖται.

926 2222 951 2242 m
964 2214 1045 2242 etiam
1055 2213 1138 2240 vitam
1159 2212 1306 2240 virtutibus
1319 2217 1443 2240 ornatam
1463 2212 1574 2248 requiri.
1587 2211 1676 2241 Judari

64 2259 175 2286 Ἰουδαῖοι
199 2259 250 2294 μὲν
274 2256 320 2286 οὖν
344 2259 374 2286 τὸ
396 2258 476 2294 σῶμα.
495 2258 697 2294 ὲῤῥαντίζοντο,
711 2259 790 2294 ἡμεῖς
807 2260 837 2286 δὲ

59 2307 100 2337 τὰς
122 2307 247 2341 καρδίας,
262 2305 332 2332 ὥστε
352 2306 435 2341 μηδὲν
450 2306 557 2336 ἑαυτοῖς
580 2305 731 2333 συνειδέναι
747 2314 831 2341 πονη-

62 2352 110 2386 ράν.
134 2352 385 2388 Ῥαντισθησόμεθα
401 2352 428 2378 δὲ
446 2352 516 2386 αὐτῇ
532 2352 566 2386 τῇ
583 2351 678 2386 ἀρετῇ,
695 2351 712 2386 ἦ
735 2352 783 2378 καὶ
803 2351 836 2386 τῇ

60 2399 141 2432 χάριτι
166 2398 215 2425 τοῦ
241 2398 411 2433 Πνεῦματος,
434 2398 482 2424 τοῦ
502 2398 629 2431 ἀφιέντος
651 2399 717 2432 ἡμῖν
741 2399 770 2424 ἐν
799 2399 838 2433 τῷ

60 2443 155 2480 λουτρῷ
170 2445 221 2475 τὰς
245 2444 393 2479 ἁμαρτίας,
411 2444 458 2470 καὶ
479 2443 681 2479 ὲνισχὺσαντος,
703 2443 772 2471 ὥστε
791 2445 838 2472 ἐὰν

62 2491 259 2524 σπουδάσωμεν,
276 2490 373 2525 μηκέτι
388 2491 445 2521 τοῖς
461 2490 554 2521 αὐτοῖς
570 2490 755 2524 περιπίπτειν.

90 2536 140 2563 Kal
164 2536 342 2570 λελουμένοι
370 2536 404 2562 τὸ
430 2536 517 2570 σῶμα
543 2535 628 2562 ῡδιιτι
648 2535 775 2569 καθαίῷ.
794 2535 839 2571 Τῷ

61 2580 102 2607 τοῦ
132 2581 338 2616 βαπτίσματος·
364 2580 479 2615 καθαρῷ
505 2580 553 2613 δὲ,
587 2581 604 2615 ἦ
634 2579 672 2615 τῷ
703 2581 840 2616 καθαροὺς

61 2625 184 2658 ποιοῦντι,
198 2625 216 2660 ἦ
229 2626 267 2660 τῷ
285 2625 325 2662 μὴ
342 2625 431 2660 ἔχοντι
441 2623 512 2660 αἷμα
530 2625 742 2660 μεμιγνυμένον,
755 2626 792 2658 ὡς
807 2627 837 2652 τὸ

61 2671 168 2697 παλαιὸν
179 2672 211 2698 τὺ
221 2672 268 2706 τῆς
285 2671 393 2698 σποδοῦ.
408 2671 438 2697 Ei
453 2672 522 2705 τάχα
537 2671 591 2706 γὰρ
607 2670 623 2705 ἡ
641 2670 669 2696 ἐν
679 2670 718 2706 τῷ
733 2671 836 2707 λουτρῷ

61 2717 132 2751 χάρις
151 2717 198 2743 τοῦ
214 2717 370 2752 Πνεύματος
390 2717 437 2744 καὶ
453 2717 542 2752 ψυχὰς
565 2716 701 2753 καθαίρει,
718 2718 791 2752 dum;
808 2719 838 2744 τὸ

61 2763 149 2796 ὁρατὸν
178 2763 218 2796 τῷ
245 2762 335 2799 ὁρατῷ
346 2763 371 2779 ³⁸
401 2762 516 2790 ἐνταῦθα
545 2762 652 2795 Παῦλος
679 2763 836 2796 συνέταξεν.

890 2260 1000 2296 quidem
1016 2265 1132 2293 corpore
1148 2257 1411 2292 conspergebantur,
1429 2265 1479 2285 nos
1503 2265 1568 2285 vero
1581 2258 1674 2290 corde,

890 2311 920 2334 ut
940 2305 1007 2333 nihil
1020 2305 1083 2332 mali
1101 2303 1180 2332 nobis
1203 2303 1306 2330 conscii
1327 2303 1424 2331 simus.
1456 2302 1676 2339 Couspcrgemur

890 2357 980 2380 autem
996 2355 1022 2378 et
1040 2351 1099 2385 ipsa
1115 2350 1225 2381 virtute,
1243 2349 1286 2376 vel
1307 2349 1395 2384 gratia
1419 2349 1552 2383 Spiritus,
1569 2350 1613 2384 qui
1633 2357 1677 2376 rc-

892 2398 968 2426 misit
993 2396 1072 2424 nobis
1089 2397 1117 2423 in
1131 2396 1294 2430 baptismate
1312 2399 1434 2429 peccata,
1461 2400 1487 2422 et
1509 2396 1674 2423 couforlavit

893 2451 953 2476 nos,
970 2447 999 2469 ut
1015 2442 1038 2469 si
1056 2441 1176 2468 aubnum
1198 2441 1407 2473 adverterimus,
1429 2448 1483 2468 non
1500 2448 1583 2476 porro
1600 2441 1626 2468 in
1642 2449 1674 2469 ea

889 2487 1053 2516 recidamus.
1366 2518 1371 2523 .

925 2534 1010 2562 Vens.
1027 2533 1073 2560 25.
1092 2531 1125 2558 Et
1138 2531 1223 2558 abluti
1239 2539 1333 2565 corpus
1351 2539 1420 2566 aqua
1430 2539 1507 2566 pura.
1522 2531 1676 2567 Baptisma-

892 2582 925 2608 tis
941 2581 1046 2607 scilicrl.
1065 2588 1071 2606 :
1088 2586 1154 2614 pura
1179 2584 1255 2611 vero,
1274 2577 1314 2605 vel
1341 2578 1412 2612 quod
1429 2586 1513 2613 puros
1543 2579 1618 2612 facit,
1634 2580 1676 2606 rel

893 2626 1034 2662 quodnon
1062 2626 1158 2651 habeat
1175 2623 1326 2652 admixtum
1354 2625 1525 2659 sanguinem,
1554 2629 1585 2652 ut
1610 2625 1676 2652 olim

892 2675 999 2702 cinerea
1015 2672 1073 2698 illa.
1090 2671 1146 2698 Etsi
1170 2670 1242 2698 enim
1268 2670 1355 2706 gratia
1385 2669 1503 2704 Spiritus
1523 2671 1550 2698 in
1568 2671 1675 2705 baptis-

893 2724 964 2746 mate
981 2719 1086 2745 animas
1113 2721 1220 2752 purget,
1247 2715 1354 2744 visibile
1380 2721 1470 2743 tamen
1502 2716 1545 2743 hic
1575 2717 1677 2744 \‘isibili

893 2763 993 2790 Paulus
1004 2761 1154 2797 conjunxit.
1180 2759 1319 2795 Siquidem
1347 2760 1374 2787 in
1404 2760 1463 2794 ipso
1496 2766 1545 2787 usu
1572 2760 1677 2796 baptis-

750 2822 851 2853 Variae
868 2821 1031 2854 lectiones.

92 2856 224 2893 “dopa’tttp
239 2865 265 2885 ο.

197 2907 333 2936 PATROL.
358 2905 418 2936 Gn.
435 2906 559 2938 CXXV.

1465 2902 1499 2934 11
