1880 3055
59 143 104 177 329

415 138 618 170 EXPOSITIO
638 139 678 170 IN
700 138 818 169 EPIST.
847 138 896 168 AD
916 137 1110 168 HEBRIEOS.
1128 150 1163 155 -
1181 138 1262 168 CAP.
1277 137 1314 168 X.

1613 138 1665 169 330

60 200 106 230 τοῖς
121 195 200 230 αὐτὴν
210 193 438 231 παραδεχομένοις
449 194 565 222 θανάτου
582 194 658 222 αἰτία
669 195 828 222 καθίστατο.

919 202 970 221 tum
983 201 1036 221 non
1053 193 1145 226 habet,
1163 193 1210 221 sed
1225 193 1442 228 suscipientibus
1458 193 1545 228 ipsam
1572 195 1668 222 mortis

59 245 122 279 Αὕτη
130 244 155 270 δὲ
166 242 292 269 τοσοῦτον
302 242 341 272 εἰς
351 240 423 276 ζωὴν
435 241 524 276 φέρει,
534 241 575 268 ὅτι
584 241 632 268 καὶ
642 240 710 277 αὐτὴ
723 240 756 277 ζῇ
781 241 830 268 καὶ

59 289 201 322 διαιωνίζει.
223 288 259 315 Ἦ
274 287 314 321 τὸ,
331 287 438 318 ζῶσαν,
458 287 558 322 ὁμοίως
571 287 667 322 νόησον
678 287 728 322 τῷ,
745 287 830 322 πράσ-

60 345 141 370 ᾳιτον,
155 334 214 361 ἀντὶ
232 334 291 367 τοῦ,
304 334 367 360 νέαν
381 333 428 360 καὶ
443 333 605 365 θάλλουσαν,
618 333 655 365 ὼς
668 333 737 368 πρὸς
755 334 828 360 ἀντι-

59 382 184 414 διαστολὴν
199 382 249 416 τῆς
279 382 318 413 εἰς
337 381 371 408 τὰ
399 380 503 408 παλαιὰ
522 381 589 415 ἅγια
604 381 718 407 εἰσόδου·
736 380 827 416 ἐκείνη

58 430 103 464 γὰρ
116 427 286 463 νενέκρωται.

87 474 132 500 Διὰ
148 474 197 500 τοῦ
210 471 487 508 καταπετάσματος,
510 472 646 500 τουτέστι
678 471 734 507 τῆς
755 480 828 506 σαρ-

58 519 205 553 κός-αὐτοῦ.
226 520 408 546 Ἐνεκαίνισον
426 520 492 555 ἡμῖν
510 519 560 554 τὴν
585 518 644 546 ὁδὸν
665 519 766 554 ταύτην
779 519 828 553 τὴν

59 569 92 598 εἰς
101 566 218 601 οὐρανὸν,
231 565 276 592 διὰ
292 565 340 601 τῆς
357 565 458 600 σαρκὸς
476 564 574 592 αὑτοῦ·
586 565 630 592 ὅτε
645 564 699 600 γὰρ
712 564 783 600 ᾗρθη
800 565 828 590 ὲν

60 613 91 647 τῷ
103 611 205 647 σταυρῷ
228 611 314 646 αὕτη,
337 611 385 638 καὶ
409 610 560 646 ἀνελήφθη,
577 611 638 637 τότε
652 610 828 645 ἀπεκάλυψεν

58 659 114 692 ἡμῖν
125 657 156 682 τὰ
173 657 293 691 οὐράνια.
317 657 363 683 Διὸ
391 657 439 684 καὶ
465 657 601 692 εὐκαίρως
627 657 828 692 καταπέτασμα

59 702 130 736 αὐτὴν
151 702 273 729 ἐκάλεσε.
300 702 386 729 Τοῦτο
403 702 458 738 γὰρ
473 702 538 729 ἴδιον
552 702 598 729 τοῦ
614 702 829 736 καταπετάσμα-

57 757 103 780 τος,
113 749 149 780 τὸ,
164 749 226 775 ὅταν
240 749 324 784 ἀρθῇ,
340 749 543 776 ἀνακαλύπτειν
555 749 588 775 τὰ
601 748 685 776 ἔνδον.

87 793 134 819 Καὶ
159 794 237 827 ἱερέα
265 794 373 828 μέγαν,
398 793 447 820 ἐπὶ
473 793 528 820 τὸν
546 791 631 820 οἶκον
655 793 723 820 τοῦ,
743 793 826 820 Θεοῦ.

58 840 170 874 Ἔχοντες
191 839 292 875 δηλαδὴ
318 839 392 875 ιερὲα
417 840 466 874 μὲν
485 839 530 865 τδν
550 839 678 874 Χριστδν,
696 837 769 866 οἷκον
787 839 826 871 δὲ,

57 885 118 919 ἡμᾶς
132 885 191 917 τοὺς
207 886 332 917 πιστοὺς,
344 885 414 911 κατὰ
434 885 478 911 τό⁴
502 884 665 919 Ἐνοικήσω
679 885 713 911 ἐν
728 885 830 917 αὐτοῖς
845 874 867 903 Β

57 930 97 956 καὶ
109 930 345 964 ἐμπεριπατήσω.
362 930 396 957 Ἣ
413 931 482 965 ὅπερ
495 928 572 966 οἶμαι
590 931 700 966 μᾶλλον,
713 931 758 958 τὸν
784 932 830 959 οὖ-

59 977 142 1010 ρινόν·
159 977 262 1003 ἐκεῖνον
286 977 340 1012 γὰρ
356 979 402 1003 καὶ
415 976 499 1011 ’Ἅγια
524 977 611 1010 καλεῖ,
627 977 673 1004 καὶ
689 978 717 1004 ὲν
734 977 831 1012 ἐκείνῳ

57 1023 208 1058 imo-amen
221 1023 268 1050 τδν
295 1024 322 1050 Ἀ
329 1023 439 1059 ρχιερέα
454 1023 539 1057 λέγει,
555 1023 626 1059 ὑπὲρ
640 1025 655 1059 ή
661 1024 720 1058 μῶν
733 1024 831 1059 ἐντυγ-

57 1069 168 1102 χὰ-ιοντα.

87 1114 326 1150 Προσερχὼμεθα.
338 1115 414 1148 Τίνι;
428 1116 460 1152 τῇ
474 1115 575 1148 πίστει,
592 1116 639 1143 καὶ
651 1116 685 1152 τῇ
706 1124 831 1151 πνευμαο

56 1163 108 1196 τικῇ
123 1161 255 1198 λατρεία·
285 1162 302 1197 ἢ
332 1161 371 1198 τῷ
397 1161 518 1198 οὐρανῷ,
546 1161 610 1189 ἔνθα
636 1162 651 1188 ὁ
673 1161 831 1198 ’Δρχιερεὺς

56 1207 132 1242 ἡμῶν.

84 1252 157 1279 Μετὰ
183 1252 334 1288 ἀληθινῆς
374 1253 508 1288 καρδίας.
539 1253 685 1281 Tauris-rw
721 1252 826 1285 ἀδόλου,

55 1299 223 1335 ἀνυποκρίτου
251 1299 321 1336 πρὸς
345 1299 408 1331 τοὺς
435 1300 586 1335 ἀδελφοὺς,
613 1300 631 1336 ἢ
656 1299 830 1332 ἀδιστάκτου,

58 1344 128 1379 μηδὲν
143 1344 379 1380 άμφιὸαλλοὺσης,
394 1345 477 1381 μηδὲν
495 1345 686 1382 ὲνδοιαζούσης
702 1345 832 1381 περὶτῶν

57 1390 205 1424 μελλόντων,
231 1391 281 1418 καὶ
300 1391 344 1418 διὰ
359 1391 439 1418 τοῦτο
463 1391 696 1428 μικροψυχοῶης.
717 1391 831 1425 Ἐπάγει

54 1435 93 1463 οὖν
108 1444 114 1452 ·

88 1484 135 1510 Ἑν
155 1482 346 1517 πληροφορίᾳ
367 1482 510 1516 πίστεως.
532 1483 657 1511 Διδάσκει
677 1485 751 1520 ἡμᾶς
773 1486 832 1518 πῶς

55 1529 80 1556 οὗ
98 1529 348 1565 μικροψυχήσομεν,
376 1528 424 1555 ἐὰν
445 1529 633 1565 πληροφορίαν
658 1530 766 1566 ἔχωμεν
787 1532 831 1557 πί·
845 1544 867 1575 C

56 1584 139 1608 σιεω;,
156 1577 293 1608 τουτέστι,
320 1575 410 1602 πίστιν
433 1575 644 1612 ἀπηρτισμένην
665 1577 713 1603 καὶ
730 1577 832 1604 τελειο-

55 1623 139 1656 τάτην.
159 1622 238 1648 Ἔστι
252 1621 308 1656 γὰρ
321 1620 461 1647 πιστεύειν
474 1621 534 1656 μὲν,
553 1620 603 1648 οὐκ
615 1623 644 1648 ἐν
659 1621 844 1659 πληροψορίᾳ’

55 1668 86 1694 δέ.
100 1669 201 1703 Ὠσπερ
217 1667 290 1698 τινὲς
307 1667 443 1701 λέγουσιν,
459 1667 500 1694 ὃτι
514 1667 594 1694 ἐνίων
610 1668 660 1703 μὲν
677 1668 752 1695 ἔσται
767 1669 832 1696 ἀνά-

56 1723 147 1746 στασις,
167 1714 250 1741 τινῶν
267 1714 295 1740 δὲ
309 1714 358 1740 οὐκ
373 1713 448 1740 ἔσται
459 1721 466 1729 ⁸
486 1713 566 1741 τοῦτο
582 1714 632 1741 οὐκ
652 1713 710 1741 ἔστι
724 1715 832 1751 πλήρης

56 1759 146 1790 πίστις,
169 1758 228 1786 ἀλλ’
253 1758 364 1792 ἀτελής.
385 1758 429 1784 Ἐν
451 1757 623 1794 πληροφορίᾳ
646 1755 692 1784 οὖν
712 1757 831 1790 πίστεως

56 1804 273 1840 προσερχώμεθα.
303 1803 412 1838 Ἐπειδὴ
438 1803 492 1838 γὰρ
516 1803 592 1830 οὐδέν
616 1804 689 1830 ἐστιν
720 1803 830 1839 ὁρατὸν,

55 1851 107 1877 οὔτε
122 1852 135 1877 ὸ
151 1850 212 1881 vae;
230 1851 245 1876 6
260 1849 386 1884 οὐρανὸς,
402 1849 465 1876 οὔτε
481 1849 494 1875 ὁ
510 1850 658 1884 ἀρχιερεὺς
673 1850 687 1876 ὁ
702 1850 829 1885 Χριστὸς,

55 1897 112 1923 ἀλλὰ
124 1897 290 1932 κέκρυπται,
312 1896 406 1931 ὥσπερ
427 1897 473 1923 καὶ
486 1896 516 1922 τὸ
530 1895 644 1922 παλαιὸν
660 1896 673 1922 ὁ
683 1896 830 1932 ἀρχιερεὺς

55 1941 237 1977 ἀπεκρύπτετο
252 1941 393 1973 εἰσελθὼν,
414 1941 459 1967 διὰ
481 1940 561 1968 τοῦτο
577 1940 618 1967 δεῖ
639 1941 758 1973 πίστεως
781 1950 830 1968 πε-

56 1986 229 2022 πληρωμένης
245 1985 295 2013 καὶ
310 1985 486 2013 ἅδιστάχτου.

90 2124 327 2160 Ἔρῤαι-τισμένοι
343 2124 397 2158 τὰς
413 2123 534 2158 καρδίας
552 2123 610 2152 ἀπὸ
626 2123 830 2159 συνειδήσεως

56 2171 188 2205 πονηρᾶς.
211 2172 306 2198 Εἰπὼν
327 2171 391 2206 περὶ
411 2170 540 2203 πίστεως,
560 2169 679 2197 δείκνυσι
701 2170 757 2204 νῦν,
788 2171 830 2198 ὅτι

884 248 965 268 causa
982 240 1098 268 exstitit.
1112 240 1175 268 [huc
1185 244 1277 268 autem
1297 239 1366 267 adeo
1381 240 1415 267 ad
1429 241 1511 268 vitam
1523 241 1610 274 ducit,
1640 247 1668 269 ut

882 290 909 314 et
925 287 983 321 ipsa
1002 286 1075 313 vivat
1093 290 1120 314 et
1131 290 1231 314 aeterna
1250 286 1295 314 sit.
1309 284 1370 320 Vel,
1390 287 1527 321 virentem,
1555 288 1669 323 perinde

884 332 1004 366 intellige
1020 337 1102 367 atque
1115 336 1262 364 recentem,
1281 339 1330 367 pro
1347 332 1406 360 viva
1431 337 1458 360 et
1484 335 1609 367 florente,
1635 335 1667 361 ad

882 378 1032 406 discrimen
1046 378 1174 405 introitus
1187 377 1220 405 ad
1229 383 1320 405 vetera
1330 384 1444 407 saneta:
1460 384 1585 408 mortuus
1594 381 1666 408 cnim

884 424 929 452 ille
943 429 994 451 cst.

919 470 973 497 Per
992 471 1117 504 velamen,
1136 471 1183 497 ltoc
1197 474 1236 498 est
1251 479 1357 498 carnem
1382 479 1470 499 suam.
1485 472 1605 499 lnitiavit
1619 481 1669 499 no-

883 517 926 545 bis
939 518 1012 545 viam
1029 518 1101 545 hanc
1130 518 1163 545 ad
1181 518 1267 546 ccelos
1295 518 1452 550 ducentem,
1482 526 1530 553 per
1557 527 1668 547 carnem

883 572 972 592 suam.
986 564 1102 597 Quando
1121 565 1194 592 enim
1210 565 1237 592 in
1253 571 1362 592 crucem
1384 572 1448 592 caro
1465 565 1573 592 sublata
1597 571 1667 598 erat,

882 615 909 638 et
929 611 955 637 iu
972 611 1071 638 caelum
1087 616 1207 646 recepta,
1220 616 1278 639 tum
1299 611 1428 639 revelavit
1443 611 1522 638 nobis
1533 611 1667 640 caelestia.

882 655 1029 692 Propterea
1045 662 1072 685 et
1089 663 1242 692 opportune
1274 658 1399 685 velamen
1428 665 1487 685 eam
1509 658 1667 693 appellavit.

883 703 955 731 Istud
971 704 1043 731 enim
1058 704 1198 739 propriqu
1214 709 1256 732 est
1278 704 1435 737 velamenti,
1452 709 1480 731 ut
1496 712 1558 732 curn
1578 713 1670 733 remo-

883 754 940 776 tum
958 749 1049 783 fuerit,
1065 751 1166 778 revelet
1179 758 1239 785 qua:
1259 750 1313 778 sint
1329 751 1412 778 intus.

918 795 1000 823 Vens.
1015 797 1059 824 2|.
1078 796 1111 823 Et
1122 796 1285 824 sacerdotem
1310 805 1434 831 magnum
1458 805 1536 831 super
1561 798 1669 826 domum

882 839 942 867 Dei.
964 839 1102 869 Habentes
1117 842 1242 869 videlicet
1257 842 1429 869 sacerdotem
1451 843 1559 877 quidem
1586 844 1669 871 Chri—

881 889 974 918 stum;
993 887 1103 914 domum
1125 895 1200 919 vero,
1230 895 1281 915 nos
1297 887 1401 920 ﬁdeles,
1415 888 1492 922 juxta
1512 889 1577 917 illud
1596 899 1602 918 :
1621 890 1670 917 In-

882 930 1010 959 habitabo
1020 932 1048 959 in
1063 933 1139 966 ipsis,
1151 937 1176 960 et
1194 933 1365 962 inambulabo
1383 934 1410 960 in
1435 936 1487 963 eis.
1517 935 1576 969 Vel,
1596 938 1668 972 quod

883 986 945 1006 reor
961 985 1022 1006 esse
1038 979 1141 1014 potius,
1157 979 1256 1007 cwlum
1273 990 1279 1007 :
1299 981 1364 1009 illud
1380 983 1453 1010 enim
1467 987 1493 1010 et
1509 988 1604 1011 sancta
1621 992 1670 1019 ap-

880 1024 975 1058 pellat,
994 1028 1021 1051 et
1036 1023 1063 1050 in
1075 1031 1109 1051 eo
1123 1022 1281 1052 Pontificem
1294 1025 1449 1055 ministrare
1464 1028 1538 1060 dicit,
1557 1037 1606 1064 pro
1622 1037 1670 1057 no-

883 1068 925 1096 bis
942 1068 1069 1096 videlicet
1083 1069 1289 1098 intercedendo.

919 1112 1002 1142 \'zns.
1020 1114 1065 1142 22.
1084 1115 1258 1144 Accedamus.
1275 1116 1316 1144 Ad
1328 1117 1393 1153 quid
1404 1119 1415 1145 ?
1425 1119 1464 1146 Ad
1477 1119 1556 1147 fidem
1571 1126 1598 1149 et
1612 1122 1668 1157 spi-

882 1160 1010 1187 ritualem
1035 1160 1139 1188 cultum
1158 1161 1221 1189 :vel
1237 1162 1271 1190 ad
1297 1163 1410 1197 uelum,
1438 1166 1483 1192 ubi
1506 1171 1600 1195 uoster
1627 1173 1669 1196 est

881 1205 1016 1234 Pontifex.

919 1252 1000 1288 725
1016 1253 1082 1281 Cum
1099 1262 1158 1281 vero
1172 1255 1259 1283 corde.
1274 1255 1331 1284 Hoc
1343 1261 1395 1290 est,
1408 1264 1519 1294 experte
1531 1259 1597 1292 doli.
1614 1269 1668 1289 non

884 1299 976 1327 fucato
1006 1308 1067 1335 erga
1099 1300 1207 1336 fratres,
1241 1303 1283 1330 vel
1315 1304 1382 1331 nihil
1413 1305 1567 1339 lnesitantc,
1602 1308 1670 1336 nihil

883 1345 1051 1381 ambigente,
1081 1347 1150 1374 nihil
1174 1348 1319 1377 dubitante
1345 1350 1380 1378 de
1408 1350 1519 1385 futuris,
1547 1361 1579 1381 ac
1596 1363 1672 1390 spro-

883 1395 978 1426 pterea
999 1392 1025 1419 in
1056 1393 1314 1428 pusillanimitatem
1339 1396 1491 1425 recidente.
1517 1397 1600 1426 Infert
1620 1399 1675 1436 igi-

883 1442 945 1465 tur:

919 1483 952 1511 In
966 1483 1132 1519 plenitudine
1150 1485 1223 1519 ﬁdei.
1245 1485 1331 1514 Docet
1357 1494 1408 1514 nos
1428 1495 1483 1523 quo
1512 1492 1592 1524 pacto
1616 1497 1669 1517 non

886 1527 972 1556 simus
984 1528 1295 1563 desponsurianimmn,
1313 1538 1421 1566 nempe,
1442 1531 1465 1559 si
1477 1531 1539 1559 ﬁdei
1552 1533 1672 1567 plenitu-

886 1574 976 1601 dinem
995 1574 1185 1607 habuerimus,
1212 1575 1262 1602 hoc
1278 1579 1331 1608 est,
1353 1576 1432 1604 fidem
1452 1583 1671 1607 consummatam

885 1623 912 1647 et
932 1619 1175 1654 perfectissimam.
1190 1618 1256 1647 Nam
1276 1620 1336 1648 fieri
1359 1625 1450 1656 potest
1466 1627 1496 1650 ut
1523 1623 1669 1658 quisquam

885 1665 990 1696 credat,
1005 1673 1060 1693 non
1081 1670 1169 1693 tamen
1188 1665 1215 1693 in
1228 1666 1396 1701 plenitudine
1414 1674 1422 1695 :
1438 1669 1670 1702 quemadmodum

885 1710 1012 1737 nonnulli
1033 1710 1128 1738 dicunt
1142 1711 1323 1746 quorumdam
1346 1711 1468 1740 futuram
1486 1717 1671 1742 resurrectio-

886 1765 960 1790 nem,
978 1757 1160 1792 quorumdam
1187 1765 1252 1785 vero
1279 1765 1332 1786 non
1359 1759 1489 1788 futuram.
1515 1760 1577 1789 llaec
1605 1770 1671 1790 sane

884 1809 939 1830 non
954 1806 997 1829 est
1019 1801 1098 1837 plena
1113 1801 1191 1835 fides,
1207 1802 1254 1830 sed
1270 1802 1437 1838 imperfecta.
1454 1804 1483 1832 ln
1501 1805 1671 1840 plenitudine

885 1849 968 1884 igitur
986 1848 1047 1876 fidei
1065 1848 1237 1876 accedamus.
1255 1849 1482 1886 Quandoquidem
1504 1853 1576 1880 enim
1602 1853 1671 1881 nihil

885 1895 976 1923 oculis
1001 1895 1105 1923 nostris
1135 1895 1291 1930 subjectum
1327 1901 1380 1929 est,
1416 1905 1504 1933 neque
1539 1900 1669 1935 templum

885 1941 975 1976 ipsum
991 1940 1102 1972 malum,
1121 1947 1208 1974 neque
1224 1940 1345 1975 pontifex
1357 1941 1494 1973 Christus.
1511 1944 1557 1970 sed
1577 1944 1670 1971 abdita

885 1990 961 2019 sunt,
982 1986 1021 2013 uti
1036 1985 1100 2013 olim
1114 1985 1236 2020 pontifex
1259 1986 1402 2021 ingressus
1422 1986 1449 2014 in
1463 1993 1559 2014 sancta
1575 1989 1670 2016 occul-

884 2033 995 2060 tabatur
1008 2041 1016 2066 ;
1033 2037 1176 2067 propterea
1195 2039 1264 2067 opus
1275 2036 1319 2059 cst
1344 2032 1397 2060 ﬁde
1411 2033 1532 2068 perfecta
1547 2039 1573 2061 et
1588 2034 1668 2062 indu-

884 2079 980 2107 bitata.

920 2124 1028 2159 Aspersi
1048 2122 1130 2151 corda
1145 2131 1161 2150 α
1175 2123 1337 2150 conscientia
1364 2123 1446 2150 mata.
1464 2123 1532 2152 Cum
1557 2125 1591 2152 de
1618 2125 1669 2153 fide

886 2173 998 2201 locutus
1012 2175 1096 2203 esset,
1110 2176 1183 2197 nunc
1197 2168 1318 2196 ostendit
1332 2177 1385 2197 non
1402 2169 1486 2197 solum
1503 2169 1594 2202 ﬁdem,
1621 2179 1670 2198 ve-

56 2218 80 2242 οῡ
95 2217 180 2249 πίστις
199 2218 281 2253 μόνη,
306 2217 375 2244 ἀλλὰ
389 2217 438 2244 καὶ
463 2215 519 2252 βίος
543 2217 670 2252 ῐνάρετος
696 2215 830 2252 ζητεῖται.

921 2226 946 2245 m
959 2218 1040 2246 etiam
1050 2217 1133 2244 vitam
1154 2216 1301 2243 virtutibus
1314 2221 1438 2244 ornatam
1458 2216 1569 2252 requiri.
1582 2216 1670 2245 Judzei

62 2263 170 2289 Ἰουδαῖοι
193 2263 244 2297 μὲν
269 2260 316 2288 οὖν
339 2262 369 2289 τὸ
391 2261 471 2297 σῶμα
490 2261 692 2297 ὲρραντίζοντο,
707 2263 785 2297 ἡμεῖς
802 2263 832 2290 δὲ

57 2309 96 2340 τὰς
117 2310 241 2344 καρδίας,
256 2309 328 2336 ὥστε
347 2309 430 2344 μηδὲν
446 2310 552 2339 ἑαυτοῖς
576 2308 726 2335 συνειδέναι
742 2318 826 2344 πονη-

60 2355 106 2388 ρόν.
129 2355 380 2390 Ῥαντισοησὸμεθα
396 2355 424 2381 δὲ
441 2355 511 2389 αὐτῇ
527 2355 561 2389 τῇ
578 2355 673 2390 ἀρετῇ,
690 2355 707 2390 ἢ
731 2355 778 2381 καὶ
798 2355 831 2390 τῇ

58 2401 136 2435 χάριτι
160 2402 209 2428 τοῦ
236 2401 406 2436 Πνεύματος,
429 2401 476 2427 τοῦ
497 2401 624 2434 ἀφιέντος
646 2402 712 2436 ἡμῖν
736 2402 765 2428 ἐν
794 2402 834 2437 τῷ

58 2446 150 2483 λουτρῷ
164 2448 215 2478 τὰς
239 2447 388 2482 ἁμαρτιας,
406 2447 454 2474 καὶ
474 2446 676 2482 ἐνισχύσαντος,
698 2447 768 2474 ὥστε
786 2448 833 2475 ἐὰν

59 2494 254 2528 σπουξάσωμεν,
271 2493 369 2528 μηκέτι
383 2494 439 2524 τοῖς
456 2493 550 2524 αὐτοῖς
565 2493 750 2528 περιπίπτειν.

86 2539 135 2566 Καὶ
158 2539 337 2574 λελουμένοι
366 2539 398 2565 τὸ
425 2539 511 2573 σῶμα
538 2538 624 2565 {Idan
644 2538 770 2572 καθαίῷ.
789 2539 834 2574 Τῷ

58 2583 99 2609 τοῦ
127 2584 333 2619 βαπτίσματοςσ
359 2583 473 2618 καθαρῷ
499 2584 548 2616 δὲ,
582 2583 599 2618 ῆ
630 2583 667 2619 τῷ
698 2584 834 2620 καθαροὺς

59 2628 178 2662 ποιοῦντι,
192 2629 210 2663 ἢ
223 2629 262 2664 τῷ
280 2628 320 2664 μὴ
337 2628 425 2664 ἔχοντι
436 2627 506 2664 αἷμα
524 2629 737 2664 μεμιγνυμένον,
750 2629 786 2662 ὡς
801 2630 832 2656 τὸ

59 2673 162 2700 παλαιὸν
174 2675 204 2700 τὺ
215 2675 263 2709 τῆς
279 2673 388 2701 σποδοῦ.
402 2674 432 2700 Εἰ
447 2675 517 2709 τάχα
532 2674 586 2709 γὰρ
602 2674 619 2708 ἠ
636 2674 665 2700 ἐν
675 2673 714 2709 τῷ
728 2674 830 2710 λουτρῷ

59 2719 127 2754 χάρις
145 2720 192 2746 τοῦ
208 2720 364 2755 Πιιεύματος
385 2720 431 2747 καὶ
448 2720 537 2755 ψυχὰς
560 2720 696 2756 καθαίρει,
713 2720 785 2755 ὅμως
803 2722 832 2748 τὸ

59 2765 144 2799 ὁρατὸν
172 2766 211 2799 τῷ
239 2765 330 2802 ὁρατῷ
341 2766 366 2782 ³⁸
395 2765 511 2792 ἐνταῦθα
540 2765 647 2798 Παῦλος
674 2766 831 2799 συνέταξεν.

89 2859 218 2895 ³⁸ὰορ5ιτῳ
232 2868 259 2888 0.

190 2909 327 2939 PA'I‘ROL-
354 2908 413 2940 Gn.
430 2909 553 2942 CXXV.

885 2264 995 2300 quidem
1011 2269 1126 2297 corpore
1143 2261 1406 2296 conspergebantur,
1424 2269 1474 2289 nos
1498 2269 1562 2289 vero
1576 2262 1669 2294 corde,

885 2315 915 2338 ut
935 2309 1002 2337 nihil
1015 2308 1078 2336 mali
1096 2307 1176 2335 nobis
1198 2307 1301 2334 conscii
1322 2307 1419 2334 simus.
1451 2306 1671 2343 Couspcrgemur

885 2361 975 2383 autem
991 2359 1018 2382 et
1034 2354 1093 2388 ipsa
1110 2354 1221 2385 virtute,
1238 2353 1281 2380 vel
1303 2353 1390 2388 gratia
1415 2353 1546 2387 Spiritus,
1563 2355 1608 2388 qui
1627 2362 1671 2380 rc-

887 2402 963 2429 tnisit
988 2400 1067 2427 nobis
1084 2400 1111 2426 in
1126 2399 1289 2434 baptismate
1307 2403 1429 2432 peccatu,
1456 2404 1482 2426 et
1503 2400 1669 2428 confortuvit

887 2455 948 2479 nos,
965 2450 994 2472 ut
1010 2445 1033 2473 si
1050 2445 1171 2472 animum
1192 2444 1402 2477 adverterimus,
1425 2451 1478 2471 non
1495 2452 1578 2480 porro
1595 2446 1620 2472 in
1636 2454 1668 2473 ea

884 2491 1048 2520 recidamus.
1361 2522 1365 2526 ,

921 2537 1005 2565 Vens.
1021 2537 1067 2564 25.
1087 2535 1120 2561 Et
1133 2534 1218 2562 abluti
1234 2543 1328 2569 corpus
1347 2543 1415 2570 aqua
1425 2542 1502 2570 pura.
1517 2535 1670 2571 Baptisma-

886 2585 919 2611 tis
936 2584 1040 2611 scilict-t
1060 2591 1066 2609 :
1082 2590 1149 2617 pura
1174 2588 1251 2615 vero,
1269 2581 1310 2608 vel
1335 2582 1407 2616 quod
1423 2589 1508 2617 puros
1538 2582 1613 2615 facit,
1629 2584 1671 2610 vel

888 2629 1028 2665 quodnon
1056 2630 1153 2654 haheat
1169 2627 1321 2655 admixtum
1348 2629 1519 2663 sanguinem,
1549 2633 1580 2656 ut
1606 2629 1671 2655 olim

886 2678 994 2705 ciuerea
1011 2676 1068 2702 illa.
1084 2675 1141 2702 Etsi
1165 2674 1237 2702 enim
1263 2673 1349 2709 gratia
1379 2673 1498 2708 Spiritus
1517 2675 1544 2701 in
1562 2674 1670 2709 baptis-

888 2728 959 2750 mate
975 2722 1080 2748 animas
1108 2725 1215 2756 purget,
1241 2719 1349 2747 visibile
1375 2725 1465 2747 tamen
1496 2719 1540 2747 hie
1569 2720 1671 2748 visibili

887 2765 1148 2800 Puulusconjunxit.
1174 2763 1313 2799 Siquidem
1342 2764 1369 2791 in
1398 2764 1457 2798 ipso
1491 2770 1540 2791 usu
1566 2764 1672 2800 baptis-

745 2825 846 2857 \'arite
862 2825 1026 2869 lectiones.

1459 2906 1493 2939 11
