1880 3055
205 172 259 205 343

648 175 936 206 THEOPHYLACTI
957 177 1160 209 BULGARHE
1181 179 1357 210 ARCHIEP.

1778 179 1829 210 3H

205 233 265 259 butt
280 231 375 264 Abt-lo,
393 232 465 267 quod
480 236 507 260 et
530 238 603 259 recte
627 232 769 263 obtulerit.
790 238 925 267 quatenus
941 233 986 260 da-
1004 234 1027 264 Α

1054 244 1083 261 ντι
1101 235 1146 261 καὶ
1159 235 1248 269 ὀρθῶς
1263 235 1447 270 προσήνεγκε,
1465 233 1533 260 καθὸ
1547 233 1585 268 τῷ
1605 233 1676 260 δόντι
1694 235 1831 268 προσήγα-

204 279 258 305 tori
275 278 330 305 Deo
349 278 519 312 obtulitquze
534 279 568 305 ab
590 279 638 306 illo
661 281 786 315 accepit:
805 289 837 308 ac
855 286 928 308 recte
948 281 990 308 di-

205 325 279 356 visit,
297 318 434 359 quaienus
447 324 560 352 meliora
576 332 627 352 ceu
643 325 759 354 Domino
773 335 825 355 suo
841 328 988 362 separavit.

204 369 302 397 Fertur
311 370 392 396 etiam
405 369 477 404 quod
492 370 563 405 ignis
574 379 589 398 e
602 372 680 399 coalis
696 372 866 400 descendens
880 374 991 402 absum-

203 416 287 451 p-erit
303 415 479 448 sacriﬁcium,
494 420 576 452 atque
593 417 656 445 inde
672 419 782 452 agnovit
794 419 862 446 Cain
875 420 925 446 sibi
939 428 989 446 an-

203 462 313 488 telatum
335 469 396 489 esse
412 462 538 490 Abelum.
564 463 641 491 Unde
667 465 739 491 enim
759 465 826 492 alias
848 465 988 493 habuisset

201 509 392 543 compertum?
409 508 478 536 llinc
505 509 606 544 aliquis
631 517 726 537 eorum
745 512 791 546 qui
817 511 930 539 llebra‘a
960 512 987 539 in

201 553 325 580 Grmcam
347 553 467 588 linguam
488 555 701 586 tnuistulerunt,
718 555 758 582 sic
778 555 875 583 vertit:
897 555 986 583 Intui-

200 603 242 625 tus
254 604 291 625 est
310 599 336 625 in
352 599 472 626 victimas
484 599 560 626 Abeli
574 599 711 630 Dominus.
725 604 749 627 et
759 601 887 628 inrendit.

236 644 270 671 Et
279 653 324 679 per
344 645 418 672 illaut
441 645 582 679 defunctus
607 646 692 673 adhuc
714 647 841 682 loquitur.
860 647 917 675 Hoc
932 653 985 682 est,

199 699 248 726 per
268 692 354 726 ipsam
369 692 448 719 tidem
464 691 555 719 adhuc
570 692 702 727 loquitur,
718 692 745 719 id
766 697 819 726 est,
836 693 902 722 ﬁdes
920 695 986 722 fecit

199 745 261 765 eum
278 737 359 765 hodie
374 738 476 771 vivere,
494 746 526 766 ac
541 738 681 767 doctorem
693 740 822 768 erunibus
841 742 984 773 constitui,

201 785 355 819 loquentem
373 785 587 820 propemodum:
606 785 752 814 lmitamini
769 795 821 820 me,
844 788 983 821 mortales,

201 837 232 857 ac
250 829 318 864 justi
334 829 395 857 facti
412 830 517 865 plaeetc
533 829 666 858 Creatori.
681 831 815 867 Loquitur
830 833 921 866 igitur,
933 833 984 860 hoc

198 882 249 909 est,
261 883 324 903 eum
343 875 521 912 glorilicatur,
538 884 599 904 cum
610 877 784 911 praedicatur,
801 885 862 904 cum
877 886 981 906 memo-

197 923 236 949 ria
251 922 312 957 ejus
336 911 514 952 instauratur.
532 922 671 958 loquitur:
689 924 802 958 perinde
826 932 858 951 ac
881 925 978 952 malum
994 911 1018 940 Β

195 968 329 1003 loquitur,
353 975 414 996 cum
432 975 446 995 a
465 968 544 996 nobis
565 968 738 997 solummodo
764 970 896 996 cernitur.
921 969 980 997 Non

195 1015 268 1041 enim
283 1017 388 1041 tantum
402 1021 492 1041 sermo
502 1014 619 1049 perﬁcit.
631 1019 762 1049 quantum
774 1015 847 1043 illius
856 1015 977 1044 amictio.

195 1058 252 1086 lloc
266 1063 356 1086 autem
378 1059 455 1090 dixit.
474 1066 502 1086 ut
519 1060 646 1087 ostendat
666 1060 782 1088 inﬁrmis
805 1061 877 1096 quod
888 1061 980 1096 justus

194 1104 387 1139 quadantenus
404 1105 486 1132 etiam
508 1105 553 1132 hic
574 1104 683 1132 fruatur
701 1105 821 1133 honore:
846 1106 938 1141 itaque
953 1111 979 1134 et

192 1157 242 1178 vos
258 1150 397 1178 fruemini.
416 1150 552 1178 Nonnulla
575 1158 639 1178 vero
665 1151 833 1186 exemplaria
856 1151 980 1180 λαλείται

192 1196 303 1230 habent,
319 1204 374 1224 non
393 1201 477 1229 recte,
496 1201 526 1224 ut
541 1197 651 1232 opinor.

227 1241 311 1269 Vens.
329 1242 357 1270 5.
381 1241 450 1269 Fide
473 1241 564 1269 Enoelt
589 1243 738 1270 translatus
754 1247 804 1276 est,
825 1251 858 1271 ne
881 1243 978 1271 videret

191 1291 313 1319 mortem,
331 1292 355 1314 et
372 1295 423 1314 non
444 1286 634 1320 inveniebatur,
649 1287 712 1322 quia
731 1288 898 1316 transtulerit
917 1297 977 1316 eum

190 1333 281 1361 Deus:
301 1338 362 1361 ante
386 1333 589 1361 translationem
612 1334 683 1361 enim
709 1335 767 1370 ejus
799 1335 977 1362 testimonium

189 1379 283 1406 habuit
311 1379 380 1414 quod
402 1379 530 1413 placuerit
558 1379 623 1406 Deo.
653 1379 707 1408 Iste
734 1379 866 1415 majorem
895 1381 975 1409 ﬁdem

189 1432 271 1460 quam
284 1424 348 1453 Abel
364 1425 574 1453 demonstravit.
592 1424 660 1452 Nam
679 1433 740 1461 qua
753 1425 839 1454 Abelo
853 1427 977 1462 contige-

189 1475 266 1502 runt,
290 1473 439 1506 potuerunt
469 1470 520 1506 ipsi
551 1477 614 1498 esse
637 1471 779 1502 seandalo,
807 1471 881 1506 quod
908 1472 975 1500 Abel

187 1517 280 1552 justus
291 1524 352 1544 cum
367 1521 450 1549 esset,
460 1517 612 1551 permissus
628 1517 663 1544 sit
675 1517 762 1544 occidi
771 1525 787 1544 a
797 1517 892 1545 l‘ratre.
904 1517 974 1549 Quid

1043 288 1100 313 γεν,
1124 279 1142 306 ἃ
1157 280 1186 312 ἐξ
1207 281 1312 306 ἐκείνου
1328 278 1396 314 εἶχε,
1409 280 1457 306 καὶ
1472 279 1560 314 ὀρθῶς
1583 278 1675 310 διεῖλε,
1709 279 1779 305 καθὸ
1798 281 1832 305 τὰ

1043 326 1166 361 κρείττω,
1183 326 1221 357 ὡς
1230 326 1358 362 δεσπότῃ.
1374 326 1493 359 Λέγεται
1504 325 1532 352 δὲ
1548 325 1589 352 ὅτι
1603 325 1652 351 καὶ
1669 324 1724 360 πῦρ
1740 326 1831 351 κατελ-

1041 371 1087 398 Θὸν
1096 371 1150 398 ἀπὸ
1163 371 1210 398 τοῦ
1225 371 1342 407 οὐρανοῦ
1363 371 1487 407 ἀνήλωσε
1515 370 1565 405 τὴν
1589 370 1696 403 θυσίαν,
1721 371 1770 396 καὶ
1800 372 1830 396 ἐκ

1039 417 1135 444 τούτου
1154 418 1201 444 καὶ
1211 419 1225 444 ό
1239 418 1309 444 Κάῖν
1320 417 1427 450 ἐπέγνω
1441 417 1482 443 ὅτι
1496 416 1667 451 πρωτιμὴθη
1689 417 1703 442 ὀ
1735 415 1827 442 Ἀ6;λ.

1039 464 1102 496 Πῶς
1115 464 1169 499 γὰρ
1184 464 1216 491 ἂν
1241 465 1344 497 ἄλλως
1364 464 1409 490 Διδ
1436 463 1529 494 καίτις
1551 462 1607 488 τῶν
1633 461 1828 497 μετἰοεμένων

1038 511 1089 546 τὴν
1107 511 1237 546 Ἐσραῖδα
1252 511 1293 541 εἰς
1307 511 1357 544 τὴν
1376 509 1489 536 Ἐλλάδα
1505 508 1637 542 γλῶτταν,
1649 508 1745 539 οὕτως
1767 507 1828 541 ἔθη.

1039 565 1086 582 κεν
1097 564 1103 571 ·
1125 556 1307 583 Ἐπέὄλεπεν
1316 555 1365 582 ἐπὶ
1384 555 1437 588 τὰς
1450 554 1558 587 θυσίας
1574 553 1665 580 Ἅϐελ
1677 555 1693 579 ό
1708 554 1827 586 Κύριος,

1047 603 1096 630 καὶ
1115 603 1278 636 ἐνέπρησε.

1072 648 1127 675 Kal
1141 647 1281 682 διἀὺτῆς
1294 647 1455 675 ἀποθανὼν
1462 646 1611 674 ἔτιλαλεῖ.
1624 645 1767 676 Τουτέστι.
1781 645 1828 671 καὶ

1036 695 1070 721 δι’
1086 695 1169 729 αὐτῆς
1184 695 1233 730 τῆς
1252 695 1370 726 πίστεως
1384 694 1424 720 ἔτι
1434 693 1522 724 λαλεῖ,
1537 693 1686 725 τουτέστιν,
1701 693 1718 728 ή
1736 692 1827 723 πίστις

1037 740 1117 767 αὑτὸν
1132 740 1261 776 ἐποίησεν
1273 740 1314 767 ἔτι
1329 739 1390 775 ζῇν,
1404 739 1453 767 καὶ
1469 739 1631 766 διδάσκαλον
1643 738 1826 766 καθίστασθαι

1036 787 1103 813 πᾶσι
1118 786 1250 814 λαλοῦντα
1266 787 1407 822 μονονουχί
1422 794 1429 801 ο
1457 785 1624 820 Μιμήσασθέ
1652 794 1697 820 με,
1715 785 1827 820 ἄνθρω-

1036 841 1092 863 ποι,
1108 832 1368 867 κα¹ιεὺαρεστίῖτεγδ⁷
1380 831 1418 867 τῷ
1445 832 1592 864 πλάσαντι,
1620 831 1720 858 δίκαιοι
1747 832 1825 865 γενό-

1038 887 1124 913 μενοι.
1138 879 1222 906 Δαλεῖ
1235 879 1282 906 οὖν
1291 899 1298 910 ,
1311 879 1449 910 τουτέστι,
1463 878 1656 913 δοξαζόμενος,
1671 877 1826 912 φημιζόμε-

1033 933 1091 956 νος,
1109 926 1346 960 μνημονευόμενος
1360 924 1437 951 λαλεί
1451 933 1458 940 ·
1476 925 1514 956 ὼς
1528 925 1576 951 καὶ
1589 924 1603 950 ὁ
1618 923 1733 959 οὐρανὸς
1749 923 1827 950 λαλεῖ

1031 970 1169 1006 ὁρώμενος
1185 971 1276 1006 μόνον.
1292 971 1330 998 Οὐ
1346 971 1474 997 τοσοῦτον
1489 971 1545 1005 γὰρ
1557 971 1638 1005 λόγος
1653 971 1730 997 ἀνύει
1740 990 1748 1002 ,
1763 970 1825 996 ὅσον

1030 1016 1061 1042 τὸ
1073 1016 1178 1043 ἐκείνου
1192 1016 1288 1048 πάθος.
1303 1015 1391 1043 Τοῦτο
1403 1016 1432 1042 δὲ
1446 1014 1534 1049 εἶπεν,
1549 1016 1594 1042 ἱνα
1607 1016 1682 1051 δείξῃ
1698 1016 1756 1046 τοῖς
1770 1015 1826 1041 61t-

1029 1061 1174 1097 γοψύχοις,
1188 1061 1229 1088 ὅτι
1249 1062 1278 1088 ὲν
1293 1061 1372 1097 μέρει
1390 1061 1523 1088 ἀπολαύει
1537 1061 1621 1096 τιμῆς
1638 1061 1686 1087 καὶ
1706 1060 1824 1087 ἐνταῦθα

1029 1107 1044 1133 ὁ
1056 1106 1170 1138 δίκαιος.
1180 1106 1263 1133 Ὥστε
1277 1107 1325 1134 καὶ
1339 1107 1418 1142 ὑμεῖς
1433 1106 1633 1134 ἀπολαύσεσθε.
1646 1106 1714 1132 Tm
1728 1106 1757 1132 62-:
1769 1106 1824 1132 τῶν

1028 1153 1216 1189 ἀντιγράφων,
1230 1153 1365 1186 λαλεῖται,
1379 1153 1498 1188 ἔχουσιν.
1512 1153 1542 1180 οὗ
1559 1153 1649 1185 καλῶς
1665 1151 1757 1188 οἶμαι.

1063 1242 1167 1269 Πίστει
1184 1242 1275 1276 Ἑνὼχ
1294 1242 1434 1276 μετετέθη
1453 1241 1506 1269 τοῦ
1523 1241 1567 1277 μὴ
1587 1241 1663 1268 ιδεῖν
1678 1240 1821 1272 θάνατον,

1027 1288 1078 1315 καὶ
1091 1289 1147 1315 οὐκ
1159 1289 1326 1322 εὑρίσκετο,
1339 1288 1414 1316 διότι
1424 1288 1589 1323 μετέθηκεν
1596 1288 1690 1314 αὐτὸν
1698 1289 1715 1314 ὁ
1730 1288 1802 1320 Θεὸς
1812 1295 1819 1302 ·

1027 1334 1085 1368 πρὸ
1105 1333 1160 1369 γὰρ
1181 1333 1236 1369 τῆς
1256 1333 1445 1369 μεταθέσεως
1466 1334 1576 1366 αὑτοῦ,
1596 1334 1820 1369 μεμαρτύρηται

1026 1379 1263 1414 εὐαρεστηκέναι
1284 1379 1324 1413 τῷ
1347 1379 1418 1413 Θεῷ.
1440 1377 1523 1412 Οὗτος
1549 1379 1635 1415 μείζω
1657 1381 1751 1406 πίστιν
1772 1380 1819 1406 τοῦ

1027 1425 1112 1452 ’Λϐελ
1132 1425 1300 1459 ἑπεδειξατο.
1322 1425 1363 1452 Τὰ
1381 1425 1495 1461 γὰρτίς
1511 1426 1558 1452 τὸν
1570 1426 1654 1452 Ἀὃελ
1672 1426 1820 1460 γενόμενα,

1027 1471 1107 1498 ἱκανὰ
1119 1468 1154 1507 ἦν
1168 1471 1250 1498 αὐτὸν
1266 1471 1454 1504 σκανδαλίσω,
1471 1472 1511 1498 ὅτι
1526 1471 1630 1503 δίκαιος
1645 1471 1683 1498 ὢν
1699 1480 1820 1507 συνεχως

1031 1516 1101 1552 ρήθη
1121 1516 1258 1552 σφαγῆναι
1276 1517 1329 1544 ὑπὸ
1344 1516 1392 1544 τοῦ
1406 1516 1533 1552 ἀδελφοῦ.
1551 1517 1583 1543 Τί
1601 1517 1655 1552 γὰρ
1674 1518 1699 1544 εἰ
1719 1518 1821 1552 ἐτιμω-

188 1564 261 1590 cnim
283 1563 396 1599 prodest
412 1563 536 1598 puniltun
553 1569 616 1590 esse
628 1562 802 1590 occisorem?
821 1563 891 1596 Quid
911 1563 974 1591 inde
987 1579 1009 1610 Ο

1054 1561 1098 1597 Ἇθη
1117 1563 1132 1589 ο
1149 1562 1286 1597 σφαγεύς;
1305 1563 1348 1595 τίς
1366 1563 1487 1598 ὠφέλεια
1507 1563 1604 1598 ἐκείνῳ
1623 1563 1749 1590 ἐκποδῶν
1768 1563 1818 1598 ἠδη

188 1609 326 1637 commodi
342 1609 434 1637 retulit
446 1608 524 1642 Abel,
533 1616 596 1636 cum
607 1608 662 1643 jam
677 1613 756 1636 antea
770 1617 786 1637 e
799 1610 889 1638 medio
900 1614 974 1638 esset

188 1655 343 1684 sublatus?
376 1655 500 1690 Magnam
529 1655 621 1690 itaque
657 1655 736 1682 (idem
772 1655 973 1684 demonstravit

188 1703 293 1735 Enocli,
307 1702 424 1730 credens
441 1701 523 1728 Deum
553 1701 745 1728 retributorem
762 1700 822 1729 fore
835 1702 863 1729 in
879 1702 973 1730 futuro

186 1748 296 1779 saeculo,
312 1747 375 1774 licet
394 1754 449 1774 non
466 1746 494 1774 in
518 1746 656 1781 praesenti,
684 1753 786 1781 perque
807 1754 866 1774 eam
890 1747 970 1775 tidem

186 1793 288 1828 placuit
303 1791 369 1824 Deo,
389 1799 422 1819 ac
448 1791 628 1826 beneplacens
657 1792 806 1820 translatus
833 1798 886 1821 est.
905 1793 971 1820 Fide

186 1839 270 1873 igitur
292 1838 441 1866 translatus
457 1843 516 1866 est:
539 1838 591 1866 hoc
604 1843 657 1870 est,
673 1839 740 1866 ﬁdes
761 1839 788 1866 in
806 1846 889 1867 causa
920 1839 971 1867 fuit

185 1892 236 1912 cur
256 1885 282 1911 in
305 1883 404 1912 cmlum
428 1884 632 1917 transferretur,
658 1892 707 1920 per
729 1893 810 1920 quam
833 1885 971 1920 placuerat

185 1931 250 1958 Deo.
269 1930 464 1958 Animadverte
480 1934 570 1958 autem
587 1931 726 1966 quomodo
743 1931 814 1959 Deus
834 1939 884 1966 per
900 1932 971 1959 Abe-

186 1980 240 2004 Ium
258 1977 355 2005 mortis
377 1977 540 2004 suntentiam
558 1985 648 2006 veram
671 1985 731 2005 esse
753 1977 967 2005 demonstravit:

186 2031 281 2051 uorsus
304 2031 353 2058 per
377 2023 471 2050 Enoch
495 2024 660 2051 sententiain
688 2023 760 2050 illam
777 2025 969 2058 temporariam

183 2070 244 2096 esse
259 2069 391 2103 ostendit,
407 2073 489 2104 atque
508 2069 682 2096 abolendam.
698 2068 817 2096 Proinde
834 2069 906 2105 quod
926 2070 968 2096 vi-

1026 1609 1151 1642 γεγονότι
1162 1608 1202 1642 ⁵⁸;
1216 1609 1346 1644 Μεγάλην
1359 1607 1405 1636 οὖν
1419 1609 1509 1636 πίστιν
1522 1609 1689 1642 ἐπεδείξατο,
1703 1609 1819 1635 πιστεύ-

1025 1663 1075 1686 σεις
1087 1655 1129 1682 ὅτι
1145 1655 1203 1682 ὲστὶ
1220 1655 1423 1691 μισθαποδότης
1437 1656 1450 1682 ό
1464 1656 1529 1688 Θεὸς
1543 1657 1572 1682 ὲν
1586 1655 1625 1690 τῷ
1640 1655 1777 1690 μέλλοντι,
1793 1656 1817 1682 εἰ

1027 1701 1073 1728 καὶ
1089 1701 1126 1736 μὴ
1139 1701 1187 1728 νῦν
1195 1702 1217 1718 δ’
1228 1709 1236 1717 ο
1250 1702 1297 1728 καὶ
1309 1702 1438 1738 διἀὺτῆς
1453 1702 1620 1738 εὐηρέστησε
1633 1703 1672 1738 τῷ
1685 1702 1757 1738 θεῷ,
1771 1703 1817 1728 καὶ

1023 1747 1209 1782 εὐαρεστήσας
1225 1747 1368 1783 μετετέθη.
1384 1748 1478 1775 [linat
1492 1747 1539 1775 οὖν
1553 1749 1686 1784 μετετέοη
1696 1769 1704 1780 ,
1736 1757 1816 1775 τουτ-

1024 1792 1110 1825 ἐστιν,
1124 1793 1142 1829 ἠ
1159 1793 1250 1825 πίστις
1265 1793 1347 1820 αὐτὸν
1363 1794 1509 1829 μετέθηκε,
1525 1794 1558 1821 δι’
1570 1792 1604 1831 ἦς
1619 1794 1814 1830 εὒηρέστῃσεν.

1025 1840 1096 1875 Ὅρα
1112 1840 1141 1866 δὲ
1161 1839 1218 1871 πῶς
1237 1839 1283 1866 διὰ
1301 1840 1351 1875 μὲν
1368 1839 1415 1867 τοῦ
1428 1840 1511 1867 Ἀὁελ
1531 1841 1631 1874 ἔδειξεν
1649 1841 1663 1867 ὁ
1681 1841 1747 1872 Θεδς
1767 1840 1815 1875 τὴν

1024 1886 1160 1920 ἀπόφασιν
1173 1885 1222 1921 τὴν
1238 1886 1303 1921 περὶ
1318 1886 1364 1913 τοῦ
1384 1886 1500 1914 θανάτου
1511 1907 1519 1919 ,
1535 1887 1621 1922 ἁληθῆ
1635 1895 1642 1901 ·
1659 1886 1706 1913 διὰ
1723 1886 1752 1912 δὲ
1768 1886 1813 1912 τοῦ

1030 1931 1116 1968 Ἑνὼχ
1137 1932 1219 1959 πάλιν
1239 1932 1350 1965 ἔδειξεν,
1372 1933 1414 1960 ὅτι
1435 1933 1602 1968 πρόσκαιρος
1622 1934 1639 1967 ἡ
1662 1933 1812 1967 caudeam;

1023 1980 1070 2006 καὶ
1089 1981 1310 2016 ἀναιρεθήσεται.
1323 1982 1385 2008 Ὀτι
1405 1982 1454 2017 μὲν
1469 1980 1515 2009 οὖν
1530 1982 1584 2015 ζῶν
1600 1983 1734 2017 μετετέθη
1744 2001 1752 2013 ,
1769 1983 1812 2008 καὶ

1021 2027 1063 2053 ὅτι
1077 2027 1116 2054 ἔτι
1131 2027 1175 2063 ζῇ,
1192 2027 1289 2063 ταμεν
1305 2028 1356 2055 ποῦ
1369 2029 1408 2061 δὲ,
1423 2029 1439 2065 ἢ
1454 2029 1528 2062 πῶς;
1539 2029 1665 2065 Ἄδηλον,
1680 2029 1730 2064 τῆς
1744 2029 1812 2063 Γρα-

1024 2073 1077 2107 φῆς
1093 2073 1131 2109 μὴ
1146 2073 1288 2109 εῑποὺσης.

181 2123 249 2143 vens
263 2115 411 2143 translatus
427 2115 474 2147 sit,
489 2119 516 2142 et
533 2115 605 2150 quod
623 2114 707 2147 vivat,
723 2116 844 2143 scimus:
857 2115 903 2144 ubi
917 2121 1022 2151 autem,
1038 2122 1085 2146 aut
1108 2120 1257 2154 quomodo,
1275 2121 1409 2148 incertum
1425 2125 1479 2154 est,
1503 2121 1647 2156 Scriptura
1664 2127 1720 2148 non
1737 2125 1811 2156 pate~

181 2164 309 2191 faciente.

219 2209 301 2237 Vens.
319 2209 346 2236 6.
363 2209 426 2237 Sine
440 2209 492 2244 ﬁde
513 2214 602 2237 autem
618 2210 780 2244 impossibile
794 2215 833 2238 est
848 2212 962 2246 placere.
981 2213 1003 2241 ι)

1054 2212 1146 2246 Χωρὶς
1165 2212 1200 2240 δὲ
1221 2213 1352 2246 πίστεως
1369 2214 1521 2242 ἀδύνατον
1539 2213 1758 2249 εὐαρεστῆσαι.
1779 2213 1806 2240 Εἰ

180 2254 239 2282 Nisi
250 2255 323 2282 enim
337 2254 484 2282 crediderit
496 2255 632 2290 quispiam
646 2256 896 2289 compensationem
907 2263 968 2284 esse

179 2302 351 2328 bonorumet
365 2300 512 2333 malorum,
527 2308 581 2328 non
597 2301 785 2337 beneplacebit
805 2302 870 2330 Deo.
892 2301 966 2335 Quo-

182 2347 266 2374 modo
290 2347 362 2374 enim
379 2347 547 2375 laboriosum
562 2347 674 2375 virtutis
702 2348 754 2375 iter
784 2348 965 2383 ingrediatur,

180 2399 235 2418 non
248 2399 397 2427 persuasus
412 2392 439 2419 in
454 2392 548 2420 futuro
566 2393 668 2420 seculo
679 2393 845 2428 multiplices
860 2401 892 2421 ac
908 2399 966 2421 sta-

180 2437 251 2465 biles
267 2445 327 2465 esse
340 2438 537 2466 retributiones
546 2439 559 2466 ‘l
572 2438 643 2466 Audi
656 2447 738 2474 porro
755 2441 909 2475 sequentia.

215 2483 329 2511 Credere
348 2484 418 2511 enim
429 2488 530 2518 oportet
544 2484 708 2512 accedentem
722 2486 757 2512 ad
772 2485 866 2517 Deum,
883 2486 964 2521 733

178 2528 246 2564 quod
259 2529 305 2561 sit,
327 2535 351 2556 et
372 2529 442 2565 quod
462 2529 653 2566 inquirentibus
667 2539 695 2558 se
711 2536 894 2558 remunerator
917 2538 962 2560 sit.

178 2573 256 2606 Quod
273 2574 344 2601 Deus
361 2579 414 2608 est,
425 2579 452 2602 et
467 2576 538 2610 quod
552 2580 742 2604 remuneratur
753 2581 803 2607 est,
823 2585 872 2612 per
885 2577 963 2605 [idem

180 2624 304 2646 tenemus
317 2628 323 2645 :
337 2619 446 2653 quidam
459 2619 531 2647 enim
543 2627 558 2646 a
570 2627 637 2647 casu
657 2627 718 2648 esse
729 2627 825 2648 omnes
840 2629 883 2648 res
898 2629 965 2649 cen-

179 2670 239 2692 sent
255 2674 262 2692 :
276 2664 341 2700 quid
369 2673 433 2692 \cro
455 2666 490 2692 sit
510 2665 582 2692 Deus
598 2666 751 2692 secundum
770 2666 962 2701 substantiam,

178 2711 457 2746 incomprehensibile
475 2719 590 2746 prorsus
609 2711 680 2746 apud
690 2712 890 2741 moderatiores
912 2715 962 2742 lna-

180 2757 306 2785 bcbatur.
321 2758 393 2792 Quid
417 2765 482 2786 vero
504 2763 558 2790 est,
574 2758 766 2793 inquirentibus
791 2759 898 2794 ipsum?
911 2760 963 2788 hoc

1017 2259 1072 2294 γὰρ
1090 2259 1127 2294 μὴ
1144 2259 1278 2296 πιστεύσῃ
1291 2269 1333 2292 τις
1351 2261 1485 2288 ἀντίδοσιν
1500 2258 1570 2288 εἶναι
1585 2260 1677 2288 καλῶν
1692 2261 1743 2287 καὶ
1758 2269 1807 2287 κα-

1018 2305 1089 2336 κῶν,
1103 2306 1153 2332 οὐκ
1164 2306 1204 2340 ,ἂν
1219 2307 1402 2344 εὐαρεστήσῃ.
1419 2307 1480 2339 Πῶς
1495 2308 1550 2343 γὰρ
1566 2308 1598 2334 ἂν
1613 2308 1663 2343 τὴν
1679 2308 1807 2334 ἐπίπονον

1017 2351 1066 2385 τῆς
1086 2351 1186 2385 ἀρετῆς
1206 2351 1265 2378 ὁδὸν
1286 2351 1401 2388 βαδίσῃ,
1423 2353 1461 2388 μὴ
1482 2353 1605 2384 πεισθεὶς
1625 2351 1697 2379 εἶναι
1721 2353 1750 2378 ὲν
1771 2351 1806 2386 τῷ

1019 2396 1143 2432 μέλλοντι
1163 2397 1369 2430 πολλαπλασίας
1387 2399 1434 2425 καὶ
1455 2399 1644 2434 μονιμωτέρας
1663 2399 1713 2430 τὰς
1731 2399 1806 2432 ἀμοι-

1017 2442 1067 2474 ϐάς
1078 2451 1086 2476 ;
1099 2443 1199 2470 Ἀκουε
1213 2443 1241 2470 δὲ
1257 2445 1305 2471 καὶ
1318 2444 1372 2471 τῶν
1387 2444 1460 2480 ἑξῆς.

1054 2489 1220 2517 Πιστεῦσαι
1235 2490 1290 2524 γὰρ
1304 2490 1352 2517 δεῖ
1361 2491 1415 2517 τὸν
1425 2490 1671 2525 προσερχόμενον
1680 2490 1722 2524 τῷ
1737 2490 1804 2524 Θεῷ,

1018 2536 1063 2564 ὅτι
1077 2537 1158 2569 ἐστι,
1175 2538 1224 2564 καὶ
1251 2537 1313 2571 τοῖς
1327 2538 1505 2572 ἐκζητοῦσιν
1516 2539 1610 2566 αὑτὸν
1619 2539 1804 2573 1tw€a1rodd~

1018 2591 1072 2616 της
1087 2583 1209 2618 γίνεται.
1225 2584 1262 2610 Τὸ
1279 2584 1338 2619 μὲν,
1353 2585 1394 2611 ὅτι
1409 2585 1466 2611 ἔστι
1482 2585 1559 2618 Θεὸς,
1576 2586 1622 2612 καὶ
1639 2585 1802 2620 μισθαποδό-

1016 2637 1066 2664 της
1085 2629 1202 2662 γίνεται,
1220 2630 1265 2656 διὰ
1285 2630 1404 2662 πίστεως
1423 2630 1539 2666 ἔχομεν’
1557 2631 1630 2663 τινὲς
1648 2632 1703 2666 γὰρ
1724 2631 1801 2658 αὐτό-

1018 2674 1092 2708 ματά
1105 2682 1186 2708 φασιν
1199 2673 1269 2701 εἷναι
1282 2675 1317 2701 τὰ
1331 2674 1406 2708 ὄντα,
1419 2676 1449 2702 τὸ
1463 2676 1503 2709 δὲ,
1517 2676 1543 2702 τί
1557 2677 1615 2704 ἐστι
1631 2676 1691 2703 κατ’
1699 2676 1800 2708 οὐσίαν,

1015 2719 1222 2755 ἀνεπιχείρητον
1238 2721 1306 2753 ὅλως
1320 2722 1377 2754 τοῖς
1393 2730 1426 2756 γε
1443 2722 1621 2757 σωφρονοῦσι.
1636 2723 1668 2749 Τί
1683 2723 1712 2750 δέ
1729 2723 1798 2753 ἐστι,

1016 2764 1078 2798 τοῖς
1090 2764 1266 2800 ἐκζητοῦσιν
1277 2767 1387 2801 αὐτόν;
1399 2768 1539 2802 τουτέστι,
1555 2769 1610 2801 τοῖς
1625 2768 1669 2796 διὰ
1683 2767 1743 2805 βίου
1756 2767 1799 2794 εὑ-

850 2853 954 2883 Varize
974 2852 1142 2886 lectiones.

213 2899 235 2914 "
247 2899 403 2934 ἐυαρεστεῖν
419 2908 446 2928 υ.
485 2899 506 2916 ⁸⁸
525 2900 661 2936 γενομένῳ
677 2908 700 2928 ο.
742 2901 763 2918 ⁸³
777 2901 854 2930 αἰῶνι
869 2903 935 2938 ἡμῖν
948 2911 974 2932 0.
