1880 3055
51 103 92 132 35³1

49 160 104 189 λίίις
125 154 290 189 δεξάμενος
309 155 347 187 ⁸⁸,
372 156 448 189 πρὸς
471 155 507 182 ὃν
531 154 687 189 ἐλαλήθη·
703 154 764 180 Ὅτι
787 153 822 180 ἐν
836 155 859 184 Α

55 201 141 230 Ἰσαὰκ
167 199 355 234 κληθήσεταί
378 208 429 228 σοι
455 200 594 235 σπέρμαι
620 198 828 234 Λογισάμενος

50 250 84 275 ὅτι
97 247 139 274 xal
153 247 186 274 ἐκ
200 246 317 281 νεκρῶν
327 246 455 281 ἐγείρειν
467 246 598 279 δυνατὸς
611 247 628 273 δ
644 246 726 278 Θεός.
741 244 827 271 Τοῦτο

49 295 72 320 τὸ
83 293 241 327 θαυμαστὸν,
255 292 298 318 ὅτι
312 291 405 326 ἕτερον
418 291 456 326 μὴ
469 291 540 327 ἔχων
551 290 644 322 παῖδα,
656 286 728 317 διὀὖ
742 298 827 325 προσ-

51 339 117 365 εὸὁκα
131 337 178 372 τὴν
195 337 364 371 ἐπαγγελίαν
381 336 558 370 ὲκδήσεςθαι,
577 336 645 363 ἀλλὰ
663 335 758 362 τοῦτον
777 335 827 370 μό-

50 394 93 415 νον,
105 385 174 418 ὅμως
190 383 379 418 προσήνεγκεν
391 382 483 408 αὐτόν.
498 382 584 409 Πόθεν
596 381 678 416 γοῦνς
691 381 745 408 ἀπὸ
760 381 826 407 πολ-

50 431 87 464 λῆς
97 430 221 460 τιέστεως.
237 429 400 455 Ἐπίστευσε
414 428 467 463 γὰρ
485 429 526 454 ὅτι
543 427 654 454 δύναται
665 428 678 454 6
694 427 760 459 Θεὸς
778 427 825 453 καὶ

51 476 106 510 μετᾶ
124 475 152 501 τὺ
173 474 325 509 σφαγῆναι,
348 474 380 500 ὲκ
402 473 508 509 νεκρῶν
530 473 640 508 ἐγείρας
663 472 754 505 αὐτὸν,
776 471 826 507 τὴν

57 519 204 553 ἐπαγγελίαν
220 518 384 554 πληρῶσαι,
402 519 449 545 καὶ
464 517 498 544 δι’
510 518 592 545 αὐτοῦ
609 517 826 548 ἀναὸεὸιωκότος

56 565 173 601 πλτλθύναι
188 565 218 591 τὸ
237 565 360 600 σπέρμα.
378 565 440 596 Πῶς
456 564 485 591 δὲ
504 563 650 600 μονογενὴς
667 562 700 598 ἦν
717 563 807 590 Ἰσαὰκ
818 583 826 596 ,

52 614 134 646 ἰπαιυγε
155 611 201 638 καὶ
222 611 269 638 τὸν
285 610 398 646 Ἰσμαὴλ
421 608 496 646 εἶχες
517 609 585 636 Ἀλλ’
597 608 660 637 ὅσον
681 609 751 636 κατὰ
775 609 820 636 τὸν

52 658 194 693 ἐπαγγελίας
211 658 291 691 λόγον
311 658 469 692 μονογενής·
489 654 566 688 οὗτος
583 657 637 692 γὰρ
655 656 702 683 καὶ
720 655 821 691 κυρίως

54 706 154 739 σπέρμα.
168 705 216 730 Ἐν
229 705 334 731 Ἰσαὰκ
353 703 406 738 γὰρ
423 703 609 737 κληθήσεταί
626 709 676 729 σοι
693 702 824 736 σπέρμα.

81 797 158 822 Ὀϋεν
175 795 267 821 αὐτὸν
291 794 340 821 καὶ
363 793 398 821 ἐν
417 793 576 828 παραϐολῇ
596 794 767 827 ἐκομίσατο.
791 793 824 819 Τί

54 845 98 868 im
115 841 196 871 τὸμὲν
209 840 386 875 παραϐολῇ;
405 840 464 867 ἀντὶ
485 840 542 872 τοῦ,
565 841 593 866 ὲν
613 840 701 875 τύπῳ,
721 841 760 870 at;
781 839 819 865 ἔνη
839 825 860 854 Β

55 887 122 919 ὀειξιν
134 885 280 920 μυστηρίου
294 885 340 911 τοῦ
354 884 426 911 κατὰ
437 884 564 920 Χριστόν.
576 884 682 918 Ὥσπερ
695 884 749 918 γὰρ
761 883 821 908 τότε

54 934 65 958 ὁ
78 932 119 967 μὲν
131 932 218 957 Ἰσαὰκ
231 930 344 966 ἀφείθη,
356 931 370 957 6
384 930 412 957 δὲ
427 930 502 966 κριὸς
516 930 639 964 ἐσφάγη·
655 929 740 960 οὕτως
756 930 768 955 6
782 926 822 960 εἷς

57 977 166 1013 Χριστὸς.
183 977 247 1008 θεὸς
262 976 301 1003 ὣν
317 976 364 1002 καὶ
381 975 523 1011 ἄνθρωπος
540 976 554 1001 6
571 975 667 1006 αὐτὸς,
686 975 755 1002 κατὰ
773 975 821 1009 μὲν

56 1024 78 1048 τὸ
92 1022 250 1056 ἀνθρώπινον
266 1022 338 1057 ὑπὲρ
354 1021 433 1056 ἡμῶν
449 1020 543 1055 ὲτύθη,
559 1021 575 1055 ἡ
592 1021 620 1047 δὲ
638 1020 732 1054 Θεότης
749 1021 821 1046 ἀπα-

58 1067 95 1102 θὴς
106 1067 226 1102 διέμεινε.
241 1067 298 1094 Καὶ
312 1066 398 1097 ἄλλως
412 1066 451 1098 δὲ,
465 1066 478 1092 6
492 1066 618 1101 Ἀὃραὰμ
631 1066 714 1097 τύπος
728 1063 761 1100 ἦν
774 1064 820 1091 τοῦ

57 1112 111 1139 θεοῦ
133 1113 175 1139 καὶ
200 1112 323 1148 Ηατρδς,
348 1113 362 1139 6
379 1111 471 1139 Ἰσαὰκ
495 1112 542 1138 τοῦ
570 1112 635 1138 Υἱοῦ
660 1111 706 1139 τοῦ
730 1111 797 1138 Θεοῦ
812 1119 818 1127 ·

59 1157 135 1191 ἱπειδὴ
150 1157 258 1193 ἔμελλεν
273 1159 288 1184 6
305 1157 370 1188 Θεὸς
384 1155 415 1183 τὸ
433 1155 503 1191 μέγα
518 1155 597 1182 τοῦτο
613 1156 659 1182 καὶ
675 1155 744 1190 ὑπὲρ
759 1155 821 1181 νοῦν

60 1204 187 1239 μυστήριον
205 1202 397 1237 οἰκονομῆσαι,
418 1202 464 1228 καὶ
482 1201 575 1228 δοῦναι
590 1200 638 1228 τὸν
654 1201 717 1227 Υίδν
738 1200 820 1227 αὐτοῦ

60 1249 115 1284 ὑπὲρ
134 1249 218 1285 ἡμῶν,
243 1248 348 1285 σφόδρα
371 1247 559 1282 φιλάνθρωπος
584 1247 640 1274 ὢν·
661 1247 722 1274 οὐδὲ
743 1246 821 1273 τοῦτο

59 1295 173 1330 ὴῆουλήθη
195 1295 232 1326 ὡς
243 1294 326 1330 χάριν
339 1293 422 1320 αὑτοῦ
436 1293 504 1320 ἰδίαν
515 1293 619 1326 δοῦναι,
630 1293 687 1320 ἀλλ’
697 1293 735 1325 ὡς
748 1293 822 1327 ὀφει-

59 1338 96 1374 λὴν
110 1339 255 1367 ἀποδοῦναι.
277 1339 384 1367 Ὠσανεὶ
400 1338 512 1366 τοιαῦτα
530 1339 618 1374 λέγων
632 1346 639 1353 °
658 1339 741 1366 Οὐδὲν
759 1347 821 1365 και-

59 1384 93 1411 νὸν
103 1384 189 1420 δίδωμι
200 1386 232 1418 τῇ
246 1385 407 1421 ἀνθρωπίνῃ
422 1384 501 1420 φύσει
517 1385 588 1418 ὑπὲρ
601 1384 685 1419 αὐτῆς
697 1384 743 1410 τὸν
756 1383 821 1410 Υίόν

61 1438 99 1464 μου
109 1430 183 1458 θύων.
195 1430 224 1457 '0
237 1432 292 1465 γὰρ
304 1429 429 1465 Ἀϐραὰμ
441 1429 486 1456 τὸν
498 1429 563 1456 Υἱὺν
575 1428 659 1456 αὐτοῦ
671 1429 822 1464 ἀνήνεγκεν

59 1475 181 1510 ύπὲρὲμοῦ
192 1476 351 1510 σφαγιάσαι.
365 1475 446 1501 Ὥστε
461 1475 510 1510 τὴν
525 1475 637 1510 ὀφειλὴν
652 1474 820 1509 ἀποδίδωμι,
835 1492 856 1520 c

59 1521 82 1546 οὐ
96 1521 165 1555 χάριν
180 1521 287 1556 δίδωμι.
299 1522 334 1548 Ἣ
349 1521 390 1553 τὸ,
409 1521 444 1548 ἐν
457 1520 624 1555 παραϐολῇ,
642 1520 702 1547 ἀντὶ
716 1520 775 1552 τοῦ,
794 1521 823 1547 ἐν

60 1566 89 1601 τῷ
102 1567 162 1602 κριῷ
179 1568 327 1602 ἐκομίσατο
343 1567 424 1594 αὑτὸν
439 1567 453 1594 6
467 1566 608 1602 Ἀϐραὰμ,
623 1567 777 1600 τουτέστιν,
795 1567 824 1594 ὲν

59 1613 85 1647 τῇ
95 1613 212 1640 ἀντιδόσει
221 1613 269 1641 τοῦ
282 1613 360 1648 κριοῦ
369 1621 376 1628 ·
388 1612 417 1645 ὃς
429 1612 506 1648 κριὸς
517 1613 601 1644 τύπος
613 1611 647 1648 ἦν
659 1613 706 1640 τοῦ
719 1613 822 1646 Ἰσαὰκ,

61 1659 186 1691 τουτέστιν,
203 1659 349 1691 ἀντίτυπος
363 1658 410 1685 τοῦ
428 1658 521 1686 Ἰσαὰκ
535 1659 654 1694 ἐσφάγη.

89 1748 175 1775 Πίστει
190 1749 254 1783 περὶ
271 1750 447 1784 μελλόντων
461 1749 633 1784 εὐλόγησεν
650 1749 754 1778 Ἰσαὰκ
770 1751 824 1777 τεν

66 1793 150 1821 Ἰακὼϐ
162 1795 208 1822 καὶ
223 1796 278 1822 τὸν
292 1795 394 1823 Ἠσαῦ.
410 1795 496 1823 Πόθεν
511 1797 565 1833 γὰρ
582 1797 751 1831 ὲπηγγέλετο
767 1799 823 1829 τοῖς

62 1840 114 1871 υἱοῖς
130 1841 204 1868 αὑτοῦ
219 1842 340 1869 τοσαῦτα
359 1842 449 1877 ἀγαθά
469 1842 550 1874 αὐτὸς
570 1843 599 1876 ὲν
618 1843 687 1879 ξένῳ
697 1844 721 1860 ¹⁹
738 1843 824 1880 καθή-

64 1892 139 1919 μενος,
153 1887 174 1913 εί
189 1887 225 1923 μὴ
239 1887 417 1920 ὲπίστευσεν,
432 1887 473 1914 ὅτι
487 1889 501 1914 6
515 1887 581 1919 Θεὸς
594 1887 674 1915 δώσει
688 1889 723 1916 τὰ
737 1890 823 1924 ἐπηγ-

63 1930 96 1962 1"
102 1931 175 1965 μένα;
186 1932 217 1959 Τί
229 1933 259 1960 δέ
273 1933 341 1966 ἔστι,
354 1933 616 1968 περὶμελλόντων;
630 1934 664 1960 Ἣ
675 1934 715 1960 ὅτι
728 1935 782 1961 τῶν
795 1936 822 1962 ἐν

62 1974 92 2010 τῷ
105 1976 214 2010 μέλλοντι
230 1978 326 2010 αἰῶνι,
343 1979 391 2014 τὴν
408 1979 462 2014 γὰρ
479 1979 628 2006 ἀνάστασιν
644 1979 757 2014 ᾔδεσαν,
776 1981 822 2006 καὶ

64 2022 138 2056 veneat
150 2020 213 2058 ἦσαν
227 2024 256 2051 αἱ
273 2023 406 2058 εὐλογίαι,
422 2024 438 2059 ἢ
456 2024 520 2059 περὶ
535 2023 588 2050 τῶν
605 2024 634 2050 ἐν
650 2026 682 2059 τῇ
699 2025 734 2060 γῇ
752 2025 821 2058 ἀγα-

64 2065 114 2098 θῶν,
134 2065 167 2094 ὦν
185 2069 295 2104 ἔμελλον
315 2068 393 2096 αὐτοὶ
412 2069 573 2103 λαμϐάνειν,
597 2069 614 2104 ἢ
637 2069 661 2095 οἱ
681 2068 711 2102 ἐξ
733 2070 822 2097 αὐτῶν

65 2112 239 2150 τεχθησόμενοι.
260 2115 409 2150 Προτάττει
430 2115 459 2142 δὲ
479 2115 524 2142 τὸν
540 2115 638 2142 Ἰακὼῦ
661 2116 707 2142 τοῦ
725 2115 820 2148 Ἡσαῦ,

65 2157 93 2188 ὡς
104 2160 224 2194 ἐνάρετον,
238 2162 287 2188 καὶ
300 2162 338 2193 ὡς
350 2161 384 2188 τὰ
398 2161 569 2196 πρωτοτόκια
581 2161 721 2198 εἰληφότα,
735 2161 782 2188 καὶ
795 2162 822 2187 ὲν
839 2166 860 2194 ι)

67 2205 129 2231 πᾶσιν
143 2206 209 2240 ἄξιον
225 2207 435 2242 προτάττεσθαι.

92 2253 178 2280 Πίστει
196 2254 301 2281 Ἰακὼϐ
314 2253 518 2287 ἀποθνήσκων
529 2255 660 2281 ἕκαστον
673 2255 733 2281 τῶν
750 2253 823 2281 Υὶῶν

71 2294 159 2331 Ἰωσὴφ
184 2300 348 2335 εὐλόγησε,
375 2299 425 2326 καὶ
454 2300 686 2334 προσεκύνησεν
712 2299 762 2327 ἐπ1
789 2299 823 2326 τὸ

68 2339 138 2374 ἀκρον
150 2343 199 2378 τῆς
215 2345 328 2379 ῥάϐδου
345 2345 448 2373 αὑτοῦ.
467 2345 526 2372 Υἱοὶ
545 2346 643 2381 Ἰωσὴφ
655 2366 661 2377 ,
680 2346 694 2372 6
710 2346 822 2372 Μανασ-

69 2385 105 2419 σῆς
115 2389 153 2415 καὶ
166 2390 178 2415 6
190 2391 324 2426 Ἐφρατμ·
341 2391 388 2418 καὶ
403 2391 417 2417 6
434 2391 483 2426 μὲν
497 2392 648 2427 Μανασσῆς
664 2390 770 2426 πρῶτος
780 2391 802 2407 ⁶⁰
813 2399 820 2407 ·

67 2430 77 2456 ὁ
92 2432 113 2458 δὲ
127 2434 234 2472 Ἐφραῖμ
244 2458 251 2469 ,
264 2435 382 2472 ’ὕστερος
394 2445 402 2453 ·
419 2437 494 2472 ὅμως
510 2437 607 2464 Ἰακὼσ
629 2436 759 2471 εὐλόγησε
777 2436 822 2463 τὸν

72 2476 169 2516 Ἐφρατμ
183 2483 301 2517 μείζοσιν
316 2483 469 2518 εὐλογίαις,
485 2484 533 2510 καὶ
547 2485 580 2519 τῇ
595 2483 646 2519 τῆς
659 2483 748 2516 δεξιᾶς
763 2491 821 2518 χει-

70 2523 103 2556 Ρδς
121 2525 269 2562 ὲναλλάγδην
288 2528 428 2562 ἑπιθέσει,
448 2530 495 2556 καὶ
514 2528 642 2556 τοσοῦτον
661 2529 821 2555 ἐπίστευσεν

70 2567 100 2594 ὅτι
119 2571 263 2608 ὲκῦήσονται
287 2575 315 2601 at
337 2575 469 2609 εὐλογίαι,
489 2575 536 2602 καὶ
562 2575 717 2610 βασιλεύσει
740 2577 756 2612 ὴ
776 2577 822 2604 τοῦ

75 2613 171 2654 Ἐφραῖμ
186 2622 267 2658 φυλὴ,
286 2621 356 2649 ὥστε
373 2623 422 2649 καὶ
439 2623 495 2654 τοῖς
511 2621 602 2658 ἔργοις
619 2623 711 2656 αὐτοῖς
727 2623 822 2657 ἔδειξε.

72 2660 229 2702 "metuimus
249 2669 304 2705 γὰρ
320 2669 360 2705 τῷ
377 2669 474 2706 Ἰωσὴφ
485 2691 493 2704 ,
510 2671 560 2706 τὴν
577 2671 677 2703 παντὸς
694 2671 740 2698 τοῦ
758 2672 823 2700 λαοῦ

364 97 566 129 EXPOSITIO
583 97 623 128 IN
643 96 766 128 EPIST.
791 95 822 124 Al

914 93 1056 124 BBEOS.
1080 105 1116 111 -
1135 92 1216 124 CAP.
1237 91 1292 122 XI.

1609 90 1663 124 35$

872 151 1060 187 promissione:
1077 155 1225 184 acceperat,
1246 149 1281 177 ad
1306 156 1382 184 quem
1407 147 1510 176 dictum
1536 153 1612 180 erat:
1632 149 1666 178 In

881 197 959 225 Isaac
974 197 1111 224 vocabitur
1122 198 1169 224 tibi
1181 204 1279 224 nmen.
1292 196 1437 223 Arbitrum
1447 195 1516 232 quod
1531 201 1554 222 et
1564 204 1580 222 α
1595 204 1666 223 mor-

881 244 932 270 tuis
942 243 1072 270 suscitare
1082 248 1174 277 potetis
1192 243 1227 268 sit
1244 241 1324 269 Deus.
1359 241 1416 269 lloc
1429 249 1496 269 sane
1521 241 1599 268 valde
1623 246 1667 269 est

880 288 1083 321 admirandum,
1100 287 1172 322 quod
1186 295 1248 314 cum
1266 287 1349 314 alium
1366 294 1421 314 non
1440 286 1553 314 haberet
1571 286 1666 320 illium,

881 342 930 369 per
947 342 1028 369 quem
1050 334 1263 369 promissionem
1281 332 1391 360 evenire
1407 336 1541 367 speraret,
1570 337 1669 367 praeter

880 380 954 407 hunc
981 379 1081 413 solum,
1111 387 1172 406 eum
1195 383 1284 406 tamen
1293 378 1432 406 obtulerit.
1452 377 1527 405 Unde
1544 378 1669 405 scilicet?

881 435 912 454 ex
930 427 1013 454 multa
1034 432 1062 454 et.
1078 425 1181 462 ingenti
1198 425 1260 453 tide.
1276 425 1398 453 Credidit
1410 426 1481 453 enim
1497 426 1568 460 quod
1580 425 1668 460 possit

880 473 951 501 Deus
967 477 1027 506 post
1043 473 1155 505 caedent,
1177 479 1191 499 a
1207 472 1322 499 mortuis
1339 473 1397 507 ipso
1416 471 1561 504 Suscitato,
1589 479 1666 499 corn-

879 520 952 555 plere
969 520 1191 554 promissionem,
1207 526 1239 546 ac
1260 526 1308 554 per
1323 519 1412 553 ipsum
1428 517 1578 545 redivivum
1594 519 1666 544 inul-

878 565 1002 600 tiplicare
1018 572 1122 592 semen.
1138 564 1283 597 Quomodo
1316 569 1406 591 autem
1433 563 1590 599 unigenitus
1607 567 1666 590 erat

879 609 964 643 Isaac,
983 619 1044 638 cum
1061 616 1086 638 et
1101 606 1239 637 lsniaelem
1270 609 1399 637 haberet?
1412 609 1447 635 At
1470 614 1607 644 quatenus
1631 609 1665 636 ad

878 657 1087 692 promissionem
1099 657 1227 692 pertinet,
1240 656 1464 690 unigenituserat
1478 654 1538 681 :ille
1549 661 1666 688 namque

879 703 986 737 proprie
1002 710 1095 730 seuieu
1112 706 1182 730 erat.
1205 701 1238 729 In
1260 700 1341 728 Isaac
1371 701 1440 728 enim
1464 701 1599 728 vocabitur
1618 701 1665 727 tibi

879 756 977 775 semen.

916 793 989 821 Unde
1006 800 1029 821 ct
1044 795 1129 828 ipsum
1144 795 1169 821 in
1182 794 1310 830 parabam
1322 793 1432 828 accepit.
1447 793 1517 826 Quid
1534 798 1575 820 est
1590 793 1663 828 quod

874 840 922 873 ait,
936 839 965 866 In
979 840 1106 874 parabola
1119 841 1131 867 ?
1144 840 1169 866 id
1182 844 1234 872 est,
1250 840 1277 867 in
1303 839 1398 874 figura,
1433 838 1468 865 ad
1495 839 1665 866 demonstra-

874 886 977 912 tionem
1013 885 1136 920 mysterii
1151 885 1223 920 quod
1245 886 1271 912 in
1301 884 1412 911 Christo
1435 889 1505 911 erat.
1527 883 1560 910 Ut
1589 884 1663 910 enim

874 935 929 957 tum
946 930 1021 957 Isaac
1036 930 1168 958 dimissus
1196 934 1248 962 est,
1264 930 1336 957 aries
1360 934 1450 956 autem
1474 937 1562 956 cmsus
1590 938 1598 956 :
1623 931 1664 956 sie

873 985 944 1004 unus
957 976 1093 1009 Christus,
1106 977 1152 1011 qui
1163 980 1190 1004 et
1206 976 1279 1003 Deus
1302 981 1343 1002 est
1363 981 1388 1002 ct
1404 977 1497 1007 homo,
1510 974 1662 1002 secundum

873 1025 1018 1052 humanam
1035 1029 1176 1058 naturam,
1192 1032 1240 1059 pro
1252 1024 1494 1051 nobisimmolatus
1506 1027 1558 1055 est,
1574 1022 1663 1050 Deitas

872 1078 938 1097 vero
962 1077 1060 1105 expers
1090 1070 1227 1105 passionis
1263 1069 1450 1104 permanebat.
1476 1069 1547 1102 Quin
1581 1069 1662 1096 etiam

872 1115 1010 1142 Abraham
1026 1115 1078 1142 fuit
1096 1120 1179 1150 typus
1207 1114 1254 1141 Dei
1279 1114 1378 1146 Patris,
1408 1114 1485 1141 Isaac
1513 1121 1576 1141 vero
1602 1113 1663 1141 Filii

874 1159 919 1187 Dci
939 1169 946 1186 :
964 1160 1187 1195 quandoquidem
1202 1159 1274 1188 Deus
1295 1168 1345 1188 ceu
1360 1167 1443 1195 supra
1468 1160 1578 1187 modqu
1607 1161 1664 1187 cle-

873 1214 948 1234 mens
961 1211 987 1234 et
1000 1207 1148 1242 benignus,
1168 1214 1297 1242 magnum
1313 1207 1364 1234 hoc
1384 1212 1410 1233 ct
1427 1206 1538 1233 humani
1559 1204 1662 1242 ingenii

871 1258 981 1287 captum
998 1260 1171 1288 exsuperans
1187 1254 1346 1288 mysterium
1361 1253 1566 1287 dispensaturus
1579 1257 1663 1285 esset,

872 1305 904 1324 ac
923 1297 1024 1325 Filium
1042 1305 1122 1325 suum
1139 1305 1189 1333 pro
1203 1298 1282 1325 nobis
1300 1298 1430 1331 datutus;
1446 1305 1534 1332 neque
1552 1298 1603 1324 hoc
1614 1306 1664 1325 vo-

872 1343 925 1370 luit
947 1351 996 1370 ceu
1012 1344 1114 1371 donum
1133 1351 1212 1371 suum
1240 1344 1380 1378 proprium
1416 1351 1448 1370 ex
1465 1343 1551 1378 gratia
1585 1343 1662 1376 dare,

873 1389 921 1417 sed
947 1389 1029 1416 Veluti
1047 1389 1169 1416 debitum
1182 1389 1308 1416 reddere.
1332 1388 1448 1416 Perinde
1468 1389 1546 1424 quasi
1563 1389 1637 1416 dicat
1653 1398 1661 1416 :

872 1436 944 1464 Nihil
961 1437 1022 1464 novi
1036 1437 1162 1463 humana:
1178 1439 1281 1463 natura:
1308 1436 1444 1471 impertio,
1458 1435 1554 1462 Filium
1573 1442 1663 1462 meum

873 1490 922 1518 pro
936 1482 994 1517 ipsa
1010 1482 1165 1508 immolaris.
1187 1481 1324 1508 Abraham
1351 1480 1423 1507 enim
1454 1488 1502 1515 pro
1520 1488 1563 1507 me
1589 1485 1615 1507 et
1635 1481 1663 1507 in

876 1529 928 1556 tnei
943 1529 1058 1564 gratiam
1073 1528 1158 1555 lilium
1174 1535 1254 1555 suum
1265 1527 1408 1554 immolare
1418 1527 1557 1554 sustinuit.
1569 1527 1664 1559 Itaque

875 1572 997 1599 debitum
1014 1571 1110 1604 reddo,
1123 1579 1177 1598 non
1191 1571 1306 1606 gratiam
1320 1570 1365 1598 do.
1378 1569 1435 1602 Vel,
1449 1570 1475 1596 in
1491 1570 1664 1597 similitudine

876 1618 928 1644 hoc
944 1621 998 1651 est,
1018 1617 1045 1644 in
1058 1617 1143 1644 ariete
1161 1616 1260 1644 obtulit
1275 1616 1365 1651 ipsum
1387 1615 1536 1647 Abraham,
1551 1615 1603 1642 hoc
1621 1618 1664 1641 est

873 1664 901 1691 in
921 1665 1123 1698 permutatione
1134 1663 1247 1690 arietis:
1263 1662 1308 1698 qui
1318 1662 1389 1689 aries
1403 1665 1484 1697 typus
1496 1665 1555 1689 erat
1566 1661 1662 1694 lsaaci,

875 1710 925 1736 hoc
941 1713 993 1742 est,
1015 1709 1101 1744 ﬁgura
1119 1709 1205 1736 lsaaci
1229 1716 1298 1736 caesa
1313 1713 1383 1736 erat.

909 1753 992 1782 Vsus.
1009 1754 1053 1782 ΞΟ.
1069 1754 1137 1781 Fide
1155 1754 1188 1782 de
1214 1754 1313 1789 futuris
1334 1755 1467 1782 benedixit
1482 1753 1563 1782 Isaac
1577 1753 1662 1781 Iacob

874 1805 897 1827 et
909 1800 992 1826 Esau.
1011 1799 1086 1827 Unde
1113 1800 1186 1827 enim
1213 1800 1389 1835 promisisset
1408 1800 1472 1827 ﬁliis
1500 1800 1559 1828 suis
1587 1803 1662 1826 tanta

874 1845 957 1877 bona,
981 1845 1079 1880 ipsein
1094 1845 1238 1880 peregrina
1256 1849 1326 1872 terra
1342 1844 1562 1876 considens.nisi
1577 1844 1662 1872 Deum

874 1890 1009 1925 promissa
1027 1890 1154 1917 daturum
1166 1889 1248 1924 738
1261 1889 1424 1917 credidisset
1439 1889 1451 1916 ?
1463 1888 1535 1921 Quid
1543 1896 1608 1916 vero
1620 1893 1663 1915 est

873 1937 946 1970 quod
961 1936 1008 1967 ait,
1023 1935 1054 1961 de
1070 1935 1188 1969 futuris?
1206 1933 1253 1962 Vel
1269 1934 1302 1962 de
1320 1934 1354 1962 iis
1369 1942 1430 1969 quae
1458 1935 1617 1968 contingent
1634 1934 1662 1960 in

874 1981 966 2007 futuro
991 1981 1103 2012 saeculo,
1139 1980 1366 2007 resurrectionem
1391 1979 1463 2006 enim
1492 1983 1602 2011 norant,
1635 1983 1664 2006 et

875 2026 1032 2059 spirituales
1048 2025 1157 2052 fuerunt
1169 2025 1424 2060 prornissiones,vel
1439 2025 1473 2052 de
1485 2029 1564 2052 terra:
1580 2024 1660 2052 bonis

874 2080 934 2108 qua:
954 2073 1006 2107 ipsi
1025 2072 1164 2107 accepturi
1193 2075 1284 2103 erant,
1314 2072 1355 2098 \‘cl
1386 2079 1419 2099 ex
1447 2071 1515 2107 ipsis
1540 2071 1662 2098 oriundi.

875 2118 988 2146 Prxfert
998 2122 1088 2145 autent
1102 2117 1186 2145 Jacoh
1202 2118 1254 2153 ipsi
1266 2117 1349 2150 Esau,
1361 2125 1410 2145 ceu
1419 2125 1480 2145 eum
1499 2117 1546 2153 qui
1564 2117 1663 2145 virtute

875 2164 1014 2196 claruerit,
1030 2169 1058 2191 et
1069 2164 1116 2199 qui
1131 2164 1176 2198 jus
1190 2163 1413 2199 primogenitum
1427 2164 1576 2198 acceperit,
1590 2171 1622 2191 ac
1633 2163 1661 2191 in

873 2211 1003 2237 omnibus
1014 2210 1112 2245 dignus
1130 2215 1189 2238 erat
1207 2210 1252 2246 qui
1265 2210 1458 2246 prmierreturl
1667 2209 1670 2212 ’

917 2267 999 2294 Vens.
1018 2267 1064 2294 21.
1087 2266 1153 2294 Fide
1179 2267 1263 2295 Iacob
1276 2268 1389 2295 moriens
1407 2266 1525 2302 singulos
1545 2268 1663 2303 filiorum

875 2313 973 2345 Joseph
989 2313 1131 2344 benedixit,
1141 2318 1165 2340 et
1179 2314 1300 2340 adoravit
1314 2314 1348 2340 ad
1357 2313 1495 2348 [astigium
1506 2314 1584 2348 virgw
1592 2314 1660 2348 ejus.

876 2359 937 2386 Filii
954 2359 1065 2394 .Ioseph,
1078 2360 1218 2387 Manasses
1230 2364 1257 2387 et
1273 2360 1401 2394 Ephraim
1418 2368 1425 2386 ι
1443 2358 1582 2386 Manasses
1599 2360 1662 2393 qui-

876 2405 936 2432 dem
954 2405 1028 2439 prior
1047 2409 1116 2436 erat,
1132 2405 1261 2439 Ephraim
1278 2412 1344 2432 vero
1359 2406 1495 2439 posterior
1515 2411 1525 2433 τ
1540 2409 1661 2432 attamen

875 2449 1006 2485 Ephraim
1021 2449 1106 2477 Jacob
1129 2450 1281 2484 majoribus
1298 2449 1536 2477 benedictionibus
1552 2450 1664 2478 benedi—

875 2496 925 2528 xit.
935 2496 1091 2530 dextraque
1107 2502 1203 2523 manus
1216 2502 1264 2530 per
1277 2498 1463 2523 transversum
1477 2494 1661 2530 impositione,

876 2548 907 2568 ac
922 2540 949 2567 in
964 2545 1068 2568 tantum
1087 2539 1204 2567 credidit
1230 2544 1376 2568 eventuras
1400 2539 1616 2572 benedictiones,
1635 2545 1663 2567 et

878 2586 950 2622 quod
967 2587 1054 2615 tribus
1064 2585 1192 2622 Ephraim
1205 2591 1347 2621 regnatura
1363 2589 1439 2619 erat;
1452 2590 1481 2612 ut
1493 2590 1520 2614 et
1533 2585 1663 2620 operibus

878 2631 945 2666 ipsis
960 2631 1229 2659 commonstraverit.
1253 2630 1385 2659 Adoravit
1409 2631 1480 2658 enim
1500 2629 1663 2665 Josephum,

878 2677 963 2704 totius
988 2678 1081 2713 populi
1104 2677 1291 2706 adorationem
1317 2677 1490 2706 denuntians.
1521 2676 1664 2712 Quomodo

712 2763 814 2794 Variae
830 2764 995 2797 Iocti0nes.

100 2800 116 2818 ³⁸
126 2803 217 2842 emisi.
230 2819 255 2840 ο.
296 2813 318 2828 ⁸³
331 2812 359 2840 ἐν
370 2811 432 2849 ξένῃ
447 2821 484 2841 m.
523 2813 545 2829 ⁶⁰
560 2813 691 2848 πρότερος
707 2822 743 2841 In.
