1880 3055
51 146 95 176 365

410 145 612 177 EXPOSlTlO
633 148 673 178 IN
693 148 810 178 EPIST.
829 149 879 179 AD
899 151 1092 182 llEBllEOS.
1110 166 1142 170 —-
1159 154 1301 184 CARXI.

1613 159 1667 192 366

57 204 94 235 Ὡς
105 203 128 229 ot
144 203 207 239 περὶ
232 203 338 236 Ἠλίαν,
353 204 438 237 οὕτως
449 203 520 241 ἦσαν
534 206 697 241 ἀκτήμονες.
716 206 823 241 Ἐπειδὴ

912 208 993 242 ius,“
1004 210 1050 245 qui
1062 218 1123 238 cum
1138 219 1171 239 eo
1186 218 1264 241 erant
1277 221 1285 246 ;
1303 213 1372 242 adeo
1388 222 1478 243 rerum
1493 218 1666 251 posschione

51 250 96 284 γὰρ
111 249 185 276 οὔπω
213 250 350 286 τοσαύτην
375 249 448 286 εἶχον
462 251 598 286 ὑπόληψιν
612 260 645 278 πε
651 252 676 286 pl
691 251 744 279 τῶν
758 252 826 280 ἀπο-

51 295 148 327 στόλων,
166 296 238 330 μετὰ
252 296 283 323 τὺ
298 297 411 325 ἐκείνων
442 298 608 333 μνησθῆναι,
635 298 684 325 ἐπὶ
696 299 743 326 τὸν
756 307 825 334 προ-

51 340 127 375 φήτην
151 340 197 367 τὸν
222 340 327 374 ἔνδοξον
357 341 405 368 καὶ
432 342 623 378 ἀναληφθέντα
637 343 711 378 ἥκει.
729 343 766 370 Τδ
785 344 825 376 δὲ,

51 384 215 419 Περιῆλθον,
228 386 258 412 τὺ
271 386 419 414 διώκεσθαι
450 388 552 419 αὐτοὺς
580 388 659 425 δηλοῖ
679 390 728 416 καὶ
739 389 826 416 ἀστα-

50 432 107 458 τεῐν.
121 431 241 468 Μηλωτὴ
255 432 295 466 δὲ,
307 433 338 460 τὸ
350 433 405 461 τοῦ
416 433 529 469 μήλου,
547 434 608 470 ἦτοι
622 434 672 462 τοῦ
687 434 824 471 προϐάτου

50 478 134 513 δέρμα.

82 570 318 604 ’Υστερούμενοι.
338 571 381 603 Ὠς
397 573 479 604 αὐτὸς
495 570 676 605 οὗτοςἸΙλίας
687 573 826 601 καὶἘλισ-

50 616 121 646 σαῖος.
136 615 267 648 Γυναῖκες
283 617 338 652 γὰρ
352 617 451 650 αὐτοὺς
467 619 590 653 ἔτρεφον.

78 659 269 694 Θλιὸὀμενοι,
295 664 547 697 κακουχούμενοι.
578 664 616 691 Οὐ
651 664 737 700 μικρὰ
770 665 824 700 γὰρ

49 705 129 732 Ἠλίαν
143 707 261 738 Ἰεζάϐελ
281 708 370 735 ἔθλισε
385 709 531 737 διώκουσα.

78 748 128 777 Ὧν
146 753 202 779 οὐκ
217 751 259 787 ἦν
280 753 366 787 ἄξιος
380 756 396 782 ὀ
412 756 536 790 κόσμος.
553 756 610 783 Οὺιι
627 755 713 792 ἔχετε,
731 757 822 792 φησὶν,

50 797 123 822 εἰπεῖν
153 798 193 824 ὅτι
226 799 386 834 ἁμαρτωλοὶ
420 801 507 834 ὄντες,
530 802 644 829 τοιαῦτα
654 803 676 819 ⁸⁸
692 802 822 838 ἔπασχον,

50 842 107 868 ἀλλὰ
128 843 255 877 τοιοῦτοι,
286 842 338 872 οἷοι
349 846 397 872 καὶ
412 846 460 873 τοῦ
471 847 576 882 κόσμου
591 847 675 875 αὐτοῦ
693 847 823 883 τιμιώτε-

50 896 84 921 po:
97 886 171 915 εἶναι.
187 890 299 925 Κόσμον
311 890 350 924 δὲ,
365 891 414 918 καὶ
429 892 458 918 τὸ
478 881 583 928 πλῆθος
598 894 646 921 καὶ
664 881 824 930 τὴν-κτίσιν
840 881 861 909 Β

50 934 122 970 αὑτήν
146 944 229 970 φησιν
247 937 264 972 ἡ
281 937 388 974 Γραῳή.
419 939 567 967 Κάνταῦθα
595 938 641 968 οὖν
666 941 821 978 ἀμφότερα.

54 979 107 1006 Ἐὰν
122 981 211 1008 πᾶσαν
221 980 279 1015 οὖν,
295 984 372 1018 φησὶ,
385 984 436 1019 τὴν
453 985 541 1013 κτίσιν
554 986 624 1022 μετὰ
636 987 690 1014 τῶν
707 988 737 1014 ὲν
753 987 822 1023 αὐτῇ

50 1025 185 1060 ἀνθρώπων
201 1028 368 1065 ἀπιστήσῃς
382 1031 499 1063 τούτοις,
512 1031 589 1059 οὐδὲν
605 1033 728 1066 ἀντάξιον
741 1033 824 1069 εὑρή-

51 1080 96 1103 σεις
107 1073 215 1102 τούτων.
250 1075 382 1103 Ἐνταῦθα
410 1077 438 1104 δὲ
461 1077 629 1113 διανίστησιν
656 1079 746 1107 αὐτῶν
774 1080 823 1112 τὰς

51 1118 159 1153 καρδίας,
176 1119 248 1146 ὥστε
271 1121 355 1156 μηδὲν
381 1122 473 1158 ζητεῖν
484 1123 537 1151 τῶν
552 1124 581 1150 ἐν
591 1123 630 1159 τῷ
644 1125 750 1160 κόσμῳ,
767 1125 824 1159 εἴγε

51 1163 164 1199 ὀκὸσμος
191 1165 242 1192 οὐχ
279 1167 352 1194 ἔστιν
367 1167 441 1200 ἄξιος
465 1169 520 1196 τῶν
548 1169 646 1204 ἁγίων.
659 1170 760 1206 ’Υσρις
770 1171 824 1206 γάρ

52 1218 89 1236 σου
104 1211 183 1244 ἐστὶν,
213 1212 262 1239 ἐὰν
289 1213 405 1242 ἐνταῦθα
427 1214 512 1251 λάϐῃς
525 1216 570 1243 τόν
591 1216 698 1249 μισθόν·
719 1216 824 1249 ἔδειξας

51 1257 95 1293 γὰρ
107 1260 200 1286 σαυτὸν
223 1259 380 1295 οὐδαμινῶν
395 1261 460 1288 ὄντα
472 1262 558 1294 ἄξιον.
582 1262 613 1289 Et
631 1264 684 1295 πᾶς
697 1264 711 1290 ὁ
722 1264 824 1300 κόσμος

51 1304 92 1330 οὐκ
102 1304 171 1333 ἔστιν
183 1306 260 1339 ἄξιος
273 1307 333 1339 ἑνὸς
348 1307 441 1342 ἁγίου,
457 1308 484 1335 τί
503 1309 587 1344 μέρος
601 1309 710 1345 (msh;

83 1445 126 1472 'E'r
143 1446 277 1481 ἐρημίαις
291 1448 492 1483 πλανώμενοι,
506 1450 555 1476 καὶ
577 1450 671 1484 ὄρεσι,
684 1450 733 1477 καὶ
744 1457 824 1485 σπη-

49 1492 144 1525 λαίοις,
164 1493 212 1520 καὶ
227 1492 294 1526 ταῖς
307 1493 394 1527 ὀπαῖς
408 1495 464 1528 τῆς
475 1495 541 1530 γῆς.
559 1496 604 1528 Ὠς
619 1496 726 1529 Ἠλίας,
739 1498 786 1523 καὶ
798 1498 822 1524 οἱ

50 1539 171 1573 προφῆται
187 1539 216 1566 δὲ
236 1541 261 1566 οἱ
285 1540 336 1567 ὑπὸ
372 1541 477 1568 ’Λΰδίου
506 1542 670 1577 τρεφόμενοι
696 1543 818 1579 κρὺὗδην
836 1555 859 1586 c

51 1586 73 1610 ὲν
83 1585 118 1620 τῷ
133 1587 342 1621 σπη).αίῳ.οὺδὲ
353 1587 402 1623 τὴν
417 1588 634 1625 ἑρημίαν,φησὶ,
645 1590 716 1624 μετὰ
731 1589 823 1622 ἁδείας

50 1631 122 1657 οἰκεῖν
144 1633 356 1668 συνιχωροῦντο,
389 1633 458 1660 ἀλλὰ
475 1634 606 1662 κάκεῖθεν
623 1635 773 1670 ἠλαύνοντο
785 1635 824 1671 τῷ

52 1677 122 1711 ςόὃῳ,
151 1679 196 1706 καὶ
225 1678 322 1706 ἄλλοτε
336 1679 456 1715 ἀλλαχοῦ
469 1679 636 1708 ἐπλανῶντο.
661 1681 732 1708 Ἀλλ’
749 1682 824 1716 ὅμως

51 1721 174 1749 ἐπίστευον
189 1723 364 1759 παράκλησιν
380 1725 492 1752 αιὼνιον
501 1725 635 1761 λήψεσθαι
651 1726 726 1762 παρὰ
745 1727 823 1761 Θεοῦ,

51 1768 87 1792 καὶ
105 1768 236 1804 ὑπέμενον
257 1769 352 1797 ταῦτα.

79 1814 125 1841 Kal
157 1814 241 1843 οὗτοι
280 1817 393 1850 πάντες
423 1819 666 1852 μαρτυρηθέντες
688 1819 738 1846 διὰ
766 1821 822 1854 τῆς

52 1859 165 1894 πίστεως
191 1863 248 1889 οὐκ
269 1862 451 1898 ἐκομίσαντο
475 1864 534 1898 τὴν
558 1864 750 1900 ἐπαγγελίαν.
778 1867 822 1900 Τί,

52 1907 116 1940 φησι,
140 1909 345 1944 μικροψυχεῆε,
371 1909 453 1936 ὃτιὶν
467 1911 507 1946 τῷ
537 1911 624 1945 ἀγῶνι
646 1912 723 1945 ὄντες
746 1912 824 1940 οὖπω

51 1952 91 1983 τὰς
101 1953 212 1988 ἀμοιϐὰς
229 1954 373 1988 ὲδέξασθε;
392 1956 424 1982 Ol.
437 1956 578 1991 εἰρημένοι
610 1957 711 1989 πάντες
738 1958 822 1992 amt,

52 1997 127 2024 καίτοι
135 1999 183 2034 ήδη
196 2001 420 2036 μαρτυρηθέντες
430 2002 474 2029 διὰ
484 2002 533 2037 τῆς
544 2003 663 2035 πίστεως
675 2004 824 2040 εὐηρεστη-

52 2045 128 2079 κέναι,
155 2047 231 2075 οὔπω
257 2050 426 2084 τετυχήκασι
440 2049 494 2076 τῶν
512 2051 543 2078 ὲν
559 2050 686 2086 οὐρανοῖς
702 2052 824 2086 ἐπαγγε-

51 2090 114 2119 λιῶν.
128 2093 185 2120 Τῶν
218 2094 274 2130 γὰρ
301 2096 376 2122 κάτω
398 2097 472 2128 τινὲς
487 2097 621 2133 ἐπέτυχον
634 2098 822 2133 ἐπαγγελιῶν.

53 2135 83 2167 ὼς
96 2138 108 2164 ὃ
120 2139 207 2167 Δαϐίδ.
232 2140 304 2167 Ἀλλ’
319 2142 349 2168 οὒ
366 2142 446 2169 τοῦτο
461 2143 491 2169 τδ
507 2143 689 2179 ζητούμενον·
707 2145 742 2172 τὰ
755 2144 784 2171 δὲ
795 2145 824 2172 ὲν

53 2183 170 2218 οὐρανοῖς,
187 2185 276 2214 ταῦτα
289 2188 360 2215 εἰσιν
373 2187 459 2221 ὁντως
472 2189 645 2224 ἐπαγγελίαι.

880 254 1018 282 carebant.
1031 255 1099 288 Quia
1117 257 1189 284 enim
1217 258 1337 285 nondum
1356 263 1460 288 tantam
1476 261 1511 289 de
1535 263 1666 298 apostolis

875 300 1033 334 opinionem
1055 308 1259 338 conceperunt,
1287 309 1433 341 postquam
1457 307 1566 336 illorum
1589 317 1666 337 men-

876 347 978 375 tionem
990 347 1154 381 fecisset.ad
1172 349 1303 386 inclytum
1319 353 1478 387 prophetam
1499 355 1547 390 qui
1562 355 1589 384 in
1609 364 1666 385 cm-

877 391 932 419 lum
947 393 1083 425 sublatus.
1093 395 1176 423 venit.
1190 396 1268 429 Quod
1283 402 1372 425 autem
1383 399 1440 426 ait:
1458 400 1664 435 Circumierunt,

875 444 923 464 eos
944 439 1162 472 persecutionem
1185 449 1244 470 esse
1273 450 1371 478 passos
1387 445 1502 480 indicat,
1524 452 1551 475 et
1566 448 1592 475 in
1609 457 1665 477 uno

876 482 936 510 loco
946 491 1000 511 non
1019 487 1143 520 potuisse
1159 488 1262 515 morari
1278 497 1285 515 :
1309 487 1406 517 Melcte
1425 496 1528 525 autem,
1547 494 1607 521 ovis
1623 496 1664 522 vcl

876 530 988 564 pecudis
1008 537 1049 559 est
1068 533 1158 567 pellis.

910 575 1033 611 Egentes.
1053 578 1088 605 Ut
1106 579 1150 607 ille
1177 579 1236 616 ipse
1260 581 1332 610 Elias
1346 585 1372 609 et
1388 582 1514 612 Elisazus.
1536 585 1664 616 Mulieres

875 621 946 647 enim
963 629 1010 650 eos
1027 623 1148 652 alebant.

911 667 1074 702 Angustiati,
1106 671 1206 706 aﬂlicti.
1233 671 1311 700 llaud
1347 681 1444 709 parum
1472 676 1543 704 enim
1576 678 1661 707 Etiam

875 712 984 752 Iezabel
1000 717 1190 749 persecutione
1205 725 1254 745 sua
1268 719 1373 753 alllixit.

912 758 995 786 Vtilis.
1013 761 1057 788 38.
1085 761 1187 795 Quibus
1209 764 1304 799 dignus
1318 774 1370 793 non
1389 772 1446 794 erat
1463 770 1587 798 mundus.
1602 772 1662 799 Non

875 805 990 839 potestis
999 806 1101 837 dicere,
1113 808 1210 843 inquit,
1222 811 1294 844 quod
1309 818 1467 846 peccatores
1484 823 1545 844 cum
1560 825 1662 850 essent,

878 851 935 878 hazc
958 851 1012 878 sint
1034 853 1107 887 passi
1126 862 1133 880 :
1158 863 1251 882 verum
1279 858 1347 887 tales
1369 859 1490 893 fuerunt,
1508 867 1537 889 ut
1560 868 1586 890 et
1603 864 1663 899 ipso

877 898 978 924 mundo
1007 898 1196 928 honoratiores
1227 907 1331 931 essent.
1363 904 1493 933 Mundum
1520 898 1619 936 autem
1636 915 1664 938 et

876 943 1018 971 hominum
1055 946 1281 982 multitudinem,
1312 953 1340 978 et
1370 952 1464 979 mundi
1495 958 1662 984 structuram

876 989 1018 1024 Scriptura
1034 991 1162 1026 appellat.
1177 992 1299 1029 Utraque
1311 1000 1403 1024 autem
1419 998 1463 1026 hic
1478 1001 1662 1036 accipiuntur.

876 1032 905 1061 Si
922 1035 1012 1070 itaque
1026 1035 1192 1071 universam,
1210 1038 1307 1074 inquit,
1317 1042 1410 1069 mundi
1425 1032 1588 1073 structuram
1601 1054 1662 1074 cum

877 1080 1033 1109 hominibus
1047 1082 1094 1118 qui
1109 1083 1135 1110 in
1151 1091 1184 1111 eo
1199 1089 1337 1113 suntcum
1359 1086 1418 1116 istis
1438 1090 1574 1124 conferas,
1595 1093 1662 1120 nihil

876 1126 1000 1155 invenies
1012 1129 1084 1163 quod
1098 1128 1152 1156 illis
1168 1129 1300 1165 dignitate
1315 1134 1490 1168 respondeat.
1509 1135 1558 1163 llic
1572 1142 1661 1165 autem

875 1173 974 1201 excitat
1001 1182 1095 1202 eorum
1122 1176 1204 1213 744
1232 1177 1326 1211 corda,
1354 1184 1384 1207 ut
1407 1181 1473 1209 nihil
1494 1183 1662 1212 mundanum

875 1225 1000 1253 qua‘rant
1016 1229 1021 1247 :
1041 1221 1176 1256 siquidem
1193 1224 1311 1253 mundus
1327 1231 1369 1254 est
1394 1226 1523 1263 indignus
1539 1230 1661 1258 'sanctis.

876 1263 977 1298 lnjuria
990 1265 1063 1292 enim
1082 1270 1128 1293 tua
1149 1271 1202 1302 est,
1225 1268 1248 1295 si
1271 1269 1317 1296 hic
1338 1272 1477 1306 acceperis
1499 1274 1661 1304 mercedem.

876 1308 1034 1338 Monstrasti
1060 1311 1133 1339 enim
1159 1313 1275 1348 teipsum
1302 1316 1405 1344 nullius
1433 1326 1497 1346 esse
1526 1321 1617 1355 pretii.
1633 1321 1660 1349 Si

876 1354 1021 1383 universus
1042 1357 1160 1385 mundus
1169 1366 1223 1386 non
1239 1364 1279 1387 est
1293 1360 1392 1396 dignus
1408 1370 1463 1390 uno
1477 1369 1583 1398 sancto,
1597 1367 1661 1400 quid

875 1406 979 1436 partem
994 1403 1144 1437 quatritas?

911 1447 945 1474 In
965 1448 1154 1477 solitudiniqu
1171 1456 1299 1485 errantes,
1310 1458 1335 1480 et
1345 1456 1487 1489 monn'lms,
1499 1462 1523 1484 et
1532 1459 1662 1492 speluncis

875 1498 899 1520 et
920 1494 1039 1521 cavernis
1055 1498 1141 1522 terra.
1155 1495 1190 1523 Ut
1207 1497 1293 1530 Elias,
1312 1503 1339 1526 et
1357 1502 1506 1536 prophetae.
1525 1504 1571 1538 qui
1587 1505 1663 1532 clan-

875 1539 966 1567 culum
979 1540 1014 1568 ab
1034 1541 1119 1569 Ahdia
1130 1543 1156 1570 in
1174 1545 1304 1578 spelunca
1318 1546 1471 1575 alebantur.
1487 1548 1580 1585 Neque
1596 1553 1663 1579 soli-

879 1586 1014 1618 tudinem,
1032 1587 1132 1623 iuquit,
1149 1590 1208 1617 sine
1224 1591 1322 1620 timore
1334 1593 1453 1621 incolere
1467 1596 1664 1629 permitteban-

876 1635 931 1665 tur,
946 1639 1040 1660 \‘erum
1056 1634 1120 1662 inde
1133 1635 1214 1662 etiam
1233 1641 1306 1665 metu
1326 1638 1515 1674 abigcbantur,
1543 1647 1570 1669 et
1590 1652 1663 1672 nunc

875 1677 930 1711 hic,
944 1686 1018 1706 nunc
1039 1679 1095 1707 illic
1111 1681 1286 1710 oberrabant.
1301 1683 1426 1712 Attamen
1440 1687 1586 1715 credebant
1601 1697 1662 1718 sese

875 1725 1090 1753 consolationem
1108 1731 1238 1754 aeternam
1254 1733 1414 1764 accepturos
1430 1739 1444 1758 a
1462 1732 1526 1767 Deo,
1548 1734 1662 1770 ideoque

875 1770 933 1798 hazc
947 1772 1131 1805 patiebantur.

911 1815 995 1844 Vens.
1008 1818 1053 1845 39.
1063 1817 1094 1844 Et
1105 1818 1240 1853 In'omnes,
1255 1821 1401 1849 testimonio
1415 1824 1662 1859 ﬁdeiprobati,non

875 1869 1028 1897 acceperunt
1044 1865 1283 1898 repromissionem.
1301 1867 1380 1902 Quid,
1397 1870 1494 1905 inquit.
1519 1874 1662 1906 pusillani-

875 1916 934 1935 mes
947 1909 1023 1942 estis,
1044 1910 1117 1944 quod
1140 1919 1202 1938 cum
1227 1912 1254 1939 in
1274 1915 1425 1943 certamine
1444 1917 1516 1949 sitis,
1539 1919 1660 1947 nondum

875 1954 1037 1988 acceperitis
1062 1957 1230 1990 prmmium?
1257 1957 1379 1987 Przedieti
1419 1968 1516 1990 omnes
1545 1966 1660 1994 sancti.

875 1999 983 2028 etiamsi
998 2000 1184 2028 testimonium
1204 2002 1336 2031 haberent
1350 2007 1423 2040 quod
1444 2007 1498 2035 Deo
1518 2017 1566 2043 per
1582 2011 1661 2038 (idem

875 2044 1027 2080 placebant,
1042 2046 1163 2073 nondum
1180 2051 1270 2075 tamen
1286 2051 1404 2078 assecuti
1427 2059 1490 2080 sunt
1509 2055 1662 2084 caa’cstiunt

875 2091 1010 2119 honorum
1038 2093 1247 2127 promissiones.
1278 2095 1381 2124 lnferas
1406 2099 1514 2131 quidem
1539 2101 1662 2137 achque

876 2143 1021 2166 terrestres
1046 2139 1242 2173 promissiones
1268 2143 1392 2170 nonnulli
1420 2145 1509 2180 adepti
1532 2153 1606 2181 sunt,
1633 2158 1662 2177 ut

876 2183 972 2212 David.
994 2183 1129 2212 Craterum
1155 2184 1182 2212 id
1211 2193 1267 2213 non
1294 2191 1353 2215 erat
1374 2190 1446 2224 quod
1462 2193 1660 2225 quaerebatur:

840 2223 865 2252 Ῐ)
877 2230 924 2258 sed
942 2239 1002 2266 qua:
1015 2231 1041 2259 in
1058 2232 1135 2260 caelis
1151 2237 1225 2266 sunt,
1242 2233 1294 2261 ista
1306 2241 1399 2262 revera
1421 2242 1485 2273 sunt
1503 2240 1663 2273 promissio-

82 2320 130 2348 Τοῦ
146 2323 220 2350 Θεοῦ
245 2324 308 2358 περὶ
323 2324 408 2358 ἡμῶν
423 2324 558 2359 κρεῖττόν
572 2332 599 2352 τι
613 2327 823 2362 προϐλεψαμέ-

52 2372 107 2397 νου,
122 2367 224 2402 ἵναμὴ
241 2369 330 2403 χωρὶς
357 2369 442 2404 ἡμῶν
462 2369 669 2398 τελειωθῶσιν.
693 2372 824 2407 Κρετττόν

54 2417 83 2443 τι,
96 2413 225 2446 τουτέστι,
241 2415 310 2450 πρὸς
327 2416 412 2450 τιμὴν
424 2416 514 2450 ἡμῶν.
529 2417 588 2443 Ἵνα
604 2416 658 2452 γὰρ
675 2417 713 2452 μὴ
724 2418 824 2445 δοκῶσι

54 2455 206 2486 πλεονεκτεῖν
236 2460 315 2495 ἡμῶν
331 2460 369 2496 τῷ
386 2461 513 2497 πρώτους
540 2462 755 2496 στεφανοῦσθαι,
775 2463 823 2491 ἕνα

55 2502 110 2528 πᾶσι
122 2506 214 2540 καιρὸν
246 2505 330 2542 ὥρισε
344 2507 398 2533 τῶν
416 2507 567 2542 στεφάνων.
586 2508 642 2535 Καὶ
665 2508 716 2535 οὐκ
734 2507 822 2542 εἶπεν,

55 2545 110 2574 ἰνα
117 2550 156 2583 μὴ
167 2552 412 2585 στεφανωθῶσιν,
419 2552 555 2585 ἀλλ,’⁴ινα
564 2553 605 2588 μὴ
617 2553 822 2582 τελειωθῶσιν.

55 2591 121 2620 Ὥστε
150 2595 200 2623 καῖ
223 2597 322 2624 τέλειοι
339 2599 400 2624 τότε
429 2599 583 2632 φαίνονται.
602 2599 708 2631 Ἀλλως
719 2608 749 2626 τε
774 2599 822 2626 νῦν

55 2638 198 2673 ἀρραϐῶνας
207 2643 299 2678 ἔχουσι
316 2643 367 2679 τῆς
387 2645 480 2680 τιμῆς.
504 2644 589 2671 Πόθεν
615 2644 669 2680 γὰρ
697 2645 788 2677 αὐτοῖς
805 2647 821 2681 ἡ

54 2683 86 2714 εὶς
95 2685 121 2710 τὸ
134 2685 236 2722 βοηθεῖν
260 2690 318 2721 τοῖς
330 2689 556 2725 ἐπικαλουμένοις
568 2690 666 2721 αὐτοὺς
681 2690 796 2724 δύναμις
811 2700 819 2723 ;

54 2729 123 2757 τόθεν
134 2732 162 2759 τὺ
175 2734 333 2770 παρρησίαν
354 2735 427 2771 ἔχειν
446 2735 487 2768 εις
500 2735 531 2762 τδ
547 2735 710 2771 πρεσϐεύειν
723 2744 731 2768 ;
747 2735 779 2762 τδ
792 2736 820 2762 δὲ

873 2282 931 2303 nes.

910 2321 994 2350 Vsus.
1015 2323 1059 2350 40.
1075 2324 1129 2351 Deo
1143 2325 1176 2352 de
1187 2326 1261 2354 nobis
1277 2328 1370 2355 melius
1384 2329 1487 2363 aliquid
1498 2331 1660 2366 providente,

875 2373 903 2394 ut
920 2376 973 2395 non
990 2370 1046 2397 sine
1062 2371 1137 2398 nobis
1154 2379 1409 2400 consummaremur.
1431 2374 1526 2402 Melius
1546 2376 1659 2411 aliquid,

876 2414 930 2442 hoc
944 2419 997 2447 est,
1011 2416 1044 2442 ad
1060 2416 1193 2444 honorem
1212 2422 1347 2446 nostrum.
1366 2419 1404 2446 Ne
1426 2420 1571 2448 videantur
1586 2423 1660 2450 enim

875 2461 957 2489 nobis
976 2468 1036 2488 esse
1061 2462 1181 2496 potiores
1197 2463 1219 2490 si
1241 2464 1321 2498 primi
1336 2471 1552 2500 coronarentur,
1576 2476 1660 2496 unum

873 2506 1002 2533 omnibus
1017 2514 1183 2535 coronarum
1206 2513 1313 2544 tempus
1329 2512 1432 2538 statuit.
1459 2512 1516 2540 Nec
1529 2513 1608 2546 dixit,
1626 2515 1661 2542 Ut

875 2559 929 2578 non
946 2556 1154 2585 coronarentur,
1183 2555 1242 2587 sed,
1266 2556 1297 2582 Ut
1325 2564 1376 2583 non
1403 2566 1659 2588 consummarenlur.

901 2598 1019 2626 Proinde
1045 2604 1111 2626 tunc
1127 2599 1240 2634 perfecti
1257 2595 1430 2631 videbuntur.
1445 2603 1589 2638 Praeterea,
1603 2605 1660 2641 jam

873 2651 949 2671 nunc
969 2644 1150 2672 arrhabonem
1167 2649 1194 2673 et
1210 2646 1308 2680 pignus
1324 2647 1436 2676 honoris
1453 2650 1562 2678 habent.
1583 2650 1660 2679 Unde

875 2689 949 2716 enim
981 2689 1021 2716 eis
1053 2695 1176 2724 potestas
1208 2691 1359 2719 auxiliandi
1385 2693 1579 2724 invocantibus
1604 2697 1660 2725 se?

876 2734 955 2763 Unde
970 2735 1036 2769 ipsis
1051 2735 1150 2764 ﬁducia
1163 2736 1350 2767 intercedendi
1370 2738 1382 2766 ἵ
1398 2738 1595 2770 Perlectionem
1610 2751 1661 2772 au-

703 2823 804 2855 Variae
816 2822 979 2856 lectiones.

94 2870 114 2887 ”
122 2871 204 2902 ταῦτα
215 2883 242 2902 o.
