1880 3055
57 124 119 156 373

463 121 666 152 EXPOSITIO
693 122 734 151 IN
755 122 875 153 EPIST.
893 122 942 152 AD
958 121 1154 152 HEBRIEOS.
1167 132 1202 138 —
1215 119 1294 151 CAP.
1307 118 1376 150 XII;

1640 121 1693 154 374

58 177 255 213 ἒχρημάσισαν
268 184 274 190 ·
294 176 428 212 πρόδηλον
449 177 498 204 καὶ
524 177 735 213 ἀναντίρρητον,
751 177 793 205 δτι
813 177 852 209 ὡς

944 181 983 206 at:
1002 177 1113 212 planum
1129 180 1209 204 estet
1224 174 1413 209 irreiragabile
1427 174 1501 211 quod
1518 174 1598 203 vobis
1614 181 1643 204 ut
1660 177 1693 204 li-

61 225 136 255 υῐοίς
169 223 236 258 ὑμῖν
254 222 442 258 προσφέρεται
462 223 477 249 δ
492 222 570 254 Θεὸς,
585 223 633 250 καὶ
646 223 690 250 διὰ
713 223 854 259 φροντίδος

61 269 141 303 ὑμᾶς
160 268 228 302 ἔχει,
245 268 291 294 ἴνα
306 268 343 303 μὴ
360 268 521 295 ἀπαίδευτοι
535 267 666 303 ἀπο6ἦτε,
687 269 734 296 καὶ
748 269 778 296 ὲκ
792 268 854 296 roti-

61 323 114 340 του
133 314 309 348 ἀποκλήρους
323 313 394 348 ὑμᾶς
409 313 545 349 ὲξωθήσῃ.

102 357 177 385 Εἶτα
204 359 278 392 τοὺς
298 358 357 393 μὲν
387 360 442 393 τῆς
472 360 587 394 σαρκὸς
615 360 700 395 ἡμῶν
726 361 855 395 πατέρας

60 405 188 438 εἴχομεν
205 405 378 438 παιδευτὰς,
394 405 443 432 καὶ
456 405 683 440 ἐνετρεπόμεθα.
701 407 742 433 Οὐ
751 405 856 438 πολλῷ

60 449 191 484 μᾶλλον
209 450 460 485 ὑποταγησόμεθα
482 449 521 483 τῷ
540 452 627 486 πατρὶ
648 451 708 478 τῶν
727 452 857 486 πνευμά-

64 505 137 528 των,
167 497 216 523 καὶ
241 495 381 531 ζήσομεν.
413 497 462 523 Ἐκ
480 497 534 524 τῶν
559 497 620 524 κατ’
647 497 746 529 αὐτοὺς
775 497 857 525 πάλιν

62 542 262 568 ἀποδείκνυσιν
280 542 321 568 ὅτι
350 542 391 569 δεῖ
423 542 581 577 ὑπομένειν.
613 543 644 569 El
667 543 723 579 γὰρ
747 543 812 570 ὅταν
832 543 857 570 οἱ

66 587 199 622 sapieton
220 588 336 622 πατέρες
365 588 510 615 ἐπαίδευον
525 589 609 624 ἡμᾶς,
632 589 682 616 οὐκ
697 589 857 625 ἐτολμῶμεν

64 633 258 667 ἁποπηδῆσαι,
283 633 341 660 ἀλλ’
369 635 573 670 ἐνετρεπόμεθα
600 635 648 662 καὶ
673 635 858 671 ὑπεμένομεν,

65 679 119 705 ὅσα
134 679 168 705 ἂν
192 679 326 714 ἐπέφερον
342 689 348 695 ·
366 680 442 715 πόσῳ
464 681 564 715 μᾶλλον
580 681 628 708 νῦν
647 680 694 708 τοῦ
711 681 778 708 Θεοῦ
794 691 859 709 παι-

64 724 192 754 δεύοντος
207 733 215 758 ;
235 724 307 759 ὀρα
333 725 372 757 δε,
393 726 444 753 οὐκ
460 724 522 753 εἷπε
544 727 622 761 Πόσῳ
638 727 738 762 μᾶλλον
753 728 859 761 ὑπομε-

67 769 182 803 νοῦμεν,
211 770 280 802 ἀλλ’,
309 771 560 807 ὑποταγησόμεθα
574 780 581 788 ·
599 773 707 805 δεικνὺς
720 773 763 800 ὄτι
780 774 858 800 ἀντι-

69 814 171 840 στάτου
189 814 249 840 ἐστι
269 815 315 841 καὶ
331 815 466 846 ἀντιθέου,
478 816 509 842 τὸ
528 816 565 852 μὴ
585 817 733 852 ὑπομένειν
758 818 858 853 θλίψιν.

68 859 191 893 Πατέρα
208 860 237 886 δὲ
252 860 442 895 πνευμάτων,
459 862 476 897 ἦ
492 862 546 889 τῶν
565 863 754 898 χαρισμάτων,
774 864 790 899 ἢ
805 863 859 890 τῶν

67 905 231 939 ἀσωμάτων
249 905 402 941 δυνάμεων,
417 907 448 942 ἢ,
461 907 531 943 ὅπερ
545 908 594 935 καὶ
610 909 785 944 οἰκειότερον,
804 908 860 935 τῶν

67 950 178 986 ψυχῶν.
215 951 288 987 Πρὸς
312 952 367 986 γὰρ
399 952 603 989 ἀντιδιαστολὴν
636 953 692 980 τῶν
721 953 861 989 σαρκικῶν

70 996 212 1031 πατέρων,
240 995 301 1023 εἶπε
328 997 358 1024 τὸ
390 999 586 1033 πνευματικόν.
612 998 667 1026 Kal
689 998 861 1034 ζήσομενδὲ

69 1042 258 1077 προσέθηκεν,
275 1043 317 1069 ἵνα
340 1043 424 1079 δείξῃ,
447 1044 488 1070 ὅτι
502 1044 516 1070 ὸ
530 1043 718 1076 ἀνυπότακτος
735 1044 796 1071 οὐδὲ
815 1045 860 1080 ζῇ.

71 1087 145 1120 Ἐξω
159 1088 215 1122 γάρ
235 1088 292 1114 ἐστι
306 1087 352 1114 τοῦ
371 1087 450 1120 Θεοῦ,
463 1088 491 1120 ὃς
505 1088 564 1115 ἐστι
581 1088 648 1124 ζωή.

107 1177 143 1202 Οἱ
166 1177 228 1210 μὲν
256 1175 311 1210 γὰρ
330 1176 405 1209 πρὸς
429 1176 534 1211 ὀλίγας
560 1176 682 1211 ἡμέρας.
714 1176 784 1204 Οὔτε
808 1177 862 1213 γὰρ

72 1222 198 1256 ἰσχύουσι
232 1221 267 1247 δι’
297 1221 357 1247 ὅλου
378 1221 516 1248 παιδεύειν
541 1223 635 1257 ἡμᾶς,
666 1222 709 1249 ἴνα
744 1222 862 1254 τελείους

71 1267 258 1301 ἐργάσωνται.
276 1267 311 1292 ’Ἡ
325 1267 379 1301 γὰρ
393 1266 505 1298 θάνατος
515 1267 563 1294 τοῦ
579 1267 691 1302 πατρὸς,
706 1268 722 1303 ἤ
737 1267 861 1302 αὔξησις.

71 1312 86 1346 ἢ
108 1311 268 1346 σκληρότης
287 1311 333 1338 τοῦ
360 1312 466 1344 παιδὸς,
491 1312 580 1347 ἵστησι
611 1313 661 1348 τὴν
689 1313 812 1340 παιδείαν
826 1321 832 1328 ·
848 1314 863 1340 ό

70 1358 97 1384 δὲ
115 1358 186 1389 Θεὸς
201 1357 245 1384 ἀεὶ
262 1358 406 1389 παιδεύων,
421 1358 534 1385 δύναται
548 1358 668 1390 τελείους
682 1360 779 1386 ποιεῖν.

105 1452 190 1479 Κατὰ
204 1452 237 1478 τὸ
253 1452 364 1478 δοκοῦν
377 1451 489 1486 αὐτοῖς,
505 1452 675 1480 ἐπαίδευον.
698 1453 736 1479 Οὐ
756 1453 864 1484 πάντως

906 224 950 252 liis
974 230 1036 251 sese
1056 222 1153 250 oderat
1173 222 1255 255 Deus,
1284 226 1364 256 atque
1381 220 1465 249 vestri
1488 228 1582 249 curam
1605 227 1690 256 gerat.

905 269 988 306 748
1003 276 1036 296 ne
1057 268 1211 304 disciplinae
1234 270 1360 303 expertes
1382 266 1516 300 evadatis,
1532 271 1614 303 atque
1629 267 1694 295 hinc

907 324 955 344 vos
968 314 1126 343 haereditate
1140 314 1259 342 abdicet.

940 363 1024 390 Vens.
1041 361 1068 390 9.
1092 362 1188 390 Deinde
1204 365 1292 397 patres
1305 360 1408 396 quidem
1428 361 1518 388 carnis
1531 364 1629 388 ηοοινω
1646 360 1694 387 Ιια-

907 409 1012 436 ιηιίηωε
1030 408 1187 439 eruditores,
1206 412 1230 434 et
1245 407 1428 434 reverebantur
1444 414 1488 434 eos
1508 414 1517 433 :
1542 414 1594 433 non
1611 406 1694 432 multo

908 455 992 490 magis
1009 453 1245 488 obtemperabintue
1260 453 1333 488 patri
1350 453 1504 487 spirituum,
1521 456 1545 479 et
1563 452 1695 479 vivemus?

908 500 946 528 Ex
964 501 1047 528 rebus
1061 507 1156 527 eorum
1172 499 1342 526 demonstrat
1357 506 1455 526 rursus
1481 498 1554 533 quod
1570 502 1696 533 oporteat

909 555 956 575 eos
972 547 1109 582 patientes
1137 553 1207 574 esse.
1232 545 1262 573 Si
1279 545 1352 572 enim
1371 552 1433 572 cum
1461 545 1585 573 carnales
1604 550 1696 580 patres

909 601 960 622 nos
972 593 1157 627 castigabant,
1180 599 1235 619 non
1257 591 1428 619 audebamus
1448 590 1565 622 resilire,
1584 590 1631 618 sed
1647 599 1697 626 pu-

909 638 976 666 dore
1011 637 1257 670 sttll‘undebamur,
1279 640 1306 664 et
1331 636 1467 671 patienter
1491 635 1697 663 sustinebamtts

910 691 1080 720 quaecunque
1098 682 1177 710 nobis
1193 681 1369 714 inferebant,
1384 685 1488 715 quanto
1510 681 1601 716 potius
1624 687 1698 708 nunc

910 730 966 757 Deo
994 737 1044 757 nos
1071 728 1244 762 castigante?
1277 726 1471 754 Animadverte
1499 731 1618 754 autem:
1644 734 1698 753 non

911 775 990 807 dixit,
1006 775 1116 808 Quanto
1129 774 1215 808 magis
1236 772 1408 804 suﬂ‘eremus,
1431 772 1490 805 sed,
1509 771 1699 805 obtemperabi-

911 825 980 849 ntus,
1002 817 1150 844 ostendens
1165 816 1236 849 quod
1267 817 1303 843 sit
1319 815 1533 843 contran'ttentis
1553 820 1580 842 et
1598 815 1698 843 adver-

911 862 997 889 santis
1011 861 1076 893 Deo,
1091 862 1144 888 n'on
1162 861 1299 888 sustinere
1312 859 1499 888 alliictionem.
1524 859 1634 887 Patrem
1650 867 1700 886 att-

913 913 968 936 tem
988 907 1139 942 spirituum,
1164 907 1207 934 vel
1235 906 1382 937 donorum,
1409 906 1451 933 vel
1473 905 1700 942 incorporearum

911 954 1043 982 virtutum
1056 953 1142 986 dixit,
1158 952 1212 986 vel,
1226 952 1299 988 quod
1317 951 1405 988 magis
1422 952 1560 988 proprium
1576 957 1626 984 est,
1642 952 1700 979 ani-

912 1007 1029 1028 marum.
1046 999 1087 1026 Ad
1111 998 1259 1026 discrimen
1279 999 1352 1026 enim
1378 997 1528 1026 carnalium
1547 1002 1699 1033 parentum,

913 1044 1054 1080 spirituale
1070 1043 1172 1079 posuit.
1187 1042 1274 1070 Porro
1289 1042 1403 1075 addidit,
1417 1047 1442 1070 et
1459 1043 1583 1075 vivemtu,
1594 1047 1623 1070 ut
1636 1043 1700 1070 sulr

912 1094 1047 1117 monstret
1064 1089 1266 1117 inubedicntem
1286 1095 1342 1122 non
1363 1089 1455 1116 vivere
1473 1097 1480 1116 :
1501 1089 1608 1116 alienus
1626 1089 1697 1115 enim

912 1140 953 1164 est
971 1143 985 1163 a
1004 1136 1069 1169 Deo,
1085 1136 1131 1170 qui
1147 1138 1189 1162 est
1203 1135 1269 1162 vita.

949 1181 1032 1208 Vens.
1051 1181 1094 1208 it).
1114 1180 1147 1207 Et
1169 1180 1211 1207 illi
1226 1180 1329 1215 quidem
1350 1184 1463 1214 tempore
1480 1188 1624 1215 paucorum
1646 1180 1701 1206 die-

913 1234 981 1253 rum.
997 1225 1090 1260 Neque
1113 1225 1183 1252 enim
1200 1229 1314 1259 possunt
1333 1225 1447 1252 omnino
1464 1233 1514 1252 nos
1526 1225 1645 1257 erudite,
1663 1225 1699 1251 ita

912 1276 943 1298 ut
966 1269 1103 1304 perfectos
1128 1269 1254 1296 reddant.
1271 1269 1324 1296 Aut
1342 1269 1415 1296 enim
1441 1269 1532 1297 obitus
1549 1270 1643 1304 patris,
1657 1270 1700 1296 vel

913 1320 978 1344 tetas
999 1315 1162 1350 proveCIior,
1186 1315 1228 1341 vel
1245 1308 1359 1342 durities
1376 1314 1423 1341 lilii
1445 1314 1646 1342 institutionem
1662 1315 1700 1343 si-

914 1362 961 1390 stit
979 1371 985 1388 :
1002 1366 1030 1388 at
1046 1368 1110 1388 vero
1128 1360 1211 1392 Deus,
1227 1364 1322 1394 utpote
1336 1360 1382 1395 qui
1396 1367 1503 1395 semper
1514 1359 1616 1392 erudit,
1637 1367 1699 1394 per--

914 1407 1002 1435 lectos
1017 1407 1122 1434 ellicere
1135 1410 1236 1441 potest.

950 1453 1098 1481 Setundum
1119 1452 1278 1480 voluntatem
1297 1461 1374 1479 suam
1391 1452 1546 1480 erudiebant
1566 1460 1621 1479 nos.
1640 1451 1699 1479 NOII

71 1498 99 1524 δὲ
115 1498 147 1524 τὸ
167 1497 266 1524 δοκοῦν
290 1497 329 1532 τῷ
349 1497 434 1533 πατρὶ
461 1497 595 1524 λυσιτελεῖ
626 1497 665 1532 τῷ
686 1498 751 1533 υῑῷ-
772 1497 856 1525 πολλο⁴

944 1504 1005 1527 Item
1031 1499 1143 1526 omnino
1168 1498 1240 1533 quod
1270 1498 1339 1533 patri
1368 1499 1456 1526 visum
1479 1502 1541 1531 est,
1566 1498 1632 1526 utile
1660 1504 1701 1526 est

73 1544 126 1578 γὰρ
144 1542 195 1568 καὶ
211 1542 327 1577 αἰσχρὰς
342 1541 497 1569 διδάσκουσι
512 1543 619 1577 τέχνας.

112 1637 144 1663 ὀ
158 1636 196 1662 δὲ
212 1635 262 1662 ἐπὶ
278 1635 311 1662 τὸ
334 1635 502 1670 συμφέρον,
520 1635 595 1670 πρὸς
623 1636 656 1662 τὸ
680 1636 862 1670 μεταλαμϐάο

75 1691 138 1710 retr
149 1683 174 1698 "'
192 1681 246 1716 τῆς
261 1681 418 1716 ἁγιότητος
435 1681 540 1709 αὑτοῦ.
567 1682 596 1708 '0
612 1682 640 1709 δὲ
655 1682 720 1714 Θεὸς
743 1683 811 1719 πρὸς
834 1683 864 1710 τὸ

76 1729 219 1764 συμφέρον
233 1729 300 1763 ἡμῖν
317 1728 416 1761 ἐπάγει
429 1728 480 1762 τὴν
497 1727 620 1754 παιδείαν
635 1735 641 1742 ”
668 1728 717 1763 οὐχ
732 1729 775 1754 ἵνα
791 1729 862 1766 λάὸῃ

75 1783 99 1801 τι
114 1774 182 1809 παρ’
199 1774 288 1809 ἡμῶν,
304 1773 362 1800 ἀλλ’
377 1774 420 1800 ἶνα
439 1774 550 1809 μεταδῷ
563 1774 665 1808 μᾶλλον
683 1774 732 1809 τῆς
752 1774 864 1810 ἁγιότη-

76 1829 131 1853 τος,
149 1820 286 1851 τουτέστι,
300 1819 351 1853 τῆς
365 1819 550 1855 καθαρότητος
562 1820 645 1847 αὑτοῦ
661 1828 668 1835 ”
687 1819 767 1852 ὥστε,
786 1821 862 1854 φησι,

77 1865 204 1899 γενέσθαι
222 1866 296 1900 ἡμᾶς
320 1865 459 1896 δεκτικοὺς
474 1865 527 1891 τῶν
544 1865 626 1892 αὑτοῦ
640 1865 761 1899 ἀγαθῶν.
791 1866 864 1901 Ἀρα

76 1910 120 1937 οὖν
136 1912 154 1946 ἡ
174 1910 282 1937 παιδεία
301 1909 450 1945 μετάληψις
471 1910 616 1945 ἁγιότητος
632 1911 690 1937 ἐστι
705 1918 712 1925 °
729 1911 776 1938 καὶ
796 1911 864 1938 εικό-

77 1965 147 1983 τως·
173 1955 321 1990 συστρέφει
347 1955 402 1989 γὰρ
430 1955 478 1990 τὴν
504 1955 594 1991 ψυχὴν
618 1956 687 1991 πρὸς
715 1956 760 1982 τὸν
786 1956 863 1990 ἅγιον

77 2001 140 2027 Θεδν
153 2022 162 2032 ,
192 2002 231 2036 μὴ
250 2001 323 2028 ἐῶσα
338 2001 422 2036 αὐτὴν
441 2001 509 2036 προς
528 2000 698 2036 ἀνθρώπινόν
714 2010 740 2028 τι
765 2001 863 2036 ῥέμϐε-

79 2046 153 2072 σθαι.
629 2057 631 2059 >

109 2089 200 2117 Πᾶσα
219 2089 253 2116 δὲ
267 2090 385 2117 παιδεία
398 2091 472 2124 πρὸς
486 2089 544 2125 μὲν
557 2091 589 2117 τὸ
604 2091 702 2126 πηρὸν
728 2093 764 2119 οὺ
782 2092 866 2119 δοκεῖ

80 2136 173 2171 χαρᾶς
190 2134 279 2169 εἶναι,
295 2135 375 2163 ἀλλὰ
397 2135 508 2169 λύπης.
533 2136 618 2164 Πάλιν
634 2138 690 2164 ἀπὸ
705 2138 754 2173 τῆς
769 2138 861 2173 κοινῆς

916 1546 997 1574 etiam
1025 1545 1105 1572 tilio:
1132 1545 1255 1580 plerique
1282 1544 1353 1572 enim
1380 1549 1472 1579 turpes
1495 1545 1576 1572 etiam
1603 1544 1702 1572 docent

915 1595 997 1619 artes.

952 1635 1003 1663 llic
1014 1644 1073 1663 vero
1087 1635 1121 1662 ad
1135 1635 1162 1662 id
1175 1635 1244 1670 quod
1258 1635 1324 1662 utile
1338 1639 1377 1662 est
1388 1635 1415 1662 in
1436 1635 1584 1669 recipiendo
1600 1635 1701 1662 sancti-

916 1683 1065 1717 ﬁcationem
1080 1683 1146 1716 ejus.
1173 1682 1245 1710 Deus
1263 1687 1354 1708 autetn
1367 1681 1400 1708 ad
1419 1681 1643 1708 commoditatem
1656 1689 1701 1707 tm-

916 1729 1228 1765 slramfcastigationem
1251 1727 1368 1760 inducit,
1394 1734 1446 1754 non
1470 1732 1499 1754 ut
1519 1727 1667 1762 quidquam
1686 1734 1713 1752 a-

916 1775 995 1802 noltis
1022 1774 1150 1810 accipiat,
1179 1781 1274 1801 verum
1297 1777 1326 1800 ut
1353 1773 1492 1807 impertiat
1517 1771 1595 1800 nobis
1611 1771 1701 1806 potius

915 1821 1100 1853 sanctitatem,
1127 1820 1179 1847 hoc
1204 1823 1256 1851 est,
1276 1819 1421 1854 puritatem
1444 1825 1534 1849 suam,
1553 1821 1582 1843 ut
1603 1817 1701 1844 sintus.

916 1865 1014 1900 ittquit,
1031 1871 1082 1891 nos
1097 1871 1210 1898 capaces
1226 1863 1360 1890 bonorum
1373 1863 1442 1897 ejus.
1458 1861 1603 1896 Disciplina
1620 1861 1702 1896 igitur

915 1915 957 1938 est
974 1909 1144 1945 participatio
1157 1908 1311 1936 sanctitatis
1329 1917 1336 1935 :
1355 1915 1405 1935 nec
1416 1907 1569 1937 immerito:
1586 1914 1701 1933 convcr-

916 1956 1029 1983 titenitn
1042 1956 1160 1982 animam
1173 1954 1208 1981 ad
1222 1954 1303 1982 Deum
1317 1957 1454 1983 sanctum.
1469 1960 1522 1980 non
1537 1952 1630 1980 sitiens
1641 1958 1707 1978 eam

916 2002 949 2029 ad
968 2001 1117 2028 humanum
1136 1999 1266 2035 quiddam
1282 1998 1400 2026 devolvi.

953 2093 1035 2121 Vens.
1062 2094 1104 2120 Η.
1132 2093 1224 2120 Omnis
1252 2097 1339 2118 autem
1365 2091 1503 2123 disciplina
1526 2092 1554 2117 in
1576 2092 1700 2125 pra'senti

915 2139 1019 2174 quidem
1039 2147 1090 2166 non
1106 2138 1208 2166 videtur
1223 2146 1279 2165 esse
1300 2137 1401 2172 gaudii,
1422 2136 1466 2164 sed
1485 2137 1613 2164 mwroris.
1632 2136 1701 2163 [lur-

80 2181 183 2212 ἑννοίας
197 2180 246 2212 τὰς
266 2181 392 2216 ἀφορμὰς
418 2181 498 2208 ἔλαϐε
522 2183 572 2217 τῆς
598 2183 797 2218 παραινέσεως,
816 2192 851 2210 κα

944 2193 964 2213 ts
980 2193 994 2212 a
1014 2185 1117 2220 vulgari
1138 2183 1278 2219 opinione,
1303 2182 1506 2210 adhortationis
1528 2183 1701 2210 occasionem

82 2234 144 2260 φησι
161 2234 168 2241 ·
199 2225 285 2252 Πᾶσα
300 2226 334 2252 δὲ
349 2225 478 2258 παιδεία,
491 2227 538 2252 καὶ
555 2226 614 2253 οεὶα
630 2228 676 2254 καὶ
692 2228 862 2263 ἀνθρωπίνη,

82 2272 114 2297 οὐ
137 2271 224 2298 δοκεῖ
237 2270 330 2305 χαρᾶς
346 2269 439 2303 εἶναι,
461 2271 542 2299 ἀλλὰ
563 2273 676 2306 λύπης.
701 2274 800 2306 Καλῶς
822 2274 864 2306 τὸ,

82 2317 180 2344 Δοκεῖ·
196 2316 227 2343 οὺ
252 2317 305 2351 γὰρ
316 2317 423 2352 ἀληθῶς
437 2318 496 2344 ἐστι
507 2318 605 2353 λύπης.
627 2319 689 2350 Πῶς
706 2319 759 2354 γὰρ
775 2320 808 2347 ἂν
821 2321 864 2356 εῑη

84 2362 181 2397 κυρίως
195 2361 293 2396 λύπης,
315 2362 485 2398 εὐφροσύνης
507 2361 575 2391 οὖσα
604 2365 714 2400 μήτηρ;
737 2366 807 2392 Ἀλλ’
827 2366 865 2398 ὡς

86 2408 151 2442 πρὸς
165 2408 240 2442 ἡμᾶς
264 2408 328 2440 τοὺς
348 2408 573 2443 δυσχεραίνοντας
589 2410 657 2445 πρὸς
674 2410 724 2442 τὰς
741 2411 865 2444 παιδείας

84 2453 120 2486 τὸ,
131 2453 226 2487 Δοκεῖ,
242 2454 359 2489 εἴρηται.

116 2499 261 2533 Ὕστερον
280 2499 315 2526 δὲ
338 2500 454 2534 καρπὸν
482 2499 633 2535 εἰρηνικὸν
660 2503 721 2536 τοῖς
746 2503 784 2530 δι’
811 2504 864 2532 αὐ-

85 2543 136 2578 τῆς
154 2545 410 2580 γεγυμνασμένοις
418 2545 582 2574 ἀποδίδωσι
603 2547 809 2584 δικαιοσύνης.
832 2551 865 2578 Ti

86 2589 165 2623 ἔστιν,
184 2591 357 2624 εἰρηνικόν;
388 2592 461 2618 τοῦτ’
483 2592 574 2626 ἐστιν,
599 2594 754 2630 ἀτάραχον,
781 2595 864 2629 λεῖον,

87 2635 158 2670 ἡδύν.
193 2635 224 2663 Ὀ
244 2636 294 2671 μὲν
312 2637 366 2672 γὰρ
390 2636 558 2672 λυπούμενος
583 2639 768 2674 ταράττεται·
791 2641 806 2666 ό
836 2641 865 2667 at

85 2681 185 2716 χαίρων
200 2681 327 2716 λειότητά
339 2690 399 2708 τινα
411 2681 467 2717 ἔχει
485 2685 531 2709 καὶ
542 2683 675 2719 γαλήνην.
696 2685 725 2712 '0
744 2685 773 2712 δὲ
794 2695 862 2722 καρ-

89 2726 134 2759 πὸς
159 2725 237 2760 οὗτος
257 2727 430 2763 δικαιοσύνης
451 2728 520 2762 ἐστὶ,
547 2729 613 2756 διότι
637 2730 741 2764 δίκαιος
757 2731 794 2758 ὢν
812 2732 835 2748 ⁷³
849 2732 864 2758 ὁ

916 2231 1030 2266 accepit,
1047 2235 1075 2258 et
1089 2230 1128 2258 ait
1147 2239 1153 2257 :
1172 2229 1264 2257 Omnis
1279 2228 1432 2263 disciplina,
1448 2231 1503 2255 tam
1515 2229 1606 2256 divina
1620 2236 1701 2263 quant

917 2276 1048 2309 humana,
1061 2284 1112 2303 non
1129 2276 1231 2302 videtur
1244 2282 1299 2301 esse
1318 2273 1422 2309 gaudii,
1439 2274 1483 2300 sed
1499 2274 1631 2301 tnmroris.
1642 2273 1702 2302 Pul-

916 2322 983 2350 cltre
1008 2325 1098 2348 autem
1123 2321 1215 2348 dicit:
1243 2319 1377 2347 Videtur:
1399 2327 1454 2346 non
1477 2319 1550 2346 enim
1577 2326 1639 2346 vere
1660 2323 1702 2348 est

918 2368 1046 2394 maeroris
1061 2375 1069 2399 ;
1084 2366 1220 2401 quomodo
1238 2366 1311 2392 enim
1334 2364 1444 2400 proprie
1464 2363 1545 2391 fuerit
1562 2365 1701 2396 mmroris,

917 2421 979 2441 cum
1001 2413 1037 2440 sit
1059 2412 1160 2439 laetitite
1178 2411 1283 2439 mater?
1301 2410 1354 2438 Sed
1375 2409 1462 2437 nostri
1491 2413 1629 2445 respectu,
1655 2411 1701 2445 qui

917 2466 990 2493 mare
1008 2457 1123 2486 ferimus
1137 2456 1323 2491 disciplinam,
1341 2454 1461 2486 Videtur,
1480 2455 1581 2482 dictutn
1598 2459 1651 2482 est.

953 2505 1047 2532 Postea
1063 2511 1122 2530 vero
1137 2502 1255 2537 fructum
1274 2505 1398 2536 pacatum
1421 2500 1571 2527 exercitatis
1587 2508 1632 2534 per
1643 2508 1702 2527 eam

915 2550 1003 2577 reddit
1020 2549 1139 2580 institue.
1157 2547 1227 2580 Quid
1242 2551 1295 2579 est,
1311 2550 1437 2580 pacatum
1448 2545 1461 2572 ?
1475 2545 1532 2572 Hoc
1550 2549 1603 2578 est,
1622 2545 1709 2572 turba,

915 2599 1070 2628 vacantem,
1095 2594 1200 2626 lavem,
1220 2599 1342 2621 suavem.
1354 2591 1406 2624 Qui
1424 2590 1497 2618 enim
1511 2589 1701 2623 contristatur,

918 2640 1119 2669 conturbatur:
1136 2639 1182 2674 qui
1198 2646 1265 2666 vero
1282 2637 1398 2670 laetatur,
1417 2637 1542 2664 lmvorem
1555 2636 1700 2671 quemdam

919 2687 1012 2718 habet,
1029 2694 1060 2714 ac
1073 2684 1306 2721 tranquillitatem.
1319 2682 1401 2718 749
1416 2681 1534 2709 Fructus
1549 2685 1639 2709 autent
1655 2681 1701 2708 ille

917 2732 1031 2767 iustitiae
1055 2735 1107 2764 est,
1123 2737 1221 2766 nempe
1240 2729 1311 2765 quod
1331 2728 1411 2761 Deus,
1429 2734 1490 2755 cum
1505 2727 1540 2755 sit
1553 2727 1657 2763 justus,
1673 2726 1703 2754 in

753 2790 851 2822 Varia»
863 2789 1029 2823 lectiOnes.

121 2837 140 2852 ⁷¹
157 2835 318 2871 μεταλαϐεῖν
331 2844 356 2864 o.
394 2837 416 2852 ⁷³
428 2836 500 2863 ἐστιν
519 2845 545 2865 ο.
