1880 3055
979 148 1014 157 ξ
1020 148 1128 159 21.72;:
1580 151 1662 164 *ξπ

306 251 525 340 ΒοΝ
528 250 857 341 IFACII
952 255 1048 340 ΡΙ

646 250 857 341 ACII
952 255 1012 339 F
1022 255 1128 341 ΙΝ
1135 255 1388 342 ΕΤΤΙ

625 433 763 461 0RD|NIS
795 433 1076 462 PRAEDICA'TORUM

118 534 202 590 ΙΝ
264 532 587 592 TERTIUM
662 525 958 592 TOMUM'
1024 537 1582 596 THEOPHYLACTI

679 665 1019 711 PBAEFATIO.

84 843 106 872 Γ.
124 843 207 873 Cum
228 844 499 883 virigravissimi,
517 848 862 884 quorumauctorttate
889 846 1082 875 conmtoveri
1105 848 1392 886 nte-atquissimnm
1416 853 1493 884 erat,
1518 849 1665 888 impense

49 898 152 931 optare
168 902 205 924 se
225 894 303 924 mihi
321 895 567 933 signiﬁcassent,
589 899 622 924 ut
639 894 722 924 tertii
744 894 840 932 hujus
854 893 971 923 edendi
989 896 1064 924 tomi
1079 895 1110 926 in
1130 905 1179 927 me
1198 907 1305 927 curant
1324 898 1511 936 reciperem,
1528 901 1668 931 laborem

48 944 128 989 hunc
158 944 405 975 detrectandum
433 944 510 975 mihi
535 944 667 975 tninime
692 944 819 980 censui,
841 945 1016 982 praesertim
1043 954 1114 975 cum
1130 947 1165 982 ii,
1187 947 1242 985 qui
1265 955 1325 977 suo
1352 956 1402 978 tne
1422 957 1505 986 pene
1531 950 1669 988 imperi.»

48 993 239 1032 compellere
255 995 449 1032 potuissent,
470 1003 526 1034 pro
543 994 660 1025 eximia
684 994 881 1025 humanitate
897 1002 954 1024 sua
969 995 1008 1024 ad
1024 995 1056 1024 id
1082 996 1225 1027 muneris
1250 997 1457 1028 subeundum
1476 1000 1670 1037 persuadere

49 1043 162 1074 ratione
179 1043 370 1081 maluerim;
389 1045 549 1076 neminem
573 1045 698 1075 aientes
716 1044 745 1074 id
763 1044 865 1083 magis
881 1044 1007 1079 «lc-cere,
1038 1053 1133 1084 quam
1147 1055 1209 1082 me,
1230 1048 1288 1086 qui
1311 1047 1428 1078 inedita
1443 1049 1670 1089 'l‘heoiihjlaeti

50 1096 160 1131 Opera,
181 1095 302 1134 quibus
319 1094 509 1125 tomiistius
527 1103 596 1132 pars
617 1094 1030 1129 maximaconstal,Latine
1047 1096 1198 1126 vertenda
1219 1097 1450 1134 suscepissem.
1475 1099 1552 1128 Cum
1574 1100 1671 1137 igitur

50 1143 82 1173 ad
103 1143 254 1182 id,.quod
272 1145 345 1175 sine
361 1143 486 1183 piaculo
508 1153 655 1175 recusare
675 1144 725 1174 vix
743 1149 896 1182 poteram,
914 1144 1169 1183 aggrediendum
1189 1146 1332 1176 animum
1348 1146 1561 1185 appulissent,
1578 1148 1671 1179 faciie

51 1194 208 1230 intellexi,
226 1194 385 1233 assumpti
400 1199 519 1233 partem
533 1195 643 1234 operis
659 1203 731 1225 esse
745 1194 900 1225 nonnulla
917 1195 949 1225 in
967 1198 1088 1225 tomum
1115 1196 1264 1225 eumdem
1286 1196 1424 1234 prail'ari,
1449 1198 1570 1235 quibus
1594 1207 1671 1236 ope.-

51 1255 128 1279 rum,
144 1255 221 1285 qua
248 1247 403 1281 continuet,
426 1247 624 1286 laborisque,
645 1255 742 1286 quem
758 1246 790 1277 in
813 1247 928 1278 eodem
952 1247 1126 1286 insumpsi,
1149 1247 1305 1278 rationem
1328 1247 1469 1288 aliquam
1499 1242 1672 1281 lectoribiu

51 1295 228 1326 redderem.
245 1296 314 1333 Qua
329 1297 360 1327 in
378 1305 410 1326 re
425 1296 503 1326 illud
521 1297 666 1326 omnium
683 1296 786 1334 primo
799 1296 999 1335 purgandum
1013 1295 1190 1331 videretur,
1202 1297 1287 1335 quod
1301 1296 1415 1327 tertius
1429 1297 1488 1327 iste
1503 1298 1669 1336 Theophi-

53 1346 117 1377 laeti
134 1351 243 1378 tomus
261 1349 361 1378 multo
376 1348 511 1378 fortasse
527 1347 645 1383 serius,
666 1355 761 1386 quam
778 1355 852 1384 spes
867 1346 947 1377 facta
963 1346 1092 1383 fuisset,
1113 1347 1148 1376 in
1164 1346 1267 1377 lucem
1289 1356 1374 1377 nunc
1387 1348 1516 1378 demum
1535 1348 1670 1387 profera-

54 1400 116 1433 tur;
144 1397 209 1427 nisi
231 1406 304 1435 (pne
325 1397 460 1428 dicenda
478 1397 614 1428 inferius
632 1396 710 1427 mihi
727 1401 815 1433 sunt,
841 1396 949 1427 labore
976 1405 1026 1427 me
1044 1396 1107 1426 isto
1132 1396 1286 1426 levarent.
1303 1398 1347 1427 Ex
1369 1397 1409 1427 iis
1427 1397 1514 1428 enim
1543 1398 1672 1436 planum

52 1451 315 1485 compertumque
331 1446 396 1481 ﬁet,
407 1445 532 1476 nullius
544 1445 684 1481 incuria,
696 1445 752 1476 sed
770 1445 815 1475 rei
831 1445 948 1476 melius
960 1445 1110 1484 gerendze
1125 1446 1234 1475 studio
1252 1454 1371 1476 moram
1388 1450 1504 1477 tantam
1525 1447 1673 1486 injectam

54 1498 163 1528 fuisse.
185 1498 266 1527 Cum
284 1505 421 1536 namque
439 1497 590 1536 pleraque
606 1505 702 1535 opera
718 1506 791 1536 quae
806 1497 956 1528 volumen
975 1496 1061 1527 istud
1079 1495 1315 1535 complet-titur,
1333 1501 1387 1526 aut
1402 1496 1575 1527 admodum
1593 1506 1672 1534 rara,

56 1553 105 1577 aut
122 1547 220 1586 plane
242 1548 360 1578 inedita
380 1547 497 1584 forent,
514 1555 550 1577 ac
566 1548 710 1587 quaedam
729 1547 824 1578 etiam
841 1548 963 1579 detecta
992 1547 1227 1583 recentissime,
1254 1547 1287 1576 in
1301 1546 1344 1576 iis
1360 1546 1557 1587 colligendis
1574 1547 1672 1588 (quod

56 1599 181 1630 nonnisi
205 1600 309 1630 aliena
327 1607 423 1638 Opera
442 1599 584 1638 pttBstari
602 1599 749 1638 poterat),
768 1600 800 1629 in
825 1599 1069 1638 eisdemquead
1097 1598 1222 1638 prelum
1251 1599 1401 1637 parandis
1422 1599 1495 1638 plus
1519 1600 1674 1638 temporis

56 1652 170 1682 insumi
189 1651 333 1690 oportuit
349 1659 444 1690 quam
469 1651 652 1689 putabatur.
675 1651 811 1681 Necesse
829 1651 937 1689 itaque
956 1650 1018 1680 fuit
1044 1654 1178 1688 emptam
1203 1648 1278 1679 tomi
1303 1648 1401 1686 hujus
1427 1649 1674 1688 impressionem

57 1701 248 1741 aliquandiu
262 1701 488 1731 intermittere.
508 1701 627 1731 Verum
647 1709 686 1730 ne
708 1700 837 1730 interim
851 1709 902 1730 res
919 1700 1051 1730 omnino
1070 1703 1100 1729 et
1115 1699 1506 1738 undequaquesuspensa
1520 1703 1673 1733 maneret,

55 1755 85 1782 et
101 1760 140 1782 ne
161 1751 236 1790 plus
251 1758 344 1790 mquo
361 1750 582 1781 studiosorum
600 1750 765 1780 hominum
783 1749 980 1788 exspectatio
999 1749 1243 1787 produceretur,
1260 1749 1395 1779 solertes
1410 1749 1563 1779 editionis
1579 1748 1673 1786 hujm

57 1806 220 1833 curatores
240 1805 361 1832 tomum
378 1805 542 1840 quartum,
556 1801 612 1841 qui
630 1806 660 1832 et
682 1802 816 1832 ultimus
835 1802 896 1832 erit
908 1824 917 1837 ,
936 1801 1024 1840 prelo
1037 1801 1276 1841 subjiciendum
1293 1804 1457 1835 curarunt;
1487 1804 1525 1830 ut
1539 1807 1605 1838 quo
1621 1807 1674 1828 se-

59 1859 121 1888 rius
136 1856 279 1888 studiosi
293 1855 426 1886 tertium
439 1857 537 1886 istum
553 1854 729 1894 accipiunt,
744 1863 782 1885 eo
797 1854 956 1884 maturius
974 1854 1038 1883 sint
1055 1858 1175 1883 tomum
1194 1853 1343 1884 uitiatum
1357 1851 1527 1889 .acceptut-i
1548 1861 1554 1879 :
1580 1851 1674 1889 Cujus

59 1918 125 1940 cum
140 1907 317 1946 impressio
333 1909 468 1938 multum
484 1914 652 1946 progressa
664 1906 730 1945 jam
745 1905 799 1939 sit,
814 1904 959 1943 polliceri
979 1908 1266 1941 certo-possumus,
1293 1911 1366 1933 eum
1403 1900 1514 1940 paucis
1541 1901 1675 1938 posthac

60 1959 225 1995 mensibus
244 1957 445 1996 proditurum
468 1957 501 1988 in
520 1957 635 1988 lucem.
655 1957 757 1993 Quam
773 1963 851 1986 sane
866 1955 995 1985 brevem
1015 1953 1202 1984 dilationem
1221 1961 1260 1983 eo
1277 1952 1420 1991 aequiore
1436 1950 1672 1980 animotolern-

59 2009 101 2038 bit
116 2007 295 2039 benevolus
311 2007 423 2044 lector,
445 2015 511 2043 quo
533 2006 685 2045 majorem
699 2009 747 2036 est
766 2014 804 2035 ex
820 2004 917 2044 hujus
934 2003 1112 2034 voluminis
1129 2002 1267 2033 lectione.
1288 2002 1484 2040 voluptatem
1505 2003 1674 2038 perceptu-

60 2068 111 2090 rus
138 2069 214 2092 cum
240 2063 281 2090 ob
304 2059 456 2091 eximiam
481 2065 616 2096 epernm
641 2057 674 2087 in
699 2065 738 2087 eo
765 2058 990 2086 cunteutorum
1021 2052 1247 2091 praestantiam,
1272 2056 1339 2083 tum
1365 2055 1492 2090 propter
1513 2051 1673 2090 insignem

61 2109 247 2140 eorutndem
263 2109 539 2146 varietatemque
557 2106 730 2145 prtesertim
749 2105 802 2140 iis,
822 2104 877 2144 qui
895 2104 959 2142 jam
977 2103 1054 2134 editi
1079 2106 1166 2137 sunt,
1194 2107 1298 2132 tomus
1317 2102 1377 2133 iste
1404 2101 1567 2140 preacellit.
1595 2102 1674 2132 Cum

35 2184 40 2199 ε
61 2159 141 2190 enim
158 2160 317 2199 angelica
334 2159 382 2189 illi
399 2161 521 2188 tantum
539 2165 634 2196 Opera
651 2157 834 2190 exhibeant,
866 2155 918 2184 hic
931 2159 961 2184 et
981 2154 1151 2192 ra‘egetica,
1169 2158 1198 2183 et
1215 2152 1367 2185 oratoria.
1389 2155 1418 2182 et
1433 2161 1535 2186 sacra,
1549 2155 1580 2181 et
1597 2159 1675 2190 pro—

63 2212 143 2250 fana,
161 2215 193 2242 et
209 2211 373 2245 historica,
386 2208 580 2249 etpolitica,
592 2211 623 2237 et
637 2207 816 2246 dogmatica
830 2206 914 2236 haud
932 2204 1112 2243 injucunda
1125 2212 1201 2233 sane
1217 2202 1425 2241 permistione
1440 2201 1675 2239 complectitur,

65 2265 94 2290 ut
111 2264 196 2299 patet
215 2268 255 2290 ex
271 2259 414 2296 ipsorum
432 2265 566 2295 operum
584 2255 740 2295 catalogo.
757 2255 972 2294 quisequens
993 2258 1052 2284 est.
1069 2254 1091 2282 I.
1109 2251 1358 2283 Commentariun
1375 2251 1408 2281 in
1422 2251 1501 2281 Acta
1515 2249 1676 2289 apostolo-

64 2320 138 2347 rum,
155 2310 264 2340 editus
281 2309 360 2339 olim
378 2317 394 2339 a
411 2307 532 2338 Sifano.
548 2307 586 2337 ll.
602 2306 691 2336 Alter
707 2306 739 2336 in
757 2305 868 2335 eadem
888 2305 962 2335 Acta
978 2303 1226 2334 Cammmturius
1243 2310 1356 2333 recens
1371 2306 1482 2332 erutus
1501 2310 1540 2332 ex
1558 2300 1676 2331 biblio-

67 2361 149 2392 theca
166 2361 327 2390 \'aueaua.
346 2359 401 2389 Ill.
414 2357 667 2389 Commentarius-
677 2357 710 2387 in
723 2355 887 2395 Epistolas
908 2354 1097 2385 Catholicam.
1116 2354 1168 2383 IV.
1183 2352 1295 2383 Oratio
1313 2353 1348 2382 in
1372 2351 1590 2382 adorationem
1602 2359 1676 2381 cru-

66 2412 118 2441 cis.
133 2412 172 2442 V.
193 2409 303 2442 Oratio
322 2409 356 2439 in
371 2408 645 2448 prmentationem
658 2406 826 2441 B.Mariaa
845 2405 999 2443 Virginis.
1018 2405 1071 2434 Vl.
1088 2404 1281 2441 Martyrium
1297 2401 1473 2441 quindecim
1491 2405 1677 2438 martyrum,

67 2462 117 2500 qui
135 2461 220 2500 passi
238 2463 312 2490 sunt
328 2459 505 2497 imperante
519 2457 650 2488 Juliano
669 2458 831 2496 Apostata.
845 2456 915 2486 VII.
932 2454 1092 2485 Allocutio
1107 2453 1144 2483 dc
1160 2455 1199 2484 iis
1211 2454 1245 2484 in
1262 2451 1373 2491 quibus
1389 2451 1498 2482 Latini
1511 2451 1676 2489 reprehen-

68 2499 182 2541 duntur
198 2521 217 2540 a
231 2510 362 2540 Gracis.
379 2509 464 2538 Vill.
480 2507 647 2538 Institutio
663 2506 751 2546 regia
776 2505 817 2535 ad
832 2505 1076 2536 Constantinum
1091 2502 1412 2542 Porphyrogenitum.
1427 2501 1481 2530 IX.
1494 2499 1678 2530 Encomium

68 2565 97 2593 in
117 2563 336 2601 imperatorem
352 2559 498 2590 Alexium
514 2559 714 2590 Comncnum.
732 2559 773 2589 X.
790 2557 944 2596 Epistola:
956 2556 1071 2595 viginti
1085 2563 1198 2586 recens
1212 2558 1312 2584 eruta:
1331 2562 1368 2584 ex
1386 2551 1578 2582 bibliotheca
1599 2550 1678 2580 i'ati-

71 2625 152 2644 cinia.
170 2615 225 2644 XI.
244 2614 393 2643 Extrema
414 2619 485 2649 pars
500 2610 636 2642 humilia:
649 2610 830 2640 undecimae
848 2609 880 2639 in
897 2607 1179 2639 Resurrectionem.
1198 2606 1268 2636 XII.
1285 2603 1531 2636 Commentarius
1552 2602 1584 2631 in
1603 2601 1678 2629 Arta

69 2664 279 2702 apostolorum
293 2671 332 2692 ex
349 2661 541 2692 bibiiotheea
564 2659 748 2694 Florentino
765 2658 917 2689 Medicea.
935 2659 1023 2689 XIII.
1046 2657 1197 2696 Epistolw
1211 2665 1230 2685 a
1246 2654 1385 2686 Meursio
1405 2657 1432 2682 ct
1448 2651 1554 2682 Lamia
1579 2649 1678 2680 edim.

70 2715 222 2750 Quoniam
240 2720 317 2743 vero
334 2712 373 2742 de
389 2711 542 2742 omnibus
560 2711 609 2740 his
623 2710 731 2749 aliqua
747 2709 971 2748 prmmouenda
987 2712 1074 2742 sunt,
1090 2715 1156 2746 quo
1168 2705 1308 2745 quisque
1323 2704 1360 2734 ad
1379 2710 1490 2732 eorum
1508 2700 1678 2730 lectionem

71 2765 188 2794 accedat
205 2762 353 2801 paratior,
372 2760 591 2792 Praefationem
612 2759 690 2790 hanc
708 2759 738 2790 in
759 2758 890 2790 tolidcm
907 2762 986 2796 quot
1009 2761 1111 2796 partes
1128 2755 1204 2786 tomi
1224 2753 1319 2792 hujus
1337 2756 1423 2787 sunt,
1447 2749 1587 2780 dividam
1608 2757 1678 2777 see-

98 2837 105 2846 '
118 2836 234 2861 [ditionis
247 2836 350 2860 Venetae
361 2840 431 2867 quam
444 2831 579 2862 sequimur.
