1880 3055
311 267 863 359 BONIFACII
958 273 1394 359 FINETTI

631 450 769 478 0RDINIS
801 450 1082 479 I‘RJSDICA-TORUM

121 550 206 607 ΙΝ-
269 549 592 609 TERTIUM
667 542 965 609 TOMUM'
1029 555 1587 614 THEOPHYLACTI

685 682 1024 728 PREFATIO.

84 860 109 889 li
128 860 211 890 Cum
233 861 299 891 viri
311 862 504 900 gravissimi,
522 861 868 901 quormnrauctoritatc
894 863 1087 892 conuuuveri
1110 865 1398 903 nte-inquissiznum
1422 870 1499 902 erat,
1524 867 1670 905 impense

46 915 157 948 optare
174 919 209 940 se
230 911 308 941 mihi
326 911 572 950 signiﬁcassent,
593 915 627 941 ut
644 910 727 941 tertii
749 911 846 948 hujus
860 910 976 940 edendi
995 913 1069 942 tomi
1084 913 1115 943 iu
1135 923 1184 944 me
1204 923 1310 945 curam
1330 915 1517 954 reciperem,
1534 918 1674 949 laborem

46 961 132 1005 hunc
165 961 410 992 detrectandum
438 961 515 992 mihi
539 961 672 992 minime
697 961 824 997 censui,
846 962 1022 999 praesertim
1048 971 1120 992 cum
1135 964 1170 999 ii,
1192 965 1247 1003 qui
1270 973 1330 995 suo
1357 974 1407 996 me
1428 975 1510 1004 pene
1537 967 1674 1006 imperis»

45 1009 243 1048 compellere
260 1011 454 1049 potuissent,
475 1019 531 1050 pro
547 1011 666 1042 eximia
689 1011 886 1042 humanitate
902 1019 960 1042 sua
975 1012 1014 1042 ad
1030 1013 1061 1042 id
1087 1014 1231 1044 muneris
1256 1014 1462 1045 subetmdum
1482 1017 1675 1054 persuadere

47 1060 170 1090 ratione
184 1060 375 1099 maluerint;
394 1062 554 1092 neminem
579 1061 702 1092 aienles
721 1061 750 1091 id
768 1061 870 1100 magis
886 1061 1012 1096 d«-cere.
1043 1071 1139 1101 quam
1153 1072 1214 1099 me,
1235 1065 1293 1103 qui
1315 1065 1433 1095 inedita
1448 1067 1675 1106 'l‘heOphj'lacti

48 1112 168 1148 Opera,
185 1111 306 1151 quibus
324 1111 401 1142 tomi
421 1111 514 1141 istius
532 1119 602 1150 pars
622 1111 760 1142 maxima
774 1111 1035 1146 constal,.Latine
1053 1113 1202 1143 vertenda
1224 1114 1455 1151 suscepissem.
1481 1116 1558 1146 Cum
1580 1117 1676 1155 igitur

48 1160 82 1190 ad
104 1160 259 1198 id,.quod
276 1162 350 1192 sine
365 1161 491 1199 piaculo
512 1169 660 1191 recusare
679 1161 730 1191 vix
749 1165 900 1199 poteram.
920 1161 1174 1200 aggrediendum
1194 1163 1337 1193 animum
1353 1163 1566 1202 appulissent,
1584 1166 1676 1197 facile

50 1210 214 1247 intellexi,
231 1211 389 1250 assumpti
405 1215 524 1250 partem
538 1211 648 1251 operis
664 1220 735 1242 esse
750 1211 904 1242 nonnulla
922 1212 954 1242 in
972 1216 1093 1242 tomum
1121 1213 1269 1243 cu-mdem
1291 1214 1428 1251 prml'ari,
1453 1215 1574 1252 quibus
1600 1224 1677 1253 οικιτς

49 1271 132 1297 utin,
152 1271 226 1302 qua
253 1264 408 1297 continet.
431 1263 629 1302 laborisque,
649 1272 746 1302 quem
763 1263 794 1294 in
818 1263 932 1295 eodem
958 1264 1131 1303 insumpsi,
1154 1265 1310 1295 rationem
1333 1265 1474 1305 aliquam
1504 1259 1677 1298 lectoribus

50 1312 233 1342 redderem.
250 1313 319 1350 Qua
334 1313 364 1343 in
383 1322 415 1343 re
430 1313 508 1343 illud
526 1313 670 1343 omnium
688 1313 791 1352 primo
803 1313 1004 1352 purgandum
1018 1313 1195 1348 videretur,
1207 1314 1291 1352 quod
1306 1314 1419 1344 tertius
1433 1314 1493 1344 iste
1508 1315 1674 1354 'I‘he0ph_\~

52 1363 120 1393 lacti
140 1367 249 1394 tomus
265 1365 365 1395 multo
380 1365 515 1395 fortasse
531 1364 650 1400 serius,
670 1372 766 1403 quam
782 1372 857 1401 spes
872 1363 952 1394 facta
967 1363 1097 1400 fuisset,
1118 1364 1153 1394 in
1169 1364 1272 1394 lucem
1294 1373 1379 1395 nunc
1392 1365 1522 1396 domum
1540 1366 1675 1404 profera-

53 1417 120 1450 tur;
152 1414 214 1444 nisi
236 1423 308 1452 qum
329 1414 466 1445 dicenda
483 1414 619 1444 inferius
636 1413 715 1444 mihi
732 1417 820 1450 sunt,
846 1413 953 1444 labore
981 1422 1031 1444 me
1049 1413 1111 1443 isto
1137 1413 1290 1444 levarent.
1309 1415 1352 1444 Ex
1374 1414 1414 1444 iis
1431 1415 1519 1446 enim
1549 1415 1677 1454 planum

51 1467 320 1502 compertumque
336 1463 400 1498 liet,
412 1462 537 1493 nullius
549 1462 688 1498 incuria,
701 1462 757 1492 sed
774 1462 820 1492 rei
836 1462 953 1493 melius
965 1463 1114 1501 gerendas
1130 1463 1239 1493 studio
1257 1471 1376 1493 moram
1393 1467 1510 1494 tantam
1531 1465 1678 1504 injectum

53 1514 168 1544 fuisse.
190 1514 270 1544 Cum
289 1522 426 1552 namque
444 1515 595 1552 pleraque
610 1522 706 1552 opera
723 1523 795 1553 quas
811 1514 962 1545 volumen
980 1513 1066 1544 istud
1084 1512 1320 1552 complet-titur,
1338 1518 1392 1543 aut
1408 1514 1580 1545 admodum
1598 1524 1678 1552 rara,

57 1569 108 1594 aut
126 1563 225 1603 plane
247 1565 365 1595 inedita
385 1563 502 1601 forent,
519 1572 554 1594 ac
570 1565 714 1604 quaedam
734 1564 829 1596 etiam
846 1565 969 1596 detecta
997 1565 1232 1600 recentissime,
1258 1564 1291 1593 in
1306 1563 1349 1594 iis
1365 1563 1562 1604 colligendis
1579 1565 1677 1605 (quod

56 1616 185 1647 nonnisi
209 1616 314 1646 aliena
333 1623 427 1655 opera
447 1616 588 1655 prmstari
606 1616 753 1655 poterat),
773 1616 804 1646 in
830 1616 1074 1656 eisdemquead
1102 1616 1227 1655 prelum
1255 1616 1406 1654 parandis
1427 1617 1500 1655 plus
1524 1618 1678 1656 temporis

56 1665 175 1698 insumi
195 1667 337 1706 oportuit
354 1675 449 1707 quam
474 1667 656 1706 putabatur.
679 1668 815 1698 Necesse
833 1668 941 1707 itaque
961 1667 1023 1698 fuit
1049 1671 1183 1705 emptam
1208 1665 1282 1696 tomi
1308 1665 1405 1704 hujus
1432 1666 1678 1706 impressi-onem

57 1718 253 1758 aliquandiu-
266 1717 492 1748 intermittere.
513 1718 630 1748 Verum
651 1726 690 1747 nc
712 1717 841 1747 interim
856 1726 907 1748 res
923 1717 1056 1748 omnino
1075 1721 1105 1747 et
1120 1716 1511 1755 undequaquesuspensa
1525 1720 1678 1750 maneret,

56 1772 87 1798 et
105 1777 146 1799 ne
167 1767 241 1806 plus
256 1775 349 1806 inquo
365 1767 586 1798 studiosorum
604 1767 769 1798 hominum
787 1766 985 1806 exspectatio
1003 1767 1247 1805 produceretur,
1264 1766 1400 1796 solerles
1415 1766 1568 1796 editionis
1585 1765 1678 1804 hujuv.

57 1823 225 1849 curatores
245 1821 365 1848 tomum
382 1822 546 1857 quartum,
560 1818 617 1858 qui
635 1822 665 1849 et
687 1819 820 1849 ultimus
840 1819 900 1850 erit
913 1841 922 1855 ,
940 1818 1029 1857 prelo
1041 1818 1281 1858 subjiciendum
1298 1821 1462 1853 curarunt;
1492 1821 1530 1847 ut~
1545 1825 1610 1855 quo
1626 1825 1678 1846 se-

59 1875 125 1905 rius
141 1873 283 1904 studiosi
298 1872 540 1903 tertiumistum
558 1871 734 1911 accipiunt,
748 1880 787 1902 eo
801 1871 960 1902 maturius
979 1871 1043 1900 sint
1060 1875 1180 1900 tomum
1199 1870 1348 1900 ultimum
1361 1869 1532 1907 .accepturi
1553 1879 1559 1896 :
1585 1869 1680 1907 cujus

59 1935 129 1956 cum
144 1924 321 1962 impressio
337 1925 472 1954 multum
489 1931 656 1963 progressa
669 1923 734 1962 jam
750 1922 803 1956 sit,
819 1922 963 1960 polliceri
983 1925 1271 1959 certopossumus,
1297 1928 1371 1950 eum
1408 1918 1519 1957 paucis
1546 1919 1680 1955 posthac

61 1976 230 2012 mensibus
248 1974 449 2013 proditurum
473 1974 506 2004 in
524 1974 639 2004 lucem.
659 1974 761 2010 Quam
778 1981 855 2003 sane
870 1972 1000 2002 brevem
1019 1970 1207 2002 dilationem
1226 1979 1264 2000 eo
1282 1969 1424 2008 mquiorc
1441 1968 1548 1998 animo
1560 1967 1678 1998 tolera-

60 2026 103 2055 bit
119 2024 299 2055 benevolus
314 2024 427 2060 lector,
449 2032 515 2060 quo
538 2023 689 2062 majorem
704 2026 752 2053 est
770 2031 808 2053 ex
825 2022 922 2061 hujus
939 2020 1116 2052 voluminis
1133 2019 1272 2050 lectione
1293 2019 1488 2057 voluptatem
1510 2020 1679 2056 perceptu-

61 2085 114 2107 rus
142 2085 218 2108 cum
244 2080 285 2107 ob
308 2075 460 2108 eximiam
485 2082 620 2113 operum
645 2073 678 2104 in
704 2082 743 2104 eo
769 2075 994 2103 contentorum
1026 2069 1251 2109 prastantiam,
1276 2073 1343 2100 tum
1369 2072 1497 2108 propter
1518 2069 1679 2107 insignem

61 2126 251 2157 eorumdem
267 2126 462 2158 varietatem.
481 2133 543 2163 qua
561 2123 734 2162 prmsertim
753 2123 807 2158 iis,
827 2121 882 2161 qui
899 2121 963 2159 jam
981 2121 1058 2151 editi
1083 2124 1170 2155 sunt,
1198 2125 1302 2150 tomus
1322 2119 1381 2150 iste
1408 2119 1572 2158 praecellit.
1600 2119 1679 2149 Cum

63 2177 145 2207 enim
162 2177 321 2215 exegctica
339 2175 386 2205 illi
403 2178 525 2205 tantum
544 2182 639 2213 opera
655 2174 838 2207 exhibeant,
871 2172 922 2202 hic
935 2177 966 2201 et
985 2171 1155 2210 ca‘egetica,
1174 2175 1202 2201 et
1219 2170 1371 2202 oratoria,
1393 2173 1423 2199 et
1437 2178 1540 2204 sacra,
1554 2171 1584 2199 et
1601 2177 1680 2207 pro-

64 2229 146 2268 fana,
165 2232 196 2259 et
212 2227 377 2262 historica,
390 2225 585 2266 etpolitica,
597 2227 628 2254 et
642 2224 820 2263 dogmatica
835 2223 918 2254 haud
935 2221 1114 2261 injucunda
1129 2229 1205 2251 sane
1221 2219 1429 2258 permistione
1445 2218 1680 2257 complectitur,

66 2282 96 2307 ut
113 2281 199 2316 patet
219 2284 259 2306 ex
275 2275 418 2313 ipsorum
436 2282 570 2312 operum
588 2272 744 2312 catalogo.
762 2272 977 2311 quisequcns
997 2276 1057 2301 est.
1073 2271 1095 2300 Ι.
1113 2269 1363 2301 Commentariun
1380 2269 1413 2298 in
1426 2268 1506 2299 Acta
1520 2267 1681 2307 apostolo-

65 2337 140 2364 rum,
158 2327 267 2357 editus
285 2325 364 2355 olim
381 2334 398 2356 a
415 2324 536 2355 Sifano.
552 2324 590 2354 II.
606 2323 696 2353 Alter
712 2323 744 2352 in
762 2322 873 2352 eadem
892 2323 967 2352 Acta
982 2321 1230 2352 Commentarius
1248 2327 1360 2351 recens
1376 2323 1488 2350 erutus
1506 2328 1545 2350 ex
1562 2318 1681 2349 biblio-

68 2378 152 2409 theca
169 2378 331 2407 \'aucana.
350 2376 404 2406 Ill.
418 2374 671 2406 Commentarius
681 2374 715 2404 in
728 2372 891 2412 Epistolas
912 2371 1101 2402 Calholicas.
1120 2372 1172 2401 IV.
1188 2370 1299 2401 Oratio
1318 2371 1353 2400 in
1377 2369 1595 2399 adorationem
1607 2377 1682 2398 cru-

67 2429 119 2458 cis.
135 2429 176 2458 V.
195 2426 307 2458 Oratio
326 2425 359 2456 in
375 2425 649 2464 prmentationem
662 2424 711 2458 Β..
720 2423 830 2454 Maria:
850 2422 1003 2460 Virginis.
1023 2423 1076 2452 VI.
1092 2421 1286 2459 Martyrium
1301 2419 1478 2458 quindecim
1496 2423 1682 2457 martyrum,

67 2479 118 2517 qui
136 2477 223 2517 passi
241 2480 316 2507 sunt
331 2476 508 2514 imperante
523 2474 654 2505 Iuliano
673 2475 835 2513 Apostata.
850 2473 920 2503 VII.
936 2471 1096 2502 Allocutio
1112 2471 1148 2501 de
1164 2472 1250 2502 iisin
1266 2470 1378 2509 quibus
1394 2469 1502 2499 Latini
1516 2469 1680 2507 reprehen-

68 2529 184 2558 duntur
201 2537 220 2557 α
235 2526 365 2557 Gracia.
383 2526 468 2555 VIII.
483 2523 651 2554 Institutio
667 2524 755 2563 regia
780 2522 822 2552 ad
836 2522 1080 2554 Constantinum
1095 2520 1416 2559 Porphyrogenitum.
1432 2519 1486 2548 IX.
1499 2517 1682 2547 Encomium

68 2582 98 2610 in
118 2580 340 2618 imperatorem
355 2576 503 2607 Alexium
518 2576 718 2607 Comnenum.
736 2576 777 2606 Χ.
794 2575 949 2613 Epistulae
960 2573 1075 2613 viginti
1089 2581 1202 2604 recens
1216 2575 1316 2602 eruta:
1336 2579 1373 2601 ex
1390 2569 1582 2600 bibliotheca
1603 2568 1682 2597 l'ati-

71 2641 154 2661 (ιιηα.
172 2631 228 2661 XI.
247 2631 402 2663 Extrema.
418 2636 489 2666 pars
504 2627 640 2658 humilia:
653 2627 834 2658 undecimae
853 2626 884 2656 in
901 2625 1183 2656 Rcsurrectioncm.
1202 2624 1273 2654 XII.
1289 2621 1536 2653 Commentarius
1557 2620 1588 2649 in
1608 2619 1682 2647 Acta

69 2680 282 2720 apostolorum
296 2687 335 2708 ex
353 2678 545 2708 bibliotheca
568 2677 752 2711 Florentino
770 2675 921 2707 Mediam.
940 2676 1027 2706 XIII.
1050 2674 1200 2714 Epiatalw
1215 2683 1234 2702 a
1250 2671 1390 2703 Meursio
1409 2674 1436 2700 et
1453 2669 1559 2720 Lamia
1578 2667 1682 2720 Δριιίέατ.

69 2731 225 2767 Quaniam
243 2737 320 2759 vero
337 2729 376 2758 de
393 2728 546 2759 omnibus
564 2728 613 2758 his
628 2727 736 2766 aliqua
752 2726 975 2765 prmn'uonenda
991 2729 1078 2760 sunt,
1095 2733 1160 2763 quo
1172 2723 1312 2762 quisque
1328 2722 1364 2752 ad
1383 2727 1494 2750 eorum
1512 2717 1682 2748 lectionem

70 2766 190 2811 accedat
207 2779 357 2818 paratior,
375 2777 596 2808 Praefationem
616 2777 694 2807 hanc
712 2776 743 2807 in
763 2775 894 2807 totidem
911 2779 991 2814 quot
1013 2778 1115 2813 partes
1133 2773 1208 2803 tomi
1228 2771 1323 2809 hujus
1341 2773 1427 2805 sunt,
1451 2766 1591 2797 dividam
1612 2775 1682 2795 sec-

98 2853 106 2863 ‘
118 2853 237 2878 Editionls
250 2852 353 2877 Venet-'0
364 2857 435 2883 quam
448 2848 583 2879 sequimur.
