1880 3055
675 154 745 163 ..υ-Ἴ-
762 154 862 164 ;“;;.;-;
868 154 883 159 θ’
891 154 924 165 3."
934 154 951 165 νζ
957 156 977 159 ψ
986 155 1178 166 τέῖξτξζᾚ
1183 155 1581 170 Ὴτπτζ
1587 159 1668 170 νῑξ-«ξ

313 256 864 348 BONIFACII
959 262 1019 346 Ε
1029 263 1135 348 ΙΝ
1142 263 1396 349 ΕΤΤΙ

631 439 770 468 OIiDlNIS
802 439 1082 469 I‘RA‘IDICA’TORUM

125 539 209 597 IN
271 539 593 598 TERTIUM
668 531 966 598 TOMUM‘
1030 544 1587 604 THEOPHYLACTI

685 671 1024 718 Pii/EFATIO.

89 849 113 878 I'.
129 849 212 880 Cum
234 850 292 880 viri
311 851 506 889 gravissimi,
523 859 662 890 quorum
679 851 868 880 auctoritate
895 853 1088 882 commoveri
1110 855 1398 893 ntevmquissiznnm
1422 861 1499 892 erat,
1524 857 1670 895 ill'llicnse

54 904 158 937 optare
173 908 210 930 se
231 900 309 930 mihi
326 900 572 939 signiﬁcassent,
594 906 627 931 ut
644 900 727 930 tertii
750 900 846 938 hujus
860 900 976 930 edendi
995 903 1070 931 tomi
1085 903 1116 933 in
1135 913 1185 934 me
1204 914 1310 935 curam
1330 906 1517 944 reciperem,
1534 909 1674 939 laborem

54 950 134 995 hunc
164 950 410 981 detractandum
438 951 515 981 mihi
540 951 672 982 minime
698 951 824 986 censui,
847 952 1022 988 praesertim
1049 961 1120 982 cum
1136 953 1171 989 ii,
1192 955 1247 992 qui
1270 963 1330 985 suo
1358 963 1407 986 me
1428 965 1510 994 [mne
1537 957 1674 996 imperim

53 999 244 1038 copellere
260 1001 454 1038 potuissent.
475 1009 532 1040 pro
548 1000 666 1031 eximia
690 1000 886 1031 humanitate
902 1009 960 1032 sua
975 1002 1014 1031 ad
1030 1002 1062 1032 id
1088 1004 1231 1034 muneris
1256 1005 1462 1036 subeimdum
1481 1008 1675 1045 persuadere

55 1049 168 1080 ratione
183 1049 376 1088 maluerint;
394 1051 554 1082 neminem
579 1051 703 1081 aientes
721 1050 751 1081 id
769 1051 870 1090 magis
887 1051 1012 1086 ili-cere,
1043 1060 1139 1091 quam
1153 1061 1214 1089 me,
1235 1056 1293 1093 qui
1315 1055 1434 1086 inedita
1448 1057 1675 1097 'I'heophylacti

56 1100 166 1137 Opera,
184 1101 307 1140 quibus
324 1100 514 1131 tomiistius
532 1109 602 1139 pars
622 1101 760 1131 maxima
774 1101 1035 1137 constat,.Laliue
1053 1103 1202 1133 vertenda
1224 1104 1456 1141 suscepissem.
1481 1107 1558 1136 Cum
1580 1108 1677 1146 igitur

56 1149 88 1179 ad
109 1149 259 1188 id,.quod
277 1151 350 1181 sine
366 1150 491 1189 piaculo
513 1159 660 1181 recusare
680 1151 730 1180 vix
749 1155 901 1189 poteram,
920 1151 1174 1190 aggrediendum
1194 1153 1337 1184 animum
1353 1155 1566 1193 appulis‘sein,
1584 1157 1676 1188 facile

58 1199 214 1236 intellexi,
230 1201 390 1239 assumpti
405 1205 524 1239 partem
538 1201 648 1240 operis
664 1209 736 1232 esse
751 1201 905 1232 nonnulla
923 1202 954 1232 in
972 1205 1093 1233 tomum
1121 1203 1269 1233 eumdem
1291 1204 1428 1242 prml'ari,
1454 1206 1575 1244 quibus
1600 1215 1677 1244 ομπ-

57 1261 133 1286 rum.
150 1261 226 1291 qua:
253 1253 408 1287 continet.
431 1253 629 1292 laborisque,
650 1261 746 1292 quem
764 1253 794 1284 in
818 1253 932 1285 eodem
958 1254 1131 1293 insumpsi,
1154 1255 1310 1285 rationem
1333 1255 1474 1296 aliquam
1504 1250 1677 1288 tectorii-ius

57 1301 233 1332 redderem.
250 1303 319 1339 Qua
334 1303 364 1333 in
383 1311 415 1332 re
431 1302 508 1333 illud
526 1303 671 1332 omnium
688 1303 791 1341 primo
804 1303 1004 1341 purgandum
1018 1303 1195 1338 videretur,
1207 1304 1292 1342 quod
1306 1304 1419 1335 tertius
1434 1305 1493 1336 iste
1507 1306 1674 1345 Theophi-

59 1352 122 1382 lacti
140 1357 248 1383 tomus
265 1355 365 1384 multo
380 1354 515 1384 fortasse
532 1354 652 1389 serius,
671 1361 766 1392 quam
782 1362 857 1391 spes
872 1353 952 1384 facta
967 1353 1097 1390 fuisset,
1118 1354 1150 1384 in
1169 1354 1273 1385 lucem
1294 1364 1380 1385 nunc
1392 1355 1522 1386 demum
1540 1357 1676 1395 profera-

60 1406 122 1439 tur;
149 1403 214 1433 nisi
236 1413 309 1441 qua)
329 1403 466 1434 dicenda
483 1403 619 1434 inferius
637 1403 715 1434 mihi
732 1407 820 1440 sunt,
846 1403 954 1434 labore
980 1412 1030 1434 me
1049 1403 1111 1433 isto
1137 1403 1290 1434 levarent.
1309 1405 1352 1434 Ex
1374 1405 1414 1434 iis
1432 1405 1519 1436 enim
1548 1406 1676 1444 planum

58 1457 319 1491 compertumque
336 1452 400 1487 ﬁet.
412 1451 537 1482 nullius
549 1452 688 1487 incuria,
701 1452 757 1482 sed
774 1451 819 1482 rei
835 1452 952 1483 melius
965 1453 1114 1490 gerendae
1129 1453 1239 1483 studio
1257 1461 1376 1484 moram
1393 1457 1509 1484 tantam
1530 1455 1678 1495 injectum

60 1503 166 1533 fuisse.
189 1504 270 1533 Cum
289 1511 426 1542 namque
444 1503 596 1542 pleraque
611 1511 707 1542 opera
723 1512 795 1542 quin
811 1503 961 1535 volumen
979 1503 1066 1534 istud
1084 1502 1320 1542 complectitur,
1338 1508 1393 1533 aut
1407 1504 1580 1535 admodum
1597 1514 1678 1542 rara,

63 1558 110 1582 aut
127 1552 225 1592 plane
247 1554 364 1584 inedita
384 1553 501 1590 forent,
519 1562 554 1584 ac
570 1555 714 1594 quaedam
733 1554 828 1586 etiam
845 1554 968 1586 detecta
997 1555 1232 1591 recentissime,
1259 1554 1291 1583 in
1306 1553 1349 1584 iis
1365 1554 1561 1594 colligendis
1579 1555 1677 1596 (quod

62 1605 184 1636 nonnisi
209 1605 313 1636 aliena
332 1613 427 1644 opera
446 1605 588 1644 praestari
607 1606 753 1644 poterat),
772 1606 804 1636 in
829 1606 1073 1646 eisdemquead
1102 1606 1227 1645 prelum
1255 1607 1406 1645 parandis
1427 1607 1500 1646 plus
1524 1609 1678 1646 temporis

62 1657 173 1688 insumi
194 1657 337 1695 opertuit
354 1665 449 1696 quam
474 1657 656 1696 putabatur.
679 1658 815 1688 Necesse
833 1657 941 1697 itaque
961 1657 1023 1688 fuit
1048 1662 1182 1695 emptam
1207 1656 1282 1687 tomi
1308 1656 1405 1694 hujus
1431 1656 1678 1696 impressionem

63 1707 251 1747 aliquandiu
266 1707 492 1737 intermittere.
512 1708 630 1737 Ver-um
651 1716 690 1737 ne
712 1707 841 1737 interim
855 1716 906 1737 res
923 1707 1055 1737 omnino
1074 1711 1104 1737 et
1119 1706 1510 1746 undequaquesuspensa
1525 1711 1677 1741 maneret,

62 1761 90 1787 et
107 1766 144 1788 ne
165 1757 240 1796 plus
255 1765 348 1795 aequo
365 1757 586 1787 studiosorum
603 1757 769 1787 hominum
787 1756 984 1795 exspectatio
1002 1757 1247 1795 produceretur,
1264 1757 1399 1787 selertes
1414 1756 1567 1786 editionis
1583 1756 1677 1794 hujus

63 1812 224 1839 curatores
244 1811 365 1838 tomum
382 1811 545 1846 quartum,
560 1808 617 1847 qui
634 1812 664 1838 et
686 1809 820 1839 ultimus
839 1809 900 1840 erit
913 1831 921 1844 ,
940 1809 1028 1847 prelo
1041 1809 1280 1849 subjiciendum
1297 1811 1462 1843 curarunt;
1491 1812 1529 1838 ut:
1544 1815 1608 1846 quo
1625 1815 1678 1836 se-

65 1864 125 1894 rius
140 1862 282 1894 studiosi
297 1862 431 1892 tertium
443 1863 540 1892 istum
557 1861 733 1901 accipiunt,
748 1870 787 1892 eo
801 1861 960 1891 maturius
978 1861 1042 1890 sint
1059 1865 1179 1891 tomum
1198 1860 1347 1891 ultimum
1361 1859 1532 1897 .accept-uri
1552 1869 1558 1887 :
1584 1859 1678 1897 cujus

64 1924 129 1945 cum
144 1914 321 1952 impressio
337 1914 472 1944 multum
488 1921 656 1953 progressa
668 1912 733 1952 jam
750 1912 803 1946 sit,
818 1911 962 1950 polliceri
983 1915 1270 1949 certo-possumus,
1297 1918 1370 1940 eum
1407 1908 1518 1947 paucis
1545 1909 1679 1946 posthac

67 1965 229 2001 mensibus
247 1963 449 2002 proditurum
472 1963 505 1994 in
524 1963 639 1994 lucem.
659 1964 760 2000 Quam
777 1970 854 1992 sane
870 1962 999 1992 brevem
1019 1961 1206 1991 dilationem
1225 1969 1264 1990 eo
1281 1959 1424 1998 uiiiuiore
1440 1958 1676 1988 auimotolera-

65 2014 106 2044 bit
120 2013 298 2045 benevolus
314 2013 426 2050 lector,
449 2022 515 2050 quo
537 2012 688 2052 majorem
703 2016 750 2042 est
769 2021 808 2042 ex
824 2011 921 2051 hujus
938 2010 1116 2042 voluminis
1132 2009 1271 2041 lectione
1292 2009 1488 2048 voluptatem
1509 2011 1678 2046 perceptu-

66 2074 115 2096 rus
141 2074 217 2098 cum
243 2069 284 2096 ob
307 2064 459 2097 eximiam
485 2072 620 2102 operum
645 2063 677 2093 in
703 2072 742 2094 eo
769 2065 994 2093 contentorum
1025 2059 1250 2099 praestantiam,
1276 2063 1342 2091 tum
1369 2063 1496 2098 propter
1517 2059 1677 2098 insignem

67 2115 250 2146 earumdem
266 2115 543 2152 variet-atem,.qua
560 2112 734 2151 prmsertim
752 2112 806 2147 iis,
825 2111 881 2151 qui
898 2111 963 2149 jam
980 2111 1058 2141 editi
1082 2114 1170 2145 sunt,
1197 2115 1302 2140 tom-ns
1321 2110 1380 2140 isto
1407 2109 1571 2148 praecellit.
1599 2110 1677 2139 Cum

68 2165 144 2196 enim
161 2166 321 2204 exegetica
338 2165 385 2195 illi
403 2168 524 2194 tantum
543 2172 638 2202 opera
654 2164 838 2198 exhibeant,
871 2162 921 2192 hic
935 2166 965 2191 et
984 2162 1154 2200 exegetica,
1173 2165 1202 2191 et
1218 2161 1370 2193 oratoria,
1392 2164 1422 2189 et
1436 2168 1538 2194 sacra,
1552 2162 1583 2189 et
1600 2167 1678 2197 pro-

69 2217 146 2255 fana,
163 2222 196 2248 et
212 2217 376 2251 historica,
390 2215 585 2255 etpolitica,
596 2217 626 2244 et
641 2213 819 2252 dogmatica
834 2213 917 2244 haud
935 2212 1115 2251 injucunda
1128 2220 1204 2241 sane
1221 2210 1429 2248 permistione
1444 2209 1678 2248 complectitur.

71 2270 99 2295 ut
115 2269 199 2304 patet
218 2274 258 2295 ex
275 2265 418 2302 ipsorum
436 2271 570 2301 operum
587 2262 744 2302 catalogo.
761 2262 976 2301 quisequens
996 2266 1055 2291 est.
1073 2262 1094 2290 I.
1112 2259 1362 2290 Commentarius
1378 2259 1412 2289 in
1426 2258 1505 2289 Acta
1518 2257 1680 2297 apostolo-

70 2325 141 2352 rum,
157 2316 266 2346 editus
284 2315 364 2344 olim
381 2323 397 2345 a
415 2314 535 2345 Sifnno.
552 2313 589 2343 Il.
605 2312 694 2343 Alter
711 2312 743 2342 in
761 2312 872 2342 eadem
891 2313 966 2342 Acta
981 2311 1229 2342 Commmini-ius
1246 2318 1359 2341 recens
1375 2313 1486 2340 erutus
1505 2318 1544 2340 ex
1561 2308 1680 2340 biblio-
1719 2317 1721 2319 ‘

73 2366 151 2397 theca
168 2367 330 2396 Vaticana.
349 2365 403 2395 III.
417 2364 714 2395 Commentariusin
727 2362 890 2402 Epistolas
911 2362 1100 2393 Calholicas.
1119 2362 1171 2391 IV.
1186 2360 1298 2391 Oratio
1316 2361 1352 2390 in
1376 2359 1593 2390 adorationem
1606 2367 1680 2389 cru-

72 2418 121 2446 cis.
136 2418 174 2447 V.
195 2416 306 2447 Oratio
325 2415 359 2445 in
374 2415 648 2454 prime-Mauortem
661 2413 710 2448 Β..
719 2413 829 2444 Maria:
848 2412 1002 2450 Virginis.
1021 2413 1074 2442 VI.
1090 2411 1285 2449 Martyrium
1300 2408 1477 2448 quindecim
1495 2413 1680 2447 martyrum,

73 2467 120 2505 qui
137 2467 222 2506 passi
240 2469 315 2496 sunt
331 2465 508 2504 imperante
522 2464 653 2495 Iuliano
672 2464 834 2502 Apostata.
848 2463 918 2493 VII.
934 2461 1094 2492 Allocutio
1110 2461 1147 2491 de
1163 2462 1202 2492 iis
1214 2462 1249 2491 in
1265 2459 1376 2499 quibus
1392 2459 1501 2490 Latini
1514 2459 1679 2497 reprehen-

74 2517 184 2547 duntur
200 2527 219 2546 α
234 2515 364 2546 ercis.
382 2515 467 2544 VIII.
482 2514 650 2544 Institutio
666 2513 754 2552 regia
779 2513 820 2542 ad
835 2512 1079 2543 Constantinum
1094 2509 1414 2550 Porphyrogenitum.
1430 2509 1484 2538 IX.
1497 2508 1680 2538 Encomium

74 2570 102 2597 in
121 2569 339 2607 imperatorem
354 2565 502 2596 Alexium
517 2566 717 2596 Comnenum.
735 2565 775 2596 Χ.
793 2564 947 2603 Epistola:
959 2563 1074 2602 viginti
1088 2571 1201 2593 recens
1215 2565 1315 2592 eruta:
1335 2570 1371 2591 ex
1389 2559 1580 2590 bibliotheca
1602 2559 1680 2588 ι’(ιιί-

77 2630 154 2649 (una.
172 2620 226 2650 XI.
246 2620 401 2652 Extrema,
418 2626 488 2656 pars
502 2617 639 2648 homilitz
652 2617 832 2647 undecimw
850 2616 883 2646 in
900 2615 1181 2646 Resurrectionem.
1201 2614 1271 2644 XII.
1288 2610 1534 2644 Commentarius
1555 2610 1586 2639 in
1606 2609 1680 2638 Arta

75 2669 282 2707 apostolorum
295 2676 334 2698 ex
352 2667 543 2698 bibtiotheca
567 2666 750 2700 Florentino
769 2665 920 2696 Medicae.
938 2666 1026 2696 XIII.
1048 2664 1199 2704 Epistola:
1214 2673 1232 2692 α
1249 2662 1388 2694 Meursio
1408 2665 1435 2691 ct
1451 2660 1557 2690 Lamia
1582 2657 1680 2688 edit-ar.

76 2719 225 2755 Quoniam
242 2726 320 2748 vero
336 2718 375 2748 de
391 2717 544 2748 omnibus
563 2717 612 2747 his
627 2717 734 2756 aliqua
750 2716 974 2754 prteu‘ionenda
990 2719 1076 2750 sunt,
1094 2723 1159 2753 quo
1171 2712 1311 2752 quisque
1326 2712 1363 2742 ad
1382 2718 1493 2741 eorum
1510 2708 1680 2739 lectionem

76 2770 190 2800 accedat
207 2768 356 2807 paratior,
373 2766 594 2798 Praefationem
615 2766 693 2797 hanc
710 2766 741 2797 in
761 2765 893 2796 totidem
910 2769 989 2804 quot
1012 2768 1114 2803 partes
1131 2763 1207 2793 tomi
1227 2760 1322 2799 hujus
1340 2764 1426 2795 sunt,
1450 2757 1590 2788 dividam
1610 2765 1680 2785 sec-

101 2842 109 2851 '
120 2841 237 2866 Editionls
250 2841 351 2865 Venetia
363 2846 434 2873 quam
446 2838 582 2868 sequimur.
