1880 3055
79 109 150 144 M39
497 112 537 148 ΙΝ
565 113 781 154 SEQUENTM
807 121 821 150 'I

979 122 1099 152 ΓΙ,Ᾱοτῖ
1125 123 1296 154 summa.
1668 124 1721 155 ΗΟ

78 167 146 196 Sin
162 165 438 205 onniinosiislnli,
457 171 566 201 saltem
580 178 745 212 tit-utique
766 174 883 211 sopivi.
900 174 984 210 Quid
1001 183 1074 204 eum
1092 175 1279 206 esi-itaverit
1294 176 1415 212 denuo,
1432 184 1470 207 ex
1487 185 1558 208 mox
1574 176 1721 208 dicendis

82 219 308 256 perspicuum
327 221 390 250 (iet.

810 285 948 316 SECTIO
973 286 1010 315 II.

238 358 282 388 De
298 358 529 390 Commentario
546 361 579 390 in
594 361 669 391 .lrta
682 362 897 400 apostatarum
919 369 1027 393 recens
1043 369 1133 394 crulo
1158 373 1198 394 eo:
1213 359 1400 396 bitliothcra
1422 365 1580 396 Vaticana.

136 429 193 461 IV.
217 432 428 465 Praecedentis
450 435 675 466 Cnmmentarii
703 437 878 475 impressio
901 438 938 468 ad
965 437 1152 469 umbilicum
1177 438 1276 470 ferme
1307 442 1509 478 pervenerat,
1526 447 1599 470 cum
1622 439 1721 468 Roma

83 479 190 529 dilata
203 486 280 512 sunt
297 484 357 514 tria
371 483 447 514 folia
466 484 601 529 alterius
619 486 848 529 commentarii
871 487 903 517 in
927 488 1038 518 eadem
1063 489 1283 526 apostolorum
1298 489 1386 524 Acta,
1401 488 1458 526 qui
1482 487 1514 518 in
1533 488 1645 518 codice
1670 487 1720 517 hi-

85 526 272 562 bl‘iothecze
292 533 454 564 Vaticana)
476 526 754 574 Theophyhjctum
779 534 906 574 praefert
922 541 1096 568 auctorem.
1121 538 1213 568 Facta
1235 537 1408 568 collatione
1432 537 1719 575 deprehendimus,

87 579 279 613 Romanum
292 592 309 614 a
325 584 488 616 Sifaniano
503 594 576 616 cum
594 585 626 616 in
639 585 724 622 aliis,
743 589 809 616 tum
826 587 1001 624 przesertim
1018 587 1171 618 brevitate
1196 589 1396 628 discrepare.
1423 588 1490 618 Hoc
1507 595 1583 618 vero
1602 588 1720 618 nedum

88 630 242 669 priorem
261 633 494 665 dubitationem
510 636 592 667 circa
609 637 790 676 genuinum
809 635 901 667 illius
918 638 1147 668 Commentarii
1167 643 1329 669 auctorem
1354 639 1461 668 denuo
1484 638 1647 672 excitavit,
1663 638 1719 668 sed

91 682 195 712 etiam
220 683 364 714 animum
391 693 429 716 eo
453 686 632 723 inclinavit,
659 691 694 718 ut
713 688 889 723 crederem,
914 688 999 718 hunc
1025 689 1132 728 potius
1162 697 1274 719 recens
1301 690 1472 722 detectum.
1500 696 1595 727 quam
1624 687 1715 717 illum

90 731 344 772 Theophylacto
358 737 478 767 auctori
493 737 719 768 ascrihendum
736 743 830 768 esse:
854 738 1028 775 praesertim
1056 739 1141 777 quod
1169 739 1296 768 breviOr
1317 738 1417 768 multo
1442 738 1495 773 sit,
1519 737 1665 775 adeoque
1682 738 1719 767 ad

90 781 391 823 TheOphylacteam
407 787 645 817 commentandi
668 786 824 817 rationem
842 788 974 826 propius
986 789 1139 818 accedere
1155 789 1312 819 videatur.
1328 787 1488 818 Nonnulla
1503 786 1565 817 alia
1582 787 1721 817 subinde

91 832 196 864 Roma
213 840 341 873 accepta
355 836 429 867 folia
447 846 509 867 non
527 837 631 868 solum
654 837 733 868 hunc.
747 838 825 868 mihi
842 838 1062 877 suspicionem
1076 840 1252 874 firmarunt,
1273 839 1327 869 sed
1344 839 1440 869 rtiam
1457 837 1611 869 editionis
1624 838 1722 876 hujus

91 885 307 916 curatoribus
324 887 495 917 consilium
514 887 708 926 injecerunt,
730 888 815 918 hunc
838 897 970 928 quoque
993 890 1263 920 Commentarium
1290 889 1321 919 in
1347 888 1450 919 lucem
1476 887 1666 923 emittendi;
1688 891 1723 918 ut

91 945 195 975 quem
213 937 363 975 aequalis,
380 939 478 969 unius
495 946 611 978 nempe
628 940 762 973 codicis.
779 941 950 971 auctoritas
976 941 1064 971 velut
1082 940 1313 979 Theophylacti
1335 939 1444 970 fmtum
1470 938 1721 971 commendaret.

93 988 126 1019 is
140 989 238 1019 etiam
257 990 371 1029 mquali
391 992 528 1028 publij
543 991 625 1022 lucis
644 992 764 1023 honore
779 992 953 1023 frueretur.
975 991 1119 1023 Consilio
1134 991 1223 1025 huic.
1240 981 1426 1030 quanquam
1446 989 1513 1028 ipse
1528 993 1638 1020 auctor
1650 997 1721 1020 esse

93 1038 275 1073 holucrim,
292 1042 536 1079 repugnandum
558 1044 663 1071 tamen
685 1041 761 1071 mihi
791 1050 862 1072 esse
880 1050 941 1072 non
968 1041 1095 1077 censui,
1112 1041 1233 1079 quippe
1256 1040 1312 1079 qui
1334 1043 1536 1079 perspectum
1559 1038 1721 1073 haberem,

94 1088 249 1118 eruditos
263 1088 410 1120 homines
429 1089 547 1120 nedum
573 1093 671 1126 certa,
691 1090 746 1120 sed
767 1095 798 1120 et
815 1091 912 1122 dubia
936 1099 1031 1130 opera
1049 1091 1161 1122 eodem
1186 1089 1353 1120 volumine
1377 1089 1472 1120 edere
1497 1087 1720 1119 consuevissc.

95 1136 174 1168 Haec
192 1138 327 1177 quidem
343 1148 438 1179 opera
451 1140 489 1171 ad
508 1140 625 1172 calcem
644 1141 818 1172 voluminis
837 1142 1025 1181 plerumque
1043 1141 1235 1180 rcjiciuntur
1250 1151 1258 1171 :
1274 1145 1305 1171 at
1319 1140 1405 1179 quod
1423 1139 1481 1170 hoc
1502 1139 1600 1169 istum
1619 1138 1722 1168 locum

96 1192 239 1228 teneret,
254 1191 287 1222 in
303 1200 395 1223 causa
411 1192 475 1223 fuit
493 1193 557 1232 jam
574 1192 721 1232 absoluta
737 1194 965 1225 Commentarii
984 1194 1194 1233 praecedentis
1214 1192 1398 1232 impressio.
1412 1192 1617 1223 Censuerunt
1633 1189 1720 1220 enim

96 1242 258 1277 editores,
277 1243 544 1279 Commentarios,
562 1245 617 1284 qui
634 1244 716 1276 circa
734 1245 878 1276 eamdem
892 1250 1096 1277 versarentur
1114 1245 1292 1282 materiem,
1310 1245 1489 1282 eodemque
1503 1241 1602 1274 ferme
1624 1240 1722 1272 dubio

98 1292 296 1330 laborarent,
315 1295 383 1326 loco
395 1295 613 1335 sejungendos
630 1299 694 1327 non
711 1301 796 1327 esse.
813 1296 906 1332 Hinc,
923 1297 1047 1328 caneris
1060 1297 1191 1329 interim
1208 1295 1526 1336 pra;termissis,quaa
1541 1302 1603 1333 prin
1619 1292 1723 1323 mani-

98 1342 161 1374 bus
181 1343 351 1380 habebam,
375 1344 474 1384 hujus
499 1345 612 1376 Latine
636 1345 783 1376 vertendi
811 1345 952 1377 laborem
976 1355 1148 1386 aggressus
1168 1356 1252 1378 sum.
1277 1345 1370 1383 Quod
1398 1346 1475 1376 dum
1494 1352 1667 1383 exscquor,
1692 1348 1723 1374 et

98 1394 378 1426 Commentarium
395 1395 503 1434 ipsum
521 1396 654 1435 propius
667 1396 889 1435 attentiusque
905 1397 1080 1436 perspicio,
1099 1397 1132 1428 in
1149 1397 1309 1436 prioribus
1328 1396 1463 1436 quidem
1481 1404 1539 1426 sex
1564 1393 1723 1432 capitibus

95 1449 130 1475 et
147 1445 278 1482 septimi
295 1447 428 1479 dimidia
439 1447 540 1479 ferme
558 1452 646 1488 parte
664 1457 823 1490 perpauca
841 1458 912 1481 esse
928 1449 1147 1489 deprehendo,
1162 1458 1235 1489 qua}
1248 1449 1278 1480 in
1300 1447 1536 1480 Commentario
1559 1445 1723 1478 Sil'aniano

99 1501 165 1527 non
184 1497 343 1534 inessent,
366 1506 401 1528 ac
416 1497 517 1529 ferme
534 1499 638 1530 solum
663 1500 696 1530 in
717 1509 756 1531 eo
779 1501 974 1540 discrepare,
992 1502 1078 1540 quod
1100 1499 1154 1530 ille
1175 1499 1278 1531 multo
1303 1499 1460 1538 prolixior
1476 1498 1530 1535 sit,
1544 1506 1604 1529 seu
1621 1497 1722 1528 multo

101 1546 195 1585 plura
213 1546 388 1578 contineat.
404 1547 541 1586 insuper
554 1547 622 1579 fere
638 1550 745 1580 omnia
763 1558 837 1588 qua;
851 1550 983 1590 utrique
999 1549 1183 1581 communia
1197 1553 1286 1587 sunt,
1301 1550 1381 1581 adeo
1397 1557 1469 1580 cum
1488 1549 1597 1580 verbis
1620 1548 1723 1587 Chry-

101 1596 238 1627 sostomi
255 1604 445 1636 congruere,
461 1600 495 1628 ut
509 1598 637 1629 deliniri
656 1599 707 1630 vix
723 1603 777 1631 aut
792 1601 927 1631 omnino
944 1609 1007 1631 non
1026 1604 1134 1640 queat,
1151 1604 1260 1632 utrum
1276 1609 1349 1639 qua:
1363 1600 1535 1631 Vaticanus
1551 1600 1722 1631 Commun-

100 1647 205 1678 tarius
222 1647 255 1677 in
274 1647 434 1686 praedictis
450 1648 610 1687 capitibus
635 1650 741 1687 habet,
762 1659 800 1681 ex
823 1651 1001 1687 Sifaniano,
1021 1651 1070 1683 vel
1096 1651 1197 1682 simili
1214 1651 1325 1690 aliquo
1339 1650 1529 1688 exemplari,
1546 1659 1585 1681 an
1608 1650 1724 1680 imme-

101 1697 188 1727 diate
200 1706 240 1728 ex
257 1697 328 1735 ipso
348 1691 574 1737 Chrysostomo
585 1699 756 1740 desumpta
768 1700 903 1733 fuerint.
922 1701 1004 1733 Illud
1021 1706 1144 1733 certum
1156 1701 1295 1738 videtur,
1308 1709 1344 1732 ea
1362 1701 1394 1732 in
1415 1705 1500 1738 parte
1512 1700 1591 1731 adeo
1608 1707 1723 1738 purum

104 1753 220 1787 putum
238 1748 385 1780 exhiberi
414 1750 693 1791 Chrysostomum,
719 1755 754 1784 ut
774 1753 826 1784 hic
840 1753 888 1784 illi
910 1753 1025 1784 titulus
1049 1753 1165 1784 merito
1183 1753 1282 1792 aptari
1301 1755 1408 1792 posset
1423 1762 1432 1784 :
1447 1752 1574 1783 Scholia
1595 1752 1630 1783 in
1645 1751 1725 1781 Acta

99 1800 318 1840 apostolorum
331 1808 370 1832 ex
385 1798 615 1841 Chrysoatomo.
632 1803 703 1834 Atia
719 1812 888 1844 perpauca,
902 1809 974 1844 qum
986 1805 1015 1836 ei
1033 1805 1145 1836 insunt
1165 1812 1205 1835 ex
1225 1804 1290 1835 alio
1305 1811 1391 1843 penu
1404 1804 1604 1842 deprompta.
1623 1803 1717 1833 Com-

104 1852 263 1883 mentario
273 1851 339 1892 jam
353 1849 497 1883 coniecto
510 1848 687 1893 superaddi
703 1854 807 1886 aliena
824 1863 920 1886 manu
933 1856 1078 1894 potuere.

144 1902 183 1932 V.
201 1901 263 1932 Sed
290 1901 372 1934 illud
390 1902 449 1933 hoe
474 1902 543 1934 loco
559 1903 880 1936 animadvertendum
901 1908 961 1940 est,
983 1905 1083 1944 quod,
1103 1909 1176 1936 cum
1201 1898 1452 1943 Chrysostomus
1473 1902 1505 1933 in
1521 1901 1666 1941 qualibet
1685 1909 1723 1931 ex

100 1952 171 1984 ‘Ulis
185 1947 332 1985 homiliis
353 1954 555 1994 propositum
577 1955 671 1985 Luem
691 1959 814 1987 textum
833 1956 881 1987 his
902 1958 1161 1995 percurrat;seu
1175 1958 1248 1994 post
1264 1953 1412 1993 primam,
1434 1960 1570 1992 eamque
1594 1951 1724 1982 brevem

102 2006 277 2036 Verborum
294 2004 566 2044 explanationem,
579 2004 675 2036 aliam
687 2010 779 2045 daque
793 2005 923 2038 breVem
943 2010 974 2037 et
993 2005 1190 2046 quandoque
1206 2001 1403 2039 breviorem,
1421 2002 1472 2033 his
1485 2006 1539 2032 aut
1559 1999 1726 2030 similibus

103 2055 211 2086 Verbis
228 2054 413 2094 praemissis,
437 2055 605 2085 subuectat
630 2062 637 2084 :
659 2054 729 2083 Ἀλλ*
743 2055 843 2090 ῐδωμεν

981 2055 1011 2082 τὰ
1026 2054 1171 2091 εἰρημένα,
1182 2052 1238 2083 nd
1256 2052 1403 2092 superius
1424 2050 1509 2082 dicta
1531 2053 1723 2089 repetamus!

101 2110 216 2136 auctor
232 2105 339 2142 istius,
359 2100 511 2145 quisquis
535 2105 664 2136 demum
692 2103 747 2134 ille
764 2102 883 2141 ,t‘uerit,
903 2102 1131 2134 Commentarii
1149 2103 1246 2134 modo
1262 2111 1302 2134 ex
1325 2103 1438 2142 prima,
1461 2101 1556 2132 modo
1573 2108 1613 2131 ex
1628 2099 1725 2130 altera

104 2155 338 2195 Explanatione
365 2155 463 2186 verba
490 2155 667 2195 depromit;
694 2157 725 2185 et
744 2153 877 2192 quidem
902 2152 1094 2192 plerumque
1120 2157 1155 2184 ut
1180 2152 1215 2184 in
1242 2156 1332 2184 textu
1356 2150 1574 2191 Chrysostomi
1598 2149 1726 2189 jacent:

102 2205 212 2235 solum
237 2205 381 2242 mutatis,
403 2204 536 2242 additis,
555 2204 605 2236 vel
626 2204 779 2244 demptis,
802 2202 933 2243 majoris
957 2203 1111 2234 claritatis
1135 2204 1183 2234 vel
1210 2203 1377 2234 brevitatis
1393 2202 1506 2242 gratia,
1532 2200 1728 2242 quibusdam

105 2256 303 2295 quandoque
321 2256 439 2292 verbis,
456 2255 560 2295 utqui
576 2259 641 2287 non
657 2258 719 2285 tam
736 2255 777 2285 de
792 2253 911 2288 verbis,
931 2258 1027 2293 quam
1049 2253 1090 2284 de
1105 2261 1204 2285 sensu
1228 2253 1448 2293 Chrysostomi
1474 2251 1643 2283 laboraret.
1658 2251 1727 2286 Qua

103 2306 210 2334 tamen
230 2305 264 2334 in
283 2313 329 2341 re,
346 2304 387 2341 si,
404 2304 491 2344 quod
507 2304 586 2335 mihi
600 2303 713 2335 videor
727 2302 937 2342 comperisse,
953 2302 1091 2333 candide
1107 2303 1199 2334 fateri
1211 2303 1317 2339 liceat,
1335 2310 1398 2333 non
1419 2310 1546 2341 semper
1562 2301 1641 2331 satis
1657 2300 1728 2331 feli-

103 2354 184 2386 citer
195 2363 257 2386 suo
278 2354 333 2386 ille
350 2355 523 2386 defunctus
539 2359 587 2387 est
604 2363 739 2385 munere
756 2365 763 2385 :
781 2353 944 2385 interdum
962 2353 1048 2384 enim
1064 2357 1119 2384 aut
1134 2353 1308 2393 supprimit
1324 2354 1432 2389 verba,
1447 2361 1520 2393 quia
1535 2352 1728 2391 perﬁciendo

107 2405 220 2436 sensui
237 2405 417 2437 necessaria
433 2410 524 2438 erant
545 2417 553 2436 :
573 2409 627 2437 aut
646 2401 823 2444 superﬂua,
843 2411 916 2444 quin
930 2412 1062 2436 sensum
1086 2405 1303 2436 interturbent
1322 2405 1430 2443 potius
1441 2412 1536 2443 quam
1557 2403 1726 2435 clariorem

104 2455 252 2489 reddant,
269 2454 432 2494 adjungit;
450 2455 499 2485 vel
520 2453 553 2486 in
571 2453 773 2485 scholiorum
790 2453 917 2484 delectu
936 2453 1074 2492 prmterit
1089 2451 1233 2483 meliora.
1249 2453 1350 2489 Quam
1367 2451 1408 2482 ob
1433 2460 1500 2482 rem
1521 2452 1725 2483 Commenta-

106 2506 175 2536 rius
190 2505 254 2535 iste
273 2503 525 2543 Theophylacto.
544 2504 614 2534 viro
627 2502 773 2534 doctrina
789 2507 819 2532 et
831 2501 947 2542 judicii
972 2501 1153 2532 maturitate
1169 2500 1344 2540 praestanti,
1369 2500 1605 2541 abjudicandus
1623 2501 1724 2532 videri

101 2555 173 2594 jure
192 2558 316 2594 posset,
336 2552 398 2584 nisi
415 2553 480 2584 haec
500 2555 608 2584 omnia
632 2553 666 2584 in
686 2552 956 2592 subsequentium
982 2550 1187 2582 librariorum
1206 2551 1419 2587 oscitantiam,
1444 2552 1492 2583 vel
1518 2552 1724 2591 imperitiam,

102 2616 137 2638 ac
150 2604 271 2646 saepius
288 2607 500 2637 temeritatem
519 2605 690 2637 refund‘ere
708 2608 880 2644 praestaret.
896 2604 977 2635 Illud
997 2600 1075 2634 mihi
1092 2603 1305 2642 exploratum,
1320 2603 1495 2642 exemplar,
1512 2603 1598 2643 quod
1618 2603 1725 2634 Latine

102 2656 293 2689 Verlendum
312 2655 432 2694 acoepi,
450 2655 576 2685 mendis
592 2654 730 2694 aliisque
746 2653 925 2685 defectibus
945 2662 1017 2684 esse
1033 2661 1216 2691 respersum
1235 2665 1242 2684 :
1259 2654 1353 2693 cujus
1369 2653 1413 2684 rei
1433 2653 1524 2693 culpa
1540 2661 1603 2684 non
1619 2654 1649 2684 ei
1668 2649 1723 2692 qui

103 2706 210 2745 ipsum
240 2705 394 2739 exaravit,
419 2705 474 2744 qui
499 2705 575 2735 satis
593 2705 770 2744 diligentiae
786 2714 850 2744 prii}
863 2713 898 2735 se
911 2704 983 2740 fert,
1008 2704 1063 2735 sed
1079 2703 1231 2734 Vaticano
1255 2705 1357 2735 codici
1387 2705 1554 2736 tribuenda
1581 2704 1723 2735 videtur.

105 2756 274 2795 Quidquid
293 2764 368 2786 vero
386 2755 443 2786 hac
459 2755 499 2786 de
515 2764 548 2786 re
563 2755 616 2792 sit,
634 2764 672 2787 eo
689 2760 774 2786 certe
792 2755 891 2794 major
908 2754 986 2785 mihi
1004 2754 1035 2784 in
1054 2753 1162 2784 Latina
1184 2754 1406 2785 concinnanda
1427 2755 1574 2786 versione
1595 2754 1724 2792 impen-

103 2806 232 2838 dendus
249 2805 309 2836 fuit
326 2805 424 2842 labor,
443 2811 508 2843 quo
524 2804 729 2844 frequentius
743 2813 873 2836 necesse
891 2803 987 2834 habui
1004 2812 1078 2834 cum
1100 2803 1320 2843 Clirysostomi
1348 2804 1438 2835 fonte
1459 2804 1541 2836 illud
1555 2802 1720 2836 conferre:
