1880 3055
176 126 226 157 Ui
700 124 891 156 BONIFACII
914 127 1065 157 FlNET'l‘l
1085 128 1280 158 PIL'EFA'FIO
1745 128 1810 160 ΜΞ).

177 191 213 216 ut
230 188 260 216 et
279 185 350 224 ejus
366 184 481 216 menda
494 183 700 222 corrigerem,
719 186 761 220 et,
779 183 832 214 ubi
849 185 974 215 deesset
989 185 1124 224 aliquid,
1143 187 1340 226 supplerem.
1362 188 1395 218 ln
1420 187 1461 219 iis
1482 195 1567 223 vero,
1584 196 1658 227 quas
1677 196 1717 218 ex
1731 187 1811 218 alio.

175 233 266 265 fonte
286 235 397 265 hausta
421 238 509 270 sunt,
524 242 596 264 cum
612 233 776 264 Silaniano
792 235 1040 272 Commentario,
1056 240 1085 266 et
1097 237 1280 276 apographo
1295 236 1494 275 Florentino,
1507 240 1546 268 de
1563 246 1628 277 quo
1642 236 1810 271 inferius,.

177 287 326 318 eumdem
343 287 377 317 in
397 286 491 316 ﬁnem
504 286 627 316 contuli
647 296 654 314 :
678 285 770 324 plura
786 286 874 316 enim
890 287 1030 327 singulis
1048 287 1136 319 hisce
1152 289 1390 320 commentariis
1404 289 1588 320 communia
1611 292 1698 324 sunt,
1713 288 1803 318 adeo

177 344 213 369 ut
225 338 307 369 alius
326 347 365 369 ex
381 338 443 369 alio
460 338 622 368 emendari
639 339 834 378 quandoque
853 340 965 378 possit,
982 343 1077 379 atque
1094 341 1251 379 suppleri.
1268 341 1429 377 Quantum
1448 340 1631 380 liujusmodi
1649 339 1802 370 collatio-

178 388 274 419 nibus
291 388 532 425 Commentarii,
549 397 616 428 quo
634 389 673 420 de
698 389 826 428 loquor,
855 393 978 420 textum
998 398 1058 429 ego
1084 389 1284 429 perfecerim,
1301 395 1512 430 compertum,
1527 389 1802 428 exploratumque

181 439 278 470 lector
306 439 448 476 habebit,
467 439 494 470 si
514 439 671 476 advertat,
689 440 784 471 verba
803 449 820 470 a
838 449 887 471 me
903 450 942 471 ex
962 441 1056 472 dictis
1079 441 1222 473 fontibus
1240 443 1345 473 addita
1361 443 1450 473 hisce
1469 441 1573 481 signis
1592 442 1602 479 [
1643 441 1652 477 1
1671 439 1800 470 inclusa

175 496 260 518 esse.
284 489 330 519 Ad
347 489 524 527 marginem
544 498 620 520 vero
636 490 798 521 Iateralem
814 490 968 529 ascriptus
984 492 1123 531 reperiet
1138 493 1299 524 variantes
1325 492 1493 530 lectiones,
1518 499 1582 522 non
1598 494 1703 521 tamen
1725 497 1806 520 om-

175 547 254 573 nes;
271 548 343 570 cum
360 540 564 579 superﬂuum
579 545 609 572 et
625 541 740 572 inutile
753 542 856 572 visum
875 542 958 573 mihi
979 542 1088 579 fuerit,
1112 543 1460 583 quotiesﬁnanifestum
1481 542 1614 582 aliquod
1637 540 1799 571 mendum

177 591 433 629 expungendum
453 591 525 626 fuit,
542 591 635 622 toties
652 596 723 622 nota
743 591 851 632 aliqua
869 593 1034 632 marginali
1056 594 1217 624 Lectorem
1234 602 1375 630 monere,
1394 598 1427 624 ut
1443 593 1520 623 alias
1536 593 1609 624 fecit
1633 591 1767 621 Sii'zmus
1786 600 1794 618 π

175 641 216 670 ob
236 649 330 680 quam
349 650 414 672 rrm
433 646 536 672 tamen
553 651 626 672 eum
644 642 947 681 reprehendendum
962 652 1025 674 non
1042 649 1130 682 puto.
1149 654 1220 675 (Ulli
1237 645 1349 675 nonad
1364 644 1564 682 diligentiam
1579 643 1627 673 vel
1646 641 1799 680 peritiam

175 698 266 720 suam
293 692 527 729 ostentandam,
553 692 608 723 sed
631 693 669 722 ad
688 701 816 723 omnem
843 693 1040 724 infidelitatis
1066 695 1273 725 amovendam
1291 693 1509 733 suspicionem
1533 693 1563 723 id
1580 692 1686 731 egisse
1703 689 1803 720 facie

175 741 313 772 credam.

218 806 271 836 Vl.
288 806 382 836 Hunc
398 806 584 837 conferendi
606 806 759 844 laborem,
779 808 975 847 exemplaris
993 808 1189 839 emendandi
1203 808 1420 848 supplettdive
1435 816 1541 843 causa,
1559 814 1620 837 non
1639 805 1748 835 solum
1766 803 1801 832 in

176 856 353 895 prioribus,
375 861 407 887 ul
421 856 487 896 jam
505 858 613 894 innui,
634 858 807 897 capitibus,
824 861 879 889 sed
894 860 924 890 in
943 860 1085 900 qualibet
1101 861 1204 899 ipsius
1230 865 1315 900 parte
1333 860 1453 891 subivi.
1479 859 1730 897 Chryso~tomus
1752 860 1802 885 ta—

178 915 250 936 men
269 914 332 936 non
346 906 389 936 ita
405 906 591 945 frequenter
606 907 694 938 adire
711 915 793 946 opus
811 908 890 939 mihi
906 909 979 946 fuit,
997 919 1068 941 cum
1082 919 1098 941 a
1115 910 1220 941 medio
1239 911 1366 941 circiter
1383 910 1520 948 septimo
1536 908 1638 947 rapite
1657 916 1673 936 a
1695 907 1804 945 Chry-

178 959 321 986 sostomo
338 956 437 995 magis
458 956 638 992 discedere,
655 960 685 987 et
705 957 942 990 Cammentario
969 960 1000 990 in
1018 962 1092 991 Acta
1110 961 1329 999 apostolorum
1353 960 1414 990 sub
1438 959 1568 990 nomine
1603 955 1801 988 Oﬁcumenii

174 1014 240 1054 jam
257 1005 378 1036 dudum
397 1007 524 1045 vulgato
542 1007 580 1037 ad
597 1009 751 1038 amussim
770 1009 837 1039 fere
854 1010 1027 1041 convenire
1040 1011 1320 1049 deprehenderim.
1345 1009 1391 1040 Eo
1405 1015 1508 1040 tamen
1530 1007 1631 1038 multo
1649 1010 1697 1037 est
1723 1006 1802 1036 bre-

177 1055 259 1093 vior,
277 1056 352 1094 quia
377 1056 485 1096 plures
503 1056 731 1096 longioresque
748 1058 780 1088 in
798 1057 853 1088 illo
873 1062 1037 1089 contentas
1056 1059 1288 1098 expositiones,
1310 1067 1382 1098 qum
1405 1057 1539 1088 fOI‘UISSB
1564 1064 1647 1087 mera
1669 1055 1802 1085 addita-

176 1110 283 1136 menta
299 1109 386 1143 sunt,
406 1107 627 1145 praetermittit.
646 1107 705 1138 Sed
724 1116 773 1138 me
788 1108 923 1139 fortasse
940 1108 991 1139 hic
1006 1109 1178 1148 quisquam
1198 1108 1415 1147 interpellabit
1432 1114 1546 1146 rogans
1564 1117 1570 1135 :
1588 1107 1679 1136 Tune
1698 1105 1803 1143 igitur

174 1154 364 1186 OEcumem’t‘
395 1155 666 1186 Commentarium
691 1156 725 1186 in
746 1156 977 1196 TheOphylacti
1004 1157 1148 1189 editione
1174 1157 1268 1187 nobis
1291 1157 1450 1188 exhibes?
1470 1155 1603 1186 Minime
1627 1162 1714 1184 vero.
1737 1154 1800 1184 Sed

176 1205 447 1236 Commentariun]
465 1205 707 1244 'l'heOpliylat-to
719 1211 877 1245 ereptum,
897 1207 1047 1238 Vaticano
1061 1207 1171 1238 codice
1187 1207 1378 1246 sententiam
1395 1215 1450 1245 pro
1468 1205 1525 1236 illo
1541 1205 1675 1240 ferente,
1691 1205 1800 1234 eidem

177 1255 417 1295 'l‘heophylacto
433 1255 586 1289 restituo;
602 1256 688 1295 quod
716 1255 748 1286 in
765 1256 829 1287 alio
845 1257 990 1296 ejusdem
1006 1257 1237 1288 commentario
1261 1255 1394 1295 contigit
1415 1254 1468 1294 (a).
1492 1256 1603 1292 Neque
1624 1254 1801 1292 quisquam

178 1306 231 1336 hic
244 1305 321 1336 mihi
340 1307 553 1338 ducentorum
569 1307 696 1337 circiter
709 1315 866 1339 annorum
884 1307 1122 1346 possessionem
1139 1316 1197 1347 pro
1212 1307 1412 1338 0Ecumenio
1427 1307 1584 1337 obtrudat.
1601 1308 1677 1337 Nam
1693 1314 1802 1343 prom-

177 1360 265 1395 ptum
283 1361 331 1388 est
347 1366 510 1397 regerere,
528 1365 598 1388 eam
614 1358 748 1396 quidem
766 1358 804 1388 ad
818 1359 890 1388 lites
906 1359 944 1388 de
956 1358 1153 1396 praediorum
1170 1357 1386 1396 possessione,
1403 1366 1466 1387 non
1483 1365 1557 1387 vero
1570 1358 1608 1387 de
1630 1361 1801 1387 auctorum

176 1406 385 1445 germanitate
401 1407 601 1437 dirimendas
618 1406 736 1437 valere.
755 1407 786 1436 Si
817 1406 902 1437 enim
929 1405 1094 1445 legitimus
1115 1407 1253 1446 alicujus
1269 1407 1376 1447 operis
1402 1410 1513 1437 auctor
1534 1406 1651 1436 vetusti
1676 1405 1802 1437 codicis

175 1455 364 1486 auctoritate
380 1456 559 1494 delegatur,
578 1455 625 1485 illi
645 1455 788 1494 profecto
804 1455 1041 1486 restituendum
1057 1456 1143 1495 quod
1161 1456 1326 1494 pr0prium
1352 1455 1458 1494 ipsius
1482 1463 1552 1485 esse
1577 1453 1801 1494 cognoscitur,

176 1505 264 1536 nulla
282 1505 387 1536 habita
408 1506 531 1535 ratione
547 1505 700 1544 temporis
717 1504 766 1534 vel
787 1504 1025 1543 possessionis;
1046 1504 1221 1543 praesertim
1238 1505 1264 1535 si
1285 1504 1351 1534 hac
1366 1503 1436 1534 sine
1455 1503 1558 1542 justo,
1575 1507 1608 1533 ut
1625 1503 1687 1533 dici
1703 1503 1802 1539 solet,

176 1555 272 1586 titulo
295 1553 456 1594 acquisita
481 1554 536 1589 sit,
557 1559 591 1585 ut
620 1553 653 1584 in
675 1553 844 1592 prtesentia
864 1553 1000 1583 arbitror
1029 1552 1214 1592 contigisse.
1241 1554 1318 1583 Nam
1339 1553 1480 1582 Donatus
1500 1551 1716 1586 Veronensis,
1744 1550 1804 1590 qui

122 1626 125 1628 -
176 1603 449 1634 Commentarium
471 1602 563 1633 illum
584 1602 786 1633 OEcumenio
810 1601 1014 1640 inscriptum,
1041 1603 1148 1633 Grazce
1176 1605 1310 1638 tantum,
1335 1601 1477 1642 vulgavit
1493 1602 1635 1632 omnium
1661 1601 1802 1639 primus,

176 1652 318 1688 nullum,
344 1661 401 1683 cur
425 1652 454 1682 ei
478 1651 670 1682 tribuendus
694 1651 746 1688 sit,
769 1650 1016 1682 fundamentum
1042 1655 1097 1682 aut
1122 1650 1251 1682 titulum
1279 1652 1387 1686 affert;
1414 1651 1596 1682 Hentenius
1622 1660 1711 1687 vero,
1743 1651 1803 1691 qui

176 1703 326 1734 eumdem
348 1703 459 1734 Latine
478 1702 513 1733 in
529 1702 635 1733 lucem
661 1702 781 1739 emisit,
798 1702 833 1733 in
849 1702 1042 1733 Olicumenii
1061 1701 1202 1733 favorem
1219 1702 1317 1733 solam
1334 1702 1424 1733 atfert
1448 1701 1522 1742 styli
1545 1701 1800 1732 similitudinem

174 1762 248 1784 cum
264 1754 329 1784 alio
345 1753 585 1784 Commentario
601 1763 698 1793 quem
715 1753 909 1784 OEcumenii
927 1762 998 1784 esse
1011 1753 1086 1793 jura
1098 1752 1239 1784 dubitari
1256 1761 1319 1784 non
1334 1756 1450 1792 potest.
1466 1753 1526 1783 Sed
1544 1752 1603 1783 hoc
1626 1760 1804 1790 argumen-

175 1806 257 1839 tum,
277 1811 349 1833 cum
368 1803 559 1843 plerumque
575 1803 788 1840 imbecillum,
811 1807 876 1834 tum
890 1803 924 1834 in
942 1803 1002 1834 hoc
1024 1812 1158 1843 operum
1184 1812 1302 1844 genere
1322 1804 1445 1835 nullius
1470 1804 1563 1843 plane
1581 1804 1707 1834 roboris
1723 1809 1775 1834 σεξ-ι
1793 1814 1800 1834 :

177 1852 244 1883 haec
258 1853 357 1891 enim,
373 1862 445 1885 cum
459 1853 577 1885 alienis
599 1854 792 1894 plerumque
808 1857 956 1884 contexta
973 1854 1039 1884 sint
1065 1854 1180 1890 verbis,
1203 1863 1304 1885 unum
1321 1855 1539 1894 eumdemque
1554 1855 1675 1893 stylum
1691 1855 1799 1885 conti-

177 1907 292 1936 nenter
308 1914 371 1945 pra=
381 1915 417 1937 se
428 1905 511 1937 ferre
522 1914 586 1937 non
604 1906 800 1946 possunt.Et
815 1914 892 1936 sane
905 1906 937 1936 in
953 1905 1014 1937 hoc
1028 1906 1261 1938 Commentario
1282 1906 1432 1946 pleraque
1448 1915 1484 1937 ex
1503 1905 1746 1945 Chrysostomo,
1767 1907 1802 1936 i'-

176 1954 241 1985 lius
260 1963 391 1996 quoque
409 1957 516 1987 verbis
533 1956 724 1996 plerumque
745 1955 889 1992 retentis,
918 1960 1060 1987 mutuata
1079 1960 1170 1990 sunt;
1185 1955 1247 1986 alia
1271 1964 1308 1986 ex
1325 1956 1398 1987 aliis
1417 1956 1562 1986 Palribus
1585 1979 1592 1986 .
1612 1956 1699 1995 quod
1722 1957 1798 1996 qui—

175 2007 248 2037 dem
267 2011 388 2038 constat
404 2016 442 2038 ex
459 2016 498 2038 eo
513 2008 600 2047 quod
621 2009 712 2047 plura
729 2007 761 2038 in
783 2008 967 2038 Graecorum
986 2007 1123 2043 Catenis,
1144 2010 1177 2037 ut
1191 2007 1291 2043 aiunt,
1313 2007 1432 2037 eisdem
1450 2006 1556 2037 verbis
1577 2015 1731 2044 expressa
1758 2007 1801 2036 le-

175 2061 302 2096 gantur.
316 2058 450 2089 Ubinam
466 2066 542 2097 ergo
558 2058 749 2089 OEeumenii
764 2058 891 2096 slylus?
909 2058 986 2088 Cum
1001 2057 1052 2087 hic
1068 2065 1131 2087 non
1149 2057 1187 2087 de
1204 2061 1344 2091 auctore,
1361 2057 1416 2087 sed
1435 2057 1474 2086 de
1490 2056 1658 2086 collectore
1673 2060 1798 2094 agatur,

175 2107 213 2138 ad
228 2107 302 2145 alia,
321 2107 348 2139 si
372 2116 445 2146 quae
468 2108 545 2144 sint,
565 2111 753 2146 argumenta
773 2107 948 2146 confugere
964 2111 1101 2146 oportet.
1126 2108 1166 2138 At
1187 2106 1275 2138 nulla
1302 2111 1477 2145 suppetunt
1499 2115 1554 2146 pro
1577 2107 1798 2137 OEcumcnio.

175 2160 318 2190 Donatus
332 2160 464 2199 quidem
484 2160 684 2190 Veronensis
704 2168 802 2198 supra
827 2159 976 2190 laudatus
994 2159 1028 2190 in
1052 2160 1160 2190 Graeca
1177 2159 1216 2189 ad
1235 2158 1386 2189 lectorem
1410 2158 1553 2197 Epistola
1577 2157 1713 2188 editioni
1732 2166 1800 2188 sum

175 2211 303 2249 praeﬁxa
322 2210 423 2241 multa
448 2210 480 2240 in
506 2210 537 2239 id
553 2215 748 2249 argumenta,
767 2214 853 2241 πολλὰ
867 2216 1005 2250 τεκμήρια
1020 2210 1053 2241 in
1072 2213 1221 2249 promptu
1241 2218 1275 2240 se
1294 2208 1410 2240 habere
1429 2208 1561 2239 afﬁrmat
1578 2217 1585 2239 :
1600 2219 1666 2249 qua:
1683 2215 1798 2243 tamen,

177 2260 302 2298 subdit,
319 2269 383 2290 non
393 2259 505 2300 affero,
521 2269 559 2290 ne
570 2260 604 2290 in
615 2261 715 2299 specie
729 2260 892 2300 Epistolw,
910 2261 982 2301 plus
991 2270 1083 2301 quam
1092 2260 1226 2292 deceret.
1241 2259 1390 2297 prolixus
1402 2267 1509 2295 essem,
1525 2263 1568 2289 ἵνα
1584 2263 1622 2298 μὴ
1637 2264 1666 2289 ὲν
1678 2265 1798 2298 σχήματι

180 2316 342 2352 Ἐπιστολῆς
356 2317 445 2352 πέραν
451 2315 498 2343 τοῦ
511 2315 616 2347 δέοντος
626 2315 834 2351 μακρολογήσω.
856 2313 896 2342 At
913 2321 922 2342 (

1057 2311 1122 2341 lem
1139 2309 1287 2340 lubenter
1310 2309 1400 2339 illius
1417 2309 1632 2348 prolixitatem
1652 2310 1799 2346 epistolae

176 2363 336 2400 tulissem,
359 2367 393 2394 ut
408 2362 594 2403 hujusmodi
610 2366 808 2400 argumenta,
832 2371 891 2392 seu
917 2362 1119 2401 conjecturas
1139 2360 1173 2390 in
1194 2363 1304 2398 aperto
1328 2363 1487 2398 poneret:
1509 2359 1588 2397 quin
1606 2364 1636 2390 et
1652 2361 1794 2400 simplici

175 2416 247 2454 ejus
265 2413 452 2445 testimonio
468 2413 561 2444 ﬁdem
574 2421 638 2443 non
652 2413 871 2450 detrectarem,
892 2412 954 2443 nisi
973 2410 1117 2442 Vaticani
1133 2410 1254 2441 codicis
1269 2408 1441 2441 auctoritas
1456 2409 1496 2440 ab
1509 2409 1580 2448 ejus
1595 2419 1645 2440 me
1661 2416 1798 2442 senten-

175 2466 219 2497 tia
233 2469 389 2496 avocaret.
406 2464 609 2504 Quanquam,
625 2471 666 2494 ne
681 2463 760 2502 quid
775 2462 995 2497 dissimulem,
1008 2461 1204 2492 diminutum
1218 2459 1365 2491 nonnihil
1382 2459 1424 2490 sit
1441 2459 1585 2490 Vaticani
1602 2461 1723 2491 codicis
1741 2461 1798 2492 hac

175 2521 215 2550 de
231 2527 264 2549 re
276 2516 513 2548 testimonium.
530 2517 600 2547 Non
614 2517 701 2548 enim
718 2515 911 2554 simpliciter
926 2513 987 2544 hoc
1001 2521 1095 2553 opus,
1109 2517 1143 2544 ut
1158 2512 1218 2543 fert
1234 2511 1449 2548 consuetudo,
1461 2511 1650 2542 inscribitur
1667 2523 1674 2542 :
1690 2517 1797 2552 θεοφυ-

174 2571 442 2608 λάιτουἚρμηνεια,
461 2565 686 2606 Theophylacti
701 2565 916 2596 Cammmtari

1055 2563 1295 2604 Interpretatio;
1310 2565 1365 2593 sed
1383 2573 1391 2592 ε
1411 2567 1562 2602 Ἐρμηνεία
1574 2567 1628 2593 ἀπὸ
1641 2567 1688 2602 τῆς
1705 2569 1797 2602 φωνῆς

177 2621 418 2656 Θεοφυλάκτουνκ.
430 2630 456 2648 τ.
472 2621 509 2653 λ.,
527 2615 779 2648 Commentarius
796 2615 844 2644 vel
862 2614 915 2644 Ιηι

1054 2615 1091 2645 lio
1107 2624 1147 2644 ea:
1161 2623 1233 2644 voce
1260 2612 1497 2651 Theaphylacti,
1523 2617 1584 2643 etc.
1605 2613 1645 2642 At
1661 2613 1739 2651 quid
1760 2622 1796 2644 ex

182 2665 369 2706 hujusmodi
389 2665 615 2704 inscriptionis
631 2663 819 2695 diversitate
833 2662 942 2702 colligi
957 2667 1066 2703 queat,
1084 2663 1166 2694 haud
1183 2662 1343 2702 intelligo,
1361 2663 1436 2698 nisi,
1459 2661 1506 2692 vel
1522 2662 1606 2693 hunc
1625 2662 1794 2694 Commen-

214 2774 252 2814 (ᾳ)
280 2773 499 2802 Commentarius
542 2772 738 2808 'l‘heophylucti
770 2772 796 2800 in
824 2772 959 2807 Epistolas
980 2771 1054 2799 Pauli
1071 2772 1158 2806 primo
1172 2771 1262 2798 editus
1273 2770 1478 2799 cstal’orscna
1492 2769 1543 2797 sub
1575 2769 1685 2796 nomine
1718 2768 1794 2795 Anime

177 2815 258 2836 nam.
