  <div class='ocr_page' id='page_1' title='image "/cluster/home/n/w/nwhite01/storage/ocr_20150623/125/njp.32101010942736/358.png"; bbox 0 0 1880 3055; ppageno 0'>
   <div class='ocr_carea' id='block_1_1' title="bbox 74 137 1701 174">
    <p class='ocr_par' dir='ltr' id='par_1_1' title="bbox 74 137 1701 174">
     <span class='ocr_line' id='line_1_1' title="bbox 74 137 1701 174; baseline -0.002 -3"><span class='ocrx_word' id='word_1_1' title='bbox 74 137 137 171; x_wconf 73' lang='lat' dir='ltr'><strong>H3</strong></span> <span class='ocrx_word' id='word_1_2' title='bbox 489 138 532 169; x_wconf 86' lang='lat' dir='ltr'><strong>IN</strong></span> <span class='ocrx_word' id='word_1_3' title='bbox 553 137 772 174; x_wconf 80' lang='lat' dir='ltr'><strong>SEQUENTIA</strong></span> <span class='ocrx_word' id='word_1_4' title='bbox 788 137 1080 168; x_wconf 80' lang='lat' dir='ltr'><strong>THEOPHYLACTI</strong></span> <span class='ocrx_word' id='word_1_5' title='bbox 1097 139 1267 169; x_wconf 74' lang='lat' dir='ltr'><strong>SCRIPTA.</strong></span> <span class='ocrx_word' id='word_1_6' title='bbox 1651 137 1701 169; x_wconf 68' lang='grc' dir='ltr'><strong>ιιι</strong></span> 
     </span>
    </p>
   </div>
   <div class='ocr_carea' id='block_1_2' title="bbox 77 193 1704 234">
    <p class='ocr_par' dir='ltr' id='par_1_2' title="bbox 77 193 1704 234">
     <span class='ocr_line' id='line_1_2' title="bbox 77 193 1704 234; baseline 0.001 -11"><span class='ocrx_word' id='word_1_7' title='bbox 77 194 199 225; x_wconf 89' lang='lat' dir='ltr'><strong>tarium</strong></span> <span class='ocrx_word' id='word_1_8' title='bbox 216 202 256 225; x_wconf 86' lang='lat' dir='ltr'><strong>ex</strong></span> <span class='ocrx_word' id='word_1_9' title='bbox 272 201 329 224; x_wconf 75' lang='lat' dir='ltr'><strong>ore</strong></span> <span class='ocrx_word' id='word_1_10' title='bbox 345 193 450 231; x_wconf 85' lang='lat' dir='ltr'><strong>ipsius</strong></span> <span class='ocrx_word' id='word_1_11' title='bbox 465 193 711 232; x_wconf 83' lang='lat' dir='ltr'><strong>TheOphylacti,</strong></span> <span class='ocrx_word' id='word_1_12' title='bbox 727 194 803 224; x_wconf 88' lang='lat' dir='ltr'><strong>dum</strong></span> <span class='ocrx_word' id='word_1_13' title='bbox 817 194 892 224; x_wconf 80' lang='lat' dir='ltr'><strong>Acta</strong></span> <span class='ocrx_word' id='word_1_14' title='bbox 908 194 1127 233; x_wconf 74' lang='lat' dir='ltr'><strong>apostolorum</strong></span> <span class='ocrx_word' id='word_1_15' title='bbox 1149 197 1268 234; x_wconf 71' lang='lat' dir='ltr'><strong>populo</strong></span> <span class='ocrx_word' id='word_1_16' title='bbox 1283 203 1342 226; x_wconf 91' lang='lat' dir='ltr'><strong>suo</strong></span> <span class='ocrx_word' id='word_1_17' title='bbox 1357 196 1551 234; x_wconf 78' lang='lat' dir='ltr'><strong>explanaret,</strong></span> <span class='ocrx_word' id='word_1_18' title='bbox 1569 200 1583 225; x_wconf 72' lang='grc' dir='ltr'><strong><em>θ</em></strong></span> <span class='ocrx_word' id='word_1_19' title='bbox 1600 194 1704 233; x_wconf 68' lang='lat' dir='ltr'><strong>lachy-</strong></span> 
     </span>
    </p>
   </div>
   <div class='ocr_carea' id='block_1_3' title="bbox 80 244 1703 286">
    <p class='ocr_par' dir='ltr' id='par_1_3' title="bbox 80 244 1703 286">
     <span class='ocr_line' id='line_1_3' title="bbox 80 244 1703 286; baseline 0 -12"><span class='ocrx_word' id='word_1_20' title='bbox 80 245 207 284; x_wconf 79' lang='lat' dir='ltr'><strong>grapho</strong></span> <span class='ocrx_word' id='word_1_21' title='bbox 221 245 335 285; x_wconf 84' lang='lat' dir='ltr'><strong>aliquo</strong></span> <span class='ocrx_word' id='word_1_22' title='bbox 350 249 519 284; x_wconf 72' lang='lat' dir='ltr'><strong>exceptum</strong></span> <span class='ocrx_word' id='word_1_23' title='bbox 536 253 624 281; x_wconf 87' lang='lat' dir='ltr'><strong>esse;</strong></span> <span class='ocrx_word' id='word_1_24' title='bbox 645 244 696 275; x_wconf 86' lang='lat' dir='ltr'><strong>vel</strong></span> <span class='ocrx_word' id='word_1_25' title='bbox 711 253 749 275; x_wconf 88' lang='lat' dir='ltr'><strong>ex</strong></span> <span class='ocrx_word' id='word_1_26' title='bbox 765 244 829 275; x_wconf 88' lang='lat' dir='ltr'><strong>alio</strong></span> <span class='ocrx_word' id='word_1_27' title='bbox 841 244 963 276; x_wconf 76' lang='lat' dir='ltr'><strong>fusiore</strong></span> <span class='ocrx_word' id='word_1_28' title='bbox 979 246 1124 286; x_wconf 75' lang='lat' dir='ltr'><strong>ejusdem</strong></span> <span class='ocrx_word' id='word_1_29' title='bbox 1144 246 1378 276; x_wconf 87' lang='lat' dir='ltr'><strong>Commentario</strong></span> <span class='ocrx_word' id='word_1_30' title='bbox 1391 246 1626 285; x_wconf 74' lang='lat' dir='ltr'><strong>depromptum.</strong></span> <span class='ocrx_word' id='word_1_31' title='bbox 1643 245 1703 275; x_wconf 65' lang='lat' dir='ltr'><strong>Srd</strong></span> 
     </span>
    </p>
   </div>
   <div class='ocr_carea' id='block_1_4' title="bbox 83 294 1703 334">
    <p class='ocr_par' dir='ltr' id='par_1_4' title="bbox 83 294 1703 334">
     <span class='ocr_line' id='line_1_4' title="bbox 83 294 1703 334; baseline -0.001 -8"><span class='ocrx_word' id='word_1_32' title='bbox 83 300 241 326; x_wconf 82' lang='lat' dir='ltr'><strong>neutrum</strong></span> <span class='ocrx_word' id='word_1_33' title='bbox 261 303 301 326; x_wconf 88' lang='lat' dir='ltr'><strong>ex</strong></span> <span class='ocrx_word' id='word_1_34' title='bbox 325 294 375 325; x_wconf 86' lang='lat' dir='ltr'><strong>his</strong></span> <span class='ocrx_word' id='word_1_35' title='bbox 394 294 582 333; x_wconf 72' lang='lat' dir='ltr'><strong>contigisse,</strong></span> <span class='ocrx_word' id='word_1_36' title='bbox 604 302 787 334; x_wconf 80' lang='lat' dir='ltr'><strong>quanquam</strong></span> <span class='ocrx_word' id='word_1_37' title='bbox 817 294 1007 325; x_wconf 84' lang='lat' dir='ltr'><strong>alterutrum</strong></span> <span class='ocrx_word' id='word_1_38' title='bbox 1035 295 1072 324; x_wconf 88' lang='lat' dir='ltr'><strong>ad</strong></span> <span class='ocrx_word' id='word_1_39' title='bbox 1092 303 1166 325; x_wconf 85' lang='lat' dir='ltr'><strong>eum</strong></span> <span class='ocrx_word' id='word_1_40' title='bbox 1186 294 1426 334; x_wconf 76' lang='lat' dir='ltr'><strong>Theophylacto</strong></span> <span class='ocrx_word' id='word_1_41' title='bbox 1453 295 1703 334; x_wconf 88' lang='lat' dir='ltr'><strong>adjudicandum</strong></span> 
     </span>
    </p>
   </div>
   <div class='ocr_carea' id='block_1_5' title="bbox 77 343 1703 384">
    <p class='ocr_par' dir='ltr' id='par_1_5' title="bbox 77 343 1703 384">
     <span class='ocr_line' id='line_1_5' title="bbox 77 343 1703 384; baseline -0.001 -9"><span class='ocrx_word' id='word_1_42' title='bbox 77 344 257 380; x_wconf 70' lang='lat' dir='ltr'><strong>suiliceret,</strong></span> <span class='ocrx_word' id='word_1_43' title='bbox 280 347 470 384; x_wconf 84' lang='lat' dir='ltr'><strong>argumento</strong></span> <span class='ocrx_word' id='word_1_44' title='bbox 491 347 539 374; x_wconf 87' lang='lat' dir='ltr'><strong>est</strong></span> <span class='ocrx_word' id='word_1_45' title='bbox 564 343 681 374; x_wconf 87' lang='lat' dir='ltr'><strong>similis</strong></span> <span class='ocrx_word' id='word_1_46' title='bbox 704 344 871 381; x_wconf 75' lang='lat' dir='ltr'><strong>inscriptio</strong></span> <span class='ocrx_word' id='word_1_47' title='bbox 899 345 1029 383; x_wconf 70' lang='lat' dir='ltr'><strong>prwt&#39;lxa</strong></span> <span class='ocrx_word' id='word_1_48' title='bbox 1072 344 1228 375; x_wconf 67' lang='lat' dir='ltr'><strong>Prooemio</strong></span> <span class='ocrx_word' id='word_1_49' title='bbox 1251 345 1475 376; x_wconf 80' lang='lat' dir='ltr'><strong>Commentarii</strong></span> <span class='ocrx_word' id='word_1_50' title='bbox 1500 345 1645 384; x_wconf 76' lang='lat' dir='ltr'><strong>ejusdem</strong></span> <span class='ocrx_word' id='word_1_51' title='bbox 1671 344 1703 374; x_wconf 90' lang='lat' dir='ltr'><strong>in</strong></span> 
     </span>
    </p>
   </div>
   <div class='ocr_carea' id='block_1_6' title="bbox 79 393 1706 435">
    <p class='ocr_par' dir='ltr' id='par_1_6' title="bbox 79 393 1706 435">
     <span class='ocr_line' id='line_1_6' title="bbox 79 393 1706 435; baseline 0.001 -11"><span class='ocrx_word' id='word_1_52' title='bbox 79 398 228 432; x_wconf 77' lang='lat' dir='ltr'><strong>quatuor</strong></span> <span class='ocrx_word' id='word_1_53' title='bbox 243 393 436 432; x_wconf 72' lang='lat' dir='ltr'><strong>Evangelia,</strong></span> <span class='ocrx_word' id='word_1_54' title='bbox 447 393 533 432; x_wconf 82' lang='lat' dir='ltr'><strong>quod</strong></span> <span class='ocrx_word' id='word_1_55' title='bbox 551 397 654 424; x_wconf 87' lang='lat' dir='ltr'><strong>exstat</strong></span> <span class='ocrx_word' id='word_1_56' title='bbox 670 394 702 424; x_wconf 91' lang='lat' dir='ltr'><strong>in</strong></span> <span class='ocrx_word' id='word_1_57' title='bbox 719 393 912 425; x_wconf 77' lang='lat' dir='ltr'><strong>bibliotheca</strong></span> <span class='ocrx_word' id='word_1_58' title='bbox 931 394 1336 425; x_wconf 74' lang='lat' dir='ltr'><strong>Cmsareo-Vindobonensi</strong></span> <span class='ocrx_word' id='word_1_59' title='bbox 1350 395 1460 426; x_wconf 80' lang='lat' dir='ltr'><strong>codice</strong></span> <span class='ocrx_word' id='word_1_60' title='bbox 1474 395 1544 431; x_wconf 73' lang='grc'><strong>271,</strong></span> <span class='ocrx_word' id='word_1_61' title='bbox 1560 404 1630 435; x_wconf 70' lang='lat' dir='ltr'><strong>quae</strong></span> <span class='ocrx_word' id='word_1_62' title='bbox 1646 395 1706 426; x_wconf 88' lang='lat' dir='ltr'><strong>hoc</strong></span> 
     </span>
    </p>
   </div>
   <div class='ocr_carea' id='block_1_7' title="bbox 79 444 1706 487">
    <p class='ocr_par' dir='ltr' id='par_1_7' title="bbox 79 444 1706 487">
     <span class='ocr_line' id='line_1_7' title="bbox 79 444 1706 487; baseline 0.001 -12"><span class='ocrx_word' id='word_1_63' title='bbox 79 446 183 475; x_wconf 79' lang='lat' dir='ltr'><strong>modo</strong></span> <span class='ocrx_word' id='word_1_64' title='bbox 210 453 245 476; x_wconf 87' lang='lat' dir='ltr'><strong>se</strong></span> <span class='ocrx_word' id='word_1_65' title='bbox 279 444 375 475; x_wconf 80' lang='lat' dir='ltr'><strong>habet</strong></span> <span class='ocrx_word' id='word_1_66' title='bbox 405 453 412 475; x_wconf 87' lang='lat'><em>:</em></span> <span class='ocrx_word' id='word_1_67' title='bbox 449 449 601 484; x_wconf 80' lang='grc' dir='ltr'><strong>Ἐρμηνεια</strong></span> <span class='ocrx_word' id='word_1_68' title='bbox 629 449 683 475; x_wconf 83' lang='grc' dir='ltr'><strong>τῶν</strong></span> <span class='ocrx_word' id='word_1_69' title='bbox 712 450 853 484; x_wconf 72' lang='grc' dir='ltr'><strong>τεσσάρων</strong></span> <span class='ocrx_word' id='word_1_70' title='bbox 871 450 1046 483; x_wconf 78' lang='grc' dir='ltr'><strong>Εὑαγγε).ιῶν</strong></span> <span class='ocrx_word' id='word_1_71' title='bbox 1075 450 1130 476; x_wconf 75' lang='grc' dir='ltr'><strong>ἀπὸ</strong></span> <span class='ocrx_word' id='word_1_72' title='bbox 1160 452 1252 485; x_wconf 69' lang='grc' dir='ltr'>φωνῆς</span> <span class='ocrx_word' id='word_1_73' title='bbox 1274 450 1463 484; x_wconf 72' lang='grc' dir='ltr'><strong>Θεοφυλάκτου</strong></span> <span class='ocrx_word' id='word_1_74' title='bbox 1490 452 1706 487; x_wconf 66' lang='grc' dir='ltr'><strong>ἀρχιεπιςκὸττω</strong></span> 
     </span>
    </p>
   </div>
   <div class='ocr_carea' id='block_1_8' title="bbox 78 494 1706 537">
    <p class='ocr_par' dir='ltr' id='par_1_8' title="bbox 78 494 1706 537">
     <span class='ocr_line' id='line_1_8' title="bbox 78 494 1706 537; baseline 0.001 -13"><span class='ocrx_word' id='word_1_75' title='bbox 78 498 266 533; x_wconf 70' lang='grc' dir='ltr'><strong>Βωλγαρῑας,</strong></span> <span class='ocrx_word' id='word_1_76' title='bbox 283 494 509 533; x_wconf 73' lang='lat' dir='ltr'><strong>Interpretatio</strong></span> <span class='ocrx_word' id='word_1_77' title='bbox 521 500 657 533; x_wconf 72' lang='lat' dir='ltr'><strong>quatuor</strong></span> <span class='ocrx_word' id='word_1_78' title='bbox 667 494 911 533; x_wconf 78' lang='lat' dir='ltr'><strong>Evangeliorum</strong></span> <span class='ocrx_word' id='word_1_79' title='bbox 920 504 960 524; x_wconf 77' lang='lat' dir='ltr'><strong>ea:</strong></span> <span class='ocrx_word' id='word_1_80' title='bbox 973 501 1045 525; x_wconf 70' lang='lat' dir='ltr'><strong>vare</strong></span> <span class='ocrx_word' id='word_1_81' title='bbox 1059 495 1281 535; x_wconf 76' lang='lat' dir='ltr'><strong>Theophylacti</strong></span> <span class='ocrx_word' id='word_1_82' title='bbox 1289 498 1685 537; x_wconf 77' lang='lat' dir='ltr'><strong>archicpiscopiBulgariw</strong></span> <span class='ocrx_word' id='word_1_83' title='bbox 1696 508 1706 526; x_wconf 95' lang='lat'><strong><em>:</em></strong></span> 
     </span>
    </p>
   </div>
   <div class='ocr_carea' id='block_1_9' title="bbox 80 543 1704 586">
    <p class='ocr_par' dir='ltr' id='par_1_9' title="bbox 80 543 1704 586">
     <span class='ocr_line' id='line_1_9' title="bbox 80 543 1704 586; baseline 0.001 -12"><span class='ocrx_word' id='word_1_84' title='bbox 80 549 113 574; x_wconf 84' lang='lat' dir='ltr'><strong>et</strong></span> <span class='ocrx_word' id='word_1_85' title='bbox 130 549 238 574; x_wconf 85' lang='lat' dir='ltr'><strong>tamen</strong></span> <span class='ocrx_word' id='word_1_86' title='bbox 256 544 344 582; x_wconf 88' lang='lat' dir='ltr'><strong>quod</strong></span> <span class='ocrx_word' id='word_1_87' title='bbox 363 543 483 574; x_wconf 78' lang='lat' dir='ltr'><strong>ibidem</strong></span> <span class='ocrx_word' id='word_1_88' title='bbox 501 543 652 582; x_wconf 74' lang='lat' dir='ltr'><strong>sequitur</strong></span> <span class='ocrx_word' id='word_1_89' title='bbox 666 544 856 574; x_wconf 69' lang='lat' dir='ltr'><strong>Prooemium</strong></span> <span class='ocrx_word' id='word_1_90' title='bbox 870 545 904 574; x_wconf 76' lang='lat' dir='ltr'><strong>in</strong></span> <span class='ocrx_word' id='word_1_91' title='bbox 918 549 1055 583; x_wconf 84' lang='lat' dir='ltr'><strong>quatuor</strong></span> <span class='ocrx_word' id='word_1_92' title='bbox 1069 545 1242 584; x_wconf 63' lang='lat' dir='ltr'><strong>Evangelia</strong></span> <span class='ocrx_word' id='word_1_93' title='bbox 1257 550 1305 577; x_wconf 88' lang='lat' dir='ltr'><strong>est</strong></span> <span class='ocrx_word' id='word_1_94' title='bbox 1321 546 1403 578; x_wconf 90' lang='lat' dir='ltr'><strong>illud</strong></span> <span class='ocrx_word' id='word_1_95' title='bbox 1416 547 1500 577; x_wconf 83' lang='lat' dir='ltr'><strong>idem</strong></span> <span class='ocrx_word' id='word_1_96' title='bbox 1511 548 1595 586; x_wconf 88' lang='lat' dir='ltr'><strong>quod</strong></span> <span class='ocrx_word' id='word_1_97' title='bbox 1615 547 1704 578; x_wconf 61' lang='grc' dir='ltr'><strong>θοαί.</strong></span> 
     </span>
    </p>
   </div>
   <div class='ocr_carea' id='block_1_10' title="bbox 80 592 1708 635">
    <p class='ocr_par' dir='ltr' id='par_1_10' title="bbox 80 592 1708 635">
     <span class='ocr_line' id='line_1_10' title="bbox 80 592 1708 635; baseline 0.002 -11"><span class='ocrx_word' id='word_1_98' title='bbox 80 601 136 624; x_wconf 80' lang='lat' dir='ltr'><strong>ees</strong></span> <span class='ocrx_word' id='word_1_99' title='bbox 157 593 178 623; x_wconf 91' lang='lat' dir='ltr'><strong>ii</strong></span> <span class='ocrx_word' id='word_1_100' title='bbox 206 592 393 631; x_wconf 78' lang='lat' dir='ltr'><strong>prteferunt,</strong></span> <span class='ocrx_word' id='word_1_101' title='bbox 411 593 468 632; x_wconf 88' lang='lat' dir='ltr'><strong>qui</strong></span> <span class='ocrx_word' id='word_1_102' title='bbox 485 598 640 624; x_wconf 86' lang='lat' dir='ltr'><strong>consueta</strong></span> <span class='ocrx_word' id='word_1_103' title='bbox 657 598 874 632; x_wconf 75' lang='lat' dir='ltr'><strong>prtenotantur</strong></span> <span class='ocrx_word' id='word_1_104' title='bbox 889 594 1073 633; x_wconf 80' lang='lat' dir='ltr'><strong>epigraphe,</strong></span> <span class='ocrx_word' id='word_1_105' title='bbox 1092 596 1244 626; x_wconf 89' lang='lat' dir='ltr'><strong>nimirum</strong></span> <span class='ocrx_word' id='word_1_106' title='bbox 1263 600 1473 634; x_wconf 63' lang='lat' dir='ltr'><strong>:eeoeuxamou</strong></span> <span class='ocrx_word' id='word_1_107' title='bbox 1494 601 1640 635; x_wconf 66' lang='grc' dir='ltr'><strong>Ἐρμηνείι</strong></span> <span class='ocrx_word' id='word_1_108' title='bbox 1668 601 1708 630; x_wconf 77' lang='grc' dir='ltr'><strong>εἰς</strong></span> 
     </span>
    </p>
   </div>
   <div class='ocr_carea' id='block_1_11' title="bbox 79 643 821 685">
    <p class='ocr_par' dir='ltr' id='par_1_11' title="bbox 79 643 821 684">
     <span class='ocr_line' id='line_1_11' title="bbox 79 643 821 684; baseline 0 -10"><span class='ocrx_word' id='word_1_109' title='bbox 79 649 208 684; x_wconf 69' lang='grc' dir='ltr'><strong>τέσσαρα</strong></span> <span class='ocrx_word' id='word_1_110' title='bbox 220 648 384 682; x_wconf 78' lang='grc' dir='ltr'><strong>Εὐαγγὲλια,</strong></span> <span class='ocrx_word' id='word_1_111' title='bbox 405 644 430 674; x_wconf 88' lang='grc' dir='ltr'><em>Τ</em></span> <span class='ocrx_word' id='word_1_112' title='bbox 430 643 631 683; x_wconf 78' lang='lat' dir='ltr'><strong>heophylactt&#39;</strong></span> <span class='ocrx_word' id='word_1_113' title='bbox 647 644 821 683; x_wconf 78' lang='lat' dir='ltr'><strong>Interprela</strong></span> 
     </span>
    </p>
   </div>
   <div class='ocr_carea' id='block_1_12' title="bbox 967 643 1709 685">
    <p class='ocr_par' dir='ltr' id='par_1_12' title="bbox 967 646 1709 685">
     <span class='ocr_line' id='line_1_12' title="bbox 967 646 1709 685; baseline 0.003 -11"><span class='ocrx_word' id='word_1_114' title='bbox 967 650 1072 674; x_wconf 81' lang='lat' dir='ltr'><strong>mmor</strong></span> <span class='ocrx_word' id='word_1_115' title='bbox 1087 646 1277 684; x_wconf 73' lang='lat' dir='ltr'><strong>Evangelia;</strong></span> <span class='ocrx_word' id='word_1_116' title='bbox 1294 646 1441 685; x_wconf 84' lang='lat' dir='ltr'><strong>quamvis</strong></span> <span class='ocrx_word' id='word_1_117' title='bbox 1461 646 1530 685; x_wconf 90' lang='lat' dir='ltr'><strong>ipse</strong></span> <span class='ocrx_word' id='word_1_118' title='bbox 1543 647 1709 677; x_wconf 83' lang='lat' dir='ltr'><strong>Commen-</strong></span> 
     </span>
    </p>
   </div>
   <div class='ocr_carea' id='block_1_13' title="bbox 79 695 1709 737">
    <p class='ocr_par' dir='ltr' id='par_1_13' title="bbox 79 695 1709 737">
     <span class='ocr_line' id='line_1_13' title="bbox 79 695 1709 737; baseline 0.002 -13"><span class='ocrx_word' id='word_1_119' title='bbox 79 695 187 726; x_wconf 88' lang='lat' dir='ltr'><strong>tarius</strong></span> <span class='ocrx_word' id='word_1_120' title='bbox 202 695 235 725; x_wconf 92' lang='lat' dir='ltr'><strong>in</strong></span> <span class='ocrx_word' id='word_1_121' title='bbox 249 695 345 726; x_wconf 87' lang='lat' dir='ltr'><strong>citato</strong></span> <span class='ocrx_word' id='word_1_122' title='bbox 360 695 486 731; x_wconf 85' lang='lat' dir='ltr'><strong>codice,</strong></span> <span class='ocrx_word' id='word_1_123' title='bbox 506 696 615 726; x_wconf 90' lang='lat' dir='ltr'><strong>nescio</strong></span> <span class='ocrx_word' id='word_1_124' title='bbox 632 704 694 735; x_wconf 86' lang='lat' dir='ltr'><strong>qua</strong></span> <span class='ocrx_word' id='word_1_125' title='bbox 721 698 760 726; x_wconf 84' lang='lat' dir='ltr'><strong>de</strong></span> <span class='ocrx_word' id='word_1_126' title='bbox 777 703 883 732; x_wconf 85' lang='lat' dir='ltr'><strong>causa,</strong></span> <span class='ocrx_word' id='word_1_127' title='bbox 906 704 970 726; x_wconf 85' lang='lat' dir='ltr'><strong>non</strong></span> <span class='ocrx_word' id='word_1_128' title='bbox 989 702 1111 727; x_wconf 78' lang='lat' dir='ltr'><strong>exstet:</strong></span> <span class='ocrx_word' id='word_1_129' title='bbox 1132 701 1179 727; x_wconf 82' lang='lat' dir='ltr'><strong>est</strong></span> <span class='ocrx_word' id='word_1_130' title='bbox 1194 697 1315 737; x_wconf 81' lang='lat' dir='ltr'><strong>quippe</strong></span> <span class='ocrx_word' id='word_1_131' title='bbox 1338 698 1530 729; x_wconf 68' lang='lat' dir='ltr'><strong>Prooemium</strong></span> <span class='ocrx_word' id='word_1_132' title='bbox 1549 698 1588 728; x_wconf 87' lang='lat' dir='ltr'><strong>ab</strong></span> <span class='ocrx_word' id='word_1_133' title='bbox 1604 697 1709 736; x_wconf 79' lang='lat' dir='ltr'><strong>ipsius</strong></span> 
     </span>
    </p>
   </div>
   <div class='ocr_carea' id='block_1_14' title="bbox 80 744 1710 787">
    <p class='ocr_par' dir='ltr' id='par_1_14' title="bbox 80 744 1710 787">
     <span class='ocr_line' id='line_1_14' title="bbox 80 744 1710 787; baseline 0.001 -13"><span class='ocrx_word' id='word_1_134' title='bbox 80 745 317 775; x_wconf 89' lang='lat' dir='ltr'><strong>Commentarii</strong></span> <span class='ocrx_word' id='word_1_135' title='bbox 331 753 464 784; x_wconf 90' lang='lat' dir='ltr'><strong>corpore</strong></span> <span class='ocrx_word' id='word_1_136' title='bbox 479 744 640 776; x_wconf 86' lang='lat' dir='ltr'><strong>avulsum.</strong></span> <span class='ocrx_word' id='word_1_137' title='bbox 657 746 805 775; x_wconf 78' lang='lat' dir='ltr'><strong>Fortasse</strong></span> <span class='ocrx_word' id='word_1_138' title='bbox 823 745 875 781; x_wconf 81' lang='lat' dir='ltr'><strong>iis,</strong></span> <span class='ocrx_word' id='word_1_139' title='bbox 894 746 948 785; x_wconf 89' lang='lat' dir='ltr'><strong>qui</strong></span> <span class='ocrx_word' id='word_1_140' title='bbox 967 746 1008 776; x_wconf 84' lang='lat' dir='ltr'><strong>itu</strong></span> <span class='ocrx_word' id='word_1_141' title='bbox 1035 747 1240 786; x_wconf 84' lang='lat' dir='ltr'><strong>inscripsere,</strong></span> <span class='ocrx_word' id='word_1_142' title='bbox 1259 752 1345 787; x_wconf 76' lang='grc' dir='ltr'><strong>φωνὴ,</strong></span> <span class='ocrx_word' id='word_1_143' title='bbox 1362 755 1436 783; x_wconf 71' lang='lat' dir='ltr'><strong>vox,</strong></span> <span class='ocrx_word' id='word_1_144' title='bbox 1455 748 1588 787; x_wconf 87' lang='lat' dir='ltr'><strong>perinde</strong></span> <span class='ocrx_word' id='word_1_145' title='bbox 1608 751 1654 776; x_wconf 88' lang='lat' dir='ltr'><strong>est</strong></span> <span class='ocrx_word' id='word_1_146' title='bbox 1675 755 1710 777; x_wconf 77' lang='lat' dir='ltr'><strong>ac</strong></span> 
     </span>
    </p>
   </div>
   <div class='ocr_carea' id='block_1_15' title="bbox 80 793 1710 837">
    <p class='ocr_par' dir='ltr' id='par_1_15' title="bbox 80 793 1710 837">
     <span class='ocr_line' id='line_1_15' title="bbox 80 793 1710 837; baseline 0.002 -13"><span class='ocrx_word' id='word_1_147' title='bbox 80 793 286 833; x_wconf 65' lang='lat' dir='ltr'><strong>Expositio,-</strong></span> <span class='ocrx_word' id='word_1_148' title='bbox 309 802 375 834; x_wconf 90' lang='lat' dir='ltr'><strong>quo</strong></span> <span class='ocrx_word' id='word_1_149' title='bbox 391 795 486 825; x_wconf 84' lang='lat' dir='ltr'><strong>etiam</strong></span> <span class='ocrx_word' id='word_1_150' title='bbox 503 794 536 824; x_wconf 90' lang='lat' dir='ltr'><strong>in</strong></span> <span class='ocrx_word' id='word_1_151' title='bbox 555 803 652 825; x_wconf 80' lang='lat' dir='ltr'><strong>sensu</strong></span> <span class='ocrx_word' id='word_1_152' title='bbox 666 799 787 832; x_wconf 71' lang='grc' dir='ltr'><strong>γλῶσσα,</strong></span> <span class='ocrx_word' id='word_1_153' title='bbox 805 794 915 834; x_wconf 78' lang='lat' dir='ltr'><strong>lingua</strong></span> <span class='ocrx_word' id='word_1_154' title='bbox 938 795 1098 826; x_wconf 79' lang='lat' dir='ltr'><strong>interdum</strong></span> <span class='ocrx_word' id='word_1_155' title='bbox 1125 801 1314 835; x_wconf 80' lang='lat' dir='ltr'><strong>usurpatur.</strong></span> <span class='ocrx_word' id='word_1_156' title='bbox 1329 798 1401 827; x_wconf 73' lang='lat' dir='ltr'><strong>Hmc</strong></span> <span class='ocrx_word' id='word_1_157' title='bbox 1419 797 1586 837; x_wconf 84' lang='lat' dir='ltr'><strong>aliquanto</strong></span> <span class='ocrx_word' id='word_1_158' title='bbox 1605 798 1710 828; x_wconf 80' lang='lat' dir='ltr'><strong>fusius</strong></span> 
     </span>
    </p>
   </div>
   <div class='ocr_carea' id='block_1_16' title="bbox 81 844 1708 886">
    <p class='ocr_par' dir='ltr' id='par_1_16' title="bbox 81 844 1708 886">
     <span class='ocr_line' id='line_1_16' title="bbox 81 844 1708 886; baseline 0.001 -12"><span class='ocrx_word' id='word_1_159' title='bbox 81 848 276 882; x_wconf 90' lang='lat' dir='ltr'><strong>persecutus</strong></span> <span class='ocrx_word' id='word_1_160' title='bbox 290 853 374 879; x_wconf 87' lang='lat' dir='ltr'><strong>sum,</strong></span> <span class='ocrx_word' id='word_1_161' title='bbox 396 853 458 876; x_wconf 87' lang='lat' dir='ltr'><strong>non</strong></span> <span class='ocrx_word' id='word_1_162' title='bbox 479 848 510 875; x_wconf 91' lang='lat' dir='ltr'><strong>ul</strong></span> <span class='ocrx_word' id='word_1_163' title='bbox 528 845 612 875; x_wconf 86' lang='lat' dir='ltr'><strong>hunc</strong></span> <span class='ocrx_word' id='word_1_164' title='bbox 628 844 899 875; x_wconf 85' lang='lat' dir='ltr'><strong>Commentarium</strong></span> <span class='ocrx_word' id='word_1_165' title='bbox 916 849 1003 876; x_wconf 85' lang='lat' dir='ltr'><strong>certo</strong></span> <span class='ocrx_word' id='word_1_166' title='bbox 1023 845 1182 877; x_wconf 85' lang='lat' dir='ltr'><strong>vindicem</strong></span> <span class='ocrx_word' id='word_1_167' title='bbox 1204 847 1455 886; x_wconf 81' lang='lat' dir='ltr'><strong>TheOphylacto,</strong></span> <span class='ocrx_word' id='word_1_168' title='bbox 1472 847 1557 886; x_wconf 89' lang='lat' dir='ltr'><strong>quod</strong></span> <span class='ocrx_word' id='word_1_169' title='bbox 1572 856 1630 878; x_wconf 86' lang='lat' dir='ltr'><strong>nec</strong></span> <span class='ocrx_word' id='word_1_170' title='bbox 1643 847 1708 878; x_wconf 81' lang='lat' dir='ltr'><strong>ﬁeri</strong></span> 
     </span>
    </p>
   </div>
   <div class='ocr_carea' id='block_1_17' title="bbox 83 894 1710 935">
    <p class='ocr_par' dir='ltr' id='par_1_17' title="bbox 83 894 1710 935">
     <span class='ocr_line' id='line_1_17' title="bbox 83 894 1710 935; baseline 0.002 -11"><span class='ocrx_word' id='word_1_171' title='bbox 83 901 185 932; x_wconf 85' lang='lat' dir='ltr'><strong>posse</strong></span> <span class='ocrx_word' id='word_1_172' title='bbox 202 901 375 932; x_wconf 78' lang='lat' dir='ltr'><strong>cognosco,</strong></span> <span class='ocrx_word' id='word_1_173' title='bbox 392 903 464 926; x_wconf 89' lang='lat' dir='ltr'><strong>cum</strong></span> <span class='ocrx_word' id='word_1_174' title='bbox 480 894 565 926; x_wconf 88' lang='lat' dir='ltr'><strong>alius</strong></span> <span class='ocrx_word' id='word_1_175' title='bbox 581 894 679 925; x_wconf 81' lang='lat' dir='ltr'><strong>codex</strong></span> <span class='ocrx_word' id='word_1_176' title='bbox 696 901 800 933; x_wconf 60' lang='lat' dir='ltr'><strong>atque,</strong></span> <span class='ocrx_word' id='word_1_177' title='bbox 815 895 866 925; x_wconf 88' lang='lat' dir='ltr'><strong>sin</strong></span> <span class='ocrx_word' id='word_1_178' title='bbox 886 894 999 934; x_wconf 84' lang='lat' dir='ltr'><strong>magis,</strong></span> <span class='ocrx_word' id='word_1_179' title='bbox 1017 900 1162 926; x_wconf 77' lang='lat' dir='ltr'><strong>vetustus</strong></span> <span class='ocrx_word' id='word_1_180' title='bbox 1184 895 1282 926; x_wconf 87' lang='lat' dir='ltr'><strong>alium</strong></span> <span class='ocrx_word' id='word_1_181' title='bbox 1298 896 1526 935; x_wconf 85' lang='lat' dir='ltr'><strong>diversumque</strong></span> <span class='ocrx_word' id='word_1_182' title='bbox 1541 897 1710 927; x_wconf 88' lang='lat' dir='ltr'><strong>Commen-</strong></span> 
     </span>
    </p>
   </div>
   <div class='ocr_carea' id='block_1_18' title="bbox 83 944 1712 986">
    <p class='ocr_par' dir='ltr' id='par_1_18' title="bbox 83 944 1712 986">
     <span class='ocr_line' id='line_1_18' title="bbox 83 944 1712 986; baseline 0.001 -12"><span class='ocrx_word' id='word_1_183' title='bbox 83 944 205 976; x_wconf 85' lang='lat' dir='ltr'><strong>tarium</strong></span> <span class='ocrx_word' id='word_1_184' title='bbox 224 945 258 975; x_wconf 93' lang='lat' dir='ltr'><strong>in</strong></span> <span class='ocrx_word' id='word_1_185' title='bbox 275 945 386 976; x_wconf 88' lang='lat' dir='ltr'><strong>eadem</strong></span> <span class='ocrx_word' id='word_1_186' title='bbox 405 945 624 985; x_wconf 75' lang='lat' dir='ltr'><strong>apostolorum</strong></span> <span class='ocrx_word' id='word_1_187' title='bbox 644 946 717 976; x_wconf 81' lang='lat' dir='ltr'><strong>Acta</strong></span> <span class='ocrx_word' id='word_1_188' title='bbox 740 945 984 985; x_wconf 66' lang='lat' dir='ltr'><strong>Theoiihylacto</strong></span> <span class='ocrx_word' id='word_1_189' title='bbox 1006 946 1126 976; x_wconf 85' lang='lat' dir='ltr'><strong>diserte</strong></span> <span class='ocrx_word' id='word_1_190' title='bbox 1144 946 1275 984; x_wconf 84' lang='lat' dir='ltr'><strong>tribuat,</strong></span> <span class='ocrx_word' id='word_1_191' title='bbox 1301 947 1327 977; x_wconf 88' lang='lat' dir='ltr'><strong>is</strong></span> <span class='ocrx_word' id='word_1_192' title='bbox 1354 955 1480 985; x_wconf 86' lang='lat' dir='ltr'><strong>nempe,</strong></span> <span class='ocrx_word' id='word_1_193' title='bbox 1498 947 1551 986; x_wconf 90' lang='lat' dir='ltr'><strong>qui</strong></span> <span class='ocrx_word' id='word_1_194' title='bbox 1569 955 1584 976; x_wconf 92' lang='lat' dir='ltr'><strong>a</strong></span> <span class='ocrx_word' id='word_1_195' title='bbox 1605 946 1712 976; x_wconf 71' lang='lat' dir='ltr'><strong>Sii‘ano</strong></span> 
     </span>
    </p>
   </div>
   <div class='ocr_carea' id='block_1_19' title="bbox 81 994 1711 1036">
    <p class='ocr_par' dir='ltr' id='par_1_19' title="bbox 81 994 1711 1036">
     <span class='ocr_line' id='line_1_19' title="bbox 81 994 1711 1036; baseline 0.001 -12"><span class='ocrx_word' id='word_1_196' title='bbox 81 998 131 1024; x_wconf 77' lang='lat' dir='ltr'><strong>est</strong></span> <span class='ocrx_word' id='word_1_197' title='bbox 149 994 283 1031; x_wconf 86' lang='lat' dir='ltr'><strong>editus;</strong></span> <span class='ocrx_word' id='word_1_198' title='bbox 315 995 370 1026; x_wconf 87' lang='lat' dir='ltr'><strong>sed</strong></span> <span class='ocrx_word' id='word_1_199' title='bbox 387 999 420 1027; x_wconf 90' lang='lat' dir='ltr'><strong>ut</strong></span> <span class='ocrx_word' id='word_1_200' title='bbox 434 1004 546 1026; x_wconf 89' lang='lat' dir='ltr'><strong>eorum</strong></span> <span class='ocrx_word' id='word_1_201' title='bbox 563 996 755 1026; x_wconf 80' lang='lat' dir='ltr'><strong>sententiam</strong></span> <span class='ocrx_word' id='word_1_202' title='bbox 775 995 907 1026; x_wconf 86' lang='lat' dir='ltr'><strong>minimo</strong></span> <span class='ocrx_word' id='word_1_203' title='bbox 927 995 1169 1034; x_wconf 83' lang='lat' dir='ltr'><strong>improbandam</strong></span> <span class='ocrx_word' id='word_1_204' title='bbox 1186 997 1404 1032; x_wconf 85' lang='lat' dir='ltr'><strong>ostenderem,</strong></span> <span class='ocrx_word' id='word_1_205' title='bbox 1421 996 1475 1036; x_wconf 89' lang='lat' dir='ltr'><strong>qui</strong></span> <span class='ocrx_word' id='word_1_206' title='bbox 1497 1004 1571 1026; x_wconf 89' lang='lat' dir='ltr'><strong>eum</strong></span> <span class='ocrx_word' id='word_1_207' title='bbox 1597 996 1627 1026; x_wconf 92' lang='lat' dir='ltr'><strong>in</strong></span> <span class='ocrx_word' id='word_1_208' title='bbox 1647 1000 1711 1026; x_wconf 85' lang='lat' dir='ltr'><strong>ter-</strong></span> 
     </span>
    </p>
   </div>
   <div class='ocr_carea' id='block_1_20' title="bbox 84 1043 1712 1086">
    <p class='ocr_par' dir='ltr' id='par_1_20' title="bbox 84 1043 1712 1086">
     <span class='ocr_line' id='line_1_20' title="bbox 84 1043 1712 1086; baseline 0.001 -11"><span class='ocrx_word' id='word_1_209' title='bbox 84 1045 132 1076; x_wconf 90' lang='lat' dir='ltr'><strong>tio</strong></span> <span class='ocrx_word' id='word_1_210' title='bbox 149 1043 250 1084; x_wconf 85' lang='lat' dir='ltr'><strong>hujus</strong></span> <span class='ocrx_word' id='word_1_211' title='bbox 267 1045 421 1077; x_wconf 90' lang='lat' dir='ltr'><strong>editionis</strong></span> <span class='ocrx_word' id='word_1_212' title='bbox 440 1046 606 1077; x_wconf 82' lang='lat' dir='ltr'><strong>volumine</strong></span> <span class='ocrx_word' id='word_1_213' title='bbox 619 1045 724 1077; x_wconf 89' lang='lat' dir='ltr'><strong>locum</strong></span> <span class='ocrx_word' id='word_1_214' title='bbox 742 1045 859 1076; x_wconf 87' lang='lat' dir='ltr'><strong>habere</strong></span> <span class='ocrx_word' id='word_1_215' title='bbox 876 1045 1062 1082; x_wconf 88' lang='lat' dir='ltr'><strong>voluerunt,</strong></span> <span class='ocrx_word' id='word_1_216' title='bbox 1081 1046 1204 1076; x_wconf 89' lang='lat' dir='ltr'><strong>tametsi</strong></span> <span class='ocrx_word' id='word_1_217' title='bbox 1218 1046 1352 1077; x_wconf 78' lang='lat' dir='ltr'><strong>maxima</strong></span> <span class='ocrx_word' id='word_1_218' title='bbox 1370 1052 1507 1085; x_wconf 87' lang='lat' dir='ltr'><strong>exparte</strong></span> <span class='ocrx_word' id='word_1_219' title='bbox 1522 1046 1712 1086; x_wconf 74' lang='lat' dir='ltr'><strong>jampridem</strong></span> 
     </span>
    </p>
   </div>
   <div class='ocr_carea' id='block_1_21' title="bbox 82 1095 1711 1136">
    <p class='ocr_par' dir='ltr' id='par_1_21' title="bbox 82 1095 1711 1136">
     <span class='ocr_line' id='line_1_21' title="bbox 82 1095 1711 1136; baseline 0 -10"><span class='ocrx_word' id='word_1_220' title='bbox 82 1095 146 1127; x_wconf 86' lang='lat' dir='ltr'><strong>sub</strong></span> <span class='ocrx_word' id='word_1_221' title='bbox 173 1096 367 1127; x_wconf 71' lang='lat' dir='ltr'><strong>()Ecumenii</strong></span> <span class='ocrx_word' id='word_1_222' title='bbox 391 1097 520 1128; x_wconf 89' lang='lat' dir='ltr'><strong>nomine</strong></span> <span class='ocrx_word' id='word_1_223' title='bbox 550 1096 736 1136; x_wconf 79' lang='lat' dir='ltr'><strong>prodiisset.</strong></span> <span class='ocrx_word' id='word_1_224' title='bbox 762 1095 822 1126; x_wconf 87' lang='lat' dir='ltr'><strong>Sed</strong></span> <span class='ocrx_word' id='word_1_225' title='bbox 846 1100 877 1126; x_wconf 85' lang='lat' dir='ltr'><strong>et</strong></span> <span class='ocrx_word' id='word_1_226' title='bbox 896 1104 934 1127; x_wconf 90' lang='lat' dir='ltr'><strong>eo</strong></span> <span class='ocrx_word' id='word_1_227' title='bbox 953 1096 1054 1135; x_wconf 79' lang='lat' dir='ltr'><strong>magis</strong></span> <span class='ocrx_word' id='word_1_228' title='bbox 1078 1095 1157 1126; x_wconf 89' lang='lat' dir='ltr'><strong>mihi</strong></span> <span class='ocrx_word' id='word_1_229' title='bbox 1178 1095 1244 1127; x_wconf 78' lang='lat' dir='ltr'><strong>btec</strong></span> <span class='ocrx_word' id='word_1_230' title='bbox 1264 1096 1452 1127; x_wconf 80' lang='lat' dir='ltr'><strong>disserenda</strong></span> <span class='ocrx_word' id='word_1_231' title='bbox 1480 1096 1600 1135; x_wconf 89' lang='lat' dir='ltr'><strong>putavi,</strong></span> <span class='ocrx_word' id='word_1_232' title='bbox 1626 1097 1711 1133; x_wconf 81' lang='lat' dir='ltr'><strong>quod</strong></span> 
     </span>
    </p>
   </div>
   <div class='ocr_carea' id='block_1_22' title="bbox 83 1145 1712 1185">
    <p class='ocr_par' dir='ltr' id='par_1_22' title="bbox 83 1145 1712 1185">
     <span class='ocr_line' id='line_1_22' title="bbox 83 1145 1712 1185; baseline -0.001 -9"><span class='ocrx_word' id='word_1_233' title='bbox 83 1146 294 1177; x_wconf 81' lang='lat' dir='ltr'><strong>OEcumenio</strong></span> <span class='ocrx_word' id='word_1_234' title='bbox 311 1147 407 1178; x_wconf 85' lang='lat' dir='ltr'><strong>etiam</strong></span> <span class='ocrx_word' id='word_1_235' title='bbox 422 1146 680 1178; x_wconf 81' lang='lat' dir='ltr'><strong>Commentarius</strong></span> <span class='ocrx_word' id='word_1_236' title='bbox 704 1146 882 1185; x_wconf 85' lang='lat' dir='ltr'><strong>insequens</strong></span> <span class='ocrx_word' id='word_1_237' title='bbox 901 1146 1067 1184; x_wconf 87' lang='lat' dir='ltr'><strong>eripiatur.</strong></span> <span class='ocrx_word' id='word_1_238' title='bbox 1082 1145 1238 1185; x_wconf 89' lang='lat' dir='ltr'><strong>Quojure</strong></span> <span class='ocrx_word' id='word_1_239' title='bbox 1263 1146 1357 1184; x_wconf 90' lang='lat' dir='ltr'><strong>paulo</strong></span> <span class='ocrx_word' id='word_1_240' title='bbox 1375 1150 1445 1185; x_wconf 79' lang='lat' dir='ltr'><strong>post</strong></span> <span class='ocrx_word' id='word_1_241' title='bbox 1474 1146 1712 1180; x_wconf 69' lang='lat' dir='ltr'><strong>demonstratio,</strong></span> 
     </span>
    </p>
   </div>
   <div class='ocr_carea' id='block_1_23' title="bbox 83 1195 1629 1236">
    <p class='ocr_par' dir='ltr' id='par_1_23' title="bbox 83 1195 1629 1236">
     <span class='ocr_line' id='line_1_23' title="bbox 83 1195 1629 1236; baseline -0.001 -10"><span class='ocrx_word' id='word_1_242' title='bbox 83 1195 140 1226; x_wconf 93' lang='lat' dir='ltr'><strong>ubi</strong></span> <span class='ocrx_word' id='word_1_243' title='bbox 164 1196 305 1236; x_wconf 89' lang='lat' dir='ltr'><strong>primum</strong></span> <span class='ocrx_word' id='word_1_244' title='bbox 321 1196 489 1228; x_wconf 83' lang='lat' dir='ltr'><strong>absolvero</strong></span> <span class='ocrx_word' id='word_1_245' title='bbox 504 1205 540 1228; x_wconf 85' lang='lat' dir='ltr'><strong>ea</strong></span> <span class='ocrx_word' id='word_1_246' title='bbox 556 1206 628 1236; x_wconf 68' lang='lat' dir='ltr'><strong>quae</strong></span> <span class='ocrx_word' id='word_1_247' title='bbox 644 1197 682 1228; x_wconf 84' lang='lat' dir='ltr'><strong>de</strong></span> <span class='ocrx_word' id='word_1_248' title='bbox 700 1197 798 1228; x_wconf 85' lang='lat' dir='ltr'><strong>hocce</strong></span> <span class='ocrx_word' id='word_1_249' title='bbox 815 1197 1052 1228; x_wconf 81' lang='lat' dir='ltr'><strong>Commentario</strong></span> <span class='ocrx_word' id='word_1_250' title='bbox 1071 1196 1149 1227; x_wconf 89' lang='lat' dir='ltr'><strong>mihi</strong></span> <span class='ocrx_word' id='word_1_251' title='bbox 1166 1196 1270 1228; x_wconf 87' lang='lat' dir='ltr'><strong>adhuc</strong></span> <span class='ocrx_word' id='word_1_252' title='bbox 1285 1196 1419 1227; x_wconf 88' lang='lat' dir='ltr'><strong>dicenda</strong></span> <span class='ocrx_word' id='word_1_253' title='bbox 1440 1200 1629 1236; x_wconf 76' lang='lat' dir='ltr'><strong>supersunt.</strong></span> 
     </span>
    </p>
   </div>
   <div class='ocr_carea' id='block_1_24' title="bbox 123 1245 1714 1287">
    <p class='ocr_par' dir='ltr' id='par_1_24' title="bbox 123 1245 1714 1287">
     <span class='ocr_line' id='line_1_24' title="bbox 123 1245 1714 1287; baseline -0.002 -9"><span class='ocrx_word' id='word_1_254' title='bbox 123 1248 198 1279; x_wconf 83' lang='lat' dir='ltr'><strong>VII.</strong></span> <span class='ocrx_word' id='word_1_255' title='bbox 220 1248 279 1279; x_wconf 89' lang='lat' dir='ltr'><strong>Ubi</strong></span> <span class='ocrx_word' id='word_1_256' title='bbox 296 1249 569 1280; x_wconf 89' lang='lat' dir='ltr'><strong>Commentarium</strong></span> <span class='ocrx_word' id='word_1_257' title='bbox 591 1248 677 1279; x_wconf 86' lang='lat' dir='ltr'><strong>hunc</strong></span> <span class='ocrx_word' id='word_1_258' title='bbox 693 1256 766 1279; x_wconf 83' lang='lat' dir='ltr'><strong>cum</strong></span> <span class='ocrx_word' id='word_1_259' title='bbox 784 1248 1042 1285; x_wconf 84' lang='lat' dir='ltr'><strong>OEcumeniano,</strong></span> <span class='ocrx_word' id='word_1_260' title='bbox 1059 1248 1101 1279; x_wconf 85' lang='lat' dir='ltr'><strong>ita</strong></span> <span class='ocrx_word' id='word_1_261' title='bbox 1114 1256 1188 1279; x_wconf 90' lang='lat' dir='ltr'><strong>eum</strong></span> <span class='ocrx_word' id='word_1_262' title='bbox 1202 1247 1341 1286; x_wconf 88' lang='lat' dir='ltr'><strong>appello,</strong></span> <span class='ocrx_word' id='word_1_263' title='bbox 1362 1247 1417 1287; x_wconf 89' lang='lat' dir='ltr'><strong>qui</strong></span> <span class='ocrx_word' id='word_1_264' title='bbox 1433 1246 1505 1286; x_wconf 82' lang='lat' dir='ltr'><strong>ejus</strong></span> <span class='ocrx_word' id='word_1_265' title='bbox 1520 1246 1649 1277; x_wconf 87' lang='lat' dir='ltr'><strong>nomine</strong></span> <span class='ocrx_word' id='word_1_266' title='bbox 1663 1245 1714 1275; x_wconf 93' lang='lat' dir='ltr'><strong>in-</strong></span> 
     </span>
    </p>
   </div>
   <div class='ocr_carea' id='block_1_25' title="bbox 84 1296 1717 1339">
    <p class='ocr_par' dir='ltr' id='par_1_25' title="bbox 84 1296 1717 1339">
     <span class='ocr_line' id='line_1_25' title="bbox 84 1296 1717 1339; baseline -0.002 -11"><span class='ocrx_word' id='word_1_267' title='bbox 84 1298 229 1337; x_wconf 82' lang='lat' dir='ltr'><strong>scriptus</strong></span> <span class='ocrx_word' id='word_1_268' title='bbox 243 1298 373 1338; x_wconf 84' lang='lat' dir='ltr'><strong>prodiit,</strong></span> <span class='ocrx_word' id='word_1_269' title='bbox 389 1300 484 1330; x_wconf 91' lang='lat' dir='ltr'><strong>modo</strong></span> <span class='ocrx_word' id='word_1_270' title='bbox 495 1308 593 1339; x_wconf 81' lang='lat' dir='ltr'><strong>supra</strong></span> <span class='ocrx_word' id='word_1_271' title='bbox 614 1299 700 1330; x_wconf 89' lang='lat' dir='ltr'><strong>dicto</strong></span> <span class='ocrx_word' id='word_1_272' title='bbox 714 1307 893 1338; x_wconf 80' lang='lat' dir='ltr'><strong>congruere</strong></span> <span class='ocrx_word' id='word_1_273' title='bbox 921 1298 1145 1335; x_wconf 88' lang='lat' dir='ltr'><strong>animadverti,</strong></span> <span class='ocrx_word' id='word_1_274' title='bbox 1162 1297 1291 1337; x_wconf 79' lang='lat' dir='ltr'><strong>quoties</strong></span> <span class='ocrx_word' id='word_1_275' title='bbox 1307 1305 1415 1328; x_wconf 88' lang='lat' dir='ltr'><strong>meum</strong></span> <span class='ocrx_word' id='word_1_276' title='bbox 1446 1296 1609 1334; x_wconf 79' lang='lat' dir='ltr'><strong>exemplar</strong></span> <span class='ocrx_word' id='word_1_277' title='bbox 1631 1303 1717 1326; x_wconf 74' lang='lat' dir='ltr'><strong>nien~</strong></span> 
     </span>
    </p>
   </div>
   <div class='ocr_carea' id='block_1_26' title="bbox 84 1347 1715 1391">
    <p class='ocr_par' dir='ltr' id='par_1_26' title="bbox 84 1347 1715 1391">
     <span class='ocr_line' id='line_1_26' title="bbox 84 1347 1715 1391; baseline -0.002 -12"><span class='ocrx_word' id='word_1_278' title='bbox 84 1349 205 1379; x_wconf 89' lang='lat' dir='ltr'><strong>dosum</strong></span> <span class='ocrx_word' id='word_1_279' title='bbox 231 1353 286 1381; x_wconf 84' lang='lat' dir='ltr'><strong>aut</strong></span> <span class='ocrx_word' id='word_1_280' title='bbox 302 1350 450 1381; x_wconf 89' lang='lat' dir='ltr'><strong>mutilum</strong></span> <span class='ocrx_word' id='word_1_281' title='bbox 478 1360 561 1388; x_wconf 89' lang='lat' dir='ltr'><strong>esse,</strong></span> <span class='ocrx_word' id='word_1_282' title='bbox 577 1352 663 1391; x_wconf 88' lang='lat' dir='ltr'><strong>quod</strong></span> <span class='ocrx_word' id='word_1_283' title='bbox 693 1351 881 1389; x_wconf 79' lang='lat' dir='ltr'><strong>frequenter</strong></span> <span class='ocrx_word' id='word_1_284' title='bbox 898 1350 1044 1390; x_wconf 74' lang='lat' dir='ltr'><strong>contigit,</strong></span> <span class='ocrx_word' id='word_1_285' title='bbox 1085 1349 1284 1389; x_wconf 84' lang='lat' dir='ltr'><strong>suspicabar,</strong></span> <span class='ocrx_word' id='word_1_286' title='bbox 1308 1350 1414 1388; x_wconf 91' lang='lat' dir='ltr'><strong>ipsum</strong></span> <span class='ocrx_word' id='word_1_287' title='bbox 1430 1349 1557 1386; x_wconf 87' lang='lat' dir='ltr'><strong>adii,ut</strong></span> <span class='ocrx_word' id='word_1_288' title='bbox 1582 1347 1715 1378; x_wconf 71' lang='lat' dir='ltr'><strong>detectis</strong></span> 
     </span>
    </p>
   </div>
   <div class='ocr_carea' id='block_1_27' title="bbox 84 1397 1717 1440">
    <p class='ocr_par' dir='ltr' id='par_1_27' title="bbox 84 1397 1717 1440">
     <span class='ocr_line' id='line_1_27' title="bbox 84 1397 1717 1440; baseline -0.001 -12"><span class='ocrx_word' id='word_1_289' title='bbox 84 1398 283 1429; x_wconf 85' lang='lat' dir='ltr'><strong>medicinam</strong></span> <span class='ocrx_word' id='word_1_290' title='bbox 311 1399 500 1431; x_wconf 68' lang='lat' dir='ltr'><strong>Vulneribus</strong></span> <span class='ocrx_word' id='word_1_291' title='bbox 523 1400 717 1439; x_wconf 83' lang='lat' dir='ltr'><strong>reperirem;</strong></span> <span class='ocrx_word' id='word_1_292' title='bbox 741 1401 828 1440; x_wconf 87' lang='lat' dir='ltr'><strong>quod</strong></span> <span class='ocrx_word' id='word_1_293' title='bbox 857 1399 1049 1439; x_wconf 85' lang='lat' dir='ltr'><strong>plerumque</strong></span> <span class='ocrx_word' id='word_1_294' title='bbox 1064 1398 1205 1431; x_wconf 84' lang='lat' dir='ltr'><strong>feliciter</strong></span> <span class='ocrx_word' id='word_1_295' title='bbox 1232 1399 1445 1430; x_wconf 79' lang='lat' dir='ltr'><strong>succedebat:</strong></span> <span class='ocrx_word' id='word_1_296' title='bbox 1464 1398 1625 1438; x_wconf 89' lang='lat' dir='ltr'><strong>siquidem</strong></span> <span class='ocrx_word' id='word_1_297' title='bbox 1663 1397 1717 1427; x_wconf 89' lang='lat' dir='ltr'><strong>ille</strong></span> 
     </span>
    </p>
   </div>
   <div class='ocr_carea' id='block_1_28' title="bbox 85 1447 1717 1488">
    <p class='ocr_par' dir='ltr' id='par_1_28' title="bbox 85 1447 1717 1488">
     <span class='ocr_line' id='line_1_28' title="bbox 85 1447 1717 1488; baseline -0.002 -11"><span class='ocrx_word' id='word_1_298' title='bbox 85 1455 123 1478; x_wconf 85' lang='lat' dir='ltr'><strong>ex</strong></span> <span class='ocrx_word' id='word_1_299' title='bbox 147 1448 306 1479; x_wconf 83' lang='lat' dir='ltr'><strong>nitidiore</strong></span> <span class='ocrx_word' id='word_1_300' title='bbox 337 1449 504 1488; x_wconf 79' lang='lat' dir='ltr'><strong>magisque</strong></span> <span class='ocrx_word' id='word_1_301' title='bbox 534 1449 660 1488; x_wconf 82' lang='lat' dir='ltr'><strong>integro</strong></span> <span class='ocrx_word' id='word_1_302' title='bbox 687 1449 797 1480; x_wconf 80' lang='lat' dir='ltr'><strong>codice</strong></span> <span class='ocrx_word' id='word_1_303' title='bbox 815 1449 1007 1486; x_wconf 85' lang='lat' dir='ltr'><strong>desumptus</strong></span> <span class='ocrx_word' id='word_1_304' title='bbox 1028 1456 1100 1479; x_wconf 92' lang='lat' dir='ltr'><strong>esse</strong></span> <span class='ocrx_word' id='word_1_305' title='bbox 1128 1447 1268 1479; x_wconf 91' lang='lat' dir='ltr'><strong>videtur.</strong></span> <span class='ocrx_word' id='word_1_306' title='bbox 1289 1448 1453 1477; x_wconf 83' lang='lat' dir='ltr'><strong>interdum</strong></span> <span class='ocrx_word' id='word_1_307' title='bbox 1477 1450 1581 1477; x_wconf 89' lang='lat' dir='ltr'><strong>tamen</strong></span> <span class='ocrx_word' id='word_1_308' title='bbox 1608 1448 1717 1475; x_wconf 80' lang='lat' dir='ltr'><strong>textus</strong></span> 
     </span>
    </p>
   </div>
   <div class='ocr_carea' id='block_1_29' title="bbox 87 1497 1720 1540">
    <p class='ocr_par' dir='ltr' id='par_1_29' title="bbox 87 1497 1720 1540">
     <span class='ocr_line' id='line_1_29' title="bbox 87 1497 1720 1540; baseline -0.001 -12"><span class='ocrx_word' id='word_1_309' title='bbox 87 1502 229 1537; x_wconf 87' lang='lat' dir='ltr'><strong>uterque</strong></span> <span class='ocrx_word' id='word_1_310' title='bbox 245 1503 414 1538; x_wconf 88' lang='lat' dir='ltr'><strong>corruptus</strong></span> <span class='ocrx_word' id='word_1_311' title='bbox 426 1500 504 1531; x_wconf 90' lang='lat' dir='ltr'><strong>mihi</strong></span> <span class='ocrx_word' id='word_1_312' title='bbox 523 1501 612 1532; x_wconf 92' lang='lat' dir='ltr'><strong>visus</strong></span> <span class='ocrx_word' id='word_1_313' title='bbox 628 1505 687 1537; x_wconf 84' lang='lat' dir='ltr'><strong>est,</strong></span> <span class='ocrx_word' id='word_1_314' title='bbox 704 1501 789 1540; x_wconf 90' lang='lat' dir='ltr'><strong>quod</strong></span> <span class='ocrx_word' id='word_1_315' title='bbox 809 1504 922 1531; x_wconf 92' lang='lat' dir='ltr'><strong>neuter</strong></span> <span class='ocrx_word' id='word_1_316' title='bbox 937 1508 1117 1538; x_wconf 88' lang='lat' dir='ltr'><strong>congruum</strong></span> <span class='ocrx_word' id='word_1_317' title='bbox 1134 1507 1264 1530; x_wconf 83' lang='lat' dir='ltr'><strong>sensum</strong></span> <span class='ocrx_word' id='word_1_318' title='bbox 1278 1497 1528 1529; x_wconf 78' lang='lat' dir='ltr'><strong>mihiiunderet.</strong></span> <span class='ocrx_word' id='word_1_319' title='bbox 1546 1498 1627 1527; x_wconf 91' lang='lat' dir='ltr'><strong>Tum</strong></span> <span class='ocrx_word' id='word_1_320' title='bbox 1645 1504 1720 1526; x_wconf 81' lang='lat' dir='ltr'><strong>vero</strong></span> 
     </span>
    </p>
   </div>
   <div class='ocr_carea' id='block_1_30' title="bbox 88 1548 1720 1590">
    <p class='ocr_par' dir='ltr' id='par_1_30' title="bbox 88 1548 1720 1590">
     <span class='ocr_line' id='line_1_30' title="bbox 88 1548 1720 1590; baseline -0.002 -10"><span class='ocrx_word' id='word_1_321' title='bbox 88 1549 137 1580; x_wconf 81' lang='lat' dir='ltr'><strong>vel</strong></span> <span class='ocrx_word' id='word_1_322' title='bbox 159 1550 199 1580; x_wconf 90' lang='lat' dir='ltr'><strong>ad</strong></span> <span class='ocrx_word' id='word_1_323' title='bbox 216 1549 415 1582; x_wconf 82' lang='lat' dir='ltr'><strong>Sifanianum</strong></span> <span class='ocrx_word' id='word_1_324' title='bbox 444 1551 728 1588; x_wconf 84' lang='lat' dir='ltr'><strong>Commentarium,</strong></span> <span class='ocrx_word' id='word_1_325' title='bbox 746 1551 793 1581; x_wconf 94' lang='lat' dir='ltr'><strong>vel</strong></span> <span class='ocrx_word' id='word_1_326' title='bbox 826 1551 864 1581; x_wconf 87' lang='lat' dir='ltr'><strong>ad</strong></span> <span class='ocrx_word' id='word_1_327' title='bbox 885 1549 1105 1590; x_wconf 80' lang='lat' dir='ltr'><strong>apographum</strong></span> <span class='ocrx_word' id='word_1_328' title='bbox 1129 1550 1367 1586; x_wconf 86' lang='lat' dir='ltr'><strong>Florentinum,</strong></span> <span class='ocrx_word' id='word_1_329' title='bbox 1388 1548 1436 1579; x_wconf 81' lang='lat' dir='ltr'><strong>vel</strong></span> <span class='ocrx_word' id='word_1_330' title='bbox 1465 1548 1503 1579; x_wconf 89' lang='lat' dir='ltr'><strong>ad</strong></span> <span class='ocrx_word' id='word_1_331' title='bbox 1524 1548 1720 1587; x_wconf 67' lang='lat' dir='ltr'><strong>pracipuum</strong></span> 
     </span>
    </p>
   </div>
   <div class='ocr_carea' id='block_1_31' title="bbox 87 1597 1721 1642">
    <p class='ocr_par' dir='ltr' id='par_1_31' title="bbox 87 1597 1721 1642">
     <span class='ocr_line' id='line_1_31' title="bbox 87 1597 1721 1642; baseline -0.002 -11"><span class='ocrx_word' id='word_1_332' title='bbox 87 1601 238 1632; x_wconf 80' lang='lat' dir='ltr'><strong>omnium</strong></span> <span class='ocrx_word' id='word_1_333' title='bbox 256 1600 376 1632; x_wconf 83' lang='lat' dir='ltr'><strong>fontem</strong></span> <span class='ocrx_word' id='word_1_334' title='bbox 395 1601 669 1642; x_wconf 80' lang='lat' dir='ltr'><strong>Chrysostomum,</strong></span> <span class='ocrx_word' id='word_1_335' title='bbox 687 1606 717 1633; x_wconf 88' lang='lat' dir='ltr'><strong>et</strong></span> <span class='ocrx_word' id='word_1_336' title='bbox 733 1602 926 1642; x_wconf 82' lang='lat' dir='ltr'><strong>quandoque</strong></span> <span class='ocrx_word' id='word_1_337' title='bbox 942 1601 980 1632; x_wconf 88' lang='lat' dir='ltr'><strong>ad</strong></span> <span class='ocrx_word' id='word_1_338' title='bbox 1009 1608 1122 1631; x_wconf 89' lang='lat' dir='ltr'><strong>omnes</strong></span> <span class='ocrx_word' id='word_1_339' title='bbox 1134 1600 1208 1630; x_wconf 91' lang='lat' dir='ltr'><strong>illos</strong></span> <span class='ocrx_word' id='word_1_340' title='bbox 1227 1598 1463 1638; x_wconf 82' lang='lat' dir='ltr'><strong>confugiebam.</strong></span> <span class='ocrx_word' id='word_1_341' title='bbox 1480 1597 1641 1629; x_wconf 82' lang='lat' dir='ltr'><strong>Nonnulla</strong></span> <span class='ocrx_word' id='word_1_342' title='bbox 1660 1597 1721 1627; x_wconf 80' lang='lat' dir='ltr'><strong>liu-</strong></span> 
     </span>
    </p>
   </div>
   <div class='ocr_carea' id='block_1_32' title="bbox 89 1648 1721 1692">
    <p class='ocr_par' dir='ltr' id='par_1_32' title="bbox 89 1648 1721 1692">
     <span class='ocr_line' id='line_1_32' title="bbox 89 1648 1721 1692; baseline -0.003 -11"><span class='ocrx_word' id='word_1_343' title='bbox 89 1649 140 1686; x_wconf 91' lang='lat' dir='ltr'><strong>ius</strong></span> <span class='ocrx_word' id='word_1_344' title='bbox 159 1651 206 1682; x_wconf 87' lang='lat' dir='ltr'><strong>rei</strong></span> <span class='ocrx_word' id='word_1_345' title='bbox 233 1651 424 1691; x_wconf 81' lang='lat' dir='ltr'><strong>exemplain</strong></span> <span class='ocrx_word' id='word_1_346' title='bbox 441 1652 596 1684; x_wconf 85' lang='lat' dir='ltr'><strong>ini&#39;eriore</strong></span> <span class='ocrx_word' id='word_1_347' title='bbox 621 1653 763 1692; x_wconf 81' lang='lat' dir='ltr'><strong>margine</strong></span> <span class='ocrx_word' id='word_1_348' title='bbox 791 1652 975 1692; x_wconf 79' lang='lat' dir='ltr'><strong>paginarum</strong></span> <span class='ocrx_word' id='word_1_349' title='bbox 998 1652 1149 1682; x_wconf 88' lang='lat' dir='ltr'><strong>adnotata</strong></span> <span class='ocrx_word' id='word_1_350' title='bbox 1167 1650 1266 1681; x_wconf 88' lang='lat' dir='ltr'><strong>lector</strong></span> <span class='ocrx_word' id='word_1_351' title='bbox 1295 1650 1467 1681; x_wconf 86' lang='lat' dir='ltr'><strong>observare</strong></span> <span class='ocrx_word' id='word_1_352' title='bbox 1487 1648 1614 1687; x_wconf 87' lang='lat' dir='ltr'><strong>poterit.</strong></span> <span class='ocrx_word' id='word_1_353' title='bbox 1644 1648 1721 1679; x_wconf 84' lang='lat' dir='ltr'><strong>Cum</strong></span> 
     </span>
    </p>
   </div>
   <div class='ocr_carea' id='block_1_33' title="bbox 90 1700 1724 1744">
    <p class='ocr_par' dir='ltr' id='par_1_33' title="bbox 90 1700 1724 1744">
     <span class='ocr_line' id='line_1_33' title="bbox 90 1700 1724 1744; baseline -0.004 -10"><span class='ocrx_word' id='word_1_354' title='bbox 90 1712 168 1735; x_wconf 70' lang='lat' dir='ltr'><strong>Vero</strong></span> <span class='ocrx_word' id='word_1_355' title='bbox 187 1707 272 1735; x_wconf 87' lang='lat' dir='ltr'><strong>recte</strong></span> <span class='ocrx_word' id='word_1_356' title='bbox 287 1712 322 1735; x_wconf 90' lang='lat' dir='ltr'><strong>se</strong></span> <span class='ocrx_word' id='word_1_357' title='bbox 335 1703 468 1735; x_wconf 84' lang='lat' dir='ltr'><strong>habebat</strong></span> <span class='ocrx_word' id='word_1_358' title='bbox 483 1712 613 1742; x_wconf 85' lang='lat' dir='ltr'><strong>sensus,</strong></span> <span class='ocrx_word' id='word_1_359' title='bbox 628 1705 687 1736; x_wconf 81' lang='lat' dir='ltr'><strong>etsi</strong></span> <span class='ocrx_word' id='word_1_360' title='bbox 705 1704 845 1736; x_wconf 87' lang='lat' dir='ltr'><strong>viderem</strong></span> <span class='ocrx_word' id='word_1_361' title='bbox 857 1704 1132 1744; x_wconf 88' lang='lat' dir='ltr'><strong>Chrysostomum,</strong></span> <span class='ocrx_word' id='word_1_362' title='bbox 1149 1705 1204 1733; x_wconf 90' lang='lat' dir='ltr'><strong>aut</strong></span> <span class='ocrx_word' id='word_1_363' title='bbox 1219 1701 1362 1741; x_wconf 86' lang='lat' dir='ltr'><strong>aliquem</strong></span> <span class='ocrx_word' id='word_1_364' title='bbox 1380 1709 1418 1732; x_wconf 84' lang='lat' dir='ltr'><strong>ex</strong></span> <span class='ocrx_word' id='word_1_365' title='bbox 1436 1700 1618 1732; x_wconf 85' lang='lat' dir='ltr'><strong>memOratis</strong></span> <span class='ocrx_word' id='word_1_366' title='bbox 1634 1701 1724 1730; x_wconf 78' lang='lat' dir='ltr'><strong>Com-</strong></span> 
     </span>
    </p>
   </div>
   <div class='ocr_carea' id='block_1_34' title="bbox 91 1751 1722 1795">
    <p class='ocr_par' dir='ltr' id='par_1_34' title="bbox 91 1751 1722 1795">
     <span class='ocr_line' id='line_1_34' title="bbox 91 1751 1722 1795; baseline -0.004 -8"><span class='ocrx_word' id='word_1_367' title='bbox 91 1756 262 1788; x_wconf 86' lang='lat' dir='ltr'><strong>mentariis</strong></span> <span class='ocrx_word' id='word_1_368' title='bbox 280 1757 328 1788; x_wconf 77' lang='lat' dir='ltr'><strong>vel</strong></span> <span class='ocrx_word' id='word_1_369' title='bbox 344 1756 462 1793; x_wconf 85' lang='lat' dir='ltr'><strong>verbis,</strong></span> <span class='ocrx_word' id='word_1_370' title='bbox 485 1756 536 1788; x_wconf 88' lang='lat' dir='ltr'><strong>vel</strong></span> <span class='ocrx_word' id='word_1_371' title='bbox 552 1756 666 1788; x_wconf 87' lang='lat' dir='ltr'><strong>ordine</strong></span> <span class='ocrx_word' id='word_1_372' title='bbox 686 1756 882 1795; x_wconf 84' lang='lat' dir='ltr'><strong>discrepare,</strong></span> <span class='ocrx_word' id='word_1_373' title='bbox 899 1755 981 1786; x_wconf 89' lang='lat' dir='ltr'><strong>nihil</strong></span> <span class='ocrx_word' id='word_1_374' title='bbox 996 1755 1030 1786; x_wconf 91' lang='lat' dir='ltr'><strong>in</strong></span> <span class='ocrx_word' id='word_1_375' title='bbox 1049 1752 1225 1794; x_wconf 87' lang='lat' dir='ltr'><strong>exemplari</strong></span> <span class='ocrx_word' id='word_1_376' title='bbox 1245 1761 1318 1785; x_wconf 89' lang='lat' dir='ltr'><strong>meo</strong></span> <span class='ocrx_word' id='word_1_377' title='bbox 1334 1751 1570 1783; x_wconf 86' lang='lat' dir='ltr'><strong>immutandum</strong></span> <span class='ocrx_word' id='word_1_378' title='bbox 1585 1751 1695 1782; x_wconf 85' lang='lat' dir='ltr'><strong>censui</strong></span> <span class='ocrx_word' id='word_1_379' title='bbox 1715 1761 1722 1780; x_wconf 92' lang='lat'>:</span> 
     </span>
    </p>
   </div>
   <div class='ocr_carea' id='block_1_35' title="bbox 92 1801 1722 1848">
    <p class='ocr_par' dir='ltr' id='par_1_35' title="bbox 92 1801 1722 1848">
     <span class='ocr_line' id='line_1_35' title="bbox 92 1801 1722 1848; baseline -0.004 -9"><span class='ocrx_word' id='word_1_380' title='bbox 92 1817 156 1840; x_wconf 90' lang='lat' dir='ltr'><strong>non</strong></span> <span class='ocrx_word' id='word_1_381' title='bbox 179 1808 268 1839; x_wconf 88' lang='lat' dir='ltr'><strong>enim</strong></span> <span class='ocrx_word' id='word_1_382' title='bbox 293 1808 374 1840; x_wconf 90' lang='lat' dir='ltr'><strong>alios</strong></span> <span class='ocrx_word' id='word_1_383' title='bbox 392 1816 606 1848; x_wconf 88' lang='lat' dir='ltr'><strong>quoscunque</strong></span> <span class='ocrx_word' id='word_1_384' title='bbox 636 1807 910 1843; x_wconf 87' lang='lat' dir='ltr'><strong>Commentarios,</strong></span> <span class='ocrx_word' id='word_1_385' title='bbox 937 1805 1146 1847; x_wconf 86' lang='lat' dir='ltr'><strong>quantumvis</strong></span> <span class='ocrx_word' id='word_1_386' title='bbox 1179 1803 1342 1834; x_wconf 87' lang='lat' dir='ltr'><strong>interdum</strong></span> <span class='ocrx_word' id='word_1_387' title='bbox 1368 1802 1417 1834; x_wconf 77' lang='lat' dir='ltr'><strong>vei</strong></span> <span class='ocrx_word' id='word_1_388' title='bbox 1439 1802 1543 1842; x_wconf 87' lang='lat' dir='ltr'><strong>copia,</strong></span> <span class='ocrx_word' id='word_1_389' title='bbox 1575 1801 1622 1832; x_wconf 80' lang='lat' dir='ltr'><strong>vel</strong></span> <span class='ocrx_word' id='word_1_390' title='bbox 1645 1810 1722 1832; x_wconf 89' lang='lat' dir='ltr'><strong>con-</strong></span> 
     </span>
    </p>
   </div>
   <div class='ocr_carea' id='block_1_36' title="bbox 91 1850 1725 1898">
    <p class='ocr_par' dir='ltr' id='par_1_36' title="bbox 91 1850 1725 1898">
     <span class='ocr_line' id='line_1_36' title="bbox 91 1850 1725 1898; baseline -0.006 -9"><span class='ocrx_word' id='word_1_391' title='bbox 91 1859 250 1890; x_wconf 86' lang='lat' dir='ltr'><strong>cinnitate</strong></span> <span class='ocrx_word' id='word_1_392' title='bbox 267 1858 494 1898; x_wconf 59' lang='lat' dir='ltr'><strong>praeferendos,</strong></span> <span class='ocrx_word' id='word_1_393' title='bbox 508 1858 566 1890; x_wconf 89' lang='lat' dir='ltr'><strong>sed</strong></span> <span class='ocrx_word' id='word_1_394' title='bbox 588 1858 673 1889; x_wconf 92' lang='lat' dir='ltr'><strong>hunc</strong></span> <span class='ocrx_word' id='word_1_395' title='bbox 689 1858 842 1889; x_wconf 82' lang='lat' dir='ltr'><strong>duntaxat</strong></span> <span class='ocrx_word' id='word_1_396' title='bbox 861 1855 1052 1888; x_wconf 84' lang='lat' dir='ltr'><strong>Vaticanum</strong></span> <span class='ocrx_word' id='word_1_397' title='bbox 1066 1855 1161 1887; x_wconf 89' lang='lat' dir='ltr'><strong>edere</strong></span> <span class='ocrx_word' id='word_1_398' title='bbox 1188 1850 1266 1884; x_wconf 84' lang='lat' dir='ltr'><strong>mihi</strong></span> <span class='ocrx_word' id='word_1_399' title='bbox 1283 1854 1495 1884; x_wconf 87' lang='lat' dir='ltr'><strong>constitutum</strong></span> <span class='ocrx_word' id='word_1_400' title='bbox 1514 1855 1580 1884; x_wconf 81' lang='lat' dir='ltr'><strong>erat</strong></span> <span class='ocrx_word' id='word_1_401' title='bbox 1592 1859 1600 1879; x_wconf 79' lang='grc' dir='ltr'><strong><em>τ</em></strong></span> <span class='ocrx_word' id='word_1_402' title='bbox 1614 1860 1725 1890; x_wconf 90' lang='lat' dir='ltr'><strong>quam-</strong></span> 
     </span>
    </p>
   </div>
   <div class='ocr_carea' id='block_1_37' title="bbox 93 1902 1725 1948">
    <p class='ocr_par' dir='ltr' id='par_1_37' title="bbox 93 1902 1725 1948">
     <span class='ocr_line' id='line_1_37' title="bbox 93 1902 1725 1948; baseline -0.006 -8"><span class='ocrx_word' id='word_1_403' title='bbox 93 1908 207 1940; x_wconf 89' lang='lat' dir='ltr'><strong>obrem</strong></span> <span class='ocrx_word' id='word_1_404' title='bbox 239 1909 279 1940; x_wconf 86' lang='lat' dir='ltr'><strong>de</strong></span> <span class='ocrx_word' id='word_1_405' title='bbox 308 1909 365 1940; x_wconf 92' lang='lat' dir='ltr'><strong>illo</strong></span> <span class='ocrx_word' id='word_1_406' title='bbox 384 1909 605 1940; x_wconf 85' lang='lat' dir='ltr'><strong>tantummodo</strong></span> <span class='ocrx_word' id='word_1_407' title='bbox 623 1908 815 1948; x_wconf 85' lang='lat' dir='ltr'><strong>corrigendo</strong></span> <span class='ocrx_word' id='word_1_408' title='bbox 831 1911 862 1939; x_wconf 90' lang='lat' dir='ltr'><strong>et</strong></span> <span class='ocrx_word' id='word_1_409' title='bbox 883 1916 899 1938; x_wconf 89' lang='lat' dir='ltr'><strong>a</strong></span> <span class='ocrx_word' id='word_1_410' title='bbox 930 1906 1139 1938; x_wconf 85' lang='lat' dir='ltr'><strong>librariorum</strong></span> <span class='ocrx_word' id='word_1_411' title='bbox 1164 1904 1295 1944; x_wconf 88' lang='lat' dir='ltr'><strong>injuriis</strong></span> <span class='ocrx_word' id='word_1_412' title='bbox 1312 1903 1506 1934; x_wconf 85' lang='lat' dir='ltr'><strong>vindicando</strong></span> <span class='ocrx_word' id='word_1_413' title='bbox 1534 1902 1611 1932; x_wconf 85' lang='lat' dir='ltr'><strong>mihi</strong></span> <span class='ocrx_word' id='word_1_414' title='bbox 1638 1902 1725 1931; x_wconf 83' lang='lat' dir='ltr'><strong>labo-</strong></span> 
     </span>
    </p>
   </div>
   <div class='ocr_carea' id='block_1_38' title="bbox 93 1954 1724 1996">
    <p class='ocr_par' dir='ltr' id='par_1_38' title="bbox 93 1954 1724 1996">
     <span class='ocr_line' id='line_1_38' title="bbox 93 1954 1724 1996; baseline -0.007 -2"><span class='ocrx_word' id='word_1_415' title='bbox 93 1962 234 1994; x_wconf 88' lang='lat' dir='ltr'><strong>randum</strong></span> <span class='ocrx_word' id='word_1_416' title='bbox 252 1961 446 1993; x_wconf 80' lang='lat' dir='ltr'><strong>existimavi.</strong></span> <span class='ocrx_word' id='word_1_417' title='bbox 462 1959 545 1992; x_wconf 83' lang='lat' dir='ltr'><strong>Hinc</strong></span> <span class='ocrx_word' id='word_1_418' title='bbox 561 1961 656 1992; x_wconf 88' lang='lat' dir='ltr'><strong>etiam</strong></span> <span class='ocrx_word' id='word_1_419' title='bbox 674 1962 714 1991; x_wconf 88' lang='lat' dir='ltr'><strong>ita</strong></span> <span class='ocrx_word' id='word_1_420' title='bbox 735 1961 826 1992; x_wconf 90' lang='lat' dir='ltr'><strong>illum</strong></span> <span class='ocrx_word' id='word_1_421' title='bbox 846 1959 1073 1991; x_wconf 75' lang='lat' dir='ltr'><strong>excutiendum</strong></span> <span class='ocrx_word' id='word_1_422' title='bbox 1097 1958 1220 1995; x_wconf 88' lang='lat' dir='ltr'><strong>curavi,</strong></span> <span class='ocrx_word' id='word_1_423' title='bbox 1236 1961 1270 1988; x_wconf 88' lang='lat' dir='ltr'><strong>ut</strong></span> <span class='ocrx_word' id='word_1_424' title='bbox 1285 1963 1351 1996; x_wconf 91' lang='lat' dir='ltr'><strong>quo</strong></span> <span class='ocrx_word' id='word_1_425' title='bbox 1370 1954 1504 1994; x_wconf 82' lang='lat' dir='ltr'><strong>propius</strong></span> <span class='ocrx_word' id='word_1_426' title='bbox 1521 1954 1587 1985; x_wconf 82' lang='lat' dir='ltr'><strong>ﬁeri</strong></span> <span class='ocrx_word' id='word_1_427' title='bbox 1606 1957 1724 1993; x_wconf 65' lang='lat' dir='ltr'><strong>posset,</strong></span> 
     </span>
    </p>
   </div>
   <div class='ocr_carea' id='block_1_39' title="bbox 95 2004 1727 2053">
    <p class='ocr_par' dir='ltr' id='par_1_39' title="bbox 95 2004 1727 2053">
     <span class='ocr_line' id='line_1_39' title="bbox 95 2004 1727 2053; baseline -0.005 -11"><span class='ocrx_word' id='word_1_428' title='bbox 95 2011 288 2044; x_wconf 72' lang='lat' dir='ltr'><strong>Vaticanum</strong></span> <span class='ocrx_word' id='word_1_429' title='bbox 306 2014 411 2053; x_wconf 90' lang='lat' dir='ltr'><strong>ipsum</strong></span> <span class='ocrx_word' id='word_1_430' title='bbox 429 2013 571 2044; x_wconf 84' lang='lat' dir='ltr'><strong>codicem</strong></span> <span class='ocrx_word' id='word_1_431' title='bbox 590 2015 844 2051; x_wconf 75' lang='lat' dir='ltr'><strong>reprmsentaret.</strong></span> <span class='ocrx_word' id='word_1_432' title='bbox 868 2012 970 2048; x_wconf 89' lang='lat' dir='ltr'><strong>Quam</strong></span> <span class='ocrx_word' id='word_1_433' title='bbox 987 2010 1028 2041; x_wconf 91' lang='lat' dir='ltr'><strong>ob</strong></span> <span class='ocrx_word' id='word_1_434' title='bbox 1041 2018 1182 2047; x_wconf 83' lang='lat' dir='ltr'><strong>causam,</strong></span> <span class='ocrx_word' id='word_1_435' title='bbox 1199 2017 1272 2040; x_wconf 87' lang='lat' dir='ltr'><strong>cum</strong></span> <span class='ocrx_word' id='word_1_436' title='bbox 1289 2008 1321 2038; x_wconf 93' lang='lat' dir='ltr'><strong>in</strong></span> <span class='ocrx_word' id='word_1_437' title='bbox 1339 2004 1493 2037; x_wconf 84' lang='lat' dir='ltr'><strong>Vaticano</strong></span> <span class='ocrx_word' id='word_1_438' title='bbox 1505 2004 1616 2035; x_wconf 83' lang='lat' dir='ltr'><strong>codice</strong></span> <span class='ocrx_word' id='word_1_439' title='bbox 1633 2013 1727 2034; x_wconf 74' lang='lat' dir='ltr'><strong>sacra:</strong></span> 
     </span>
    </p>
   </div>
   <div class='ocr_carea' id='block_1_40' title="bbox 94 2055 1725 2104">
    <p class='ocr_par' dir='ltr' id='par_1_40' title="bbox 94 2055 1725 2104">
     <span class='ocr_line' id='line_1_40' title="bbox 94 2055 1725 2104; baseline -0.008 -9"><span class='ocrx_word' id='word_1_440' title='bbox 94 2064 270 2103; x_wconf 63' lang='lat' dir='ltr'><strong>Scriptura;</strong></span> <span class='ocrx_word' id='word_1_441' title='bbox 289 2067 394 2095; x_wconf 87' lang='lat' dir='ltr'><strong>textus</strong></span> <span class='ocrx_word' id='word_1_442' title='bbox 410 2063 442 2094; x_wconf 90' lang='lat' dir='ltr'><strong>in</strong></span> <span class='ocrx_word' id='word_1_443' title='bbox 456 2063 571 2100; x_wconf 87' lang='lat' dir='ltr'><strong>varias,</strong></span> <span class='ocrx_word' id='word_1_444' title='bbox 595 2072 669 2104; x_wconf 63' lang='lat' dir='ltr'><strong>quae</strong></span> <span class='ocrx_word' id='word_1_445' title='bbox 683 2071 699 2094; x_wconf 70' lang='grc' dir='ltr'><strong>δ</strong></span> <span class='ocrx_word' id='word_1_446' title='bbox 717 2062 836 2093; x_wconf 58' lang='lat' dir='ltr'><strong>Graecis</strong></span> <span class='ocrx_word' id='word_1_447' title='bbox 852 2062 884 2092; x_wconf 91' lang='lat' dir='ltr'><strong>in</strong></span> <span class='ocrx_word' id='word_1_448' title='bbox 898 2069 983 2092; x_wconf 88' lang='lat' dir='ltr'><strong>sacra</strong></span> <span class='ocrx_word' id='word_1_449' title='bbox 1003 2060 1144 2099; x_wconf 84' lang='lat' dir='ltr'><strong>liturgia,</strong></span> <span class='ocrx_word' id='word_1_450' title='bbox 1168 2057 1309 2090; x_wconf 72' lang='lat' dir='ltr'><strong>Paschali</strong></span> <span class='ocrx_word' id='word_1_451' title='bbox 1327 2061 1481 2096; x_wconf 85' lang='lat' dir='ltr'><strong>tempore,</strong></span> <span class='ocrx_word' id='word_1_452' title='bbox 1505 2055 1725 2094; x_wconf 78' lang='lat' dir='ltr'><strong>perleguntur,</strong></span> 
     </span>
    </p>
   </div>
   <div class='ocr_carea' id='block_1_41' title="bbox 97 2104 1727 2155">
    <p class='ocr_par' dir='ltr' id='par_1_41' title="bbox 97 2104 1727 2155">
     <span class='ocr_line' id='line_1_41' title="bbox 97 2104 1727 2155; baseline -0.009 -8"><span class='ocrx_word' id='word_1_453' title='bbox 97 2116 255 2147; x_wconf 85' lang='lat' dir='ltr'><strong>lectiones</strong></span> <span class='ocrx_word' id='word_1_454' title='bbox 270 2115 459 2155; x_wconf 85' lang='lat' dir='ltr'><strong>dispertitus</strong></span> <span class='ocrx_word' id='word_1_455' title='bbox 472 2115 575 2154; x_wconf 89' lang='lat' dir='ltr'><strong>primo</strong></span> <span class='ocrx_word' id='word_1_456' title='bbox 595 2114 797 2147; x_wconf 86' lang='lat' dir='ltr'><strong>exhibeatur.</strong></span> <span class='ocrx_word' id='word_1_457' title='bbox 814 2117 845 2145; x_wconf 86' lang='lat' dir='ltr'><strong>et</strong></span> <span class='ocrx_word' id='word_1_458' title='bbox 866 2120 931 2152; x_wconf 92' lang='lat' dir='ltr'><strong>quo</strong></span> <span class='ocrx_word' id='word_1_459' title='bbox 948 2114 1085 2151; x_wconf 73' lang='lat' dir='ltr'><strong>qumque</strong></span> <span class='ocrx_word' id='word_1_460' title='bbox 1103 2111 1155 2142; x_wconf 90' lang='lat' dir='ltr'><strong>die</strong></span> <span class='ocrx_word' id='word_1_461' title='bbox 1180 2110 1219 2141; x_wconf 88' lang='lat' dir='ltr'><strong>ab</strong></span> <span class='ocrx_word' id='word_1_462' title='bbox 1237 2109 1360 2140; x_wconf 86' lang='lat' dir='ltr'><strong>eisdem</strong></span> <span class='ocrx_word' id='word_1_463' title='bbox 1373 2105 1535 2138; x_wconf 84' lang='lat' dir='ltr'><strong>recitanda</strong></span> <span class='ocrx_word' id='word_1_464' title='bbox 1552 2104 1606 2141; x_wconf 87' lang='lat' dir='ltr'><strong>sit,</strong></span> <span class='ocrx_word' id='word_1_465' title='bbox 1632 2104 1727 2134; x_wconf 87' lang='lat' dir='ltr'><strong>adno.</strong></span> 
     </span>
    </p>
   </div>
   <div class='ocr_carea' id='block_1_42' title="bbox 97 2154 1726 2205">
    <p class='ocr_par' dir='ltr' id='par_1_42' title="bbox 97 2154 1726 2205">
     <span class='ocr_line' id='line_1_42' title="bbox 97 2154 1726 2205; baseline -0.009 -8"><span class='ocrx_word' id='word_1_466' title='bbox 97 2171 183 2197; x_wconf 84' lang='lat' dir='ltr'><strong>tetur</strong></span> <span class='ocrx_word' id='word_1_467' title='bbox 200 2177 209 2202; x_wconf 77' lang='grc' dir='ltr'>ς</span> <span class='ocrx_word' id='word_1_468' title='bbox 224 2174 261 2197; x_wconf 89' lang='lat' dir='ltr'><strong>ac</strong></span> <span class='ocrx_word' id='word_1_469' title='bbox 277 2169 426 2205; x_wconf 63' lang='lat' dir='ltr'><strong>praeterea</strong></span> <span class='ocrx_word' id='word_1_470' title='bbox 443 2164 567 2204; x_wconf 83' lang='lat' dir='ltr'><strong>integer</strong></span> <span class='ocrx_word' id='word_1_471' title='bbox 582 2165 720 2196; x_wconf 78' lang='lat' dir='ltr'><strong>Actuum</strong></span> <span class='ocrx_word' id='word_1_472' title='bbox 737 2163 955 2203; x_wconf 80' lang='lat' dir='ltr'><strong>apostolomm</strong></span> <span class='ocrx_word' id='word_1_473' title='bbox 971 2162 1053 2193; x_wconf 87' lang='lat' dir='ltr'><strong>liber</strong></span> <span class='ocrx_word' id='word_1_474' title='bbox 1075 2169 1140 2193; x_wconf 90' lang='lat' dir='ltr'><strong>non</strong></span> <span class='ocrx_word' id='word_1_475' title='bbox 1155 2161 1189 2192; x_wconf 93' lang='lat' dir='ltr'><strong>in</strong></span> <span class='ocrx_word' id='word_1_476' title='bbox 1211 2164 1282 2191; x_wconf 91' lang='lat' dir='ltr'><strong>octo</strong></span> <span class='ocrx_word' id='word_1_477' title='bbox 1298 2167 1396 2199; x_wconf 89' lang='lat' dir='ltr'><strong>supra</strong></span> <span class='ocrx_word' id='word_1_478' title='bbox 1421 2155 1549 2196; x_wconf 82' lang='lat' dir='ltr'><strong>viginti,</strong></span> <span class='ocrx_word' id='word_1_479' title='bbox 1580 2158 1614 2185; x_wconf 91' lang='lat' dir='ltr'><strong>ut</strong></span> <span class='ocrx_word' id='word_1_480' title='bbox 1643 2154 1726 2205; x_wconf 68' lang='lat' dir='ltr'><strong>apud</strong></span> 
     </span>
    </p>
   </div>
   <div class='ocr_carea' id='block_1_43' title="bbox 97 2203 1729 2256">
    <p class='ocr_par' dir='ltr' id='par_1_43' title="bbox 97 2203 1729 2256">
     <span class='ocr_line' id='line_1_43' title="bbox 97 2203 1729 2256; baseline -0.009 -7"><span class='ocrx_word' id='word_1_481' title='bbox 97 2225 157 2249; x_wconf 90' lang='lat' dir='ltr'><strong>nos</strong></span> <span class='ocrx_word' id='word_1_482' title='bbox 175 2203 370 2256; x_wconf 67' lang='lat' dir='ltr'><strong>Graecosque</strong></span> <span class='ocrx_word' id='word_1_483' title='bbox 398 2216 626 2252; x_wconf 89' lang='lat' dir='ltr'><strong>communiter,</strong></span> <span class='ocrx_word' id='word_1_484' title='bbox 647 2215 705 2246; x_wconf 82' lang='lat' dir='ltr'><strong>sed</strong></span> <span class='ocrx_word' id='word_1_485' title='bbox 727 2215 759 2245; x_wconf 91' lang='lat' dir='ltr'><strong>in</strong></span> <span class='ocrx_word' id='word_1_486' title='bbox 782 2214 991 2254; x_wconf 73' lang='lat' dir='ltr'><strong>quadraginta</strong></span> <span class='ocrx_word' id='word_1_487' title='bbox 1010 2214 1112 2253; x_wconf 85' lang='lat' dir='ltr'><strong>capita</strong></span> <span class='ocrx_word' id='word_1_488' title='bbox 1140 2212 1324 2248; x_wconf 86' lang='lat' dir='ltr'><strong>dividatur;</strong></span> <span class='ocrx_word' id='word_1_489' title='bbox 1350 2210 1410 2241; x_wconf 89' lang='lat' dir='ltr'><strong>hoc</strong></span> <span class='ocrx_word' id='word_1_490' title='bbox 1426 2212 1528 2240; x_wconf 90' lang='lat' dir='ltr'><strong>totum</strong></span> <span class='ocrx_word' id='word_1_491' title='bbox 1552 2207 1622 2256; x_wconf 84' lang='lat' dir='ltr'><strong>ipse</strong></span> <span class='ocrx_word' id='word_1_492' title='bbox 1653 2203 1729 2235; x_wconf 86' lang='lat' dir='ltr'><strong>reti-</strong></span> 
     </span>
    </p>
   </div>
   <div class='ocr_carea' id='block_1_44' title="bbox 98 2255 1729 2306">
    <p class='ocr_par' dir='ltr' id='par_1_44' title="bbox 98 2255 1729 2306">
     <span class='ocr_line' id='line_1_44' title="bbox 98 2255 1729 2306; baseline -0.01 -7"><span class='ocrx_word' id='word_1_493' title='bbox 98 2269 244 2300; x_wconf 88' lang='lat' dir='ltr'><strong>nendum</strong></span> <span class='ocrx_word' id='word_1_494' title='bbox 261 2255 382 2306; x_wconf 79' lang='lat' dir='ltr'><strong>putavi.</strong></span> <span class='ocrx_word' id='word_1_495' title='bbox 402 2268 547 2298; x_wconf 82' lang='lat' dir='ltr'><strong>Attamen</strong></span> <span class='ocrx_word' id='word_1_496' title='bbox 564 2270 598 2298; x_wconf 91' lang='lat' dir='ltr'><strong>ut</strong></span> <span class='ocrx_word' id='word_1_497' title='bbox 613 2265 833 2297; x_wconf 82' lang='lat' dir='ltr'><strong>studiosorum</strong></span> <span class='ocrx_word' id='word_1_498' title='bbox 849 2265 1019 2296; x_wconf 90' lang='lat' dir='ltr'><strong>commodo</strong></span> <span class='ocrx_word' id='word_1_499' title='bbox 1042 2267 1073 2295; x_wconf 86' lang='lat' dir='ltr'><strong>et</strong></span> <span class='ocrx_word' id='word_1_500' title='bbox 1090 2263 1221 2295; x_wconf 90' lang='lat' dir='ltr'><strong>utilitati</strong></span> <span class='ocrx_word' id='word_1_501' title='bbox 1236 2260 1453 2297; x_wconf 83' lang='lat' dir='ltr'><strong>consulerem,</strong></span> <span class='ocrx_word' id='word_1_502' title='bbox 1472 2266 1545 2290; x_wconf 90' lang='lat' dir='ltr'><strong>cum</strong></span> <span class='ocrx_word' id='word_1_503' title='bbox 1557 2257 1596 2288; x_wconf 88' lang='lat' dir='ltr'><strong>ad</strong></span> <span class='ocrx_word' id='word_1_504' title='bbox 1617 2255 1729 2286; x_wconf 81' lang='lat' dir='ltr'><strong>latera-</strong></span> 
     </span>
    </p>
   </div>
   <div class='ocr_carea' id='block_1_45' title="bbox 100 2306 1730 2360">
    <p class='ocr_par' dir='ltr' id='par_1_45' title="bbox 100 2306 1730 2360">
     <span class='ocr_line' id='line_1_45' title="bbox 100 2306 1730 2360; baseline -0.01 -9"><span class='ocrx_word' id='word_1_505' title='bbox 100 2322 164 2352; x_wconf 86' lang='lat' dir='ltr'><strong>lem</strong></span> <span class='ocrx_word' id='word_1_506' title='bbox 181 2320 371 2359; x_wconf 82' lang='lat' dir='ltr'><strong>marginem,</strong></span> <span class='ocrx_word' id='word_1_507' title='bbox 389 2323 456 2351; x_wconf 87' lang='lat' dir='ltr'><strong>tum</strong></span> <span class='ocrx_word' id='word_1_508' title='bbox 471 2320 504 2350; x_wconf 91' lang='lat' dir='ltr'><strong>in</strong></span> <span class='ocrx_word' id='word_1_509' title='bbox 520 2318 624 2350; x_wconf 81' lang='lat' dir='ltr'><strong>fronte</strong></span> <span class='ocrx_word' id='word_1_510' title='bbox 650 2317 839 2357; x_wconf 81' lang='lat' dir='ltr'><strong>paginarum</strong></span> <span class='ocrx_word' id='word_1_511' title='bbox 867 2316 1055 2347; x_wconf 86' lang='lat' dir='ltr'><strong>eorumdem</strong></span> <span class='ocrx_word' id='word_1_512' title='bbox 1071 2315 1212 2355; x_wconf 87' lang='lat' dir='ltr'><strong>capitum</strong></span> <span class='ocrx_word' id='word_1_513' title='bbox 1228 2320 1398 2346; x_wconf 86' lang='lat' dir='ltr'><strong>numerum</strong></span> <span class='ocrx_word' id='word_1_514' title='bbox 1411 2311 1504 2350; x_wconf 90' lang='lat' dir='ltr'><strong>juxta</strong></span> <span class='ocrx_word' id='word_1_515' title='bbox 1523 2307 1616 2360; x_wconf 85' lang='lat' dir='ltr'><strong>nobis</strong></span> <span class='ocrx_word' id='word_1_516' title='bbox 1642 2306 1730 2360; x_wconf 59' lang='lat' dir='ltr'><strong>Crte-</strong></span> 
     </span>
    </p>
   </div>
   <div class='ocr_carea' id='block_1_46' title="bbox 101 2355 1732 2411">
    <p class='ocr_par' dir='ltr' id='par_1_46' title="bbox 101 2355 1732 2411">
     <span class='ocr_line' id='line_1_46' title="bbox 101 2355 1732 2411; baseline -0.012 -8"><span class='ocrx_word' id='word_1_517' title='bbox 101 2372 214 2411; x_wconf 85' lang='lat' dir='ltr'><strong>cisque</strong></span> <span class='ocrx_word' id='word_1_518' title='bbox 231 2355 414 2402; x_wconf 72' lang='lat' dir='ltr'><strong>consuetam</strong></span> <span class='ocrx_word' id='word_1_519' title='bbox 433 2369 638 2410; x_wconf 86' lang='lat' dir='ltr'><strong>partitionem</strong></span> <span class='ocrx_word' id='word_1_520' title='bbox 650 2355 797 2408; x_wconf 62' lang='lat' dir='ltr'><strong>adiunxi.</strong></span> <span class='ocrx_word' id='word_1_521' title='bbox 813 2366 897 2403; x_wconf 82' lang='lat' dir='ltr'><strong>Quia</strong></span> <span class='ocrx_word' id='word_1_522' title='bbox 914 2375 988 2397; x_wconf 94' lang='lat' dir='ltr'><strong>vero</strong></span> <span class='ocrx_word' id='word_1_523' title='bbox 1004 2367 1161 2406; x_wconf 78' lang='lat' dir='ltr'><strong>prtedictm</strong></span> <span class='ocrx_word' id='word_1_524' title='bbox 1175 2364 1331 2396; x_wconf 88' lang='lat' dir='ltr'><strong>lectiones</strong></span> <span class='ocrx_word' id='word_1_525' title='bbox 1347 2370 1410 2392; x_wconf 91' lang='lat' dir='ltr'><strong>non</strong></span> <span class='ocrx_word' id='word_1_526' title='bbox 1429 2367 1511 2411; x_wconf 69' lang='lat' dir='ltr'><strong>sese</strong></span> <span class='ocrx_word' id='word_1_527' title='bbox 1527 2358 1598 2388; x_wconf 90' lang='lat' dir='ltr'><strong>sine</strong></span> <span class='ocrx_word' id='word_1_528' title='bbox 1625 2355 1732 2386; x_wconf 88' lang='lat' dir='ltr'><strong>modio</strong></span> 
     </span>
    </p>
   </div>
   <div class='ocr_carea' id='block_1_47' title="bbox 102 2409 1730 2463">
    <p class='ocr_par' dir='ltr' id='par_1_47' title="bbox 102 2409 1730 2463">
     <span class='ocr_line' id='line_1_47' title="bbox 102 2409 1730 2463; baseline -0.011 -10"><span class='ocrx_word' id='word_1_529' title='bbox 102 2409 283 2462; x_wconf 77' lang='lat' dir='ltr'><strong>excipiunt,</strong></span> <span class='ocrx_word' id='word_1_530' title='bbox 299 2420 355 2452; x_wconf 89' lang='lat' dir='ltr'><strong>sed</strong></span> <span class='ocrx_word' id='word_1_531' title='bbox 370 2419 465 2451; x_wconf 90' lang='lat' dir='ltr'><strong>modo</strong></span> <span class='ocrx_word' id='word_1_532' title='bbox 485 2419 586 2459; x_wconf 86' lang='lat' dir='ltr'><strong>plura.</strong></span> <span class='ocrx_word' id='word_1_533' title='bbox 606 2418 700 2449; x_wconf 91' lang='lat' dir='ltr'><strong>modo</strong></span> <span class='ocrx_word' id='word_1_534' title='bbox 720 2417 881 2457; x_wconf 87' lang='lat' dir='ltr'><strong>pauciora,</strong></span> <span class='ocrx_word' id='word_1_535' title='bbox 904 2425 975 2456; x_wconf 66' lang='lat' dir='ltr'><strong>quas</strong></span> <span class='ocrx_word' id='word_1_536' title='bbox 996 2416 1029 2446; x_wconf 93' lang='lat' dir='ltr'><strong>in</strong></span> <span class='ocrx_word' id='word_1_537' title='bbox 1059 2423 1146 2446; x_wconf 81' lang='lat' dir='ltr'><strong>sacra</strong></span> <span class='ocrx_word' id='word_1_538' title='bbox 1163 2413 1294 2453; x_wconf 89' lang='lat' dir='ltr'><strong>liturgia</strong></span> <span class='ocrx_word' id='word_1_539' title='bbox 1315 2409 1654 2463; x_wconf 36' lang='lat' dir='ltr'><strong>perlegi‘nequaquam</strong></span> <span class='ocrx_word' id='word_1_540' title='bbox 1671 2413 1730 2463; x_wconf 38' lang='lat' dir='ltr'><strong>.so-</strong></span> 
     </span>
    </p>
   </div>
   <div class='ocr_carea' id='block_1_48' title="bbox 103 2457 1728 2513">
    <p class='ocr_par' dir='ltr' id='par_1_48' title="bbox 103 2457 1728 2513">
     <span class='ocr_line' id='line_1_48' title="bbox 103 2457 1728 2513; baseline -0.012 -8"><span class='ocrx_word' id='word_1_541' title='bbox 103 2457 185 2511; x_wconf 50' lang='lat' dir='ltr'><strong>leni,-</strong></span> <span class='ocrx_word' id='word_1_542' title='bbox 200 2457 370 2512; x_wconf 81' lang='lat' dir='ltr'><strong>interjecla</strong></span> <span class='ocrx_word' id='word_1_543' title='bbox 384 2457 562 2502; x_wconf 83' lang='lat' dir='ltr'><strong>identidem</strong></span> <span class='ocrx_word' id='word_1_544' title='bbox 579 2473 668 2507; x_wconf 89' lang='lat' dir='ltr'><strong>sunt,</strong></span> <span class='ocrx_word' id='word_1_545' title='bbox 691 2469 765 2500; x_wconf 90' lang='lat' dir='ltr'><strong>ideo</strong></span> <span class='ocrx_word' id='word_1_546' title='bbox 780 2468 836 2508; x_wconf 86' lang='lat' dir='ltr'><strong>qui</strong></span> <span class='ocrx_word' id='word_1_547' title='bbox 855 2468 1046 2499; x_wconf 86' lang='lat' dir='ltr'><strong>Vaticanum</strong></span> <span class='ocrx_word' id='word_1_548' title='bbox 1060 2466 1205 2498; x_wconf 88' lang='lat' dir='ltr'><strong>codicem</strong></span> <span class='ocrx_word' id='word_1_549' title='bbox 1229 2463 1385 2498; x_wconf 83' lang='lat' dir='ltr'><strong>exaravit,</strong></span> <span class='ocrx_word' id='word_1_550' title='bbox 1410 2460 1448 2491; x_wconf 90' lang='lat' dir='ltr'><strong>ad</strong></span> <span class='ocrx_word' id='word_1_551' title='bbox 1465 2457 1649 2513; x_wconf 79' lang='lat' dir='ltr'><strong>earumdem</strong></span> <span class='ocrx_word' id='word_1_552' title='bbox 1670 2457 1728 2513; x_wconf 70' lang='lat' dir='ltr'><strong>ini-</strong></span> 
     </span>
    </p>
   </div>
   <div class='ocr_carea' id='block_1_49' title="bbox 104 2506 1730 2564">
    <p class='ocr_par' dir='ltr' id='par_1_49' title="bbox 104 2506 1730 2564">
     <span class='ocr_line' id='line_1_49' title="bbox 104 2506 1730 2564; baseline -0.014 -6"><span class='ocrx_word' id='word_1_553' title='bbox 104 2506 184 2558; x_wconf 81' lang='lat' dir='ltr'><strong>tium</strong></span> <span class='ocrx_word' id='word_1_554' title='bbox 199 2506 441 2564; x_wconf 72' lang='lat' dir='ltr'><strong>terminumque</strong></span> <span class='ocrx_word' id='word_1_555' title='bbox 455 2522 727 2559; x_wconf 85' lang='lat' dir='ltr'><strong>iudicandum,in</strong></span> <span class='ocrx_word' id='word_1_556' title='bbox 754 2520 910 2560; x_wconf 85' lang='lat' dir='ltr'><strong>margine,</strong></span> <span class='ocrx_word' id='word_1_557' title='bbox 929 2519 978 2551; x_wconf 90' lang='lat' dir='ltr'><strong>vel</strong></span> <span class='ocrx_word' id='word_1_558' title='bbox 992 2519 1087 2551; x_wconf 88' lang='lat' dir='ltr'><strong>etiam</strong></span> <span class='ocrx_word' id='word_1_559' title='bbox 1115 2518 1200 2549; x_wconf 87' lang='lat' dir='ltr'><strong>intra</strong></span> <span class='ocrx_word' id='word_1_560' title='bbox 1216 2515 1341 2556; x_wconf 72' lang='lat' dir='ltr'><strong>paginas</strong></span> <span class='ocrx_word' id='word_1_561' title='bbox 1354 2519 1472 2551; x_wconf 85' lang='lat' dir='ltr'><strong>corpus</strong></span> <span class='ocrx_word' id='word_1_562' title='bbox 1493 2508 1644 2564; x_wconf 86' lang='lat' dir='ltr'><strong>apposuit</strong></span> <span class='ocrx_word' id='word_1_563' title='bbox 1675 2506 1730 2564; x_wconf 80' lang='lat' dir='ltr'><strong>has</strong></span> 
     </span>
    </p>
   </div>
   <div class='ocr_carea' id='block_1_50' title="bbox 105 2562 847 2620">
    <p class='ocr_par' dir='ltr' id='par_1_50' title="bbox 105 2562 836 2614">
     <span class='ocr_line' id='line_1_50' title="bbox 105 2562 836 2614; baseline -0.008 -4"><span class='ocrx_word' id='word_1_564' title='bbox 105 2587 200 2610; x_wconf 87' lang='lat' dir='ltr'><strong>voces</strong></span> <span class='ocrx_word' id='word_1_565' title='bbox 217 2589 225 2609; x_wconf 90' lang='lat'><strong>:</strong></span> <span class='ocrx_word' id='word_1_566' title='bbox 246 2576 332 2614; x_wconf 79' lang='grc' dir='ltr'><strong>ἀρχὴ,</strong></span> <span class='ocrx_word' id='word_1_567' title='bbox 344 2562 483 2613; x_wconf 57' lang='lat' dir='ltr'><strong>initium,</strong></span> <span class='ocrx_word' id='word_1_568' title='bbox 499 2576 585 2612; x_wconf 73' lang='grc' dir='ltr'><strong>τέλος,</strong></span> <span class='ocrx_word' id='word_1_569' title='bbox 602 2575 686 2614; x_wconf 73' lang='lat' dir='ltr'><strong>ﬁnis.</strong></span> <span class='ocrx_word' id='word_1_570' title='bbox 709 2573 746 2604; x_wconf 85' lang='lat' dir='ltr'><strong>Et</strong></span> <span class='ocrx_word' id='word_1_571' title='bbox 761 2573 836 2613; x_wconf 84' lang='lat' dir='ltr'><strong>quia</strong></span> 
     </span>
    </p>
   </div>
   <div class='ocr_carea' id='block_1_51' title="bbox 988 2562 1730 2620">
    <p class='ocr_par' dir='ltr' id='par_1_51' title="bbox 992 2562 1730 2607">
     <span class='ocr_line' id='line_1_51' title="bbox 992 2562 1730 2607; baseline -0.019 -4"><span class='ocrx_word' id='word_1_572' title='bbox 992 2576 1049 2602; x_wconf 65' lang='lat' dir='ltr'><strong>sta;</strong></span> <span class='ocrx_word' id='word_1_573' title='bbox 1074 2570 1242 2606; x_wconf 90' lang='lat' dir='ltr'><strong>lectiones,</strong></span> <span class='ocrx_word' id='word_1_574' title='bbox 1258 2563 1530 2607; x_wconf 82' lang='lat' dir='ltr'><strong>quemadmodum</strong></span> <span class='ocrx_word' id='word_1_575' title='bbox 1555 2562 1587 2592; x_wconf 92' lang='lat' dir='ltr'><strong>in</strong></span> <span class='ocrx_word' id='word_1_576' title='bbox 1612 2563 1730 2594; x_wconf 78' lang='lat' dir='ltr'><strong>nostra,</strong></span> 
     </span>
    </p>
   </div>
   <div class='ocr_carea' id='block_1_52' title="bbox 106 2613 848 2668">
    <p class='ocr_par' dir='ltr' id='par_1_52' title="bbox 106 2626 848 2668">
     <span class='ocr_line' id='line_1_52' title="bbox 106 2626 848 2668; baseline -0.007 -7"><span class='ocrx_word' id='word_1_577' title='bbox 106 2631 149 2668; x_wconf 77' lang='lat' dir='ltr'><strong>ita</strong></span> <span class='ocrx_word' id='word_1_578' title='bbox 168 2630 202 2661; x_wconf 91' lang='lat' dir='ltr'><strong>in</strong></span> <span class='ocrx_word' id='word_1_579' title='bbox 217 2630 403 2661; x_wconf 74' lang='lat' dir='ltr'><strong>Graacorum</strong></span> <span class='ocrx_word' id='word_1_580' title='bbox 416 2627 547 2667; x_wconf 83' lang='lat' dir='ltr'><strong>liturgia</strong></span> <span class='ocrx_word' id='word_1_581' title='bbox 565 2627 728 2666; x_wconf 85' lang='lat' dir='ltr'><strong>incipiunt</strong></span> <span class='ocrx_word' id='word_1_582' title='bbox 757 2626 807 2657; x_wconf 85' lang='lat' dir='ltr'><strong>his</strong></span> <span class='ocrx_word' id='word_1_583' title='bbox 825 2636 848 2656; x_wconf 37' lang='lat' dir='ltr'><strong>vi</strong></span> 
     </span>
    </p>
   </div>
   <div class='ocr_carea' id='block_1_53' title="bbox 990 2613 1732 2668">
    <p class='ocr_par' dir='ltr' id='par_1_53' title="bbox 990 2613 1732 2658">
     <span class='ocr_line' id='line_1_53' title="bbox 990 2613 1732 2658; baseline -0.023 0"><span class='ocrx_word' id='word_1_584' title='bbox 990 2627 1033 2653; x_wconf 85' lang='lat' dir='ltr'><strong>&#39;Ev</strong></span> <span class='ocrx_word' id='word_1_585' title='bbox 1047 2625 1165 2655; x_wconf 77' lang='grc' dir='ltr'><strong>ἐκείναις</strong></span> <span class='ocrx_word' id='word_1_586' title='bbox 1183 2623 1313 2658; x_wconf 69' lang='grc' dir='ltr'><strong>ἡμέραις,</strong></span> <span class='ocrx_word' id='word_1_587' title='bbox 1349 2619 1388 2649; x_wconf 82' lang='grc' dir='ltr'><strong>1η</strong></span> <span class='ocrx_word' id='word_1_588' title='bbox 1406 2616 1512 2647; x_wconf 75' lang='lat' dir='ltr'><strong>diebus</strong></span> <span class='ocrx_word' id='word_1_589' title='bbox 1543 2613 1628 2647; x_wconf 80' lang='lat' dir='ltr'><strong>illis;</strong></span> <span class='ocrx_word' id='word_1_590' title='bbox 1649 2620 1732 2650; x_wconf 73' lang='lat' dir='ltr'><strong>smpe</strong></span> 
     </span>
    </p>
   </div>
   <div class='ocr_carea' id='block_1_54' title="bbox 108 2665 1733 2721">
    <p class='ocr_par' dir='ltr' id='par_1_54' title="bbox 108 2665 1733 2721">
     <span class='ocr_line' id='line_1_54' title="bbox 108 2665 1733 2721; baseline -0.012 -9"><span class='ocrx_word' id='word_1_591' title='bbox 108 2665 200 2713; x_wconf 82' lang='lat' dir='ltr'><strong>etiam</strong></span> <span class='ocrx_word' id='word_1_592' title='bbox 213 2680 323 2720; x_wconf 83' lang='lat' dir='ltr'><strong>aliqua</strong></span> <span class='ocrx_word' id='word_1_593' title='bbox 339 2679 433 2710; x_wconf 83' lang='lat' dir='ltr'><strong>verba</strong></span> <span class='ocrx_word' id='word_1_594' title='bbox 447 2679 486 2710; x_wconf 88' lang='lat' dir='ltr'><strong>ad</strong></span> <span class='ocrx_word' id='word_1_595' title='bbox 498 2665 664 2710; x_wconf 79' lang='lat' dir='ltr'><strong>clariorem</strong></span> <span class='ocrx_word' id='word_1_596' title='bbox 693 2685 809 2708; x_wconf 91' lang='lat' dir='ltr'><strong>sensus</strong></span> <span class='ocrx_word' id='word_1_597' title='bbox 826 2676 1067 2707; x_wconf 82' lang='lat' dir='ltr'><strong>inchoationem</strong></span> <span class='ocrx_word' id='word_1_598' title='bbox 1089 2672 1252 2703; x_wconf 87' lang='lat' dir='ltr'><strong>adduntur</strong></span> <span class='ocrx_word' id='word_1_599' title='bbox 1278 2670 1323 2702; x_wconf 84' lang='lat' dir='ltr'><strong>vel</strong></span> <span class='ocrx_word' id='word_1_600' title='bbox 1337 2672 1545 2708; x_wconf 84' lang='lat' dir='ltr'><strong>repetuntur:</strong></span> <span class='ocrx_word' id='word_1_601' title='bbox 1570 2665 1634 2721; x_wconf 59' lang='lat' dir='ltr'><strong>huic</strong></span> <span class='ocrx_word' id='word_1_602' title='bbox 1650 2672 1733 2721; x_wconf 85' lang='lat' dir='ltr'><strong>quo-</strong></span> 
     </span>
    </p>
   </div>
   <div class='ocr_carea' id='block_1_55' title="bbox 107 2715 1734 2773">
    <p class='ocr_par' dir='ltr' id='par_1_55' title="bbox 107 2715 1734 2773">
     <span class='ocr_line' id='line_1_55' title="bbox 107 2715 1734 2773; baseline -0.012 -9"><span class='ocrx_word' id='word_1_603' title='bbox 107 2742 170 2773; x_wconf 76' lang='lat' dir='ltr'><strong>que</strong></span> <span class='ocrx_word' id='word_1_604' title='bbox 186 2715 339 2763; x_wconf 74' lang='lat' dir='ltr'><strong>librai&#39;ius</strong></span> <span class='ocrx_word' id='word_1_605' title='bbox 363 2741 380 2762; x_wconf 88' lang='lat' dir='ltr'><strong>e</strong></span> <span class='ocrx_word' id='word_1_606' title='bbox 406 2731 539 2770; x_wconf 86' lang='lat' dir='ltr'><strong>regione</strong></span> <span class='ocrx_word' id='word_1_607' title='bbox 560 2730 710 2770; x_wconf 89' lang='lat' dir='ltr'><strong>ascripsit</strong></span> <span class='ocrx_word' id='word_1_608' title='bbox 738 2729 770 2760; x_wconf 93' lang='lat' dir='ltr'><strong>in</strong></span> <span class='ocrx_word' id='word_1_609' title='bbox 792 2728 947 2768; x_wconf 79' lang='lat' dir='ltr'><strong>margine.</strong></span> <span class='ocrx_word' id='word_1_610' title='bbox 971 2728 1090 2757; x_wconf 78' lang='lat' dir='ltr'><strong>Verum</strong></span> <span class='ocrx_word' id='word_1_611' title='bbox 1115 2733 1188 2755; x_wconf 91' lang='lat' dir='ltr'><strong>cum</strong></span> <span class='ocrx_word' id='word_1_612' title='bbox 1214 2723 1280 2753; x_wconf 69' lang='lat' dir='ltr'><strong>haec</strong></span> <span class='ocrx_word' id='word_1_613' title='bbox 1295 2722 1403 2752; x_wconf 88' lang='lat' dir='ltr'><strong>minus</strong></span> <span class='ocrx_word' id='word_1_614' title='bbox 1425 2716 1603 2773; x_wconf 79' lang='lat' dir='ltr'><strong>necessaria</strong></span> <span class='ocrx_word' id='word_1_615' title='bbox 1618 2715 1734 2752; x_wconf 85' lang='lat' dir='ltr'><strong>forent,</strong></span> 
     </span>
    </p>
   </div>
   <div class='ocr_carea' id='block_1_56' title="bbox 107 2769 1735 2827">
    <p class='ocr_par' dir='ltr' id='par_1_56' title="bbox 107 2769 1735 2827">
     <span class='ocr_line' id='line_1_56' title="bbox 107 2769 1735 2827; baseline -0.012 -11"><span class='ocrx_word' id='word_1_616' title='bbox 107 2769 172 2816; x_wconf 60' lang='lat' dir='ltr'><strong>imo</strong></span> <span class='ocrx_word' id='word_1_617' title='bbox 187 2784 330 2825; x_wconf 85' lang='lat' dir='ltr'><strong>aliquam</strong></span> <span class='ocrx_word' id='word_1_618' title='bbox 343 2769 456 2822; x_wconf 30' lang='lat' dir='ltr'><strong>parere&quot;</strong></span> <span class='ocrx_word' id='word_1_619' title='bbox 470 2782 692 2814; x_wconf 81' lang='lat' dir='ltr'><strong>confusionem</strong></span> <span class='ocrx_word' id='word_1_620' title='bbox 725 2781 897 2812; x_wconf 86' lang='lat' dir='ltr'><strong>lectoribus</strong></span> <span class='ocrx_word' id='word_1_621' title='bbox 918 2781 1059 2819; x_wconf 87' lang='lat' dir='ltr'><strong>possent,</strong></span> <span class='ocrx_word' id='word_1_622' title='bbox 1073 2785 1112 2808; x_wconf 89' lang='lat' dir='ltr'><strong>ex</strong></span> <span class='ocrx_word' id='word_1_623' title='bbox 1125 2775 1188 2807; x_wconf 86' lang='lat' dir='ltr'><strong>alia</strong></span> <span class='ocrx_word' id='word_1_624' title='bbox 1205 2782 1279 2806; x_wconf 90' lang='lat' dir='ltr'><strong>vero</strong></span> <span class='ocrx_word' id='word_1_625' title='bbox 1297 2779 1382 2812; x_wconf 81' lang='lat' dir='ltr'><strong>parte</strong></span> <span class='ocrx_word' id='word_1_626' title='bbox 1406 2779 1469 2802; x_wconf 93' lang='lat' dir='ltr'><strong>non</strong></span> <span class='ocrx_word' id='word_1_627' title='bbox 1481 2769 1559 2801; x_wconf 87' lang='lat' dir='ltr'><strong>satis</strong></span> <span class='ocrx_word' id='word_1_628' title='bbox 1574 2771 1735 2827; x_wconf 40' lang='lat' dir='ltr'><strong>laccurate</strong></span> 
     </span>
    </p>
   </div>
   <div class='ocr_carea' id='block_1_57' title="bbox 108 2821 1736 2874">
    <p class='ocr_par' dir='ltr' id='par_1_57' title="bbox 108 2821 1736 2874">
     <span class='ocr_line' id='line_1_57' title="bbox 108 2821 1736 2874; baseline -0.003 -7"><span class='ocrx_word' id='word_1_629' title='bbox 108 2821 255 2867; x_wconf 71' lang='lat' dir='ltr'><strong>adnotata</strong></span> <span class='ocrx_word' id='word_1_630' title='bbox 284 2821 491 2874; x_wconf 83' lang='lat' dir='ltr'><strong>reperissem,</strong></span> <span class='ocrx_word' id='word_1_631' title='bbox 518 2834 618 2866; x_wconf 86' lang='lat' dir='ltr'><strong>satius</strong></span> <span class='ocrx_word' id='word_1_632' title='bbox 639 2834 715 2866; x_wconf 80' lang='lat' dir='ltr'><strong>duxi</strong></span> <span class='ocrx_word' id='word_1_633' title='bbox 736 2843 772 2865; x_wconf 78' lang='lat' dir='ltr'><strong>ea</strong></span> <span class='ocrx_word' id='word_1_634' title='bbox 801 2841 931 2871; x_wconf 81' lang='lat' dir='ltr'><strong>prorsus</strong></span> <span class='ocrx_word' id='word_1_635' title='bbox 949 2831 1119 2864; x_wconf 87' lang='lat' dir='ltr'><strong>omittere:</strong></span> <span class='ocrx_word' id='word_1_636' title='bbox 1153 2827 1339 2867; x_wconf 59' lang='lat' dir='ltr'><strong>praesertim,</strong></span> <span class='ocrx_word' id='word_1_637' title='bbox 1357 2833 1429 2856; x_wconf 72' lang='lat' dir='ltr'><strong>cum</strong></span> <span class='ocrx_word' id='word_1_638' title='bbox 1446 2832 1485 2855; x_wconf 69' lang='grc' dir='ltr'><strong>θι</strong></span> <span class='ocrx_word' id='word_1_639' title='bbox 1516 2821 1736 2854; x_wconf 65' lang='grc' dir='ltr'><strong>εοο¹θδίαδιίυο</strong></span> 
     </span>
    </p>
   </div>
  </div>
