1880 3055
176 98 232 131 415
702 102 896 134 BONlF-ACII
922 105 1074 136 FINET’l‘i
1095 107 1290 138 PREFATIO
1760 111 1820 143 416

177 154 359 186 Grmcorum
381 154 474 191 libro,
491 155 547 194 qui
563 154 734 195 Apostolus
753 158 849 198 vulgo
867 159 998 198 dicitur,
1014 163 1156 202 quisque
1177 162 1273 194 facile
1296 164 1414 195 rescire
1430 165 1544 203 possit,
1559 166 1638 205 quid
1656 175 1674 196 a
1693 169 1820 198 Graecis

177 214 216 236 ex
233 206 364 236 Actibus
375 205 559 244 apostolicis
576 207 695 246 perlegi
715 208 748 239 in
764 217 852 241 sacra
864 210 994 252 liturgia
1012 213 1126 247 soleat.
1144 222 1179 244 ac
1192 223 1256 253 quo
1269 216 1371 253 capite
1387 223 1490 253 quove
1504 216 1619 254 capitis
1636 226 1730 248 versu
1745 219 1822 247 sin-

175 257 261 298 gulae
279 257 341 288 illm
358 257 511 288 lectiones
527 261 582 289 aut
596 258 750 298 incipiant
765 265 820 292 aut
835 262 993 294 desinant.
1012 265 1072 295 Sed
1090 265 1141 296 hic
1151 270 1322 304 antequam
1341 266 1423 297 ultra
1439 268 1645 306 progredior,
1662 269 1819 300 animad-

177 311 302 338 vertere
325 311 451 356 praastat
472 317 542 348 pag.
568 310 628 340 216
644 311 795 342 mendum
813 311 984 352 irrepsisse
1013 315 1046 345 in
1063 314 1260 354 designanda
1290 316 1468 353 Dominica,
1483 318 1522 348 ad
1547 326 1643 356 quam
1670 319 1820 356 pertinet

179 355 372 405 lectio,7quae
386 355 428 386 ibi
449 357 620 396 sequitur:
640 368 712 390 nam
733 369 790 399 pro
811 362 977 393 Dominico
996 363 1133 394 secunda
1146 370 1219 404 post
1237 364 1370 402 Pascha,
1390 355 1634 405 legendumest,
1647 355 1821 398 Dominicis

177 404 310 434 secunda
326 405 454 436 Pascha?
469 406 524 447 (ιι).
542 408 713 446 Caeterum,
729 411 844 448 posito,
867 415 901 442 ut
917 412 1073 449 diximus,
1095 414 1266 453 Scriptura;
1287 419 1391 452 testu,
1407 416 1556 454 sequitur
1574 415 1607 446 in
1619 416 1733 446 codice
1751 424 1820 446 no—

176 461 241 508 stro
257 457 526 496 Commentarius,
542 459 637 499 isque
655 462 703 492 vel
724 465 858 494 omnino
872 463 976 501 solus,
992 464 1052 496 hoc
1064 470 1123 501 est,
1157 475 1290 505 prorsus
1313 467 1445 498 omissis
1466 472 1572 499 textus
1603 467 1727 503 verbis,
1763 468 1819 497 vel

177 505 217 534 iis
234 507 455 538 tantummodo
471 510 685 548 compellatis,
701 521 774 551 qum
788 514 1036 552 respondentem
1058 515 1207 546 inchoant
1231 525 1369 546 versum.
1391 517 1458 547 Hoc
1480 525 1553 547 cum
1571 517 1817 547 incommodum

178 553 290 585 lectori
306 555 451 588 futurum
471 559 774 599 animadverterem,
787 565 873 602 quod
888 564 963 594 hinc
975 565 1202 597 Commentarii
1219 575 1335 597 sensus
1357 567 1526 598 obscurior
1546 566 1710 598 interdum
1733 567 1817 597 reti-

178 607 319 644 deretur,
338 617 397 648 ego
411 611 460 641 sin
480 619 618 650 semper,
637 613 824 653 frequenter
838 619 955 652 tamen,
975 616 1090 647 intacto
1126 618 1256 657 quidem
1282 620 1390 650 Grteco
1413 623 1514 653 textu,
1530 619 1562 649 in
1581 619 1731 649 versione
1757 620 1819 649 [.a-

179 656 245 687 tina
261 659 423 696 paucailla
435 660 609 699 Scriptura:
624 662 718 694 verba
742 663 865 701 addidi,
889 673 962 704 qua)
993 667 1030 695 ad
1045 656 1221 698 faciliorem
1242 667 1468 699 Commentarii
1486 668 1733 706 intelligentiam
1752 676 1816 697 ne—

179 709 318 741 cessaria
333 711 535 743 videbantur.
555 714 792 753 Nonnunquam
814 715 910 746 etiam
927 724 1022 746 unam
1038 716 1085 747 vel
1103 717 1234 748 alteram
1253 718 1452 757 particulam,
1472 718 1521 749 vel
1542 718 1699 753 vorulam,
1713 727 1818 757 quam

183 765 287 792 textus
303 763 431 793 Grmcus
452 772 515 794 non
538 764 679 800 haberet.
707 766 844 804 inserui,
872 775 939 807 quo
959 768 1157 798 commodior
1175 769 1214 799 de
1239 777 1300 799 una
1320 770 1357 799 ad
1371 769 1501 800 alteram
1525 769 1820 800 commentationis

182 817 302 853 partem
322 815 472 846 transitus
488 816 585 847 tieret.
605 818 641 847 Et
663 817 730 849 hinc
745 819 877 858 quidem
893 819 932 850 de
951 819 1047 850 hocce
1085 821 1336 854 Commentario.
1368 830 1505 860 meoque
1527 821 1558 850 in
1583 820 1820 850 illumlahore.

221 867 306 898 VIII.
326 868 487 907 Perpauca
502 877 588 900 nunc
613 870 651 900 de
679 871 834 902 Vaticano
847 872 970 906 codice.
988 872 1020 901 in
1040 880 1105 910 quo
1139 872 1192 901 illc
1216 872 1412 908 continetur,
1426 872 1560 903 dicenda
1589 874 1730 901 manent.
1757 870 1824 899 Co-

183 915 245 947 dex
263 916 330 954 ille,
358 922 392 949 ut
407 919 503 958 £ipse,
524 920 579 959 qui
595 920 868 951 Commentariuiu
894 922 1075 960 descripsit.
1095 923 1263 953 certiorem
1280 931 1330 953 me
1344 923 1431 958 fecit,
1449 923 1533 952 inter
1563 922 1734 951 Vaticanos
1769 923 1824 948 est

183 968 296 1000 ordine
316 971 573 1002 sexcentesimus
589 972 882 1011 quinquagesimus
902 973 1079 1009 secundus,
1099 973 1131 1004 in
1144 974 1222 1005 folio
1239 976 1376 1011 minore,
1401 974 1579 1005 initialibus
1598 973 1714 1003 litteris
1731 970 1825 1009 opti-

183 1027 235 1050 me
254 1019 395 1058 ﬁguratis
414 1024 444 1050 et
465 1020 559 1058 pictis
575 1024 719 1051 ornatus.
746 1023 823 1052 Nota
853 1022 1017 1060 temporis,
1034 1031 1099 1062 quo
1118 1024 1257 1062 scriptus
1268 1024 1341 1059 fuit,
1355 1031 1461 1059 caret;
1478 1024 1533 1054 sed
1549 1024 1676 1054 decimo
1699 1024 1822 1060 quarto

182 1069 309 1100 circiter
339 1070 458 1102 saeculo
477 1074 623 1102 exoratus
649 1079 688 1102 ex
718 1071 910 1102 characteris
939 1071 1062 1103 ratione
1087 1073 1270 1111 conjicitur.
1295 1075 1412 1104 Prmter
1439 1072 1676 1109 alia,'continet
1709 1071 1823 1109 primo

182 1121 467 1158 Commentarium,
489 1130 586 1161 quem
599 1122 741 1158 edimus,
753 1123 786 1153 in
808 1125 879 1154 Acta
894 1124 1114 1163 apostolorum
1132 1135 1140 1154 :
1157 1125 1210 1155 cui
1226 1126 1428 1164 prmzuittitur
1445 1125 1543 1155 Index
1563 1124 1702 1162 capitum
1721 1123 1822 1152 istius

184 1171 269 1209 libri,
282 1173 419 1212 ejusque
436 1175 682 1212 Argumentum,
699 1175 881 1214 cujusmodi
908 1180 1044 1212 exstant,
1074 1176 1129 1208 ille
1146 1176 1279 1215 quidem
1304 1181 1378 1206 ante
1413 1175 1627 1210 Silanianum,
1659 1173 1720 1203 hoc
1745 1177 1821 1204 ante

183 1222 463 1254 OEcumenianum
482 1224 766 1255 Commentarium.
796 1224 934 1255 Exhibet
951 1229 1102 1264 prieterca
1118 1226 1394 1264 Peregrinationes
1412 1225 1517 1260 Pauli,
1539 1228 1634 1262 prout
1650 1223 1681 1253 in
1699 1223 1823 1253 Miltia-

184 1280 224 1304 na
238 1272 316 1304 Novi
342 1273 536 1304 Testamenti
554 1274 710 1310 editione,
729 1275 857 1312 etat'ud
875 1276 1113 1306 OEcumenium
1136 1275 1314 1310 habentur;
1347 1274 1406 1305 hoc
1430 1278 1478 1305 est
1495 1275 1590 1312 paulo
1605 1273 1700 1303 aliter
1728 1281 1766 1302 ae
1789 1272 1820 1301 in

184 1323 280 1355 Silani
302 1323 445 1355 editione
466 1323 629 1363 leguntur,
651 1328 682 1356 et
706 1333 723 1355 a
743 1324 835 1356 nobis
859 1325 910 1355 hic
931 1329 1001 1363 post
1030 1326 1131 1364 ipsius
1152 1326 1249 1355 Silani
1278 1325 1437 1364 Epistolas
1466 1329 1496 1355 et
1520 1323 1717 1363 bypothesin
1744 1322 1822 1352 libri

185 1370 323 1404 Actuum
339 1372 546 1412 proferuntur
561 1372 613 1412 (ὁ).

885 1447 1027 1478 SECTIO
1044 1449 1100 1479 ill.

640 1521 682 1551 De
698 1520 927 1551 Commentario
944 1521 977 1551 in
996 1521 1157 1559 Epistolas
1171 1521 1361 1553 Calholiras.

226 1596 283 1626 IX.
302 1595 362 1626 Diu
379 1595 582 1634 multumque
597 1594 636 1625 ab
661 1595 757 1635 hujus
780 1594 932 1625 editionis
951 1595 1151 1625 curatoribus
1176 1595 1352 1625 laboratum
1378 1598 1440 1631 est,
1459 1593 1648 1633 priusquam
1664 1592 1706 1620 dc
1723 1590 1825 1620 itOH'e

187 1646 422 1681 Commentario
439 1646 613 1677 omittendo
632 1647 664 1677 in
684 1647 786 1678 lucem
810 1647 1034 1684 decernerent,
1061 1651 1116 1678 aut
1131 1647 1304 1678 decernere
1321 1656 1355 1678 se
1374 1647 1449 1686 jure
1466 1655 1559 1686 posse
1572 1645 1821 1676 arbitrarentur.

189 1696 326 1728 Polliciti
355 1697 488 1737 quidem
512 1697 561 1728 illi
594 1701 695 1736 erant,
717 1707 790 1729 sese
813 1698 896 1729 inter
911 1703 1024 1730 caetera
1053 1699 1150 1730 etiam
1175 1699 1333 1730 ineditum
1360 1698 1628 1738 Thcophylacliin
1653 1696 1824 1737 Epistolas

188 1749 367 1780 Catholicas
384 1750 654 1781 Commentarium
684 1759 756 1782 esse
778 1751 909 1782 daturos
932 1759 940 1781 :
969 1751 1069 1792 idque
1085 1751 1161 1790 jure
1175 1751 1298 1790 Optimo
1316 1751 1463 1790 polliceri
1488 1754 1644 1790 poterant.
1663 1759 1738 1781 cum
1752 1749 1820 1788 jam

191 1800 391 1839 possiderent
409 1802 552 1833 Grtecum
569 1801 839 1833 Commentarium
856 1811 896 1833 ex
911 1802 1021 1834 codice
1043 1801 1262 1833 celeberrimae
1275 1801 1477 1833 bibliothecas
1494 1800 1826 1832 Caesareo-Vindobo-

189 1850 302 1881 nensis
321 1844 529 1890 descriptum,
545 1858 641 1891 quem
661 1851 708 1883 Cl.
727 1852 914 1884 Lambecius
930 1852 962 1882 in
980 1851 1224 1883 Comment-ariis
1236 1844 1381 1891 ejusdem
1399 1851 1603 1882 bibliotheca)
1618 1851 1656 1882 ad
1673 1850 1822 1881 codicem

188 1901 261 1938 220,
280 1902 551 1940 quemadmodum
577 1902 672 1933 etiam
690 1902 856 1933 Nesselius
875 1902 1021 1942 ejusdem
1047 1901 1248 1933 abbreviator
1275 1901 1317 1932 ita
1343 1900 1582 1941 Theophylacto
1603 1901 1767 1938 tribuunt,
1790 1906 1823 1932 ut

191 1953 314 1985 nullam
335 1954 374 1985 de
397 1955 539 1993 genuino
561 1954 632 1994 ejus
655 1958 784 1986 auctore
802 1954 1196 1994 ingerantsuspicionem,
1218 1952 1403 1993 nullamque
1425 1953 1744 1984 cuilibetdubitandi
1763 1964 1822 1985 an-

191 2013 257 2036 sam
273 2004 492 2045 suppeditent.
512 2006 644 2040 Verum,
663 2014 735 2036 cum
749 2005 828 2035 illud
842 2005 1061 2044 apographum
1077 2004 1246 2036 Latinitate
1261 2004 1444 2035 donandum
1458 2003 1534 2034 mihi
1550 2003 1703 2034 traditum
1721 2009 1822 2039 esset.

192 2057 342 2088 versione
361 2057 414 2087 vix
429 2056 588 2092 inchoata,
604 2056 644 2087 de
662 2055 763 2095 ipsius
772 2055 1005 2095 auctore-haud
1019 2055 1138 2095 exigua
1156 2053 1234 2085 mihi
1253 2058 1301 2085 est
1316 2053 1425 2085 oberta
1438 2054 1582 2094 suspicio
1600 2064 1607 2084 :
1629 2057 1822 2094 tantumque

192 2117 229 2139 ea
247 2115 418 2148 progressu
446 2107 609 2138 versionis
625 2105 777 2143 excrevit,
797 2110 830 2136 ut
851 2106 960 2145 paucis
980 2106 1067 2137 foliis
1084 2107 1194 2137 Latine
1209 2105 1354 2142 redditis,
1372 2105 1404 2136 i'n
1423 2113 1491 2136 eam
1508 2106 1701 2136 sententiam
1719 2108 1821 2138 deve-

194 2159 309 2195 nerim,
337 2158 608 2189 Commentarium
635 2156 724 2187 illum
754 2157 806 2187 vix
825 2165 860 2187 ac
887 2165 925 2187 ne
950 2157 1003 2187 vix
1031 2157 1163 2197 quidem
1184 2164 1257 2186 esse
1280 2155 1519 2195 Thcophylacto
1546 2156 1821 2195 adjudicandum;

195 2211 276 2239 adeo
291 2207 330 2238 ab
352 2207 424 2246 ejus
440 2207 536 2246 genio
552 2210 647 2245 atque
665 2215 681 2237 a
700 2215 770 2237 vera
789 2210 1008 2246 consuetaque
1032 2205 1268 2237 commentandi
1288 2206 1412 2236 ratione
1431 2205 1511 2236 mihi
1529 2206 1618 2237 visus
1636 2211 1684 2237 est
1706 2207 1823 2239 abhor-

197 2268 279 2291 rere.
296 2258 524 2289 Verumtamen
540 2266 579 2288 ne
602 2257 729 2296 penitus
746 2257 892 2296 Opinioni
912 2257 987 2287 huic
1001 2256 1208 2292 adhaererem,
1224 2257 1258 2286 in
1274 2263 1368 2286 causa
1386 2260 1453 2287 erat
1469 2256 1635 2287 inaudisse
1653 2265 1716 2293 me,
1733 2259 1823 2288 endi-

196 2317 276 2344 cem.
304 2316 343 2338 ex
370 2315 436 2347 quo
464 2307 690 2347 depromptum
717 2306 820 2337 fuerat
846 2305 1076 2345 apographum,
1099 2309 1257 2336 vetustate
1273 2314 1403 2345 usuque
1422 2306 1502 2337 adeo
1518 2307 1662 2337 attritum
1685 2315 1773 2344 esse,
1789 2317 1823 2338 ac

196 2359 377 2401 perdifficili
403 2359 498 2390 etiam
528 2358 707 2390 charactere
723 2363 899 2395 exaratum,
924 2362 958 2389 ut
981 2365 999 2388 α
1024 2357 1222 2396 peritissimo
1238 2365 1370 2397 quoque
1397 2356 1449 2388 vix
1466 2357 1537 2397 legi.
1555 2357 1680 2397 integre
1699 2363 1821 2396 posset.

196 2410 411 2448 Quamobrem
421 2408 581 2449 quidquid
597 2409 628 2439 in
644 2417 683 2439 eo
695 2409 863 2439 dissonum
881 2407 1055 2446 minusque
1070 2411 1320 2438 consentaneum
1337 2412 1528 2445 occurreret,
1541 2408 1572 2438 id
1590 2409 1622 2439 in
1641 2415 1820 2439 amanuen-

197 2461 243 2492 sis
256 2459 452 2498 imperitiam
469 2459 516 2491 vel
533 2458 752 2490 infidelitatem
773 2457 900 2488 refundi
918 2465 1011 2496 posse
1025 2456 1212 2488 arbitrabar.
1229 2457 1266 2486 Ut
1285 2456 1373 2487 hunc
1389 2457 1468 2488 mihi
1490 2457 1680 2496 scrupulum
1696 2458 1821 2488 exime-

199 2519 281 2547 rem,
296 2509 404 2546 abiis,
419 2518 556 2550 quorum
572 2509 736 2546 intererat,
753 2508 930 2546 impetravi,
949 2512 982 2539 ut
993 2507 1103 2538 saltem
1119 2516 1215 2547 pauca
1230 2506 1305 2537 folia
1320 2507 1360 2538 ob
1369 2507 1478 2547 aliquo
1491 2508 1686 2547 peritissimo
1696 2509 1767 2539 viro
1783 2517 1820 2538 ex

199 2559 313 2591 eodem
328 2559 437 2591 codice
454 2559 563 2590 denuo
573 2559 784 2590 exscribenda
802 2562 962 2589 curarent.
980 2558 1074 2595 Quod
1101 2565 1157 2596 pro
1175 2558 1296 2589 eximio
1320 2566 1380 2589 suo
1396 2558 1428 2589 in
1452 2567 1558 2589 sacras
1575 2558 1695 2589 litteras
1713 2558 1821 2588 studio

195 2615 347 2650 praestare.
365 2611 466 2642 voluit
482 2611 531 2642 vir
547 2610 746 2642 clarissimus
762 2614 792 2640 et
810 2609 994 2648 linguarum
1016 2608 1221 2640 orientalium
1236 2608 1453 2646 peritissimus
1472 2609 1614 2640 Adamus
1631 2608 1820 2640 Franciscus

235 2705 273 2741 (α)
290 2705 327 2732 Ea
345 2704 449 2741 scilicet
475 2712 536 2739 qum
560 2711 575 2731 a
604 2703 694 2741 nobis
712 2703 848 2741 Dominica
861 2703 980 2741 ittitlltis
1036 2703 1345 2741 lielnlomadaPaSclmli
1364 2703 1509 2741 mediante.
1531 2702 1702 2741 respondeat.

200 2737 362 2774 appellatur,
381 2740 467 2767 Grai-ci
479 2737 539 2767 {iam
557 2743 654 2765 vorant
676 2738 816 2774 Kuptaxjhv
828 2738 874 2764 τοῦ
894 2739 942 2764 ‘.-\-r

1076 2740 1109 2772 (li)
1127 2737 1192 2765 Vide
1210 2739 1278 2765 inl'r.t
1298 2747 1373 2766 num.
1397 2738 1475 2768 XLV,
1495 2739 1539 2765 ubi
1562 2738 1595 2765 dc
1619 2737 1818 2774 tinnimentgrio

201 2770 302 2809 πξᾱίσχα,
320 2770 483 2802 Dciuinicnm
504 2773 670 2808 Antipusrluv
685 2770 745 2809 seu
765 2770 982 2807 (Io/urapasrlm;
1038 2774 1063 2800 in
1076 2770 1151 2799 [tcta
1182 2775 1368 2805 :qmstolorum
1387 2782 1418 2800 ex
1437 2773 1602 2801 bibliotliwa
1621 2770 1820 2800 Mcdicco-Flu-

196 2808 285 2844 quod,
317 2815 346 2837 ut
373 2815 447 2844 pulo,
479 2815 574 2837 sancto
603 2809 653 2835 dici
683 2808 791 2835 l’asclm:
820 2818 834 2836 c
862 2809 979 2841 irai-uir,
1036 2815 1245 2837 innumerum,
