1880 3055
87 124 137 154 417
502 123 545 153 ῘΝ
562 121 777 158 SEQUENTIA
792 121 1081 154 THEOPIIYLACTI
1104 124 1275 154 SCRIPTA.
1657 125 1709 155 “8

88 193 127 223 de
144 191 264 229 Kollar,
289 191 424 222 laudata)
447 191 648 221 bibliolhecm
662 194 770 221 custos
786 190 1023 222 meritissimus.
1042 191 1130 222 Idem
1155 199 1229 222 vero
1251 191 1281 222 ei
1299 190 1506 227 describenti,
1528 190 1614 230 quod
1633 190 1709 220 milii

89 241 326 280 interpretanti,
346 240 614 271 iuciditdubium.
632 241 691 270 Sed
714 240 781 276 ille,
805 240 891 279 quod
910 240 989 270 mihi
1007 249 1211 279 summopere
1233 240 1375 280 cupienti
1389 239 1492 270 facere
1505 247 1568 270 non
1587 239 1712 276 licebat,

90 291 291 322 exsecutioni
317 291 488 321 mandavit.
519 289 692 321 Consuluit
719 289 843 320 scilicet
869 290 1013 320 codicem
1035 291 1107 326 222,
1140 290 1173 322 in
1195 299 1259 329 quo
1282 291 1399 329 pariter
1424 288 1655 329 Theophyiacti
1676 288 1708 319 in

91 341 252 380 Epistolas
278 340 456 371 Catlnoficas
483 340 754 371 Commentariun)
779 339 937 370 contineri
970 339 1158 371 Lambecius
1181 345 1211 371 et
1228 340 1393 371 Nesselius
1413 339 1578 373 afﬁrmant.
1605 343 1637 369 ut
1658 339 1713 370 hac

91 394 264 431 utriusque
281 392 403 423 codicis
426 391 634 422 contentione
651 392 826 430 detegeret,
843 399 881 422 an
898 391 983 422 idem
1001 392 1049 422 vel
1067 391 1216 422 diversus
1241 392 1275 425 in
1306 396 1442 431 utroque
1457 390 1713 422 Commentarius

90 448 187 473 esset.
206 443 335 482 Reperit
353 446 459 473 autem
479 451 540 473 non
557 442 627 472 sine
644 441 856 472 admiratione
878 442 1062 479 diversum;
1079 447 1109 474 et
1127 447 1278 481 praeterea
1296 443 1402 480 talem,
1427 442 1481 482 qui
1502 446 1589 472 lauto
1611 442 1713 480 magis

89 491 320 530 Theopltylacti
340 491 484 530 genium,
508 490 664 524 indolem,
690 485 850 526 ordinent,
875 490 1008 530 stylum,
1024 491 1233 530 suojudicio,
1252 501 1314 531 prae
1326 501 1359 521 se
1373 492 1481 527 ferret,
1499 497 1618 530 quanto
1633 491 1714 521 alter

47 560 49 563 ι
90 542 128 572 ab
146 541 369 572 liis-omnibus
387 539 553 570 videbatur
569 539 631 569 sibi
661 538 761 578 magis
786 539 924 570 alienus.
946 541 1057 579 Neque
1085 549 1159 572 vero
1183 541 1233 571 hic
1255 540 1396 571 substitit
1421 541 1470 571 vir
1493 540 1612 580 publici
1634 540 1712 572 boni

90 592 352 622 amantissimus:
369 591 423 620 sed
447 590 504 620 tria
520 590 709 629 posterioris
727 589 824 630 hujus
843 591 1069 621 Commentarii
1088 590 1176 627 fol'a,
1200 599 1271 630 quia
1298 590 1486 630 specituinis
1503 591 1573 621 loco
1590 598 1712 626 essent,

91 642 296 674 exscribendi
317 640 552 672 laboremultro
568 639 729 679 suscepit;
745 640 931 680 eisdemque
947 640 1035 671 foliis
1046 649 1118 671 cum
1135 640 1207 671 aliis
1223 641 1349 671 duobus
1364 649 1407 673 ex
1424 641 1528 679 priore
1542 641 1713 671 Commen-

92 694 174 723 tario
186 693 226 723 ad
245 691 384 722 editores
407 689 615 724 transmissis.
633 689 672 720 de
694 698 752 720 sua
767 689 969 721 dubitatione
985 690 1139 721 certiores
1161 698 1216 721 eos
1234 690 1323 727 fecit,
1349 698 1544 730 operamque
1565 698 1655 720 suam
1677 689 1709 720 iu

92 754 159 776 rem
179 744 340 783 publicam
358 743 590 775 humanissime
605 743 734 774 obtulit.
753 743 816 779 Illi,
835 751 868 773 re
888 742 1063 781 diligenter
1083 750 1250 781 perpensa,
1277 742 1416 781 priorem
1441 742 1711 773 Comntentarium

91 795 129 825 ab
145 795 205 826 hac
221 795 365 826 editione
388 793 602 834 rejiciendum
625 801 710 829 esse,
751 791 917 823 renfcstim
935 792 1147 822 decreverunt
1166 801 1173 820 :
1192 791 1365 830 praesertim
1383 799 1455 822 cum
1475 791 1596 821 interea
1625 791 1714 822 dcte-

93 850 179 876 rtuut
191 854 208 876 a
226 855 275 876 nte
289 849 385 881 esset,
398 853 470 875 eum
485 843 667 874 nihilaliud
680 851 769 879 esse,
789 851 884 882 quam
901 851 1019 873 metam
1032 843 1214 873 Grtecorum
1231 842 1442 880 quorumdam
1460 843 1586 872 Patrum
1603 841 1635 872 in
1660 851 1713 872 ens

95 896 256 934 Epistolas
276 895 432 930 Catenam,
454 895 545 933 plane
561 893 699 925 similem
712 892 762 923 illi
780 900 852 932 qua)
874 896 974 922 exstat
1000 891 1117 922 Oxonii
1142 892 1174 922 itt
1193 892 1387 923 bibliotheca
1406 892 1539 931 tiollegii
1558 893 1634 922 Novi
1658 901 1712 921 co-

92 947 164 977 dice
180 946 232 982 58,
251 955 289 976 ex
317 954 378 986 qua
405 944 560 976 nonnulla
589 943 704 983 sel-egit
723 947 753 974 et
770 942 902 982 protulit
924 942 1126 973 Christianus
1143 942 1282 973 Wolﬁus
1300 947 1376 973 tom.
1411 942 1455 972 ill
1483 942 1716 972 Anecdotorum

92 997 276 1027 ercorum
295 1005 312 1028 a
330 1005 399 1036 pag.
416 997 467 1028 02.
488 999 518 1027 et
536 999 613 1026 tom.
627 996 681 1031 IV,
696 1003 711 1024 a
730 1003 800 1034 pag.
819 996 847 1024 1.
870 995 961 1025 Facta
979 1002 1116 1033 namque
1131 993 1316 1031 collatione,
1332 1002 1367 1024 ea
1383 994 1490 1025 omnia
1513 995 1545 1024 in
1565 994 1716 1033 praedicto

92 1047 280 1086 apograpbo
297 1047 490 1078 verbotenus
512 1050 641 1077 exstare
661 1053 890 1084 compererant,
909 1052 948 1075 eo
963 1044 1033 1075 solo
1046 1043 1247 1082 discrimine,
1264 1046 1349 1085 quod
1364 1045 1395 1076 in
1411 1045 1588 1076 Oxoniensi
1606 1045 1716 1076 codice

94 1097 227 1127 notuina
260 1097 399 1132 Patrum,
424 1103 562 1134 quorum
594 1095 689 1125 verba
715 1093 912 1129 referuntur,
938 1097 1083 1124 accurate
1102 1098 1210 1124 essent
1228 1095 1397 1132 adnotata;
1422 1095 1452 1125 in
1470 1094 1713 1126 Vindoboneusi

92 1156 183 1185 vero,
210 1155 276 1178 uno
297 1150 429 1182 tantum,
451 1145 499 1176 vel
517 1145 618 1176 altero
633 1147 779 1182 excepto,
802 1143 866 1174 sint
886 1143 1016 1182 penitus
1041 1144 1252 1182 praetermissa
1269 1153 1276 1175 ξ
1293 1153 1366 1184 quat
1384 1153 1435 1175 res
1450 1144 1716 1184 interpretantem

94 1188 250 1229 tnevalde
265 1197 448 1235 torquebat;
461 1195 536 1235 quia
546 1194 681 1226 sublatis
693 1194 880 1224 nominibus
892 1194 969 1228 illis,
987 1202 1092 1234 neque
1107 1195 1173 1225 ullo
1184 1195 1268 1226 inter
1283 1204 1318 1226 (Ἦ
1336 1204 1408 1235 quae
1423 1195 1610 1226 dicerentur
1624 1203 1707 1225 nexu

92 1251 281 1287 apparente,
299 1254 362 1277 non
378 1244 633 1277 Commentarios
649 1243 778 1283 aliquis,
792 1244 847 1274 sed
862 1252 966 1282 scopae
978 1243 1120 1279 dis'sutte,
1138 1249 1167 1275 et
1186 1253 1281 1276 arena
1294 1245 1365 1276 sine
1377 1246 1473 1281 calce,
1488 1248 1522 1276 ut
1543 1245 1607 1276 dici
1621 1244 1715 1280 solet,

93 1298 297 1329 viderentur.
317 1297 448 1332 Verum,
465 1295 492 1326 si
519 1295 561 1326 ita
585 1300 644 1330 est,
661 1294 802 1333 inquit-5,
819 1295 982 1332 quomodo
1000 1295 1039 1325 cl.
1053 1295 1243 1326 Lambecius
1264 1295 1536 1328 Commentarium
1550 1295 1716 1335 ejusmodi

93 1346 339 1387 Tlieophylacto
356 1345 574 1376 indubitanter
591 1341 759 1382 ascripsit?
787 1343 902 1374 Eadem
926 1352 1041 1383 nempe
1069 1345 1203 1382 ratione,
1223 1345 1414 1383 respondeo,
1440 1354 1503 1385 qua
1527 1350 1558 1376 et
1578 1346 1660 1376 duos
1683 1346 1716 1376 in

87 1399 227 1430 easdem
248 1395 404 1436 Epistolas
421 1394 685 1428 Commentarios.
710 1393 834 1423 tametsi
857 1392 1015 1429 diversos,
1034 1394 1089 1424 uni
1106 1394 1277 1434 eidemque
1297 1395 1409 1425 tribuit
1434 1395 1567 1426 auctori.
1589 1395 1718 1427 Scilicet

94 1457 152 1480 eos
173 1445 428 1477 Commentarios
447 1445 518 1484 ipse
533 1453 596 1476 non
614 1446 702 1485 legit,
720 1454 826 1485 neque
841 1446 880 1476 de
897 1454 1009 1476 eorum
1024 1447 1204 1477 statuendis
1228 1447 1413 1477 auctoribus
1430 1447 1643 1484 adlaboravit;
1660 1449 1717 1478 sed

91 1500 181 1530 notis
194 1498 227 1528 in
244 1497 348 1529 fronte
363 1495 506 1527 codicum
520 1496 665 1535 repertis,
677 1496 768 1529 [idem
784 1497 854 1526 sine
866 1496 934 1527 ullo
949 1495 1096 1527 examine
1113 1496 1268 1535 priestitit.
1287 1496 1365 1527 Cum
1379 1496 1480 1535 igitur
1494 1495 1540 1526 illi
1553 1497 1719 1528 Commen.

96 1551 178 1580 tario
207 1557 303 1580 manu
327 1547 549 1587 Tegnagnelii,
574 1547 624 1577 sui
650 1547 683 1577 in
714 1546 858 1577 custodia
879 1546 1029 1576 Ctesareaa
1047 1545 1249 1576 bibliotheca:
1266 1546 1480 1584 prtecessoris,
1509 1550 1717 1585 pttenotatutu

95 1599 232 1638 legisset
249 1595 524 1628 :L‘ommcntart'ua
541 1594 777 1634 TheOphylactt',
799 1598 831 1624 ut
853 1598 884 1625 et
901 1594 968 1633 ipse
984 1602 1057 1627 rum
1081 1603 1118 1625 ea
1138 1595 1169 1625 iit
1188 1595 1265 1625 urbe
1288 1600 1442 1632 versarer,
1458 1596 1536 1631 vidi,
1565 1595 1623 1627 hoc
1641 1596 1719 1626 satis

90 1658 170 1680 esse
186 1648 292 1685 duxit,
311 1650 344 1678 ut
359 1654 433 1677 eum
456 1645 540 1676 inter
563 1644 795 1684 'l‘heOphylacti
819 1644 925 1683 Opera
951 1648 1166 1683 percenseret.
1189 1646 1226 1675 Et
1249 1649 1352 1676 tamen
1370 1645 1494 1684 liquido
1510 1650 1643 1680 constat,
1659 1647 1720 1676 Te-

95 1698 308 1740 gnagnelium
324 1705 387 1727 nou
406 1695 467 1726 alia
492 1695 628 1731 ratione,
649 1703 685 1725 ea
701 1702 777 1725 sane
792 1694 1022 1731 inﬁrmissima,
1049 1695 1322 1726 Commi-marium
1342 1694 1528 1735 hujusmodi
1546 1695 1719 1734 Theophy-

92 1752 179 1782 tacto
197 1748 411 1788 adjudicasse,
429 1755 525 1785 quam
547 1746 632 1785 quod
659 1746 770 1776 eodem
784 1745 816 1775 in
834 1745 942 1776 codice
958 1745 1051 1776 certis
1084 1746 1276 1784 quibusdam
1300 1745 1530 1786 Theophylacti
1552 1747 1720 1779 Commi-u-

95 1803 188 1835 tariis
199 1804 291 1832 esset
309 1800 494 1839 adjunctus,
508 1799 687 1837 eademque
707 1806 802 1829 manu
817 1803 967 1828 exaralus
983 1798 1159 1828 videretur.

134 1856 180 1886 Χ.
201 1852 355 1884 Praedicta
372 1851 478 1890 itaque
494 1850 730 1881 Commentario
744 1858 759 1879 a
776 1849 938 1888 germanis
954 1849 1184 1889 'l‘heopliylacti
1198 1850 1358 1887 Oper-ibus
1374 1849 1506 1880 omnino
1522 1849 1649 1888 rejet-to,
1666 1856 1720 1880 cu-

94 1910 221 1938 ratores
239 1904 336 1943 hujus
353 1901 509 1934 editionis
526 1905 741 1940 opportunuut
758 1910 829 1931 esse
847 1902 1021 1934 duxerunt.
1038 1901 1151 1934 alium,
1175 1901 1246 1940 qui,
1263 1900 1303 1930 cl.
1317 1899 1594 1938 Kollariojudice,
1616 1898 1720 1929 Theu-

95 1955 239 1996 pliylacti
252 1954 384 1993 genium
395 1961 429 1982 ac
440 1952 558 1991 stylum
576 1960 638 1990 prm
651 1960 685 1981 se
697 1951 768 1986 fert,
787 1951 818 1981 in
832 1951 921 1981 illius
939 1951 1042 1981 locum
1058 1952 1250 1988 subrogare;
1264 1950 1296 1981 in
1313 1947 1640 1988 eutuquetiheiumihi
1661 1948 1719 1976 La-

96 2009 163 2038 tine
182 2005 384 2036 reddendum
405 2003 576 2033 tradidere.
594 2004 774 2040 Antequam
794 2011 869 2032 vero
894 2002 962 2040 ipse
986 2001 1171 2040 huiusmodi
1191 2001 1329 2032 versioni
1357 2008 1486 2030 manum
1503 2000 1718 2031 adtuovercnt,

96 2065 197 2096 pauca
213 2056 266 2086 illa
283 2054 371 2090 toria,
397 2061 470 2092 qua)
491 2051 679 2091 speciminis
700 2051 799 2090 gratia
820 2051 884 2082 huc
900 2051 1089 2081 thdobona
1116 2051 1300 2081 transmissa
1320 2051 1401 2087 dixi,
1424 2059 1498 2080 cum
1527 2047 1718 2079 0Ecumen.i

96 2095 339 2137 Commentario
365 2102 512 2133 conferre
536 2101 615 2133 mihi
637 2100 767 2140 placuit,
800 2100 988 2140 ptresortim,
1010 2109 1082 2131 cum
1110 2101 1248 2139 primum
1271 2099 1440 2139 perlegens
1464 2099 1591 2132 folium,
1611 2095 1718 2127 simile

96 2154 342 2196 quidpiamjam
360 2153 392 2184 in
408 2152 472 2182 alio
488 2155 630 2188 auctore,
650 2150 705 2190 qui
724 2155 790 2181 tum
803 2150 835 2183 in
850 2153 988 2180 mentem
1001 2159 1064 2181 non
1082 2151 1252 2187 incidebat,
1265 2150 1381 2190 legisse
1399 2149 1475 2183 mihi
1495 2150 1629 2180 viderer.
1647 2147 1720 2177 Col-

99 2206 171 2238 latis
189 2207 298 2244 itaque
319 2203 359 2233 iis
374 2201 476 2238 foliis,
490 2201 633 2239 comperi
648 2200 784 2231 alterum
802 2201 1072 2231 Commentariun]
1094 2202 1133 2231 ita
1146 2210 1217 2232 cum
1234 2201 1333 2232 altero
1344 2201 1530 2237 convenire,
1550 2204 1582 2231 ut
1601 2198 1722 2229 Vindo-

97 2259 278 2290 boueusem
296 2259 326 2286 et
343 2252 623 2284 OEcumenianuut
646 2260 746 2283 unum
771 2253 989 2290 eutndemque
1010 2261 1082 2282 esse
1113 2253 1328 2291 perspicerem
1353 2262 1360 2282 :
1380 2261 1442 2283 tton
1464 2252 1608 2292 quidem,
1630 2253 1718 2292 quod

99 2308 193 2348 plane
205 2311 236 2337 et
253 2305 470 2344 undequaque
488 2305 720 2340 congruerent;
733 2301 789 2331 sed
803 2301 878 2340 quia
889 2301 1126 2341 qualiscunque
1138 2301 1258 2332 inesset
1272 2302 1456 2338 diversitas,
1469 2310 1502 2332 ea
1515 2301 1606 2332 facile
1615 2307 1722 2341 posset

99 2360 131 2390 in
148 2359 299 2390 cod.cum
317 2357 501 2387 varietatem
523 2353 662 2384 reiundi.
682 2353 749 2383 Hoc
764 2362 837 2383 cum
858 2353 1199 2386 rescissentcditionis
1222 2358 1397 2389 curatores,
1421 2354 1527 2384 omnia
1548 2353 1649 2391 primo
1666 2362 1720 2384 co-

99 2411 204 2443 nanda
220 2409 283 2441 sibi
300 2408 548 2450 constituerunt.
567 2410 599 2436 ut
616 2406 810 2444 [germanum
825 2404 964 2444 aliquem
982 2410 1012 2434 et
1025 2405 1063 2434 ab
1078 2405 1320 2435 OEcumeuiano
1336 2404 1499 2434 diversum
1516 2404 1547 2434 in
1565 2404 1721 2442 Epistolas

101 2461 279 2494 Catholicas
295 2457 565 2490 Commentarium
586 2456 796 2493 detegerem;
825 2455 876 2484 sin
899 2462 973 2485 vero
994 2455 1025 2484 id
1050 2454 1161 2484 minus
1179 2463 1217 2484 ex
1241 2459 1314 2484 voto
1334 2454 1532 2490 succederet,
1555 2454 1718 2493 inquiren-

102 2515 192 2551 dum,
210 2520 289 2544 num
306 2510 383 2541 satis
402 2510 505 2540 valida
521 2513 706 2548 argumenta
734 2512 846 2546 pt‘teslo
866 2512 986 2544 essent,
1011 2506 1130 2545 quibus
1149 2505 1412 2536 Olicumenianus
1431 2505 1501 2544 ipse
1520 2506 1721 2536 Commenta-

104 2565 171 2595 rius
196 2564 229 2594 in
247 2563 327 2593 hanc
350 2561 525 2591 editionem
542 2567 636 2600 aequo
651 2559 725 2598 jure
741 2558 966 2592 ascisccrctur,
983 2567 1018 2588 ac
1041 2555 1271 2596 Theophylacti
1290 2556 1422 2586 nomine
1446 2555 1621 2594 inscriptus
1645 2556 1722 2585 edc-

103 2620 191 2646 retur
206 2615 240 2645 in
255 2613 369 2644 lucem.
390 2613 451 2651 Spe
467 2611 567 2650 prima
589 2609 684 2648 paulo
703 2613 772 2647 post
792 2608 909 2647 dejecli
928 2617 966 2648 ex
993 2607 1302 2646 ittexspectatissima
1319 2610 1419 2637 morte
1434 2606 1549 2645 lgnatii
1569 2606 1647 2637 lnici
1664 2606 1721 2636 Ca-

103 2656 245 2706 .aecioli,
259 2666 413 2706 pontiﬁcii
427 2665 464 2695 ad
479 2662 706 2702 HiSpaniarum
722 2670 829 2700 regem
846 2661 952 2700 legati,
971 2661 1063 2699 cujus
1079 2668 1139 2699 Ope
1151 2660 1304 2690 duntaxat
1319 2667 1353 2689 se
1369 2658 1523 2698 consequi
1537 2666 1630 2696 posse
1649 2665 1721 2695 spe»

103 2719 213 2749 rabant
243 2715 463 2756 apographum
488 2713 579 2744 illius
607 2712 833 2743 Comnteutarii
855 2710 1096 2750 Theolihylacto
1125 2709 1273 2748 inscripti
1296 2709 1328 2740 in
1351 2708 1510 2747 Epistolas
1533 2706 1708 2739 Catltolicas

103 2769 203 2807 quiin
223 2766 431 2798 celeberrima
451 2762 662 2795 Escorialensi
688 2762 879 2792 bibliotheca
898 2761 1056 2792 asservari
1073 2759 1205 2796 dicitur,
1225 2761 1348 2800 quique
1368 2767 1453 2790 unus
1468 2761 1634 2797 supererat
1649 2765 1726 2788 con-

104 2819 275 2854 sulendus,
298 2818 335 2849 ad
362 2816 493 2848 alteram
511 2815 652 2846 animum
672 2822 866 2854 operamque
884 2822 974 2844 suam
999 2817 1228 2844 converterunt
1249 2822 1255 2841 :
1280 2811 1373 2851 cujus
1390 2813 1556 2849 compotes
1581 2808 1722 2840 evasisse
