1880 3055
170 95 224 128 41’)
677 93 850 124 BONIFACI
858 93 869 122 Ι
903 92 1054 122 FINETTI
1083 91 1289 122 PREFATIO.
1742 89 1800 119 420

170 159 256 186 sese,
270 149 344 191 jure
366 149 544 187 meritoque
562 147 703 178 arbitrati
722 151 809 178 sunt.
836 148 914 178 Cum
934 146 1021 176 enim
1048 146 1139 187 juxta
1166 146 1296 176 eﬁ'atum
1329 145 1550 184 evangelicum
1570 145 1632 176 :In
1649 153 1703 174 ore
1717 144 1798 175 duo-

172 209 261 235 rum,
279 198 327 229 cel
348 200 443 229 (rium
461 203 519 231 stet
533 207 618 226 omne
633 197 772 234 t'erbum,
792 206 848 227 seu
869 196 1009 234 duobus,
1027 195 1075 226 vel
1096 195 1198 226 tribus
1214 195 1349 226 testibus
1367 196 1443 226 satis
1460 196 1576 226 veritas
1595 204 1733 235 qumque
1749 195 1800 226 ﬁrs

175 253 290 283 inetur,
308 256 364 277 nos
380 249 417 277 ad
441 246 603 287 ejusmodi
621 245 895 277 Commentariun]
911 243 1149 284 Theophylacto
1170 244 1398 279 vindicandum
1416 245 1546 278 totidem
1576 245 1660 276 nacti
1681 253 1799 276 sumus

175 297 386 328 testimonia:
414 298 517 335 primo
554 296 677 326 scilicet
707 294 870 326 laudatum
893 294 1037 325 codicem
1068 293 1520 327 Caesareo-Vindobonensem
1553 295 1798 334 'l‘lieOpbylacto

174 347 442 379 tionnnentarium
476 345 568 377 illum
604 345 723 376 diserte
751 344 985 376 ascribentcm:
1020 344 1118 376 alium
1162 348 1313 382 praeterea
1345 345 1487 375 codicem
1510 345 1655 386 ejusdem
1677 346 1798 377 biblio~

172 398 268 431 liorem
299 397 462 435 signatum
499 404 531 425 n.
570 396 640 431 223,
683 394 739 435 qui
759 395 866 424 solum
896 393 1031 434 quidem
1072 393 1216 425 continet
1257 394 1511 429 Commentarios
1551 396 1796 437 Theophylacto

171 448 342 486 inscriptos
368 447 403 479 in
435 452 574 487 quatuor
600 452 776 486 postremas
806 445 964 484 Epistolas
989 445 1182 484 Catliolicas;
1211 447 1266 477 sed
1296 455 1369 478 cum
1389 447 1438 477 illi
1470 447 1563 486 plane
1592 449 1799 480 consentiant

170 510 241 533 cum
256 499 502 541 Commentariis
519 499 550 529 in
569 499 697 529 easdem
712 498 870 537 Epistolas
887 497 1050 529 memorati
1067 498 1477 537 codicis,quemadmodum
1494 499 1564 539 ipse
1579 508 1650 533 cum
1659 500 1799 531 Viennae

174 553 341 590 degerem,
377 552 454 582 inita
484 541 653 581 collatione
671 557 756 583 certo
781 549 992 591 deprehendi,
1017 549 1097 579 illud
1124 558 1200 580 sane
1218 550 1454 587 testimonium,
1472 551 1566 584 etiam
1585 559 1641 590 pro
1656 551 1798 590 reliquis

171 604 429 640 Commentariis,
461 613 575 642 nempe
602 604 635 634 in
660 603 823 639 Iacobum,
844 607 871 632 et
897 602 1034 638 Petrum,
1061 601 1301 641 'l'lieophylacto
1317 603 1540 642 adjndicandis
1555 603 1706 638 inservit;
1724 611 1798 633 cum

173 665 228 695 par
247 657 378 689 omnino
397 655 476 686 ratio
491 655 530 687 sit
553 654 699 684 omnium
716 657 747 684 et
764 652 983 692 singulorum.
1001 651 1151 691 Denique
1165 652 1240 687 huic
1256 653 1349 691 plane
1365 653 1472 687 simile
1486 657 1548 689 est,
1561 654 1648 693 quod
1669 661 1710 686 ex
1740 661 1798 684 εο-

171 709 242 739 dice
258 707 411 740 Vaticano
424 715 514 740 num.
531 707 590 736 227
602 705 813 745 depromitur.
831 706 909 737 Nam
923 704 1023 737 etiste
1040 705 1183 737 continet
1196 706 1450 740 Commentarios
1472 706 1506 736 in
1518 709 1657 745 quatuor
1673 713 1800 745 postrcv

174 766 240 789 tuas
257 757 434 790 Catholicas
454 755 623 794 Epistolas,
642 755 698 785 hac
711 754 872 793 prremissa
890 762 916 791 ei

1055 755 1284 790 ΞςΘειφυλάκτου
1300 756 1429 791 ἐξήγησις
1446 755 1622 792 ἀκριϐῂςτῶν
1630 756 1797 788 Ἐπιστολῶν

171 808 218 835 to}
231 808 412 845 ἠγαπημένου
434 807 558 834 Ἰωάννου
573 807 618 833 τοῦ
630 806 771 840 Θεολόγου,
787 805 873 832 Ἰούδα
887 805 933 832 τοῦ
946 805 1108 837 ἀποστόλου,
1124 805 1172 831 καὶ
1186 803 1232 830 τοῦ
1248 804 1392 836 θεσπεσίου
1407 805 1454 831 καὶ
1469 806 1661 840 οὐρανθφοιῖου
1675 806 1799 838 thema,

174 853 399 895 J‘heopliylacli
419 852 591 892 Expositio
611 856 761 882 accurata
780 851 998 890 Epistolarum
1018 849 1128 881 dilecti
1148 850 1281 883 Joannis
1301 850 1449 890 theologi,
1471 851 1563 881 Iuda:
1583 852 1734 891 apostoli,
1768 858 1797 883 et

172 903 273 934 divini
291 902 456 943 caelumque
470 903 603 943 petentis
620 901 731 936 Pauli;
746 903 801 932 sed
818 901 866 932 ha;
881 906 1048 941 postremae
1063 910 1101 932 eo
1116 901 1150 935 in
1165 901 1275 932 codice
1295 901 1412 942 desunt
1429 913 1437 932 :
1459 906 1489 933 at
1508 912 1582 933 vero
1599 904 1723 941 priores
1735 904 1799 934 ali-

173 958 252 993 quot
269 955 363 985 lineae
378 963 416 985 ex
431 954 570 994 singulis
587 953 653 984 illis
672 952 917 984 Commentariis
937 954 1047 988 Roma,
1072 962 1121 983 me
1136 956 1272 991 petente,
1290 952 1497 990 transmisste,
1513 954 1590 983 satis
1606 953 1798 990 ostendunt,

173 1012 228 1033 cos
240 1008 257 1034 a
275 1004 391 1035 nostris
409 1004 543 1039 minime
561 1004 753 1042 discrepare.
773 1005 869 1036 Porro
886 1003 943 1034 tria
961 1003 1026 1034 haec
1043 1003 1224 1035 testimonia
1242 1004 1283 1042 (α)
1294 1004 1370 1035 satis
1388 1004 1480 1034 nobis
1494 1003 1694 1035 fundamenti
1713 1012 1796 1044 prte-

174 1054 247 1084 bcre
265 1055 536 1092 existimavimus,
554 1063 618 1094 quo
633 1055 757 1093 integer
781 1054 842 1085 iste
859 1055 891 1084 in
914 1058 1035 1092 septem
1051 1054 1212 1092 Epistolas
1242 1053 1417 1087 Catholicas
1434 1053 1689 1084 Commontarius
1704 1059 1800 1085 tmte-

174 1105 216 1134 ris
234 1114 343 1139 recens
360 1105 492 1136 detectis
512 1105 741 1145 'Iheophylacti
756 1104 910 1144 operibus
928 1105 1061 1146 adjungi
1081 1105 1193 1136 merito
1214 1109 1332 1144 posset.
1355 1107 1391 1136 Et
1413 1114 1472 1145 ego
1488 1105 1618 1145 quidem
1635 1106 1799 1140 neminem

171 1153 315 1189 futurum
349 1155 496 1192 arbitror,
531 1155 654 1186 libratis
681 1155 856 1193 praesertim
874 1155 914 1185 iis
939 1163 1011 1195 quin
1023 1155 1190 1194 superiore
1211 1163 1345 1187 numero
1361 1155 1443 1186 dicta
1458 1163 1474 1189 β
1496 1164 1544 1189 me
1561 1160 1648 1193 sunt,
1665 1156 1720 1194 qui
1740 1155 1800 1189 hoc

172 1207 344 1240 consilium
361 1206 576 1244 reprehendat
597 1206 637 1236 ob
655 1215 723 1237 eam
745 1206 914 1243 rationem,
932 1206 1018 1244 quod
1036 1205 1227 1248 hujusmodi
1249 1207 1504 1239 Commentarios
1527 1207 1721 1246 jamdudum
1737 1208 1800 1238 sub

173 1257 363 1291 Olicumenii
382 1256 512 1290 nomine
530 1255 656 1297 publica
681 1256 750 1287 luce
773 1255 909 1292 fruatur,
932 1264 1103 1294 quousque
1118 1256 1229 1288 saltem
1259 1256 1308 1286 vel
1337 1256 1452 1288 unicus
1470 1257 1571 1289 codex
1588 1257 1628 1296 ,in
1653 1256 1798 1291 medium

176 1307 310 1345 proferri
346 1307 457 1346 possit,
475 1307 531 1346 qui
556 1306 589 1337 in
609 1306 715 1337 fronte
735 1306 832 1346 hujus
864 1305 1088 1336 Commentarii
1120 1313 1238 1336 nomen
1265 1305 1455 1339 .OEcumenii
1486 1313 1636 1348 tanquam
1656 1307 1798 1338 auctoris

174 1360 338 1397 praeﬁxum
357 1362 455 1398 gerat.
483 1358 670 1398 Cujusmodi
692 1357 818 1391 nullum
838 1365 922 1393 esse,
940 1356 1031 1390 facile
1048 1357 1188 1396 quisque
1203 1357 1263 1387 sibi
1283 1359 1490 1397 persuaserit,
1511 1368 1583 1389 cum
1606 1368 1714 1398 neque
1735 1361 1799 1390 Do-

175 1414 266 1440 natus
297 1409 506 1445 Veronensis,
528 1408 583 1448 qui
604 1417 678 1439 eum
700 1409 803 1447 primo
819 1409 925 1440 (ἔγωυο
936 1408 1049 1444 edidit,
1070 1417 1176 1447 neque
1202 1409 1399 1445 Hentenius,
1417 1411 1473 1449 qui
1496 1411 1605 1442 Latine
1621 1413 1799 1450 transtulit,

175 1469 280 1499 ιιιιψιη
310 1459 509 1493 Parisienses
540 1458 695 1493 editores,
721 1457 777 1499 qui
806 1459 912 1487 (irmce
932 1457 1108 1496 Latineque
1127 1458 1346 1494 recudendum
1363 1464 1527 1497 curarunt,
1544 1460 1646 1494 ullum
1662 1463 1801 1495 omnin

175 1509 376 1548 protulerint,
393 1512 447 1538 aut
469 1508 587 1538 alicubi
604 1512 728 1541 exstare
743 1507 923 1542 iudicarint.

215 1583 270 1613 XI.
293 1582 483 1620 Quanquam
502 1588 577 1611 vero
595 1580 853 1611 Commentarios
879 1580 999 1611 codicis
1020 1581 1285 1612 Vindobonensis
1300 1581 1341 1612 ita
1365 1591 1436 1613 cum
1461 1584 1704 1617 OEcumemano
1724 1596 1802 1619 con~

179 1631 296 1667 veniat,
314 1636 347 1661 ut
366 1632 451 1661 idem
476 1630 580 1670 quoad
596 1630 806 1661 substantiam
825 1630 932 1660 haberi
960 1630 1060 1669 possit
1075 1639 1111 1660 ac
1134 1630 1266 1667 debeat;
1279 1632 1354 1670 quia
1370 1637 1475 1663 tamen
1495 1638 1526 1664 et
1542 1634 1670 1667 brevior
1691 1642 1753 1674 est,
1771 1643 1802 1673 et

179 1684 209 1716 in
229 1683 374 1720 pluribus
391 1683 512 1717 dill'ert,
528 1686 623 1721 atque
640 1680 734 1712 etiam
755 1689 817 1712 non
835 1689 945 1720 pauca,
967 1681 1086 1721 quibus
1110 1686 1197 1712 caret
1214 1682 1281 1719 ille,
1294 1683 1528 1722 complectitur,
1543 1685 1618 1717 ideo
1633 1692 1802 1719 curatores

175 1733 271 1762 istius
287 1732 442 1765 editionis
459 1740 521 1762 non
540 1737 573 1762 ut
589 1736 690 1762 exstat
708 1732 739 1762 in
756 1732 948 1763 OEcumenii
975 1732 1130 1769 editione,
1149 1733 1235 1772 quod
1261 1733 1360 1764 multo
1376 1733 1504 1765 facilius
1529 1736 1596 1767 ﬁeri
1627 1739 1801 1777 potuisset,

176 1784 231 1814 sed
256 1783 389 1813 omnino
404 1786 438 1813 ut
465 1786 511 1813 est
535 1782 566 1812 in
584 1782 694 1817 codice
720 1782 964 1813 Vindoboncnsi
995 1784 1156 1813 edendum
1184 1784 1409 1816 existimarunt
1427 1797 1435 1816 τ
1452 1788 1538 1826 quod
1559 1788 1619 1819 iste
1645 1790 1802 1822 duntaxat

176 1833 405 1872 Tlmophylacli
426 1833 568 1872 pra-ferat
587 1841 721 1870 nomen;
737 1841 773 1863 ac
791 1833 924 1871 proinde
941 1841 1013 1871 quae
1025 1833 1057 1863 in
1071 1834 1311 1865 OEcnmeniano
1329 1836 1518 1875 redundant,
1532 1843 1586 1870 aut
1602 1840 1802 1890 discrepant,

175 1885 279 1916 aliena
299 1893 392 1917 manu
412 1885 531 1915 inserta
551 1884 652 1916 fuisse
670 1885 795 1916 censeri
815 1884 950 1924 possint.
974 1885 1186 1921 Quamobrem
1206 1895 1254 1917 me
1274 1887 1497 1920 Vindobonam
1518 1899 1575 1930 per
1593 1891 1623 1921 id
1642 1884 1802 1931 temporis

175 1936 419 1966 contendentem
450 1940 613 1973 rosarunt,
643 1939 676 1966 ut
703 1936 853 1967 eumdem
883 1935 1158 1966 Commentarium
1182 1945 1200 1966 a
1229 1938 1331 1976 perito
1351 1939 1462 1978 aliquo
1487 1943 1676 1973 amanuensi
1701 1953 1800 1984 quam

175 1987 415 2019 accuratissime
447 1987 587 2018 exscribi
615 1996 774 2024 curarem,
803 1995 875 2017 cum
905 1986 975 2025 ipse
1003 1987 1034 2017 in
1065 1995 1115 2018 me
1134 1992 1256 2018 tantum
1281 1989 1399 2021 laboris
1425 1992 1590 2031 suscipere
1613 1995 1802 2026 nullatenus

177 2050 314 2079 possem.
334 2042 377 2071 Eo
393 2040 501 2079 itaque
517 2039 675 2078 appulsns
692 2038 771 2069 nihil
792 2038 959 2077 antiquius
983 2037 1094 2074 habui,
1111 2047 1206 2078 quam
1232 2043 1266 2071 ut
1289 2042 1452 2079 negotium
1477 2044 1561 2075 istud
1583 2044 1800 2081 absolverem,

179 2093 293 2122 Verum
311 2095 382 2131 post
401 2092 505 2123 varios
531 2091 790 2129 multiplicesque
808 2094 942 2120 conatus
961 2091 1102 2128 reperire
1131 2097 1271 2130 poteram
1294 2093 1468 2130 neminem,
1493 2095 1549 2134 qui
1565 2100 1594 2126 et
1610 2102 1695 2128 esset
1711 2099 1750 2129 ad
1770 2100 1800 2129 id

175 2143 327 2178 idoneus,
343 2147 373 2172 et
390 2143 446 2181 qui
462 2151 553 2180 aequa
570 2141 706 2180 pecunia
723 2141 901 2171 conductus
922 2141 981 2173 hoc
994 2151 1077 2173 onus
1093 2142 1126 2172 in
1140 2151 1174 2173 se
1190 2151 1355 2175 assumere
1372 2145 1478 2176 vellet.
1495 2148 1573 2178 Cum
1589 2157 1663 2179 vero
1678 2149 1738 2185 hac
1759 2152 1800 2182 de

176 2200 270 2222 causa
297 2192 380 2222 haud
409 2201 521 2231 parum
537 2192 653 2222 anxius
682 2191 850 2230 haererem,
876 2197 907 2222 et
930 2193 1030 2224 ferme
1048 2194 1249 2224 conciderem
1280 2195 1399 2233 animo,
1433 2199 1586 2229 dominus
1614 2200 1653 2231 de
1675 2202 1800 2238 Kollar,

176 2251 271 2280 quem
288 2242 421 2273 honoris
441 2251 534 2273 causa
553 2242 698 2278 nomino,
718 2242 756 2272 ad
772 2241 937 2272 litterariae
958 2243 1154 2281 reipublicm,
1173 2243 1248 2281 imo,
1269 2246 1355 2284 quod
1373 2253 1403 2277 et
1431 2248 1499 2286 ipse
1514 2249 1630 2287 aiebat,
1647 2251 1800 2283 Ecclesiae

177 2294 380 2330 beneficium,
402 2294 542 2326 laborem
559 2295 670 2332 istum,
687 2295 806 2325 studiis
822 2295 895 2325 aliis
908 2295 1118 2341 gravissimis,
1132 2296 1251 2335 quibus
1267 2298 1482 2338 detinebatur,
1499 2301 1706 2339 intermissis,
1725 2304 1800 2336 sub-

176 2344 222 2374 ire
241 2350 355 2384 sponte
373 2345 483 2376 voluit.
515 2346 616 2382 Quam
639 2345 680 2376 ob
697 2354 824 2376 causam
842 2354 914 2376 cum
932 2344 1039 2375 caeteri
1056 2352 1169 2376 omnes
1183 2354 1344 2378 sacrarum
1362 2348 1539 2381 litterarum
1561 2351 1702 2383 cultores
1728 2354 1799 2392 plu-

178 2395 291 2426 rimum
309 2396 356 2426 illi
373 2396 503 2431 debent,
519 2400 585 2426 tum
602 2404 677 2427 vero
697 2397 765 2435 ipse
782 2405 831 2427 me
849 2396 896 2427 illi
913 2404 1041 2428 summe
1058 2397 1246 2429 obstrictum
1262 2400 1423 2438 profiteor,
1441 2409 1513 2432 cum
1534 2402 1567 2436 in
1590 2405 1651 2436 mei
1664 2413 1797 2444 quoque

176 2449 309 2485 gratiam
328 2451 390 2478 tam
404 2454 532 2486 gravem
547 2447 726 2478 molestiam
745 2447 807 2477 sibi
834 2446 963 2477 duxerit
988 2447 1221 2486 perferendam.
1238 2450 1391 2484 Venetias
1409 2452 1509 2491 igitur
1524 2462 1596 2484 cum
1612 2456 1796 2494 apographo

175 2499 288 2536 redux,
305 2507 377 2530 cum
389 2499 453 2538 jam
472 2502 598 2538 tempus
618 2498 749 2529 instaret
762 2498 1088 2536 illius-imprimendi,
1100 2499 1203 2538 primo
1220 2500 1351 2538 quidem
1364 2503 1597 2534 Hentcnianam
1615 2505 1796 2536 versionem

211 2600 249 2634 (α)
268 2599 401 2636 Quartum
416 2599 460 2626 his
476 2598 566 2636 simile
582 2596 767 2636 testimonium
786 2603 828 2623 me
855 2597 962 2636 babitn-
1016 2606 1103 2636 mum,
1127 2602 1162 2636 ut
1184 2599 1326 2636 certiorem
1349 2599 1438 2628 facere
1467 2609 1509 2629 me
1537 2601 1626 2633 vellet,
1651 2608 1796 2636 quemnam

177 2632 236 2661 rum
258 2635 401 2669 sperabam
418 2643 450 2662 ex
466 2632 715 2670 publicaLngduni
729 2632 890 2670 Batavorum
921 2633 962 2670 lii-
1016 2633 1163 2670 illiusmodi
1181 2633 1386 2670 rConuuentarii
1410 2637 1568 2670 praeferrent
1592 2632 1745 2664 auctorem.
1767 2637 1799 2663 At

179 2667 401 2706 l.liodn-'ear.rt‘.mn
419 2667 491 2696 cniin
510 2668 537 2695 in
559 2667 619 2706 ejus
635 2667 763 2706 tiatalogo
777 2667 913 2706 legissem,
934 2668 959 2693 in
1017 2667 1062 2706 ille
1076 2668 1273 2706 humanissime
1286 2677 1316 2696 ac
1337 2667 1538 2705 promptissime
1551 2672 1702 2706 respondit,
1719 2672 1797 2706 equi-

178 2706 272 2741 aodicc
289 2705 364 2736 1227,
376 2702 773 2741 ‘Con'imentariosndequibus
787 2702 894 2741 agimus
912 2710 956 2729 re~
1013 2703 1075 2741 dem
1092 2703 1117 2728 in
1132 2703 1218 2741 prima
1235 2704 1309 2732 illius
1325 2702 1427 2741 iudicis
1437 2706 1535 2740 pagina
1547 2702 1648 2740 jaclari
1663 2702 1797 2741 ejusmodi

177 2740 274 2772 periri;
291 2739 382 2777 rogavi
408 2738 584 2777 perulitleras
601 2738 635 2764 cl.
652 2737 834 2777 Abrabnnmm
852 2736 958 2777 (ξι-ρης)-
1011 2737 1246 2772 Commentarios;
1265 2747 1295 2766 re
1312 2747 1400 2767 tamen
1418 2736 1486 2775 ipsi
1495 2741 1521 2768 in
1533 2736 1566 2769 eo
1580 2736 1796 2777 codicc'nequa-

175 2782 260 2807 \‘tum,
288 2772 416 2809 ejusdeni'
442 2774 611 2802 bibliotheca:
641 2772 781 2800 costodem
808 2772 954 2800 meritissi-
1008 2779 1217 2806 quamexstarc.
