1880 3055
65 125 118 156 Αὲι
509 121 547 152 IN
570 121 789 156 SEQUENTIA
805 121 1096 151 TliEtii‘llYLittiTI
1118 120 1287 152 SCltll’TA.
1653 125 1705 152 4Ξέ

67 183 100 213 in
119 181 242 219 quibus
264 188 337 210 cum
357 177 604 210 OEcumcniano
623 176 878 208 Commentarios
899 177 956 206 iste
968 176 1126 206 consentit
1145 175 1431 214 (vonscntitautem
1447 180 1480 206 ut
1498 176 1699 216 plurimum),

69 234 151 264 mihi
168 232 371 263 retinendam
389 229 623 261 existimabam.
644 229 704 258 Sed
725 229 807 259 fat-to
830 229 877 259 rei
907 229 1061 267 perii-tito.
1091 237 1162 258 cum
1195 227 1236 258 ob
1253 227 1462 267 frequentem
1490 237 1602 259 rerum
1620 230 1708 260 ordi-

69 283 190 321 nisque
209 283 410 316 varietatem,
429 284 525 319 atque
539 280 634 310 etiam
651 279 692 310 oh
708 288 743 308 ea
759 288 831 318 qute
850 279 882 309 in
898 279 1052 309 alterutro
1072 280 1118 308 vui
1136 279 1350 317 prmtermissa
1361 284 1484 316 essent,
1511 279 1560 309 vel
1586 279 1705 314 addita,

70 335 251 372 plurimum
268 332 345 363 mihi
366 331 484 362 laboris
505 339 540 361 ac
554 330 641 360 tasdii
661 330 871 360 subeundum
891 329 1046 364 viderem,
1071 338 1107 358 ac
1123 335 1271 367 praeterea
1289 329 1394 359 versio
1412 329 1479 367 ipsa
1507 330 1707 360 chteniana

70 393 136 413 non
166 383 247 412 mihi
276 382 400 421 ubique
419 380 625 420 probaretur.
649 383 769 410 mutato
793 379 944 415 consilio,
971 388 1084 409 novam
1111 379 1334 418 integramque
1361 379 1457 417 hujus
1479 379 1708 410 Commentarii

72 434 259 463 versionem
283 432 449 463 adornare
470 430 637 464 constitui,
657 434 691 460 ut
715 429 826 461 saltem
853 433 938 459 esset
963 429 1022 461 villa
1041 429 1162 467 ubique
1180 428 1239 458 sibi
1270 428 1490 463 consentiens,
1508 436 1544 458 ac
1569 436 1632 458 non
1652 437 1708 467 pro

74 486 231 515 varietate
263 483 401 523 partium
431 482 519 513 varia
549 485 580 512 et
613 481 707 521 quasi
744 480 922 512 versicolor
957 485 1135 518 api-areret.
1168 480 1356 510 Versionem
1393 488 1564 518 aggressus
1603 480 1708 510 statim

75 535 305 571 animadverti,
340 534 418 565 mihi
455 543 528 564 cum
554 533 666 564 codice
693 533 853 563 mendoso
880 540 915 562 ac
934 532 1122 571 frequenter
1151 532 1263 563 mutilo
1289 531 1477 562 luctandum
1507 534 1706 571 esse:quod

73 593 181 617 tamen
194 595 315 617 navum
331 585 464 616 minime
474 586 600 622 accidit,
617 585 738 624 quippe
755 585 810 624 qui
825 585 890 625 jant
904 585 1031 619 scirem,
1044 585 1192 615 eumdem
1207 584 1347 614 codicem
1360 592 1443 619 esse,
1455 592 1492 613 ex
1501 591 1569 622 quo
1582 583 1709 613 Sifanits

71 645 172 667 suu
191 637 318 675 inﬂActa
342 636 562 675 apostolorum
574 636 851 667 Commentarium
867 636 1275 675 deprompsit;-utrumque
1291 635 1424 673 proinde
1440 634 1562 665 eisdem
1576 635 1709 664 subes~e

72 685 257 716 defectibus
271 690 431 724 oportere.
446 686 539 716 illius
553 686 808 724 corruptionem,
827 687 954 721 menda,
973 685 1118 716 defectus
1134 685 1278 724 agnovit,
1304 684 1535 722 adnotavitque
1559 683 1591 713 in
1626 691 1710 712 mar-

73 738 148 776 gine
169 737 242 775 ipse
261 736 403 768 Sifanus.
421 738 481 768 Sed
503 737 583 769 illud
602 738 679 769 mihi
699 747 763 778 prae
778 737 888 769 Sit‘ano
903 737 1120 774 commodius,
1138 736 1308 776 magisque
1338 739 1557 774 Opportunum
1580 734 1708 773 obtigi‘.

73 787 161 826 quod
178 786 439 817 Commentarios
456 783 516 818 iste
529 787 590 817 sub
605 788 703 824 alius,
730 796 846 827 nempe
873 785 1081 822 OEcumenii,
1109 786 1250 820 nomine,
1266 785 1403 816 maxima
1428 785 1539 814 saltem
1557 793 1595 814 ex
1623 790 1711 823 parte

74 837 186 868 editus
215 842 303 868 esset
318 847 357 869 ex
373 837 483 869 codice
501 839 600 878 magis
619 838 746 877 integro
762 842 793 869 et
806 839 995 873 emendato;
1013 846 1053 868 ex
1076 845 1142 877 quo
1164 836 1299 876 proinde
1320 836 1511 876 quampiam
1538 836 1656 866 sarcire
1681 839 1712 864 et

74 889 243 928 eorrigere
260 889 337 920 mihi
357 889 461 927 licuit,
476 890 599 930 ingenti
616 895 722 922 tamen
741 895 770 921 et
783 891 929 931 apprime
952 890 1088 921 molesto
1109 889 1217 921 labore
1236 901 1243 920 :
1262 897 1333 920 nam
1354 897 1422 919 eam
1440 888 1481 919 ob
1502 896 1629 918 causam
1645 887 1712 918 frc-

75 941 298 985 quentissime
312 950 348 972 ac
363 941 463 973 ferme
477 947 635 982 perpetuo
651 943 788 974 alterum
805 951 877 974 cum
894 944 996 974 altero
1018 939 1165 973 conferre
1185 949 1316 972 necesse
1329 939 1401 971 fuit.
1419 941 1609 979 Quanquam
1634 947 1712 970 vero

75 995 178 1024 multa
200 994 232 1023 in
253 995 498 1026 OEcumeniano
516 995 603 1032 sint,
619 1004 692 1035 qute
707 995 740 1026 in
759 995 1003 1026 Vindobonensi
1021 993 1258 1026 Commentario
1274 993 1511 1028 desiderantur,
1522 1000 1586 1031 ego
1608 996 1714 1022 tamen

76 1044 210 1074 nonnisi
229 1052 265 1074 ea
290 1053 363 1083 qure
399 1045 595 1084 perﬁciendo
610 1046 671 1076 mei
689 1046 864 1086 apographi
882 1045 994 1077 sensui
1012 1046 1077 1075 visa
1092 1049 1168 1075 sunt
1183 1044 1377 1080 necessaria,
1396 1043 1491 1073 verba
1519 1042 1711 1081 plerumque

75 1094 267 1132 desumpsi:
286 1102 399 1134 eaque,
418 1097 453 1125 ut
471 1094 504 1124 in
522 1095 761 1126 Commentario
777 1095 990 1134 prtecedente,
1012 1095 1128 1134 signis,
1152 1094 1246 1133 queis
1267 1093 1563 1132 distinguerentur,
1582 1093 1710 1123 inclusi.

77 1144 306 1175 Correctiones
334 1143 466 1184 majoris
484 1145 650 1181 momenti,
667 1153 703 1176 ac
722 1145 883 1176 variantes
901 1145 1054 1176 lectiones
1070 1152 1160 1183 aeque
1176 1144 1209 1174 in
1231 1143 1302 1180 hac,
1319 1147 1415 1183 atque
1435 1143 1468 1174 in
1488 1143 1544 1174 illo
1561 1144 1598 1174 ad
1627 1153 1643 1173 n
1657 1151 1710 1174 ar-

71 1193 187 1232 ginem
221 1193 383 1223 adnotavi.
415 1193 473 1224 Ubi
496 1202 571 1225 vero
600 1195 807 1234 praepositum
829 1195 950 1226 videris
975 1195 1034 1226 hoc
1063 1194 1293 1234 compendium
1320 1198 1369 1230 ἴση
1388 1203 1446 1226 seu
1467 1198 1542 1232 ἴσως,
1565 1196 1713 1238 fortasse,

69 1244 163 1274 scias
183 1244 292 1279 velim,
322 1253 358 1275 ea
375 1253 424 1275 me
440 1253 478 1275 ex
505 1245 571 1276 sola
589 1246 768 1285 conjectura
792 1246 997 1285 apposuisse.
1018 1245 1133 1275 Menda
1155 1245 1279 1275 notiora
1298 1249 1328 1275 et
1348 1245 1448 1284 magis
1463 1245 1557 1276 obvia
1583 1245 1714 1280 sustuli,

72 1295 171 1325 nulla
188 1295 296 1326 addita
323 1295 560 1327 admonitione.
587 1297 683 1327 Notas
708 1296 846 1336 aliquas,
867 1297 906 1327 de
921 1295 1041 1336 quibus
1068 1295 1129 1326 sub
1146 1295 1240 1326 tinem
1263 1295 1360 1334 hujus
1383 1295 1584 1328 Prtefationis
1617 1304 1716 1335 pauca

68 1345 199 1379 rdiram,
216 1346 254 1376 ad
271 1346 388 1377 calcem
406 1346 593 1386 paginarum
609 1347 757 1387 adjunxi.
785 1347 892 1378 Codex
911 1345 1348 1383 Ctesareo—Vindobonensis,
1370 1346 1426 1386 qui
1454 1345 1540 1378 hunc
1573 1346 1716 1377 continet

70 1397 368 1434 ~Commentarium,
395 1399 581 1430 chartaceus
606 1404 653 1431 est
683 1400 717 1430 in
743 1399 824 1430 folio
848 1399 987 1435 minore,
1006 1402 1036 1429 et
1053 1397 1193 1437 eleganti
1209 1398 1423 1437 quidem,scd
1444 1399 1620 1430 minutiore
1644 1398 1718 1428 cha-

79 1454 206 1480 ractere
225 1454 383 1482 exaratos.
402 1452 427 1481 A
448 1451 617 1482 Lambecio
632 1451 875 1482 vetustissimus
893 1459 927 1482 ac
948 1451 1234 1490 prmstantissimus
1262 1450 1381 1481 dicitur
1398 1461 1405 1480 :
1422 1450 1479 1481 sed
1497 1450 1575 1482 mihi
1592 1451 1623 1483 in
1641 1460 1717 1483 eum

81 1501 203 1529 attente
221 1499 356 1530 intuenti
373 1508 432 1530 nec
451 1504 668 1538 pervetust‘us,
691 1509 798 1540 neque
820 1500 900 1530 adeo
928 1504 1079 1538 pratstans
1105 1508 1177 1531 esse
1198 1500 1327 1531 videtur
1342 1499 1382 1530 0b
1399 1499 1543 1531 defectus
1566 1502 1718 1540 superius

83 1550 253 1580 indicatos.
277 1550 314 1580 Et
338 1559 427 1588 sane,
445 1552 583 1589 tametsi,
604 1557 676 1583 nota
704 1552 856 1590 temporis
883 1552 1064 1588 deﬁciente,
1085 1558 1172 1583 certo
1197 1552 1330 1584 deﬁnire
1350 1559 1415 1583 non
1431 1551 1525 1583 liceat
1547 1561 1609 1595 qua
1628 1557 1718 1585 uitato

83 1599 184 1631 fuerit
203 1605 362 1638 exaratus,
381 1601 596 1634 nihilominus
613 1606 685 1634 ante
704 1602 860 1634 szrculum
876 1612 933 1633 xiv
951 1603 1002 1633 vix
1023 1603 1214 1635 crediderim
1227 1611 1300 1634 eum
1315 1601 1417 1633 fuisse
1431 1603 1662 1642 conscriptum.
1683 1604 1719 1635 Id

85 1654 193 1681 tamen
216 1652 294 1682 satis
325 1651 403 1682 mihi
436 1653 565 1684 videtur
587 1653 626 1684 ad
653 1653 886 1685 conciliandam
905 1653 1096 1684 testimonio
1115 1653 1210 1684 istius
1229 1653 1350 1684 codicis
1375 1652 1596 1686 auctoritatem
1625 1654 1659 1684 in
1679 1662 1720 1684 eo

85 1700 174 1738 quod
192 1699 450 1739 TbBOphylactus
472 1701 660 1733 istiusmodi
687 1701 915 1734 Commentarii
941 1707 1051 1734 auctor
1067 1703 1202 1734 dicatur.
1231 1703 1292 1734 Sed
1306 1711 1372 1742 jam
1396 1703 1435 1734 de
1455 1703 1526 1743 ipso
1545 1704 1721 1735 Commen-

87 1749 167 1780 tario
183 1750 339 1782 nonnulla
355 1751 473 1782 addere
490 1756 627 1790 praestat.

128 1802 200 1836 XII.
231 1803 274 1839 Is,
296 1811 364 1834 mea
391 1803 525 1843 quidem
551 1805 721 1840 sententia,
753 1805 832 1836 satis
865 1805 1036 1845 praeclarus
1063 1809 1124 1836 est.
1153 1805 1336 1838 Litteralem
1365 1806 1556 1847 plerumque
1586 1814 1719 1837 sensum

87 1852 210 1891 optime
229 1851 379 1890 explicat,
397 1856 427 1883 et
443 1853 612 1884 occasione
627 1854 709 1890 data,
721 1854 748 1884 si
761 1863 824 1894 qua
833 1854 974 1885 occurrit
988 1854 1158 1890 dubitatio,
1173 1859 1354 1893 opportune
1366 1855 1500 1886 discutit
1515 1855 1721 1893 breviterque

90 1903 234 1934 resolvit.
269 1905 428 1936 Nonnulla
460 1909 566 1936 tamen
595 1906 694 1936 veluti
721 1910 886 1941 extranea,
912 1910 967 1937 aut
998 1914 1060 1937 non
1091 1906 1226 1937 omnino
1255 1915 1398 1938 consona
1423 1908 1559 1944 veritati,
1584 1917 1721 1947 quaeque

89 1955 257 1986 eruditum
278 1959 558 1986 commentatorem
584 1955 753 1991 dedecent,
783 1956 1006 1994 reperiuntur.
1033 1956 1092 1987 Sed
1118 1956 1183 1987 lucc
1203 1955 1295 1986 scioli
1320 1956 1459 1995 alicujus
1483 1957 1604 1998 adjecta
1625 1966 1722 1988 manu

90 2005 206 2040 fuisse,
231 2004 282 2034 vix
307 2004 430 2036 dubito.
455 2005 692 2036 Commentario
720 2005 781 2035 sub
805 2006 996 2036 OEcumenii
1025 2005 1157 2036 nomine
1174 2005 1262 2035 edito
1290 2005 1418 2035 brevior
1443 2005 1634 2044 plerumque
1659 2014 1721 2040 est,

91 2066 155 2097 quo
172 2057 210 2086 ad
229 2057 457 2096 't‘tmOphylacti
476 2057 617 2088 indolem
635 2057 765 2096 propius
780 2058 914 2093 accedit,
931 2057 1051 2097 quippe
1084 2058 1140 2096 qui
1166 2057 1322 2087 nonnulla
1346 2064 1477 2095 prorsus
1499 2056 1634 2091 omittit;
1660 2055 1722 2086 alia

93 2118 168 2138 vero
201 2108 300 2147 magis
329 2107 487 2138 contrahit
514 2113 610 2147 atque
639 2107 817 2147 restringit.
840 2109 943 2145 Quam
972 2116 1046 2138 vero
1076 2110 1117 2138 ob
1141 2115 1269 2138 causam
1290 2107 1384 2137 verba
1405 2106 1515 2137 sensui
1542 2106 1723 2137 necessaria

92 2165 316 2196 smpenuiuero
332 2158 530 2194 omittantur,
549 2157 675 2196 ignoro.
696 2157 781 2188 Illud
796 2163 919 2188 certum
937 2158 1073 2194 videtur,
1097 2167 1160 2189 non
1179 2158 1271 2198 primi
1289 2159 1439 2192 auctoris,
1460 2159 1515 2188 sed
1542 2158 1722 2197 cujuspiam

94 2209 219 2240 librarii
238 2208 330 2247 culpa
346 2208 376 2238 id
391 2208 546 2238 accidisse
563 2216 569 2238 :
586 2209 857 2246 quemadmodum
877 2208 1021 2248 longiora
1037 2210 1184 2249 quaedam
1204 2218 1240 2240 ac
1256 2209 1352 2249 genio
1368 2209 1598 2249 'l‘ht-ophylacti
1617 2211 1723 2240 minus

93 2265 322 2294 consentanea,
339 2259 377 2289 ab
393 2258 503 2296 aliquo
520 2257 669 2288 videntur
685 2259 821 2289 intrusa.
839 2260 973 2290 Nomina
989 2264 1167 2296 auctorum,
1193 2260 1221 2290 si
1238 2260 1502 2299 Chrysostomum
1518 2266 1548 2291 et
1569 2261 1725 2301 Cyrillum

95 2311 178 2349 cuii
195 2311 252 2346 ias,
284 2309 370 2340 nulla
398 2310 577 2340 atteruntur
595 2319 602 2338 :
619 2314 756 2339 attamen
783 2310 876 2340 dictis
902 2319 1045 2342 veterum
1065 2313 1191 2341 Patrum
1223 2310 1413 2349 plerumque
1439 2312 1469 2342 in
1497 2313 1724 2351 compendium

99 2363 234 2394 redactis
255 2361 302 2392 sin
319 2361 434 2397 omnia,
452 2360 588 2398 plurima
605 2361 717 2390 saltem
732 2360 763 2390 in
780 2369 818 2392 eo
837 2362 975 2397 contexi,
993 2366 1217 2401 argumentum
1237 2366 1296 2398 est,
1313 2362 1397 2401 quod
1417 2362 1494 2392 mihi
1510 2370 1593 2399 smpa
1613 2363 1723 2392 eadem

99 2422 232 2453 prorsus
248 2412 458 2447 occurret-int,
475 2420 546 2450 qum
565 2411 597 2440 in
611 2411 726 2440 Catena
737 2410 1043 2447 \"indobonensi,de
1060 2421 1122 2450 qua
1137 2420 1244 2449 supra,
1262 2413 1477 2451 perlegeram;
1494 2411 1638 2451 adeoque
1656 2412 1726 2451 ejus

98 2473 157 2502 ope
173 2462 401 2494 Commentarii
426 2462 522 2501 hujus
537 2466 657 2492 textum
678 2462 847 2493 emendare
863 2471 1095 2502 nonnunquam
1115 2463 1202 2500 potui
1227 2473 1234 2493 :
1254 2471 1352 2502 quare
1372 2470 1435 2493 non
1452 2462 1582 2494 omnino
1599 2463 1727 2494 inutilis

100 2523 134 2544 ca
155 2515 270 2543 Catena
289 2511 380 2542 nobis
397 2511 466 2541 fuit.
488 2511 547 2542 Hic
574 2518 659 2546 vero,
686 2515 857 2551 antequam
875 2513 914 2542 de
932 2512 991 2542 hoc
1017 2512 1253 2542 Commentario
1281 2512 1403 2552 praefari
1428 2513 1553 2548 desino,
1579 2514 1726 2545 animad-

102 2568 223 2594 vcitere
252 2566 387 2602 pra-stat,
418 2563 520 2601 primo
552 2566 670 2592 textum
704 2571 800 2592 sacrae
827 2562 998 2601 Scriptura)
1024 2563 1055 2592 in
1078 2562 1135 2593 hoc
1156 2563 1266 2594 codice
1291 2571 1355 2594 non
1381 2571 1509 2603 semper
1530 2565 1570 2595 ita
1586 2565 1727 2596 divisum

102 2613 330 2651 digestuntque
347 2620 430 2647 esse,
449 2615 482 2640 ut
498 2611 670 2651 Scriptura:
686 2611 780 2644 verba
798 2611 979 2642 immediate
996 2611 1129 2651 excipiat
1148 2612 1307 2650 expositio
1323 2612 1573 2652 Theophyiacti;
1590 2615 1644 2644 sed
1662 2614 1728 2645 haec

102 2662 278 2701 aliquando
296 2661 456 2700 prmcedit,
471 2661 645 2702 aliquando
658 2661 755 2693 simul
773 2661 921 2701 prtecedit
939 2661 1227 2700 subsequiturque.
1243 2661 1456 2698 Quamobrem
1469 2663 1524 2702 qui
1548 2663 1727 2702 cujuSpiam

106 2720 209 2745 textus
226 2712 485 2751 explanationem
507 2712 660 2752 exquirit,
679 2713 796 2742 nedum
821 2712 1067 2751 subsequentia,
1091 2713 1147 2742 sed
1169 2717 1198 2742 ct
1225 2713 1367 2750 proxime
1387 2713 1609 2743 antecedentia
1634 2713 1728 2753 legat,

107 2773 236 2796 necesse
253 2767 311 2793 est.
328 2763 408 2799 Quia
421 2771 495 2806 vero
510 2763 542 2794 in
561 2763 744 2803 apographo
766 2772 837 2794 meo
851 2765 1047 2803 quandoque
1064 2764 1168 2803 reperi
1187 2763 1424 2803 expositionem
1440 2764 1479 2794 ab
1495 2764 1564 2805 ipso
1581 2768 1667 2795 textu
1688 2765 1728 2794 ita

109 2816 291 2851 distantem,
309 2819 340 2844 ut
362 2814 410 2845 vix
429 2814 574 2854 dignosci
595 2819 703 2854 posset
729 2815 924 2855 quibusnam
943 2814 1047 2847 verbis
1063 2816 1285 2854 responderet,
1305 2815 1378 2846 ideo
1393 2816 1432 2847 ad
1456 2815 1674 2847 difficultatem
1691 2817 1728 2846 de
