1880 3055
169 95 223 126 4‘2}
303 102 309 106 ‘
676 93 868 122 IMNIFACH
892 93 1047 123 FlNETTl
1076 92 1272 122 PRIEFATIO
1754 92 1806 125 424

171 149 279 180 medio
297 147 396 179 lollcn
412 148 470 178 lam
483 148 618 177 alterum
632 155 670 177 ex
693 148 742 177 his
760 147 889 185 praestiti
908 159 916 177 :
938 147 985 177 vel
1007 147 1113 186 aliqua
1131 147 1302 185 Scripturae
1321 145 1427 182 verba,
1442 145 1551 178 Graeco
1563 150 1653 178 textu
1672 154 1807 185 prorsus

171 198 302 236 intacto,
326 200 357 231 in
381 201 528 230 versione
551 200 663 229 iterato
681 199 791 237 posui;
812 198 874 235 vel,
892 199 918 228 si
938 198 971 229 id
994 199 1177 229 confusioni
1205 198 1356 228 tollendte
1371 197 1477 228 minus
1501 197 1676 232 sufﬁceret,
1697 198 1806 237 ipsum

171 252 342 290 Scriptura:
358 256 478 280 textum
498 249 562 279 alio
586 249 748 283 transtuli,
770 253 800 279 et
825 248 1051 281 Commentarii
1078 249 1187 279 sedem
1215 247 1310 287 paulo
1327 247 1458 279 inverti.
1475 247 1647 279 Confusam
1673 248 1760 279 banc
1777 253 1806 279 et

171 302 280 332 minus
306 305 407 339 aptam
439 300 519 329 sa.-ri
547 303 653 329 textus
678 299 922 331 collocationem
950 307 1013 330 non
1032 299 1063 328 in
1092 299 1151 330 hoc
1177 300 1294 335 solum,
1315 298 1370 328 sed
1398 298 1492 332 etiam
1519 298 1550 328 in
1571 298 1645 328 aliis
1664 298 1806 328 aliorum

170 355 377 391 scriptorum,
390 351 456 381 ium
487 355 517 380 et
533 350 762 390 'l‘lteophj'lacti
792 350 1038 384 Commentariis
1061 350 1237 382 identidem
1261 349 1483 383 animadverti.
1508 350 1588 386 Qum
1610 354 1809 389 prmjiostera

171 402 343 441 dispositio
368 411 405 432 ex
423 409 461 432 eo
492 405 560 433 orla
585 401 724 438 videtur,
738 402 825 442 quod
852 408 915 432 non
946 408 1008 430 suo
1037 408 1175 439 quaeque
1206 399 1306 430 textui
1336 399 1481 438 subjecta
1515 400 1677 438 principio
1706 399 1808 430 fuerit

162 453 349 491 expositio;
378 453 434 483 sed
469 452 501 482 in
533 452 677 491 margine
706 451 829 485 lateralj
857 451 897 483 ab
925 451 1112 482 auctoribus
1141 451 1191 482 vel
1222 450 1452 482 collectoribus
1479 451 1584 490 posita
1603 450 1806 482 interdume

172 503 314 542 regione,
333 503 495 534 interdum
506 505 606 534 etiam
629 503 781 539 inferius,
816 503 911 544 cujus
937 504 981 534 rei
1010 502 1109 536 multa
1133 507 1310 545 supersunt
1343 505 1510 542 exempla;
1533 502 1652 535 deinde
1680 509 1760 533 vero
1790 511 1806 532 θ

172 554 313 585 librariis
332 555 437 586 textui
450 563 540 586 sacro
550 554 594 585 .ad
614 553 740 584 libitum
753 554 804 585 vel
824 563 861 585 ex
878 553 1038 593 imperitia
1061 553 1201 590 dissecto
1219 553 1386 593 supposita
1413 553 1521 584 fuerit.
1544 554 1674 586 Certum
1690 554 1808 585 saltem

167 605 313 642 .videlur,
338 615 419 642 eam,
436 614 509 644 quae
530 605 563 636 in
580 605 718 636 diversis
748 604 917 636 codicibus
937 605 1033 642 inest,
1054 604 1252 641 varietatem,
1270 604 1318 634 vel
1339 604 1371 635 in
1394 611 1463 635 uno
1486 603 1668 645 eodemque
1693 605 1808 635 coJice

172 657 411 691 confusionem,
430 659 574 694 potuisse
591 663 630 687 ex
648 654 707 685 hoc
724 654 825 693 capite
848 654 947 691 oriri;
967 657 1000 685 ut
1028 653 1137 685 mirari
1163 653 1299 693 proinde
1325 660 1421 687 nemo
1437 652 1563 690 debeat,
1591 654 1620 685 si
1642 653 1742 685 aliter
1755 654 1808 684 hic

162 715 268 749 .atque
297 710 330 739 in
355 708 598 739 OEcumeuiauo
623 707 862 739 Commentario
883 705 1065 746 dispositus
1089 706 1262 745 Scriptum
1287 708 1393 737 textus
1415 705 1609 745 divisusque
1627 709 1783 740 cernatur
1799 715 1809 735 :

173 760 322 802 quamvis
339 759 434 790 etiam
449 758 632 792 lientenius
647 758 788 798 aliquam
806 758 850 789 ibi
870 758 1081 790 mulationem
1099 758 1271 795 invexerit,
1294 761 1330 788 ut
1344 757 1493 796 ipsemet,
1505 758 1598 789 allata
1616 758 1811 790 mutationis

166 810 450 847 iratione,.fatetur.
467 809 626 845 Alterum,
642 809 682 839 de
699 817 765 849 quo
779 809 943 843 Lectorem
961 809 1182 846 [mmmonitum
1198 808 1307 844 velim,
1324 812 1383 844 est,
1395 808 1427 838 in
1440 808 1550 839 codice
1559 808 1810 843 Vindobonensi

168 861 315 901 singulis
336 860 468 900 quidem
498 859 651 898 Epistolis
671 859 934 898 uniuscujusque
957 862 1183 898 argumentum
1202 858 1369 897 praemitti;
1392 859 1448 893 sed
1479 858 1639 897 Epistolas
1660 859 1748 897 ipsas
1777 864 1810 890 et

175 909 429 942 Commentarios
445 909 571 941 illarum
585 917 648 939 non
666 909 848 948 interrupto
877 909 931 940 tilo
951 908 1080 948 absque.
1096 908 1330 943 versiculorum
1352 913 1407 938 aut
1429 907 1571 948 capitum
1595 908 1811 940 distinctione

175 968 246 991 esse
261 960 396 999 digesta.
417 959 496 993 llaec
522 958 669 991 addenda
697 958 810 990 censui
838 957 969 999 majoris
996 959 1156 992 commodi
1183 958 1284 998 gratia
1308 959 1399 998 juxta
1415 962 1602 991 consuetam
1619 959 1811 995 Latinorum

174 1010 422 1048 Graecorumque
442 1008 635 1043 numerandi
652 1008 822 1041 rationem.
836 1009 1034 1047 Argumenta
1048 1015 1124 1043 vero
1141 1007 1354 1045 Epistolarum
1367 1006 1481 1039 eodem
1498 1007 1593 1038 modo
1607 1007 1728 1046 reliqui
1741 1015 1812 1047 quo

175 1062 209 1097 in
225 1060 335 1092 codice
361 1063 449 1097 sunt,
475 1068 514 1091 ne
543 1068 593 1090 me
605 1058 724 1099 aliquis
744 1063 856 1098 arguat
872 1059 1084 1097 inﬁdelitatis,
1108 1067 1237 1099 unaque
1259 1058 1360 1092 lector
1377 1062 1539 1098 agnoscat,
1559 1062 1637 1099 quot
1652 1059 1684 1090 in
1705 1060 1812 1097 capita

174 1116 285 1145 auctor
300 1111 540 1149 Commentarii,
555 1111 604 1142 vel
622 1110 707 1142 alius
723 1111 911 1151 quicunque
926 1110 1038 1150 fuerit,
1055 1111 1214 1150 Epistolas
1239 1111 1385 1150 singulas
1415 1111 1519 1142 secari
1544 1110 1686 1143 voluerit
1705 1119 1714 1141 :
1736 1119 1812 1147 nam

177 1163 312 1202 plurain
330 1171 522 1202 unaquaque
540 1165 707 1195 enumerat
734 1162 849 1201 capita,
865 1171 961 1201 quam
990 1161 1172 1193 enumerari
1199 1161 1417 1193 communiter
1446 1161 1580 1192 soleant.
1597 1162 1640 1192 Ea
1665 1162 1813 1202 capitum

175 1213 388 1251 enumeratio,
411 1221 483 1252 quas
501 1213 532 1244 in
548 1212 689 1244 editione
705 1213 960 1250 OEcumcniana,
977 1213 1150 1245 exhibetur
1167 1213 1263 1244 etiam
1286 1212 1318 1244 in
1334 1212 1594 1246 Commentariis.
1615 1212 1758 1251 Insuper
1771 1212 1812 1245 ad

175 1265 291 1297 calcem
309 1264 484 1304 cujuslibet
503 1263 722 1295 commentarii
740 1267 868 1295 notatur
883 1273 1038 1295 numerus
1051 1263 1297 1300 versiculorum,
1312 1271 1394 1302 quos
1414 1263 1556 1302 Epistula
1567 1262 1600 1299 in
1610 1266 1648 1293 e'o
1662 1264 1814 1302 exposita

172 1313 409 1345 commentario
425 1314 674 1353 complectitur:
695 1314 750 1353 qui
781 1322 935 1345 numerus
955 1314 1057 1345 multo
1083 1315 1183 1353 major
1208 1317 1268 1350 est,
1294 1313 1468 1351 praesertim
1501 1313 1533 1343 in
1557 1313 1812 1351 posterioribus:

177 1371 312 1395 numero
328 1366 495 1394 consueto.
512 1363 639 1399 Menda,
660 1372 732 1402 quas
749 1363 781 1394 in
799 1363 960 1402 ejusmodi
977 1372 1130 1395 numeros
1142 1364 1277 1396 fortasse
1292 1364 1507 1403 irrepserunt,
1519 1363 1681 1402 corrigere
1702 1364 1810 1394 nolui.

177 1419 264 1449 ratus
282 1414 349 1446 ﬁeri
367 1414 522 1453 potuisse,
539 1419 572 1445 ut
591 1419 713 1451 auctor,
731 1415 827 1445 sicuti
845 1414 937 1454 plura
955 1416 1069 1454 capita,
1086 1416 1126 1447 ita
1147 1420 1177 1446 et
1191 1417 1300 1456 plures
1312 1414 1507 1453 enumerarit
1527 1413 1719 1455 versiculos,
1739 1415 1811 1449 lice'

173 1466 222 1502 rei
241 1465 380 1509 hujusce
396 1473 523 1497 causam
541 1473 671 1496 urorsus
688 1466 845 1505 iguOrem.
864 1466 925 1497 Sed
942 1467 980 1498 de
1000 1466 1059 1498 hoc
1076 1474 1172 1507 Opere
1190 1467 1279 1503 satis.

885 1547 1027 1578 SECTIO
1059 1549 1113 1580 ιν.

650 1618 692 1650 De
714 1618 856 1652 citatione
875 1618 908 1649 in
928 1617 1152 1650 Atloralt'onem
1168 1620 1201 1651 S.
1223 1621 1339 1652 crucia.

219 1680 305 1710 XIII.
322 1675 570 1716 Exegeticorum
587 1675 819 1715 Tlieopbylacti
835 1685 972 1716 operum
993 1677 1024 1708 in
1043 1678 1122 1708 Novi
1149 1679 1345 1710 Testnmeuti
1366 1680 1574 1720 Scripturam,
1596 1680 1703 1721 quoad
1731 1681 1812 1711 mihi

179 1734 313 1766 ccustat,
334 1736 503 1760 numerum
526 1727 646 1757 claudit
663 1727 920 1757 Commentarios
946 1727 979 1758 in
1003 1729 1165 1767 Epistolas
1188 1729 1377 1761 Catholicas.
1404 1731 1439 1761 ln
1465 1731 1614 1770 sequenti
1645 1731 1814 1763 volumine

180 1784 294 1819 quarto
310 1778 391 1809 alios
407 1777 550 1817 ejusdem
567 1777 820 1808 Commentarios
841 1777 871 1807 in
891 1778 990 1808 l'etus
1015 1779 1254 1809 Testamentum
1280 1780 1439 1812 invenies.
1468 1782 1503 1812 lu
1528 1781 1587 1812 hoc
1619 1790 1697 1812 Vero
1725 1782 1814 1812 varia

180 1828 411 1867 't‘heopbylacti
427 1826 582 1867 opuscula
601 1826 833 1865 subjiciuntur,
852 1828 947 1866 queis
968 1835 1079 1866 magna
1094 1836 1136 1858 ex
1162 1832 1245 1867 parte
1263 1833 1368 1860 tomus
1392 1830 1453 1860 iste
1477 1830 1645 1863 conﬂatur.
1668 1831 1814 1865 Primum

180 1884 227 1909 est
244 1878 354 1909 Oratio
371 1878 405 1907 in
426 1877 642 1912 adorationem
659 1876 691 1906 S.
716 1877 844 1911 crucis;
859 1886 931 1916 quae
945 1878 1077 1916 quidem
1101 1878 1203 1909 oratio
1224 1879 1329 1911 Graice
1357 1881 1533 1920 Latineque
1555 1882 1638 1912 edita
1660 1881 1724 1912 fuit
1743 1882 1810 1921 jam

181 1930 305 1968 pridem
322 1938 336 1958 ει
355 1928 542 1959 doctissimo
557 1926 725 1958 Societatis
744 1928 820 1958 Jesu
837 1927 989 1968 theologo
1004 1928 1121 1959 Jacobo
1138 1930 1300 1967 tiretsero,
1320 1934 1406 1961 tonio
1418 1933 1563 1962 secundo
1582 1933 1625 1962 De
1643 1934 1676 1963 S.
1703 1942 1810 1964 cruce-

180 1981 243 2015 Nos
258 1985 363 2011 tamen
380 1982 502 2010 textum
520 1978 664 2012 Graecum
681 1985 745 2008 non
764 1986 801 2008 ex
819 1978 933 2012 eodem
952 1979 1113 2016 Gretscro,
1136 1980 1192 2010 sed
1212 1989 1252 2010 ex
1270 1980 1378 2011 codice
1399 1981 1811 2015 Cgesareo-Vindobonensi

179 2031 374 2069 descriptum
393 2028 597 2059 exhibemus.
616 2027 715 2058 Suum
735 2026 790 2057 ille
813 2027 1010 2066 deprompsit
1026 2036 1068 2059 ex
1082 2029 1192 2060 codice
1205 2030 1606 2062 Bavarico-Mouacbiensi.
1625 2033 1685 2063 Sed
1703 2034 1811 2072 quoad

181 2079 336 2118 colligere
355 2078 448 2109 licuit
466 2086 504 2107 ex
521 2081 667 2108 accurata
682 2077 852 2116 utriusque
868 2081 974 2108 textus
992 2078 1175 2115 collatione,
1193 2079 1391 2119 deprehendi
1418 2081 1466 2111 vel
1486 2082 1622 2114 alterum
1646 2091 1684 2114 ex
1711 2083 1813 2114 altero

180 2131 231 2162 vel
248 2135 424 2169 utrumque
441 2137 480 2158 ex
497 2136 562 2159 uno
579 2128 758 2168 eodemque
776 2129 886 2160 codice
899 2128 1002 2160 fuisse
1020 2130 1228 2169 descriptum.
1247 2132 1291 2166 Ita
1307 2132 1394 2164 enim
1413 2133 1608 2163 conveniunt
1626 2133 1709 2164 inter
1724 2143 1811 2170 sese,

182 2188 216 2213 ut
236 2191 274 2212 ne
292 2182 450 2211 variantes
469 2179 600 2218 quidem
620 2179 787 2218 lectiones,
804 2180 833 2211 si
850 2189 957 2218 unam,
973 2180 1022 2212 vel
1039 2181 1170 2212 alteram
1186 2182 1341 2221 excipias,
1368 2184 1579 2222 suppeditarit
1595 2184 1653 2214 ista
1670 2184 1810 2216 collatio.

181 2235 340 2278 Quodque
361 2232 464 2271 majus
482 2235 540 2266 est,
556 2231 724 2262 lacunulas
745 2232 838 2267 duas,
860 2241 997 2271 quarum
1019 2233 1149 2264 alteram
1167 2242 1206 2264 ex
1227 2234 1409 2274 conjectura
1426 2235 1493 2274 ipse
1510 2235 1669 2274 suppleri,
1696 2235 1811 2266 eodem

182 2286 214 2319 in
241 2285 309 2315 tow
334 2282 513 2322 eodemque
537 2283 634 2314 modo
662 2283 756 2313 habet
786 2287 935 2322 uterque.
967 2284 1157 2315 Versionem
1193 2286 1346 2320 Latinam,
1375 2295 1470 2326 quam
1499 2287 1667 2317 Grctserus
1695 2287 1813 2318 Graecae

183 2338 302 2376 linguae
320 2335 537 2374 peritissimus
557 2334 738 2368 adornavit,
756 2335 908 2373 subjicio.
927 2335 1083 2366 Pauculas
1100 2336 1132 2366 in
1160 2337 1220 2367 fine
1242 2337 1398 2369 orationis
1417 2342 1506 2368 notas
1536 2339 1650 2377 adjecit
1675 2338 1745 2374 ille;
1772 2348 1813 2369 ex

183 2388 303 2429 quibus
319 2388 413 2424 duas,
430 2395 502 2426 quaa
515 2386 654 2426 alicujus
677 2387 830 2417 momenti
849 2387 927 2418 visui
946 2392 1034 2425 sunt,
1056 2388 1244 2427 selegimus,
1270 2397 1395 2428 suoque
1417 2390 1450 2420 in
1477 2389 1546 2421 loco
1570 2391 1811 2426 collocavimus,

183 2447 297 2477 nempe
321 2438 435 2477 pagina
450 2437 519 2468 A58.
538 2438 601 2467 Nos
623 2445 729 2474 unam,
758 2437 804 2468 vel
833 2438 976 2476 alteram,
1001 2439 1052 2470 cui
1074 2440 1179 2478 aliqua
1206 2441 1353 2470 codicum
1381 2442 1513 2471 varietas
1535 2449 1643 2472 ansam
1665 2443 1811 2480 prazbuit,

182 2492 378 2524 addidimus.
397 2490 553 2525 Craterum
572 2489 699 2528 egregia
717 2494 765 2520 est
787 2490 898 2521 isthaec
923 2491 1037 2527 oratio,
1066 2496 1098 2521 et
1121 2491 1359 2530 Theophylacto
1380 2493 1516 2524 maxime
1543 2494 1649 2532 digna,
1676 2494 1812 2533 ejusque

182 2543 312 2583 genium
327 2551 363 2573 ac
378 2540 513 2580 stylum,
531 2549 602 2572 meo
618 2541 750 2580 quidem
765 2542 902 2580 judicio,
921 2551 985 2581 pra;
999 2551 1033 2572 se
1049 2542 1126 2573 fert:
1146 2543 1353 2581 quamobrem
1371 2543 1457 2574 nulla
1474 2552 1544 2574 esse
1561 2544 1654 2575 debet
1669 2544 1708 2574 de
1722 2544 1812 2574 illius

181 2600 310 2625 auctore
327 2592 485 2631 suspicio.
502 2591 610 2622 Medio
625 2592 828 2632 Jejuniorum
846 2597 1000 2633 tempore,
1031 2598 1065 2624 ut
1091 2603 1129 2624 ex
1145 2594 1215 2633 ejus
1247 2594 1340 2625 titulo
1368 2600 1504 2630 constat,
1536 2595 1640 2626 habita
1666 2600 1724 2631 est,
1760 2596 1812 2626 die

182 2642 306 2675 scilicet
320 2642 431 2681 aliquo
449 2640 655 2673 hebdomadas
670 2647 793 2682 quartas
809 2643 1081 2682 Quadragesimm,
1098 2652 1170 2682 quae
1187 2651 1203 2674 a
1221 2644 1339 2674 Graecis
1358 2647 1566 2682 μεσονήστιμος,
1585 2644 1679 2676 medii
1693 2646 1812 2685 jejunii

185 2700 326 2730 vocatur,
342 2692 419 2732 quia
434 2700 550 2731 nempe
564 2700 603 2723 ex
617 2696 739 2730 septem
757 2692 981 2730 hebdomadis,
1000 2693 1250 2732 quasjejunium
1268 2693 1552 2733 Quadragesimale
1577 2694 1662 2734 apud
1687 2694 1810 2724 Graecos

183 2745 404 2785 complectitur
427 2745 581 2784 integras,
601 2747 711 2783 quarta
725 2744 880 2784 {medium
907 2745 968 2776 sibi
998 2745 1135 2776 vindicat
1167 2746 1282 2776 locum.
1310 2747 1402 2786 Tota_
1421 2745 1477 2776 hac
1506 2745 1701 2777 bebdomada
1733 2753 1808 2775 crux

186 2796 304 2837 populo
315 2797 473 2830 adoranda
487 2805 504 2828 a
519 2796 681 2827 sacerdote
693 2797 882 2828 solemnitcr
896 2797 1078 2828 exhibetur.
1094 2797 1250 2834 Quocirca
1267 2796 1430 2828 Dominica
1445 2797 1546 2833 tertia,
1560 2805 1621 2837 qua
1634 2797 1807 2835 insequens
