1880 3055
72 117 134 150 425
511 118 551 148 IN
575 118 792 164 SEQUENTIA
812 120 814 129 ‘

975 119 1100 150 i'LAC'l‘l
1118 119 1187 151 SCR
1194 120 1285 151 lPTA.
1667 120 1717 154 426

74 174 256 206 inchoatur
276 174 488 213 hebdomada,
510 178 637 214 κυριακῇ
658 186 815 213 σταυρηπρο

980 200 987 213 ,
1010 177 1172 208 Dominica
1194 177 1392 209 adorationis
1421 178 1526 209 cruci:
1555 186 1573 209 a
1601 179 1718 210 Grmcis

73 226 214 258 dicitur.
233 227 350 258 Preter
364 227 446 258 hanc
466 226 697 266 'l‘heOphylacti
722 224 889 256 homiliam
905 233 1030 259 exatant
1051 229 1124 260 alim
1144 230 1252 268 plures
1268 230 1308 260 ab
1328 229 1569 271 antiquioribus
1591 230 1722 262 Graeciaa

75 277 230 308 Patrlbus
246 276 363 308 habitae
379 278 409 308 in
428 277 485 308 hac
499 277 568 317 ipsa
587 276 805 314 solemnitate,
819 285 899 316 quas
912 278 1313 322 prazlaudatusGrctserus
1332 282 1574 313 accuratissime
1593 282 1722 322 collegit

75 330 252 369 ediditque
270 329 302 359 in
319 329 470 368 praedicto
487 337 584 367 opere
596 329 639 359 De
655 337 759 360 cruce.
775 329 819 359 Ex
835 328 955 369 quibus
970 329 1051 362 illud
1070 331 1182 362 saltem
1197 331 1345 370 efﬁcitur,
1362 333 1504 364 Grecam
1516 341 1590 364 cum
1612 333 1723 365 Latina

74 380 258 412 Ecclesiam
275 381 307 411 in
328 380 387 411 hoc
402 380 550 420 dogmate
567 379 607 410 de
625 379 731 411 crucis
751 380 940 412 adcretione
956 390 1014 412 seu
1033 383 1241 414 veneratione
1260 383 1448 423 planissime
1470 385 1670 422 consentire;
1691 390 1724 417 et

75 431 142 463 hoc
159 432 367 471 potissimum
383 435 444 469 est,
463 431 548 471 quod
566 431 685 462 exinde
704 431 835 470 petitur,
853 433 1124 464 emolumentum.

797 520 940 550 SECTIO
964 521 999 551 V.

358 595 399 624 De
415 593 558 625 oratione
574 594 607 624 in
622 593 899 623 Prwsentatianem
916 593 952 624 Β.
969 594 1081 625 Μανίαν
1110 595 1247 634 Virginis
1269 597 1302 627 in
1321 598 1448 636 tempto.

116 671 204 702 XIV.
249 670 431 701 Orationem
473 670 556 701 hanc
597 670 708 700 Latine
746 669 886 700 reddidit
923 670 1320 712 ediditqugFranciscus
1353 672 1565 704 Combeﬁsius
1596 674 1720 705 ordinis

74 721 343 758 Prtedicatorum,
360 728 456 760 quam
474 719 613 750 inseruit
628 719 830 752 Bibliotheca:
844 729 910 751 suae
926 721 1172 753 concianatoritc
1185 725 1262 754 tom.
1280 723 1364 755 VIII.
1382 724 1460 755 Cum
1485 725 1614 756 Grtecus
1630 725 1720 766 ejus-

72 773 150 804 dem
167 777 278 805 textus
293 782 333 804 ex
350 772 460 804 codice
477 771 683 803 bibliothecm
695 772 804 811 Regia)
820 772 1012 804 Parisiensis
1028 774 1211 813 exscriptus
1234 774 1268 805 in
1286 783 1401 805 manus
1428 783 1514 806 meas
1540 775 1720 813 incidisset,

72 833 150 855 cum
167 825 278 856 Latina
300 823 480 856 Combeﬁsii
500 823 650 855 versione
675 823 797 854 centuli
817 834 824 852 :
845 832 917 862 qum
943 824 1016 855 licet
1045 824 1124 855 satis
1154 829 1313 863 accurata,
1342 825 1419 856 mihi
1451 827 1546 866 paulo
1576 827 1643 857 visa
1673 831 1721 858 est

72 877 270 914 obscurior;
291 877 438 917 adeoque
453 876 624 908 clariorem
637 877 732 908 aliam
749 885 784 908 ac
801 877 989 908 nitidiorem
1008 877 1133 910 efﬁcere
1149 882 1283 910 conatus
1306 887 1390 909 sum.
1407 879 1500 916 Quod
1527 882 1633 910 utrum
1657 879 1718 910 sim

73 935 263 967 assecutus,
281 930 411 961 illorum
425 929 588 970 judicium
607 933 688 967 esto,
706 931 761 970 qui
773 930 919 962 conferre
936 936 1106 972 utramque
1122 932 1436 963 volucrintJnterim
1449 941 1520 964 cum
1538 932 1578 963 cl.
1598 932 1722 963 Pra’vt'ac

75 982 324 1014 Diasertationis
342 986 453 1014 auctor
472 983 649 1014 orationem
673 983 754 1014 hanc
770 991 843 1014 cum
862 992 942 1014 nova
968 984 1072 1023 ipsius
1089 985 1239 1016 versione
1266 985 1484 1017 enuntiaverit
1511 985 1719 1026 prodituram,

74 1041 161 1070 eam,
179 1033 288 1073 qualis
305 1034 435 1065 demum
450 1042 579 1073 cunque
596 1034 649 1070 sit,
665 1034 697 1064 in
719 1034 824 1065 lucem
841 1035 966 1067 emitto.
983 1035 1014 1065 Si
1035 1035 1110 1074 quis
1125 1035 1256 1066 alteram
1284 1035 1383 1072 malit,
1411 1036 1594 1076 prmtlictntu
1628 1036 1722 1066 adeat

75 1084 319 1116 Bibliothecam.
339 1085 496 1116 Versione
518 1085 575 1116 hac
593 1094 609 1116 a
626 1094 676 1116 me
691 1086 815 1126 jamdiu
831 1086 988 1123 absoluta,
1015 1085 1103 1118 aliud
1132 1087 1278 1127 ejusdem
1305 1087 1461 1118 orationis
1490 1086 1655 1126 exemplar
1680 1095 1720 1118 ex

73 1136 191 1168 codice
210 1137 247 1168 l5
263 1137 458 1168 Seldeniano
475 1137 695 1169 celeberrima:
711 1137 914 1168 bibliothecae
931 1137 1114 1169 Bodleianae
1126 1138 1427 1177 descriptum,mihi
1443 1138 1575 1169 allatum
1593 1138 1720 1169 Oxonio

74 1191 138 1218 est.
162 1187 337 1228 Utramque
357 1187 526 1219 conferens
549 1196 606 1219 sua
624 1187 656 1219 in
674 1193 813 1228 utroque
830 1189 945 1219 menda
961 1188 1082 1226 detexi,
1102 1192 1198 1228 atque
1219 1188 1356 1220 alterum
1372 1188 1463 1219 alteri
1492 1196 1550 1228 pro
1575 1187 1719 1220 locorum

74 1238 268 1270 diversitate
281 1243 441 1278 prtestare.
452 1239 606 1276 Quamvis
621 1248 696 1271 vero
707 1239 889 1270 Oxoniensi
903 1239 1086 1272 Parisiense
1099 1240 1246 1272 nonnihil
1258 1239 1432 1272 concedere
1446 1239 1622 1277 videretur,
1634 1239 1720 1270 nihi-

76 1289 224 1320 lominus
242 1289 280 1321 ad
298 1289 480 1320 l‘arisicnsc
501 1289 666 1329 ext-mplar
687 1289 768 1321 hanc
794 1290 972 1322 editionem
1001 1291 1131 1330 exigere
1161 1290 1272 1328 malui,
1290 1294 1357 1321 tum
1384 1290 1468 1330 quod
1500 1290 1603 1330 primo
1636 1289 1719 1321 illud

76 1340 191 1371 Latine
206 1340 394 1372 translatum
407 1349 423 1372 a
436 1341 628 1372 Combelisio
641 1342 763 1372 editum
777 1345 875 1378 esset,
888 1345 954 1372 tum
967 1342 1054 1382 quod
1071 1351 1109 1373 ex
1123 1342 1193 1381 ipso
1211 1341 1328 1381 pariter
1344 1349 1445 1373 meam
1462 1349 1522 1381 ego
1539 1341 1719 1372 versionem

73 1391 282 1422 elicuissetn.
302 1393 533 1423 Verumtamen
553 1391 712 1423 variantes
729 1392 851 1423 codicis
874 1393 1057 1423 Barocciani
1083 1392 1240 1424 lectiones
1257 1393 1407 1433 (quarum
1429 1391 1546 1432 aliqua
1571 1391 1719 1423 dicendae

76 1442 188 1482 potius
201 1446 279 1474 sunt
297 1443 524 1483 correctiones)
541 1444 578 1474 ad
597 1443 785 1474 inferiorem
800 1443 977 1482 mw-ginem
993 1443 1246 1484 diligentissime
1263 1443 1430 1480 adnotavi;
1445 1451 1517 1482 quas
1533 1443 1602 1473 loco
1614 1441 1718 1481 ipsius

74 1494 203 1526 codicis
228 1494 340 1526 haberi
360 1495 473 1526 merito
498 1499 644 1533 possunt.
673 1495 784 1531 Quoad
804 1495 904 1534 ipsam
922 1494 1036 1525 attinet
1061 1495 1253 1532 orationem,
1283 1493 1364 1525 adeo
1396 1497 1547 1533 prmstans
1576 1492 1642 1523 visa
1670 1500 1719 1526 est

74 1544 286 1582 Combeﬁsio,
307 1549 341 1575 ut
357 1554 501 1576 asserere
517 1554 581 1576 non
601 1545 768 1582 dubitarit,
795 1546 1071 1586 Theophylactum
1089 1549 1119 1577 et
1148 1546 1180 1576 in
1199 1545 1257 1576 hac
1282 1544 1426 1576 oratione
1453 1544 1719 1584 sapientissimum

75 1595 223 1625 ostendi:
244 1603 303 1625 nec
319 1595 481 1626 immerito
500 1595 645 1634 quidem,
665 1603 736 1626 cum
756 1595 925 1635 multiplex
945 1596 1152 1635 el0quentite,
1173 1595 1369 1627 eruditionis
1385 1599 1416 1626 et
1436 1594 1604 1626 vividioris
1628 1594 1719 1634 inge-

76 1645 123 1676 nii
141 1646 176 1676 in
194 1654 230 1676 ea
253 1645 361 1676 lumen
382 1645 545 1686 effulgent.
567 1646 751 1677 Severiorcs
776 1651 880 1678 tamen
904 1646 1006 1678 critici
1037 1646 1171 1678 fortasse
1198 1654 1260 1678 non
1291 1645 1470 1685 probabunt
1496 1646 1529 1677 in
1553 1652 1604 1682 eo,
1629 1646 1716 1684 quod

76 1699 189 1731 Maria:
205 1699 346 1739 Virginis
362 1699 589 1730 deductionem
607 1699 639 1730 in
659 1699 826 1738 templum,
842 1699 970 1739 aliaque
986 1699 1038 1730 his
1053 1699 1157 1730 aﬂinia
1174 1699 1323 1729 minmim
1340 1699 1420 1730 adeo
1436 1697 1606 1734 describat,
1623 1705 1658 1728 ac
1687 1698 1716 1727 si

75 1751 218 1783 suismet
233 1750 338 1782 oculis
360 1751 526 1782 lustrasset
540 1750 661 1782 omnia.
685 1750 746 1781 Sed
763 1750 856 1781 facile
875 1750 1022 1790 scriptori
1039 1751 1149 1780 Graeco
1169 1750 1272 1781 danda
1303 1749 1395 1781 venia
1425 1754 1486 1786 est,
1504 1752 1615 1789 utpote
1644 1750 1716 1790 qui,

74 1803 288 1835 traditionem
302 1801 374 1842 suis
388 1802 422 1832 in
446 1801 633 1840 regionibus
648 1801 711 1841 jam
733 1806 890 1841 receptam
913 1806 1056 1839 secutus,
1088 1810 1124 1832 ea
1156 1802 1217 1832 sibi
1249 1801 1356 1833 omnia
1386 1801 1506 1833 nedum
1536 1800 1716 1839 referenda,

75 1854 134 1885 sed
155 1854 250 1884 etiam
268 1852 408 1884 oratorio
429 1852 514 1890 stylo
530 1852 712 1883 exornanda
740 1853 873 1891 putavit.
903 1852 985 1883 Illud
1000 1856 1086 1883 certe
1122 1853 1155 1883 in
1184 1851 1422 1892 Theophylacto
1457 1851 1714 1897 suscipiendum.

74 1906 166 1946 quod
189 1913 261 1936 cum
279 1905 375 1943 probe
391 1908 610 1944 cognosceret,
637 1904 713 1943 quid
745 1904 948 1943 potissimum
977 1905 1200 1936 adversaretur
1230 1907 1360 1935 suasmet
1388 1904 1559 1934 narrationi
1589 1903 1715 1943 (estque

77 1957 163 1988 illud
183 1958 280 1993 idem,
297 1956 384 1997 quod
399 1956 527 1996 aliquos
543 1957 719 1987 recentium
736 1957 921 1988 criticorum
936 1957 971 1988 in
990 1957 1181 1988 contrariam
1201 1956 1394 1988 sententiam
1417 1956 1572 1997 impulit),
1584 1959 1716 1987 strenue

76 2007 318 2039 allaboravitin
335 2015 374 2039 eo
393 2008 433 2038 de
458 2008 564 2038 medio
586 2007 742 2044 tollendo,
773 2008 886 2047 reique
916 2008 1076 2039 universae
1105 2008 1305 2039 concilianda
1335 2007 1560 2048 probabilitate
1582 2016 1646 2038 :ne
1674 2007 1714 2037 de

76 2059 260 2090 moralibus
278 2059 496 2096 documentis,
517 2067 589 2099 quae
607 2059 724 2090 exinde
741 2058 903 2098 sapienter
920 2059 1019 2095 elicit,
1038 2059 1132 2090 verba
1151 2058 1276 2090 faciam.

790 2143 933 2174 SEC'HO
958 2144 1009 2174 Vl.

222 2221 267 2250 De
291 2226 444 2260 martyrio
460 2220 637 2261 quindecim
653 2225 828 2260 martyrum
845 2219 1052 2259 Tiberiopoti,
1070 2219 1245 2259 imperante
1260 2218 1390 2249 Iuliano
1409 2218 1574 2258 Apostata.

119 2294 192 2324 XV.
210 2293 283 2324 Haec
302 2293 533 2333 Theophylacti
552 2293 663 2324 Oratio
685 2293 743 2333 (sic
759 2293 846 2324 enim
874 2292 943 2333 ipse
961 2292 1216 2324 lucubrationem
1235 2292 1326 2323 istam
1350 2292 1502 2332 appellat)
1526 2300 1589 2323 nou
1618 2292 1714 2324 modo

80 2345 169 2385 typis
184 2351 302 2375 excusa
321 2343 490 2383 hucusque
517 2352 684 2383 nunquam
709 2343 780 2380 fuit,
811 2343 867 2374 sed
893 2343 935 2374 ita
965 2343 1060 2375 etiam
1084 2342 1166 2382 fugit
1193 2341 1393 2372 eruditorum
1425 2341 1583 2378 notitiam,
1616 2345 1648 2372 ut
1673 2350 1714 2372 ex

80 2397 235 2432 omnibus
252 2396 293 2428 iis
309 2396 364 2436 qui
384 2396 431 2426 vel
453 2396 524 2426 data
543 2404 639 2434 opera
659 2396 698 2426 de
716 2394 956 2434 Theorihylacto
975 2394 1110 2434 ejusque
1127 2393 1280 2431 operibus
1304 2392 1472 2431 scripsere,
1498 2392 1594 2432 hujus
1621 2400 1714 2424 men-

80 2450 204 2480 tionem
219 2447 331 2479 fecerit
348 2447 481 2478 omnino
498 2447 620 2477 nullus.
642 2447 682 2477 Ea
705 2446 823 2476 Oxonii
844 2446 874 2476 in
893 2444 1101 2476 celeberrima
1121 2443 1312 2474 bibliotheca
1334 2442 1504 2473 Bodleiana
1531 2442 1614 2474 inter
1634 2452 1711 2476 mss.

81 2500 291 2532 Baroccianos
309 2499 425 2530 latebat
440 2499 473 2529 in
491 2499 601 2529 codice
618 2497 674 2538 qui
691 2497 774 2528 varia
792 2497 853 2528 alia
875 2500 1042 2528 auctorum
1063 2495 1219 2534 opuscula
1238 2493 1474 2533 complectitur.
1498 2493 1610 2533 Neque
1637 2502 1714 2524 vero

81 2551 173 2582 illius
188 2549 270 2581 forte
286 2548 399 2580 notitia
413 2548 452 2578 ad
469 2555 527 2578 nos
549 2548 749 2587 pervenisset
767 2555 922 2586 unquam,
938 2546 1003 2577 nisi
1023 2545 1196 2577 vehemens
1218 2544 1417 2575 desiderium
1441 2544 1537 2585 hujus
1559 2544 1713 2575 editionis

81 2603 266 2632 curaturum
286 2597 368 2630 nihil
382 2599 515 2629 omnino
528 2597 790 2637 prretermittendi
814 2597 900 2636 quod
917 2596 1191 2636 Tthphylactum
1205 2595 1335 2626 haberet
1351 2599 1525 2631 auctorem,
1542 2595 1635 2627 nobis
1652 2595 1713 2627 sti-

83 2652 190 2684 mulos
208 2651 399 2688 addidisset,
416 2654 450 2681 ut
468 2650 553 2681 inter
567 2649 647 2681 alios
659 2650 753 2680 etiam
771 2649 957 2688 Cutalogum
969 2648 1123 2679 librorum
1137 2657 1208 2678 mu.
1226 2646 1346 2686 Anglia
1362 2651 1390 2677 et
1406 2646 1576 2685 Hibernia,
1593 2647 1714 2678 Oxonii

81 2704 206 2736 editum
224 2711 276 2734 an.
294 2701 372 2733 1697
392 2702 424 2732 in
439 2700 526 2732 hunc
541 2701 636 2732 ﬁnem
660 2700 897 2732 evolvercmus.
916 2701 950 2731 In
968 2699 1027 2731 hoc
1045 2699 1152 2739 itaque
1181 2699 1403 2730 incumbentes
1432 2697 1608 2729 incidimus
1639 2707 1710 2738 pag.

79 2756 130 2791 28.
147 2748 224 2786 tom.
240 2755 266 2791 Ι,
285 2761 374 2784 num.
392 2753 460 2788 197,
478 2752 510 2783 in
534 2752 720 2792 hujusmodi
740 2751 886 2782 titulum:
909 2751 1102 2790 Martyrium
1117 2749 1171 2781 XV
1191 2753 1366 2788 martyrum
1384 2747 1439 2778 sub
1455 2747 1585 2778 Iuliano
1612 2749 1713 2789 impe-

82 2812 198 2844 ratore,
214 2810 345 2838 auctore
362 2804 605 2845 Theophylacto.
623 2805 688 2836 Hac
706 2804 745 2836 de
763 2813 796 2836 re
811 2804 928 2835 certior
944 2803 1045 2834 factus
1064 2802 1161 2841 hujus
1184 2800 1338 2832 editionis
1359 2799 1465 2832 fautor
1489 2808 1635 2832 summus
1662 2800 1714 2841 (de

83 2869 146 2901 quo
163 2858 322 2891 nonnulla
351 2857 450 2888 habes
470 2858 502 2888 in
527 2857 647 2888 Prtevia
667 2858 846 2894 Dissertat.,
873 2864 962 2888 num.
986 2855 1052 2890 10w)
1080 2862 1136 2894 pro
1166 2853 1286 2884 eximio
1305 2861 1364 2885 suo
1395 2852 1427 2884 in
1457 2860 1561 2883 sacras
1592 2852 1713 2884 litteras

248 2910 382 2940 Pnaon.
407 2909 466 2939 Gn.
489 2908 607 2939 CXXV.
1497 2902 1532 2933 tt
