1880 3055
702 142 896 174 BONIFACII
918 142 1071 173 FlNETTI
1091 143 1290 174 PREEFATIO
1761 143 1820 174 423’

170 201 293 238 studio,
312 202 393 233 nihil
411 202 624 234 cunctandum
643 206 689 232 est
705 205 804 238 ratus,
823 201 903 241 quin
921 210 975 240 per
992 202 1151 232 Venetam
1167 203 1350 241 ablegatum
1371 201 1409 232 ad
1439 210 1546 241 regem
1573 202 1701 242 Anglia;
1729 202 1816 235 illud

171 251 421 284 exscribendum
438 257 574 284 curaret.
593 253 832 283 ’l‘ransmissum
854 252 981 282 Oxonio
1001 253 1219 291 apographum
1239 252 1319 282 mihi
1347 251 1499 283 traditum
1529 257 1577 283 est
1600 254 1714 284 Latine
1743 262 1819 284 ver-

171 303 423 342 tendum;quod
442 303 573 344 quidem
602 302 749 342 pluribus
765 303 804 333 de
832 302 939 333 causis
971 307 1096 341 gratum
1132 302 1304 342 fuit:quia
1333 303 1458 334 scdicet
1487 307 1517 333 et
1545 304 1818 343 praestantissimo

168 355 309 386 senatori
326 363 391 385 rem
405 358 524 394 gratam
542 363 593 385 me
607 363 679 385 esse
697 354 857 385 iacturum
876 353 1109 392 intelligerem;
1125 357 1154 384 et
1178 353 1387 385 benemeritis
1414 350 1569 385 editionis
1596 354 1694 394 hujus
1720 363 1819 386 curri-

171 405 294 436 loribus
310 404 452 435 ofﬁcium
464 404 523 436 hoc
536 405 740 442 exhiberem;
755 413 790 435 ac
805 403 948 444 denique
964 403 1236 444 qualemcumque
1254 403 1395 435 laborem
1406 412 1603 444 operamque
1621 413 1723 436 meam
1739 409 1815 436 stu-

169 456 270 487 diosis
285 463 444 486 sacrarum
462 455 640 486 litterarum
654 455 941 486 accommodarem.
954 455 991 485 Ut
1003 462 1078 485 vero
1096 454 1237 494 primum
1253 454 1365 485 oculos
1378 455 1412 486 in
1428 455 1649 495 apographum
1667 457 1815 496 conjeci,

164 508 228 538 fuit
244 507 396 547 equidem
415 507 501 548 quod
521 507 634 547 majori
654 508 705 538 me
725 505 863 538 alliceret
883 505 1058 546 voluptate,
1083 506 1237 536 nimirum
1261 505 1358 546 hujus
1384 506 1533 545 opusculi
1567 507 1691 537 utilitas
1713 511 1817 547 atque

167 562 364 600 praestantia;
383 562 438 592 sed
457 562 519 594 fuit
540 562 648 599 etiam,
665 562 752 602 quod
770 561 849 592 mihi
867 561 1045 600 plurimum
1063 562 1260 602 displiceret,
1280 571 1397 602 nempe
1420 571 1546 594 summa
1570 561 1745 603 apographi
1778 569 1817 591 ac

167 620 249 650 pene
264 612 464 643 incredibilis
479 611 646 643 vitiositas.
664 613 725 644 Sed
743 612 782 644 de
805 612 862 643 hac
879 613 1057 652 posteriore
1077 613 1174 650 alias;
1192 622 1278 644 nunc
1296 614 1346 652 [de
1371 614 1488 653 priore.
1514 615 1678 645 Orationis
1711 613 1816 653 hujus

167 665 382 703 praestantiam
400 664 635 704 utilitatemque
653 673 759 702 nemo,
780 668 814 696 ut
837 664 986 702 arbitror,
1005 665 1213 702 inﬁciabitur,
1240 666 1296 706 qui
1316 671 1521 706 perspectum
1539 667 1815 706 exploratumque

166 716 281 747 habeat
296 715 386 746 illius
405 720 633 755 argumentum
649 722 679 746 et
698 724 762 747 rem
784 715 816 746 in
834 717 904 754 ipso
923 719 1117 747 contentam.
1134 717 1254 755 Nempe
1271 716 1415 747 continet
1429 716 1596 748 historiam
1613 716 1691 746 satis
1715 715 1815 754 igrio-

167 773 229 799 tam
248 768 391 809 martyrii
407 769 594 809 quindecim
613 773 799 808 martyrum,
817 768 872 808 qui
892 768 952 799 sub
971 768 1101 799 Juliano
1121 768 1317 808 imperatore
1335 773 1478 808 aposlata
1503 768 1704 808 TiberiOpoli
1731 778 1814 800 san-

168 820 299 859 guinem
316 819 468 851 fuderunt
490 827 545 859 pro
562 819 704 850 Christo:
723 823 790 849 tum
806 818 938 849 illorum
959 827 1131 858 corporum
1151 819 1393 851 translationem
1405 820 1501 860 jussu
1519 820 1697 855 Michaelis,
1713 819 1815 859 prin.i

167 870 379 910 Bulgarorum
396 870 483 909 regis
501 869 688 906 Christiani,
706 873 880 908 peractam;
898 868 1017 900 deinde
1037 869 1123 900 varia
1139 878 1174 900 ac
1192 879 1323 910 prorsus
1350 871 1488 911 insignia
1517 881 1589 903 cum
1616 877 1702 909 ante,
1741 878 1814 903 tum

167 926 238 960 post
254 921 497 952 translationem
513 920 600 951 illam
617 929 634 951 a
650 922 716 952 Deo
734 924 853 960 patrata
868 922 1056 952 eorumdem
1073 926 1250 962 martyrum
1268 923 1517 961 intercessione,
1538 925 1704 956 miracula.
1725 918 1821 956 Buic‘

168 983 244 1005 vero
259 973 436 1005 narrationi
453 973 694 1014 praemittuntur
708 974 817 1014 aliqua
834 974 873 1004 de
892 974 1080 1005 Christianae
1096 974 1169 1005 ﬁdei
1192 975 1357 1014 triumpho
1381 976 1443 1007 sub
1461 976 1673 1008 Constantino
1700 977 1745 1008 M.
1781 981 1815 1007 et

167 1025 241 1057 ﬁliis
261 1025 351 1056 illius
368 1024 488 1056 tribus:
506 1025 563 1056 sed
578 1024 678 1055 multo
691 1024 782 1063 plura
800 1030 969 1056 narrantur
987 1025 1026 1056 de
1044 1025 1085 1056 iis
1110 1035 1183 1066 quae
1199 1025 1329 1057 Juliano
1352 1028 1502 1066 Apostata
1528 1028 1705 1067 imperante
1738 1038 1815 1068 per-

169 1076 254 1116 pessi
269 1081 345 1107 sunt
361 1076 479 1108 Christi
495 1075 617 1108 ﬁdeles.
636 1076 715 1113 Qum
730 1076 863 1116 quidem
880 1076 987 1107 omnia
1017 1085 1056 1107 ex
1082 1076 1224 1108 historias
1252 1077 1478 1110 ecclesiastich
1506 1088 1591 1119 penu
1618 1079 1813 1119 deprompta

168 1128 252 1160 haud
267 1129 472 1167 inconcinne,
489 1129 656 1170 cujusdam
675 1130 819 1169 procemii
840 1129 922 1166 loco,
942 1129 995 1161 hic
1009 1130 1217 1168 exhibentur,
1235 1134 1266 1161 et
1282 1131 1553 1170 quemadmodum
1574 1132 1644 1170 ipse
1662 1131 1814 1172 loquitur

167 1180 440 1219 Theophylactus,
458 1183 493 1210 ut
511 1179 578 1210 haec
595 1179 706 1210 Oratio
727 1183 822 1219 caput
837 1179 975 1216 haberet,
997 1184 1025 1209 et
1040 1184 1118 1209 esset
1133 1179 1277 1210 membris
1302 1180 1444 1211 omnibus
1470 1182 1623 1220 perfecta.
1651 1182 1813 1213 Praeterea

167 1232 288 1262 texitur
304 1231 396 1271 longa
415 1231 551 1262 narratio
567 1230 606 1261 de
621 1230 807 1261 Cinamonis
832 1229 1002 1269 cujusdam
1025 1225 1301 1269 Adrianopolitani
1322 1238 1339 1260 a
1355 1230 1502 1270 Bulgaris
1529 1231 1562 1262 in
1589 1233 1812 1271 captivitatem

165 1273 295 1313 abducti
310 1282 429 1313 invicta
446 1282 479 1312 in
498 1281 558 1312 ﬁde
575 1280 773 1318 constantia;
790 1279 896 1320 deque
917 1280 1088 1316 Enrabota,
1106 1279 1264 1319 Bulgarici
1294 1280 1379 1319 regis
1407 1279 1517 1318 fratre,
1542 1290 1638 1320 Opera
1659 1282 1814 1322 ejusdem

166 1334 350 1366 Cinamonis
367 1333 404 1365 ad
426 1333 521 1365 ﬁdem
539 1340 708 1369 converso,
725 1331 880 1371 obitoque
899 1339 957 1370 pro
974 1332 1084 1362 eadem
1103 1332 1164 1362 ﬁde
1190 1331 1357 1372 martyrio.
1386 1334 1418 1363 ln
1447 1333 1515 1374 hac.
1533 1334 1632 1373 igitur
1660 1336 1814 1366 oratione

165 1387 373 1418 continentur
390 1394 489 1425 pauca
505 1384 650 1425 quidem,
672 1383 728 1414 sed
752 1383 885 1423 plurimi
913 1382 1059 1414 facienda
1086 1383 1309 1415 ecclesiasticae
1336 1383 1480 1416 historiae
1514 1391 1738 1425 monumenta,
1771 1388 1811 1418 ad

165 1447 260 1478 quam
279 1437 413 1468 maxime
431 1437 580 1476 pertinet,
597 1441 663 1469 acta
676 1438 728 1468 SS.
746 1441 933 1477 martyrum,
950 1435 1078 1476 aliaque
1094 1445 1166 1468 eum
1185 1435 1226 1466 iis
1242 1446 1400 1475 connexa,
1419 1440 1622 1477 posterorum
1640 1440 1814 1471 memorias

165 1490 401 1522 commendare.
425 1489 511 1527 Quid
529 1497 617 1526 vero,
635 1489 662 1519 si
690 1489 831 1529 profana)
856 1489 950 1520 etiam
980 1489 1127 1521 historiae
1152 1490 1318 1530 quidpiam
1348 1490 1404 1522 illa
1433 1490 1543 1521 afferat
1572 1490 1814 1522 emolumenti?

165 1544 261 1583 Atqui
281 1541 436 1572 nonnulla
458 1541 602 1580 reperies
619 1541 651 1571 in
668 1549 704 1572 ea
719 1540 758 1573 de
774 1540 932 1580 Bulgaria)
947 1540 1092 1580 regibus,
1110 1549 1182 1580 quae
1199 1541 1276 1572 alibi
1292 1541 1410 1572 frustra
1426 1541 1608 1581 perquiras.
1627 1541 1697 1574 Alia
1715 1551 1812 1577 vero.

165 1595 258 1634 queis
275 1593 454 1624 conﬁrmari
470 1592 676 1623 emendarive
694 1595 830 1631 possunt
847 1591 893 1632 (ut
909 1600 948 1622 ex
971 1591 1125 1630 subjectis
1142 1592 1227 1622 notis
1255 1592 1426 1632 constabit)
1456 1601 1529 1632 quae
1555 1593 1594 1624 ah
1619 1593 1692 1624 aliis
1721 1593 1811 1625 dicta

163 1649 272 1678 fuere:
291 1646 509 1686 pi-oiudejuro
523 1654 558 1676 ac
575 1645 689 1676 merito
706 1644 828 1677 dictum
844 1652 860 1675 a
880 1643 1039 1684 principio
1055 1644 1109 1681 sit,
1127 1643 1314 1684 hujusmodi
1335 1644 1531 1684 opusculum
1555 1645 1632 1676 satis
1662 1645 1742 1676 utile
1774 1653 1812 1677 at:

164 1702 317 1736 praestans
333 1705 417 1732 esse,
433 1696 637 1736 dignumque
653 1699 688 1726 ut
706 1695 833 1727 tandem
857 1694 1033 1734 aliquando
1049 1694 1215 1725 emittatur
1235 1694 1270 1724 in
1289 1695 1404 1727 lucem.

204 1750 290 1781 XVI.
310 1748 599 1781 Vcrumenimvero
622 1747 706 1779 haud
733 1747 941 1778 mediocriter
962 1746 1054 1777 illius
1085 1746 1288 1777 decresceret
1311 1745 1461 1785 pretium,
1479 1747 1505 1776 si
1524 1746 1572 1778 vel
1590 1747 1629 1778 de
1657 1749 1810 1786 genuino

164 1802 310 1841 ejusdem
327 1803 468 1836 auctore,
485 1799 533 1831 vel
551 1799 589 1830 de
614 1799 756 1830 historia:
772 1807 868 1839 quam
885 1799 1029 1830 continet
1057 1799 1188 1830 veritate
1200 1798 1274 1838 jure
1288 1798 1404 1837 ambigi
1424 1802 1543 1837 posset.
1562 1800 1601 1831 At
1635 1805 1808 1838 neutrum,

166 1855 198 1882 ut
220 1851 296 1882 mihi
312 1851 443 1891 quidem
475 1849 615 1887 videtur,
648 1849 681 1880 in
705 1849 847 1880 dubium'
871 1849 946 1888 quis
962 1849 1172 1880 revocaverit.
1191 1850 1260 1880 Non
1288 1849 1448 1888 primum;
1468 1849 1544 1891 quia
1562 1849 1676 1886 codex,
1707 1859 1809 1890 quem

163 1911 258 1942 supra
274 1902 487 1937 laudavimus,
500 1900 751 1940 ’l‘heophylaeto,
769 1900 927 1941 Bulgariae
942 1900 1197 1940 archiepiscOpo,
1212 1899 1425 1930 discrteillud
1443 1899 1574 1931 ascribit
1591 1911 1598 1930 :
1617 1909 1723 1941 neque
1740 1902 1810 1933 haec

163 1955 338 1996 epigraphe
358 1955 431 1986 aliis
448 1953 616 1987 codicibus
638 1953 864 1992 redarguitur;
896 1953 960 1984 imo
977 1953 1087 1984 nullus
1116 1953 1251 1985 omnino
1268 1956 1315 1984 est
1331 1953 1429 1992 (quod
1454 1953 1548 1984 nobis
1566 1953 1727 1994 innotuit)
1747 1955 1806 1994 qui

164 2009 309 2041 eamdem
334 2007 513 2039 orationem
546 2006 708 2037 exhibeat.
736 2007 848 2045 Neque
865 2013 941 2036 vero
966 2004 1053 2044 quod
1070 2004 1102 2035 in
1132 2004 1230 2035 unico
1246 2009 1371 2035 exstare
1387 2005 1496 2036 codice
1528 2006 1806 2045 deprehendatur,

165 2054 309 2100 prudens
333 2058 372 2088 de
403 2056 493 2087 illius
509 2060 640 2087 auctore
659 2054 794 2086 dubium
822 2054 972 2094 ingerere
988 2053 1139 2093 cuiquam
1156 2053 1269 2090 debet;
1291 2062 1363 2085 cum
1387 2054 1479 2092 plane
1507 2060 1642 2093 constet,
1657 2056 1805 2096 plurium

161 2115 329 2142 auctorum
346 2117 441 2148 Opera
462 2116 526 2139 uno
542 2108 651 2139 codice
670 2105 775 2138 fuisse
791 2109 932 2141 servata;
946 2106 1026 2146 quin
1051 2110 1155 2136 tamen
1173 2106 1204 2136 in
1223 2105 1359 2136 dubium
1376 2110 1527 2137 revocent
1547 2107 1668 2138 eruditi
1684 2116 1722 2138 an
1741 2117 1805 2139 au-

161 2161 259 2194 ctoris
273 2161 361 2190 illius
375 2160 417 2190 sit
428 2168 524 2198 quem
537 2159 637 2189 codex
652 2160 721 2196 ipse
732 2166 795 2197 prae
804 2165 838 2188 se
849 2156 920 2188 fert.
930 2158 967 2188 Et
979 2165 1018 2187 ne
1029 2156 1178 2195 abipsius
1188 2156 1419 2196 The0phylacti
1436 2157 1590 2195 operibus
1599 2159 1804 2189 recedamus.

163 2211 295 2242 unicum
326 2208 414 2248 quod
444 2208 553 2243 sciam,
589 2208 620 2237 in
640 2207 834 2238 bibliotheca
866 2205 1260 2238 Bavarico-Monachiensi
1287 2206 1572 2246 exstatexemplar
1605 2208 1751 2239 Encomii
1770 2211 1805 2239 in

160 2263 308 2294 Alexium
335 2261 524 2292 Canmcnum
553 2261 778 2296 imperatorem
797 2271 804 2290 :
827 2260 1028 2299 unicumque
1050 2258 1186 2290 fortasse
1202 2258 1233 2289 in
1252 2258 1446 2290 bibliotheca
1461 2261 1802 2293 Cmsareo-Vindoho-

163 2315 255 2346 nensi
274 2314 359 2355 (nam
380 2312 466 2352 quod
491 2310 579 2342 aliud
597 2310 628 2341 in
645 2310 841 2342 Scorialensi
855 2310 1085 2350 Hispaniarum
1100 2310 1185 2350 regis
1197 2310 1392 2342 bibliotheca
1409 2316 1555 2342 servetur
1571 2314 1749 2351 exemplar,
1770 2319 1802 2345 ut

164 2366 264 2406 aliqui
281 2366 401 2401 ferunt,
415 2362 508 2394 nobis
533 2360 705 2401 incertum)
723 2361 869 2401 ejusdem
889 2361 921 2391 in
943 2359 1106 2399 Epistolas
1124 2359 1304 2391 Catltolt'cas
1325 2360 1568 2392 Commentarii.
1586 2363 1627 2392 Ex
1644 2363 1703 2393 alia
1723 2373 1802 2396 vero

163 2422 250 2458 parte
268 2418 348 2449 nihil
379 2420 438 2449 hoc
455 2417 487 2448 in
507 2423 659 2446 sermone
677 2414 809 2453 legitur,
837 2413 923 2454 quod
953 2415 1075 2444 auctori
1094 2413 1336 2452 'l‘heophylacto
1354 2422 1417 2444 non
1445 2420 1610 2454 congruat.
1631 2417 1798 2457 Quidquid

160 2473 192 2504 in
206 2481 245 2504 eo
260 2475 416 2507 narratur,
435 2468 598 2510 praecessit
615 2476 691 2498 sane
711 2470 836 2498 nitatem
850 2466 967 2505 ipsius.
986 2465 1110 2504 Stylum
1128 2466 1245 2505 pariter
1264 2474 1280 2496 a
1294 2466 1525 2506 TheOphylarti
1555 2470 1652 2508 genio
1672 2479 1799 2510 nequa-

161 2531 257 2563 quam
276 2521 444 2558 abludere,
463 2526 570 2555 nemo,
589 2524 622 2549 ut
639 2517 787 2551 arbitror,
804 2515 929 2546 inﬁcias
943 2514 1051 2552 iverit,
1066 2517 1122 2554 qui
1152 2515 1184 2545 in
1203 2514 1348 2554 legendis
1369 2517 1509 2547 auctoris
1526 2516 1625 2563 hujus
1642 2520 1799 2558 operibus

162 2561 319 2616 tantisper
345 2576 492 2605 versatus
518 2572 571 2603 sit.
604 2570 730 2610 Duplex
755 2570 843 2601 enim
868 2568 985 2609 (quoad
1016 2568 1213 2607 comperisse
1243 2568 1320 2620 mihi
1352 2569 1477 2609 videor)
1495 2569 1524 2600 in
1543 2561 1581 2601 eo
1601 2571 1675 2610 styli
1693 2580 1798 2612 genus

160 2626 300 2658 occurrit
331 2633 338 2656 :
375 2623 535 2659 alterum,
577 2630 642 2661 quo
686 2628 766 2651 usus
803 2622 851 2650 est
897 2619 930 2649 in
972 2619 1207 2657 Scripturarum
1247 2618 1493 2650 commentariis
1532 2621 1798 2659 conscribendis;

161 2678 310 2715 alterum,
357 2683 423 2716 quo
468 2673 642 2714 epistolas,
689 2677 719 2703 et
761 2669 935 2711 poeuliaria
972 2670 1116 2709 qutedam
1149 2670 1332 2708 opuscula.
1361 2670 1431 2702 sive
1464 2681 1632 2704 sermones
1677 2675 1799 2706 oratio-

161 2736 285 2768 nesque
331 2725 478 2766 digessit.
530 2725 565 2754 ln
608 2723 648 2754 iis
689 2723 854 2763 prioribus
901 2721 1107 2760 perﬁciendis
1149 2721 1312 2761 pellucido
1350 2722 1605 2764 [ilanissiquue
1637 2734 1716 2756 usus
1748 2730 1797 2757 est

160 2779 263 2820 stylo;
305 2786 364 2809 seu
396 2776 484 2816 quod
526 2775 559 2806 in
596 2783 636 2806 eo
669 2773 831 2805 scribendi
869 2781 987 2812 genere
1028 2772 1115 2803 hunc
1147 2772 1271 2802 caneris
1301 2773 1548 2805 anteferendum
1581 2776 1795 2813 existimaret;

159 2839 218 2862 seu
249 2829 336 2869 quod
374 2828 526 2864 aliorum,
550 2834 690 2866 quorum
722 2824 975 2856 Commentarios
1011 2823 1044 2854 in
1069 2823 1298 2862 compendium
1328 2825 1509 2864 redigeret,
1556 2835 1591 2857 ac
1620 2828 1795 2866 praesertim

159 2881 410 2922 Chrysostomi,
450 2878 642 2919 plerumque
698 2876 793 2908 verba
841 2875 1014 2915 usurparit.
1056 2874 1212 2911 Quocirca
1248 2883 1306 2906 ex-
1330 2875 1513 2907 istiusmodi
1552 2878 1792 2911 Commentariis
