  <div class='ocr_page' id='page_1' title='image "/cluster/home/n/w/nwhite01/storage/ocr_20150623/125/njp.32101010942736/367.png"; bbox 0 0 1880 3055; ppageno 0'>
   <div class='ocr_carea' id='block_1_1' title="bbox 163 113 905 156">
    <p class='ocr_par' dir='ltr' id='par_1_1' title="bbox 163 113 890 150">
     <span class='ocr_line' id='line_1_1' title="bbox 163 113 890 150; baseline 0.004 -3"><span class='ocrx_word' id='word_1_1' title='bbox 163 113 226 147; x_wconf 64' lang='grc'><strong>-431</strong></span> <span class='ocrx_word' id='word_1_2' title='bbox 701 118 890 150; x_wconf 82' lang='lat' dir='ltr'><strong>BONIFACII</strong></span> 
     </span>
    </p>
   </div>
   <div class='ocr_carea' id='block_1_2' title="bbox 1074 113 1816 156">
    <p class='ocr_par' dir='ltr' id='par_1_2' title="bbox 1078 121 1816 156">
     <span class='ocr_line' id='line_1_2' title="bbox 1078 121 1816 156; baseline 0.007 -5"><span class='ocrx_word' id='word_1_3' title='bbox 1078 121 1273 152; x_wconf 59' lang='lat' dir='ltr'><strong>PRzEFATIO</strong></span> <span class='ocrx_word' id='word_1_4' title='bbox 1750 123 1816 156; x_wconf 70' lang='grc'><strong>432</strong></span> 
     </span>
    </p>
   </div>
   <div class='ocr_carea' id='block_1_3' title="bbox 177 173 1814 217">
    <p class='ocr_par' dir='ltr' id='par_1_3' title="bbox 177 173 1814 217">
     <span class='ocr_line' id='line_1_3' title="bbox 177 173 1814 217; baseline 0.004 -14"><span class='ocrx_word' id='word_1_5' title='bbox 177 173 335 212; x_wconf 72' lang='lat' dir='ltr'><strong>potuisse.</strong></span> <span class='ocrx_word' id='word_1_6' title='bbox 354 173 479 205; x_wconf 80' lang='lat' dir='ltr'><strong>Etenim</strong></span> <span class='ocrx_word' id='word_1_7' title='bbox 497 182 535 205; x_wconf 88' lang='lat' dir='ltr'><strong>eo</strong></span> <span class='ocrx_word' id='word_1_8' title='bbox 552 175 847 215; x_wconf 73' lang='lat' dir='ltr'><strong>temporemartyrii</strong></span> <span class='ocrx_word' id='word_1_9' title='bbox 867 175 1000 214; x_wconf 82' lang='lat' dir='ltr'><strong>palmam</strong></span> <span class='ocrx_word' id='word_1_10' title='bbox 1017 181 1091 207; x_wconf 92' lang='lat' dir='ltr'><strong>sunt</strong></span> <span class='ocrx_word' id='word_1_11' title='bbox 1107 177 1225 216; x_wconf 86' lang='lat' dir='ltr'><strong>adepti,</strong></span> <span class='ocrx_word' id='word_1_12' title='bbox 1241 176 1627 217; x_wconf 85' lang='lat' dir='ltr'><strong>qquulianusApostata</strong></span> <span class='ocrx_word' id='word_1_13' title='bbox 1645 177 1814 210; x_wconf 85' lang='lat' dir='ltr'><strong>labentetu</strong></span> 
     </span>
    </p>
   </div>
   <div class='ocr_carea' id='block_1_4' title="bbox 171 225 1814 270">
    <p class='ocr_par' dir='ltr' id='par_1_4' title="bbox 171 225 1814 270">
     <span class='ocr_line' id='line_1_4' title="bbox 171 225 1814 270; baseline 0.004 -14"><span class='ocrx_word' id='word_1_14' title='bbox 171 225 368 257; x_wconf 65' lang='lat' dir='ltr'><strong>«idololatrian</strong></span> <span class='ocrx_word' id='word_1_15' title='bbox 383 227 504 257; x_wconf 85' lang='lat' dir='ltr'><strong>cultum</strong></span> <span class='ocrx_word' id='word_1_16' title='bbox 517 227 639 266; x_wconf 72' lang='lat' dir='ltr'><strong>erigere</strong></span> <span class='ocrx_word' id='word_1_17' title='bbox 653 232 749 268; x_wconf 90' lang='lat' dir='ltr'><strong>atque</strong></span> <span class='ocrx_word' id='word_1_18' title='bbox 766 229 798 259; x_wconf 90' lang='lat' dir='ltr'><strong>in</strong></span> <span class='ocrx_word' id='word_1_19' title='bbox 815 229 989 268; x_wconf 82' lang='lat' dir='ltr'><strong>pristinum</strong></span> <span class='ocrx_word' id='word_1_20' title='bbox 1005 229 1160 260; x_wconf 85' lang='lat' dir='ltr'><strong>honorem</strong></span> <span class='ocrx_word' id='word_1_21' title='bbox 1177 229 1348 260; x_wconf 84' lang='lat' dir='ltr'><strong>restituere</strong></span> <span class='ocrx_word' id='word_1_22' title='bbox 1363 230 1738 270; x_wconf 83' lang='lat' dir='ltr'><strong>adnitebatur;adeoque</strong></span> <span class='ocrx_word' id='word_1_23' title='bbox 1755 240 1814 263; x_wconf 84' lang='lat' dir='ltr'><strong>res</strong></span> 
     </span>
    </p>
   </div>
   <div class='ocr_carea' id='block_1_5' title="bbox 167 276 1814 318">
    <p class='ocr_par' dir='ltr' id='par_1_5' title="bbox 167 276 1814 318">
     <span class='ocr_line' id='line_1_5' title="bbox 167 276 1814 318; baseline 0.004 -12"><span class='ocrx_word' id='word_1_24' title='bbox 167 276 432 307; x_wconf 76' lang='lat' dir='ltr'><strong>-Cltristianornm</strong></span> <span class='ocrx_word' id='word_1_25' title='bbox 449 276 658 316; x_wconf 88' lang='lat' dir='ltr'><strong>iniquissimo</strong></span> <span class='ocrx_word' id='word_1_26' title='bbox 676 278 746 309; x_wconf 89' lang='lat' dir='ltr'><strong>loco</strong></span> <span class='ocrx_word' id='word_1_27' title='bbox 771 283 860 309; x_wconf 86' lang='lat' dir='ltr'><strong>erant</strong></span> <span class='ocrx_word' id='word_1_28' title='bbox 878 288 885 307; x_wconf 91' lang='lat'>:</span> <span class='ocrx_word' id='word_1_29' title='bbox 903 283 932 309; x_wconf 87' lang='lat' dir='ltr'>et</span> <span class='ocrx_word' id='word_1_30' title='bbox 949 278 1098 318; x_wconf 76' lang='lat' dir='ltr'><strong>plerique</strong></span> <span class='ocrx_word' id='word_1_31' title='bbox 1119 279 1248 310; x_wconf 91' lang='lat' dir='ltr'><strong>illorum</strong></span> <span class='ocrx_word' id='word_1_32' title='bbox 1267 279 1316 310; x_wconf 88' lang='lat' dir='ltr'><strong>vel</strong></span> <span class='ocrx_word' id='word_1_33' title='bbox 1333 281 1483 311; x_wconf 84' lang='lat' dir='ltr'><strong>miseram</strong></span> <span class='ocrx_word' id='word_1_34' title='bbox 1514 279 1550 311; x_wconf 91' lang='lat' dir='ltr'><strong>in</strong></span> <span class='ocrx_word' id='word_1_35' title='bbox 1575 280 1691 312; x_wconf 81' lang='lat' dir='ltr'><strong>exsilio</strong></span> <span class='ocrx_word' id='word_1_36' title='bbox 1708 282 1814 312; x_wconf 88' lang='lat' dir='ltr'><strong>vitam</strong></span> 
     </span>
    </p>
   </div>
   <div class='ocr_carea' id='block_1_6' title="bbox 177 326 1813 371">
    <p class='ocr_par' dir='ltr' id='par_1_6' title="bbox 177 326 1813 371">
     <span class='ocr_line' id='line_1_6' title="bbox 177 326 1813 371; baseline 0.002 -13"><span class='ocrx_word' id='word_1_37' title='bbox 177 327 355 366; x_wconf 81' lang='lat' dir='ltr'><strong>degebant,</strong></span> <span class='ocrx_word' id='word_1_38' title='bbox 385 326 431 356; x_wconf 85' lang='lat' dir='ltr'><strong>vel</strong></span> <span class='ocrx_word' id='word_1_39' title='bbox 455 335 511 365; x_wconf 89' lang='lat' dir='ltr'><strong>per</strong></span> <span class='ocrx_word' id='word_1_40' title='bbox 540 327 736 359; x_wconf 78' lang='lat' dir='ltr'><strong>solitudines</strong></span> <span class='ocrx_word' id='word_1_41' title='bbox 757 332 949 369; x_wconf 86' lang='lat' dir='ltr'><strong>montesque</strong></span> <span class='ocrx_word' id='word_1_42' title='bbox 972 333 1088 369; x_wconf 90' lang='lat' dir='ltr'><strong>sponte</strong></span> <span class='ocrx_word' id='word_1_43' title='bbox 1103 338 1162 360; x_wconf 89' lang='lat' dir='ltr'><strong>sua</strong></span> <span class='ocrx_word' id='word_1_44' title='bbox 1179 329 1338 361; x_wconf 79' lang='lat' dir='ltr'>errabant.</span> <span class='ocrx_word' id='word_1_45' title='bbox 1361 331 1464 361; x_wconf 87' lang='lat' dir='ltr'><strong>Locus</strong></span> <span class='ocrx_word' id='word_1_46' title='bbox 1483 339 1559 362; x_wconf 90' lang='lat' dir='ltr'><strong>vero</strong></span> <span class='ocrx_word' id='word_1_47' title='bbox 1573 331 1626 362; x_wconf 92' lang='lat' dir='ltr'><strong>ubi</strong></span> <span class='ocrx_word' id='word_1_48' title='bbox 1649 336 1813 371; x_wconf 67' lang='lat' dir='ltr'><strong>martyres</strong></span> 
     </span>
    </p>
   </div>
   <div class='ocr_carea' id='block_1_7' title="bbox 166 377 1812 422">
    <p class='ocr_par' dir='ltr' id='par_1_7' title="bbox 166 377 1812 422">
     <span class='ocr_line' id='line_1_7' title="bbox 166 377 1812 422; baseline 0.003 -14"><span class='ocrx_word' id='word_1_49' title='bbox 166 377 374 413; x_wconf 78' lang='lat' dir='ltr'><strong>occubuere,</strong></span> <span class='ocrx_word' id='word_1_50' title='bbox 393 377 494 416; x_wconf 81' lang='lat' dir='ltr'><strong>magis</strong></span> <span class='ocrx_word' id='word_1_51' title='bbox 509 377 686 415; x_wconf 75' lang='lat' dir='ltr'><strong>impervius</strong></span> <span class='ocrx_word' id='word_1_52' title='bbox 714 379 907 418; x_wconf 84' lang='lat' dir='ltr'><strong>abditusque</strong></span> <span class='ocrx_word' id='word_1_53' title='bbox 925 387 997 410; x_wconf 89' lang='lat' dir='ltr'>esse</span> <span class='ocrx_word' id='word_1_54' title='bbox 1016 380 1067 410; x_wconf 88' lang='lat' dir='ltr'><strong>vix</strong></span> <span class='ocrx_word' id='word_1_55' title='bbox 1097 384 1230 419; x_wconf 82' lang='lat' dir='ltr'><strong>poterat,</strong></span> <span class='ocrx_word' id='word_1_56' title='bbox 1247 382 1402 412; x_wconf 89' lang='lat' dir='ltr'><strong>nimirum</strong></span> <span class='ocrx_word' id='word_1_57' title='bbox 1425 382 1501 412; x_wconf 87' lang='lat' dir='ltr'><strong>ttrbs</strong></span> <span class='ocrx_word' id='word_1_58' title='bbox 1527 383 1716 422; x_wconf 81' lang='lat' dir='ltr'><strong>perexigua,</strong></span> <span class='ocrx_word' id='word_1_59' title='bbox 1733 383 1812 414; x_wconf 85' lang='lat' dir='ltr'><strong>sive</strong></span> 
     </span>
    </p>
   </div>
   <div class='ocr_carea' id='block_1_8' title="bbox 176 426 1811 473">
    <p class='ocr_par' dir='ltr' id='par_1_8' title="bbox 176 426 1811 473">
     <span class='ocr_line' id='line_1_8' title="bbox 176 426 1811 473; baseline 0.005 -16"><span class='ocrx_word' id='word_1_60' title='bbox 176 426 365 465; x_wconf 76' lang='lat' dir='ltr'><strong>Oppidulum</strong></span> <span class='ocrx_word' id='word_1_61' title='bbox 384 427 545 466; x_wconf 80' lang='lat' dir='ltr'><strong>quoddam</strong></span> <span class='ocrx_word' id='word_1_62' title='bbox 558 427 591 458; x_wconf 90' lang='lat' dir='ltr'><strong>itt</strong></span> <span class='ocrx_word' id='word_1_63' title='bbox 609 428 767 460; x_wconf 89' lang='lat' dir='ltr'><strong>altissimo</strong></span> <span class='ocrx_word' id='word_1_64' title='bbox 781 430 898 461; x_wconf 90' lang='lat' dir='ltr'><strong>montis</strong></span> <span class='ocrx_word' id='word_1_65' title='bbox 914 430 1012 460; x_wconf 66' lang='lat' dir='ltr'><strong>Hiemi</strong></span> <span class='ocrx_word' id='word_1_66' title='bbox 1039 430 1206 461; x_wconf 80' lang='lat' dir='ltr'><strong>cacumine</strong></span> <span class='ocrx_word' id='word_1_67' title='bbox 1222 431 1365 471; x_wconf 89' lang='lat' dir='ltr'><strong>positum</strong></span> <span class='ocrx_word' id='word_1_68' title='bbox 1382 442 1389 460; x_wconf 90' lang='lat'><strong>:</strong></span> <span class='ocrx_word' id='word_1_69' title='bbox 1405 432 1477 462; x_wconf 85' lang='lat' dir='ltr'><strong>talis</strong></span> <span class='ocrx_word' id='word_1_70' title='bbox 1493 433 1580 463; x_wconf 87' lang='lat' dir='ltr'><strong>enim</strong></span> <span class='ocrx_word' id='word_1_71' title='bbox 1597 442 1636 464; x_wconf 89' lang='lat' dir='ltr'><strong>eo</strong></span> <span class='ocrx_word' id='word_1_72' title='bbox 1657 439 1811 473; x_wconf 89' lang='lat' dir='ltr'><strong>tempore</strong></span> 
     </span>
    </p>
   </div>
   <div class='ocr_carea' id='block_1_9' title="bbox 176 478 1813 524">
    <p class='ocr_par' dir='ltr' id='par_1_9' title="bbox 176 478 1813 524">
     <span class='ocr_line' id='line_1_9' title="bbox 176 478 1813 524; baseline 0.005 -17"><span class='ocrx_word' id='word_1_73' title='bbox 176 478 391 516; x_wconf 87' lang='lat' dir='ltr'><strong>Tiberiopolis</strong></span> <span class='ocrx_word' id='word_1_74' title='bbox 407 482 484 516; x_wconf 86' lang='lat' dir='ltr'><strong>erat,</strong></span> <span class='ocrx_word' id='word_1_75' title='bbox 502 483 534 510; x_wconf 91' lang='lat' dir='ltr'><strong>ut</strong></span> <span class='ocrx_word' id='word_1_76' title='bbox 548 478 628 510; x_wconf 82' lang='lat' dir='ltr'><strong>infra</strong></span> <span class='ocrx_word' id='word_1_77' title='bbox 645 481 865 513; x_wconf 85' lang='lat' dir='ltr'><strong>ostendemus.</strong></span> <span class='ocrx_word' id='word_1_78' title='bbox 878 483 961 518; x_wconf 89' lang='lat' dir='ltr'><strong>Quid</strong></span> <span class='ocrx_word' id='word_1_79' title='bbox 987 482 1096 522; x_wconf 84' lang='lat' dir='ltr'><strong>itaque</strong></span> <span class='ocrx_word' id='word_1_80' title='bbox 1117 482 1246 519; x_wconf 89' lang='lat' dir='ltr'><strong>mirum,</strong></span> <span class='ocrx_word' id='word_1_81' title='bbox 1264 483 1291 513; x_wconf 94' lang='lat' dir='ltr'><strong>si</strong></span> <span class='ocrx_word' id='word_1_82' title='bbox 1305 483 1386 514; x_wconf 72' lang='lat' dir='ltr'><strong>intra</strong></span> <span class='ocrx_word' id='word_1_83' title='bbox 1412 483 1502 514; x_wconf 86' lang='lat' dir='ltr'><strong>illitis</strong></span> <span class='ocrx_word' id='word_1_84' title='bbox 1521 484 1640 515; x_wconf 86' lang='lat' dir='ltr'><strong>limites</strong></span> <span class='ocrx_word' id='word_1_85' title='bbox 1662 486 1718 514; x_wconf 89' lang='lat' dir='ltr'><strong>diu</strong></span> <span class='ocrx_word' id='word_1_86' title='bbox 1737 494 1813 524; x_wconf 90' lang='lat' dir='ltr'><strong>per-</strong></span> 
     </span>
    </p>
   </div>
   <div class='ocr_carea' id='block_1_10' title="bbox 174 529 1809 576">
    <p class='ocr_par' dir='ltr' id='par_1_10' title="bbox 174 529 1809 576">
     <span class='ocr_line' id='line_1_10' title="bbox 174 529 1809 576; baseline 0.005 -18"><span class='ocrx_word' id='word_1_87' title='bbox 174 529 252 559; x_wconf 90' lang='lat' dir='ltr'>stitit</span> <span class='ocrx_word' id='word_1_88' title='bbox 278 530 535 569; x_wconf 70' lang='lat' dir='ltr'><strong>prrestantissitni</strong></span> <span class='ocrx_word' id='word_1_89' title='bbox 569 532 663 570; x_wconf 79' lang='lat' dir='ltr'><strong>hujus</strong></span> <span class='ocrx_word' id='word_1_90' title='bbox 683 532 837 572; x_wconf 85' lang='lat' dir='ltr'><strong>triumphi</strong></span> <span class='ocrx_word' id='word_1_91' title='bbox 868 534 999 564; x_wconf 80' lang='lat' dir='ltr'><strong>notitia?</strong></span> <span class='ocrx_word' id='word_1_92' title='bbox 1013 535 1104 571; x_wconf 85' lang='lat' dir='ltr'><strong>Quod</strong></span> <span class='ocrx_word' id='word_1_93' title='bbox 1127 535 1154 565; x_wconf 93' lang='lat' dir='ltr'>si</span> <span class='ocrx_word' id='word_1_94' title='bbox 1177 543 1228 565; x_wconf 90' lang='lat' dir='ltr'><strong>res</strong></span> <span class='ocrx_word' id='word_1_95' title='bbox 1246 535 1287 565; x_wconf 89' lang='lat' dir='ltr'><strong>ita</strong></span> <span class='ocrx_word' id='word_1_96' title='bbox 1304 544 1338 566; x_wconf 89' lang='lat' dir='ltr'><strong>se</strong></span> <span class='ocrx_word' id='word_1_97' title='bbox 1364 535 1487 573; x_wconf 81' lang='lat' dir='ltr'><strong>habuit,</strong></span> <span class='ocrx_word' id='word_1_98' title='bbox 1507 545 1547 566; x_wconf 88' lang='lat' dir='ltr'><strong>ne</strong></span> <span class='ocrx_word' id='word_1_99' title='bbox 1572 536 1651 567; x_wconf 85' lang='lat' dir='ltr'><strong>illud</strong></span> <span class='ocrx_word' id='word_1_100' title='bbox 1667 537 1809 576; x_wconf 77' lang='lat' dir='ltr'><strong>quidem</strong></span> 
     </span>
    </p>
   </div>
   <div class='ocr_carea' id='block_1_11' title="bbox 176 580 1811 626">
    <p class='ocr_par' dir='ltr' id='par_1_11' title="bbox 176 580 1811 626">
     <span class='ocr_line' id='line_1_11' title="bbox 176 580 1811 626; baseline 0.004 -17"><span class='ocrx_word' id='word_1_101' title='bbox 176 580 290 610; x_wconf 89' lang='lat' dir='ltr'><strong>tnirunt</strong></span> <span class='ocrx_word' id='word_1_102' title='bbox 308 581 483 617; x_wconf 78' lang='lat' dir='ltr'><strong>Videbitur,</strong></span> <span class='ocrx_word' id='word_1_103' title='bbox 502 583 588 621; x_wconf 81' lang='lat' dir='ltr'><strong>quod</strong></span> <span class='ocrx_word' id='word_1_104' title='bbox 607 583 640 613; x_wconf 90' lang='lat' dir='ltr'><strong>in</strong></span> <span class='ocrx_word' id='word_1_105' title='bbox 655 583 837 615; x_wconf 77' lang='lat' dir='ltr'><strong>Graecorum</strong></span> <span class='ocrx_word' id='word_1_106' title='bbox 871 586 1002 616; x_wconf 77' lang='lat' dir='ltr'><strong>Mettreis</strong></span> <span class='ocrx_word' id='word_1_107' title='bbox 1022 585 1209 617; x_wconf 88' lang='lat' dir='ltr'><strong>eorumdem</strong></span> <span class='ocrx_word' id='word_1_108' title='bbox 1237 586 1358 616; x_wconf 86' lang='lat' dir='ltr'><strong>mentio</strong></span> <span class='ocrx_word' id='word_1_109' title='bbox 1375 587 1592 623; x_wconf 65' lang='lat' dir='ltr'><strong>desideretur,</strong></span> <span class='ocrx_word' id='word_1_110' title='bbox 1608 591 1704 626; x_wconf 85' lang='lat' dir='ltr'><strong>atque</strong></span> <span class='ocrx_word' id='word_1_111' title='bbox 1721 588 1811 617; x_wconf 85' lang='lat' dir='ltr'><strong>adeo</strong></span> 
     </span>
    </p>
   </div>
   <div class='ocr_carea' id='block_1_12' title="bbox 175 631 1811 676">
    <p class='ocr_par' dir='ltr' id='par_1_12' title="bbox 175 631 1811 676">
     <span class='ocr_line' id='line_1_12' title="bbox 175 631 1811 676; baseline 0.004 -15"><span class='ocrx_word' id='word_1_112' title='bbox 175 634 206 662; x_wconf 93' lang='lat' dir='ltr'>in</span> <span class='ocrx_word' id='word_1_113' title='bbox 226 631 418 671; x_wconf 76' lang='lat' dir='ltr'><strong>Mcnologiis</strong></span> <span class='ocrx_word' id='word_1_114' title='bbox 447 633 670 664; x_wconf 74' lang='lat' dir='ltr'><strong>llutbettorum</strong></span> <span class='ocrx_word' id='word_1_115' title='bbox 685 637 1005 674; x_wconf 80' lang='lat' dir='ltr'><strong>atqueMoscborum,</strong></span> <span class='ocrx_word' id='word_1_116' title='bbox 1031 641 1140 676; x_wconf 87' lang='lat' dir='ltr'><strong>utpote</strong></span> <span class='ocrx_word' id='word_1_117' title='bbox 1154 645 1226 676; x_wconf 76' lang='lat' dir='ltr'><strong>qum</strong></span> <span class='ocrx_word' id='word_1_118' title='bbox 1255 646 1293 667; x_wconf 84' lang='lat' dir='ltr'><strong>ex</strong></span> <span class='ocrx_word' id='word_1_119' title='bbox 1313 638 1431 668; x_wconf 61' lang='lat' dir='ltr'><strong>Graecis</strong></span> <span class='ocrx_word' id='word_1_120' title='bbox 1447 637 1614 676; x_wconf 69' lang='lat' dir='ltr'><strong>desumpta</strong></span> <span class='ocrx_word' id='word_1_121' title='bbox 1633 639 1811 668; x_wconf 63' lang='lat' dir='ltr'><strong>translato-</strong></span> 
     </span>
    </p>
   </div>
   <div class='ocr_carea' id='block_1_13' title="bbox 173 685 1809 726">
    <p class='ocr_par' dir='ltr' id='par_1_13' title="bbox 173 685 1809 726">
     <span class='ocr_line' id='line_1_13' title="bbox 173 685 1809 726; baseline 0.002 -11"><span class='ocrx_word' id='word_1_122' title='bbox 173 694 236 724; x_wconf 91' lang='lat' dir='ltr'><strong>que</strong></span> <span class='ocrx_word' id='word_1_123' title='bbox 266 690 352 716; x_wconf 91' lang='lat' dir='ltr'><strong>sunt.</strong></span> <span class='ocrx_word' id='word_1_124' title='bbox 365 686 458 722; x_wconf 88' lang='lat' dir='ltr'><strong>Quod</strong></span> <span class='ocrx_word' id='word_1_125' title='bbox 481 686 507 715; x_wconf 88' lang='lat' dir='ltr'>si</span> <span class='ocrx_word' id='word_1_126' title='bbox 536 685 568 715; x_wconf 92' lang='lat' dir='ltr'><strong>in</strong></span> <span class='ocrx_word' id='word_1_127' title='bbox 600 686 648 716; x_wconf 86' lang='lat' dir='ltr'><strong>his</strong></span> <span class='ocrx_word' id='word_1_128' title='bbox 671 687 904 726; x_wconf 73' lang='lat' dir='ltr'><strong>posterioribus</strong></span> <span class='ocrx_word' id='word_1_129' title='bbox 925 690 1138 726; x_wconf 86' lang='lat' dir='ltr'><strong>quorumdam</strong></span> <span class='ocrx_word' id='word_1_130' title='bbox 1165 688 1216 718; x_wconf 86' lang='lat' dir='ltr'><strong>tiat</strong></span> <span class='ocrx_word' id='word_1_131' title='bbox 1240 688 1504 719; x_wconf 81' lang='lat' dir='ltr'><strong>commemoratio</strong></span> <span class='ocrx_word' id='word_1_132' title='bbox 1535 696 1733 725; x_wconf 89' lang='lat' dir='ltr'><strong>sanctorum,</strong></span> <span class='ocrx_word' id='word_1_133' title='bbox 1763 691 1809 720; x_wconf 84' lang='lat' dir='ltr'><strong>de</strong></span> 
     </span>
    </p>
   </div>
   <div class='ocr_carea' id='block_1_14' title="bbox 172 736 1810 778">
    <p class='ocr_par' dir='ltr' id='par_1_14' title="bbox 172 736 1810 778">
     <span class='ocr_line' id='line_1_14' title="bbox 172 736 1810 778; baseline 0.003 -12"><span class='ocrx_word' id='word_1_134' title='bbox 172 737 292 776; x_wconf 89' lang='lat' dir='ltr'><strong>quibus</strong></span> <span class='ocrx_word' id='word_1_135' title='bbox 308 736 396 768; x_wconf 86' lang='lat' dir='ltr'><strong>nulla</strong></span> <span class='ocrx_word' id='word_1_136' title='bbox 412 736 496 775; x_wconf 88' lang='lat' dir='ltr'><strong>apud</strong></span> <span class='ocrx_word' id='word_1_137' title='bbox 517 736 646 768; x_wconf 67' lang='lat' dir='ltr'><strong>Grmcos</strong></span> <span class='ocrx_word' id='word_1_138' title='bbox 663 742 709 768; x_wconf 88' lang='lat' dir='ltr'><strong>est</strong></span> <span class='ocrx_word' id='word_1_139' title='bbox 725 739 858 774; x_wconf 86' lang='lat' dir='ltr'><strong>mentio,</strong></span> <span class='ocrx_word' id='word_1_140' title='bbox 874 747 912 768; x_wconf 87' lang='lat' dir='ltr'><strong>ex</strong></span> <span class='ocrx_word' id='word_1_141' title='bbox 928 739 969 768; x_wconf 90' lang='lat' dir='ltr'><strong>iis</strong></span> <span class='ocrx_word' id='word_1_142' title='bbox 994 738 1040 768; x_wconf 92' lang='lat' dir='ltr'><strong>illi</strong></span> <span class='ocrx_word' id='word_1_143' title='bbox 1068 743 1143 769; x_wconf 83' lang='lat' dir='ltr'><strong>sunt</strong></span> <span class='ocrx_word' id='word_1_144' title='bbox 1161 747 1299 778; x_wconf 90' lang='lat' dir='ltr'><strong>quorum</strong></span> <span class='ocrx_word' id='word_1_145' title='bbox 1317 739 1470 770; x_wconf 86' lang='lat' dir='ltr'><strong>memoria</strong></span> <span class='ocrx_word' id='word_1_146' title='bbox 1485 740 1665 772; x_wconf 79' lang='lat' dir='ltr'><strong>celebratur</strong></span> <span class='ocrx_word' id='word_1_147' title='bbox 1681 742 1714 771; x_wconf 92' lang='lat' dir='ltr'><strong>in</strong></span> <span class='ocrx_word' id='word_1_148' title='bbox 1730 741 1810 771; x_wconf 84' lang='lat' dir='ltr'><strong>titti-</strong></span> 
     </span>
    </p>
   </div>
   <div class='ocr_carea' id='block_1_15' title="bbox 172 789 1807 830">
    <p class='ocr_par' dir='ltr' id='par_1_15' title="bbox 172 789 1807 830">
     <span class='ocr_line' id='line_1_15' title="bbox 172 789 1807 830; baseline 0.001 -11"><span class='ocrx_word' id='word_1_149' title='bbox 172 797 263 819; x_wconf 89' lang='lat' dir='ltr'><strong>vorsa</strong></span> <span class='ocrx_word' id='word_1_150' title='bbox 288 789 510 820; x_wconf 76' lang='lat' dir='ltr'><strong>Rutbenorum</strong></span> <span class='ocrx_word' id='word_1_151' title='bbox 545 790 698 825; x_wconf 81' lang='lat' dir='ltr'><strong>Ecclesia,</strong></span> <span class='ocrx_word' id='word_1_152' title='bbox 717 798 781 820; x_wconf 90' lang='lat' dir='ltr'><strong>non</strong></span> <span class='ocrx_word' id='word_1_153' title='bbox 812 798 850 819; x_wconf 81' lang='lat' dir='ltr'><strong>ex</strong></span> <span class='ocrx_word' id='word_1_154' title='bbox 868 797 979 820; x_wconf 84' lang='lat' dir='ltr'><strong>eorum</strong></span> <span class='ocrx_word' id='word_1_155' title='bbox 999 799 1135 821; x_wconf 88' lang='lat' dir='ltr'><strong>numero</strong></span> <span class='ocrx_word' id='word_1_156' title='bbox 1148 814 1157 827; x_wconf 94' lang='lat'><strong>,</strong></span> <span class='ocrx_word' id='word_1_157' title='bbox 1182 799 1320 830; x_wconf 92' lang='lat' dir='ltr'><strong>quorum</strong></span> <span class='ocrx_word' id='word_1_158' title='bbox 1334 789 1491 821; x_wconf 76' lang='lat' dir='ltr'><strong>festivitas</strong></span> <span class='ocrx_word' id='word_1_159' title='bbox 1508 790 1647 830; x_wconf 81' lang='lat' dir='ltr'><strong>alicujus</strong></span> <span class='ocrx_word' id='word_1_160' title='bbox 1671 792 1734 822; x_wconf 90' lang='lat' dir='ltr'><strong>loci</strong></span> <span class='ocrx_word' id='word_1_161' title='bbox 1753 791 1807 822; x_wconf 83' lang='lat' dir='ltr'><strong>vel</strong></span> 
     </span>
    </p>
   </div>
   <div class='ocr_carea' id='block_1_16' title="bbox 172 840 1806 882">
    <p class='ocr_par' dir='ltr' id='par_1_16' title="bbox 172 840 1806 882">
     <span class='ocr_line' id='line_1_16' title="bbox 172 840 1806 882; baseline 0.001 -11"><span class='ocrx_word' id='word_1_162' title='bbox 172 841 313 881; x_wconf 82' lang='lat' dir='ltr'><strong>regionis</strong></span> <span class='ocrx_word' id='word_1_163' title='bbox 329 841 370 872; x_wconf 84' lang='lat' dir='ltr'><strong>sit</strong></span> <span class='ocrx_word' id='word_1_164' title='bbox 388 842 535 880; x_wconf 84' lang='lat' dir='ltr'><strong>propria;</strong></span> <span class='ocrx_word' id='word_1_165' title='bbox 554 840 738 880; x_wconf 79' lang='lat' dir='ltr'><strong>cujusmodi</strong></span> <span class='ocrx_word' id='word_1_166' title='bbox 755 840 883 870; x_wconf 85' lang='lat' dir='ltr'><strong>videtur</strong></span> <span class='ocrx_word' id='word_1_167' title='bbox 899 848 970 870; x_wconf 82' lang='lat' dir='ltr'><strong>esse</strong></span> <span class='ocrx_word' id='word_1_168' title='bbox 988 840 1103 871; x_wconf 91' lang='lat' dir='ltr'><strong>horum</strong></span> <span class='ocrx_word' id='word_1_169' title='bbox 1119 841 1175 871; x_wconf 83' lang='lat' dir='ltr'><strong>XV</strong></span> <span class='ocrx_word' id='word_1_170' title='bbox 1187 841 1425 880; x_wconf 81' lang='lat' dir='ltr'><strong>martyrum,de</strong></span> <span class='ocrx_word' id='word_1_171' title='bbox 1443 842 1562 881; x_wconf 88' lang='lat' dir='ltr'><strong>quibus</strong></span> <span class='ocrx_word' id='word_1_172' title='bbox 1581 843 1613 872; x_wconf 94' lang='lat' dir='ltr'><strong>in</strong></span> <span class='ocrx_word' id='word_1_173' title='bbox 1629 843 1806 882; x_wconf 62' lang='lat' dir='ltr'><strong>praesentia</strong></span> 
     </span>
    </p>
   </div>
   <div class='ocr_carea' id='block_1_17' title="bbox 171 890 1805 931">
    <p class='ocr_par' dir='ltr' id='par_1_17' title="bbox 171 890 1805 931">
     <span class='ocr_line' id='line_1_17' title="bbox 171 890 1805 931; baseline 0.001 -9"><span class='ocrx_word' id='word_1_174' title='bbox 171 897 220 923; x_wconf 86' lang='lat' dir='ltr'><strong>est</strong></span> <span class='ocrx_word' id='word_1_175' title='bbox 237 899 355 923; x_wconf 87' lang='lat' dir='ltr'><strong>sermo.</strong></span> <span class='ocrx_word' id='word_1_176' title='bbox 373 892 479 931; x_wconf 79' lang='lat' dir='ltr'><strong>Hujus</strong></span> <span class='ocrx_word' id='word_1_177' title='bbox 507 892 593 922; x_wconf 88' lang='lat' dir='ltr'><strong>enim</strong></span> <span class='ocrx_word' id='word_1_178' title='bbox 611 891 738 930; x_wconf 74' lang='lat' dir='ltr'><strong>generis</strong></span> <span class='ocrx_word' id='word_1_179' title='bbox 756 894 938 921; x_wconf 89' lang='lat' dir='ltr'><strong>sanctorum</strong></span> <span class='ocrx_word' id='word_1_180' title='bbox 956 890 1108 921; x_wconf 88' lang='lat' dir='ltr'><strong>memoria</strong></span> <span class='ocrx_word' id='word_1_181' title='bbox 1134 899 1199 922; x_wconf 88' lang='lat' dir='ltr'><strong>non</strong></span> <span class='ocrx_word' id='word_1_182' title='bbox 1229 891 1262 922; x_wconf 93' lang='lat' dir='ltr'><strong>in</strong></span> <span class='ocrx_word' id='word_1_183' title='bbox 1284 891 1510 923; x_wconf 76' lang='lat' dir='ltr'><strong>communibus</strong></span> <span class='ocrx_word' id='word_1_184' title='bbox 1529 893 1674 929; x_wconf 69' lang='lat' dir='ltr'><strong>Menaais,</strong></span> <span class='ocrx_word' id='word_1_185' title='bbox 1692 894 1748 924; x_wconf 82' lang='lat' dir='ltr'><strong>sed</strong></span> <span class='ocrx_word' id='word_1_186' title='bbox 1767 894 1805 924; x_wconf 88' lang='lat' dir='ltr'><strong>in</strong></span> 
     </span>
    </p>
   </div>
   <div class='ocr_carea' id='block_1_18' title="bbox 171 942 1805 983">
    <p class='ocr_par' dir='ltr' id='par_1_18' title="bbox 171 942 1805 983">
     <span class='ocr_line' id='line_1_18' title="bbox 171 942 1805 983; baseline 0.001 -9"><span class='ocrx_word' id='word_1_187' title='bbox 171 943 389 983; x_wconf 82' lang='lat' dir='ltr'><strong>peculiaribus</strong></span> <span class='ocrx_word' id='word_1_188' title='bbox 408 943 480 979; x_wconf 88' lang='lat' dir='ltr'><strong>loci,</strong></span> <span class='ocrx_word' id='word_1_189' title='bbox 494 943 548 974; x_wconf 92' lang='lat' dir='ltr'><strong>ubi</strong></span> <span class='ocrx_word' id='word_1_190' title='bbox 572 943 678 974; x_wconf 89' lang='lat' dir='ltr'><strong>cultus</strong></span> <span class='ocrx_word' id='word_1_191' title='bbox 693 951 805 974; x_wconf 89' lang='lat' dir='ltr'><strong>eorum</strong></span> <span class='ocrx_word' id='word_1_192' title='bbox 817 943 912 982; x_wconf 79' lang='lat' dir='ltr'><strong>viget,</strong></span> <span class='ocrx_word' id='word_1_193' title='bbox 931 942 1049 973; x_wconf 87' lang='lat' dir='ltr'><strong>tabulis</strong></span> <span class='ocrx_word' id='word_1_194' title='bbox 1061 943 1249 982; x_wconf 84' lang='lat' dir='ltr'><strong>consignata</strong></span> <span class='ocrx_word' id='word_1_195' title='bbox 1266 952 1338 975; x_wconf 90' lang='lat' dir='ltr'><strong>esse</strong></span> <span class='ocrx_word' id='word_1_196' title='bbox 1356 943 1437 975; x_wconf 87' lang='lat' dir='ltr'><strong>solet</strong></span> <span class='ocrx_word' id='word_1_197' title='bbox 1450 944 1594 983; x_wconf 85' lang='lat' dir='ltr'><strong>:qualem</strong></span> <span class='ocrx_word' id='word_1_198' title='bbox 1608 946 1805 976; x_wconf 87' lang='lat' dir='ltr'><strong>memoriam</strong></span> 
     </span>
    </p>
   </div>
   <div class='ocr_carea' id='block_1_19' title="bbox 171 991 1805 1035">
    <p class='ocr_par' dir='ltr' id='par_1_19' title="bbox 171 991 1805 1035">
     <span class='ocr_line' id='line_1_19' title="bbox 171 991 1805 1035; baseline -0.002 -9"><span class='ocrx_word' id='word_1_199' title='bbox 171 1004 211 1026; x_wconf 89' lang='lat' dir='ltr'><strong>ne</strong></span> <span class='ocrx_word' id='word_1_200' title='bbox 226 994 313 1026; x_wconf 89' lang='lat' dir='ltr'><strong>hisce</strong></span> <span class='ocrx_word' id='word_1_201' title='bbox 330 995 464 1035; x_wconf 87' lang='lat' dir='ltr'><strong>quidem</strong></span> <span class='ocrx_word' id='word_1_202' title='bbox 484 994 677 1034; x_wconf 70' lang='lat' dir='ltr'><strong>martyribus</strong></span> <span class='ocrx_word' id='word_1_203' title='bbox 697 994 824 1030; x_wconf 87' lang='lat' dir='ltr'><strong>deesse,</strong></span> <span class='ocrx_word' id='word_1_204' title='bbox 840 993 978 1024; x_wconf 82' lang='lat' dir='ltr'><strong>inferius</strong></span> <span class='ocrx_word' id='word_1_205' title='bbox 994 993 1214 1024; x_wconf 88' lang='lat' dir='ltr'><strong>ostendemus.</strong></span> <span class='ocrx_word' id='word_1_206' title='bbox 1231 994 1351 1025; x_wconf 82' lang='lat' dir='ltr'><strong>Verum</strong></span> <span class='ocrx_word' id='word_1_207' title='bbox 1371 994 1432 1025; x_wconf 86' lang='lat' dir='ltr'><strong>etsi</strong></span> <span class='ocrx_word' id='word_1_208' title='bbox 1460 994 1547 1025; x_wconf 87' lang='lat' dir='ltr'><strong>nulla</strong></span> <span class='ocrx_word' id='word_1_209' title='bbox 1565 994 1700 1025; x_wconf 87' lang='lat' dir='ltr'><strong>omnino</strong></span> <span class='ocrx_word' id='word_1_210' title='bbox 1721 991 1805 1025; x_wconf 74' lang='lat' dir='ltr'><strong>alibi</strong></span> 
     </span>
    </p>
   </div>
   <div class='ocr_carea' id='block_1_20' title="bbox 171 1043 1804 1084">
    <p class='ocr_par' dir='ltr' id='par_1_20' title="bbox 171 1043 1804 1084">
     <span class='ocr_line' id='line_1_20' title="bbox 171 1043 1804 1084; baseline 0.001 -9"><span class='ocrx_word' id='word_1_211' title='bbox 171 1046 293 1077; x_wconf 87' lang='lat' dir='ltr'><strong>mentio</strong></span> <span class='ocrx_word' id='word_1_212' title='bbox 321 1046 360 1076; x_wconf 90' lang='lat' dir='ltr'><strong>de</strong></span> <span class='ocrx_word' id='word_1_213' title='bbox 385 1046 508 1076; x_wconf 88' lang='lat' dir='ltr'><strong>eisdem</strong></span> <span class='ocrx_word' id='word_1_214' title='bbox 539 1049 735 1081; x_wconf 85' lang='lat' dir='ltr'><strong>occurreret,</strong></span> <span class='ocrx_word' id='word_1_215' title='bbox 753 1043 836 1075; x_wconf 91' lang='lat' dir='ltr'><strong>nihil</strong></span> <span class='ocrx_word' id='word_1_216' title='bbox 867 1043 943 1074; x_wconf 81' lang='lat' dir='ltr'><strong>itide</strong></span> <span class='ocrx_word' id='word_1_217' title='bbox 968 1043 1167 1075; x_wconf 76' lang='lat' dir='ltr'><strong>auctoritatis</strong></span> <span class='ocrx_word' id='word_1_218' title='bbox 1192 1049 1223 1076; x_wconf 88' lang='lat' dir='ltr'><strong>et</strong></span> <span class='ocrx_word' id='word_1_219' title='bbox 1242 1045 1336 1084; x_wconf 86' lang='lat' dir='ltr'><strong>pretii</strong></span> <span class='ocrx_word' id='word_1_220' title='bbox 1361 1045 1437 1076; x_wconf 91' lang='lat' dir='ltr'><strong>huic</strong></span> <span class='ocrx_word' id='word_1_221' title='bbox 1461 1045 1598 1076; x_wconf 81' lang='lat' dir='ltr'><strong>orationi</strong></span> <span class='ocrx_word' id='word_1_222' title='bbox 1619 1046 1804 1076; x_wconf 88' lang='lat' dir='ltr'><strong>detractum</strong></span> 
     </span>
    </p>
   </div>
   <div class='ocr_carea' id='block_1_21' title="bbox 168 1095 1803 1136">
    <p class='ocr_par' dir='ltr' id='par_1_21' title="bbox 168 1095 1803 1136">
     <span class='ocr_line' id='line_1_21' title="bbox 168 1095 1803 1136; baseline -0.001 -8"><span class='ocrx_word' id='word_1_223' title='bbox 168 1101 254 1128; x_wconf 85' lang='lat' dir='ltr'><strong>esset</strong></span> <span class='ocrx_word' id='word_1_224' title='bbox 274 1097 360 1128; x_wconf 88' lang='lat' dir='ltr'><strong>:imo</strong></span> <span class='ocrx_word' id='word_1_225' title='bbox 378 1097 578 1135; x_wconf 73' lang='lat' dir='ltr'><strong>prmstantius</strong></span> <span class='ocrx_word' id='word_1_226' title='bbox 593 1096 640 1126; x_wconf 91' lang='lat' dir='ltr'><strong>vel</strong></span> <span class='ocrx_word' id='word_1_227' title='bbox 658 1105 698 1127; x_wconf 79' lang='lat' dir='ltr'><strong>ex</strong></span> <span class='ocrx_word' id='word_1_228' title='bbox 712 1096 771 1126; x_wconf 88' lang='lat' dir='ltr'><strong>hoc</strong></span> <span class='ocrx_word' id='word_1_229' title='bbox 788 1095 859 1135; x_wconf 91' lang='lat' dir='ltr'><strong>ipso</strong></span> <span class='ocrx_word' id='word_1_230' title='bbox 871 1095 1084 1135; x_wconf 82' lang='lat' dir='ltr'><strong>judicandum</strong></span> <span class='ocrx_word' id='word_1_231' title='bbox 1111 1095 1284 1132; x_wconf 72' lang='lat' dir='ltr'><strong>videretur,</strong></span> <span class='ocrx_word' id='word_1_232' title='bbox 1305 1096 1659 1136; x_wconf 88' lang='lat' dir='ltr'><strong>nobisqueimpensius</strong></span> <span class='ocrx_word' id='word_1_233' title='bbox 1685 1101 1803 1136; x_wconf 80' lang='lat' dir='ltr'><strong>gratu-</strong></span> 
     </span>
    </p>
   </div>
   <div class='ocr_carea' id='block_1_22' title="bbox 169 1145 1806 1187">
    <p class='ocr_par' dir='ltr' id='par_1_22' title="bbox 169 1145 1806 1187">
     <span class='ocr_line' id='line_1_22' title="bbox 169 1145 1806 1187; baseline -0.002 -9"><span class='ocrx_word' id='word_1_234' title='bbox 169 1147 312 1183; x_wconf 82' lang='lat' dir='ltr'><strong>landum,</strong></span> <span class='ocrx_word' id='word_1_235' title='bbox 335 1146 421 1186; x_wconf 90' lang='lat' dir='ltr'><strong>quod</strong></span> <span class='ocrx_word' id='word_1_236' title='bbox 442 1147 568 1177; x_wconf 81' lang='lat' dir='ltr'><strong>tandem</strong></span> <span class='ocrx_word' id='word_1_237' title='bbox 593 1145 768 1185; x_wconf 82' lang='lat' dir='ltr'><strong>aliquando</strong></span> <span class='ocrx_word' id='word_1_238' title='bbox 787 1146 919 1185; x_wconf 86' lang='lat' dir='ltr'><strong>prodeat</strong></span> <span class='ocrx_word' id='word_1_239' title='bbox 945 1146 977 1176; x_wconf 94' lang='lat' dir='ltr'>in</span> <span class='ocrx_word' id='word_1_240' title='bbox 999 1146 1123 1183; x_wconf 89' lang='lat' dir='ltr'><strong>lucem;</strong></span> <span class='ocrx_word' id='word_1_241' title='bbox 1141 1149 1171 1176; x_wconf 92' lang='lat' dir='ltr'><strong>et</strong></span> <span class='ocrx_word' id='word_1_242' title='bbox 1196 1145 1338 1184; x_wconf 91' lang='lat' dir='ltr'><strong>plurium</strong></span> <span class='ocrx_word' id='word_1_243' title='bbox 1367 1150 1542 1186; x_wconf 84' lang='lat' dir='ltr'><strong>martyrum</strong></span> <span class='ocrx_word' id='word_1_244' title='bbox 1558 1146 1806 1187; x_wconf 60' lang='lat' dir='ltr'><strong>tbaumaturgm</strong></span> 
     </span>
    </p>
   </div>
   <div class='ocr_carea' id='block_1_23' title="bbox 168 1198 1333 1239">
    <p class='ocr_par' dir='ltr' id='par_1_23' title="bbox 168 1198 1333 1239">
     <span class='ocr_line' id='line_1_23' title="bbox 168 1198 1333 1239; baseline -0.002 -9"><span class='ocrx_word' id='word_1_245' title='bbox 168 1209 306 1239; x_wconf 84' lang='lat' dir='ltr'><strong>rumque</strong></span> <span class='ocrx_word' id='word_1_246' title='bbox 324 1199 478 1230; x_wconf 84' lang='lat' dir='ltr'><strong>memoria</strong></span> <span class='ocrx_word' id='word_1_247' title='bbox 496 1199 535 1229; x_wconf 87' lang='lat' dir='ltr'><strong>ab</strong></span> <span class='ocrx_word' id='word_1_248' title='bbox 545 1198 734 1230; x_wconf 74' lang='lat' dir='ltr'><strong>omnitttoda</strong></span> <span class='ocrx_word' id='word_1_249' title='bbox 747 1198 913 1229; x_wconf 87' lang='lat' dir='ltr'><strong>oblivione</strong></span> <span class='ocrx_word' id='word_1_250' title='bbox 932 1201 964 1229; x_wconf 83' lang='lat' dir='ltr'><strong>et</strong></span> <span class='ocrx_word' id='word_1_251' title='bbox 981 1198 1124 1229; x_wconf 87' lang='lat' dir='ltr'><strong>tenebris</strong></span> <span class='ocrx_word' id='word_1_252' title='bbox 1140 1198 1333 1229; x_wconf 85' lang='lat' dir='ltr'><strong>vindicetur.</strong></span> 
     </span>
    </p>
   </div>
   <div class='ocr_carea' id='block_1_24' title="bbox 207 1250 1804 1291">
    <p class='ocr_par' dir='ltr' id='par_1_24' title="bbox 207 1250 1804 1291">
     <span class='ocr_line' id='line_1_24' title="bbox 207 1250 1804 1291; baseline -0.001 -9"><span class='ocrx_word' id='word_1_253' title='bbox 207 1253 323 1283; x_wconf 80' lang='lat' dir='ltr'><strong>XVIII.</strong></span> <span class='ocrx_word' id='word_1_254' title='bbox 342 1252 428 1283; x_wconf 87' lang='lat' dir='ltr'><strong>Talis</strong></span> <span class='ocrx_word' id='word_1_255' title='bbox 443 1259 478 1282; x_wconf 92' lang='lat' dir='ltr'><strong>ac</strong></span> <span class='ocrx_word' id='word_1_256' title='bbox 495 1255 579 1283; x_wconf 87' lang='lat' dir='ltr'><strong>tanta</strong></span> <span class='ocrx_word' id='word_1_257' title='bbox 594 1251 749 1282; x_wconf 89' lang='lat' dir='ltr'><strong>orationis</strong></span> <span class='ocrx_word' id='word_1_258' title='bbox 767 1250 864 1291; x_wconf 84' lang='lat' dir='ltr'><strong>hujus</strong></span> <span class='ocrx_word' id='word_1_259' title='bbox 881 1250 1004 1282; x_wconf 84' lang='lat' dir='ltr'><strong>utilitas</strong></span> <span class='ocrx_word' id='word_1_260' title='bbox 1026 1254 1123 1290; x_wconf 86' lang='lat' dir='ltr'><strong>atque</strong></span> <span class='ocrx_word' id='word_1_261' title='bbox 1141 1251 1323 1290; x_wconf 62' lang='lat' dir='ltr'><strong>praestantia</strong></span> <span class='ocrx_word' id='word_1_262' title='bbox 1341 1250 1443 1282; x_wconf 87' lang='lat' dir='ltr'><strong>levem</strong></span> <span class='ocrx_word' id='word_1_263' title='bbox 1465 1250 1541 1282; x_wconf 88' lang='lat' dir='ltr'><strong>mibi</strong></span> <span class='ocrx_word' id='word_1_264' title='bbox 1559 1251 1621 1281; x_wconf 91' lang='lat' dir='ltr'><strong>imo</strong></span> <span class='ocrx_word' id='word_1_265' title='bbox 1631 1254 1662 1281; x_wconf 88' lang='lat' dir='ltr'><strong>et</strong></span> <span class='ocrx_word' id='word_1_266' title='bbox 1675 1250 1804 1289; x_wconf 88' lang='lat' dir='ltr'><strong>jucun-</strong></span> 
     </span>
    </p>
   </div>
   <div class='ocr_carea' id='block_1_25' title="bbox 167 1301 1804 1342">
    <p class='ocr_par' dir='ltr' id='par_1_25' title="bbox 167 1301 1804 1342">
     <span class='ocr_line' id='line_1_25' title="bbox 167 1301 1804 1342; baseline -0.001 -10"><span class='ocrx_word' id='word_1_267' title='bbox 167 1303 243 1333; x_wconf 87' lang='lat' dir='ltr'><strong>dum</strong></span> <span class='ocrx_word' id='word_1_268' title='bbox 262 1303 491 1341; x_wconf 83' lang='lat' dir='ltr'><strong>interpretandi</strong></span> <span class='ocrx_word' id='word_1_269' title='bbox 517 1303 712 1334; x_wconf 89' lang='lat' dir='ltr'><strong>reddidisset</strong></span> <span class='ocrx_word' id='word_1_270' title='bbox 729 1302 883 1338; x_wconf 82' lang='lat' dir='ltr'><strong>laborem,</strong></span> <span class='ocrx_word' id='word_1_271' title='bbox 912 1302 972 1332; x_wconf 93' lang='lat' dir='ltr'><strong>nisi</strong></span> <span class='ocrx_word' id='word_1_272' title='bbox 996 1301 1169 1342; x_wconf 82' lang='lat' dir='ltr'><strong>apographi</strong></span> <span class='ocrx_word' id='word_1_273' title='bbox 1198 1310 1334 1338; x_wconf 87' lang='lat' dir='ltr'><strong>summa,</strong></span> <span class='ocrx_word' id='word_1_274' title='bbox 1348 1306 1382 1332; x_wconf 88' lang='lat' dir='ltr'><strong>ttt</strong></span> <span class='ocrx_word' id='word_1_275' title='bbox 1399 1302 1494 1333; x_wconf 88' lang='lat' dir='ltr'><strong>initio</strong></span> <span class='ocrx_word' id='word_1_276' title='bbox 1521 1302 1602 1338; x_wconf 91' lang='lat' dir='ltr'><strong>dixi,</strong></span> <span class='ocrx_word' id='word_1_277' title='bbox 1637 1301 1804 1332; x_wconf 86' lang='lat' dir='ltr'><strong>vitiositas</strong></span> 
     </span>
    </p>
   </div>
   <div class='ocr_carea' id='block_1_26' title="bbox 167 1352 1805 1394">
    <p class='ocr_par' dir='ltr' id='par_1_26' title="bbox 167 1352 1805 1394">
     <span class='ocr_line' id='line_1_26' title="bbox 167 1352 1805 1394; baseline -0.002 -9"><span class='ocrx_word' id='word_1_278' title='bbox 167 1354 250 1385; x_wconf 83' lang='lat' dir='ltr'><strong>haud</strong></span> <span class='ocrx_word' id='word_1_279' title='bbox 267 1354 431 1394; x_wconf 76' lang='lat' dir='ltr'><strong>exiguam,</strong></span> <span class='ocrx_word' id='word_1_280' title='bbox 445 1354 512 1385; x_wconf 88' lang='lat' dir='ltr'><strong>imo</strong></span> <span class='ocrx_word' id='word_1_281' title='bbox 529 1353 620 1384; x_wconf 87' lang='lat' dir='ltr'><strong>valde</strong></span> <span class='ocrx_word' id='word_1_282' title='bbox 637 1361 782 1393; x_wconf 80' lang='lat' dir='ltr'><strong>magnam</strong></span> <span class='ocrx_word' id='word_1_283' title='bbox 800 1353 877 1383; x_wconf 92' lang='lat' dir='ltr'><strong>mibi</strong></span> <span class='ocrx_word' id='word_1_284' title='bbox 899 1352 1078 1383; x_wconf 86' lang='lat' dir='ltr'><strong>molestiam</strong></span> <span class='ocrx_word' id='word_1_285' title='bbox 1107 1355 1256 1383; x_wconf 87' lang='lat' dir='ltr'><strong>creasset.</strong></span> <span class='ocrx_word' id='word_1_286' title='bbox 1271 1353 1344 1384; x_wconf 89' lang='lat' dir='ltr'><strong>Erat</strong></span> <span class='ocrx_word' id='word_1_287' title='bbox 1361 1353 1482 1392; x_wconf 90' lang='lat' dir='ltr'><strong>quippe</strong></span> <span class='ocrx_word' id='word_1_288' title='bbox 1500 1353 1573 1383; x_wconf 91' lang='lat' dir='ltr'><strong>talis</strong></span> <span class='ocrx_word' id='word_1_289' title='bbox 1587 1361 1623 1383; x_wconf 88' lang='lat' dir='ltr'><strong>ac</strong></span> <span class='ocrx_word' id='word_1_290' title='bbox 1647 1356 1749 1387; x_wconf 87' lang='lat' dir='ltr'><strong>tanta,</strong></span> <span class='ocrx_word' id='word_1_291' title='bbox 1770 1355 1805 1382; x_wconf 88' lang='lat' dir='ltr'><strong>nt</strong></span> 
     </span>
    </p>
   </div>
   <div class='ocr_carea' id='block_1_27' title="bbox 167 1402 1805 1444">
    <p class='ocr_par' dir='ltr' id='par_1_27' title="bbox 167 1402 1805 1444">
     <span class='ocr_line' id='line_1_27' title="bbox 167 1402 1805 1444; baseline -0.001 -9"><span class='ocrx_word' id='word_1_292' title='bbox 167 1405 355 1436; x_wconf 87' lang='lat' dir='ltr'><strong>mettdosius</strong></span> <span class='ocrx_word' id='word_1_293' title='bbox 383 1405 560 1444; x_wconf 86' lang='lat' dir='ltr'><strong>quidquam</strong></span> <span class='ocrx_word' id='word_1_294' title='bbox 581 1404 678 1435; x_wconf 80' lang='lat' dir='ltr'><strong>scribi</strong></span> <span class='ocrx_word' id='word_1_295' title='bbox 704 1403 849 1443; x_wconf 84' lang='lat' dir='ltr'><strong>potuisse</strong></span> <span class='ocrx_word' id='word_1_296' title='bbox 876 1403 929 1434; x_wconf 86' lang='lat' dir='ltr'><strong>vix</strong></span> <span class='ocrx_word' id='word_1_297' title='bbox 948 1407 1068 1442; x_wconf 89' lang='lat' dir='ltr'><strong>putem.</strong></span> <span class='ocrx_word' id='word_1_298' title='bbox 1089 1404 1165 1434; x_wconf 84' lang='lat' dir='ltr'><strong>Nam</strong></span> <span class='ocrx_word' id='word_1_299' title='bbox 1196 1403 1314 1442; x_wconf 89' lang='lat' dir='ltr'><strong>passim</strong></span> <span class='ocrx_word' id='word_1_300' title='bbox 1338 1406 1370 1434; x_wconf 87' lang='lat' dir='ltr'><strong>et</strong></span> <span class='ocrx_word' id='word_1_301' title='bbox 1397 1403 1575 1434; x_wconf 88' lang='lat' dir='ltr'><strong>litterarum</strong></span> <span class='ocrx_word' id='word_1_302' title='bbox 1602 1402 1754 1440; x_wconf 87' lang='lat' dir='ltr'><strong>variatio,</strong></span> <span class='ocrx_word' id='word_1_303' title='bbox 1772 1404 1805 1432; x_wconf 71' lang='lat' dir='ltr'><strong>et</strong></span> 
     </span>
    </p>
   </div>
   <div class='ocr_carea' id='block_1_28' title="bbox 168 1453 1803 1494">
    <p class='ocr_par' dir='ltr' id='par_1_28' title="bbox 168 1453 1803 1494">
     <span class='ocr_line' id='line_1_28' title="bbox 168 1453 1803 1494; baseline 0 -10"><span class='ocrx_word' id='word_1_304' title='bbox 168 1455 309 1493; x_wconf 75' lang='lat' dir='ltr'><strong>plurium</strong></span> <span class='ocrx_word' id='word_1_305' title='bbox 325 1454 488 1494; x_wconf 78' lang='lat' dir='ltr'><strong>copulatio</strong></span> <span class='ocrx_word' id='word_1_306' title='bbox 512 1455 702 1488; x_wconf 87' lang='lat' dir='ltr'><strong>dictionum.</strong></span> <span class='ocrx_word' id='word_1_307' title='bbox 716 1457 747 1484; x_wconf 89' lang='lat' dir='ltr'><strong>et</strong></span> <span class='ocrx_word' id='word_1_308' title='bbox 767 1463 784 1485; x_wconf 89' lang='lat' dir='ltr'>e</span> <span class='ocrx_word' id='word_1_309' title='bbox 800 1453 960 1485; x_wconf 88' lang='lat' dir='ltr'><strong>contrario</strong></span> <span class='ocrx_word' id='word_1_310' title='bbox 985 1453 1083 1484; x_wconf 91' lang='lat' dir='ltr'><strong>unius</strong></span> <span class='ocrx_word' id='word_1_311' title='bbox 1111 1453 1324 1493; x_wconf 80' lang='lat' dir='ltr'><strong>ejusdemque</strong></span> <span class='ocrx_word' id='word_1_312' title='bbox 1353 1453 1476 1484; x_wconf 90' lang='lat' dir='ltr'><strong>divisio</strong></span> <span class='ocrx_word' id='word_1_313' title='bbox 1497 1455 1528 1485; x_wconf 92' lang='lat' dir='ltr'><strong>in</strong></span> <span class='ocrx_word' id='word_1_314' title='bbox 1559 1462 1598 1484; x_wconf 89' lang='lat' dir='ltr'><strong>eo</strong></span> <span class='ocrx_word' id='word_1_315' title='bbox 1617 1454 1803 1485; x_wconf 85' lang='lat' dir='ltr'><strong>identidem</strong></span> 
     </span>
    </p>
   </div>
   <div class='ocr_carea' id='block_1_29' title="bbox 165 1503 1799 1544">
    <p class='ocr_par' dir='ltr' id='par_1_29' title="bbox 165 1503 1799 1544">
     <span class='ocr_line' id='line_1_29' title="bbox 165 1503 1799 1544; baseline -0.001 -8"><span class='ocrx_word' id='word_1_316' title='bbox 165 1504 366 1536; x_wconf 78' lang='lat' dir='ltr'><strong>occurrebat.</strong></span> <span class='ocrx_word' id='word_1_317' title='bbox 389 1505 567 1534; x_wconf 75' lang='lat' dir='ltr'><strong>Praesertim</strong></span> <span class='ocrx_word' id='word_1_318' title='bbox 600 1511 673 1534; x_wconf 91' lang='lat' dir='ltr'><strong>vero</strong></span> <span class='ocrx_word' id='word_1_319' title='bbox 705 1503 737 1534; x_wconf 91' lang='lat' dir='ltr'>in</span> <span class='ocrx_word' id='word_1_320' title='bbox 766 1503 926 1534; x_wconf 85' lang='lat' dir='ltr'><strong>vocalibus</strong></span> <span class='ocrx_word' id='word_1_321' title='bbox 941 1507 1104 1542; x_wconf 88' lang='lat' dir='ltr'><strong>peccatum</strong></span> <span class='ocrx_word' id='word_1_322' title='bbox 1123 1503 1260 1534; x_wconf 83' lang='lat' dir='ltr'><strong>maxime</strong></span> <span class='ocrx_word' id='word_1_323' title='bbox 1278 1507 1326 1534; x_wconf 89' lang='lat' dir='ltr'><strong>est</strong></span> <span class='ocrx_word' id='word_1_324' title='bbox 1351 1512 1358 1534; x_wconf 88' lang='lat'><em>:</em></span> <span class='ocrx_word' id='word_1_325' title='bbox 1379 1512 1450 1535; x_wconf 89' lang='lat' dir='ltr'><strong>nam</strong></span> <span class='ocrx_word' id='word_1_326' title='bbox 1474 1504 1601 1536; x_wconf 86' lang='lat' dir='ltr'><strong>vocales</strong></span> <span class='ocrx_word' id='word_1_327' title='bbox 1622 1509 1721 1544; x_wconf 89' lang='lat' dir='ltr'><strong>atque</strong></span> <span class='ocrx_word' id='word_1_328' title='bbox 1743 1505 1799 1535; x_wconf 86' lang='lat' dir='ltr'><strong>di-</strong></span> 
     </span>
    </p>
   </div>
   <div class='ocr_carea' id='block_1_30' title="bbox 167 1553 909 1596">
    <p class='ocr_par' dir='ltr' id='par_1_30' title="bbox 167 1555 909 1596">
     <span class='ocr_line' id='line_1_30' title="bbox 167 1555 909 1596; baseline -0.001 -10"><span class='ocrx_word' id='word_1_329' title='bbox 167 1557 321 1596; x_wconf 72' lang='lat' dir='ltr'><strong>pbtbongi</strong></span> <span class='ocrx_word' id='word_1_330' title='bbox 339 1579 347 1592; x_wconf 93' lang='lat'><strong>,</strong></span> <span class='ocrx_word' id='word_1_331' title='bbox 377 1564 449 1595; x_wconf 68' lang='lat' dir='ltr'><strong>quin</strong></span> <span class='ocrx_word' id='word_1_332' title='bbox 467 1555 580 1586; x_wconf 79' lang='lat' dir='ltr'><strong>eodem</strong></span> <span class='ocrx_word' id='word_1_333' title='bbox 607 1563 691 1586; x_wconf 92' lang='lat' dir='ltr'><strong>nunc</strong></span> <span class='ocrx_word' id='word_1_334' title='bbox 719 1562 799 1585; x_wconf 92' lang='lat' dir='ltr'><strong>sono</strong></span> <span class='ocrx_word' id='word_1_335' title='bbox 835 1562 909 1594; x_wconf 81' lang='lat' dir='ltr'><strong>proa</strong></span> 
     </span>
    </p>
   </div>
   <div class='ocr_carea' id='block_1_31' title="bbox 1058 1553 1800 1596">
    <p class='ocr_par' dir='ltr' id='par_1_31' title="bbox 1058 1553 1800 1594">
     <span class='ocr_line' id='line_1_31' title="bbox 1058 1553 1800 1594; baseline 0.004 -10"><span class='ocrx_word' id='word_1_336' title='bbox 1058 1563 1085 1584; x_wconf 91' lang='lat' dir='ltr'><strong>tr</strong></span> <span class='ocrx_word' id='word_1_337' title='bbox 1115 1562 1131 1584; x_wconf 91' lang='lat' dir='ltr'><strong>a</strong></span> <span class='ocrx_word' id='word_1_338' title='bbox 1166 1553 1306 1591; x_wconf 79' lang='lat' dir='ltr'><strong>Grtecis,</strong></span> <span class='ocrx_word' id='word_1_339' title='bbox 1345 1563 1460 1594; x_wconf 90' lang='lat' dir='ltr'><strong>nempe</strong></span> <span class='ocrx_word' id='word_1_340' title='bbox 1488 1555 1738 1594; x_wconf 72' lang='grc' dir='ltr'><strong>ὴ,ι,υ,ει,οι,</strong></span> <span class='ocrx_word' id='word_1_341' title='bbox 1769 1568 1800 1594; x_wconf 82' lang='grc' dir='ltr'><strong>ε,</strong></span> 
     </span>
    </p>
   </div>
   <div class='ocr_carea' id='block_1_32' title="bbox 164 1604 1800 1645">
    <p class='ocr_par' dir='ltr' id='par_1_32' title="bbox 164 1604 1800 1645">
     <span class='ocr_line' id='line_1_32' title="bbox 164 1604 1800 1645; baseline 0.001 -9"><span class='ocrx_word' id='word_1_342' title='bbox 164 1618 193 1636; x_wconf 82' lang='grc' dir='ltr'>αι</span> <span class='ocrx_word' id='word_1_343' title='bbox 205 1629 214 1642; x_wconf 89' lang='lat'><strong>,</strong></span> <span class='ocrx_word' id='word_1_344' title='bbox 235 1618 259 1643; x_wconf 86' lang='grc' dir='ltr'><strong>ο,</strong></span> <span class='ocrx_word' id='word_1_345' title='bbox 273 1617 305 1644; x_wconf 82' lang='grc' dir='ltr'><strong>ω,</strong></span> <span class='ocrx_word' id='word_1_346' title='bbox 322 1605 602 1638; x_wconf 84' lang='lat' dir='ltr'><strong>indiscriminatim</strong></span> <span class='ocrx_word' id='word_1_347' title='bbox 620 1606 734 1645; x_wconf 72' lang='lat' dir='ltr'><strong>positae</strong></span> <span class='ocrx_word' id='word_1_348' title='bbox 743 1606 883 1636; x_wconf 86' lang='lat' dir='ltr'><strong>sunt.Ex</strong></span> <span class='ocrx_word' id='word_1_349' title='bbox 893 1613 957 1644; x_wconf 92' lang='lat' dir='ltr'><strong>quo</strong></span> <span class='ocrx_word' id='word_1_350' title='bbox 970 1604 1064 1636; x_wconf 80' lang='lat' dir='ltr'><strong>facile</strong></span> <span class='ocrx_word' id='word_1_351' title='bbox 1078 1604 1472 1644; x_wconf 81' lang='lat' dir='ltr'><strong>colligas,amanuenscm,</strong></span> <span class='ocrx_word' id='word_1_352' title='bbox 1484 1606 1690 1645; x_wconf 88' lang='lat' dir='ltr'><strong>quicodicem</strong></span> <span class='ocrx_word' id='word_1_353' title='bbox 1711 1608 1800 1638; x_wconf 85' lang='lat' dir='ltr'><strong>unde</strong></span> 
     </span>
    </p>
   </div>
   <div class='ocr_carea' id='block_1_33' title="bbox 162 1655 1799 1696">
    <p class='ocr_par' dir='ltr' id='par_1_33' title="bbox 162 1655 1799 1696">
     <span class='ocr_line' id='line_1_33' title="bbox 162 1655 1799 1696; baseline 0.001 -10"><span class='ocrx_word' id='word_1_354' title='bbox 162 1657 370 1696; x_wconf 85' lang='lat' dir='ltr'><strong>desumptum</strong></span> <span class='ocrx_word' id='word_1_355' title='bbox 386 1656 604 1696; x_wconf 82' lang='lat' dir='ltr'><strong>apographum</strong></span> <span class='ocrx_word' id='word_1_356' title='bbox 629 1660 688 1690; x_wconf 86' lang='lat' dir='ltr'><strong>est,</strong></span> <span class='ocrx_word' id='word_1_357' title='bbox 707 1656 849 1687; x_wconf 85' lang='lat' dir='ltr'><strong>exaravit</strong></span> <span class='ocrx_word' id='word_1_358' title='bbox 865 1655 909 1691; x_wconf 92' lang='lat' dir='ltr'><strong>(in</strong></span> <span class='ocrx_word' id='word_1_359' title='bbox 926 1655 1117 1695; x_wconf 86' lang='lat' dir='ltr'><strong>scriptorem</strong></span> <span class='ocrx_word' id='word_1_360' title='bbox 1139 1655 1238 1686; x_wconf 91' lang='lat' dir='ltr'><strong>nostri</strong></span> <span class='ocrx_word' id='word_1_361' title='bbox 1270 1655 1445 1695; x_wconf 82' lang='lat' dir='ltr'><strong>apographi</strong></span> <span class='ocrx_word' id='word_1_362' title='bbox 1476 1656 1556 1687; x_wconf 88' lang='lat' dir='ltr'><strong>hanc</strong></span> <span class='ocrx_word' id='word_1_363' title='bbox 1577 1656 1706 1696; x_wconf 87' lang='lat' dir='ltr'><strong>culpam</strong></span> <span class='ocrx_word' id='word_1_364' title='bbox 1735 1666 1799 1688; x_wconf 84' lang='lat' dir='ltr'><strong>non</strong></span> 
     </span>
    </p>
   </div>
   <div class='ocr_carea' id='block_1_34' title="bbox 161 1706 1799 1748">
    <p class='ocr_par' dir='ltr' id='par_1_34' title="bbox 161 1706 1799 1748">
     <span class='ocr_line' id='line_1_34' title="bbox 161 1706 1799 1748; baseline 0.004 -14"><span class='ocrx_word' id='word_1_365' title='bbox 161 1706 277 1737; x_wconf 79' lang='lat' dir='ltr'><strong>cadere</strong></span> <span class='ocrx_word' id='word_1_366' title='bbox 295 1706 428 1738; x_wconf 87' lang='lat' dir='ltr'><strong>aliunde</strong></span> <span class='ocrx_word' id='word_1_367' title='bbox 445 1706 538 1747; x_wconf 86' lang='lat' dir='ltr'><strong>scio),</strong></span> <span class='ocrx_word' id='word_1_368' title='bbox 568 1707 733 1746; x_wconf 76' lang='lat' dir='ltr'><strong>ignorasse</strong></span> <span class='ocrx_word' id='word_1_369' title='bbox 753 1706 883 1745; x_wconf 89' lang='lat' dir='ltr'><strong>penitus</strong></span> <span class='ocrx_word' id='word_1_370' title='bbox 901 1707 1018 1738; x_wconf 65' lang='lat' dir='ltr'><strong>Graeca;</strong></span> <span class='ocrx_word' id='word_1_371' title='bbox 1046 1707 1258 1745; x_wconf 65' lang='lat' dir='ltr'><strong>grammatica)</strong></span> <span class='ocrx_word' id='word_1_372' title='bbox 1277 1707 1381 1748; x_wconf 82' lang='lat' dir='ltr'><strong>leges;</strong></span> <span class='ocrx_word' id='word_1_373' title='bbox 1403 1713 1623 1748; x_wconf 55' lang='lat' dir='ltr'><strong>prastereaque</strong></span> <span class='ocrx_word' id='word_1_374' title='bbox 1659 1717 1726 1740; x_wconf 89' lang='lat' dir='ltr'><strong>non</strong></span> <span class='ocrx_word' id='word_1_375' title='bbox 1761 1718 1799 1740; x_wconf 88' lang='lat' dir='ltr'><strong>ex</strong></span> 
     </span>
    </p>
   </div>
   <div class='ocr_carea' id='block_1_35' title="bbox 166 1758 1798 1800">
    <p class='ocr_par' dir='ltr' id='par_1_35' title="bbox 166 1758 1798 1800">
     <span class='ocr_line' id='line_1_35' title="bbox 166 1758 1798 1800; baseline 0.002 -13"><span class='ocrx_word' id='word_1_376' title='bbox 166 1759 236 1797; x_wconf 89' lang='lat' dir='ltr'><strong>ipso</strong></span> <span class='ocrx_word' id='word_1_377' title='bbox 253 1758 427 1799; x_wconf 85' lang='lat' dir='ltr'><strong>exemplari</strong></span> <span class='ocrx_word' id='word_1_378' title='bbox 454 1759 557 1790; x_wconf 85' lang='lat' dir='ltr'><strong>oculis</strong></span> <span class='ocrx_word' id='word_1_379' title='bbox 578 1758 748 1798; x_wconf 86' lang='lat' dir='ltr'><strong>supposito</strong></span> <span class='ocrx_word' id='word_1_380' title='bbox 767 1759 826 1798; x_wconf 91' lang='lat' dir='ltr'><strong>(sic</strong></span> <span class='ocrx_word' id='word_1_381' title='bbox 841 1759 926 1790; x_wconf 89' lang='lat' dir='ltr'>enim</span> <span class='ocrx_word' id='word_1_382' title='bbox 954 1760 1088 1796; x_wconf 86' lang='lat' dir='ltr'><strong>litteras,</strong></span> <span class='ocrx_word' id='word_1_383' title='bbox 1116 1768 1188 1798; x_wconf 79' lang='lat' dir='ltr'><strong>qute</strong></span> <span class='ocrx_word' id='word_1_384' title='bbox 1199 1764 1287 1790; x_wconf 88' lang='lat' dir='ltr'><strong>erant</strong></span> <span class='ocrx_word' id='word_1_385' title='bbox 1305 1760 1567 1797; x_wconf 81' lang='lat' dir='ltr'><strong>transcribendaa,</strong></span> <span class='ocrx_word' id='word_1_386' title='bbox 1591 1761 1798 1800; x_wconf 84' lang='lat' dir='ltr'><strong>perspiciens</strong></span> 
     </span>
    </p>
   </div>
   <div class='ocr_carea' id='block_1_36' title="bbox 165 1809 1799 1850">
    <p class='ocr_par' dir='ltr' id='par_1_36' title="bbox 165 1809 1799 1850">
     <span class='ocr_line' id='line_1_36' title="bbox 165 1809 1799 1850; baseline 0.002 -12"><span class='ocrx_word' id='word_1_387' title='bbox 165 1809 268 1839; x_wconf 86' lang='lat' dir='ltr'><strong>rarius</strong></span> <span class='ocrx_word' id='word_1_388' title='bbox 286 1809 492 1848; x_wconf 87' lang='lat' dir='ltr'><strong>aberrasset),</strong></span> <span class='ocrx_word' id='word_1_389' title='bbox 510 1810 566 1840; x_wconf 91' lang='lat' dir='ltr'><strong>sed</strong></span> <span class='ocrx_word' id='word_1_390' title='bbox 589 1809 729 1840; x_wconf 84' lang='lat' dir='ltr'><strong>dictante</strong></span> <span class='ocrx_word' id='word_1_391' title='bbox 745 1809 868 1849; x_wconf 89' lang='lat' dir='ltr'><strong>aliquo,</strong></span> <span class='ocrx_word' id='word_1_392' title='bbox 885 1809 1019 1849; x_wconf 81' lang='lat' dir='ltr'><strong>etjuxta</strong></span> <span class='ocrx_word' id='word_1_393' title='bbox 1036 1809 1230 1840; x_wconf 85' lang='lat' dir='ltr'><strong>hodiernum</strong></span> <span class='ocrx_word' id='word_1_394' title='bbox 1246 1810 1426 1840; x_wconf 72' lang='lat' dir='ltr'><strong>Grzecoruut</strong></span> <span class='ocrx_word' id='word_1_395' title='bbox 1445 1818 1564 1841; x_wconf 83' lang='lat' dir='ltr'><strong>morem</strong></span> <span class='ocrx_word' id='word_1_396' title='bbox 1580 1810 1701 1840; x_wconf 89' lang='lat' dir='ltr'><strong>litteras</strong></span> <span class='ocrx_word' id='word_1_397' title='bbox 1721 1819 1799 1850; x_wconf 90' lang='lat' dir='ltr'><strong>pro—</strong></span> 
     </span>
    </p>
   </div>
   <div class='ocr_carea' id='block_1_37' title="bbox 158 1859 1796 1900">
    <p class='ocr_par' dir='ltr' id='par_1_37' title="bbox 158 1859 1796 1900">
     <span class='ocr_line' id='line_1_37' title="bbox 158 1859 1796 1900; baseline 0.001 -11"><span class='ocrx_word' id='word_1_398' title='bbox 158 1860 347 1897; x_wconf 82' lang='lat' dir='ltr'><strong>nuntiante,</strong></span> <span class='ocrx_word' id='word_1_399' title='bbox 365 1867 481 1891; x_wconf 83' lang='lat' dir='ltr'><strong>senum</strong></span> <span class='ocrx_word' id='word_1_400' title='bbox 497 1860 631 1891; x_wconf 86' lang='lat' dir='ltr'><strong>auribus</strong></span> <span class='ocrx_word' id='word_1_401' title='bbox 649 1864 834 1900; x_wconf 83' lang='lat' dir='ltr'><strong>perceptum</strong></span> <span class='ocrx_word' id='word_1_402' title='bbox 854 1860 973 1891; x_wconf 73' lang='lat' dir='ltr'><strong>Graecis</strong></span> <span class='ocrx_word' id='word_1_403' title='bbox 990 1864 1157 1899; x_wconf 83' lang='lat' dir='ltr'><strong>utcunque</strong></span> <span class='ocrx_word' id='word_1_404' title='bbox 1175 1860 1289 1891; x_wconf 87' lang='lat' dir='ltr'><strong>litteris</strong></span> <span class='ocrx_word' id='word_1_405' title='bbox 1302 1861 1523 1900; x_wconf 81' lang='lat' dir='ltr'><strong>consignnsse.</strong></span> <span class='ocrx_word' id='word_1_406' title='bbox 1538 1862 1582 1891; x_wconf 87' lang='lat' dir='ltr'><strong>Ex</strong></span> <span class='ocrx_word' id='word_1_407' title='bbox 1595 1869 1660 1900; x_wconf 90' lang='lat' dir='ltr'><strong>quo</strong></span> <span class='ocrx_word' id='word_1_408' title='bbox 1675 1859 1796 1892; x_wconf 82' lang='lat' dir='ltr'><strong>factum</strong></span> 
     </span>
    </p>
   </div>
   <div class='ocr_carea' id='block_1_38' title="bbox 156 1910 1797 1956">
    <p class='ocr_par' dir='ltr' id='par_1_38' title="bbox 156 1910 1797 1956">
     <span class='ocr_line' id='line_1_38' title="bbox 156 1910 1797 1956; baseline 0.001 -16"><span class='ocrx_word' id='word_1_409' title='bbox 156 1913 224 1947; x_wconf 32' lang='lat' dir='ltr'><strong>«est,</strong></span> <span class='ocrx_word' id='word_1_410' title='bbox 250 1914 282 1941; x_wconf 89' lang='lat' dir='ltr'><strong>ut</strong></span> <span class='ocrx_word' id='word_1_411' title='bbox 298 1910 332 1941; x_wconf 93' lang='lat' dir='ltr'><strong>in</strong></span> <span class='ocrx_word' id='word_1_412' title='bbox 349 1910 492 1942; x_wconf 89' lang='lat' dir='ltr'><strong>dictione</strong></span> <span class='ocrx_word' id='word_1_413' title='bbox 509 1911 699 1951; x_wconf 83' lang='lat' dir='ltr'><strong>dissyllaba,</strong></span> <span class='ocrx_word' id='word_1_414' title='bbox 713 1911 761 1942; x_wconf 86' lang='lat' dir='ltr'><strong>vel</strong></span> <span class='ocrx_word' id='word_1_415' title='bbox 779 1910 964 1950; x_wconf 74' lang='lat' dir='ltr'><strong>trissyllaba</strong></span> <span class='ocrx_word' id='word_1_416' title='bbox 981 1913 1120 1949; x_wconf 86' lang='lat' dir='ltr'><strong>quatuor</strong></span> <span class='ocrx_word' id='word_1_417' title='bbox 1137 1910 1184 1956; x_wconf 78' lang='lat' dir='ltr'><strong>vel</strong></span> <span class='ocrx_word' id='word_1_418' title='bbox 1202 1911 1349 1951; x_wconf 90' lang='lat' dir='ltr'><strong>quinque</strong></span> <span class='ocrx_word' id='word_1_419' title='bbox 1378 1912 1490 1942; x_wconf 88' lang='lat' dir='ltr'><strong>menda</strong></span> <span class='ocrx_word' id='word_1_420' title='bbox 1515 1912 1702 1951; x_wconf 77' lang='lat' dir='ltr'><strong>(praesertim</strong></span> <span class='ocrx_word' id='word_1_421' title='bbox 1721 1912 1749 1942; x_wconf 93' lang='lat' dir='ltr'>si</span> <span class='ocrx_word' id='word_1_422' title='bbox 1767 1914 1797 1942; x_wconf 68' lang='lat' dir='ltr'><strong>tt</strong></span> 
     </span>
    </p>
   </div>
   <div class='ocr_carea' id='block_1_39' title="bbox 162 1960 1796 2003">
    <p class='ocr_par' dir='ltr' id='par_1_39' title="bbox 162 1960 1796 2003">
     <span class='ocr_line' id='line_1_39' title="bbox 162 1960 1796 2003; baseline 0.001 -12"><span class='ocrx_word' id='word_1_423' title='bbox 162 1961 337 2002; x_wconf 77' lang='lat' dir='ltr'><strong>Spirituum</strong></span> <span class='ocrx_word' id='word_1_424' title='bbox 355 1966 384 1993; x_wconf 90' lang='lat' dir='ltr'><strong>et</strong></span> <span class='ocrx_word' id='word_1_425' title='bbox 400 1967 588 1994; x_wconf 87' lang='lat' dir='ltr'><strong>accentuum</strong></span> <span class='ocrx_word' id='word_1_426' title='bbox 606 1962 759 1994; x_wconf 85' lang='lat' dir='ltr'><strong>habeatur</strong></span> <span class='ocrx_word' id='word_1_427' title='bbox 777 1962 869 2003; x_wconf 86' lang='lat' dir='ltr'><strong>ratio)</strong></span> <span class='ocrx_word' id='word_1_428' title='bbox 888 1970 951 1992; x_wconf 88' lang='lat' dir='ltr'><strong>non</strong></span> <span class='ocrx_word' id='word_1_429' title='bbox 974 1960 1198 2001; x_wconf 83' lang='lat' dir='ltr'><strong>infrequenter</strong></span> <span class='ocrx_word' id='word_1_430' title='bbox 1215 1966 1433 1993; x_wconf 88' lang='lat' dir='ltr'><strong>occurrerent.</strong></span> <span class='ocrx_word' id='word_1_431' title='bbox 1452 1963 1609 2003; x_wconf 81' lang='lat' dir='ltr'><strong>Quantam</strong></span> <span class='ocrx_word' id='word_1_432' title='bbox 1636 1971 1713 1993; x_wconf 90' lang='lat' dir='ltr'><strong>vero</strong></span> <span class='ocrx_word' id='word_1_433' title='bbox 1732 1962 1796 1992; x_wconf 50' lang='lat' dir='ltr'><strong>haec</strong></span> 
     </span>
    </p>
   </div>
   <div class='ocr_carea' id='block_1_40' title="bbox 164 2013 1793 2054">
    <p class='ocr_par' dir='ltr' id='par_1_40' title="bbox 164 2013 1793 2054">
     <span class='ocr_line' id='line_1_40' title="bbox 164 2013 1793 2054; baseline 0.001 -11"><span class='ocrx_word' id='word_1_434' title='bbox 164 2013 237 2047; x_wconf 84' lang='lat' dir='ltr'><strong>vitia</strong></span> <span class='ocrx_word' id='word_1_435' title='bbox 256 2014 379 2053; x_wconf 85' lang='lat' dir='ltr'><strong>pariant</strong></span> <span class='ocrx_word' id='word_1_436' title='bbox 394 2015 908 2054; x_wconf 85' lang='lat' dir='ltr'><strong>perturbationem,quantamque</strong></span> <span class='ocrx_word' id='word_1_437' title='bbox 926 2014 1148 2054; x_wconf 82' lang='lat' dir='ltr'><strong>interpretanti</strong></span> <span class='ocrx_word' id='word_1_438' title='bbox 1168 2014 1360 2051; x_wconf 88' lang='lat' dir='ltr'><strong>molestiam,</strong></span> <span class='ocrx_word' id='word_1_439' title='bbox 1376 2023 1449 2046; x_wconf 89' lang='lat' dir='ltr'><strong>cttm</strong></span> <span class='ocrx_word' id='word_1_440' title='bbox 1473 2023 1586 2045; x_wconf 89' lang='lat' dir='ltr'><strong>omnes</strong></span> <span class='ocrx_word' id='word_1_441' title='bbox 1609 2013 1793 2054; x_wconf 80' lang='lat' dir='ltr'><strong>intelligere</strong></span> 
     </span>
    </p>
   </div>
   <div class='ocr_carea' id='block_1_41' title="bbox 161 2064 1792 2105">
    <p class='ocr_par' dir='ltr' id='par_1_41' title="bbox 161 2064 1792 2105">
     <span class='ocr_line' id='line_1_41' title="bbox 161 2064 1792 2105; baseline 0.001 -11"><span class='ocrx_word' id='word_1_442' title='bbox 161 2065 299 2103; x_wconf 79' lang='lat' dir='ltr'><strong>possint,</strong></span> <span class='ocrx_word' id='word_1_443' title='bbox 326 2068 393 2095; x_wconf 90' lang='lat' dir='ltr'><strong>tum</strong></span> <span class='ocrx_word' id='word_1_444' title='bbox 421 2064 443 2095; x_wconf 90' lang='lat' dir='ltr'><strong>ii</strong></span> <span class='ocrx_word' id='word_1_445' title='bbox 462 2067 636 2103; x_wconf 63' lang='lat' dir='ltr'><strong>prmsertitn</strong></span> <span class='ocrx_word' id='word_1_446' title='bbox 655 2065 711 2105; x_wconf 91' lang='lat' dir='ltr'><strong>qui</strong></span> <span class='ocrx_word' id='word_1_447' title='bbox 741 2064 843 2096; x_wconf 61' lang='lat' dir='ltr'><strong>Graeci</strong></span> <span class='ocrx_word' id='word_1_448' title='bbox 866 2064 1029 2095; x_wconf 85' lang='lat' dir='ltr'><strong>idiomatis</strong></span> <span class='ocrx_word' id='word_1_449' title='bbox 1045 2066 1116 2104; x_wconf 57' lang='lat' dir='ltr'><strong>gnon</strong></span> <span class='ocrx_word' id='word_1_450' title='bbox 1133 2069 1209 2096; x_wconf 86' lang='lat' dir='ltr'><strong>sunt</strong></span> <span class='ocrx_word' id='word_1_451' title='bbox 1230 2065 1343 2104; x_wconf 76' lang='lat' dir='ltr'><strong>ignari.</strong></span> <span class='ocrx_word' id='word_1_452' title='bbox 1362 2065 1453 2095; x_wconf 87' lang='lat' dir='ltr'><strong>Prius</strong></span> <span class='ocrx_word' id='word_1_453' title='bbox 1475 2064 1575 2104; x_wconf 67' lang='lat' dir='ltr'><strong>igitur</strong></span> <span class='ocrx_word' id='word_1_454' title='bbox 1593 2073 1690 2104; x_wconf 84' lang='lat' dir='ltr'><strong>quam</strong></span> <span class='ocrx_word' id='word_1_455' title='bbox 1707 2067 1792 2096; x_wconf 84' lang='lat' dir='ltr'><strong>Lati-</strong></span> 
     </span>
    </p>
   </div>
   <div class='ocr_carea' id='block_1_42' title="bbox 155 2116 1791 2156">
    <p class='ocr_par' dir='ltr' id='par_1_42' title="bbox 155 2116 1791 2156">
     <span class='ocr_line' id='line_1_42' title="bbox 155 2116 1791 2156; baseline 0.001 -9"><span class='ocrx_word' id='word_1_456' title='bbox 155 2126 234 2147; x_wconf 82' lang='lat' dir='ltr'><strong>nam</strong></span> <span class='ocrx_word' id='word_1_457' title='bbox 265 2117 447 2148; x_wconf 87' lang='lat' dir='ltr'><strong>versionem</strong></span> <span class='ocrx_word' id='word_1_458' title='bbox 475 2117 680 2156; x_wconf 74' lang='lat' dir='ltr'><strong>aggrederer,</strong></span> <span class='ocrx_word' id='word_1_459' title='bbox 709 2120 740 2147; x_wconf 87' lang='lat' dir='ltr'><strong>et</strong></span> <span class='ocrx_word' id='word_1_460' title='bbox 756 2117 869 2147; x_wconf 86' lang='lat' dir='ltr'><strong>menda</strong></span> <span class='ocrx_word' id='word_1_461' title='bbox 893 2117 932 2147; x_wconf 89' lang='lat' dir='ltr'><strong>de</strong></span> <span class='ocrx_word' id='word_1_462' title='bbox 969 2117 1075 2148; x_wconf 89' lang='lat' dir='ltr'><strong>medio</strong></span> <span class='ocrx_word' id='word_1_463' title='bbox 1093 2116 1225 2153; x_wconf 83' lang='lat' dir='ltr'><strong>tollere,</strong></span> <span class='ocrx_word' id='word_1_464' title='bbox 1244 2121 1276 2147; x_wconf 92' lang='lat' dir='ltr'><strong>et</strong></span> <span class='ocrx_word' id='word_1_465' title='bbox 1302 2120 1426 2148; x_wconf 89' lang='lat' dir='ltr'><strong>textum</strong></span> <span class='ocrx_word' id='word_1_466' title='bbox 1457 2125 1524 2147; x_wconf 77' lang='lat' dir='ltr'><strong>sure</strong></span> <span class='ocrx_word' id='word_1_467' title='bbox 1550 2125 1633 2147; x_wconf 66' lang='lat' dir='ltr'><strong>vera;</strong></span> <span class='ocrx_word' id='word_1_468' title='bbox 1659 2117 1791 2149; x_wconf 88' lang='lat' dir='ltr'><strong>lectioni</strong></span> 
     </span>
    </p>
   </div>
   <div class='ocr_carea' id='block_1_43' title="bbox 157 2166 1792 2207">
    <p class='ocr_par' dir='ltr' id='par_1_43' title="bbox 157 2166 1792 2207">
     <span class='ocr_line' id='line_1_43' title="bbox 157 2166 1792 2207; baseline 0.001 -9"><span class='ocrx_word' id='word_1_469' title='bbox 157 2169 336 2199; x_wconf 81' lang='lat' dir='ltr'><strong>restituere</strong></span> <span class='ocrx_word' id='word_1_470' title='bbox 353 2167 521 2207; x_wconf 84' lang='lat' dir='ltr'><strong>Opusi&#39;uit.</strong></span> <span class='ocrx_word' id='word_1_471' title='bbox 540 2168 630 2198; x_wconf 73' lang='lat' dir='ltr'><strong>Ratio</strong></span> <span class='ocrx_word' id='word_1_472' title='bbox 651 2171 772 2202; x_wconf 88' lang='lat' dir='ltr'><strong>autem,</strong></span> <span class='ocrx_word' id='word_1_473' title='bbox 789 2175 885 2206; x_wconf 89' lang='lat' dir='ltr'><strong>quam</strong></span> <span class='ocrx_word' id='word_1_474' title='bbox 900 2167 933 2197; x_wconf 87' lang='lat' dir='ltr'><strong>itt</strong></span> <span class='ocrx_word' id='word_1_475' title='bbox 954 2167 1013 2198; x_wconf 92' lang='lat' dir='ltr'><strong>ltoc</strong></span> <span class='ocrx_word' id='word_1_476' title='bbox 1033 2175 1166 2198; x_wconf 89' lang='lat' dir='ltr'><strong>munere</strong></span> <span class='ocrx_word' id='word_1_477' title='bbox 1183 2167 1334 2198; x_wconf 86' lang='lat' dir='ltr'><strong>obeundo</strong></span> <span class='ocrx_word' id='word_1_478' title='bbox 1347 2167 1488 2203; x_wconf 87' lang='lat' dir='ltr'><strong>institui,</strong></span> <span class='ocrx_word' id='word_1_479' title='bbox 1512 2166 1578 2198; x_wconf 68' lang='lat' dir='ltr'><strong>haec</strong></span> <span class='ocrx_word' id='word_1_480' title='bbox 1600 2170 1649 2198; x_wconf 88' lang='lat' dir='ltr'><strong>est</strong></span> <span class='ocrx_word' id='word_1_481' title='bbox 1665 2177 1673 2197; x_wconf 89' lang='lat'><strong>:</strong></span> <span class='ocrx_word' id='word_1_482' title='bbox 1692 2172 1792 2199; x_wconf 82' lang='lat' dir='ltr'><strong>errata</strong></span> 
     </span>
    </p>
   </div>
   <div class='ocr_carea' id='block_1_44' title="bbox 161 2217 1790 2258">
    <p class='ocr_par' dir='ltr' id='par_1_44' title="bbox 161 2217 1790 2258">
     <span class='ocr_line' id='line_1_44' title="bbox 161 2217 1790 2258; baseline 0.001 -10"><span class='ocrx_word' id='word_1_483' title='bbox 161 2224 235 2257; x_wconf 58' lang='lat' dir='ltr'><strong>Quae</strong></span> <span class='ocrx_word' id='word_1_484' title='bbox 249 2222 335 2248; x_wconf 92' lang='lat' dir='ltr'><strong>certo</strong></span> <span class='ocrx_word' id='word_1_485' title='bbox 357 2222 387 2248; x_wconf 87' lang='lat' dir='ltr'><strong>et</strong></span> <span class='ocrx_word' id='word_1_486' title='bbox 409 2217 530 2256; x_wconf 88' lang='lat' dir='ltr'><strong>absque</strong></span> <span class='ocrx_word' id='word_1_487' title='bbox 546 2217 610 2248; x_wconf 86' lang='lat' dir='ltr'><strong>ulla</strong></span> <span class='ocrx_word' id='word_1_488' title='bbox 629 2217 830 2248; x_wconf 83' lang='lat' dir='ltr'><strong>dubitatione</strong></span> <span class='ocrx_word' id='word_1_489' title='bbox 847 2218 969 2255; x_wconf 86' lang='lat' dir='ltr'><strong>detexi,</strong></span> <span class='ocrx_word' id='word_1_490' title='bbox 986 2217 1020 2248; x_wconf 92' lang='lat' dir='ltr'><strong>in</strong></span> <span class='ocrx_word' id='word_1_491' title='bbox 1035 2217 1108 2257; x_wconf 88' lang='lat' dir='ltr'><strong>ipso</strong></span> <span class='ocrx_word' id='word_1_492' title='bbox 1127 2221 1215 2248; x_wconf 82' lang='lat' dir='ltr'><strong>textu</strong></span> <span class='ocrx_word' id='word_1_493' title='bbox 1236 2217 1418 2254; x_wconf 88' lang='lat' dir='ltr'><strong>emendavi,</strong></span> <span class='ocrx_word' id='word_1_494' title='bbox 1445 2217 1532 2248; x_wconf 85' lang='lat' dir='ltr'><strong>nulla</strong></span> <span class='ocrx_word' id='word_1_495' title='bbox 1549 2218 1588 2248; x_wconf 89' lang='lat' dir='ltr'><strong>ad</strong></span> <span class='ocrx_word' id='word_1_496' title='bbox 1605 2219 1790 2258; x_wconf 78' lang='lat' dir='ltr'><strong>marginem</strong></span> 
     </span>
    </p>
   </div>
   <div class='ocr_carea' id='block_1_45' title="bbox 161 2268 1788 2309">
    <p class='ocr_par' dir='ltr' id='par_1_45' title="bbox 161 2268 1788 2309">
     <span class='ocr_line' id='line_1_45' title="bbox 161 2268 1788 2309; baseline 0 -9"><span class='ocrx_word' id='word_1_497' title='bbox 161 2270 367 2300; x_wconf 87' lang='lat' dir='ltr'><strong>adnotatione</strong></span> <span class='ocrx_word' id='word_1_498' title='bbox 385 2269 504 2309; x_wconf 82' lang='lat' dir='ltr'><strong>posita;</strong></span> <span class='ocrx_word' id='word_1_499' title='bbox 520 2269 666 2309; x_wconf 82' lang='lat' dir='ltr'><strong>alioquin</strong></span> <span class='ocrx_word' id='word_1_500' title='bbox 686 2273 789 2300; x_wconf 91' lang='lat' dir='ltr'><strong>totum</strong></span> <span class='ocrx_word' id='word_1_501' title='bbox 805 2269 872 2299; x_wconf 83' lang='lat' dir='ltr'><strong>fere</strong></span> <span class='ocrx_word' id='word_1_502' title='bbox 891 2270 1067 2309; x_wconf 78' lang='lat' dir='ltr'><strong>marginem</strong></span> <span class='ocrx_word' id='word_1_503' title='bbox 1083 2269 1125 2300; x_wconf 92' lang='lat' dir='ltr'><strong>iis</strong></span> <span class='ocrx_word' id='word_1_504' title='bbox 1141 2269 1267 2308; x_wconf 90' lang='lat' dir='ltr'><strong>oppleri</strong></span> <span class='ocrx_word' id='word_1_505' title='bbox 1278 2268 1393 2300; x_wconf 83' lang='lat' dir='ltr'><strong>fuisset</strong></span> <span class='ocrx_word' id='word_1_506' title='bbox 1405 2277 1499 2308; x_wconf 91' lang='lat' dir='ltr'><strong>opus.</strong></span> <span class='ocrx_word' id='word_1_507' title='bbox 1521 2270 1560 2300; x_wconf 80' lang='lat' dir='ltr'><strong>At</strong></span> <span class='ocrx_word' id='word_1_508' title='bbox 1577 2269 1630 2300; x_wconf 89' lang='lat' dir='ltr'><strong>ubi</strong></span> <span class='ocrx_word' id='word_1_509' title='bbox 1649 2270 1788 2302; x_wconf 90' lang='lat' dir='ltr'><strong>incertus</strong></span> 
     </span>
    </p>
   </div>
   <div class='ocr_carea' id='block_1_46' title="bbox 161 2320 1788 2361">
    <p class='ocr_par' dir='ltr' id='par_1_46' title="bbox 161 2320 1788 2361">
     <span class='ocr_line' id='line_1_46' title="bbox 161 2320 1788 2361; baseline -0.001 -8"><span class='ocrx_word' id='word_1_510' title='bbox 161 2331 259 2359; x_wconf 85' lang='lat' dir='ltr'><strong>cram,</strong></span> <span class='ocrx_word' id='word_1_511' title='bbox 275 2330 314 2352; x_wconf 92' lang='lat' dir='ltr'><strong>an</strong></span> <span class='ocrx_word' id='word_1_512' title='bbox 333 2321 441 2361; x_wconf 74' lang='lat' dir='ltr'><strong>aliqua</strong></span> <span class='ocrx_word' id='word_1_513' title='bbox 458 2329 518 2352; x_wconf 85' lang='lat' dir='ltr'><strong>vox</strong></span> <span class='ocrx_word' id='word_1_514' title='bbox 543 2321 575 2352; x_wconf 92' lang='lat' dir='ltr'><strong>in</strong></span> <span class='ocrx_word' id='word_1_515' title='bbox 593 2322 712 2352; x_wconf 88' lang='lat' dir='ltr'><strong>mendo</strong></span> <span class='ocrx_word' id='word_1_516' title='bbox 726 2321 874 2359; x_wconf 81' lang='lat' dir='ltr'><strong>cubaret;</strong></span> <span class='ocrx_word' id='word_1_517' title='bbox 893 2321 941 2352; x_wconf 91' lang='lat' dir='ltr'><strong>vel</strong></span> <span class='ocrx_word' id='word_1_518' title='bbox 958 2321 1083 2352; x_wconf 83' lang='lat' dir='ltr'><strong>etiarnsi</strong></span> <span class='ocrx_word' id='word_1_519' title='bbox 1099 2321 1132 2351; x_wconf 88' lang='lat' dir='ltr'><strong>id</strong></span> <span class='ocrx_word' id='word_1_520' title='bbox 1151 2324 1238 2351; x_wconf 92' lang='lat' dir='ltr'><strong>certo</strong></span> <span class='ocrx_word' id='word_1_521' title='bbox 1257 2320 1548 2360; x_wconf 85' lang='lat' dir='ltr'><strong>deprehenderem,</strong></span> <span class='ocrx_word' id='word_1_522' title='bbox 1573 2320 1788 2353; x_wconf 89' lang='lat' dir='ltr'><strong>nihilominus</strong></span> 
     </span>
    </p>
   </div>
   <div class='ocr_carea' id='block_1_47' title="bbox 161 2371 1788 2412">
    <p class='ocr_par' dir='ltr' id='par_1_47' title="bbox 161 2371 1788 2412">
     <span class='ocr_line' id='line_1_47' title="bbox 161 2371 1788 2412; baseline 0 -9"><span class='ocrx_word' id='word_1_523' title='bbox 161 2381 283 2410; x_wconf 88' lang='lat' dir='ltr'><strong>vocem,</strong></span> <span class='ocrx_word' id='word_1_524' title='bbox 300 2380 372 2412; x_wconf 68' lang='lat' dir='ltr'><strong>quia</strong></span> <span class='ocrx_word' id='word_1_525' title='bbox 388 2371 614 2403; x_wconf 86' lang='lat' dir='ltr'><strong>substituenda</strong></span> <span class='ocrx_word' id='word_1_526' title='bbox 629 2375 728 2409; x_wconf 83' lang='lat' dir='ltr'><strong>esset,</strong></span> <span class='ocrx_word' id='word_1_527' title='bbox 751 2375 834 2403; x_wconf 89' lang='lat' dir='ltr'><strong>certa</strong></span> <span class='ocrx_word' id='word_1_528' title='bbox 850 2372 957 2412; x_wconf 87' lang='lat' dir='ltr'><strong>aliqua</strong></span> <span class='ocrx_word' id='word_1_529' title='bbox 981 2372 1162 2411; x_wconf 88' lang='lat' dir='ltr'><strong>conjectura</strong></span> <span class='ocrx_word' id='word_1_530' title='bbox 1180 2371 1308 2410; x_wconf 86' lang='lat' dir='ltr'><strong>assequi</strong></span> <span class='ocrx_word' id='word_1_531' title='bbox 1327 2379 1390 2402; x_wconf 93' lang='lat' dir='ltr'><strong>non</strong></span> <span class='ocrx_word' id='word_1_532' title='bbox 1402 2375 1562 2410; x_wconf 89' lang='lat' dir='ltr'><strong>poteram;</strong></span> <span class='ocrx_word' id='word_1_533' title='bbox 1579 2379 1649 2402; x_wconf 88' lang='lat' dir='ltr'><strong>eam</strong></span> <span class='ocrx_word' id='word_1_534' title='bbox 1679 2373 1788 2412; x_wconf 86' lang='lat' dir='ltr'><strong>cujus-</strong></span> 
     </span>
    </p>
   </div>
   <div class='ocr_carea' id='block_1_48' title="bbox 161 2421 1789 2463">
    <p class='ocr_par' dir='ltr' id='par_1_48' title="bbox 161 2421 1789 2463">
     <span class='ocr_line' id='line_1_48' title="bbox 161 2421 1789 2463; baseline -0.001 -9"><span class='ocrx_word' id='word_1_535' title='bbox 161 2424 246 2454; x_wconf 90' lang='lat' dir='ltr'><strong>tnodi</strong></span> <span class='ocrx_word' id='word_1_536' title='bbox 269 2425 300 2454; x_wconf 92' lang='lat' dir='ltr'><strong>in</strong></span> <span class='ocrx_word' id='word_1_537' title='bbox 330 2422 514 2462; x_wconf 70' lang='lat' dir='ltr'><strong>apographo</strong></span> <span class='ocrx_word' id='word_1_538' title='bbox 531 2426 611 2460; x_wconf 87' lang='lat' dir='ltr'><strong>erat,</strong></span> <span class='ocrx_word' id='word_1_539' title='bbox 638 2423 672 2453; x_wconf 95' lang='lat' dir='ltr'><strong>in</strong></span> <span class='ocrx_word' id='word_1_540' title='bbox 689 2426 777 2453; x_wconf 78' lang='lat' dir='ltr'><strong>textu</strong></span> <span class='ocrx_word' id='word_1_541' title='bbox 805 2422 935 2463; x_wconf 88' lang='lat' dir='ltr'><strong>reliqui,</strong></span> <span class='ocrx_word' id='word_1_542' title='bbox 955 2430 1131 2462; x_wconf 84' lang='lat' dir='ltr'><strong>vocemque</strong></span> <span class='ocrx_word' id='word_1_543' title='bbox 1147 2430 1220 2462; x_wconf 62' lang='lat' dir='ltr'><strong>quin</strong></span> <span class='ocrx_word' id='word_1_544' title='bbox 1238 2421 1429 2461; x_wconf 84' lang='lat' dir='ltr'><strong>conjectanti</strong></span> <span class='ocrx_word' id='word_1_545' title='bbox 1449 2422 1530 2452; x_wconf 89' lang='lat' dir='ltr'><strong>mihi</strong></span> <span class='ocrx_word' id='word_1_546' title='bbox 1546 2422 1681 2461; x_wconf 78' lang='lat' dir='ltr'><strong>legenda</strong></span> <span class='ocrx_word' id='word_1_547' title='bbox 1707 2423 1789 2454; x_wconf 88' lang='lat' dir='ltr'><strong>vide-</strong></span> 
     </span>
    </p>
   </div>
   <div class='ocr_carea' id='block_1_49' title="bbox 155 2472 1784 2513">
    <p class='ocr_par' dir='ltr' id='par_1_49' title="bbox 155 2472 1784 2513">
     <span class='ocr_line' id='line_1_49' title="bbox 155 2472 1784 2513; baseline -0.001 -9"><span class='ocrx_word' id='word_1_548' title='bbox 155 2474 314 2512; x_wconf 51' lang='lat' dir='ltr'><strong>batur,»in</strong></span> <span class='ocrx_word' id='word_1_549' title='bbox 332 2473 478 2504; x_wconf 74' lang='lat' dir='ltr'><strong>inferiOri</strong></span> <span class='ocrx_word' id='word_1_550' title='bbox 496 2473 638 2512; x_wconf 80' lang='lat' dir='ltr'><strong>margine</strong></span> <span class='ocrx_word' id='word_1_551' title='bbox 655 2473 805 2512; x_wconf 87' lang='lat' dir='ltr'><strong>apposui,</strong></span> <span class='ocrx_word' id='word_1_552' title='bbox 825 2473 991 2513; x_wconf 66' lang='lat' dir='ltr'><strong>praemisso</strong></span> <span class='ocrx_word' id='word_1_553' title='bbox 1007 2478 1042 2505; x_wconf 83' lang='grc' dir='ltr'><strong>ῑσ.</strong></span> <span class='ocrx_word' id='word_1_554' title='bbox 1056 2482 1115 2504; x_wconf 86' lang='lat' dir='ltr'><strong>seu</strong></span> <span class='ocrx_word' id='word_1_555' title='bbox 1130 2478 1206 2510; x_wconf 83' lang='grc' dir='ltr'><strong>ῐσως,</strong></span> <span class='ocrx_word' id='word_1_556' title='bbox 1221 2474 1373 2513; x_wconf 76' lang='lat' dir='ltr'><strong>fortasse;</strong></span> <span class='ocrx_word' id='word_1_557' title='bbox 1387 2477 1419 2504; x_wconf 92' lang='lat' dir='ltr'><strong>ut</strong></span> <span class='ocrx_word' id='word_1_558' title='bbox 1431 2472 1634 2505; x_wconf 85' lang='lat' dir='ltr'><strong>felicioribus</strong></span> <span class='ocrx_word' id='word_1_559' title='bbox 1650 2474 1784 2506; x_wconf 87' lang='lat' dir='ltr'><strong>aliorum</strong></span> 
     </span>
    </p>
   </div>
   <div class='ocr_carea' id='block_1_50' title="bbox 157 2523 1783 2565">
    <p class='ocr_par' dir='ltr' id='par_1_50' title="bbox 157 2523 1783 2565">
     <span class='ocr_line' id='line_1_50' title="bbox 157 2523 1783 2565; baseline -0.001 -10"><span class='ocrx_word' id='word_1_560' title='bbox 157 2523 352 2565; x_wconf 77' lang='lat' dir='ltr'><strong>t-onjecturis</strong></span> <span class='ocrx_word' id='word_1_561' title='bbox 369 2523 474 2554; x_wconf 84' lang='lat' dir='ltr'><strong>locum</strong></span> <span class='ocrx_word' id='word_1_562' title='bbox 496 2532 671 2564; x_wconf 87' lang='lat' dir='ltr'><strong>ansamque</strong></span> <span class='ocrx_word' id='word_1_563' title='bbox 694 2523 881 2562; x_wconf 87' lang='lat' dir='ltr'><strong>praeberem.</strong></span> <span class='ocrx_word' id='word_1_564' title='bbox 899 2523 1061 2554; x_wconf 86' lang='lat' dir='ltr'><strong>Nonnulla</strong></span> <span class='ocrx_word' id='word_1_565' title='bbox 1088 2528 1192 2554; x_wconf 88' lang='lat' dir='ltr'><strong>tamen</strong></span> <span class='ocrx_word' id='word_1_566' title='bbox 1208 2523 1332 2555; x_wconf 86' lang='lat' dir='ltr'><strong>eisdem</strong></span> <span class='ocrx_word' id='word_1_567' title='bbox 1347 2524 1464 2563; x_wconf 83' lang='lat' dir='ltr'><strong>adjeci,</strong></span> <span class='ocrx_word' id='word_1_568' title='bbox 1482 2524 1522 2555; x_wconf 89' lang='lat' dir='ltr'><strong>de</strong></span> <span class='ocrx_word' id='word_1_569' title='bbox 1550 2533 1690 2564; x_wconf 89' lang='lat' dir='ltr'><strong>quorum</strong></span> <span class='ocrx_word' id='word_1_570' title='bbox 1717 2533 1783 2556; x_wconf 86' lang='lat' dir='ltr'><strong>vera</strong></span> 
     </span>
    </p>
   </div>
   <div class='ocr_carea' id='block_1_51' title="bbox 156 2571 1783 2615">
    <p class='ocr_par' dir='ltr' id='par_1_51' title="bbox 156 2571 1783 2615">
     <span class='ocr_line' id='line_1_51' title="bbox 156 2571 1783 2615; baseline -0.001 -9"><span class='ocrx_word' id='word_1_571' title='bbox 156 2571 374 2615; x_wconf 70' lang='lat' dir='ltr'><strong>germanoque</strong></span> <span class='ocrx_word' id='word_1_572' title='bbox 391 2575 591 2606; x_wconf 87' lang='lat' dir='ltr'><strong>correctione</strong></span> <span class='ocrx_word' id='word_1_573' title='bbox 604 2574 807 2605; x_wconf 85' lang='lat' dir='ltr'><strong>levissimum</strong></span> <span class='ocrx_word' id='word_1_574' title='bbox 830 2574 878 2605; x_wconf 79' lang='lat' dir='ltr'><strong>vel</strong></span> <span class='ocrx_word' id='word_1_575' title='bbox 897 2574 990 2612; x_wconf 84' lang='lat' dir='ltr'><strong>plane</strong></span> <span class='ocrx_word' id='word_1_576' title='bbox 1002 2574 1128 2605; x_wconf 89' lang='lat' dir='ltr'><strong>nullum</strong></span> <span class='ocrx_word' id='word_1_577' title='bbox 1148 2574 1227 2605; x_wconf 90' lang='lat' dir='ltr'><strong>mihi</strong></span> <span class='ocrx_word' id='word_1_578' title='bbox 1244 2574 1347 2605; x_wconf 85' lang='lat' dir='ltr'><strong>inerat</strong></span> <span class='ocrx_word' id='word_1_579' title='bbox 1362 2575 1512 2611; x_wconf 91' lang='lat' dir='ltr'><strong>dubium,</strong></span> <span class='ocrx_word' id='word_1_580' title='bbox 1527 2579 1562 2605; x_wconf 92' lang='lat' dir='ltr'><strong>ut</strong></span> <span class='ocrx_word' id='word_1_581' title='bbox 1578 2583 1615 2605; x_wconf 86' lang='lat' dir='ltr'><strong>ex</strong></span> <span class='ocrx_word' id='word_1_582' title='bbox 1628 2575 1670 2605; x_wconf 92' lang='lat' dir='ltr'><strong>iis</strong></span> <span class='ocrx_word' id='word_1_583' title='bbox 1683 2575 1783 2615; x_wconf 89' lang='lat' dir='ltr'><strong>speci-</strong></span> 
     </span>
    </p>
   </div>
   <div class='ocr_carea' id='block_1_52' title="bbox 152 2626 1782 2667">
    <p class='ocr_par' dir='ltr' id='par_1_52' title="bbox 152 2626 1782 2667">
     <span class='ocr_line' id='line_1_52' title="bbox 152 2626 1782 2667; baseline 0 -9"><span class='ocrx_word' id='word_1_584' title='bbox 152 2628 254 2658; x_wconf 68' lang='lat' dir='ltr'><strong>»tninis</strong></span> <span class='ocrx_word' id='word_1_585' title='bbox 274 2627 342 2658; x_wconf 87' lang='lat' dir='ltr'><strong>loco</strong></span> <span class='ocrx_word' id='word_1_586' title='bbox 362 2627 484 2666; x_wconf 88' lang='lat' dir='ltr'><strong>peritus</strong></span> <span class='ocrx_word' id='word_1_587' title='bbox 501 2627 602 2657; x_wconf 85' lang='lat' dir='ltr'><strong>lector</strong></span> <span class='ocrx_word' id='word_1_588' title='bbox 625 2627 752 2666; x_wconf 81' lang='lat' dir='ltr'><strong>colligat</strong></span> <span class='ocrx_word' id='word_1_589' title='bbox 770 2626 913 2666; x_wconf 76' lang='lat' dir='ltr'><strong>ingentia</strong></span> <span class='ocrx_word' id='word_1_590' title='bbox 934 2631 1034 2657; x_wconf 84' lang='lat' dir='ltr'><strong>errata</strong></span> <span class='ocrx_word' id='word_1_591' title='bbox 1063 2626 1183 2666; x_wconf 85' lang='lat' dir='ltr'><strong>quibus</strong></span> <span class='ocrx_word' id='word_1_592' title='bbox 1200 2626 1306 2666; x_wconf 83' lang='lat' dir='ltr'><strong>ipsum</strong></span> <span class='ocrx_word' id='word_1_593' title='bbox 1323 2627 1488 2666; x_wconf 78' lang='lat' dir='ltr'><strong>exemplar</strong></span> <span class='ocrx_word' id='word_1_594' title='bbox 1516 2627 1548 2658; x_wconf 93' lang='lat' dir='ltr'><strong>in</strong></span> <span class='ocrx_word' id='word_1_595' title='bbox 1565 2627 1710 2667; x_wconf 88' lang='lat' dir='ltr'><strong>qualibet</strong></span> <span class='ocrx_word' id='word_1_596' title='bbox 1723 2627 1782 2658; x_wconf 79' lang='lat' dir='ltr'><strong>fere</strong></span> 
     </span>
    </p>
   </div>
   <div class='ocr_carea' id='block_1_53' title="bbox 154 2678 1782 2720">
    <p class='ocr_par' dir='ltr' id='par_1_53' title="bbox 154 2678 1782 2720">
     <span class='ocr_line' id='line_1_53' title="bbox 154 2678 1782 2720; baseline -0.002 -9"><span class='ocrx_word' id='word_1_597' title='bbox 154 2685 244 2720; x_wconf 66' lang='lat' dir='ltr'><strong>parte</strong></span> <span class='ocrx_word' id='word_1_598' title='bbox 258 2680 409 2712; x_wconf 85' lang='lat' dir='ltr'><strong>scatebat.</strong></span> <span class='ocrx_word' id='word_1_599' title='bbox 428 2680 506 2711; x_wconf 88' lang='lat' dir='ltr'><strong>Cum</strong></span> <span class='ocrx_word' id='word_1_600' title='bbox 520 2689 594 2710; x_wconf 80' lang='lat' dir='ltr'><strong>vero</strong></span> <span class='ocrx_word' id='word_1_601' title='bbox 610 2680 690 2711; x_wconf 85' lang='lat' dir='ltr'><strong>adeo</strong></span> <span class='ocrx_word' id='word_1_602' title='bbox 708 2679 916 2719; x_wconf 81' lang='lat' dir='ltr'><strong>indiligenter</strong></span> <span class='ocrx_word' id='word_1_603' title='bbox 928 2679 1110 2718; x_wconf 82' lang='lat' dir='ltr'><strong>exscriptus</strong></span> <span class='ocrx_word' id='word_1_604' title='bbox 1124 2678 1225 2710; x_wconf 87' lang='lat' dir='ltr'><strong>codex</strong></span> <span class='ocrx_word' id='word_1_605' title='bbox 1240 2678 1295 2710; x_wconf 89' lang='lat' dir='ltr'><strong>ille</strong></span> <span class='ocrx_word' id='word_1_606' title='bbox 1311 2679 1363 2715; x_wconf 91' lang='lat' dir='ltr'><strong>sit,</strong></span> <span class='ocrx_word' id='word_1_607' title='bbox 1380 2679 1581 2715; x_wconf 87' lang='lat' dir='ltr'><strong>utdiximus,</strong></span> <span class='ocrx_word' id='word_1_608' title='bbox 1595 2679 1676 2710; x_wconf 91' lang='lat' dir='ltr'><strong>illud</strong></span> <span class='ocrx_word' id='word_1_609' title='bbox 1693 2679 1782 2710; x_wconf 83' lang='lat' dir='ltr'><strong>etiam</strong></span> 
     </span>
    </p>
   </div>
   <div class='ocr_carea' id='block_1_54' title="bbox 155 2728 1780 2770">
    <p class='ocr_par' dir='ltr' id='par_1_54' title="bbox 155 2728 1780 2770">
     <span class='ocr_line' id='line_1_54' title="bbox 155 2728 1780 2770; baseline -0.001 -10"><span class='ocrx_word' id='word_1_610' title='bbox 155 2731 315 2769; x_wconf 71' lang='lat' dir='ltr'><strong>:uSpieari</strong></span> <span class='ocrx_word' id='word_1_611' title='bbox 338 2731 422 2768; x_wconf 90' lang='lat' dir='ltr'><strong>licet,</strong></span> <span class='ocrx_word' id='word_1_612' title='bbox 433 2731 573 2770; x_wconf 81' lang='lat' dir='ltr'><strong>integras</strong></span> <span class='ocrx_word' id='word_1_613' title='bbox 602 2730 799 2770; x_wconf 90' lang='lat' dir='ltr'><strong>quandoque</strong></span> <span class='ocrx_word' id='word_1_614' title='bbox 815 2730 1048 2768; x_wconf 17' lang='lat' dir='ltr'><strong>dictionesvprm</strong></span> <span class='ocrx_word' id='word_1_615' title='bbox 1063 2729 1230 2760; x_wconf 79' lang='lat' dir='ltr'><strong>oscitantia</strong></span> <span class='ocrx_word' id='word_1_616' title='bbox 1245 2729 1473 2768; x_wconf 66' lang='lat' dir='ltr'><strong>prietermissas</strong></span> <span class='ocrx_word' id='word_1_617' title='bbox 1485 2729 1587 2760; x_wconf 81' lang='lat' dir='ltr'><strong>fuisse</strong></span> <span class='ocrx_word' id='word_1_618' title='bbox 1605 2738 1612 2760; x_wconf 93' lang='lat'><em>:</em></span> <span class='ocrx_word' id='word_1_619' title='bbox 1629 2738 1702 2769; x_wconf 64' lang='lat' dir='ltr'><strong>qua:</strong></span> <span class='ocrx_word' id='word_1_620' title='bbox 1716 2728 1780 2770; x_wconf 80' lang='lat' dir='ltr'><strong>qui-</strong></span> 
     </span>
    </p>
   </div>
   <div class='ocr_carea' id='block_1_55' title="bbox 149 2779 1778 2820">
    <p class='ocr_par' dir='ltr' id='par_1_55' title="bbox 149 2779 1778 2820">
     <span class='ocr_line' id='line_1_55' title="bbox 149 2779 1778 2820; baseline 0 -8"><span class='ocrx_word' id='word_1_621' title='bbox 149 2783 229 2812; x_wconf 75' lang='lat' dir='ltr'><strong>dem</strong></span> <span class='ocrx_word' id='word_1_622' title='bbox 255 2781 399 2820; x_wconf 90' lang='lat' dir='ltr'><strong>suspicio</strong></span> <span class='ocrx_word' id='word_1_623' title='bbox 431 2781 655 2819; x_wconf 86' lang='lat' dir='ltr'><strong>interpretattti</strong></span> <span class='ocrx_word' id='word_1_624' title='bbox 677 2780 753 2811; x_wconf 89' lang='lat' dir='ltr'><strong>mibi</strong></span> <span class='ocrx_word' id='word_1_625' title='bbox 772 2780 858 2812; x_wconf 87' lang='lat' dir='ltr'><strong>baud</strong></span> <span class='ocrx_word' id='word_1_626' title='bbox 888 2779 988 2811; x_wconf 86' lang='lat' dir='ltr'><strong>semel</strong></span> <span class='ocrx_word' id='word_1_627' title='bbox 1006 2780 1117 2811; x_wconf 90' lang='lat' dir='ltr'><strong>oborta</strong></span> <span class='ocrx_word' id='word_1_628' title='bbox 1133 2784 1192 2812; x_wconf 90' lang='lat' dir='ltr'><strong>est.</strong></span> <span class='ocrx_word' id='word_1_629' title='bbox 1226 2781 1317 2817; x_wconf 86' lang='lat' dir='ltr'><strong>Loca,</strong></span> <span class='ocrx_word' id='word_1_630' title='bbox 1345 2780 1399 2811; x_wconf 87' lang='lat' dir='ltr'><strong>ubi</strong></span> <span class='ocrx_word' id='word_1_631' title='bbox 1421 2780 1640 2820; x_wconf 80' lang='lat' dir='ltr'><strong>apograpbum</strong></span> <span class='ocrx_word' id='word_1_632' title='bbox 1667 2782 1778 2812; x_wconf 84' lang='lat' dir='ltr'><strong>nedum</strong></span> 
     </span>
    </p>
   </div>
   <div class='ocr_carea' id='block_1_56' title="bbox 151 2831 1778 2871">
    <p class='ocr_par' dir='ltr' id='par_1_56' title="bbox 151 2831 1778 2871">
     <span class='ocr_line' id='line_1_56' title="bbox 151 2831 1778 2871; baseline -0.001 -9"><span class='ocrx_word' id='word_1_633' title='bbox 151 2832 362 2870; x_wconf 69' lang='lat' dir='ltr'><strong>mendosum,</strong></span> <span class='ocrx_word' id='word_1_634' title='bbox 377 2835 432 2864; x_wconf 87' lang='lat' dir='ltr'><strong>sed</strong></span> <span class='ocrx_word' id='word_1_635' title='bbox 445 2837 476 2864; x_wconf 87' lang='lat' dir='ltr'><strong>et</strong></span> <span class='ocrx_word' id='word_1_636' title='bbox 493 2833 643 2864; x_wconf 85' lang='lat' dir='ltr'><strong>mutilum</strong></span> <span class='ocrx_word' id='word_1_637' title='bbox 669 2833 772 2865; x_wconf 72' lang='lat' dir='ltr'><strong>visum</strong></span> <span class='ocrx_word' id='word_1_638' title='bbox 798 2832 875 2863; x_wconf 88' lang='lat' dir='ltr'><strong>mibi</strong></span> <span class='ocrx_word' id='word_1_639' title='bbox 900 2836 959 2871; x_wconf 89' lang='lat' dir='ltr'><strong>est,</strong></span> <span class='ocrx_word' id='word_1_640' title='bbox 978 2832 1011 2863; x_wconf 91' lang='lat' dir='ltr'>in</span> <span class='ocrx_word' id='word_1_641' title='bbox 1029 2833 1112 2863; x_wconf 91' lang='lat' dir='ltr'><strong>notis</strong></span> <span class='ocrx_word' id='word_1_642' title='bbox 1129 2831 1237 2871; x_wconf 86' lang='lat' dir='ltr'><strong>aliqua</strong></span> <span class='ocrx_word' id='word_1_643' title='bbox 1258 2832 1422 2869; x_wconf 84' lang='lat' dir='ltr'><strong>indicabo;</strong></span> <span class='ocrx_word' id='word_1_644' title='bbox 1439 2832 1500 2863; x_wconf 84' lang='lat' dir='ltr'><strong>alia</strong></span> <span class='ocrx_word' id='word_1_645' title='bbox 1517 2841 1573 2871; x_wconf 88' lang='lat' dir='ltr'><strong>per</strong></span> <span class='ocrx_word' id='word_1_646' title='bbox 1597 2842 1670 2865; x_wconf 89' lang='lat' dir='ltr'><strong>sese</strong></span> <span class='ocrx_word' id='word_1_647' title='bbox 1689 2836 1778 2864; x_wconf 77' lang='lat' dir='ltr'><strong>lector</strong></span> 
     </span>
    </p>
   </div>
  </div>
