1880 3055
88 168 136 196 43‘)
510 167 550 195 ΙΝ
576 167 790 202 SEQUENTIA
807 147 1095 199 TiiEOPiIYLACTi
1115 169 1281 200 SCRIPTA.
1659 170 1715 201 ‘31

89 218 222 249 fortasse
241 216 472 256 deprehendet.
492 208 611 250 Verum
639 220 678 250 de
706 221 880 260 apograplii
913 222 1066 261 qualitate
1079 223 1143 262 jam
1165 223 1255 254 satis.
1272 225 1363 255 Nunc
1377 223 1417 256 de
1433 225 1503 256 loco
1517 234 1552 257 ac
1570 229 1713 266 tempOre

89 276 150 308 quo
164 273 196 298 et
210 268 297 307 passi
321 273 475 307 martyres
491 273 578 307 sunt,
591 276 622 301 et
638 279 750 302 eorum
768 272 918 303 translata
944 281 1090 312 corpora,
1107 274 1282 314 adjungere
1295 283 1394 315 pauca
1407 275 1507 315 lubet,
1525 285 1598 316 quae
1614 286 1664 308 res
1681 278 1714 308 in

90 319 142 350 hac
159 319 308 350 oratione
319 323 459 351 narratas
477 320 588 360 aliquo
600 321 694 352 modo
710 321 919 353 illustrabuut
932 323 1243 364 contirmabuntque.

125 383 215 414 XIX.
233 383 280 414 De
298 383 369 414 loco
389 383 528 423 primum
545 388 730 423 ettempore
751 394 816 424 quo
834 386 886 415 SS.
908 389 1062 424 martyres
1090 387 1252 424 pertulere
1278 388 1479 427 martyrium,
1494 389 1545 419 vix
1563 389 1627 420 ulla
1643 399 1715 421 esse

91 436 188 472 potest
208 432 392 469 difﬁcultas,
408 442 480 464 cum
511 438 686 474 utrumque
713 436 789 465 satis
811 436 931 467 diserte
946 437 1226 476 exprimatauctor
1240 438 1406 477 inquiens,
1420 439 1652 479 Tiberiopolim
1671 443 1717 472 Io-

89 491 172 519 cum,
185 487 315 522 tempus
328 492 404 514 vero
420 484 500 514 illud
512 483 614 515 fuisse
631 493 696 524 quo
711 485 831 524 impius
848 486 994 517 Julianus
1011 495 1169 518 summam
1187 487 1315 526 imperii
1331 487 1470 519 tenebat.
1488 490 1597 527 Neque
1608 489 1715 521 solum

91 534 234 572 urbis,in
250 543 313 575 qua
331 536 412 575 passi
433 540 521 572 sunt,
544 545 659 567 nomen
674 535 838 576 patefacit;
857 538 913 569 sed
926 537 1024 568 situm
1041 537 1136 569 etiam
1153 538 1478 578 designatinquiens,
1497 548 1566 571 eam
1581 541 1718 579 positam

90 594 150 616 esse
169 585 212 616 ad
230 586 509 625 septentrionalem
526 586 651 626 plagam
681 587 832 618 Thessalo

975 593 1014 620 at‘
1026 593 1114 629 ἀρχὰς
1132 594 1182 629 τῆς
1207 593 1301 630 χώρας
1321 594 1474 631 Ἰλὶθρίδος,
1505 591 1539 620 in
1557 592 1717 631 principia

91 637 224 677 Illyrici.
253 639 288 670 In
304 639 460 670 orationis
489 639 664 679 epigraphe
689 639 888 679 adjungitur,
910 641 1015 672 vocari
1045 649 1113 672 eam
1141 641 1310 681 Bulgarice
1333 641 1537 672 Strumilzam
1553 651 1563 670 :
1578 643 1633 672 sed
1655 643 1719 674 haec

91 694 249 729 postrema
274 690 370 722 verba
396 692 434 722 ab
461 691 571 731 aliquo
587 691 704 723 deinde
721 691 852 722 librario
881 692 1002 732 adjecta
1017 692 1132 729 fuisse,
1151 701 1207 732 pro
1233 696 1320 724 certo
1346 692 1448 723 habeo
1467 697 1554 723 :tum
1568 692 1653 732 quurd
1686 693 1718 724 in

91 740 233 771 oratione
251 744 313 772 tota
330 741 442 772 civitas
466 741 519 772 illa
533 747 688 782 perpetuo
707 742 929 781 Tiberiopalis,
947 751 1111 782 nunquam
1123 743 1294 774 Strumitza
1312 747 1536 782 nuncupetur;
1554 747 1620 774 tum
1631 744 1720 783 quod

91 801 124 823 ea
135 792 353 823 verbaalieno
369 792 430 823 sita
444 792 516 824 loco
535 797 708 824 cernantur
725 805 732 823 :
748 802 854 832 neque
873 793 957 824 enim
970 798 1094 825 vetusto
1108 794 1317 834 Tiberiopolis
1334 794 1471 831 nomini,
1489 800 1523 825 ut
1539 802 1719 834 congruum

91 848 165 881 erat,
187 843 432 880 adhaerescunt;
449 845 504 875 sed
523 849 594 884 post
609 854 646 876 ea
665 846 771 883 verba,
797 846 886 886 passi
900 847 1105 883 sunt,minus
1119 851 1191 885 apte
1208 845 1357 877 translata
1374 850 1461 877 sunt.
1475 845 1722 878 Acceditfuisse

93 897 125 927 in
149 896 263 928 codice
294 896 439 927 vitiosam
465 898 739 929 constructionem
770 899 880 939 (quam
907 907 966 937 ego
996 898 1029 929 in
1070 899 1157 930 edito
1182 898 1384 936 emendavi);
1417 906 1488 928 cum
1528 898 1615 929 enim
1642 894 1723 926 T26:-

93 950 229 985 ριουπόὶει
258 949 291 980 in
311 957 385 980 casu
404 953 501 988 esset,
516 954 551 982 ut
579 950 748 991 inquiunt,
775 952 835 983 dati

978 950 1296 990 iebatur,intcrjecla
1323 958 1398 981 voce
1416 954 1661 991 μαρτυρησάντων,
1686 948 1720 978 in

93 997 236 1035 genitivo
257 999 502 1037 ἐπονομαζομένης
514 1001 713 1038 Στρουμιτζης.
730 1003 834 1043 Quisq

979 1011 1024 1034 en
1047 1011 1083 1033 ea
1099 1002 1261 1033 addiderit
1293 1002 1399 1038 verba,
1417 1010 1456 1033 eo
1475 1001 1568 1032 illum
1584 1000 1721 1032 consilio

93 1047 254 1081 addidisse
271 1051 464 1089 arbitror,ut
477 1053 630 1084 Lectorin
645 1053 716 1092 ipso
728 1053 833 1084 statim
847 1053 981 1084 exordio
997 1052 1234 1092 Tiberiopolim,
1262 1052 1293 1083 in
1308 1060 1369 1091 qua
1387 1052 1435 1082 illi
1454 1051 1585 1082 subiere
1605 1054 1723 1088 marty-

95 1100 187 1138 rium,
206 1111 225 1133 a
256 1104 378 1135 casteris
393 1104 540 1144 ejusdem
559 1105 701 1136 nominis
718 1105 903 1136 civitatibus
930 1105 1193 1145 distinguendam
1212 1112 1283 1136 esse
1304 1103 1511 1143 intelligeret.
1527 1104 1603 1134 Nam
1619 1102 1723 1133 etalia

95 1153 310 1194 Tiberiopolis
327 1156 387 1188 fuit
403 1157 435 1188 in
448 1165 485 1188 ea
500 1157 647 1197 Phrygias
659 1158 788 1198 majoris
801 1162 899 1198 parte,
914 1167 985 1198 qum
1002 1158 1119 1190 dicitur
1139 1157 1323 1194 Pacatiana;
1341 1155 1402 1186 alia
1424 1155 1454 1185 in
1480 1153 1585 1184 insula
1602 1154 1720 1193 Cypro.

95 1206 151 1236 alia
168 1206 312 1247 denique
328 1208 361 1239 in
388 1209 511 1247 Europa
523 1208 562 1239 ad
578 1210 713 1240 Pontum
727 1208 907 1245 Euxinum;
924 1209 951 1239 si
968 1208 1101 1247 quidem
1118 1216 1155 1238 ea
1171 1215 1244 1248 qua)
1258 1215 1343 1238 nunc
1357 1206 1463 1236 Barna
1481 1203 1526 1235 vel
1549 1203 1651 1234 i’arna
1668 1210 1723 1232 vo-

95 1260 180 1288 catur
197 1257 326 1297 (estque
349 1258 433 1290 haud
448 1259 602 1298 ignobilis
633 1259 721 1296 urbs,
754 1263 862 1299 utpote
878 1259 1245 1299 archiepiscopaliaucta
1270 1255 1562 1298 dignitate),fuerit
1580 1255 1671 1291 olim,
1688 1257 1722 1285 ut

99 1309 184 1340 multi
199 1310 359 1346 sentiunt,
381 1311 595 1352 Tiberiopolis
611 1311 783 1351 appellata.
814 1312 996 1342 Aliitamen
1019 1311 1051 1342 in
1069 1320 1104 1342 ea
1122 1315 1198 1342 sunt
1218 1310 1388 1350 opinione,
1409 1307 1496 1349 quod
1518 1306 1720 1338 i'arnaidem

97 1366 130 1388 ac
147 1359 251 1398 prisca
267 1360 503 1400 Dionysiopolis
533 1361 590 1397 sit;
614 1360 669 1391 alii
701 1369 776 1392 vero
791 1359 944 1400 Odyssus,
966 1361 1014 1392 vel
1039 1359 1182 1392 Odessus.
1206 1360 1253 1391 Ab
1281 1358 1434 1391 omnibus
1457 1357 1508 1388 his
1527 1365 1562 1388 ea
1588 1356 1722 1387 fortasse

99 1409 224 1441 diversa
248 1415 308 1447 est,
331 1411 503 1450 solumque
528 1411 569 1442 ob
594 1411 655 1442 loci
673 1411 947 1452 propinquitatem
965 1411 1060 1443 modo
1078 1419 1134 1451 pro
1154 1419 1229 1448 una,
1258 1410 1353 1441 modo
1369 1417 1428 1450 pro
1448 1408 1509 1440 alia
1526 1410 1725 1439 vetustarum

99 1462 228 1494 urbium
239 1466 376 1502 sumpta.
391 1463 517 1494 Certum
529 1463 610 1494 illud
628 1464 767 1500 videtur,
784 1463 917 1495 omnino
930 1463 1035 1503 decipi
1056 1471 1112 1494 eos
1139 1463 1196 1503 qui
1210 1461 1456 1502 Tiberiopolim,
1478 1467 1563 1491 nunc.
1575 1458 1725 1489 Strumil-

101 1523 163 1544 zam
180 1514 233 1555 (de
244 1523 306 1554 qua
328 1513 379 1545 hic
393 1513 588 1554 loquimur),
606 1523 679 1545 cum
701 1515 802 1546 Varna
818 1523 874 1545 seu
891 1515 990 1545 Barna
1005 1512 1226 1545 contundunt:
1243 1521 1314 1544 nam
1336 1514 1492 1552 quantum
1509 1510 1725 1550 Tiberiopolis

100 1565 322 1595 Strumitziana
354 1564 392 1603 (si
410 1563 562 1595 claritatis
578 1564 681 1604 gratia
701 1564 744 1596 ita
777 1564 869 1604 loqui
884 1563 969 1604 licet)
986 1573 1003 1595 a
1029 1565 1130 1595 Ponto
1139 1563 1236 1595 distet
1261 1563 1400 1600 Euxino,
1416 1565 1539 1594 constat
1559 1570 1599 1593 ex
1615 1561 1723 1592 dictis-

99 1615 178 1651 Quis
197 1615 297 1652 enim,
315 1615 379 1646 nisi
395 1616 600 1656 geographia:
617 1624 749 1655 prorsus
766 1616 912 1656 ignarus,
931 1616 1061 1652 dixerit,
1078 1615 1212 1645 i'arnam
1230 1622 1295 1645 esse
1305 1615 1347 1645 ad
1356 1613 1635 1654 septentrionalem
1649 1612 1724 1652 pla-

101 1674 166 1704 gam
182 1666 417 1698 Thessaionices
428 1667 462 1698 in
476 1668 638 1708 principio
651 1666 808 1707 Illyridis,
820 1667 1092 1707 quemadmodum
1106 1665 1368 1707 Theophylactus
1382 1664 1519 1696 asseruit
1531 1664 1571 1695 de
1580 1662 1727 1694 Tiberio-

104 1717 185 1755 poti?
204 1719 249 1749 Ex
265 1717 323 1749 hac
336 1727 431 1758 porro
447 1719 664 1759 descriptione
683 1719 888 1750 manifestum
903 1718 1042 1756 videtur,
1053 1717 1375 1758 hujusTiberiopolis
1392 1716 1498 1748 locum
1514 1713 1725 1747 imralimites

104 1768 297 1800 Macedoniae
311 1769 413 1800 fuisse
435 1779 470 1801 ea
496 1771 530 1801 in
548 1774 635 1810 parte
651 1779 724 1810 quae
735 1770 882 1809 proxime
896 1773 1017 1809 spectat
1028 1770 1174 1800 Mmsiam
1187 1769 1388 1808 superiorem
1401 1769 1498 1806 (nunc
1519 1765 1657 1798 Servium
1673 1772 1730 1795 vo-

103 1819 194 1861 cant),
207 1829 281 1860 qua)
295 1821 497 1853 Macedonico
509 1830 579 1861 pars
595 1821 786 1862 aliquandiu
801 1821 907 1860 paruit
923 1821 1133 1860 Bulgarorum
1148 1820 1284 1860 imperio
1302 1829 1309 1848 :
1327 1819 1447 1859 quippe
1465 1817 1728 1858 quod,regnante

104 1871 218 1907 Crubo,
231 1871 490 1903 Thessalonicam
504 1881 608 1912 usque
630 1871 894 1911 protendebatur,
918 1874 954 1902 ut
968 1870 1228 1910 Theophylactus
1252 1869 1283 1899 in
1304 1869 1360 1900 hac
1376 1869 1444 1907 ipsa
1460 1868 1604 1899 oratione
1634 1868 1729 1896 testa-

104 1924 163 1951 tur.
183 1923 271 1954 Situs
292 1931 369 1954 vero
396 1922 457 1954 iste
488 1922 735 1962 TiberiOpoleos
753 1923 875 1962 optime
893 1921 1043 1961 congruit
1061 1929 1132 1951 cum
1160 1919 1340 1951 Strumitzze
1355 1918 1432 1953 situ.
1447 1921 1480 1948 ut
1495 1916 1658 1955 colligitur
1688 1922 1727 1944 ex

105 1973 281 2013 Nicephoro
297 1974 448 2013 Gregora,
461 1973 518 2014 qui
531 1982 599 2005 eam
615 1973 781 2013 ingressus
799 1976 858 2009 est,
880 1972 956 2003 dum
986 1971 1138 2011 Byzantio
1155 1979 1216 2001 una
1244 1978 1316 2001 cum
1334 1969 1446 2008 legatis
1461 1968 1497 1999 ad
1515 1967 1652 2003 Cralem,
1669 1974 1727 1996 seu

107 2034 210 2064 regem
245 2026 364 2057 Servius
385 2025 458 2057 illac
488 2026 649 2057 transiens
670 2025 805 2063 Scupios
831 2024 1100 2063 proﬁcisceretur.
1135 2021 1299 2054 Nonnulla
1314 2020 1422 2058 verba,
1442 2019 1563 2060 quibus
1595 2019 1655 2048 iter
1671 2016 1728 2048 ille

106 2085 196 2108 suum
214 2078 380 2115 describit,
395 2066 486 2118 juvat
503 2079 555 2109 hic
571 2078 604 2109 in
623 2077 765 2108 medium
784 2075 946 2116 proferre;
973 2075 1094 2114 quippe
1107 2083 1179 2113 qum
1195 2077 1434 2113 peropportuna
1449 2070 1599 2101 videntur
1611 2067 1728 2099 contir-

108 2130 228 2161 mandis
244 2130 285 2161 iis
300 2139 372 2170 quas
385 2132 425 2162 de
442 2130 656 2169 Tiberiopolis
672 2139 728 2161 seu
743 2129 922 2161 Strumitzm
949 2128 1013 2158 situ
1032 2127 1275 2167 exiguitateque
1291 2134 1386 2165 supra
1396 2124 1550 2155 diximus.
1566 2123 1730 2154 Posterum

108 2181 222 2220 (inquit
239 2182 292 2212 ille
310 2182 433 2213 Hister.
452 2182 572 2221 Byzaat
598 2181 652 2212 lib.
675 2190 741 2215 vui.
757 2189 824 2220 cap.
854 2180 901 2216 14,
922 2188 1010 2211 num.
1026 2179 1056 2218 6)
1079 2187 1096 2210 a
1113 2178 1249 2209 transitu
1279 2177 1457 2216 Strymonis
1475 2174 1564 2206 ﬂuvii
1592 2173 1674 2205 diem
1697 2174 1730 2204 in

109 2231 214 2261 itinere
246 2235 341 2261 totum
368 2232 624 2270 consumpsimus,
655 2236 682 2261 et
697 2230 738 2261 ad
763 2229 948 2270 oppidulum
965 2229 1124 2269 (πολίχνιον.
1150 2227 1315 2268 parvulam
1343 2226 1509 2266 civitatem)
1537 2225 1731 2278 devenimus».

107 2281 183 2319 quod
196 2291 274 2321 pene
292 2290 391 2321 supra
402 2282 498 2312 nubes
511 2282 622 2312 eminet
634 2282 819 2321 (Slrumitza
832 2280 869 2311 ab
882 2281 995 2312 incolis
1006 2280 1161 2320 vocatur),
1179 2279 1255 2310 adeo
1268 2283 1433 2319 pra'rupiu
1450 2281 1477 2308 ct
1494 2276 1615 2307 crcclso
1632 2276 1729 2305 monti

108 2331 294 2370 impositum,
315 2338 350 2363 ut
379 2333 516 2363 homines
539 2332 572 2363 in
584 2331 835 2372 propugnaculis
851 2331 990 2362 sedentes
1009 2341 1022 2361 e
1036 2331 1117 2362 valle
1142 2329 1386 2370 suspicientibus
1401 2328 1597 2358 anicularum
1613 2324 1730 2356 similes

108 2382 336 2414 eiderentur....
364 2383 468 2414 Tertio
496 2382 567 2413 inde
592 2382 642 2414 die
673 2382 714 2412 ad
732 2382 929 2422 oppidulum,
945 2382 1100 2418 πολίχνιον,
1126 2381 1313 2420 Scopiorum
1342 2379 1536 2413 divertimus,
1555 2379 1640 2417 ipsos
1661 2377 1730 2416 jam

110 2432 317 2464 Triballorum
329 2433 405 2472 ﬁnes
423 2433 568 2472 ingressi,
581 2442 617 2463 ac
629 2432 901 2472 prwterlabentem
910 2431 1045 2462 vidimus
1057 2430 1173 2461 Axium
1187 2430 1329 2470 ﬂuvium,
1347 2433 1406 2459 etc.
1427 2427 1552 2464 Quibus
1568 2435 1606 2458 ex
1622 2426 1728 2456 verbis

111 2484 310 2525 perspicuum
331 2483 481 2515 eﬂicitur:
501 2483 527 2516 1.
547 2483 748 2515 Strumilzam
771 2483 853 2514 inter
868 2483 983 2514 ﬂuvios
1000 2483 1202 2522 Strymonem
1220 2485 1250 2512 et
1264 2481 1382 2512 Axium
1401 2479 1503 2510 fuisse
1521 2479 1728 2518 interjectam,

111 2538 138 2569 ei
160 2543 176 2565 ιι
206 2534 312 2574 priore
326 2535 425 2566 unius
454 2534 580 2566 circiter
597 2535 662 2566 diei
680 2535 797 2566 itinere
814 2533 974 2570 dissitam,
1001 2533 1040 2564 ab
1065 2532 1128 2563 alio
1149 2540 1235 2569 vero,
1257 2531 1311 2562 ubi
1339 2531 1473 2570 Scupios
1498 2528 1732 2568 praterlabitnr

113 2586 257 2627 (proinde
273 2587 350 2618 etab
364 2588 442 2627 ipsis
453 2588 603 2627 Seupiis),
623 2587 856 2618 triumdierum
871 2585 1038 2617 intervallo
1049 2583 1401 2620 distantetn.2.Eam,si
1419 2582 1457 2613 ad
1476 2580 1731 2612 Thessalonicam

114 2637 272 2674 referatur,
286 2638 569 2677 septentrionalem
588 2638 703 2674 fuisse,
725 2637 908 2677 cujusmodi
923 2640 955 2667 et
984 2633 1203 2674 Tiberiopolis
1232 2637 1297 2665 erat
1320 2632 1558 2671 'l‘licOphylacto
1583 2634 1674 2662 teste.
1700 2632 1730 2662 3.

113 2688 272 2720 Civitatem
289 2689 389 2720 fuisse
407 2690 582 2728 parvulam,
596 2689 664 2719 sive
681 2689 775 2720 etiam
792 2687 984 2726 Oppidulum
1002 2687 1058 2717 nni
1084 2695 1125 2716 ex
1150 2684 1286 2723 prmaltis
1303 2684 1404 2714 Hiemi
1422 2682 1539 2714 montis
1557 2681 1734 2713 verticibus

114 2741 272 2779 insidens;
302 2742 424 2781 quippe
453 2749 544 2771 mons
562 2741 623 2771 iste
652 2739 875 2771 Macedoniam
899 2738 1015 2769 dividit
1032 2738 1070 2768 ab
1086 2742 1220 2776 utraque
1239 2737 1346 2767 Maesia
1363 2735 1416 2775 (η).
1443 2735 1515 2765 Hinc
1534 2734 1641 2765 omnia
1659 2743 1734 2773 per-

145 2871 180 2905 (α)
200 2870 268 2897 Cum
282 2869 325 2897 bis
343 2868 627 2908 ontnib‘usconsentit
642 2867 791 2908 descrilvio
812 2866 892 2908 bilius
947 2864 1049 2892 nicnsis
1070 2863 1096 2890 in
1113 2861 1348 2908 suav-(ieogr‘ltplltzi‘a

116 2897 194 2940 unius,
212 2914 293 2942 quant
312 2905 421 2934 exltiuct
435 2904 556 2932 ilcletius
572 2897 794 2938 archiepiscopus
811 2897 894 2929 Atltc-
950 2909 1026 2933 uoca,
1049 2907 1108 2934 que
1134 2898 1206 2926 edita
1236 2902 1276 2925 est
1298 2898 1340 2924 hic
1362 2897 1482 2924 chi-liis
1507 2897 1601 2922 (inure
1628 2898 1735 2921 tantum
