1880 3055
150 146 203 177 435
678 149 871 180 BONIFACII
889 149 1042 180 FlNETTi
1067 150 1262 181 PRiEFATIO
1739 146 1800 177 [ὃ

150 202 260 240 spicua
274 206 360 240 sunt,
387 203 448 235 nisi
468 212 535 235 mea
551 212 601 235 me
629 204 712 236 fallit
727 205 851 244 Opinio.
874 206 994 236 Verum
1014 205 1093 236 illud
1112 206 1297 243 obscurius,
1314 214 1377 245 qua
1394 213 1511 245 nempe
1531 205 1654 236 ratione
1682 204 1801 235 Theo-

153 253 319 292 phylactus
336 254 417 285 hanc
433 254 655 295 Tiberiopolis
671 255 797 292 urbem,
816 264 876 287 seu
893 256 1109 293 Slrumitzam,
1125 256 1281 287 afﬁrmare
1297 256 1437 295 poluerit
1453 264 1525 287 esse
1540 261 1598 287 κατ’
1618 260 1708 296 ἀρχὰς
1739 259 1797 294 τῆς

150 309 242 344 χώρας
261 308 417 344 Ίλλυρίδθς,
438 306 584 344 proxime
599 307 633 337 in
645 307 809 346 principio
825 307 966 345 regionis
981 298 1126 346 Illyridis
1141 317 1194 338 seu
1212 307 1346 346 Illyrici,
1364 316 1437 339 cum
1452 307 1635 347 ablllyride
1655 306 1799 346 proprie

152 360 290 395 sumpta,
321 364 416 395 quam
439 356 560 387 Drinus
588 357 707 388 ﬂuvius
723 365 741 388 a
760 357 947 388 Macedonia
970 357 1187 394 disterminat,
1208 359 1318 397 procul
1335 363 1420 390 esset
1443 359 1656 399 quorumdam
1681 359 1798 390 inter-

152 407 235 437 vallo
250 406 376 438 dierum
391 411 438 438 :et
450 407 569 448 Illyrici
587 406 684 438 latius
700 407 821 447 accepti
837 406 982 438 medium
996 406 1062 438 fere
1078 412 1217 446 teneret,
1234 408 1328 448 cujus
1345 417 1416 448 pars
1440 409 1622 446 orientalis,
1634 418 1694 440 seu
1710 410 1799 449 Illy-

152 459 267 495 ricum,
287 463 321 489 ut
339 459 503 496 vocabam,
533 458 711 496 Orientale,
730 459 953 490 Macedoniam
977 468 1043 490 una
1055 468 1125 490 cum
1155 459 1262 491 Daciis
1284 468 1319 491 ac
1335 459 1459 491 Mmsiis
1484 468 1546 491 suo
1561 460 1681 492 ambitu
1699 469 1800 491 com—

152 510 359 550 plectebatur.
408 512 527 542 Verum
563 511 735 543 diilicultas
775 511 938 543 evanescit
968 513 1098 550 omnis,
1140 511 1166 542 si
1209 512 1252 543 ita
1284 512 1509 552 intelligantur
1551 513 1797 553 Tlieophylacti

152 562 275 599 verba,
308 562 582 602 quemadmodum
610 562 821 603 intelligenda
845 572 916 594 esse
941 563 1227 603 persuasissimum
1258 563 1336 594 mihi
1368 567 1428 601 est,
1456 563 1609 595 videlicet
1640 566 1799 600 Ίλλῠριδος

149 615 254 651 χώρας,
278 614 424 654 Illyridis
440 603 569 646 noinine
586 615 638 647 hic
651 615 824 655 signiﬁcari
838 619 971 647 tractum
984 624 1112 647 omnem
1130 619 1300 653 terrarum,
1313 624 1410 655 quem
1428 615 1556 655 Bulgari
1569 614 1707 655 lllyrica,
1727 620 1798 643 seu

152 665 394 706 Slavicalingua
415 670 543 698 utentes
555 668 601 708 (ut
615 671 646 699 et
662 667 758 700 modo
772 667 920 708 utuntur)
933 669 1142 708 occupabant,
1155 671 1252 708 atque
1269 668 1302 699 in
1320 677 1411 700 suam
1432 668 1620 708 redegerant
1643 670 1796 705 potesta-

153 720 233 754 tem;
263 721 294 748 et
311 726 408 757 quem
436 722 502 749 tum
519 719 614 750 etiam
644 718 839 755 incolebant,
868 719 1139 759 cumimperatori
1171 719 1528 758 Constantinopolitano
1560 718 1609 759 (ut
1638 723 1797 756 tempore

153 767 397 808 TheOphylacti)
414 769 575 806 parebant.
593 770 661 800 1am
678 776 754 800 vero
773 769 917 809 lllyridis
930 769 978 799 sic
988 773 1126 809 accepta;
1146 769 1246 809 prima
1272 778 1342 808 quae
1356 770 1496 800 occurrit.
1517 769 1630 800 civitas
1642 777 1680 799 ex
1696 768 1796 816 Grm:

152 818 212 854 cia,
230 827 265 850 ac
283 819 487 859 potissimum
506 821 749 858 Thessalonica,
767 820 974 852 venientibus
987 821 1054 852 hth
1071 825 1131 859 est,
1150 822 1190 852 de
1203 829 1266 861 qua
1284 820 1462 860 loquimur,
1479 821 1667 854 Strumitza:
1685 819 1796 859 idque

153 875 280 903 constat
296 881 333 903 ex
352 881 404 910 eo,
422 872 509 912 quod
535 875 565 903 et
584 872 660 903 alihi
676 872 978 910 animadvertimus,
1006 873 1161 904 nimirum
1187 873 1343 912 Bulgaros
1362 880 1468 911 usque
1485 873 1525 902 ad
1549 871 1798 903 Thessalonica:

153 924 233 954 ﬁnes
253 932 348 955 suum
366 923 541 962 protulisse
559 923 754 964 imperium;
770 928 865 965 atque
879 924 975 956 etiam
994 933 1033 956 ex
1052 933 1091 956 eo
1104 925 1188 965 quod
1200 923 1597 963 subindicatNicephorus
1614 924 1795 962 Gregoras,

152 982 240 1006 sacra
263 975 433 1014 paschalia,
447 976 568 1015 quibus
585 976 641 1007 ille
660 977 817 1015 interfuit,
835 977 1001 1017 Bulgarica
1029 986 1088 1008 seu
1109 977 1277 1009 Slavonica
1294 976 1405 1015 lingua
1420 975 1523 1007 fuisse
1540 975 1723 1007 Strumitzm
1738 984 1797 1006 ce-

153 1026 284 1059 lebrata.
302 1029 348 1059 Ex
363 1037 429 1069 quo
452 1029 544 1068 plane
557 1037 762 1069 consequens
779 1034 839 1068 est,
854 1034 922 1062 tum
943 1039 1013 1062 eam
1029 1030 1190 1061 habitasse
1209 1029 1375 1069 Bulgaros,
1393 1037 1451 1060 seu
1464 1032 1592 1068 gentem
1609 1027 1792 1067 Illyricam.

153 1078 212 1108 Sed
231 1079 337 1118 ipsum
356 1080 475 1112 referre
494 1082 668 1121 Gregoram
686 1084 823 1121 priestat,
840 1081 896 1121 qui
913 1082 990 1112 satis
1017 1081 1125 1122 lepide
1150 1081 1303 1113 describit
1318 1084 1446 1112 cantum
1462 1088 1528 1120 quo
1554 1078 1682 1119 Bulgari
1702 1079 1796 1109 Stru-

152 1129 293 1161 mitziani
307 1132 488 1171 paschalem
512 1133 749 1164 solemnitatem
765 1133 981 1165 celebrabant.
1011 1133 1061 1165 Ibi
1075 1133 1196 1164 Pascha
1211 1133 1267 1172 (ait
1283 1133 1354 1164 loco
1369 1141 1464 1171 supra
1489 1130 1598 1171 citato)
1615 1131 1744 1161 moleste
1762 1133 1795 1161 ιι

150 1185 270 1218 ρναιιεν
290 1187 421 1212 veterem
443 1188 584 1214 nostram
609 1184 877 1221 consuetudinem,
895 1183 949 1214 scd
977 1189 1079 1215 tamen
1098 1184 1334 1216 celebravimus.
1351 1183 1401 1214 Ibi
1416 1184 1496 1213 enim
1511 1183 1611 1213 omnis
1626 1182 1791 1218 doctrina,

151 1226 290 1269 rhythmi
305 1235 334 1261 et
345 1241 442 1262 sacrit
456 1233 629 1272 hymnodiw
644 1235 764 1264 musica
778 1242 837 1273 pro
848 1234 946 1272 nugis
963 1233 1139 1265 habentur:
1156 1234 1271 1274 quippe
1280 1234 1432 1273 oppidani
1448 1233 1586 1264 barbara
1600 1233 1666 1272 fere
1677 1233 1794 1271 lingua

150 1286 297 1320 utantur,
314 1288 342 1314 ct
358 1283 398 1314 iis
413 1284 477 1314 sint
488 1281 691 1324 moribusqui
701 1290 844 1316 aratrum
856 1291 884 1316 et
901 1285 1035 1325 ligonem
1049 1286 1083 1316 in
1095 1286 1210 1325 primis
1227 1285 1364 1316 deceant.
1379 1285 1484 1324 Neque
1495 1284 1575 1314 enim
1593 1293 1661 1313 eum
1677 1291 1793 1314 sonum

151 1332 293 1370 edebant,
305 1334 371 1373 qui,
385 1335 444 1366 etsi
457 1335 702 1372 semibarbarus,
717 1340 818 1366 tamen
833 1335 1010 1366 modulatus
1024 1338 1121 1374 foret,
1135 1341 1163 1366 et
1171 1336 1285 1375 aliquis
1298 1337 1366 1375 ipse
1381 1344 1502 1374 quoque
1513 1343 1577 1364 esse
1591 1338 1792 1371 censeretur,

150 1386 184 1411 ut
198 1381 394 1421 semilydius,
411 1388 440 1414 et
465 1384 494 1414 si
510 1385 558 1423 [as
575 1384 691 1422 dicere,
706 1385 955 1425 semiphryyius:
976 1385 1031 1416 sed
1052 1385 1223 1417 belluinum
1235 1386 1331 1426 plane
1353 1390 1380 1416 et
1396 1389 1578 1415 montanum
1601 1383 1761 1414 sonabant
1781 1391 1792 1410 :

150 1439 209 1467 quo
229 1431 298 1460 ritu
315 1431 462 1462 nomades
487 1432 551 1472 ipsi
567 1438 713 1464 canerent
725 1434 872 1473 gregibus
889 1435 954 1465 suis
965 1440 1140 1474 praeeuntes
1169 1435 1210 1466 ad
1224 1437 1305 1476 juga
1329 1439 1358 1466 et
1372 1434 1477 1475 sylvas
1489 1443 1560 1465 vere
1590 1443 1682 1470 novo,
1717 1443 1794 1464 eum

151 1479 272 1517 rymbia
286 1481 366 1512 lacte
385 1482 559 1514 exundant.
582 1484 654 1516 Haec
670 1484 878 1524 hyperbolica
891 1486 1052 1518 scribendi
1069 1487 1150 1518 ratio
1165 1488 1273 1518 Graeco
1299 1487 1422 1518 homini
1438 1511 1446 1523 ,
1464 1485 1686 1526 principisque
1705 1484 1793 1516 civi-

152 1530 226 1561 tatis
238 1532 342 1563 cultui
360 1537 490 1565 assueto
508 1535 685 1566 condonari
703 1540 818 1575 potest.
840 1536 972 1568 Interim
986 1546 1062 1569 vero
1077 1546 1117 1569 ex
1145 1537 1201 1569 illa
1217 1537 1324 1577 colligi
1345 1538 1487 1574 videtur,
1515 1537 1634 1568 incolas
1650 1537 1793 1567 Strumi-

153 1580 276 1614 ttiamos
294 1592 397 1624 neque
411 1585 540 1617 natione
557 1587 694 1624 Grmcos,
709 1596 814 1627 neque
833 1588 937 1619 Graeca
951 1588 983 1619 in
1000 1588 1098 1620 sacris
1113 1588 1223 1629 lingua
1246 1597 1323 1620 usos
1349 1588 1451 1620 fuisse
1465 1600 1473 1625 ;
1486 1589 1632 1628 adeoque
1645 1587 1698 1618 vel
1712 1586 1792 1618 Bul-

151 1644 259 1674 garos,
283 1636 333 1668 vel
348 1637 489 1674 Servios,
505 1638 552 1669 vel
581 1643 666 1670 certe
684 1639 827 1680 aliquem
841 1649 880 1671 ex
897 1640 1027 1680 Illyrico
1045 1641 1213 1680 populum.
1232 1643 1345 1681 Neque
1360 1641 1447 1673 enim
1465 1640 1588 1680 lingua,
1608 1648 1670 1679 qua
1696 1640 1792 1670 Stru-

154 1687 298 1720 mitziani
314 1698 402 1721 sacra
420 1690 698 1730 peragebant,alia
708 1691 811 1723 fuisse
824 1693 950 1724 videtur
966 1697 1081 1733 printer
1099 1693 1339 1725 Schlavonicam
1353 1693 1407 1733 (ιι).
1420 1693 1505 1730 Quid
1523 1692 1610 1732 quod
1627 1692 1790 1730 Gregoras

152 1740 224 1776 ipse
244 1741 434 1779 praecedenti
467 1750 556 1772 num.
581 1746 701 1780 monet,
719 1742 782 1774 loci
805 1743 893 1775 illius
916 1745 993 1783 (tum
1010 1753 1086 1776 vero
1097 1745 1199 1776 adhuc
1214 1745 1321 1776 aberat
1339 1745 1511 1776 Strumitza
1530 1744 1597 1775 fere
1620 1743 1789 1782 integrum

152 1790 280 1821 itineris
293 1790 392 1831 diem)
409 1790 528 1823 incolas
542 1792 711 1832 plerosque
728 1794 892 1832 Mysorum
914 1794 991 1833 (seu
1008 1794 1195 1834 Moesorum)
1220 1793 1349 1824 colonos
1368 1794 1478 1833 fuisse.
1497 1794 1691 1824 Persuasum
1707 1800 1789 1822 vero

153 1841 266 1878 habeo,
284 1842 458 1881 Mysorum,
473 1851 532 1874 seu
548 1843 719 1875 Musarum
743 1843 875 1875 nomine
892 1844 944 1875 hic
963 1844 1118 1883 Bulgaros
1134 1843 1323 1884 signiﬁcari,
1341 1843 1389 1874 vel
1407 1843 1535 1875 ServiOs
1567 1842 1718 1882 (uterque
1737 1845 1789 1872 est

152 1893 383 1926 Schlavonicus
413 1895 570 1935 populus)
596 1896 653 1936 qui
681 1899 852 1936 utramque
881 1897 1021 1928 Moesiam
1044 1896 1171 1936 jamdiu
1192 1896 1386 1928 incolebant.
1406 1896 1455 1926 Ex
1472 1895 1605 1935 quibus,
1623 1894 1656 1924 ni
1676 1892 1786 1930 fallor,

151 1947 229 1978 satis
245 1951 294 1979 est
313 1947 529 1988 exploratum,
557 1956 622 1980 non
639 1948 802 1980 immerito
829 1949 1105 1990 Theophylactum
1135 1954 1280 1980 asserere
1302 1946 1462 1988 potuisse,
1482 1938 1699 1985 St'rumitzam,
1724 1953 1788 1976 seu

151 2000 384 2040 'l‘iberiopolim
400 1999 503 2032 fuisse
518 2001 668 2040 proxime
684 2001 718 2032 in
735 2000 898 2040 principio
906 2001 1046 2040 regionis
1063 2000 1214 2039 Illyrica.

191 2051 263 2082 XX.
290 2051 351 2082 Sed
368 2050 466 2082 alicui
483 2051 618 2082 fortasse
634 2050 824 2090 scrupulum
845 2050 981 2089 ingeret,
999 2050 1086 2090 quod
1108 2057 1201 2080 nemo
1214 2052 1359 2080 veterum
1376 2048 1568 2086 scriptorum
1582 2054 1786 2078 memorave-

151 2104 190 2134 rit
222 2102 320 2134 ullam
354 2103 562 2142 Tiberiopolis
586 2103 698 2134 urbem
715 2110 753 2133 eo
774 2102 845 2139 loci,
872 2101 928 2132 ubi
944 2100 1147 2140 postmodum
1171 2100 1341 2131 Strumitza
1358 2099 1428 2136 fuit,
1453 2098 1671 2130 exsistentem.
1701 2097 1786 2127 Sane

151 2152 320 2188 Ccllarius,
337 2152 479 2192 antiquae
488 2153 691 2192 geographiae
706 2153 942 2183 solertissimus
962 2151 1184 2191 investigator,
1200 2150 1444 2190 iTiberiopolim
1461 2149 1507 2181 ibi
1528 2148 1650 2179 nullam
1679 2155 1783 2185 δεηθ-

150 2205 221 2235 scit.
236 2206 347 2245 Neque
362 2204 458 2235 etiam
474 2206 506 2236 in
518 2214 576 2236 sex
589 2207 720 2238 Notitiis
736 2205 855 2238 Graecis
873 2204 1153 2235 Patriarchatuum
1174 2207 1202 2233 et
1220 2202 1339 2233 sedium
1355 2201 1592 2241 episcopalium,
1610 2207 1683 2239 qum
1703 2197 1793 2243 refe-Y

151 2259 266 2287 runtur
290 2256 328 2287 ad
358 2256 476 2288 calcem
502 2257 618 2288 Codini
643 2258 688 2288 De
714 2257 827 2297 ofﬁciis
851 2257 884 2288 in
902 2257 1041 2295 Corpore
1061 2255 1205 2287 historias
1228 2255 1424 2295 Byzantium,
1455 2253 1519 2285 ulla
1541 2253 1573 2284 ﬁt
1595 2251 1716 2282 mentio
1744 2245 1795 2297 de;

150 2308 334 2347 episcopatu
352 2308 629 2348 TiberiOpolitano
644 2309 692 2341 vel
723 2308 960 2341 Strumitziano.
976 2309 1013 2339 1n
1031 2308 1243 2348 Expositione
1259 2307 1390 2348 quidem
1408 2305 1584 2337 Andronici
1610 2302 1796 2347 Palzeolngil

149 2357 290 2389 senioris
313 2359 547 2398 metropolibus
572 2362 805 2390 annumeratur
820 2359 889 2399 ipsa
919 2359 1015 2391 etiam
1053 2359 1262 2398 Tiberiopolis
1282 2358 1371 2394 urbs,
1395 2357 1581 2396 diciturque
1601 2363 1640 2386 ex
1680 2352 1798 2395 LXIII;

148 2411 228 2441 tincta
244 2411 371 2442 LXXV.
384 2410 445 2442 Sed
462 2410 650 2450 hujusmodi
665 2410 897 2450 Tiberiopolim
916 2409 1027 2442 urbem
1052 2409 1137 2441 haud
1159 2418 1228 2441 esse
1246 2409 1450 2440 Strumitzam
1469 2409 1502 2438 in
1521 2405 1682 2447 principio
1701 2405 1781 2444 Illy-

148 2549 192 2568 ειη,
216 2537 284 2566 {7'28
313 2535 380 2571 Ejus
397 2536 478 2562 verba
494 2541 577 2564 sunt:
594 2535 768 2570 Στρούμιτζα
779 2536 868 2571 mi;
885 2536 940 2562 τῶν

148 2573 308 2608 Τριϐαλλῶν
335 2573 374 2603 εἰς
395 2571 429 2598 τὰ
449 2571 557 2608 stipata
576 2572 626 2603 τῆς
648 2570 816 2608 Μακεδονζας
837 2571 939 2605 μεταξὺ

147 2605 194 2636 toi:
211 2608 365 2643 Στρύμονος
384 2607 430 2634 καὶ
450 2606 497 2643 eo?)
515 2605 603 2639 'AEiou
614 2606 743 2643 nomva
756 2606 937 2643 ξῦρισκομένη

148 2647 188 2676 εἰς
211 2641 373 2679 κρῂμξνῶδες
398 2643 445 2669 καὶ
467 2641 605 2679 animum
624 2642 697 2679 δρρέ,
709 2641 810 2679 ἀπέχον
823 2642 876 2679 dii-.2)
891 2641 936 2679 τᾷὖ

148 2676 355 2714 Σκιοῦῖπίῖεριῶν
370 2678 483 2714 ἡμερῶν
497 2677 635 2714 δρᾶμῃξι..ἶ
648 2676 721 2714 Λῦτξι
733 2677 750 2711 ἠ
765 2676 937 2714 Σῖρούμιτζα

147 2717 272 2743 ἐκαὶείτο
288 2711 317 2741 ὲὸ
333 2711 442 2748 πρῶτον
463 2712 680 2748 Τιόεριούπολις.
700 2711 848 2748 Strumitza
874 2713 934 2738 urbs

149 2750 328 2778 Triballorum
355 2742 425 2776 inter
448 2742 542 2783 ﬂuvio;
567 2748 726 2781 Strymouen
741 2752 766 2773 et
779 2747 874 2783 Axium
900 2748 934 2774 ad

147 2787 211 2820 ﬁnes
229 2785 393 2812 Macedonia
407 2785 553 2818 reperitur;
570 2784 596 2820 in
621 2783 797 2820 pra’ripitirct
822 2782 933 2813 abrupto

146 2818 252 2848 iuonte:
268 2821 401 2854 distatque
417 2819 621 2856 Srupiisﬂtriui}!
643 2818 744 2856 dierum
757 2819 856 2844 itinere.
869 2819 933 2844 Hoc

146 2858 208 2883 urbs
225 2857 338 2890 primum
360 2856 500 2882 vociibctur
514 2854 694 2890 Tibcricpolis.
711 2854 843 2890 (lectorum
870 2861 932 2880 cunt

145 2888 291 2928 Gri-geras,
313 2895 370 2919 tum
388 2890 513 2919 Mclctius
526 2890 559 2917 de
572 2890 655 2917 veteri
669 2888 826 2921 Strumilza,
842 2889 934 2923 inqua

991 2535 1065 2570 passi
1081 2536 1145 2562 sunt
1158 2532 1397 2570 XV_martyrcs,ct
1412 2540 1473 2567 qua:
1482 2540 1544 2570 vero.
1559 2532 1584 2559 iu
1598 2536 1691 2570 monte
1707 2538 1778 2566 erat,

991 2567 1149 2605 loquuntur.
1166 2572 1199 2595 At
1213 2568 1386 2605 hodiernam.
1404 2575 1465 2605 quin
1478 2573 1503 2595 et
1516 2567 1593 2605 Nora
1609 2567 1661 2594 dici
1679 2573 1781 2602 poteSI,

991 2602 1168 2633 Strumitzam
1187 2603 1220 2631 ad
1241 2603 1335 2638 pedem
1351 2602 1473 2634 eiusdem
1488 2604 1588 2631 montis
1596 2609 1719 2633 exstare,
1734 2611 1779 2631 ve-

989 2641 1111 2675 terisque
1123 2637 1316 2675 tantuuunudo
1332 2639 1424 2675 ruinas
1449 2646 1604 2674 superesse,
1625 2638 1749 2666 inuudivi
1766 2646 1782 2666 ει

987 2677 1046 2703 viro
1061 2673 1182 2702 locorum
1199 2673 1307 2700 illorum
1327 2674 1424 2708 perito.

1023 2712 1062 2745 (ιι)
1080 2710 1136 2737 Hoc
1157 2713 1186 2736 ut
1211 2715 1313 2736 meram
1332 2708 1519 2745 conjecturam
1551 2716 1693 2745 propono:
1705 2709 1780 2737 Alias

990 2746 1121 2776 iuaudivi,
1142 2745 1198 2772 illic
1215 2751 1287 2771 nunc
1318 2751 1395 2779 sacra
1419 2744 1550 2772 celebrari
1567 2744 1658 2779 lingua
1674 2744 1780 2772 Graeca.

990 2780 1118 2808 Fortasse
1133 2781 1214 2807 etiam
1232 2779 1320 2806 solum
1341 2778 1444 2806 Graecae
1462 2780 1561 2814 lingua!
1574 2778 1780 2814 corruptionem

990 2820 1085 2843 notare
1100 2816 1185 2843 voluit
1205 2815 1351 2851 Gregoras,
1368 2822 1430 2841 cum
1450 2815 1499 2848 ait,
1516 2815 1578 2842 illos
1595 2815 1712 2842 barbara
1727 2814 1782 2850 fere

989 2852 1079 2887 lingua
1092 2859 1158 2880 usos
1172 2858 1242 2879 esse.
