1880 3055
1081 138 1090 150 Ι

99 164 153 193 Ιέ-ῗἹ
514 162 552 192 ιη
579 163 795 198 SEQUENTIA
815 163 1109 194 THEOPHYLACTI
1131 163 1303 195 SCRIPTA.
1680 165 1731 195 43S

98 215 160 248 iici
176 218 282 255 sitam,
311 219 367 249 sed
398 219 504 257 potius
527 219 664 249 \‘arnam
678 219 716 250 ad
742 221 875 251 Pontum
892 220 1068 255 Euxinum,
1088 227 1126 250 eo
1148 219 1207 250 loci
1224 219 1342 250 diserte
1357 219 1542 251 allirmatur.
1560 220 1619 250 Sed
1652 219 1729 252 limc.

99 269 249 306 quamvis
268 277 352 304 vera,
370 277 497 299 movere
512 273 614 299 tamen
631 269 794 300 neminem
806 269 934 300 debent.
955 269 1065 308 Neque
1081 269 1167 300 enim
1180 268 1289 299 oruuia
1304 271 1438 300 omnino
1456 270 1522 300 loca
1537 269 1585 300 vel
1604 269 1732 308 cognita

96 325 114 348 a
130 319 296 350 veteribus
311 318 504 358 geographis
531 323 618 354 sunt,
637 319 685 350 vel
716 321 878 351 memoria)
895 321 1011 351 tradita
1036 325 1237 359 posterorum
1256 331 1264 356 ;
1286 320 1341 351 sed
1365 320 1410 351 vel
1435 320 1542 360 aliqua
1575 321 1730 359 ignorata,

99 369 148 399 vel
178 377 243 407 prie
268 377 326 400 sua
343 369 516 408 exiguitate
535 369 762 409 prmtcrmissa.
781 371 958 409 Scriptores
988 379 1062 401 vero
1080 370 1197 409 reliqui
1219 370 1347 401 nonnisi
1378 371 1621 410 opportunitate
1649 371 1731 402 data.

98 419 299 450 mentionem
315 419 418 450 facere
440 425 680 451 consueverunt
709 421 874 452 civitatum
894 421 1101 461 aliorumque
1118 421 1276 452 locorum.
1306 422 1522 458 Quamobrem
1557 421 1731 458 Cellarius,

98 469 225 500 tametsi
247 469 530 509 diligentissimus.
562 470 648 501 locos
664 471 791 510 aliquos
813 472 1039 510 pz-mtermisit;
1071 472 1247 510 praesertim
1276 480 1351 502 vero
1379 471 1478 512 (quod
1509 472 1582 503 facit
1598 471 1632 502 in
1664 480 1731 502 rem

98 523 255 562 nostram)
270 522 388 554 nullam
407 522 446 553 ad
463 523 596 553 Pontum
614 523 776 554 Euxinum
793 523 1024 563 Tiberioiiolim
1043 527 1209 559 memorat,
1226 532 1321 564 quam
1334 528 1439 555 tamen
1455 525 1621 555 exstitisse
1633 524 1731 556 dubi-

97 574 158 605 tari
176 575 228 604 vix
252 578 368 614 potest.
388 575 422 605 In
439 574 557 606 Grmcis
570 583 702 615 quoque
718 576 846 607 Notitiis
862 584 934 616 quae
947 577 1052 608 adhuc
1073 581 1260 616 supersunt,
1283 577 1486 616 episcopatus
1502 576 1592 608 fuere
1609 577 1732 617 aliquot

98 625 320 666 praiter‘missi,
335 630 369 660 ut
384 627 499 658 eruditi
515 627 710 667 jampridem
738 629 944 661 adnotavere.
957 631 1112 662 Cmterum
1127 636 1166 661 ex
1183 638 1221 661 eo
1237 629 1331 660 etiam
1348 629 1425 660 oriri
1445 630 1547 668 potuit
1565 628 1732 660 silentium

97 677 305 716 episcoiiatus
329 677 609 718 TiberiOpolitani,
632 679 720 719 quod
751 678 817 710 hinc
833 679 955 716 civitas,
970 680 1115 720 quandiu
1139 687 1255 710 nomen
1283 679 1367 710 istud
1386 678 1534 715 retinuit,
1550 687 1650 710 unum
1668 679 1732 708 for-

96 732 194 766 tasse,
213 729 265 761 vel
282 729 419 762 alterum
432 730 579 762 habuerit
595 732 783 772 episc0pum
800 740 808 769 ;
825 741 898 764 cum
913 732 999 764 haud
1015 732 1115 764 multo
1133 736 1203 770 post
1224 731 1413 770 martyrium
1443 730 1620 765 Theodori,
1636 728 1730 768 primi

96 780 246 819 ejusdem
262 782 402 814 civitatis
417 783 574 822 episcopi,
592 787 710 815 vastata
725 784 824 815 fuerit
842 785 946 824 primo
967 785 1100 825 quidem
1117 784 1156 815 ab
1177 783 1321 819 Ombris,
1337 781 1456 813 deinde
1468 790 1485 812 a
1506 780 1667 819 Bulgaris,
1693 785 1729 810 ut

95 830 174 860 satis
188 830 309 862 indicat
318 832 365 863 vel
377 832 472 863 istius
483 836 595 864 auctor
608 834 768 871 opusculi.
777 835 868 872 Quod
881 843 955 866 vero
963 843 1068 874 neque
1077 834 1140 865 alio
1155 833 1215 864 sub
1223 833 1365 867 nomine,
1381 831 1732 864 nimirumStrumitzrr,

95 888 309 915 annumerata
321 884 453 916 sedibus
475 885 716 924 episcopalibus
739 887 933 922 inveniatur,
962 887 1042 917 illud
1061 886 1234 917 videturin
1257 892 1353 915 causa
1380 883 1484 914 fuisse
1508 883 1593 922 quod
1625 882 1732 913 archi-

98 934 255 974 episcopo
268 938 457 973 αὐτοκεφάλῳ.
472 937 633 977 suijuris,
655 945 714 968 sau
732 937 856 969 nullius
872 937 934 968 sub
946 937 1263 977 patriarcliaadftione
1279 934 1466 970 constituto,
1483 934 1634 964 subesset
1648 931 1733 972 (nam

95 983 128 1014 in
159 985 321 1023 praedictis
349 986 477 1017 Notitiis
496 987 703 1020 solummodo
729 993 938 1020 recensentur
966 989 1062 1020 sedes
1077 987 1278 1028 episc0palcs
1302 995 1375 1026 quae
1399 985 1546 1025 quinque
1580 983 1734 1014 suberant

97 1033 312 1075 patriam-his)
336 1047 344 1067 :
363 1035 427 1067 nisi
451 1037 558 1068 dicere
575 1037 681 1076 malis,
699 1038 810 1069 urbem
827 1038 908 1069 hanc
926 1045 988 1069 non
1004 1037 1184 1068 Strumitzw
1199 1035 1330 1066 nomine
1353 1035 1487 1074 (quippe
1504 1033 1591 1073 quod
1622 1031 1734 1070 Bulga-

98 1083 201 1114 ricum
217 1085 277 1124 est)
293 1086 348 1116 sed
365 1087 473 1118 Graaco
483 1088 547 1119 alio
562 1088 718 1120 vocabulo
734 1089 766 1119 in
782 1088 904 1120 eisdem
919 1088 1046 1120 Notitiis
1073 1086 1236 1126 designari
1251 1095 1258 1116 :
1273 1089 1326 1116 aut
1342 1086 1472 1116 demum
1490 1084 1563 1114 ideo
1596 1082 1733 1113 Strumi-

97 1140 181 1169 tzam
210 1146 276 1169 non
308 1142 481 1178 recenseri,
509 1143 585 1182 quia
603 1142 691 1174 sedis
710 1143 904 1183 episcopalis
919 1143 1074 1174 honorem
1092 1146 1145 1173 aut
1168 1141 1265 1173 nimis
1283 1149 1356 1172 sero
1379 1139 1561 1178 sitadepta,
1586 1143 1642 1169 aut
1670 1137 1733 1168 cito

99 1189 200 1220 nimis
217 1189 373 1228 amiserit,
390 1197 444 1223 aut
460 1193 565 1225 solum
585 1195 681 1226 certis
697 1199 875 1234 temporum
891 1194 1072 1225 intervallis
1096 1200 1132 1225 ea
1148 1193 1304 1232 dignitate
1321 1191 1419 1222 fuerit
1435 1190 1588 1230 insignita
1605 1188 1731 1237 (quem-

99 1242 274 1274 admodum
301 1247 331 1274 et
345 1244 419 1274 aliis
452 1245 586 1284 contigit
613 1245 755 1284 parvulis
777 1243 1151 1285 civitatibus),'ade0ipie
1168 1246 1235 1274 tum
1255 1242 1358 1281 potuit
1375 1242 1432 1272 hac
1450 1239 1657 1280 praerogativa
1682 1246 1734 1269 ca-

100 1301 185 1330 rere,
200 1302 274 1324 cum
303 1294 535 1333 episcopalium
565 1295 693 1326 sedium
715 1295 848 1335 catalogi
869 1296 925 1335 qui
941 1297 978 1326 ad
995 1303 1052 1326 nos
1071 1303 1173 1334 usque
1193 1296 1410 1333 pervenerunt
1439 1291 1732 1322 conscriberentur.

99 1343 260 1375 Ceterum
277 1344 358 1376 illud
376 1346 488 1377 saltem
504 1347 631 1378 videtur
648 1347 680 1378 in
700 1347 835 1378 dubium
852 1349 990 1379 revocari
1009 1355 1071 1378 non
1091 1354 1196 1386 posse,
1214 1347 1402 1385 episcopum
1419 1343 1520 1375 fuisse
1533 1342 1732 1376 Strumitzao.

101 1395 179 1425 dum
196 1396 230 1426 in
249 1395 331 1427 vivis
346 1401 455 1436 ageret
470 1397 754 1437 TheOphylactus:
774 1398 896 1438 quippe
910 1399 965 1439 qui
983 1398 1119 1438 epistola
1138 1397 1275 1436 32juxta
1288 1395 1423 1427 Meursii
1440 1394 1617 1425 editionem
1634 1395 1733 1423 testa-

101 1448 165 1481 tur,
182 1454 218 1476 se
232 1445 403 1485 Pelagonia
424 1448 494 1486 (seu
522 1447 712 1489 Pelagonia!)
730 1450 777 1477 καὶ
791 1450 843 1486 πρὸ

989 1450 1133 1485 ομειτζης,
1150 1447 1396 1483 etSlrombitza’,
1415 1451 1441 1477 et
1474 1443 1640 1476 Malcsobw
1666 1443 1731 1482 epi-

101 1496 209 1535 scopis
229 1498 405 1536 scripsisse.
432 1498 653 1529 Strombitzam
686 1498 771 1529 enim
801 1497 886 1528 idem
913 1505 948 1528 ac
972 1497 1175 1529 Slrumilzam
1192 1507 1273 1535 csse,
1291 1499 1357 1538 ipsa
1381 1497 1522 1529 nominis
1551 1494 1733 1527 similitudo

101 1547 305 1589 aliinitasque
321 1549 468 1581 dubitare
485 1558 548 1582 non
565 1551 643 1582 sinit
659 1563 667 1582 :
688 1551 861 1590 praesertim
887 1559 958 1581 cum
977 1559 1072 1590 supra
1102 1551 1444 1587 demonstraverimus,
1457 1550 1658 1581 Strumitzam
1681 1547 1734 1587 (de

101 1608 166 1639 qua
197 1599 250 1631 hic
265 1602 383 1640 sermo)
413 1610 526 1641 parum
551 1610 569 1634 a
586 1603 754 1643 Pelagonia
770 1603 925 1640 distasse;
946 1607 1042 1643 atque
1059 1603 1168 1641 etiam,
1184 1608 1219 1635 ut
1233 1604 1301 1643 ipse
1331 1603 1482 1639 arbitror,
1510 1610 1527 1633 a
1547 1600 1708 1632 Malcsoba
1725 1608 1733 1630 :

104 1653 366 1694 Theophylactus
380 1662 456 1687 vero
471 1657 511 1688 ad
530 1657 700 1697 episcopos
721 1657 793 1688 illos
816 1659 891 1692 tres,
908 1660 1017 1696 utpote
1034 1657 1198 1693 finitimos,
1215 1665 1292 1688 suas
1318 1656 1446 1687 misisse
1463 1655 1614 1694 epistolas
1628 1654 1734 1684 videa«

103 1709 166 1737 tur.
185 1707 297 1745 Neque
319 1715 393 1738 Vero
409 1707 666 1748 Theophylactus
684 1709 837 1739 duntaxat
866 1709 971 1748 ipsum
993 1708 1172 1739 Strumitzre
1188 1715 1305 1738 nomen
1333 1707 1501 1746 paululum
1526 1705 1732 1741 immutavit;

103 1758 158 1788 sed
176 1763 207 1790 et
222 1759 388 1792 Cedrenus
419 1769 488 1792 eam
502 1761 694 1799 Στροῠμπιζιν
710 1765 739 1792 et
766 1766 845 1802 Στρονξ

991 1762 1206 1800 Strumpitzan
1223 1765 1253 1792 et
1268 1761 1456 1800 Strupt'lzun
1488 1759 1563 1802 (nisi
1584 1759 1616 1790 in
1635 1758 1733 1789 alter-

103 1815 213 1841 utrum
241 1811 346 1842 locum
369 1812 533 1852 irrepserit
560 1813 712 1843 mendum
730 1812 1008 1853 typographicum)
1029 1815 1130 1843 vocat.
1149 1813 1183 1843 Et
1200 1812 1332 1852 quidem
1353 1819 1392 1842 eo
1414 1811 1471 1842 loci
1486 1811 1664 1842 Ccdrenum
1695 1809 1734 1838 de

103 1861 288 1899 Struniitza,
308 1862 348 1893 de
366 1871 429 1902 qua
452 1871 511 1894 nos
542 1863 717 1903 loquimur,
741 1872 924 1895 sermonem
943 1862 1074 1899 habere,
1105 1867 1303 1902 compertum
1317 1872 1355 1894 ex
1371 1872 1409 1893 eo
1429 1866 1476 1893 νει
1505 1862 1592 1902 quod
1621 1860 1734 1891 Basilii

104 1913 308 1953 imperatoris
325 1914 388 1946 iter
401 1914 506 1946 Serrt's
519 1916 635 1955 Scopia
659 1917 727 1947 sive
742 1916 862 1955 Scupos
879 1915 1081 1952 de5cribens,
1098 1915 1248 1946 eumdem
1267 1912 1380 1944 referat
1400 1914 1602 1952 Strumpitzte
1617 1921 1735 1951 appro-

105 1965 283 2006 pinquasse
297 1976 305 1996 :
319 1975 384 2005 quo
404 1966 495 1998 illum
512 1968 712 2006 Strumpitzze
726 1968 822 1998 situm
842 1967 1000 2006 designat,
1021 1975 1118 2006 quem
1132 1974 1191 1997 nos
1205 1966 1383 1996 Strumitza:
1398 1963 1630 1996 constituimus
1646 1964 1735 1995 Nice-

106 2017 197 2056 phori
227 2018 376 2058 Gregorte
394 2018 499 2049 verbis
518 2019 634 2050 innixi.
661 2019 721 2049 Alii
741 2019 864 2050 minore
879 2018 984 2050 adhuc
1003 2018 1188 2048 diversitate
1203 2017 1346 2048 eamdem
1362 2016 1586 2047 Strum-nilzam
1604 2023 1734 2046 nuncu-

105 2072 192 2108 pant,
224 2072 259 2099 ut
285 2069 422 2100 Ananias
457 2069 602 2108 ejusdem
632 2069 816 2108 episcopus,
834 2069 890 2108 qui
914 2076 999 2099 anno
1021 2069 1097 2099 1565
1115 2068 1241 2107 synodo
1259 2065 1536 2104 Constantinopoli
1567 2065 1734 2096 celebratio

107 2120 180 2158 (qua
197 2120 324 2159 synodo
343 2120 487 2160 dejectus
503 2121 544 2151 ob
559 2120 706 2151 simoniw
721 2120 842 2151 crimen
860 2128 877 2150 e
897 2120 1013 2150 throno
1040 2118 1250 2158 patriarchico
1267 2120 1315 2148 est
1330 2116 1510 2156 Joasaphus
1536 2116 1627 2147 illius
1646 2116 1734 2147 urbis

106 2170 380 2210 archiepiscopus)
395 2171 588 2211 subscripsit
612 2171 661 2202 his
681 2171 786 2202 verbis
803 2180 809 2201 :
830 2171 897 2210 Ego
917 2170 1046 2203 humilia
1060 2170 1227 2209 episcopus
1241 2169 1443 2199 Strumm‘lzw
1461 2167 1601 2198 Ananias
1629 2167 1734 2198 volens

105 2227 168 2250 meo
191 2220 325 2251 consilio
340 2213 528 2261 subscripsi,
548 2225 582 2253 ut
597 2221 811 2253 ecclesiastica
824 2230 883 2252 seu
895 2221 1101 2260 patriarchica
1120 2219 1215 2251 refert
1226 2219 1358 2251 historia
1375 2219 1593 2251 Emmanuelis
1605 2219 1733 2255 Malaxi,

108 2271 355 2309 Peloponnesii;
372 2281 468 2311 quam
485 2273 642 2303 Martinus
668 2272 815 2309 Crusius,
831 2273 1012 2303 Academia)
1028 2271 1246 2311 Tubingensis
1264 2271 1435 2311 professor,
1455 2271 1563 2302 Latine
1581 2271 1733 2306 reddidit,

107 2322 274 2361 cdiditque
304 2323 358 2353 lib.
385 2332 407 2353 η
431 2323 692 2354 Τατσο-σνιεείίε.
724 2323 769 2353 Ex
786 2330 849 2363 quo

992 2322 1106 2362 tuitur,
1139 2322 1343 2353 Strumitzaln
1371 2321 1636 2358 nedumsmculo,
1668 2330 1732 2360 quo

108 2372 232 2403 vivebat
248 2372 498 2412 Thophylactus,
517 2373 700 2408 undecimo,
717 2373 772 2402 sed
788 2373 883 2403 etiam
900 2372 1028 2404 decimo
1043 2377 1135 2403 sexto
1151 2371 1325 2412 episcopali
1340 2372 1417 2403 sede
1446 2376 1588 2403 ornatam
1615 2373 1731 2404 fuisse.

108 2424 218 2455 Sedem
236 2424 314 2454 hanc
329 2423 527 2454 etiamnunc
550 2423 704 2462 temporis
719 2432 904 2463 superesse,
919 2424 984 2455 imo
996 2428 1026 2455 et
1047 2423 1279 2462 metropolitica
1295 2423 1450 2462 dignitate
1474 2421 1577 2454 fuisse
1595 2427 1732 2459 auctam,

109 2480 240 2508 testatus
271 2476 350 2507 mihi
376 2480 423 2508 est
439 2477 575 2508 Jacobus
600 2476 734 2514 Nicolai,
750 2476 1017 2508 hicromonachus
1036 2475 1227 2515 Olympiam,
1257 2481 1316 2505 seu
1335 2483 1372 2505 ex
1391 2475 1586 2505 monasterio
1615 2476 1734 2506 montis

110 2529 250 2569 Olympi,
271 2535 368 2568 quem
392 2528 502 2568 paucis
518 2532 590 2560 ante
605 2529 733 2565 diebus,
753 2537 848 2568 quam
866 2529 933 2560 htec
958 2529 1043 2569 typis
1069 2527 1308 2563 mandarentur,
1327 2526 1365 2557 ad
1383 2526 1462 2558 hanc
1479 2527 1588 2558 urbem
1615 2530 1732 2568 appul-

109 2587 190 2615 sum,
207 2583 242 2610 ut
258 2578 377 2610 deinde
395 2579 428 2610 in
443 2578 708 2618 Transylvaniam
742 2583 900 2618 pergeret,
914 2571 1089 2611 sacerdotis
1119 2585 1252 2608 munere
1271 2578 1356 2617 apud
1372 2585 1440 2608 sure
1453 2578 1558 2617 gentis
1585 2578 1733 2610 homines

110 2630 228 2661 ibidem
242 2629 425 2667 funt-turus,
441 2630 541 2660 semel
558 2633 588 2661 et
605 2630 722 2660 iterum
738 2629 901 2660 allocutus
925 2637 1010 2661 sum.
1042 2629 1102 2660 Hic
1118 2637 1168 2660 me
1185 2629 1217 2660 in
1245 2627 1357 2668 primis
1373 2627 1542 2658 certiorem
1559 2627 1646 2664 fecit,
1666 2628 1732 2660 fere

111 2681 269 2720 integrum
292 2689 434 2712 mensem
460 2689 493 2712 se
507 2681 685 2712 Strumitza:
700 2684 855 2712 moratum
870 2690 953 2712 esse.
970 2682 1051 2711 Tum
1066 2680 1142 2711 mihi
1160 2680 1199 2711 de
1218 2679 1403 2720 quindecim
1425 2680 1511 2710 hisce
1539 2680 1733 2719 martyribus

111 2731 283 2762 sciscitanti
301 2731 480 2770 respondit,
499 2738 562 2762 non
576 2732 670 2762 modo
688 2731 818 2763 illorum
849 2730 1035 2762 memoriam
1051 2740 1086 2762 ea
1105 2731 1137 2762 in
1157 2732 1234 2762 urbe
1252 2730 1359 2770 vigere
1377 2741 1385 2766 ;
1400 2729 1456 2761 sed
1475 2730 1569 2761 etiam
1592 2738 1608 2761 a
1629 2739 1734 2762 sacer-

112 2782 236 2812 dotibus
252 2789 291 2813 eo
308 2781 369 2812 loci
393 2781 630 2813 celebrantibus
647 2781 985 2812 commemorationem
1002 2781 1148 2821 quotidie
1162 2780 1228 2812 ﬁeri
1247 2791 1254 2810 :
1269 2779 1442 2820 quotannis
1459 2787 1535 2810 vero
1554 2780 1733 2812 solemnem

112 2832 260 2863 celebrari
277 2830 465 2864 earumdem
493 2835 666 2872 martyrum
698 2831 903 2863 festivitatem
929 2843 935 2861 :
960 2833 1038 2872 quin
1062 2835 1092 2864 et
1119 2831 1280 2871 peculiare
1297 2831 1434 2862 cilicium
1458 2835 1488 2862 et
1510 2831 1664 2863 lectiones
1693 2833 1732 2862 de

114 2881 252 2922 ipsorum
272 2885 424 2924 martyrio
445 2884 554 2916 haberi
574 2896 580 2915 ε
601 2894 702 2924 cuque
715 2885 820 2915 omnia
839 2884 996 2915 contineri
1013 2884 1167 2924 peculiari
1185 2884 1323 2924 quodam
1345 2883 1454 2914 libello
1484 2883 1642 2923 impresso
1670 2885 1733 2914 Bo-
