1880 3055
149 140 204 172 ’.39
673 140 867 171 BONIFACII
882 142 891 170 ]

1063 142 1257 172 ΡΒᾸΞΡΑΤΙΟ
1746 141 1805 172 440

128 186 135 191 “
151 195 286 234 sc0poli,
306 195 366 233 vel,
378 199 411 226 nt
425 194 638 226 communiter
656 196 864 234 pronuntiant
877 197 1183 236 Graeci,VoscOpoli,
1198 196 1480 236 ianacedoniaﬁn
1497 205 1559 236 qua
1575 196 1654 228 urbe
1672 195 1804 235 paucis

151 246 267 278 abhinc
280 247 373 278 annis
392 247 534 277 instituta
546 247 822 290 esttypographia.
838 247 955 279 Notitia
971 247 1047 285 haec,
1064 256 1158 287 quam
1172 247 1250 278 milii
1266 247 1323 278 diu
1338 247 1748 288 multumqueinquirenti
1760 254 1803 276 ex

154 297 213 328 hoc
225 307 290 328 uno
306 306 396 328 sacro
410 297 564 328 monacho
579 297 708 328 haurire
726 298 829 335 licuit,
846 297 974 337 egregie
991 298 1156 329 conﬁrmat
1169 298 1321 333 historize,
1339 307 1411 337 qum
1426 298 1455 328 in
1473 298 1530 328 hac
1546 296 1802 337 Theophylacti

151 348 296 379 oratione
318 348 526 385 describitur,
557 349 721 380 veritatem
741 360 749 379 :
781 349 954 388 priesertim
978 357 1050 380 cum
1068 349 1188 398 omnia,
1212 357 1285 389 qum
1305 349 1373 387 ipse
1390 348 1540 380 referrem
1559 357 1598 379 ex
1628 348 1803 387 praedicta

153 399 309 433 oratione,
323 398 378 430 ille
393 407 427 430 se
446 399 566 439 legisse
579 399 742 431 alﬁrmarit
760 401 792 431 in
812 403 986 432 memorato
1010 397 1132 432 libello.
1154 400 1263 431 Solum
1277 399 1337 430 hoc
1353 408 1417 431 non
1430 400 1509 430 satis
1532 399 1694 429 memoria
1739 397 1803 429 ille

153 448 289 486 tenebat,
303 457 342 480 an
358 454 512 489 martyres
531 450 581 481 illi
605 450 667 482 sub
679 451 810 482 Juliano
835 452 984 490 Aposlata
1008 450 1195 490 martyrium
1212 450 1353 481 subiisse
1370 458 1409 481 eo
1426 450 1460 481 in
1477 449 1589 481 libello
1617 450 1802 480 dicantur.

150 501 188 531 Et
211 500 277 532 hinc
292 501 429 539 deloco,
450 502 504 533 ubi
525 503 609 540 passi
633 507 708 534 sunt
725 507 892 542 martyres,
908 503 1045 543 ejusque
1060 503 1228 534 occasione
1244 503 1309 533 sint
1327 503 1410 534 dicta

190 551 279 582 XXI.
311 552 452 591 Tempus
482 560 558 583 vero
584 561 648 592 qno
664 553 694 584 id
721 553 854 593 contigit
870 554 997 585 deﬁniri
1016 553 1109 584 facile
1125 557 1240 593 potest.
1265 554 1342 584 Nam
1372 561 1411 584 ex
1435 552 1610 592 epigraphe
1644 553 1803 592 ipsaque

151 602 297 633 oratione
316 602 496 640 innotescitI
517 611 573 634 eos
589 604 764 644 imperante
779 605 909 636 Juliano
934 606 1084 644 Apostata
1111 605 1302 644 sanguinem
1332 611 1389 643 pro
1406 603 1531 635 Christo
1546 603 1687 634 fudisse.
1712 603 1802 633 Cum

151 655 260 682 autem
274 652 418 691 perbrevi
433 657 577 693 tempore
604 655 786 685 moderatus
804 655 859 686 ille
874 655 1046 695 imperium
1073 655 1296 696 sit(nimirum
1325 663 1342 684 a
1365 662 1476 685 mense
1499 653 1674 685 Novembri
1712 653 1805 683 anni

151 704 207 734 361
228 704 265 734 ad
282 705 368 735 diem
393 714 497 745 usque
512 707 552 737 26
568 707 656 738 Junii
673 707 748 738 anui
765 707 849 747 363),
882 707 1089 747 perspicuum
1105 711 1165 744 est,
1188 715 1247 738 nos
1267 706 1300 738 in
1318 706 1503 737 deﬁniendo
1530 705 1675 745 martyrii
1706 708 1802 734 tem-

155 763 229 793 pore
250 755 301 786 vix
317 763 412 795 posse
432 765 516 788 anno
539 758 664 796 integro
684 767 699 789 a
716 766 791 789 vero
811 758 970 789 aberrare.
986 759 1032 789 Ex
1048 757 1181 789 historia
1204 758 1368 797 siquidem
1394 756 1610 788 ecclesiastica
1642 758 1800 787 constat!

152 814 226 835 eum
243 805 408 845 aliquanto
423 812 493 846 post
511 807 626 839 initum
644 809 816 848 imperium
833 808 1091 848 persecutionem
1112 809 1282 840 inchoasse
1301 812 1410 840 contra
1432 806 1630 837 Christianos
1648 816 1656 842 ;
1691 809 1803 844 atque

152 857 184 886 in
202 856 262 887 h0c
277 857 348 896 ipso
365 859 523 898 opusculo
536 860 685 899 legimus,
700 865 866 900 martyres,
899 861 938 892 de
958 861 1077 900 quibus
1101 861 1152 892 hic
1173 868 1291 896 sermo,
1329 863 1398 899 post
1413 858 1521 898 fugam
1541 857 1679 897 primum
1716 856 1803 896 qui-

153 906 225 937 dem
254 917 293 938 ex
309 909 394 945 ,urbe
407 911 538 948 ,Nicma,
555 912 673 942 deinde
701 921 739 942 ex
764 910 1004 948 Thessalonica,
1022 911 1212 952 aliquandiu
1232 914 1446 942 commoratos
1464 918 1536 941 esse
1568 907 1800 946 Tiberiopoli,

153 956 289 997 cjiiSque
303 959 399 996 cives,
419 964 449 990 et
463 961 670 992 ﬁnitimorum
697 961 841 992 locorum
867 961 989 993 incolas
1005 970 1068 1001 qua
1087 962 1323 1001 praedicatione,
1336 970 1399 1001 qua
1413 960 1578 992 miraculis
1599 959 1637 990 ad
1663 958 1798 990 Christi

154 1005 247 1038 (idem
275 1009 465 1047 perduxisse
486 1019 493 1040 :
524 1011 557 1041 in
578 1019 644 1051 quo
669 1011 822 1052 temporis
847 1012 987 1050 spatium
1005 1011 1136 1052 aliquod
1155 1011 1302 1051 illudque
1315 1020 1379 1042 non
1392 1011 1472 1042 adeo
1489 1011 1645 1050 exiguum
1663 1010 1801 1040 insum-

155 1061 243 1096 ptum
259 1067 331 1090 esse
345 1064 481 1099 oportet.
500 1061 583 1092 Hinc
601 1070 677 1093 vero
703 1071 816 1102 magna
833 1062 1056 1102 probabilitate
1080 1063 1264 1100 deducitur,
1290 1063 1401 1103 paucis
1424 1066 1497 1093 ante
1512 1061 1634 1093 Juliani
1656 1061 1798 1091 obitum

154 1108 332 1147 mensibus,
349 1110 494 1151 adeoque
511 1111 594 1143 circa
609 1112 685 1143 anni
699 1113 756 1144 363
785 1113 927 1150 initium,
950 1117 1004 1144 aut
1020 1117 1105 1145 certe
1125 1113 1187 1144 sub
1208 1114 1302 1145 ﬁnem
1319 1113 1396 1144 anni
1426 1113 1494 1150 362,
1509 1121 1565 1144 eos
1593 1111 1797 1151 martyrium

152 1161 306 1194 subiisse.
327 1164 437 1203 Neque
451 1164 509 1195 hac
534 1165 573 1196 de
589 1174 624 1197 re
642 1166 735 1206 plura
759 1177 767 1198 :
796 1167 1019 1198 tantummodo
1043 1167 1363 1199 animadvertendum
1384 1165 1529 1206 martyrii
1546 1165 1631 1196 diem
1659 1165 1694 1195 in
1733 1163 1800 1194 hoc

153 1212 224 1251 ipso
240 1214 398 1252 opusculo
415 1215 489 1254 poni
507 1216 569 1248 sub
584 1216 637 1248 die
653 1217 694 1248 28
707 1218 910 1250 Novembris.

193 1266 297 1297 XXII.
317 1267 513 1307 Diligentius
534 1268 763 1309 inquirendum
791 1271 917 1303 videtur
934 1274 1059 1311 tempus
1077 1275 1106 1302 et
1118 1271 1208 1302 locus
1224 1279 1290 1310 quo
1308 1270 1423 1301 horum
1440 1272 1616 1308 martyrum
1651 1275 1798 1307 corpom

152 1316 288 1347 solemni
306 1325 422 1357 pompa
435 1318 582 1350 translata
599 1318 703 1351 fuere.
717 1321 756 1351 At
772 1329 867 1353 nemo
887 1325 991 1354 tamen
1013 1321 1064 1352 hic
1080 1329 1200 1352 annum
1218 1320 1316 1361 hujus
1339 1318 1557 1350 translationis
1574 1318 1750 1357 proprium
1779 1325 1798 1347 α

153 1366 246 1397 nobis
266 1368 406 1406 postulet
428 1368 613 1408 designari:
632 1370 662 1401 id
681 1371 768 1401 enim
784 1371 849 1402 ﬁeri
875 1372 1060 1403 nullatenus
1074 1376 1188 1410 potest,
1207 1381 1279 1403 cum
1297 1370 1413 1402 nullibi
1436 1370 1606 1400 adnotatas
1623 1371 1794 1399 occurrat.

153 1418 258 1454 Quare
272 1421 415 1456 tempora
430 1418 625 1457 prorimiora
648 1423 812 1459 utcunque
829 1420 970 1452 indicare
987 1420 1135 1452 sufﬁciet.
1147 1421 1179 1450 Id
1198 1429 1273 1452 vero
1287 1420 1404 1459 pendet
1420 1426 1436 1448 a
1457 1422 1601 1456 tempore
1629 1426 1697 1457 quo
1714 1416 1798 1447 Bul-

155 1466 258 1504 garica
275 1475 355 1505 gens
387 1466 532 1505 amplexa
562 1471 610 1498 est
639 1468 754 1499 Christi
773 1469 900 1500 Domini
930 1470 1022 1501 ﬁdem
1041 1481 1048 1501 :
1067 1478 1138 1501 nam
1154 1469 1216 1501 sub
1241 1470 1344 1509 primo
1371 1468 1582 1508 Bulgarorum
1603 1476 1679 1507 rege
1698 1467 1798 1498 Chri-

156 1517 262 1548 stiano
280 1517 521 1550 translationem
537 1519 625 1551 illam
637 1520 739 1553 fuisse
757 1525 927 1562 peractam,
943 1522 1070 1554 diserta
1085 1522 1241 1554 asseritnr
1268 1521 1302 1553 iu
1325 1521 1384 1552 lioc
1417 1528 1579 1551 sermone.
1603 1520 1674 1557 Qua
1694 1520 1739 1552 de
1758 1530 1812 1554 re,

158 1568 314 1612 nonnulla
331 1568 474 1601 diximus
493 1570 525 1601 in
543 1571 646 1609 Notis,
664 1581 745 1612 quas
761 1573 792 1604 in
811 1572 963 1605 inferiore
985 1573 1082 1614 hujus
1098 1573 1254 1605 orationis
1280 1572 1434 1613 margine,
1456 1579 1492 1602 ac
1518 1571 1693 1610 praesertim
1717 1580 1793 1612 pag.

156 1621 450 1660 531apposuimus.
475 1623 586 1662 Neque
608 1633 691 1663 opus
711 1632 784 1656 esse
802 1624 950 1663 arbitror,
966 1633 1035 1656 eam
1061 1634 1126 1656 rem
1156 1625 1261 1656 fusius
1279 1624 1331 1655 ltic
1360 1624 1511 1663 persequi
1527 1626 1582 1655 aut
1605 1625 1796 1655 accuratius

159 1669 352 1710 investigare
370 1681 379 1706 ;
395 1679 466 1701 cum
488 1673 660 1711 scriptores
673 1681 786 1704 omnes
802 1673 859 1713 qui
876 1673 956 1705 banc
982 1675 1125 1706 historiae
1146 1674 1374 1705 ecclesiastica:
1395 1680 1514 1713 partem
1533 1673 1681 1713 attigere,
1711 1683 1795 1705 con-

159 1722 341 1752 versionem
360 1721 573 1761 Bulgarorum
603 1731 689 1755 nono
710 1723 828 1755 saaculo
846 1725 1003 1756 accidisse
1025 1725 1229 1757 consentiant
1250 1735 1259 1762 ;
1288 1725 1459 1765 solumque
1477 1724 1593 1764 viginti
1626 1733 1793 1756 annorum

158 1774 263 1812 spatio
275 1774 373 1806 citius
385 1775 454 1813 alii,
471 1776 527 1807 alii
544 1776 650 1807 serius
669 1781 837 1809 autumant
853 1779 1016 1810 evenisse.
1032 1779 1110 1809 Nam
1126 1779 1298 1818 scriptores
1314 1777 1414 1809 Graeci
1429 1785 1498 1808 eam
1518 1777 1584 1808 fere
1611 1777 1649 1807 ad
1666 1785 1792 1808 annum

159 1824 462 1864 octingentesimum
481 1826 762 1867 quadragesimum
778 1832 905 1859 sextum
923 1836 1073 1860 revocare
1090 1828 1252 1860 videntur.
1268 1827 1458 1859 Anastasius
1474 1835 1550 1858 vero
1577 1826 1796 1858 Bibliotheca-

161 1876 229 1908 rius
252 1877 285 1908 in
314 1879 386 1909 Vita
416 1878 534 1910 Nicolai
562 1880 574 1910 1
614 1888 649 1910 ea
668 1880 773 1918 tradit,
800 1881 972 1921 exquibus
995 1881 1148 1922 colligere
1165 1889 1304 1921 pronum
1320 1884 1380 1919 est,
1397 1881 1560 1912 nationem
1586 1879 1792 1919 Bulgaricam

159 1928 348 1961 Christiana;
363 1930 511 1971 religioni
527 1940 643 1963 nomen
660 1941 725 1964 non
745 1933 872 1964 dedisse
888 1937 961 1965 ante
975 1942 1096 1965 annum
1112 1933 1257 1973 ejusdem
1270 1932 1379 1964 seaculi
1393 1932 1630 1972 sexagesimum
1648 1936 1791 1961 sextum.

160 1979 194 2010 ln
211 1988 250 2011 eo
269 1981 365 2012 etiam
385 1990 496 2013 omnes
512 1982 579 2013 fere
597 1981 817 2019 consentiunt,
850 1983 937 2023 quod
966 1992 1020 2014 rex
1047 1983 1256 2023 Bulgarorum
1276 1982 1398 2021 primus
1414 1980 1603 2013 Christianae
1621 2008 1623 2011 .
1639 1979 1792 2018 religioni

161 2032 306 2065 addictus
322 2038 394 2065 ante
408 2034 603 2074 baptismum
635 2035 769 2075 Bogoris
795 2035 1070 2076 (Theophylactus
1100 2036 1134 2066 in
1162 2035 1220 2066 hac
1236 2034 1379 2065 oratione
1391 2033 1532 2063 Borisim
1554 2031 1678 2066 scribit,
1714 2037 1792 2060 voce

162 2085 329 2122 paululum
356 2086 547 2126 immutata),
565 2087 769 2126 postmodum
792 2095 868 2118 vero
896 2086 1033 2118 Michael
1056 2085 1156 2118 fuerit
1184 2085 1375 2126 appellatus.
1399 2084 1459 2116 Sed
1491 2091 1620 2114 rursum
1651 2082 1673 2112 ii
1700 2080 1792 2112 valde

160 2134 342 2174 discrepant
359 2136 391 2166 in
411 2136 604 2176 assignanda
620 2145 728 2172 causa,
745 2145 807 2176 qua
833 2138 986 2169 inductus
1008 2137 1061 2168 ille
1083 2136 1180 2168 fuerit
1195 2136 1232 2167 ad
1247 2135 1458 2167 Christianam
1472 2135 1563 2165 ﬁdem
1593 2131 1794 2171 amplecten-

161 2184 244 2213 dam.
262 2183 327 2214 Alii
349 2184 434 2215 enim
463 2185 584 2215 sororis
609 2194 676 2216 suae
700 2186 989 2223 adhortationibus,
1009 2195 1081 2226 qum
1095 2186 1171 2217 dum
1191 2184 1470 2227 Constantinopoli
1484 2187 1674 2218 moraretur,
1701 2181 1793 2213 Cbri-

162 2234 276 2265 stianis
293 2239 360 2266 erat
375 2235 497 2267 imbuta
514 2237 689 2276 mysteriis,
708 2241 887 2276 permotum
908 2238 1010 2269 fuisse
1030 2239 1158 2269 tradunt
1174 2246 1183 2274 ;
1199 2237 1252 2268 alii
1269 2237 1427 2268 bellorum
1443 2236 1603 2275 famisque
1626 2234 1809 2277 calamita-l

162 2288 248 2320 tibus
268 2288 446 2328 impulsum
465 2300 472 2319 :
496 2288 552 2320 alii
572 2289 680 2320 vivida
708 2289 890 2320 futurOrum
917 2290 1117 2321 cruciatuum
1141 2288 1293 2328 imagine,
1313 2295 1409 2328 quam
1428 2287 1577 2318 hauserat
1599 2293 1638 2316 ex
1669 2282 1792 2322 insigni

164 2341 297 2380 pictura,
326 2340 511 2380 perculsum
549 2340 707 2371 divinitus
723 2339 838 2370 infusa)
868 2340 931 2371 luci
954 2339 1065 2371 oculos
1082 2338 1262 2378 aperuisse,
1280 2341 1418 2368 narrant.
1437 2336 1499 2368 Sed
1520 2336 1586 2377 htgc
1617 2335 1788 2366 enucleare

163 2395 269 2423 nostra
299 2400 363 2423 non
384 2384 530 2423 interest.
560 2391 642 2422 Satis
663 2390 741 2421 mihi
759 2394 818 2427 est,
837 2391 998 2430 Bogorim,
1019 2391 1087 2421 sive
1103 2389 1241 2420 Borisim
1262 2395 1489 2428 quamcunque
1502 2386 1632 2417 demum
1651 2385 1692 2416 ob
1718 2393 1792 2415 cau-

162 2452 241 2480 sam,
265 2447 296 2474 et
319 2443 387 2475 sive
408 2452 483 2480 una,
513 2443 582 2473 sive
610 2442 779 2481 multiplex
803 2441 913 2478 fuerit,
935 2441 1062 2473 nonnisi
1082 2441 1164 2472 circa
1183 2439 1356 2471 dimidium
1384 2437 1494 2468 smculi
1512 2435 1590 2467 noni
1617 2435 1788 2474 religionis

161 2494 354 2525 Christiana)
369 2493 532 2532 mysteriis
545 2492 647 2523 fuisse
668 2491 850 2522 initiatum:
874 2491 949 2522 inde
962 2492 1048 2523 enim
1068 2494 1269 2530 compertum
1283 2489 1421 2520 efﬁcitur
1447 2487 1715 2526 exploratumque
1737 2486 1789 2516 SS.

162 2553 351 2587 martyrum,
370 2545 409 2576 de
428 2545 548 2585 quibus
565 2553 650 2576 nunc
665 2553 770 2576 sermo
789 2547 849 2580 est,
872 2543 1113 2575 translationem
1137 2543 1251 2574 eodem
1275 2541 1450 2572 inclinante
1464 2539 1528 2579 jam
1552 2538 1670 2570 saeculo
1688 2537 1789 2568 conti-

162 2611 180 2637 ις
197 2607 249 2629 sse
279 2606 287 2635 ;
314 2597 461 2637 adeoque
485 2595 717 2636 Theophylacti
747 2598 871 2626 aatalem
896 2595 1024 2626 duobus
1048 2594 1175 2625 circiter
1198 2591 1325 2624 saeculis
1343 2590 1558 2631 praecessisse,
1576 2593 1612 2621 ut
1639 2588 1788 2628 superius

163 2652 344 2683 innuimus.

205 2703 320 2734 XXlll.
344 2702 463 2732 Verum
479 2708 544 2740 quo
560 2699 678 2730 clarius
698 2698 870 2730 innotescit
884 2702 1010 2737 tempus
1029 2697 1140 2728 saltem
1154 2696 1336 2736 proximum
1352 2693 1536 2725 istiusmodi
1556 2690 1788 2732 translationis.

165 2763 202 2786 eo
219 2753 312 2785 nobis
327 2739 497 2782 obscurior
512 2754 560 2781 est
576 2749 666 2781 locus
682 2749 719 2780 ad
742 2757 838 2789 quem
854 2747 958 2779 delata
973 2755 1061 2777 sacra
1081 2747 1214 2786 pignora
1236 2749 1322 2776 sunt.
1348 2745 1466 2775 Auctor
1481 2743 1614 2783 quidem
1635 2739 1788 2772 orationis

163 2805 250 2836 hunc
283 2811 507 2842 saepenumero
540 2806 628 2833 VOttat
652 2803 905 2839 Βραγαληνίτζανμ

1044 2799 1141 2829 ιὶιιαη
1166 2797 1227 2838 (vel
1250 2796 1276 2826 si
1309 2796 1324 2832 β
1353 2796 1581 2835 pronuntietur
1611 2791 1786 2824 recentium

165 2863 252 2886 more
270 2855 464 2891 Graecorum,
481 2851 729 2892 l'ragalinilzan)
765 2859 900 2891 eamque
918 2854 947 2882 et
964 2851 1052 2888 πόλιν,
1081 2848 1196 2885 urbem,
1213 2852 1241 2878 et
1263 2849 1408 2883 ἐπαρχίαν,
1424 2845 1634 2885 prorinrt‘am,
1655 2852 1714 2874 seu
1730 2850 1787 2872 me-
