1880 3055
32 172 73 204 ίει
459 169 499 199 ΙΝ
517 167 732 204 SEQUENTIA
749 166 1036 197 THEOPUYLACTI
1055 167 1225 198 SCRIPTA.
1601 166 1654 198 453

33 227 174 267 tropolim
193 234 369 265 nuncupat.
386 225 446 256 Sed
464 234 611 264 quaenam
628 216 736 264 etquo
751 233 819 255 ioco
833 225 932 264 posita
949 225 1002 260 sit,
1025 224 1072 254 vel
1089 225 1165 254 olim
1179 223 1276 254 fuerit
1288 223 1399 254 civitas
1417 224 1494 259 haec,
1510 225 1652 255 nondum

34 279 104 310 mihi
126 276 307 317 inquirenti
327 276 403 307 satis
416 276 567 314 detegere
584 275 687 312 licuit,
704 283 777 306 cum
798 284 904 314 neque
920 275 952 305 in
965 274 1186 313 geographicis
1201 274 1324 314 mappis
1340 274 1533 310 aduotatam,
1548 283 1654 314 neque

33 330 65 361 ab
79 329 142 360 alio
166 329 280 367 aliquo
295 331 424 359 auctare
441 331 646 358 memoratam
660 327 848 366 repererim.
866 328 943 358 Cuut
958 335 1031 357 vero
1047 335 1082 356 ex
1104 326 1213 356 indole
1231 326 1350 365 linguae
1365 325 1551 362 Slavonicaa,
1570 326 1653 356 haud

34 381 102 411 mihi
121 389 257 420 prorsus
273 381 400 420 ignotae,
411 383 506 418 atque
521 389 559 411 ex
569 379 734 410 similibus
745 388 817 419 quae
835 379 950 417 passim
963 382 1148 414 occurrunt,
1160 378 1253 408 etiam
1266 378 1348 416 apud
1367 377 1653 417 'l‘heophylactnm,

33 431 186 470 exemplis
211 434 410 470 compertum
427 431 589 467 haberem,
605 430 665 461 hoc
683 429 873 461 vocabulum
900 429 1077 468 Bulgarica.
1092 437 1164 468 qum
1180 429 1289 467 lingua
1310 429 1438 459 Slavicze
1456 437 1513 459 seu
1541 429 1653 459 Slavo-

35 481 106 511 nicas
121 481 283 512 dialectos
300 485 360 516 est,
383 481 612 512 terminatione
627 480 790 518 desinere,
807 480 886 511 illud
906 480 1011 510 statim
1039 480 1226 518 perquirere
1244 480 1334 518 coepi,
1369 484 1487 514 utrum.
1517 479 1653 510 detracta

35 534 138 564 saltem
158 534 391 565 terminatione
407 534 482 570 ἔτεα,
498 533 548 565 vel
564 533 663 570 nitza,
680 533 777 572 hujus
791 533 951 563 similisve
967 532 1106 563 nominis
1129 534 1204 562 urbs
1222 532 1252 562 in
1275 531 1420 570 Bulgaria
1436 536 1533 568 esset,
1552 532 1599 562 vel
1622 532 1653 562 in

34 586 87 615 alia
111 585 261 624 regione,
278 585 370 624 cujus
392 585 505 616 incola:
522 585 632 624 lingua
657 589 825 616 uterentur
842 585 1020 623 Bulgarica,
1043 584 1225 624 cujusmodi
1241 583 1301 614 fuit
1317 583 1547 622 Bragalinitza,
1565 587 1600 614 ut
1616 593 1653 614 ex

37 638 97 675 ipsa
118 635 268 666 oratione
285 639 418 667 constat.
443 637 559 666 Verum
584 644 646 667 non
664 636 758 666 aliam
775 635 886 666 urbem
910 635 1043 672 oil‘endi,
1059 643 1131 673 quas
1146 634 1252 674 aliqua
1274 634 1397 665 ratioue
1414 643 1486 665 cum
1510 634 1564 664 illa
1584 642 1643 664 con

36 694 142 724 gruere
174 685 352 722 videretur,
379 694 476 726 quam
503 685 641 725 Bargala
657 685 822 725 pertinens
842 685 880 716 ad
905 685 1122 716 Macedoniam
1143 685 1316 716 secundam
1343 684 1508 716 orientalis
1534 684 1655 724 lllyrici

39 741 147 775 [artem
166 745 173 766 :
206 745 279 768 nam
310 737 454 777 Bargalw
482 746 613 775 nomen,
639 738 726 777 quod
744 737 871 776 dempta
888 737 1114 768 terminatione
1134 738 1311 777 Bulgarica,
1327 741 1480 773 remanet,
1498 745 1570 767 cutn
1603 737 1656 768 illa

38 788 94 819 fere
109 791 300 827 consensit;
331 799 438 830 neque
455 799 470 821 a
486 791 684 830 Tiberiopoli
707 790 844 821 multum
861 791 975 821 abesse
991 790 1130 821 videtur.
1150 790 1307 827 Quocirca
1320 789 1474 820 credibile
1497 794 1556 826 est,
1573 789 1655 820 intra

40 841 187 879 Bulgarici
202 841 283 872 ﬁnes
301 843 428 880 imperii
449 851 517 874 eam
538 846 606 874 tum
631 843 807 879 exstitisse,
825 843 972 882 adeoque
988 846 1018 873 et
1041 842 1215 881 Bulgaricte
1234 842 1352 882 lingua),
1368 842 1399 871 in
1412 850 1454 880 _ea
1473 849 1566 872 usum
1582 845 1658 873 tunc

38 892 183 930 temporis
203 893 362 932 viguisse.

73 942 187 973 XXIV.
213 943 284 974 Huc
301 952 402 983 usque
419 944 623 983 scripseram,
641 953 714 975 cum
735 953 831 983 supra
851 943 999 975 laudatus
1015 944 1192 974 monachus
1208 943 1392 984 Olympiola
1409 943 1579 974 certiorem
1609 952 1658 974 nte

38 994 115 1032 fecit,
143 999 273 1027 exstare
301 997 476 1028 etiamnum
494 998 527 1028 in
547 999 687 1028 secunda
717 998 902 1028 Macedonia
923 997 1033 1028 urbem
1059 995 1319 1036 Bragult‘nitzam,
1337 1005 1408 1032 seu,
1431 1000 1463 1027 ut
1492 997 1562 1034 ipse
1583 996 1657 1026 eiic-

41 1045 128 1082 rebat,
147 1046 406 1086 Bragart'nt'tzam
430 1058 440 1082 :
474 1048 528 1078 sed
551 1057 568 1078 e
590 1057 700 1087 magna
719 1049 796 1079 urbe
825 1049 862 1079 ad
880 1048 948 1087 pagi
967 1046 1186 1077 conditionem
1217 1048 1385 1083 redactam,
1418 1046 1618 1086 habitarique
1641 1053 1657 1075 a

40 1098 154 1134 Turcis,
173 1099 287 1137 paucis
316 1100 466 1131 immistis
484 1100 695 1131 Christianis:
724 1100 845 1131 distare
877 1107 951 1130 vero
973 1107 990 1130 a
1006 1099 1176 1130 Strumitza
1192 1099 1337 1138 quinque
1353 1099 1479 1129 circiter
1508 1098 1658 1128 horarum

42 1146 144 1178 itinere
162 1158 170 1178 :
188 1156 225 1178 ac
240 1147 272 1178 in
294 1156 330 1179 ea
351 1156 414 1179 non
430 1148 536 1179 solum
554 1150 592 1179 de
610 1155 734 1188 peracta
750 1150 787 1179 ad
806 1149 905 1188 ipsam
922 1152 1104 1178 sanctorum
1122 1153 1296 1186 martyrum
1317 1147 1522 1178 translatione
1536 1156 1657 1178 metuo-

42 1199 109 1228 riam
131 1198 266 1238 vigere;
283 1199 340 1229 sed
359 1199 453 1230 etiam
473 1207 520 1236 se,
538 1208 610 1230 cum
627 1199 700 1230 illac
717 1198 874 1235 transiret,
894 1198 1032 1238 prOpriis
1053 1198 1172 1228 vidisse
1195 1198 1299 1228 oculis
1323 1197 1529 1229 fundamenta
1551 1197 1658 1237 templi

41 1251 116 1290 quod
135 1252 167 1282 in
183 1260 297 1283 eorum
313 1251 468 1283 honorem
488 1253 564 1283 olim
579 1255 778 1283 exstructum
805 1250 982 1281 dicebatur.
1003 1250 1095 1281 Plura
1114 1250 1153 1280 de
1173 1249 1259 1280 hisce
1275 1250 1396 1280 sanctis
1429 1250 1504 1280 mihi
1524 1251 1657 1283 dicenda

43 1313 96 1334 non
126 1307 319 1344 suppetunt.
349 1304 504 1335 Cmterum
523 1304 693 1335 clarissimi
715 1307 745 1334 et
768 1303 808 1333 de
837 1303 1014 1333 Christiana
1042 1301 1205 1340 republica
1234 1301 1354 1340 optitne
1382 1301 1485 1332 meriti
1514 1301 1658 1334 Bollaudi

43 1356 275 1386 ruutinuatores
300 1363 360 1387 suo
389 1361 532 1395 tempore
555 1360 650 1387 totam
671 1355 750 1386 hanc
765 1355 931 1386 historiam
959 1354 1212 1390 accuratissime,
1227 1362 1428 1393 summaque,
1450 1357 1484 1384 ut
1505 1353 1657 1389 assolent,

43 1407 228 1437 eruditionis
249 1406 279 1437 vi
294 1407 481 1444 discutient,
498 1408 721 1444 illustrabunt,
751 1406 938 1446 expedient.
956 1405 1088 1436 Interim
1114 1405 1196 1436 haud
1211 1405 1317 1436 inﬁma
1346 1405 1415 1436 laus
1434 1403 1531 1444 hujus
1547 1405 1660 1436 editio~

44 1456 86 1485 nis
99 1455 170 1490 erit,
189 1463 299 1486 ansam
322 1454 497 1493 praebuisse
517 1456 770 1495 praeclarissimis
800 1455 881 1486 viris
900 1455 1065 1493 negotium
1080 1454 1138 1485 hoc
1152 1455 1340 1494 perﬁciendi
1364 1464 1372 1483 :
1395 1458 1430 1485 ut
1456 1455 1559 1493 reipsa
1581 1464 1659 1494 prte-

44 1507 137 1538 bitura
154 1506 286 1538 videtur
308 1514 317 1543 ;
343 1506 606 1546 quandoquidem
623 1515 662 1537 ex
691 1505 758 1536 illis
779 1515 875 1542 unus,
894 1506 942 1536 vir
959 1507 1131 1546 omnigena
1158 1507 1344 1538 eruditione
1377 1508 1493 1542 clarus,
1518 1508 1658 1538 Joannes

44 1559 411 1604 Stiltingiusmhac
426 1559 465 1589 de
477 1567 509 1589 re
527 1568 584 1603 per
596 1558 718 1589 litteras
730 1557 797 1598 ipse
812 1557 977 1594 consului,
994 1558 1086 1588 solita
1101 1559 1296 1589 humanitate
1312 1559 1488 1598 respondit,
1505 1567 1536 1588 se
1549 1557 1659 1589 horum

45 1599 209 1650 irai-tyrant
225 1599 296 1640 acto
313 1599 377 1640 non
388 1610 516 1642 vidisse.
544 1601 546 1603 i

726 1685 865 1715 SECTIO
891 1685 959 1716 VII.

253 1751 296 1781 De
315 1750 511 1781 Allocutt‘ona
527 1748 567 1779 ad
584 1747 784 1780 Familiarem
804 1748 889 1779 circa
911 1758 944 1779 ea
965 1756 1096 1789 quorum
1118 1749 1304 1780 incusanmr
1321 1748 1440 1781 Latini.

80 1815 173 1845 XXV.
207 1814 369 1845 Alloculio
385 1813 460 1850 haec,
477 1822 572 1853 quam
590 1813 644 1844 alii
673 1813 851 1852 Epistolam
867 1814 908 1844 ad
923 1813 1089 1845 Nicolaum
1104 1813 1268 1845 diaconum
1285 1819 1313 1845 et
1330 1815 1532 1845 constrisimn
1549 1818 1661 1845 vorant

48 1864 81 1903 (η)
102 1870 175 1896 tunc
190 1865 287 1897 etiam
305 1865 442 1896 celebris
458 1869 536 1902 erat,
552 1873 624 1895 cum
641 1865 744 1896 adhuc
770 1865 802 1895 in
820 1866 1014 1904 quibusdam
1035 1866 1271 1905 insigniorihus
1306 1866 1510 1896 bibliothecis
1538 1867 1659 1898 inedita

50 1917 184 1950 latitaret.
203 1920 274 1950 Non
291 1918 385 1948 modo
401 1918 487 1948 enim
503 1917 544 1948 de
558 1926 593 1948 ea
610 1917 805 1948 mentionem
820 1917 961 1948 fecerant
974 1918 993 1947 ii
1009 1926 1124 1949 omnes
1135 1918 1191 1958 qui
1209 1919 1247 1948 de
1258 1918 1486 1957 TlteOphyIacti
1507 1920 1660 1958 operibus

48 1967 220 2000 disseruere
238 1979 245 2004 ;
265 1968 322 1999 sed
338 1968 445 2008 aliqua
463 1968 557 1999 etiam
575 1967 721 2008 ejusdem
742 1969 916 2006 fragmenta
931 1972 997 1998 tum
1010 1968 1042 1998 in
1059 1969 1138 1998 lure
1154 1968 1432 2005 Gnaeo-Romano,
1449 1969 1533 2008 quod
1554 1971 1661 2000 [.cun-

49 2020 157 2051 clavius
174 2021 328 2060 vulgavit,
344 2020 477 2056 inserta,
497 2025 564 2051 tum
581 2021 614 2051 in
630 2021 752 2051 Gracia
767 2020 954 2051 Orthodoza
970 2021 1009 2051 ab
1024 2021 1141 2051 Allatio
1153 2021 1249 2057 edita,
1266 2021 1359 2052 obvia
1376 2022 1525 2051 omnibus
1543 2026 1662 2060 persta-

49 2069 123 2100 bant.
139 2071 211 2101 Htec
229 2078 304 2101 vero
321 2071 362 2101 ita
383 2073 534 2101 acuerant
549 2069 750 2100 eruditorum
769 2069 905 2106 animas,
918 2073 951 2100 ut
974 2078 1180 2109 summopere
1198 2074 1396 2109 exoptarent,
1417 2079 1454 2101 ex
1473 2071 1542 2109 ipso
1569 2071 1658 2102 fonte

50 2122 198 2161 detegere,
229 2130 376 2162 quamam
402 2121 524 2153 auctori
552 2122 629 2152 satis
657 2125 796 2157 vetusto,
814 2121 1067 2160 doctissimoque
1086 2125 1116 2152 et
1141 2122 1258 2153 celebri
1287 2122 1529 2162 archiepiscopo
1566 2132 1656 2154 mens

52 2173 211 2204 insedisset
241 2173 346 2212 quoad
370 2181 406 2204 ea
424 2182 497 2211 quae
524 2173 662 2203 Graecam
692 2181 708 2202 a
729 2171 838 2203 Latina
855 2172 1028 2202 Ecclesiam
1052 2171 1185 2203 infando
1201 2172 1370 2204 schismate
1385 2174 1572 2212 diremptam
1595 2174 1660 2213 jam

50 2224 156 2256 dudum
173 2229 294 2256 tenent.
314 2225 438 2255 Primus
457 2225 564 2264 (quem
581 2225 733 2265 equidem
751 2224 908 2262 noverim)
925 2224 980 2264 qui
995 2224 1185 2263 justissimis
1203 2223 1474 2255 hislitteratorum
1495 2225 1659 2256 hominum

52 2277 121 2307 votis
147 2275 318 2316 explendis
336 2276 419 2307 serio
431 2276 581 2315 adjecerit
598 2275 754 2313 animum,
770 2275 831 2306 fuit
858 2275 1014 2306 editionis
1038 2276 1134 2316 hujus
1148 2275 1254 2307 fautor
1269 2276 1500 2314 amplissimus,
1527 2277 1565 2306 de
1595 2286 1661 2315 quo

55 2327 103 2364 iam
116 2328 258 2359 diximus
271 2336 380 2366 supra,
393 2328 517 2366 quique
542 2327 607 2366 jam
623 2326 662 2357 ab
679 2335 763 2357 anno
781 2327 858 2357 1753
871 2325 959 2357 dedit
971 2333 1113 2365 operam,
1135 2330 1169 2357 ut
1186 2335 1225 2356 ex
1250 2326 1357 2356 codice
1374 2326 1660 2357 Cmsareo-Viudo—

56 2377 173 2409 lionensi
190 2377 439 2414 exscriberetur,
458 2381 492 2407 ut
512 2377 589 2407 huic
604 2377 699 2407 tertio
713 2376 870 2407 volumini
888 2377 1030 2415 Operum
1056 2376 1300 2415 'l'heophylacti,
1318 2376 1404 2406 velut
1421 2384 1483 2405 non
1498 2376 1660 2406 mediocre

57 2428 140 2467 ipsius
155 2433 393 2464 ornamentum,
413 2429 620 2460 insereretur.
637 2428 824 2468 Insequenti
841 2437 926 2460 anno
943 2437 1011 2459 eam
1030 2429 1098 2468 ipse
1122 2428 1291 2459 Latinitate
1313 2427 1428 2458 donavi
1447 2437 1455 2456 ε
1475 2436 1514 2458 ex
1538 2436 1600 2466 qua
1619 2428 1658 2458 cl.

57 2482 162 2517 prmia:
192 2481 433 2512 Dissertationis
460 2484 571 2511 auctor
603 2480 773 2519 particulas
787 2480 912 2520 aliquas
937 2480 969 2510 in
994 2488 1059 2510 rem
1076 2488 1167 2510 suam
1184 2479 1356 2518 excerpsit.
1372 2479 1466 2515 Quod
1481 2487 1515 2509 ea
1536 2479 1567 2509 in
1602 2479 1660 2509 hac

56 2531 180 2564 editione
194 2532 313 2571 publici
327 2531 412 2571 juris
427 2531 575 2562 facienda
589 2536 687 2567 esset,
704 2532 859 2562 admoniti
878 2538 954 2563 sunt
971 2531 1088 2562 eruditi
1102 2539 1174 2561 cum
1195 2530 1228 2560 in
1247 2531 1479 2562 Dissertatione
1497 2531 1659 2570 praedicta,

57 2586 110 2614 tum
125 2586 216 2615 etiam
234 2585 266 2615 in
294 2584 512 2615 Declaratione
526 2585 774 2620 Graeco-Latina,
791 2593 863 2624 qua)
877 2584 973 2615 simul
991 2593 1062 2615 cum
1079 2590 1164 2614 tonio
1181 2583 1283 2622 primo
1303 2582 1417 2613 emissa
1433 2583 1465 2613 in
1484 2583 1586 2613 lucem
1614 2587 1661 2612 est

57 2643 126 2666 anno
156 2635 240 2666 1751a.
271 2635 332 2666 Sed
362 2643 434 2665 cum
452 2634 626 2665 voluminis
642 2635 740 2674 hujus
759 2635 928 2674 impressio
945 2635 985 2665 ob
1013 2643 1094 2667 eam,
1121 2642 1216 2673 quam
1243 2633 1503 2669 memoravimus,
1532 2641 1660 2663 causam

60 2686 168 2724 longius
185 2686 426 2726 produceretur,
452 2686 499 2716 vir
513 2685 719 2716 doctissimus
733 2686 874 2716 Joannes
890 2685 1043 2724 Aloysius
1057 2683 1290 2723 Mittgarellius,
1311 2683 1486 2713 canonicus
1504 2683 1661 2721 regularis

59 2738 82 2768 S.
97 2739 261 2778 Augustini
279 2737 538 2777 congregationis
554 2737 715 2768 lthenanzo
729 2761 736 2775 ,
755 2739 888 2768 fortasse
905 2741 938 2768 ut
953 2737 1119 2777 aliquanto
1147 2735 1303 2766 maturius
1319 2735 1520 2766 eruditorum
1549 2736 1661 2774 exple-

88 2880 118 2914 (ιι)
135 2881 197 2911 Vide
223 2882 450 2911 Dissertationem
470 2885 545 2910 torno
563 2881 571 2909 l
586 2881 735 2918 prec-ﬁxam,
752 2890 828 2911 num.
851 2882 918 2910 LIV.
