1880 3055
249 173 304 204 443
764 178 959 210 BJNIFACII
987 181 1140 211 FiNE'l‘l‘l
1172 183 1369 213 PREFATIU
1827 183 1866 214 Ui

250 236 298 262 ret
323 236 405 270 vola,
434 241 494 264 suo
529 233 759 267 Anecdotorum
779 238 954 274 Fasciculo,
984 247 1080 278 quem
1110 239 1210 269 edidit
1228 248 1279 270 an.
1314 241 1401 276 1756,
1437 240 1640 271 inserendam
1668 240 1864 271 existimavit.

247 283 340 319 Quod
363 283 493 322 quidem
519 286 642 316 tametsi
668 286 822 318 editionis
851 288 947 328 hujus
979 289 1160 320 fautoribus
1187 291 1280 329 paulo
1299 291 1512 330 injucundius
1539 290 1707 327 acciderit,
1726 299 1766 322 eo
1793 292 1865 330 qucl

215 371 218 374 _
248 332 365 363 exinde
389 337 578 373 prmreptum
601 337 628 366 ei
654 337 779 376 aliquid
806 338 909 369 laudis
936 339 1193 378 suspicarentur,
1227 341 1305 371 milii
1333 346 1438 371 tamen
1466 341 1732 380 percommodum
1758 340 1865 371 cessit:

245 382 292 412 sic
307 384 392 412 enim
410 383 628 421 collationem,
644 396 739 426 quam
757 397 828 418 cum
845 389 1041 420 Bononiensi
1063 394 1151 420 textu
1170 390 1276 421 facere
1296 391 1484 428 meditabar,
1507 400 1546 422 eo
1557 390 1622 430 jam
1646 390 1750 425 edito,
1780 390 1865 420 multo

245 432 370 464 facilius
387 436 522 474 exsequi
552 438 656 476 potui.
673 439 827 470 Caeterum
847 440 1072 479 Mitigarellins
1093 442 1202 472 Graeco
1226 441 1326 472 textui
1347 442 1488 472 Latinam
1518 441 1703 473 versionem
1734 440 1864 480 adjunxit

242 493 320 515 sane
335 491 513 518 accuratam
531 493 561 519 et
575 489 707 521 nitidam
731 503 738 521 :
756 499 851 531 quam
868 497 1046 531 propterea,
1071 498 1105 523 ut
1121 494 1153 524 in
1170 494 1250 524 hanc
1268 495 1445 531 editionem
1461 495 1666 529 asciscerem.
1683 494 1793 525 animo
1819 495 1864 526 diu

243 537 448 578 multumque
478 542 650 580 propendi.
678 543 738 574 Sed
757 545 883 575 tandem
903 544 946 574 nil
965 553 1036 575 esse
1049 549 1148 581 ratus,
1168 554 1225 576 cur
1249 546 1429 577 versionem
1449 554 1549 577 meam
1563 553 1602 576 eo
1614 545 1690 585 jure
1705 545 1862 584 privaren'i

241 590 330 629 quod
347 591 470 621 ratione
489 593 642 631 temporis
660 594 868 634 acquisierat.
887 600 916 625 et
933 600 1103 636 postquam
1123 597 1206 627 hami
1222 597 1376 628 mediocri
1399 597 1473 627 nisu
1489 599 1624 628 eluctata
1645 604 1685 626 ex
1702 593 1864 634 exemplati

241 643 327 670 essut
348 641 497 679 pluribus
517 643 556 673 de
575 644 681 674 causis
714 645 885 682 perarduo,
916 655 984 676 eam
1009 647 1178 677 innoxiam
1197 648 1340 678 tenebris
1363 650 1545 678 damnarent
1565 645 1747 685 perpetuis,
1778 645 1862 683 ipsam

242 689 292 720 llic
304 692 527 730 apponendam
546 695 672 725 censui.
692 696 847 726 Caeterum
867 705 938 727 cum
959 697 1174 728 Bononiensis
1194 698 1295 728 codex
1312 697 1423 728 codice
1455 696 1862 730 Cmsareo-Vindobonens‘,

241 742 296 780 qui
311 742 394 774 haud
410 743 450 774 ita
469 753 613 784 magnam
645 747 768 777 redolet
793 747 1030 787 antiquitatem,
1046 748 1123 779 mihi
1140 748 1316 788 aliquando
1331 749 1466 779 nitidior
1486 749 1574 779 visus
1589 749 1643 786 sit,
1657 749 1861 779 emendatior-

241 801 317 831 (ιιιθ,
350 793 439 825 illius
456 803 517 832 Ope
533 797 689 827 nonnulla
720 798 780 828 mei
808 798 1000 837 exemplaris
1023 800 1185 838 corrigere
1211 801 1322 830 menda
1336 800 1441 840 (prius
1456 800 1590 840 quidem
1607 799 1676 830 sola
1693 798 1861 838 conjectura

241 844 331 881 plura
349 844 570 884 sustuleram),
589 846 729 886 indeque
741 851 771 878 et
786 847 968 878 versionem
986 857 1088 880 meam
1100 849 1338 889 aliquantulum
1358 849 1507 888 perﬁcere
1527 850 1605 880 milii
1621 850 1738 880 licuit:
1757 852 1788 879 ut
1802 857 1860 887 prn-

241 893 315 924 inle
333 903 396 924 non
412 896 544 926 omnino
563 905 624 926 suo
644 897 798 928 exciderit
817 903 888 929 voto
911 899 1194 937 praestantissimus
1224 900 1461 939 Mingarellius,
1483 900 1541 940 qui
1555 909 1592 931 ea
1609 909 1672 938 prae
1691 899 1813 931 caeteris
1830 900 1859 928 al

239 946 451 984 evulgandam
472 947 709 979 Allocutioncm
742 949 823 980 hanc
843 950 966 981 ratione
1000 959 1033 982 so
1050 951 1220 982 inductum
1241 951 1342 982 fuisse
1360 956 1481 989 monet,
1495 958 1530 983 ut
1546 952 1772 992 Theophylacti
1793 953 1860 991 0pc-

237 1004 309 1026 rum
328 997 424 1027 editio
437 998 535 1036 magis
554 999 713 1038 magisque
733 1000 848 1039 perﬁci
860 1001 974 1038 possit.
998 1002 1036 1031 At
1050 1005 1080 1031 et
1095 1002 1238 1032 codicem
1266 1002 1517 1037 Bononiensem,
1538 1002 1665 1033 tametsi
1682 1002 1858 1040 plerumque

239 1049 484 1080 \‘indoborlensi
513 1051 709 1089 nitidiorem,
731 1052 873 1083 vicissim
897 1062 1002 1091 posse,
1034 1055 1100 1084 imo
1117 1058 1146 1085 et
1163 1055 1281 1086 debere
1296 1056 1326 1086 in
1340 1056 1503 1095 aliquibus
1518 1056 1636 1095 corrigi
1664 1059 1695 1086 et
1722 1055 1789 1094 ipse
1817 1063 1858 1084 co-

236 1099 307 1129 dice
327 1099 580 1137 \‘indobouensi,
599 1103 770 1140 perspiciet
800 1102 893 1133 facile
913 1103 1012 1134 lector
1033 1113 1069 1134 ex
1092 1104 1292 1135 variantibus
1308 1105 1515 1139 lectionibus.
1528 1113 1609 1144 quas
1624 1106 1662 1136 ad
1683 1104 1854 1143 paginarum

235 1149 353 1180 calcem
374 1151 517 1182 adtexui.
538 1153 575 1182 Et
592 1161 668 1183 sane
681 1153 851 1183 lectionem
866 1154 1153 1184 Vindobonensem
1171 1155 1202 1185 in
1216 1155 1412 1195 quibusdam
1429 1155 1671 1186 anteferendum
1687 1164 1759 1186 esse
1771 1155 1856 1185 Bono-

235 1201 356 1239 niensi,
377 1211 482 1239 mmo,
499 1207 532 1234 ut
546 1209 634 1241 puto,
661 1203 872 1241 inﬁciabitnr,
901 1206 956 1244 qui
975 1206 1230 1246 pauculas,quas
1246 1207 1436 1246 adjecimus,
1466 1213 1558 1237 nntas
1578 1209 1766 1246 expendere
1780 1205 1852 1236 velit.

235 1254 400 1285 Varianles
424 1263 557 1295 quoque
587 1256 754 1294 lectiones,
769 1266 840 1296 qum
856 1258 886 1288 in
905 1259 1091 1289 Chomateni
1117 1260 1275 1298 excerptis
1292 1259 1687 1296 occurrunt,addidimus,
1709 1267 1770 1289 non
1792 1258 1855 1297 qui-

234 1300 307 1335 dem
339 1314 465 1341 omnes,
481 1307 537 1337 sed
566 1316 619 1338 eas
636 1311 757 1338 tantum
778 1318 847 1348 quae
865 1309 999 1348 alicujus
1017 1317 1088 1340 esse
1116 1310 1269 1340 momenti
1291 1310 1366 1342 visre
1377 1314 1460 1340 sunt.
1479 1311 1540 1340 Sed
1564 1310 1630 1350 jam
1655 1311 1697 1340 de
1736 1309 1854 1349 ipsemet

234 1355 440 1387 Allocutione
458 1358 616 1388 nonnulla
636 1358 793 1389 dicamus.

274 1418 392 1449 XXVI.
418 1419 518 1449 Erunt
547 1419 680 1450 fortasse
706 1421 761 1459 qui
787 1420 868 1450 hanc
901 1420 1132 1460 Theophylacli
1158 1421 1294 1461 opellam
1325 1421 1455 1451 nonnisi
1482 1419 1585 1452 Pholii
1607 1420 1814 1452 sectatoribus
1829 1420 1852 1449 in

233 1476 296 1498 suo
316 1468 487 1499 schismate
506 1469 712 1500 obﬁrmandis
731 1470 807 1500 usui
832 1479 902 1500 esse
923 1478 1017 1509 posse
1033 1471 1236 1506 arbitrantes,
1259 1479 1327 1501 eam
1354 1479 1370 1502 a
1388 1471 1482 1501 nobis
1509 1470 1541 1502 in
1573 1470 1736 1509 publicam
1765 1468 1851 1500 eﬂ'erzi

233 1518 350 1556 lucem,
370 1529 452 1558 (egre
470 1519 594 1560 ferunt,~
608 1524 662 1550 aut
678 1521 789 1551 saltem
817 1522 1030 1553 demirentur.
1056 1522 1114 1552 Sed
1141 1528 1199 1552 nos
1225 1523 1264 1553 ab
1289 1530 1399 1552 eorum
1417 1522 1472 1561 qui
1490 1522 1532 1552 ita
1550 1521 1699 1552 sentiunt
1715 1520 1849 1558 Opinione

231 1570 312 1600 adeo
329 1571 436 1608 procul
454 1571 620 1609 absumus,
644 1577 675 1601 ut
693 1580 756 1602 non
776 1572 869 1602 modo
890 1572 1015 1603 nullum
1029 1572 1062 1602 in
1085 1581 1119 1603 ea
1137 1573 1259 1603 edenda
1290 1572 1470 1612 periculum
1489 1573 1624 1603 subesse
1649 1571 1848 1610 suspicemur.

230 1621 287 1651 sed
316 1620 453 1652 frui-tum
486 1622 580 1652 etiam
610 1622 827 1661 multiplicem
862 1623 979 1653 exinde
1010 1623 1102 1652 nobis
1133 1622 1347 1653 obventurnm
1373 1622 1570 1653 conﬁdamus
1594 1631 1602 1652 :
1630 1623 1643 1652 1
1667 1622 1805 1657 scilicet,
1826 1624 1850 1650 ul

233 1672 438 1710 integerrima
459 1673 490 1703 in
517 1673 709 1713 evulgandis
735 1673 966 1713 Tlieophj'lacti
992 1674 1154 1714 Operibus
1179 1674 1255 1704 ﬁdes
1281 1677 1387 1704 nostra
1412 1674 1564 1704 omnibus
1590 1673 1753 1713 explorata
1785 1673 1850 1702 liat:

179 1764 183 1768 .
231 1722 351 1752 deinde
371 1728 406 1753 ut
424 1723 523 1753 Latini
542 1724 683 1755 nominis
699 1724 808 1755 110stcs
835 1724 1042 1763 perspiciam,
1060 1725 1102 1755 ita
1119 1733 1177 1756 nos
1196 1724 1337 1764 aequitati
1363 1733 1468 1755 causae
1491 1728 1609 1754 nostras
1634 1723 1802 1758 conﬁdere,
1825 1726 1852 1751 ul

230 1782 303 1812 quae
329 1779 436 1806 contra
465 1775 646 1807 afferuntur
671 1783 858 1816 argumenta
887 1776 918 1807 in
952 1777 1094 1807 medium
1126 1776 1301 1815 producere
1331 1784 1395 1806 non
1422 1784 1592 1806 vereamur
1621 1783 1627 1805 :
1663 1774 1801 1813 denique
1825 1775 1851 1802 ut

231 1823 379 1855 Photiani
396 1826 449 1865 (ita
466 1834 521 1856 eos
541 1825 703 1865 appellare
721 1825 822 1862 Iubet,
847 1826 903 1865 qui
918 1836 958 1856 ex
975 1827 1091 1857 Grmcis
1108 1827 1271 1858 schismati
1292 1826 1468 1862 adhaerent,
1491 1831 1525 1856 ut
1552 1825 1592 1855 ab
1612 1825 1731 1865 inclyta
1756 1830 1849 1854 eorum

230 1875 370 1913 natione,
389 1884 484 1915 quam
498 1884 689 1916 ma5n0pere
707 1875 819 1916 diligo,
833 1879 876 1913 et,
894 1880 927 1906 ut
942 1876 1042 1912 decet,
1061 1876 1142 1911 colo,
1157 1876 1333 1916 secernam)
1351 1875 1526 1914 aliquando
1542 1875 1667 1905 discant
1682 1874 1803 1914 mquius
1819 1874 1848 1903 de

232 1925 338 1956 Latina
373 1925 516 1958 Ecclesia
543 1927 675 1964 sentire,
695 1927 887 1966 animosque
917 1926 1043 1965 cajiunt
1069 1926 1308 1957 moderatiores.
1323 1927 1417 1963 Quod
1447 1926 1490 1956 ita
1515 1925 1647 1965 quidem
1674 1929 1848 1956 eventurum

226 1977 366 2014 conﬁdo,
387 1978 412 2008 si
431 1978 542 2008 sedato
567 1978 753 2016 passionum
783 1981 875 2014 testu,
906 1986 942 2008 ac
968 1976 1166 2016 prtejudiciis
1192 1977 1355 2016 paulisper
1380 1977 1543 2016 sepositis.
1567 1977 1607 2007 ad
1634 1971 1847 2014 'l‘beoidiyladi

227 2029 340 2067 placita
370 2033 478 2068 (quem
507 2029 586 2060 alias
615 2029 732 2068 magni,
761 2037 819 2059 nec
846 2029 1019 2065 immerito,
1043 2027 1177 2067 faciunt)
1204 2028 1349 2059 animum
1380 2033 1589 2068 mentemque
1618 2037 1711 2058 suam
1737 2029 1848 2065 exigere

225 2080 338 2111 velint.
353 2081 420 2110 Hoc
439 2079 465 2110 si
490 2079 708 2119 prtestiterint,
726 2079 913 2110 fatebuntur
928 2088 1017 2116 sane,
1032 2088 1129 2118 neque
1145 2078 1185 2118 (a)
1203 2078 1317 2108 multos
1338 2087 1400 2108 esse
1415 2079 1601 2109 Latinorum
1613 2089 1748 2114 errores,
1765 2084 1843 2115 neque

225 2132 316 2167 tales,
339 2132 393 2170 qui
408 2131 449 2161 ad
471 2130 692 2162 discindendas
708 2130 871 2160 Ecclesias
890 2131 954 2160 sint
969 2130 1087 2166 idonei,
1105 2137 1271 2168 eorumque
1293 2129 1415 2159 nullum
1427 2130 1468 2159 ad
1484 2129 1558 2168 ﬁdei
1579 2136 1674 2169 caput
1689 2129 1843 2169 pertinrre.

226 2183 424 2214 Fatebuntur
440 2182 611 2220 ejusmodi,
624 2186 656 2211 ut
671 2182 732 2220 ipsi
747 2185 870 2219 l'mlant,
884 2189 1008 2211 errores
1023 2179 1104 2210 ultra
1122 2180 1277 2210 rationem
1287 2188 1415 2209 omnem
1427 2183 1456 2209 et
1470 2181 1602 2210 modum
1614 2178 1845 2220 afervidioribus

225 2232 420 2272 quibusdam
437 2231 684 2271 (blorthodoxiw
699 2231 890 2262 uiatoribus
905 2230 1109 2270 ampliﬁcari;
1134 2231 1329 2270 aliquosque
1349 2230 1481 2267 nullius,
1499 2231 1581 2261 alios
1610 2240 1686 2262 vero
1700 2229 1845 2260 mediocris

225 2283 450 2314 emendationis
482 2282 637 2321 indigere,
660 2283 700 2312 ita
718 2286 753 2312 ut
778 2291 842 2312 non
864 2283 969 2320 magni
992 2282 1118 2312 intersit
1143 2282 1301 2317 Erclcsiw,
1327 2282 1354 2312 εἰ
1380 2291 1414 2312 ea
1433 2283 1641 2322 perﬁciatur.
1666 2282 1845 2314 Fatcbnntur

223 2344 353 2367 omnem
371 2334 471 2366 ferme
486 2334 704 2364 dissensionis
721 2335 848 2365 Graecos
865 2334 950 2364 inter
963 2342 999 2364 ac
1016 2333 1143 2363 Latinos
1160 2342 1287 2364 causam
1306 2334 1514 2365 revocandam
1531 2343 1603 2365 esse
1619 2335 1657 2366 ad
1675 2333 1843 2374 particulam

223 2388 367 2428 Filioque
396 2387 549 2428 Symbolo
571 2387 725 2427 adjectum
749 2387 800 2426 (ιι),
826 2387 972 2426 adeoque
998 2394 1054 2415 nec
1074 2391 1208 2425 proptrr
1233 2395 1353 2424 azyma,
1380 2395 1478 2426 neque
1504 2391 1641 2425 propter
1662 2386 1781 2427 jejunio
1801 2382 1842 2421 (d‘.

222 2442 322 2472 multo
338 2450 412 2471 vero
430 2441 534 2471 minus
551 2445 685 2480 propter
702 2440 836 2480 reliquo,
855 2448 964 2479 pacem
981 2446 1050 2470 esse
1061 2447 1133 2470 cum
1154 2439 1265 2470 Latina
1280 2439 1419 2470 Ecclesia
1434 2439 1636 2470 turbandam.
1664 2439 1843 2470 Fatebun'ur

223 2493 336 2531 multa,
353 2501 427 2533 quin
447 2493 526 2532 ipsis
544 2502 667 2523 errores
683 2498 767 2530 sunt,
789 2501 891 2522 meras
926 2492 1168 2523 consuetudines
1183 2492 1221 2532 (ε)
1246 2500 1331 2528 esse,
1357 2491 1507 2530 quasdam
1530 2491 1655 2530 quidem
1679 2501 1718 2522 ex
1731 2490 1842 2529 pietate,

221 2547 301 2577 alias
318 2555 357 2577 ex
372 2545 507 2587 provida
519 2545 728 2585 dispositione
747 2545 957 2576 introductus.
979 2545 1179 2576 Fatebuntur
1204 2545 1358 2582 denique,
1385 2553 1424 2574 ex
1447 2544 1517 2574 solo
1533 2545 1702 2575 charitatis
1724 2543 1840 2582 defectu,

221 2598 392 2630 ambitione
403 2605 440 2628 ac
461 2596 612 2636 superbia
627 2596 677 2636 (Γ),
690 2605 728 2626 ex
747 2596 810 2626 zelo
827 2605 890 2626 non
906 2595 1074 2626 secundum
1089 2595 1264 2632 scientiam,
1281 2604 1319 2625 ex
1334 2602 1411 2625 cwco
1425 2596 1481 2630 sui
1494 2603 1599 2625 amore
1612 2595 1706 2635 (g)tot
1732 2590 1841 2629 conscii

256 2733 297 2769 (a)
314 2733 404 2761 Verba
420 2730 618 2769 Thcophylacti
632 2729 719 2758 Allor.
741 2738 816 2758 num.
834 2731 853 2763 1,
869 2738 930 2766 pag.
946 2729 1009 2758 5l3.
1061 2729 1131 2756 enim
1159 2727 1291 2769 agitante
1306 2727 1483 2769 suscipimus,
1504 2731 1596 2769 ctc’._;n
1611 2731 1669 2754 tum
1692 2733 1751 2769 quae.

257 2760 296 2802 ibi,
313 2760 395 2796 Num.
412 2768 444 2794 II.
499 2760 513 2802 ’γ
537 2760 545 2767 ’
847 2760 852 2763 ’
869 2760 876 2765 ’
903 2760 918 2766 ”
1065 2772 1143 2802 num.
1159 2760 1230 2802 ΧΠ.
1247 2763 1292 2802 ubi
1310 2760 1439 2802 graphice
1464 2763 1599 2802 describit
1618 2760 1835 2802 querittiidzittt_€_!

257 2771 294 2802 (bl
313 2771 395 2796 Nunt.
412 2771 444 2794 Il.

257 2805 292 2839 (τ)
310 2804 349 2831 11).
366 2809 393 2830 et
406 2810 481 2839 num.
495 2801 539 2830 lll.

1095 2772 1143 2790 im.
1161 2771 1230 2792 λη,
1247 2771 1292 2789 nui
1310 2771 1439 2797 grapnu:c
1464 2771 1599 2790 ucscrimt
1639 2771 1791 2789 unrutnuzlm
1810 2771 1835 2781 ιι

1100 2799 1122 2826 is
1135 2798 1307 2833 popularibus
1321 2798 1444 2833 ὑδερικὸν
1464 2798 1546 2833 ὁγκσν
1559 2816 1567 2831 ,
1581 2771 1751 2834 hydropirtmt
1767 2797 1837 2820 tum)-

256 2836 296 2874 (d)
313 2839 395 2865 Num.
413 2836 470 2864 XV.
1067 2843 1133 2874 rem.

259 2867 295 2909 ζεῖ
311 2874 383 2909 ΠΜ·
581 2907 587 2909 _
712 2907 717 2909 _
749 2907 754 2909 ν
901 2906 910 2909 _
960 2904 979 2909 υ
1067 2885 1078 2898 ι
1105 2869 1141 2904 ly‘
1160 2868 1241 2898 Num.
1256 2867 1292 2896 Xl
1309 2867 1335 2895 in
1350 2867 1413 2896 ﬁne.

259 2904 293 2941 ξι)
311 2908 368 2937 lluc
387 2911 514 2937 succlant
532 2907 614 2934 verba
634 2915 693 2936 (tum
712 2907 792 2934 habet
809 2915 885 2934 num.
901 2906 911 2934 ι
928 2915 934 2932 :
955 2904 1016 2932 Non
