  <div class='ocr_page' id='page_1' title='image "/cluster/home/n/w/nwhite01/storage/ocr_20150623/125/njp.32101010942736/375.png"; bbox 0 0 1880 3055; ppageno 0'>
   <div class='ocr_carea' id='block_1_1' title="bbox 230 164 1853 196">
    <p class='ocr_par' dir='ltr' id='par_1_1' title="bbox 230 164 1853 196">
     <span class='ocr_line' id='line_1_1' title="bbox 230 164 1853 196; baseline 0.001 -2"><span class='ocrx_word' id='word_1_1' title='bbox 230 167 281 196; x_wconf 70' lang='lat' dir='ltr'>lui?</span> <span class='ocrx_word' id='word_1_2' title='bbox 755 165 945 196; x_wconf 76' lang='lat' dir='ltr'>BONlFACll</span> <span class='ocrx_word' id='word_1_3' title='bbox 965 166 1121 196; x_wconf 79' lang='lat' dir='ltr'><strong>FINETTI</strong></span> <span class='ocrx_word' id='word_1_4' title='bbox 1143 165 1337 196; x_wconf 53' lang='lat' dir='ltr'>PRIEFATIO</span> <span class='ocrx_word' id='word_1_5' title='bbox 1810 164 1853 196; x_wconf 64' lang='lat' dir='ltr'>iis</span> 
     </span>
    </p>
   </div>
   <div class='ocr_carea' id='block_1_2' title="bbox 233 218 1854 261">
    <p class='ocr_par' dir='ltr' id='par_1_2' title="bbox 233 218 1854 261">
     <span class='ocr_line' id='line_1_2' title="bbox 233 218 1854 261; baseline -0.001 -11"><span class='ocrx_word' id='word_1_6' title='bbox 233 222 471 252; x_wconf 84' lang='lat' dir='ltr'>verebaturille</span> <span class='ocrx_word' id='word_1_7' title='bbox 488 224 677 252; x_wconf 80' lang='lat' dir='ltr'>eventurum</span> <span class='ocrx_word' id='word_1_8' title='bbox 695 221 769 256; x_wconf 86' lang='lat' dir='ltr'>sibi,</span> <span class='ocrx_word' id='word_1_9' title='bbox 791 230 904 261; x_wconf 87' lang='lat' dir='ltr'>nempe</span> <span class='ocrx_word' id='word_1_10' title='bbox 923 222 1008 261; x_wconf 88' lang='lat' dir='ltr'>quod</span> <span class='ocrx_word' id='word_1_11' title='bbox 1026 221 1172 252; x_wconf 87' lang='lat' dir='ltr'>nonnulli</span> <span class='ocrx_word' id='word_1_12' title='bbox 1198 229 1236 251; x_wconf 83' lang='lat' dir='ltr'>ex</span> <span class='ocrx_word' id='word_1_13' title='bbox 1261 219 1484 258; x_wconf 77' lang='lat' dir='ltr'>fereidioribus</span> <span class='ocrx_word' id='word_1_14' title='bbox 1509 219 1688 252; x_wconf 81' lang='lat' dir='ltr'>Photianis.</span> <span class='ocrx_word' id='word_1_15' title='bbox 1718 218 1781 258; x_wconf 61' lang='lat' dir='ltr'>legi</span> <span class='ocrx_word' id='word_1_16' title='bbox 1795 224 1854 248; x_wconf 69' lang='lat' dir='ltr'>tiles</span> 
     </span>
    </p>
   </div>
   <div class='ocr_carea' id='block_1_3' title="bbox 232 268 1854 310">
    <p class='ocr_par' dir='ltr' id='par_1_3' title="bbox 232 268 1854 310">
     <span class='ocr_line' id='line_1_3' title="bbox 232 268 1854 310; baseline -0.002 -10"><span class='ocrx_word' id='word_1_17' title='bbox 232 279 328 310; x_wconf 84' lang='lat' dir='ltr'>quam</span> <span class='ocrx_word' id='word_1_18' title='bbox 354 272 467 302; x_wconf 76' lang='lat' dir='ltr'>acriter</span> <span class='ocrx_word' id='word_1_19' title='bbox 490 271 520 301; x_wconf 93' lang='lat' dir='ltr'>in</span> <span class='ocrx_word' id='word_1_20' title='bbox 549 279 605 301; x_wconf 89' lang='lat' dir='ltr'>sua</span> <span class='ocrx_word' id='word_1_21' title='bbox 636 270 694 301; x_wconf 87' lang='lat' dir='ltr'>hac</span> <span class='ocrx_word' id='word_1_22' title='bbox 721 270 825 308; x_wconf 51' lang='lat' dir='ltr'>opella</span> <span class='ocrx_word' id='word_1_23' title='bbox 854 271 1045 310; x_wconf 73' lang='lat' dir='ltr'>perstringat</span> <span class='ocrx_word' id='word_1_24' title='bbox 1075 270 1261 301; x_wconf 83' lang='lat' dir='ltr'>eorurudem</span> <span class='ocrx_word' id='word_1_25' title='bbox 1293 268 1563 300; x_wconf 83' lang='lat' dir='ltr'>immoderantiam</span> <span class='ocrx_word' id='word_1_26' title='bbox 1593 268 1662 304; x_wconf 79' lang='lat' dir='ltr'>zeli,</span> <span class='ocrx_word' id='word_1_27' title='bbox 1692 268 1854 298; x_wconf 79' lang='lat' dir='ltr'>charitatis</span> 
     </span>
    </p>
   </div>
   <div class='ocr_carea' id='block_1_4' title="bbox 231 320 1853 361">
    <p class='ocr_par' dir='ltr' id='par_1_4' title="bbox 231 320 1853 361">
     <span class='ocr_line' id='line_1_4' title="bbox 231 320 1853 361; baseline -0.002 -10"><span class='ocrx_word' id='word_1_28' title='bbox 231 321 394 361; x_wconf 78' lang='lat' dir='ltr'>defectum,</span> <span class='ocrx_word' id='word_1_29' title='bbox 417 321 612 351; x_wconf 78' lang='lat' dir='ltr'>ambitionem</span> <span class='ocrx_word' id='word_1_30' title='bbox 625 325 716 360; x_wconf 88' lang='lat' dir='ltr'>atque</span> <span class='ocrx_word' id='word_1_31' title='bbox 738 321 946 361; x_wconf 80' lang='lat' dir='ltr'>hydrapicum</span> <span class='ocrx_word' id='word_1_32' title='bbox 962 326 1126 357; x_wconf 79' lang='lat' dir='ltr'>tumorem,</span> <span class='ocrx_word' id='word_1_33' title='bbox 1141 320 1354 351; x_wconf 70' lang='lat' dir='ltr'>mstiniatione</span> <span class='ocrx_word' id='word_1_34' title='bbox 1374 320 1406 350; x_wconf 85' lang='lat' dir='ltr'>in</span> <span class='ocrx_word' id='word_1_35' title='bbox 1423 323 1641 357; x_wconf 89' lang='lat' dir='ltr'>contemptum</span> <span class='ocrx_word' id='word_1_36' title='bbox 1656 327 1771 354; x_wconf 81' lang='lat' dir='ltr'>versa,</span> <span class='ocrx_word' id='word_1_37' title='bbox 1788 327 1853 348; x_wconf 83' lang='lat' dir='ltr'>eun</span> 
     </span>
    </p>
   </div>
   <div class='ocr_carea' id='block_1_5' title="bbox 232 371 1854 412">
    <p class='ocr_par' dir='ltr' id='par_1_5' title="bbox 232 371 1854 412">
     <span class='ocr_line' id='line_1_5' title="bbox 232 371 1854 412; baseline -0.002 -10"><span class='ocrx_word' id='word_1_38' title='bbox 232 373 443 403; x_wconf 76' lang='lat' dir='ltr'>condemnant</span> <span class='ocrx_word' id='word_1_39' title='bbox 459 372 593 401; x_wconf 80' lang='lat' dir='ltr'>inscitia:</span> <span class='ocrx_word' id='word_1_40' title='bbox 609 372 838 410; x_wconf 70' lang='lat' dir='ltr'>crassioris/[ue</span> <span class='ocrx_word' id='word_1_41' title='bbox 853 373 884 402; x_wconf 88' lang='lat' dir='ltr'>in</span> <span class='ocrx_word' id='word_1_42' title='bbox 901 372 994 401; x_wconf 86' lang='lat' dir='ltr'>rebus</span> <span class='ocrx_word' id='word_1_43' title='bbox 1019 372 1119 402; x_wconf 80' lang='lat' dir='ltr'>sacris</span> <span class='ocrx_word' id='word_1_44' title='bbox 1138 371 1267 412; x_wconf 79' lang='lat' dir='ltr'>judicii,</span> <span class='ocrx_word' id='word_1_45' title='bbox 1283 371 1331 401; x_wconf 73' lang='lat' dir='ltr'>ecl</span> <span class='ocrx_word' id='word_1_46' title='bbox 1350 371 1492 407; x_wconf 69' lang='lat' dir='ltr'>incuriar,</span> <span class='ocrx_word' id='word_1_47' title='bbox 1514 371 1573 400; x_wconf 83' lang='lat' dir='ltr'>imo</span> <span class='ocrx_word' id='word_1_48' title='bbox 1597 374 1626 400; x_wconf 74' lang='lat' dir='ltr'>et</span> <span class='ocrx_word' id='word_1_49' title='bbox 1655 371 1854 400; x_wconf 75' lang='lat' dir='ltr'>orientalium</span> 
     </span>
    </p>
   </div>
   <div class='ocr_carea' id='block_1_6' title="bbox 231 421 1852 462">
    <p class='ocr_par' dir='ltr' id='par_1_6' title="bbox 231 421 1852 462">
     <span class='ocr_line' id='line_1_6' title="bbox 231 421 1852 462; baseline -0.001 -9"><span class='ocrx_word' id='word_1_50' title='bbox 231 422 407 461; x_wconf 80' lang='lat' dir='ltr'>dogmatum</span> <span class='ocrx_word' id='word_1_51' title='bbox 421 422 624 461; x_wconf 76' lang='lat' dir='ltr'>proditionis.</span> <span class='ocrx_word' id='word_1_52' title='bbox 642 423 704 454; x_wconf 86' lang='lat' dir='ltr'><strong>Alii</strong></span> <span class='ocrx_word' id='word_1_53' title='bbox 724 427 840 458; x_wconf 90' lang='lat' dir='ltr'>tamen,</span> <span class='ocrx_word' id='word_1_54' title='bbox 856 431 983 462; x_wconf 90' lang='lat' dir='ltr'>sperare</span> <span class='ocrx_word' id='word_1_55' title='bbox 995 422 1097 462; x_wconf 84' lang='lat' dir='ltr'>juvat,</span> <span class='ocrx_word' id='word_1_56' title='bbox 1115 422 1295 462; x_wconf 78' lang='lat' dir='ltr'>gravissimi</span> <span class='ocrx_word' id='word_1_57' title='bbox 1313 422 1408 462; x_wconf 86' lang='lat' dir='ltr'><strong>hujus</strong></span> <span class='ocrx_word' id='word_1_58' title='bbox 1436 422 1494 452; x_wconf 90' lang='lat' dir='ltr'>viri</span> <span class='ocrx_word' id='word_1_59' title='bbox 1518 421 1709 452; x_wconf 78' lang='lat' dir='ltr'>auctoritate</span> <span class='ocrx_word' id='word_1_60' title='bbox 1725 423 1852 458; x_wconf 85' lang='lat' dir='ltr'>permoti</span> 
     </span>
    </p>
   </div>
   <div class='ocr_carea' id='block_1_7' title="bbox 231 470 1853 511">
    <p class='ocr_par' dir='ltr' id='par_1_7' title="bbox 231 470 1853 511">
     <span class='ocr_line' id='line_1_7' title="bbox 231 470 1853 511; baseline -0.001 -9"><span class='ocrx_word' id='word_1_61' title='bbox 231 473 292 503; x_wconf 83' lang='lat' dir='ltr'><strong>sibi</strong></span> <span class='ocrx_word' id='word_1_62' title='bbox 314 473 406 503; x_wconf 81' lang='lat' dir='ltr'><strong>facile</strong></span> <span class='ocrx_word' id='word_1_63' title='bbox 421 473 668 510; x_wconf 85' lang='lat' dir='ltr'>persuadebunt,</span> <span class='ocrx_word' id='word_1_64' title='bbox 684 482 739 502; x_wconf 83' lang='lat' dir='ltr'>nec</span> <span class='ocrx_word' id='word_1_65' title='bbox 760 473 873 502; x_wconf 84' lang='lat' dir='ltr'>multos</span> <span class='ocrx_word' id='word_1_66' title='bbox 886 482 949 502; x_wconf 80' lang='lat' dir='ltr'>esse</span> <span class='ocrx_word' id='word_1_67' title='bbox 961 472 1145 503; x_wconf 76' lang='lat' dir='ltr'>Latinorum</span> <span class='ocrx_word' id='word_1_68' title='bbox 1162 481 1297 508; x_wconf 80' lang='lat' dir='ltr'>errores,</span> <span class='ocrx_word' id='word_1_69' title='bbox 1312 472 1497 511; x_wconf 77' lang='lat' dir='ltr'>nequem/cs</span> <span class='ocrx_word' id='word_1_70' title='bbox 1513 471 1567 511; x_wconf 84' lang='lat' dir='ltr'>qui</span> <span class='ocrx_word' id='word_1_71' title='bbox 1578 471 1619 501; x_wconf 87' lang='lat' dir='ltr'>ad</span> <span class='ocrx_word' id='word_1_72' title='bbox 1633 470 1853 501; x_wconf 65' lang='lat' dir='ltr'>discindenda‘</span> 
     </span>
    </p>
   </div>
   <div class='ocr_carea' id='block_1_8' title="bbox 229 521 1851 561">
    <p class='ocr_par' dir='ltr' id='par_1_8' title="bbox 229 521 1851 561">
     <span class='ocr_line' id='line_1_8' title="bbox 229 521 1851 561; baseline 0 -9"><span class='ocrx_word' id='word_1_73' title='bbox 229 522 389 552; x_wconf 73' lang='lat' dir='ltr'>Ecclesia:</span> <span class='ocrx_word' id='word_1_74' title='bbox 403 522 468 551; x_wconf 78' lang='lat' dir='ltr'>sint</span> <span class='ocrx_word' id='word_1_75' title='bbox 483 521 607 555; x_wconf 83' lang='lat' dir='ltr'>idonei;</span> <span class='ocrx_word' id='word_1_76' title='bbox 622 531 678 552; x_wconf 81' lang='lat' dir='ltr'>nec</span> <span class='ocrx_word' id='word_1_77' title='bbox 701 521 800 552; x_wconf 80' lang='lat' dir='ltr'>ullum</span> <span class='ocrx_word' id='word_1_78' title='bbox 824 522 878 560; x_wconf 85' lang='lat' dir='ltr'>qui</span> <span class='ocrx_word' id='word_1_79' title='bbox 901 521 942 551; x_wconf 84' lang='lat' dir='ltr'>ad</span> <span class='ocrx_word' id='word_1_80' title='bbox 956 521 1029 560; x_wconf 80' lang='lat' dir='ltr'>ﬁdei</span> <span class='ocrx_word' id='word_1_81' title='bbox 1055 527 1149 561; x_wconf 84' lang='lat' dir='ltr'>caput</span> <span class='ocrx_word' id='word_1_82' title='bbox 1174 523 1344 561; x_wconf 85' lang='lat' dir='ltr'>pertineat.</span> <span class='ocrx_word' id='word_1_83' title='bbox 1371 521 1446 552; x_wconf 81' lang='lat' dir='ltr'><strong>Atii</strong></span> <span class='ocrx_word' id='word_1_84' title='bbox 1474 521 1534 559; x_wconf 89' lang='lat' dir='ltr'>ipsi</span> <span class='ocrx_word' id='word_1_85' title='bbox 1554 521 1691 551; x_wconf 76' lang='lat' dir='ltr'>fortasse</span> <span class='ocrx_word' id='word_1_86' title='bbox 1713 521 1851 560; x_wconf 82' lang='lat' dir='ltr'>ejusdem</span> 
     </span>
    </p>
   </div>
   <div class='ocr_carea' id='block_1_9' title="bbox 231 570 1853 611">
    <p class='ocr_par' dir='ltr' id='par_1_9' title="bbox 231 570 1853 611">
     <span class='ocr_line' id='line_1_9' title="bbox 231 570 1853 611; baseline -0.002 -9"><span class='ocrx_word' id='word_1_87' title='bbox 231 572 420 603; x_wconf 74' lang='lat' dir='ltr'>auctoritate</span> <span class='ocrx_word' id='word_1_88' title='bbox 439 572 510 602; x_wconf 80' lang='lat' dir='ltr'>freti</span> <span class='ocrx_word' id='word_1_89' title='bbox 531 572 735 607; x_wconf 86' lang='lat' dir='ltr'>contendent,</span> <span class='ocrx_word' id='word_1_90' title='bbox 753 580 786 602; x_wconf 89' lang='lat' dir='ltr'>se</span> <span class='ocrx_word' id='word_1_91' title='bbox 802 572 876 611; x_wconf 84' lang='lat' dir='ltr'>jure</span> <span class='ocrx_word' id='word_1_92' title='bbox 893 580 908 601; x_wconf 90' lang='lat' dir='ltr'>a</span> <span class='ocrx_word' id='word_1_93' title='bbox 924 572 1108 602; x_wconf 87' lang='lat' dir='ltr'>Latinorum</span> <span class='ocrx_word' id='word_1_94' title='bbox 1125 571 1353 602; x_wconf 84' lang='lat' dir='ltr'>communione</span> <span class='ocrx_word' id='word_1_95' title='bbox 1365 571 1549 606; x_wconf 81' lang='lat' dir='ltr'>abhorrere,</span> <span class='ocrx_word' id='word_1_96' title='bbox 1565 570 1689 609; x_wconf 87' lang='lat' dir='ltr'>quippe</span> <span class='ocrx_word' id='word_1_97' title='bbox 1707 571 1767 608; x_wconf 86' lang='lat' dir='ltr'>qui</span> <span class='ocrx_word' id='word_1_98' title='bbox 1783 570 1853 599; x_wconf 77' lang='lat' dir='ltr'>illud</span> 
     </span>
    </p>
   </div>
   <div class='ocr_carea' id='block_1_10' title="bbox 231 621 1854 662">
    <p class='ocr_par' dir='ltr' id='par_1_10' title="bbox 231 621 1854 662">
     <span class='ocr_line' id='line_1_10' title="bbox 231 621 1854 662; baseline -0.001 -8"><span class='ocrx_word' id='word_1_99' title='bbox 231 623 383 661; x_wconf 71' lang='lat' dir='ltr'>Symbolo</span> <span class='ocrx_word' id='word_1_100' title='bbox 415 623 611 657; x_wconf 85' lang='lat' dir='ltr'>addiderint,</span> <span class='ocrx_word' id='word_1_101' title='bbox 631 631 697 662; x_wconf 90' lang='lat' dir='ltr'>quo</span> <span class='ocrx_word' id='word_1_102' title='bbox 717 623 871 662; x_wconf 76' lang='lat' dir='ltr'>Spiritum</span> <span class='ocrx_word' id='word_1_103' title='bbox 895 627 1040 654; x_wconf 85' lang='lat' dir='ltr'>sanctum</span> <span class='ocrx_word' id='word_1_104' title='bbox 1057 627 1118 654; x_wconf 87' lang='lat' dir='ltr'>eta</span> <span class='ocrx_word' id='word_1_105' title='bbox 1142 623 1227 654; x_wconf 84' lang='lat' dir='ltr'>Filio</span> <span class='ocrx_word' id='word_1_106' title='bbox 1258 622 1430 661; x_wconf 81' lang='lat' dir='ltr'>procedere</span> <span class='ocrx_word' id='word_1_107' title='bbox 1456 622 1653 653; x_wconf 82' lang='lat' dir='ltr'>enuntiatur.</span> <span class='ocrx_word' id='word_1_108' title='bbox 1670 622 1743 651; x_wconf 88' lang='lat' dir='ltr'>Hos</span> <span class='ocrx_word' id='word_1_109' title='bbox 1764 621 1854 660; x_wconf 81' lang='lat' dir='ltr'>igitur</span> 
     </span>
    </p>
   </div>
   <div class='ocr_carea' id='block_1_11' title="bbox 231 670 1853 712">
    <p class='ocr_par' dir='ltr' id='par_1_11' title="bbox 231 670 1853 712">
     <span class='ocr_line' id='line_1_11' title="bbox 231 670 1853 712; baseline -0.002 -9"><span class='ocrx_word' id='word_1_110' title='bbox 231 673 332 703; x_wconf 83' lang='lat' dir='ltr'>amice</span> <span class='ocrx_word' id='word_1_111' title='bbox 351 678 380 703; x_wconf 91' lang='lat' dir='ltr'>et</span> <span class='ocrx_word' id='word_1_112' title='bbox 396 672 547 707; x_wconf 78' lang='lat' dir='ltr'>fraterne,</span> <span class='ocrx_word' id='word_1_113' title='bbox 567 677 665 712; x_wconf 91' lang='lat' dir='ltr'>utque</span> <span class='ocrx_word' id='word_1_114' title='bbox 686 673 790 704; x_wconf 81' lang='lat' dir='ltr'>verbis</span> <span class='ocrx_word' id='word_1_115' title='bbox 805 678 873 704; x_wconf 87' lang='lat' dir='ltr'>utar</span> <span class='ocrx_word' id='word_1_116' title='bbox 894 672 1138 712; x_wconf 82' lang='lat' dir='ltr'>Theophylacti,</span> <span class='ocrx_word' id='word_1_117' title='bbox 1157 672 1345 712; x_wconf 78' lang='lat' dir='ltr'>simpliciter</span> <span class='ocrx_word' id='word_1_118' title='bbox 1364 676 1393 702; x_wconf 89' lang='lat' dir='ltr'>et</span> <span class='ocrx_word' id='word_1_119' title='bbox 1417 670 1559 708; x_wconf 80' lang='lat' dir='ltr'>candide,</span> <span class='ocrx_word' id='word_1_120' title='bbox 1576 676 1667 710; x_wconf 84' lang='lat' dir='ltr'>atque</span> <span class='ocrx_word' id='word_1_121' title='bbox 1693 675 1730 700; x_wconf 84' lang='lat' dir='ltr'>ut</span> <span class='ocrx_word' id='word_1_122' title='bbox 1751 671 1853 709; x_wconf 70' lang='lat' dir='ltr'>pisca-</span> 
     </span>
    </p>
   </div>
   <div class='ocr_carea' id='block_1_12' title="bbox 232 722 1281 763">
    <p class='ocr_par' dir='ltr' id='par_1_12' title="bbox 232 722 1281 763">
     <span class='ocr_line' id='line_1_12' title="bbox 232 722 1281 763; baseline -0.002 -9"><span class='ocrx_word' id='word_1_123' title='bbox 232 729 334 754; x_wconf 83' lang='lat' dir='ltr'>torum</span> <span class='ocrx_word' id='word_1_124' title='bbox 348 722 538 762; x_wconf 81' lang='lat' dir='ltr'>discipulum</span> <span class='ocrx_word' id='word_1_125' title='bbox 554 723 679 754; x_wconf 79' lang='lat' dir='ltr'>omnino</span> <span class='ocrx_word' id='word_1_126' title='bbox 696 724 794 761; x_wconf 80' lang='lat' dir='ltr'>decet,</span> <span class='ocrx_word' id='word_1_127' title='bbox 811 731 898 754; x_wconf 89' lang='lat' dir='ltr'>nunc</span> <span class='ocrx_word' id='word_1_128' title='bbox 915 722 1025 762; x_wconf 79' lang='lat' dir='ltr'>paucis</span> <span class='ocrx_word' id='word_1_129' title='bbox 1041 723 1164 763; x_wconf 84' lang='lat' dir='ltr'><strong>alloqui</strong></span> <span class='ocrx_word' id='word_1_130' title='bbox 1183 723 1281 754; x_wconf 88' lang='lat' dir='ltr'>lubet.</span> 
     </span>
    </p>
   </div>
   <div class='ocr_carea' id='block_1_13' title="bbox 270 771 1853 816">
    <p class='ocr_par' dir='ltr' id='par_1_13' title="bbox 270 771 1853 816">
     <span class='ocr_line' id='line_1_13' title="bbox 270 771 1853 816; baseline -0.003 -11"><span class='ocrx_word' id='word_1_131' title='bbox 270 775 405 806; x_wconf 81' lang='lat' dir='ltr'>XXVII.</span> <span class='ocrx_word' id='word_1_132' title='bbox 428 777 472 806; x_wconf 79' lang='lat' dir='ltr'>Ac</span> <span class='ocrx_word' id='word_1_133' title='bbox 486 775 588 814; x_wconf 89' lang='lat' dir='ltr'>primo</span> <span class='ocrx_word' id='word_1_134' title='bbox 604 775 734 816; x_wconf 81' lang='lat' dir='ltr'>quidem</span> <span class='ocrx_word' id='word_1_135' title='bbox 752 784 820 813; x_wconf 87' lang='lat' dir='ltr'>eos,</span> <span class='ocrx_word' id='word_1_136' title='bbox 836 776 941 816; x_wconf 82' lang='lat' dir='ltr'>quoad</span> <span class='ocrx_word' id='word_1_137' title='bbox 961 783 1100 814; x_wconf 70' lang='lat' dir='ltr'>praesens</span> <span class='ocrx_word' id='word_1_138' title='bbox 1115 775 1241 811; x_wconf 81' lang='lat' dir='ltr'>attinet,</span> <span class='ocrx_word' id='word_1_139' title='bbox 1261 773 1466 813; x_wconf 69' lang='lat' dir='ltr'>praemonitos</span> <span class='ocrx_word' id='word_1_140' title='bbox 1490 773 1597 810; x_wconf 85' lang='lat' dir='ltr'>velim,</span> <span class='ocrx_word' id='word_1_141' title='bbox 1622 772 1736 811; x_wconf 86' lang='lat' dir='ltr'>potius</span> <span class='ocrx_word' id='word_1_142' title='bbox 1761 771 1853 802; x_wconf 85' lang='lat' dir='ltr'>animi</span> 
     </span>
    </p>
   </div>
   <div class='ocr_carea' id='block_1_14' title="bbox 232 823 1853 866">
    <p class='ocr_par' dir='ltr' id='par_1_14' title="bbox 232 823 1853 866">
     <span class='ocr_line' id='line_1_14' title="bbox 232 823 1853 866; baseline -0.002 -11"><span class='ocrx_word' id='word_1_143' title='bbox 232 825 477 864; x_wconf 75' lang='lat' dir='ltr'>(liSposilionem</span> <span class='ocrx_word' id='word_1_144' title='bbox 494 834 588 865; x_wconf 85' lang='lat' dir='ltr'>quam</span> <span class='ocrx_word' id='word_1_145' title='bbox 611 827 707 858; x_wconf 81' lang='lat' dir='ltr'>verba</span> <span class='ocrx_word' id='word_1_146' title='bbox 727 835 798 858; x_wconf 86' lang='lat' dir='ltr'>esse</span> <span class='ocrx_word' id='word_1_147' title='bbox 811 827 845 857; x_wconf 92' lang='lat' dir='ltr'>in</span> <span class='ocrx_word' id='word_1_148' title='bbox 860 826 1100 866; x_wconf 86' lang='lat' dir='ltr'>TheOphylacto</span> <span class='ocrx_word' id='word_1_149' title='bbox 1116 827 1310 865; x_wconf 83' lang='lat' dir='ltr'>spectanda;</span> <span class='ocrx_word' id='word_1_150' title='bbox 1326 825 1444 856; x_wconf 89' lang='lat' dir='ltr'>deinde</span> <span class='ocrx_word' id='word_1_151' title='bbox 1462 832 1664 864; x_wconf 79' lang='lat' dir='ltr'>qutecunque</span> <span class='ocrx_word' id='word_1_152' title='bbox 1681 823 1757 863; x_wconf 86' lang='lat' dir='ltr'>ejus</span> <span class='ocrx_word' id='word_1_153' title='bbox 1773 830 1853 853; x_wconf 86' lang='lat' dir='ltr'>mens</span> 
     </span>
    </p>
   </div>
   <div class='ocr_carea' id='block_1_15' title="bbox 231 873 1854 914">
    <p class='ocr_par' dir='ltr' id='par_1_15' title="bbox 231 873 1854 914">
     <span class='ocr_line' id='line_1_15' title="bbox 231 873 1854 914; baseline -0.001 -9"><span class='ocrx_word' id='word_1_154' title='bbox 231 874 341 911; x_wconf 86' lang='lat' dir='ltr'>fuerit,</span> <span class='ocrx_word' id='word_1_155' title='bbox 367 883 431 905; x_wconf 92' lang='lat' dir='ltr'>non</span> <span class='ocrx_word' id='word_1_156' title='bbox 458 875 564 914; x_wconf 82' lang='lat' dir='ltr'>magni</span> <span class='ocrx_word' id='word_1_157' title='bbox 590 883 660 906; x_wconf 85' lang='lat' dir='ltr'>esse</span> <span class='ocrx_word' id='word_1_158' title='bbox 683 875 858 906; x_wconf 81' lang='lat' dir='ltr'>faciendam</span> <span class='ocrx_word' id='word_1_159' title='bbox 876 875 966 906; x_wconf 87' lang='lat' dir='ltr'>illius</span> <span class='ocrx_word' id='word_1_160' title='bbox 982 876 1040 906; x_wconf 86' lang='lat' dir='ltr'>hac</span> <span class='ocrx_word' id='word_1_161' title='bbox 1065 876 1099 906; x_wconf 91' lang='lat' dir='ltr'>in</span> <span class='ocrx_word' id='word_1_162' title='bbox 1125 885 1157 906; x_wconf 89' lang='lat' dir='ltr'>re</span> <span class='ocrx_word' id='word_1_163' title='bbox 1179 875 1413 906; x_wconf 81' lang='lat' dir='ltr'>auctoritatem.</span> <span class='ocrx_word' id='word_1_164' title='bbox 1439 873 1550 911; x_wconf 88' lang='lat' dir='ltr'>Quoad</span> <span class='ocrx_word' id='word_1_165' title='bbox 1568 874 1710 913; x_wconf 88' lang='lat' dir='ltr'>primum</span> <span class='ocrx_word' id='word_1_166' title='bbox 1736 874 1854 904; x_wconf 58' lang='lat' dir='ltr'>attinet,</span> 
     </span>
    </p>
   </div>
   <div class='ocr_carea' id='block_1_16' title="bbox 232 924 1853 966">
    <p class='ocr_par' dir='ltr' id='par_1_16' title="bbox 232 924 1853 966">
     <span class='ocr_line' id='line_1_16' title="bbox 232 924 1853 966; baseline 0.001 -12"><span class='ocrx_word' id='word_1_167' title='bbox 232 932 291 964; x_wconf 85' lang='lat' dir='ltr'>pro</span> <span class='ocrx_word' id='word_1_168' title='bbox 307 929 392 956; x_wconf 90' lang='lat' dir='ltr'>certo</span> <span class='ocrx_word' id='word_1_169' title='bbox 409 925 523 962; x_wconf 83' lang='lat' dir='ltr'>habeo,</span> <span class='ocrx_word' id='word_1_170' title='bbox 543 926 585 957; x_wconf 90' lang='lat' dir='ltr'>ita</span> <span class='ocrx_word' id='word_1_171' title='bbox 607 934 681 957; x_wconf 89' lang='lat' dir='ltr'>eum</span> <span class='ocrx_word' id='word_1_172' title='bbox 709 925 810 957; x_wconf 89' lang='lat' dir='ltr'>fuisse</span> <span class='ocrx_word' id='word_1_173' title='bbox 825 926 934 957; x_wconf 84' lang='lat' dir='ltr'>animo</span> <span class='ocrx_word' id='word_1_174' title='bbox 957 930 1186 966; x_wconf 88' lang='lat' dir='ltr'>comparatum,</span> <span class='ocrx_word' id='word_1_175' title='bbox 1200 930 1234 956; x_wconf 90' lang='lat' dir='ltr'>ut</span> <span class='ocrx_word' id='word_1_176' title='bbox 1247 926 1273 956; x_wconf 91' lang='lat' dir='ltr'>si</span> <span class='ocrx_word' id='word_1_177' title='bbox 1292 933 1357 966; x_wconf 93' lang='lat' dir='ltr'>quo</span> <span class='ocrx_word' id='word_1_178' title='bbox 1375 929 1517 965; x_wconf 86' lang='lat' dir='ltr'>tempore</span> <span class='ocrx_word' id='word_1_179' title='bbox 1537 925 1628 961; x_wconf 77' lang='lat' dir='ltr'>vixit,</span> <span class='ocrx_word' id='word_1_180' title='bbox 1648 933 1708 964; x_wconf 86' lang='lat' dir='ltr'>per</span> <span class='ocrx_word' id='word_1_181' title='bbox 1728 924 1853 963; x_wconf 83' lang='lat' dir='ltr'>aliquod</span> 
     </span>
    </p>
   </div>
   <div class='ocr_carea' id='block_1_17' title="bbox 191 974 1853 1017">
    <p class='ocr_par' dir='ltr' id='par_1_17' title="bbox 191 974 1853 1017">
     <span class='ocr_line' id='line_1_17' title="bbox 191 974 1853 1017; baseline -0.001 -12"><span class='ocrx_word' id='word_1_182' title='bbox 191 1013 195 1017; x_wconf 24' lang='grc' dir='ltr'>ι</span> <span class='ocrx_word' id='word_1_183' title='bbox 233 975 407 1007; x_wconf 86' lang='lat' dir='ltr'>concilium</span> <span class='ocrx_word' id='word_1_184' title='bbox 425 985 464 1007; x_wconf 86' lang='lat' dir='ltr'>ex</span> <span class='ocrx_word' id='word_1_185' title='bbox 485 976 604 1008; x_wconf 60' lang='lat' dir='ltr'>Graecis</span> <span class='ocrx_word' id='word_1_186' title='bbox 629 976 819 1016; x_wconf 87' lang='lat' dir='ltr'>Latinisque</span> <span class='ocrx_word' id='word_1_187' title='bbox 834 982 977 1009; x_wconf 88' lang='lat' dir='ltr'>coactum</span> <span class='ocrx_word' id='word_1_188' title='bbox 1003 978 1041 1009; x_wconf 90' lang='lat' dir='ltr'>ad</span> <span class='ocrx_word' id='word_1_189' title='bbox 1059 986 1190 1008; x_wconf 80' lang='lat' dir='ltr'>examen</span> <span class='ocrx_word' id='word_1_190' title='bbox 1215 984 1320 1007; x_wconf 79' lang='lat' dir='ltr'>vocata</span> <span class='ocrx_word' id='word_1_191' title='bbox 1340 985 1375 1008; x_wconf 90' lang='lat' dir='ltr'>ac</span> <span class='ocrx_word' id='word_1_192' title='bbox 1399 977 1529 1007; x_wconf 85' lang='lat' dir='ltr'>deﬁnita</span> <span class='ocrx_word' id='word_1_193' title='bbox 1552 975 1669 1007; x_wconf 81' lang='lat' dir='ltr'>fuisset</span> <span class='ocrx_word' id='word_1_194' title='bbox 1696 974 1853 1014; x_wconf 86' lang='lat' dir='ltr'>processio</span> 
     </span>
    </p>
   </div>
   <div class='ocr_carea' id='block_1_18' title="bbox 235 1026 1850 1068">
    <p class='ocr_par' dir='ltr' id='par_1_18' title="bbox 235 1026 1850 1068">
     <span class='ocr_line' id='line_1_18' title="bbox 235 1026 1850 1068; baseline -0.001 -12"><span class='ocrx_word' id='word_1_195' title='bbox 235 1026 375 1064; x_wconf 88' lang='lat' dir='ltr'>Spiritus</span> <span class='ocrx_word' id='word_1_196' title='bbox 410 1027 511 1058; x_wconf 86' lang='lat' dir='ltr'>sancti</span> <span class='ocrx_word' id='word_1_197' title='bbox 538 1028 633 1058; x_wconf 86' lang='lat' dir='ltr'>etiam</span> <span class='ocrx_word' id='word_1_198' title='bbox 663 1036 680 1058; x_wconf 88' lang='lat' dir='ltr'>a</span> <span class='ocrx_word' id='word_1_199' title='bbox 709 1028 805 1066; x_wconf 88' lang='lat' dir='ltr'>Filio,</span> <span class='ocrx_word' id='word_1_200' title='bbox 831 1028 940 1067; x_wconf 78' lang='lat' dir='ltr'>procul</span> <span class='ocrx_word' id='word_1_201' title='bbox 970 1029 1070 1059; x_wconf 92' lang='lat' dir='ltr'>dubio</span> <span class='ocrx_word' id='word_1_202' title='bbox 1100 1028 1229 1059; x_wconf 82' lang='lat' dir='ltr'>concilii</span> <span class='ocrx_word' id='word_1_203' title='bbox 1265 1028 1392 1068; x_wconf 86' lang='lat' dir='ltr'>judicio</span> <span class='ocrx_word' id='word_1_204' title='bbox 1415 1036 1451 1059; x_wconf 90' lang='lat' dir='ltr'>ac</span> <span class='ocrx_word' id='word_1_205' title='bbox 1476 1027 1646 1058; x_wconf 61' lang='lat' dir='ltr'>sententia;</span> <span class='ocrx_word' id='word_1_206' title='bbox 1684 1026 1850 1056; x_wconf 82' lang='lat' dir='ltr'>stetisset:</span> 
     </span>
    </p>
   </div>
   <div class='ocr_carea' id='block_1_19' title="bbox 233 1077 1850 1117">
    <p class='ocr_par' dir='ltr' id='par_1_19' title="bbox 233 1077 1850 1117">
     <span class='ocr_line' id='line_1_19' title="bbox 233 1077 1850 1117; baseline -0.001 -10"><span class='ocrx_word' id='word_1_207' title='bbox 233 1077 505 1115; x_wconf 73' lang='lat' dir='ltr'>quemadmodum</span> <span class='ocrx_word' id='word_1_208' title='bbox 538 1077 668 1115; x_wconf 80' lang='lat' dir='ltr'>plurimi</span> <span class='ocrx_word' id='word_1_209' title='bbox 702 1078 867 1110; x_wconf 87' lang='lat' dir='ltr'>sanctitate</span> <span class='ocrx_word' id='word_1_210' title='bbox 898 1087 933 1110; x_wconf 87' lang='lat' dir='ltr'>ac</span> <span class='ocrx_word' id='word_1_211' title='bbox 971 1079 1116 1110; x_wconf 84' lang='lat' dir='ltr'>doctrina</span> <span class='ocrx_word' id='word_1_212' title='bbox 1147 1078 1402 1117; x_wconf 73' lang='lat' dir='ltr'>praestantissimi</span> <span class='ocrx_word' id='word_1_213' title='bbox 1433 1079 1540 1109; x_wconf 84' lang='lat' dir='ltr'>Patres</span> <span class='ocrx_word' id='word_1_214' title='bbox 1571 1081 1691 1109; x_wconf 86' lang='lat' dir='ltr'>stetere</span> <span class='ocrx_word' id='word_1_215' title='bbox 1721 1077 1850 1116; x_wconf 86' lang='lat' dir='ltr'>synodo,</span> 
     </span>
    </p>
   </div>
   <div class='ocr_carea' id='block_1_20' title="bbox 232 1125 1850 1166">
    <p class='ocr_par' dir='ltr' id='par_1_20' title="bbox 232 1125 1850 1166">
     <span class='ocr_line' id='line_1_20' title="bbox 232 1125 1850 1166; baseline -0.002 -9"><span class='ocrx_word' id='word_1_216' title='bbox 232 1126 438 1163; x_wconf 83' lang='lat' dir='ltr'>Florentinae,</span> <span class='ocrx_word' id='word_1_217' title='bbox 465 1127 562 1166; x_wconf 90' lang='lat' dir='ltr'>eique</span> <span class='ocrx_word' id='word_1_218' title='bbox 588 1132 744 1166; x_wconf 90' lang='lat' dir='ltr'>perpetuo</span> <span class='ocrx_word' id='word_1_219' title='bbox 774 1130 804 1158; x_wconf 89' lang='lat' dir='ltr'>et</span> <span class='ocrx_word' id='word_1_220' title='bbox 830 1127 1089 1158; x_wconf 79' lang='lat' dir='ltr'>constantissime</span> <span class='ocrx_word' id='word_1_221' title='bbox 1116 1127 1425 1158; x_wconf 65' lang='lat' dir='ltr'>adhaeserunt.\Hac</span> <span class='ocrx_word' id='word_1_222' title='bbox 1444 1125 1546 1157; x_wconf 86' lang='lat' dir='ltr'>fuisse</span> <span class='ocrx_word' id='word_1_223' title='bbox 1581 1125 1850 1165; x_wconf 83' lang='lat' dir='ltr'>Theophylactum</span> 
     </span>
    </p>
   </div>
   <div class='ocr_carea' id='block_1_21' title="bbox 232 1173 1850 1218">
    <p class='ocr_par' dir='ltr' id='par_1_21' title="bbox 232 1173 1850 1218">
     <span class='ocr_line' id='line_1_21' title="bbox 232 1173 1850 1218; baseline -0.002 -10"><span class='ocrx_word' id='word_1_224' title='bbox 232 1177 332 1208; x_wconf 87' lang='lat' dir='ltr'>animi</span> <span class='ocrx_word' id='word_1_225' title='bbox 350 1178 563 1216; x_wconf 84' lang='lat' dir='ltr'>dispositione</span> <span class='ocrx_word' id='word_1_226' title='bbox 586 1177 747 1215; x_wconf 76' lang='lat' dir='ltr'>affectum,</span> <span class='ocrx_word' id='word_1_227' title='bbox 774 1178 843 1218; x_wconf 75' lang='lat' dir='ltr'>ipse</span> <span class='ocrx_word' id='word_1_228' title='bbox 870 1179 987 1216; x_wconf 65' lang='lat' dir='ltr'>colligo</span> <span class='ocrx_word' id='word_1_229' title='bbox 1005 1187 1043 1209; x_wconf 80' lang='lat' dir='ltr'>ex</span> <span class='ocrx_word' id='word_1_230' title='bbox 1071 1179 1192 1210; x_wconf 81' lang='lat' dir='ltr'>eximio</span> <span class='ocrx_word' id='word_1_231' title='bbox 1213 1179 1283 1216; x_wconf 87' lang='lat' dir='ltr'>ejus</span> <span class='ocrx_word' id='word_1_232' title='bbox 1310 1178 1395 1218; x_wconf 86' lang='lat' dir='ltr'>pacis</span> <span class='ocrx_word' id='word_1_233' title='bbox 1427 1177 1624 1217; x_wconf 84' lang='lat' dir='ltr'>unionisque</span> <span class='ocrx_word' id='word_1_234' title='bbox 1647 1185 1773 1212; x_wconf 87' lang='lat' dir='ltr'>amore,</span> <span class='ocrx_word' id='word_1_235' title='bbox 1804 1173 1850 1215; x_wconf 87' lang='lat' dir='ltr'>qui</span> 
     </span>
    </p>
   </div>
   <div class='ocr_carea' id='block_1_22' title="bbox 233 1227 1849 1268">
    <p class='ocr_par' dir='ltr' id='par_1_22' title="bbox 233 1227 1849 1268">
     <span class='ocr_line' id='line_1_22' title="bbox 233 1227 1849 1268; baseline -0.004 -8"><span class='ocrx_word' id='word_1_236' title='bbox 233 1238 304 1260; x_wconf 81' lang='lat' dir='ltr'>cum</span> <span class='ocrx_word' id='word_1_237' title='bbox 320 1229 352 1260; x_wconf 94' lang='lat' dir='ltr'>in</span> <span class='ocrx_word' id='word_1_238' title='bbox 369 1229 442 1260; x_wconf 90' lang='lat' dir='ltr'>aliis</span> <span class='ocrx_word' id='word_1_239' title='bbox 459 1229 626 1268; x_wconf 88' lang='lat' dir='ltr'>operibus,</span> <span class='ocrx_word' id='word_1_240' title='bbox 640 1233 708 1260; x_wconf 88' lang='lat' dir='ltr'>tum</span> <span class='ocrx_word' id='word_1_241' title='bbox 724 1229 926 1268; x_wconf 89' lang='lat' dir='ltr'>potissimum</span> <span class='ocrx_word' id='word_1_242' title='bbox 944 1229 976 1259; x_wconf 90' lang='lat' dir='ltr'>in</span> <span class='ocrx_word' id='word_1_243' title='bbox 989 1228 1045 1259; x_wconf 88' lang='lat' dir='ltr'>hac</span> <span class='ocrx_word' id='word_1_244' title='bbox 1061 1228 1130 1267; x_wconf 86' lang='lat' dir='ltr'>ipsa</span> <span class='ocrx_word' id='word_1_245' title='bbox 1148 1227 1345 1259; x_wconf 77' lang='lat' dir='ltr'>Allocutione</span> <span class='ocrx_word' id='word_1_246' title='bbox 1362 1227 1542 1258; x_wconf 89' lang='lat' dir='ltr'>luculenter</span> <span class='ocrx_word' id='word_1_247' title='bbox 1554 1234 1589 1258; x_wconf 87' lang='lat' dir='ltr'>sc</span> <span class='ocrx_word' id='word_1_248' title='bbox 1604 1229 1725 1266; x_wconf 83' lang='lat' dir='ltr'>prodit.</span> <span class='ocrx_word' id='word_1_249' title='bbox 1741 1227 1849 1257; x_wconf 84' lang='lat' dir='ltr'>Verum</span> 
     </span>
    </p>
   </div>
   <div class='ocr_carea' id='block_1_23' title="bbox 233 1276 1849 1319">
    <p class='ocr_par' dir='ltr' id='par_1_23' title="bbox 233 1276 1849 1319">
     <span class='ocr_line' id='line_1_23' title="bbox 233 1276 1849 1319; baseline -0.003 -9"><span class='ocrx_word' id='word_1_250' title='bbox 233 1287 305 1311; x_wconf 88' lang='lat' dir='ltr'>cum</span> <span class='ocrx_word' id='word_1_251' title='bbox 324 1283 394 1310; x_wconf 87' lang='lat' dir='ltr'>ante</span> <span class='ocrx_word' id='word_1_252' title='bbox 419 1279 565 1310; x_wconf 90' lang='lat' dir='ltr'>ﬂoruerit</span> <span class='ocrx_word' id='word_1_253' title='bbox 587 1287 682 1319; x_wconf 89' lang='lat' dir='ltr'>quam</span> <span class='ocrx_word' id='word_1_254' title='bbox 705 1279 925 1310; x_wconf 89' lang='lat' dir='ltr'>controversia</span> <span class='ocrx_word' id='word_1_255' title='bbox 954 1278 1019 1309; x_wconf 87' lang='lat' dir='ltr'>haec</span> <span class='ocrx_word' id='word_1_256' title='bbox 1049 1278 1177 1309; x_wconf 86' lang='lat' dir='ltr'>deﬁnita</span> <span class='ocrx_word' id='word_1_257' title='bbox 1202 1281 1288 1309; x_wconf 85' lang='lat' dir='ltr'>esset</span> <span class='ocrx_word' id='word_1_258' title='bbox 1312 1278 1345 1308; x_wconf 89' lang='lat' dir='ltr'>in</span> <span class='ocrx_word' id='word_1_259' title='bbox 1379 1277 1486 1317; x_wconf 89' lang='lat' dir='ltr'>aliqua</span> <span class='ocrx_word' id='word_1_260' title='bbox 1509 1278 1708 1309; x_wconf 75' lang='lat' dir='ltr'>cecumeniea</span> <span class='ocrx_word' id='word_1_261' title='bbox 1737 1276 1849 1316; x_wconf 76' lang='lat' dir='ltr'>synodo</span> 
     </span>
    </p>
   </div>
   <div class='ocr_carea' id='block_1_24' title="bbox 235 1327 1849 1375">
    <p class='ocr_par' dir='ltr' id='par_1_24' title="bbox 235 1327 1849 1375">
     <span class='ocr_line' id='line_1_24' title="bbox 235 1327 1849 1375; baseline -0.001 -15"><span class='ocrx_word' id='word_1_262' title='bbox 235 1331 353 1375; x_wconf 66' lang='lat' dir='ltr'>(.trimo</span> <span class='ocrx_word' id='word_1_263' title='bbox 371 1331 456 1361; x_wconf 87' lang='lat' dir='ltr'>enim</span> <span class='ocrx_word' id='word_1_264' title='bbox 475 1332 605 1363; x_wconf 86' lang='lat' dir='ltr'>deﬁnita</span> <span class='ocrx_word' id='word_1_265' title='bbox 626 1335 674 1362; x_wconf 89' lang='lat' dir='ltr'>est</span> <span class='ocrx_word' id='word_1_266' title='bbox 698 1331 729 1362; x_wconf 94' lang='lat' dir='ltr'>in</span> <span class='ocrx_word' id='word_1_267' title='bbox 746 1331 883 1362; x_wconf 76' lang='lat' dir='ltr'>concilio</span> <span class='ocrx_word' id='word_1_268' title='bbox 910 1329 1048 1370; x_wconf 81' lang='lat' dir='ltr'>generali</span> <span class='ocrx_word' id='word_1_269' title='bbox 1074 1330 1280 1368; x_wconf 77' lang='lat' dir='ltr'>Lugdunensi</span> <span class='ocrx_word' id='word_1_270' title='bbox 1306 1339 1340 1363; x_wconf 81' lang='grc' dir='ltr'>ιι,</span> <span class='ocrx_word' id='word_1_271' title='bbox 1367 1339 1419 1361; x_wconf 91' lang='lat' dir='ltr'>an.</span> <span class='ocrx_word' id='word_1_272' title='bbox 1436 1329 1536 1370; x_wconf 56' lang='grc'>1273),</span> <span class='ocrx_word' id='word_1_273' title='bbox 1563 1338 1706 1369; x_wconf 87' lang='lat' dir='ltr'>cumque</span> <span class='ocrx_word' id='word_1_274' title='bbox 1742 1337 1796 1368; x_wconf 85' lang='lat' dir='ltr'>per</span> <span class='ocrx_word' id='word_1_275' title='bbox 1821 1327 1849 1357; x_wconf 86' lang='lat' dir='ltr'>id</span> 
     </span>
    </p>
   </div>
   <div class='ocr_carea' id='block_1_25' title="bbox 235 1378 1849 1419">
    <p class='ocr_par' dir='ltr' id='par_1_25' title="bbox 235 1378 1849 1419">
     <span class='ocr_line' id='line_1_25' title="bbox 235 1378 1849 1419; baseline -0.001 -10"><span class='ocrx_word' id='word_1_276' title='bbox 235 1383 362 1419; x_wconf 85' lang='lat' dir='ltr'>tempus</span> <span class='ocrx_word' id='word_1_277' title='bbox 386 1380 514 1410; x_wconf 89' lang='lat' dir='ltr'>dissidii</span> <span class='ocrx_word' id='word_1_278' title='bbox 537 1384 566 1410; x_wconf 93' lang='lat' dir='ltr'>et</span> <span class='ocrx_word' id='word_1_279' title='bbox 589 1379 770 1410; x_wconf 88' lang='lat' dir='ltr'>schismatis</span> <span class='ocrx_word' id='word_1_280' title='bbox 785 1383 881 1410; x_wconf 77' lang='lat' dir='ltr'>testus</span> <span class='ocrx_word' id='word_1_281' title='bbox 896 1379 1032 1418; x_wconf 90' lang='lat' dir='ltr'>primum</span> <span class='ocrx_word' id='word_1_282' title='bbox 1049 1379 1204 1410; x_wconf 76' lang='lat' dir='ltr'>excitatus</span> <span class='ocrx_word' id='word_1_283' title='bbox 1228 1388 1244 1409; x_wconf 90' lang='lat' dir='ltr'>a</span> <span class='ocrx_word' id='word_1_284' title='bbox 1261 1380 1385 1416; x_wconf 88' lang='lat' dir='ltr'>Photio,</span> <span class='ocrx_word' id='word_1_285' title='bbox 1405 1384 1471 1411; x_wconf 87' lang='lat' dir='ltr'>tum</span> <span class='ocrx_word' id='word_1_286' title='bbox 1491 1389 1506 1410; x_wconf 68' lang='grc' dir='ltr'>ει</span> <span class='ocrx_word' id='word_1_287' title='bbox 1525 1379 1680 1410; x_wconf 84' lang='lat' dir='ltr'>Michaele</span> <span class='ocrx_word' id='word_1_288' title='bbox 1696 1378 1849 1410; x_wconf 83' lang='lat' dir='ltr'>Cerulario</span> 
     </span>
    </p>
   </div>
   <div class='ocr_carea' id='block_1_26' title="bbox 235 1428 1848 1468">
    <p class='ocr_par' dir='ltr' id='par_1_26' title="bbox 235 1428 1848 1468">
     <span class='ocr_line' id='line_1_26' title="bbox 235 1428 1848 1468; baseline -0.001 -10"><span class='ocrx_word' id='word_1_289' title='bbox 235 1436 297 1458; x_wconf 89' lang='lat' dir='ltr'>non</span> <span class='ocrx_word' id='word_1_290' title='bbox 316 1429 358 1459; x_wconf 89' lang='lat' dir='ltr'>ita</span> <span class='ocrx_word' id='word_1_291' title='bbox 386 1429 509 1466; x_wconf 85' lang='lat' dir='ltr'>pridem</span> <span class='ocrx_word' id='word_1_292' title='bbox 529 1436 711 1465; x_wconf 83' lang='lat' dir='ltr'>renovatus,</span> <span class='ocrx_word' id='word_1_293' title='bbox 740 1428 878 1459; x_wconf 83' lang='lat' dir='ltr'>ferveret</span> <span class='ocrx_word' id='word_1_294' title='bbox 909 1437 1004 1468; x_wconf 87' lang='lat' dir='ltr'>quam</span> <span class='ocrx_word' id='word_1_295' title='bbox 1023 1428 1318 1465; x_wconf 73' lang='lat' dir='ltr'>vehementissime,</span> <span class='ocrx_word' id='word_1_296' title='bbox 1344 1429 1424 1460; x_wconf 87' lang='lat' dir='ltr'>haud</span> <span class='ocrx_word' id='word_1_297' title='bbox 1444 1429 1534 1460; x_wconf 86' lang='lat' dir='ltr'>valde</span> <span class='ocrx_word' id='word_1_298' title='bbox 1562 1429 1748 1460; x_wconf 90' lang='lat' dir='ltr'>mirandum</span> <span class='ocrx_word' id='word_1_299' title='bbox 1775 1428 1800 1458; x_wconf 93' lang='lat' dir='ltr'>si</span> <span class='ocrx_word' id='word_1_300' title='bbox 1825 1431 1848 1457; x_wconf 85' lang='lat' dir='ltr'>et</span> 
     </span>
    </p>
   </div>
   <div class='ocr_carea' id='block_1_27' title="bbox 235 1480 1847 1521">
    <p class='ocr_par' dir='ltr' id='par_1_27' title="bbox 235 1480 1847 1521">
     <span class='ocr_line' id='line_1_27' title="bbox 235 1480 1847 1521; baseline 0.001 -12"><span class='ocrx_word' id='word_1_301' title='bbox 235 1480 497 1519; x_wconf 65' lang='lat' dir='ltr'>Theophylactus</span> <span class='ocrx_word' id='word_1_302' title='bbox 514 1489 548 1511; x_wconf 88' lang='lat' dir='ltr'>se</span> <span class='ocrx_word' id='word_1_303' title='bbox 564 1488 694 1520; x_wconf 90' lang='lat' dir='ltr'>quoque</span> <span class='ocrx_word' id='word_1_304' title='bbox 711 1481 812 1519; x_wconf 83' lang='lat' dir='ltr'>abripi</span> <span class='ocrx_word' id='word_1_305' title='bbox 833 1489 946 1518; x_wconf 87' lang='lat' dir='ltr'>passus</span> <span class='ocrx_word' id='word_1_306' title='bbox 961 1485 1125 1520; x_wconf 89' lang='lat' dir='ltr'>utcunque</span> <span class='ocrx_word' id='word_1_307' title='bbox 1145 1480 1197 1511; x_wconf 88' lang='lat' dir='ltr'>sit.</span> <span class='ocrx_word' id='word_1_308' title='bbox 1216 1481 1253 1510; x_wconf 84' lang='lat' dir='ltr'>At</span> <span class='ocrx_word' id='word_1_309' title='bbox 1272 1482 1347 1520; x_wconf 86' lang='lat' dir='ltr'>quia</span> <span class='ocrx_word' id='word_1_310' title='bbox 1364 1485 1467 1512; x_wconf 89' lang='lat' dir='ltr'>tamen</span> <span class='ocrx_word' id='word_1_311' title='bbox 1482 1481 1522 1512; x_wconf 90' lang='lat' dir='ltr'>ob</span> <span class='ocrx_word' id='word_1_312' title='bbox 1539 1490 1620 1519; x_wconf 87' lang='lat' dir='ltr'>eam,</span> <span class='ocrx_word' id='word_1_313' title='bbox 1644 1490 1743 1521; x_wconf 87' lang='lat' dir='ltr'>quam</span> <span class='ocrx_word' id='word_1_314' title='bbox 1766 1489 1847 1519; x_wconf 81' lang='lat' dir='ltr'>supra</span> 
     </span>
    </p>
   </div>
   <div class='ocr_carea' id='block_1_28' title="bbox 236 1529 1848 1571">
    <p class='ocr_par' dir='ltr' id='par_1_28' title="bbox 236 1529 1848 1571">
     <span class='ocr_line' id='line_1_28' title="bbox 236 1529 1848 1571; baseline 0.001 -13"><span class='ocrx_word' id='word_1_315' title='bbox 236 1530 494 1565; x_wconf 87' lang='lat' dir='ltr'>memoravimus,</span> <span class='ocrx_word' id='word_1_316' title='bbox 513 1537 639 1560; x_wconf 86' lang='lat' dir='ltr'>causam</span> <span class='ocrx_word' id='word_1_317' title='bbox 660 1530 804 1568; x_wconf 83' lang='lat' dir='ltr'>ignotum</span> <span class='ocrx_word' id='word_1_318' title='bbox 823 1529 916 1560; x_wconf 85' lang='lat' dir='ltr'>nobis</span> <span class='ocrx_word' id='word_1_319' title='bbox 931 1534 990 1567; x_wconf 84' lang='lat' dir='ltr'>est,</span> <span class='ocrx_word' id='word_1_320' title='bbox 1008 1538 1046 1559; x_wconf 89' lang='lat' dir='ltr'>an</span> <span class='ocrx_word' id='word_1_321' title='bbox 1063 1529 1150 1559; x_wconf 89' lang='lat' dir='ltr'>illius</span> <span class='ocrx_word' id='word_1_322' title='bbox 1168 1529 1273 1560; x_wconf 81' lang='lat' dir='ltr'>fervor</span> <span class='ocrx_word' id='word_1_323' title='bbox 1289 1531 1326 1561; x_wconf 91' lang='lat' dir='ltr'>ad</span> <span class='ocrx_word' id='word_1_324' title='bbox 1341 1531 1518 1562; x_wconf 64' lang='lat' dir='ltr'>haereticam</span> <span class='ocrx_word' id='word_1_325' title='bbox 1532 1540 1636 1571; x_wconf 88' lang='lat' dir='ltr'>usque</span> <span class='ocrx_word' id='word_1_326' title='bbox 1653 1531 1848 1571; x_wconf 84' lang='lat' dir='ltr'>pertinaciam</span> 
     </span>
    </p>
   </div>
   <div class='ocr_carea' id='block_1_29' title="bbox 235 1579 1848 1619">
    <p class='ocr_par' dir='ltr' id='par_1_29' title="bbox 235 1579 1848 1619">
     <span class='ocr_line' id='line_1_29' title="bbox 235 1579 1848 1619; baseline -0.001 -10"><span class='ocrx_word' id='word_1_327' title='bbox 235 1579 426 1616; x_wconf 84' lang='lat' dir='ltr'>excreverit,</span> <span class='ocrx_word' id='word_1_328' title='bbox 453 1579 526 1610; x_wconf 90' lang='lat' dir='ltr'>ideo</span> <span class='ocrx_word' id='word_1_329' title='bbox 552 1588 656 1619; x_wconf 84' lang='lat' dir='ltr'>neque</span> <span class='ocrx_word' id='word_1_330' title='bbox 681 1579 773 1609; x_wconf 88' lang='lat' dir='ltr'>illum</span> <span class='ocrx_word' id='word_1_331' title='bbox 802 1579 973 1616; x_wconf 67' lang='lat' dir='ltr'>haereseos,</span> <span class='ocrx_word' id='word_1_332' title='bbox 999 1588 1104 1619; x_wconf 87' lang='lat' dir='ltr'>neque</span> <span class='ocrx_word' id='word_1_333' title='bbox 1130 1580 1285 1619; x_wconf 74' lang='lat' dir='ltr'>formatis,</span> <span class='ocrx_word' id='word_1_334' title='bbox 1309 1584 1342 1611; x_wconf 92' lang='lat' dir='ltr'>ut</span> <span class='ocrx_word' id='word_1_335' title='bbox 1367 1581 1469 1611; x_wconf 89' lang='lat' dir='ltr'>aiunt.</span> <span class='ocrx_word' id='word_1_336' title='bbox 1491 1580 1671 1611; x_wconf 87' lang='lat' dir='ltr'>schismatis</span> <span class='ocrx_word' id='word_1_337' title='bbox 1709 1581 1848 1610; x_wconf 70' lang='lat' dir='ltr'>condem-</span> 
     </span>
    </p>
   </div>
   <div class='ocr_carea' id='block_1_30' title="bbox 236 1620 1849 1672">
    <p class='ocr_par' dir='ltr' id='par_1_30' title="bbox 236 1620 1849 1672">
     <span class='ocr_line' id='line_1_30' title="bbox 236 1620 1849 1672; baseline 0 -11"><span class='ocrx_word' id='word_1_338' title='bbox 236 1620 348 1661; x_wconf 24' lang='lat' dir='ltr'>naxmus</span> <span class='ocrx_word' id='word_1_339' title='bbox 371 1631 412 1671; x_wconf 77' lang='grc' dir='ltr'>(η)</span> <span class='ocrx_word' id='word_1_340' title='bbox 429 1630 508 1671; x_wconf 87' lang='lat' dir='ltr'>quin</span> <span class='ocrx_word' id='word_1_341' title='bbox 526 1640 583 1662; x_wconf 89' lang='lat' dir='ltr'>nec</span> <span class='ocrx_word' id='word_1_342' title='bbox 604 1631 705 1661; x_wconf 80' lang='lat' dir='ltr'>sancti</span> <span class='ocrx_word' id='word_1_343' title='bbox 727 1630 785 1662; x_wconf 90' lang='lat' dir='ltr'>viri</span> <span class='ocrx_word' id='word_1_344' title='bbox 801 1631 1060 1671; x_wconf 84' lang='lat' dir='ltr'>appellationem,</span> <span class='ocrx_word' id='word_1_345' title='bbox 1082 1639 1144 1670; x_wconf 85' lang='lat' dir='ltr'>qua</span> <span class='ocrx_word' id='word_1_346' title='bbox 1174 1631 1268 1670; x_wconf 65' lang='lat' dir='ltr'>vulgo</span> <span class='ocrx_word' id='word_1_347' title='bbox 1284 1631 1322 1662; x_wconf 85' lang='lat' dir='ltr'>ab</span> <span class='ocrx_word' id='word_1_348' title='bbox 1339 1632 1558 1664; x_wconf 80' lang='lat' dir='ltr'>Orientalibus</span> <span class='ocrx_word' id='word_1_349' title='bbox 1583 1633 1772 1672; x_wconf 78' lang='lat' dir='ltr'>insigniter,</span> <span class='ocrx_word' id='word_1_350' title='bbox 1802 1638 1849 1662; x_wconf 86' lang='lat' dir='ltr'>nos</span> 
     </span>
    </p>
   </div>
   <div class='ocr_carea' id='block_1_31' title="bbox 236 1682 692 1722">
    <p class='ocr_par' dir='ltr' id='par_1_31' title="bbox 236 1682 692 1722">
     <span class='ocr_line' id='line_1_31' title="bbox 236 1682 692 1722; baseline 0.002 -10"><span class='ocrx_word' id='word_1_351' title='bbox 236 1683 399 1713; x_wconf 88' lang='lat' dir='ltr'>ullatenus</span> <span class='ocrx_word' id='word_1_352' title='bbox 416 1683 477 1722; x_wconf 76' lang='lat' dir='ltr'>ipsi</span> <span class='ocrx_word' id='word_1_353' title='bbox 496 1682 692 1713; x_wconf 88' lang='lat' dir='ltr'>invidemus.</span> 
     </span>
    </p>
   </div>
   <div class='ocr_carea' id='block_1_32' title="bbox 279 1742 1850 1785">
    <p class='ocr_par' dir='ltr' id='par_1_32' title="bbox 279 1742 1850 1785">
     <span class='ocr_line' id='line_1_32' title="bbox 279 1742 1850 1785; baseline 0 -12"><span class='ocrx_word' id='word_1_354' title='bbox 279 1744 432 1774; x_wconf 80' lang='lat' dir='ltr'>XXVIII.</span> <span class='ocrx_word' id='word_1_355' title='bbox 448 1743 564 1774; x_wconf 77' lang='lat' dir='ltr'>Verum</span> <span class='ocrx_word' id='word_1_356' title='bbox 574 1743 633 1773; x_wconf 86' lang='lat' dir='ltr'>hoc</span> <span class='ocrx_word' id='word_1_357' title='bbox 643 1743 750 1782; x_wconf 86' lang='lat' dir='ltr'>ipsum</span> <span class='ocrx_word' id='word_1_358' title='bbox 765 1743 849 1782; x_wconf 92' lang='lat' dir='ltr'>quod</span> <span class='ocrx_word' id='word_1_359' title='bbox 862 1742 1009 1782; x_wconf 61' lang='lat' dir='ltr'>Theophj</span> <span class='ocrx_word' id='word_1_360' title='bbox 1020 1743 1099 1773; x_wconf 87' lang='lat' dir='ltr'>laclo</span> <span class='ocrx_word' id='word_1_361' title='bbox 1109 1743 1147 1774; x_wconf 89' lang='lat' dir='ltr'>ab</span> <span class='ocrx_word' id='word_1_362' title='bbox 1157 1743 1207 1774; x_wconf 81' lang='lat' dir='ltr'>liis</span> <span class='ocrx_word' id='word_1_363' title='bbox 1216 1744 1402 1775; x_wconf 78' lang='lat' dir='ltr'>criminibus</span> <span class='ocrx_word' id='word_1_364' title='bbox 1415 1746 1589 1785; x_wconf 79' lang='lat' dir='ltr'>purgando,</span> <span class='ocrx_word' id='word_1_365' title='bbox 1603 1745 1850 1777; x_wconf 75' lang='lat' dir='ltr'>siveexcusando</span> 
     </span>
    </p>
   </div>
   <div class='ocr_carea' id='block_1_33' title="bbox 238 1792 1848 1835">
    <p class='ocr_par' dir='ltr' id='par_1_33' title="bbox 238 1792 1848 1835">
     <span class='ocr_line' id='line_1_33' title="bbox 238 1792 1848 1835; baseline 0.004 -14"><span class='ocrx_word' id='word_1_366' title='bbox 238 1793 392 1829; x_wconf 85' lang='lat' dir='ltr'>deservit,</span> <span class='ocrx_word' id='word_1_367' title='bbox 410 1793 447 1822; x_wconf 87' lang='lat' dir='ltr'>ad</span> <span class='ocrx_word' id='word_1_368' title='bbox 471 1792 678 1823; x_wconf 87' lang='lat' dir='ltr'>minuendam</span> <span class='ocrx_word' id='word_1_369' title='bbox 695 1801 826 1831; x_wconf 91' lang='lat' dir='ltr'>quoque</span> <span class='ocrx_word' id='word_1_370' title='bbox 843 1792 900 1823; x_wconf 87' lang='lat' dir='ltr'>hac</span> <span class='ocrx_word' id='word_1_371' title='bbox 917 1792 948 1823; x_wconf 89' lang='lat' dir='ltr'>in</span> <span class='ocrx_word' id='word_1_372' title='bbox 962 1797 1048 1831; x_wconf 82' lang='lat' dir='ltr'>parte</span> <span class='ocrx_word' id='word_1_373' title='bbox 1068 1793 1158 1823; x_wconf 77' lang='lat' dir='ltr'>illius</span> <span class='ocrx_word' id='word_1_374' title='bbox 1174 1795 1393 1826; x_wconf 85' lang='lat' dir='ltr'>auctoritatem</span> <span class='ocrx_word' id='word_1_375' title='bbox 1410 1804 1504 1835; x_wconf 87' lang='lat' dir='ltr'>quam</span> <span class='ocrx_word' id='word_1_376' title='bbox 1527 1796 1663 1827; x_wconf 80' lang='lat' dir='ltr'>maxime</span> <span class='ocrx_word' id='word_1_377' title='bbox 1681 1796 1759 1827; x_wconf 86' lang='lat' dir='ltr'>facit</span> <span class='ocrx_word' id='word_1_378' title='bbox 1783 1796 1848 1826; x_wconf 74' lang='lat' dir='ltr'>Cum</span> 
     </span>
    </p>
   </div>
   <div class='ocr_carea' id='block_1_34' title="bbox 239 1842 1849 1885">
    <p class='ocr_par' dir='ltr' id='par_1_34' title="bbox 239 1842 1849 1885">
     <span class='ocr_line' id='line_1_34' title="bbox 239 1842 1849 1885; baseline -0.001 -10"><span class='ocrx_word' id='word_1_379' title='bbox 239 1843 325 1875; x_wconf 90' lang='lat' dir='ltr'>enim</span> <span class='ocrx_word' id='word_1_380' title='bbox 352 1843 566 1874; x_wconf 85' lang='lat' dir='ltr'>controversia</span> <span class='ocrx_word' id='word_1_381' title='bbox 588 1843 652 1873; x_wconf 75' lang='lat' dir='ltr'>limc</span> <span class='ocrx_word' id='word_1_382' title='bbox 682 1843 713 1873; x_wconf 91' lang='lat' dir='ltr'>in</span> <span class='ocrx_word' id='word_1_383' title='bbox 744 1842 881 1874; x_wconf 87' lang='lat' dir='ltr'>concilio</span> <span class='ocrx_word' id='word_1_384' title='bbox 913 1851 951 1873; x_wconf 83' lang='lat' dir='ltr'>ex</span> <span class='ocrx_word' id='word_1_385' title='bbox 979 1843 1095 1873; x_wconf 65' lang='lat' dir='ltr'>Graecis</span> <span class='ocrx_word' id='word_1_386' title='bbox 1125 1843 1309 1883; x_wconf 79' lang='lat' dir='ltr'>Latinisque</span> <span class='ocrx_word' id='word_1_387' title='bbox 1343 1850 1449 1876; x_wconf 79' lang='lat' dir='ltr'>coacto</span> <span class='ocrx_word' id='word_1_388' title='bbox 1490 1848 1632 1878; x_wconf 89' lang='lat' dir='ltr'>nondum</span> <span class='ocrx_word' id='word_1_389' title='bbox 1661 1848 1734 1877; x_wconf 71' lang='lat' dir='ltr'>data</span> <span class='ocrx_word' id='word_1_390' title='bbox 1767 1853 1849 1885; x_wconf 82' lang='lat' dir='ltr'>opera</span> 
     </span>
    </p>
   </div>
   <div class='ocr_carea' id='block_1_35' title="bbox 239 1893 1847 1937">
    <p class='ocr_par' dir='ltr' id='par_1_35' title="bbox 239 1893 1847 1937">
     <span class='ocr_line' id='line_1_35' title="bbox 239 1893 1847 1937; baseline 0.002 -13"><span class='ocrx_word' id='word_1_391' title='bbox 239 1893 467 1932; x_wconf 80' lang='lat' dir='ltr'>communique</span> <span class='ocrx_word' id='word_1_392' title='bbox 490 1901 648 1923; x_wconf 85' lang='lat' dir='ltr'>consensu</span> <span class='ocrx_word' id='word_1_393' title='bbox 667 1893 808 1932; x_wconf 84' lang='lat' dir='ltr'>subjecta</span> <span class='ocrx_word' id='word_1_394' title='bbox 825 1897 909 1924; x_wconf 88' lang='lat' dir='ltr'>esset</span> <span class='ocrx_word' id='word_1_395' title='bbox 923 1893 1076 1931; x_wconf 80' lang='lat' dir='ltr'>examini,</span> <span class='ocrx_word' id='word_1_396' title='bbox 1091 1894 1175 1933; x_wconf 87' lang='lat' dir='ltr'>quod</span> <span class='ocrx_word' id='word_1_397' title='bbox 1197 1894 1298 1932; x_wconf 89' lang='lat' dir='ltr'>primo</span> <span class='ocrx_word' id='word_1_398' title='bbox 1314 1895 1428 1926; x_wconf 78' lang='lat' dir='ltr'>factum</span> <span class='ocrx_word' id='word_1_399' title='bbox 1439 1901 1486 1927; x_wconf 89' lang='lat' dir='ltr'>est</span> <span class='ocrx_word' id='word_1_400' title='bbox 1504 1897 1534 1928; x_wconf 92' lang='lat' dir='ltr'>in</span> <span class='ocrx_word' id='word_1_401' title='bbox 1553 1898 1706 1937; x_wconf 66' lang='lat' dir='ltr'>praedicta</span> <span class='ocrx_word' id='word_1_402' title='bbox 1722 1895 1847 1937; x_wconf 82' lang='lat' dir='ltr'>generali</span> 
     </span>
    </p>
   </div>
   <div class='ocr_carea' id='block_1_36' title="bbox 238 1942 1847 1984">
    <p class='ocr_par' dir='ltr' id='par_1_36' title="bbox 238 1942 1847 1984">
     <span class='ocr_line' id='line_1_36' title="bbox 238 1942 1847 1984; baseline 0.001 -10"><span class='ocrx_word' id='word_1_403' title='bbox 238 1943 390 1984; x_wconf 33' lang='lat' dir='ltr'>synodo,‘</span> <span class='ocrx_word' id='word_1_404' title='bbox 405 1945 552 1984; x_wconf 75' lang='lat' dir='ltr'>ignorare</span> <span class='ocrx_word' id='word_1_405' title='bbox 568 1943 595 1974; x_wconf 92' lang='lat' dir='ltr'>is</span> <span class='ocrx_word' id='word_1_406' title='bbox 613 1943 706 1974; x_wconf 81' lang='lat' dir='ltr'>facile</span> <span class='ocrx_word' id='word_1_407' title='bbox 724 1943 826 1983; x_wconf 87' lang='lat' dir='ltr'>potuit</span> <span class='ocrx_word' id='word_1_408' title='bbox 851 1942 971 1982; x_wconf 88' lang='lat' dir='ltr'>quibus</span> <span class='ocrx_word' id='word_1_409' title='bbox 994 1943 1151 1975; x_wconf 88' lang='lat' dir='ltr'>niteretur</span> <span class='ocrx_word' id='word_1_410' title='bbox 1173 1944 1392 1976; x_wconf 84' lang='lat' dir='ltr'>fundamentis</span> <span class='ocrx_word' id='word_1_411' title='bbox 1409 1947 1595 1978; x_wconf 86' lang='lat' dir='ltr'>Latinorum</span> <span class='ocrx_word' id='word_1_412' title='bbox 1618 1948 1787 1984; x_wconf 86' lang='lat' dir='ltr'>sententia,</span> <span class='ocrx_word' id='word_1_413' title='bbox 1809 1944 1847 1977; x_wconf 87' lang='lat' dir='ltr'>vel</span> 
     </span>
    </p>
   </div>
   <div class='ocr_carea' id='block_1_37' title="bbox 238 1995 1848 2039">
    <p class='ocr_par' dir='ltr' id='par_1_37' title="bbox 238 1995 1848 2039">
     <span class='ocr_line' id='line_1_37' title="bbox 238 1995 1848 2039; baseline -0.001 -12"><span class='ocrx_word' id='word_1_414' title='bbox 238 2005 303 2036; x_wconf 91' lang='lat' dir='ltr'>quo</span> <span class='ocrx_word' id='word_1_415' title='bbox 319 1997 349 2027; x_wconf 94' lang='lat' dir='ltr'>in</span> <span class='ocrx_word' id='word_1_416' title='bbox 369 2005 467 2027; x_wconf 90' lang='lat' dir='ltr'>sensu</span> <span class='ocrx_word' id='word_1_417' title='bbox 487 1999 667 2027; x_wconf 85' lang='lat' dir='ltr'>assererent</span> <span class='ocrx_word' id='word_1_418' title='bbox 683 1995 901 2035; x_wconf 86' lang='lat' dir='ltr'>hi,Spiritum</span> <span class='ocrx_word' id='word_1_419' title='bbox 919 1999 1062 2026; x_wconf 78' lang='lat' dir='ltr'>sant-tum</span> <span class='ocrx_word' id='word_1_420' title='bbox 1079 1996 1175 2026; x_wconf 89' lang='lat' dir='ltr'>etiam</span> <span class='ocrx_word' id='word_1_421' title='bbox 1195 2005 1210 2027; x_wconf 87' lang='lat' dir='ltr'>a</span> <span class='ocrx_word' id='word_1_422' title='bbox 1235 1997 1318 2028; x_wconf 90' lang='lat' dir='ltr'>Filio</span> <span class='ocrx_word' id='word_1_423' title='bbox 1342 1999 1529 2036; x_wconf 85' lang='lat' dir='ltr'>procedere,</span> <span class='ocrx_word' id='word_1_424' title='bbox 1553 2003 1582 2029; x_wconf 91' lang='lat' dir='ltr'>et</span> <span class='ocrx_word' id='word_1_425' title='bbox 1605 2008 1701 2039; x_wconf 87' lang='lat' dir='ltr'>quam</span> <span class='ocrx_word' id='word_1_426' title='bbox 1725 1999 1848 2038; x_wconf 77' lang='lat' dir='ltr'>legitima</span> 
     </span>
    </p>
   </div>
   <div class='ocr_carea' id='block_1_38' title="bbox 239 2047 1847 2089">
    <p class='ocr_par' dir='ltr' id='par_1_38' title="bbox 239 2047 1847 2089">
     <span class='ocr_line' id='line_1_38' title="bbox 239 2047 1847 2089; baseline -0.001 -9"><span class='ocrx_word' id='word_1_427' title='bbox 239 2049 320 2080; x_wconf 87' lang='lat' dir='ltr'>ratio</span> <span class='ocrx_word' id='word_1_428' title='bbox 338 2057 396 2079; x_wconf 89' lang='lat' dir='ltr'>seu</span> <span class='ocrx_word' id='word_1_429' title='bbox 413 2056 508 2078; x_wconf 86' lang='lat' dir='ltr'>causa</span> <span class='ocrx_word' id='word_1_430' title='bbox 525 2048 572 2078; x_wconf 87' lang='lat' dir='ltr'>eis</span> <span class='ocrx_word' id='word_1_431' title='bbox 590 2047 700 2083; x_wconf 89' lang='lat' dir='ltr'>fuerit,</span> <span class='ocrx_word' id='word_1_432' title='bbox 720 2051 754 2077; x_wconf 92' lang='lat' dir='ltr'>ut</span> <span class='ocrx_word' id='word_1_433' title='bbox 774 2047 960 2086; x_wconf 87' lang='lat' dir='ltr'>particulam</span> <span class='ocrx_word' id='word_1_434' title='bbox 981 2047 1125 2087; x_wconf 76' lang='lat' dir='ltr'>Filioque</span> <span class='ocrx_word' id='word_1_435' title='bbox 1140 2048 1170 2078; x_wconf 91' lang='lat' dir='ltr'>in</span> <span class='ocrx_word' id='word_1_436' title='bbox 1191 2053 1323 2079; x_wconf 73' lang='lat' dir='ltr'>sutemet</span> <span class='ocrx_word' id='word_1_437' title='bbox 1338 2057 1430 2080; x_wconf 91' lang='lat' dir='ltr'>usum</span> <span class='ocrx_word' id='word_1_438' title='bbox 1448 2050 1600 2082; x_wconf 80' lang='lat' dir='ltr'>Ecclesite</span> <span class='ocrx_word' id='word_1_439' title='bbox 1614 2051 1766 2089; x_wconf 59' lang='lat' dir='ltr'>Symbolo</span> <span class='ocrx_word' id='word_1_440' title='bbox 1788 2048 1847 2080; x_wconf 85' lang='lat' dir='ltr'>ﬁdei</span> 
     </span>
    </p>
   </div>
   <div class='ocr_carea' id='block_1_39' title="bbox 238 2098 1846 2140">
    <p class='ocr_par' dir='ltr' id='par_1_39' title="bbox 238 2098 1846 2140">
     <span class='ocr_line' id='line_1_39' title="bbox 238 2098 1846 2140; baseline 0.001 -12"><span class='ocrx_word' id='word_1_441' title='bbox 238 2099 450 2137; x_wconf 84' lang='lat' dir='ltr'>a-ljiciendam</span> <span class='ocrx_word' id='word_1_442' title='bbox 469 2098 621 2136; x_wconf 82' lang='lat' dir='ltr'>putarint.</span> <span class='ocrx_word' id='word_1_443' title='bbox 646 2099 718 2129; x_wconf 72' lang='lat' dir='ltr'>Haac</span> <span class='ocrx_word' id='word_1_444' title='bbox 734 2098 838 2136; x_wconf 89' lang='lat' dir='ltr'>reipsa</span> <span class='ocrx_word' id='word_1_445' title='bbox 856 2099 894 2128; x_wconf 89' lang='lat' dir='ltr'>ab</span> <span class='ocrx_word' id='word_1_446' title='bbox 909 2098 1152 2138; x_wconf 86' lang='lat' dir='ltr'>&#39;I‘heophylacto</span> <span class='ocrx_word' id='word_1_447' title='bbox 1170 2099 1312 2138; x_wconf 84' lang='lat' dir='ltr'>ignorata</span> <span class='ocrx_word' id='word_1_448' title='bbox 1332 2100 1444 2138; x_wconf 78' lang='lat' dir='ltr'>fuisse,</span> <span class='ocrx_word' id='word_1_449' title='bbox 1462 2101 1602 2132; x_wconf 79' lang='lat' dir='ltr'>dubitari</span> <span class='ocrx_word' id='word_1_450' title='bbox 1627 2102 1679 2132; x_wconf 83' lang='lat' dir='ltr'>vix</span> <span class='ocrx_word' id='word_1_451' title='bbox 1701 2103 1811 2140; x_wconf 86' lang='lat' dir='ltr'>potest,</span> <span class='ocrx_word' id='word_1_452' title='bbox 1827 2098 1846 2127; x_wconf 80' lang='lat' dir='ltr'>si</span> 
     </span>
    </p>
   </div>
   <div class='ocr_carea' id='block_1_40' title="bbox 239 2148 1845 2189">
    <p class='ocr_par' dir='ltr' id='par_1_40' title="bbox 239 2148 1845 2189">
     <span class='ocr_line' id='line_1_40' title="bbox 239 2148 1845 2189; baseline 0 -10"><span class='ocrx_word' id='word_1_453' title='bbox 239 2153 425 2187; x_wconf 65' lang='lat' dir='ltr'>argumenta</span> <span class='ocrx_word' id='word_1_454' title='bbox 440 2148 535 2187; x_wconf 89' lang='lat' dir='ltr'>queis</span> <span class='ocrx_word' id='word_1_455' title='bbox 550 2156 639 2178; x_wconf 87' lang='lat' dir='ltr'>suam</span> <span class='ocrx_word' id='word_1_456' title='bbox 657 2149 725 2186; x_wconf 90' lang='lat' dir='ltr'>ipse</span> <span class='ocrx_word' id='word_1_457' title='bbox 740 2156 867 2179; x_wconf 85' lang='lat' dir='ltr'>causam</span> <span class='ocrx_word' id='word_1_458' title='bbox 886 2153 1077 2188; x_wconf 74' lang='lat' dir='ltr'>propugnat,</span> <span class='ocrx_word' id='word_1_459' title='bbox 1102 2149 1196 2187; x_wconf 86' lang='lat' dir='ltr'>paulo</span> <span class='ocrx_word' id='word_1_460' title='bbox 1218 2150 1373 2180; x_wconf 74' lang='lat' dir='ltr'>attentius</span> <span class='ocrx_word' id='word_1_461' title='bbox 1398 2152 1632 2189; x_wconf 81' lang='lat' dir='ltr'>expendantur.</span> <span class='ocrx_word' id='word_1_462' title='bbox 1656 2154 1747 2183; x_wconf 84' lang='lat' dir='ltr'>Anne</span> <span class='ocrx_word' id='word_1_463' title='bbox 1773 2149 1845 2181; x_wconf 84' lang='lat' dir='ltr'>enim</span> 
     </span>
    </p>
   </div>
   <div class='ocr_carea' id='block_1_41' title="bbox 242 2198 1847 2243">
    <p class='ocr_par' dir='ltr' id='par_1_41' title="bbox 242 2198 1847 2243">
     <span class='ocr_line' id='line_1_41' title="bbox 242 2198 1847 2243; baseline 0.001 -14"><span class='ocrx_word' id='word_1_464' title='bbox 242 2208 321 2229; x_wconf 75' lang='lat' dir='ltr'>usus</span> <span class='ocrx_word' id='word_1_465' title='bbox 338 2207 480 2238; x_wconf 87' lang='lat' dir='ltr'>unquam</span> <span class='ocrx_word' id='word_1_466' title='bbox 509 2198 616 2229; x_wconf 84' lang='lat' dir='ltr'>verbis</span> <span class='ocrx_word' id='word_1_467' title='bbox 633 2199 698 2229; x_wconf 88' lang='lat' dir='ltr'>illis</span> <span class='ocrx_word' id='word_1_468' title='bbox 718 2199 913 2238; x_wconf 82' lang='lat' dir='ltr'>evangelicis</span> <span class='ocrx_word' id='word_1_469' title='bbox 941 2199 1055 2230; x_wconf 85' lang='lat' dir='ltr'>fuisset</span> <span class='ocrx_word' id='word_1_470' title='bbox 1076 2211 1080 2217; x_wconf 69' lang='grc' dir='ltr'>ι</span> <span class='ocrx_word' id='word_1_471' title='bbox 1098 2200 1229 2230; x_wconf 76' lang='lat' dir='ltr'>Ostende</span> <span class='ocrx_word' id='word_1_472' title='bbox 1251 2201 1340 2232; x_wconf 79' lang='lat' dir='ltr'>nobis</span> <span class='ocrx_word' id='word_1_473' title='bbox 1365 2202 1488 2232; x_wconf 84' lang='lat' dir='ltr'>Patrem</span> <span class='ocrx_word' id='word_1_474' title='bbox 1515 2202 1584 2243; x_wconf 90' lang='lat' dir='ltr'>(qui</span> <span class='ocrx_word' id='word_1_475' title='bbox 1616 2212 1731 2242; x_wconf 82' lang='lat' dir='ltr'>nempe</span> <span class='ocrx_word' id='word_1_476' title='bbox 1753 2203 1847 2233; x_wconf 81' lang='lat' dir='ltr'>doceat</span> 
     </span>
    </p>
   </div>
   <div class='ocr_carea' id='block_1_42' title="bbox 240 2250 1846 2292">
    <p class='ocr_par' dir='ltr' id='par_1_42' title="bbox 240 2250 1846 2292">
     <span class='ocr_line' id='line_1_42' title="bbox 240 2250 1846 2292; baseline 0.001 -12"><span class='ocrx_word' id='word_1_477' title='bbox 240 2250 392 2288; x_wconf 84' lang='lat' dir='ltr'>Spiritum</span> <span class='ocrx_word' id='word_1_478' title='bbox 406 2254 548 2280; x_wconf 85' lang='lat' dir='ltr'>sanctum</span> <span class='ocrx_word' id='word_1_479' title='bbox 562 2258 578 2280; x_wconf 87' lang='lat' dir='ltr'>a</span> <span class='ocrx_word' id='word_1_480' title='bbox 596 2250 676 2281; x_wconf 91' lang='lat' dir='ltr'><strong>Filio</strong></span> <span class='ocrx_word' id='word_1_481' title='bbox 691 2251 887 2290; x_wconf 87' lang='lat' dir='ltr'>procedere),</span> <span class='ocrx_word' id='word_1_482' title='bbox 900 2255 928 2281; x_wconf 80' lang='lat' dir='ltr'>cl</span> <span class='ocrx_word' id='word_1_483' title='bbox 942 2251 1058 2291; x_wconf 81' lang='lat' dir='ltr'>sufﬁcit</span> <span class='ocrx_word' id='word_1_484' title='bbox 1075 2251 1164 2282; x_wconf 83' lang='lat' dir='ltr'>nobis</span> <span class='ocrx_word' id='word_1_485' title='bbox 1182 2252 1235 2291; x_wconf 79' lang='grc' dir='ltr'>(ὸ),</span> <span class='ocrx_word' id='word_1_486' title='bbox 1255 2253 1283 2282; x_wconf 92' lang='lat' dir='ltr'>si</span> <span class='ocrx_word' id='word_1_487' title='bbox 1303 2254 1518 2292; x_wconf 67' lang='lat' dir='ltr'>cognovisset,</span> <span class='ocrx_word' id='word_1_488' title='bbox 1536 2259 1578 2285; x_wconf 90' lang='lat' dir='ltr'>tot</span> <span class='ocrx_word' id='word_1_489' title='bbox 1598 2264 1670 2285; x_wconf 89' lang='lat' dir='ltr'>esse</span> <span class='ocrx_word' id='word_1_490' title='bbox 1696 2257 1808 2288; x_wconf 79' lang='lat' dir='ltr'>Patres,</span> <span class='ocrx_word' id='word_1_491' title='bbox 1822 2255 1846 2282; x_wconf 88' lang='lat' dir='ltr'>et</span> 
     </span>
    </p>
   </div>
   <div class='ocr_carea' id='block_1_43' title="bbox 239 2300 1846 2344">
    <p class='ocr_par' dir='ltr' id='par_1_43' title="bbox 239 2300 1846 2344">
     <span class='ocr_line' id='line_1_43' title="bbox 239 2300 1846 2344; baseline 0 -13"><span class='ocrx_word' id='word_1_492' title='bbox 239 2300 482 2340; x_wconf 79' lang='lat' dir='ltr'>probatissimos</span> <span class='ocrx_word' id='word_1_493' title='bbox 497 2300 640 2340; x_wconf 82' lang='lat' dir='ltr'>quidem,</span> <span class='ocrx_word' id='word_1_494' title='bbox 654 2304 684 2331; x_wconf 89' lang='lat' dir='ltr'>et</span> <span class='ocrx_word' id='word_1_495' title='bbox 701 2309 761 2331; x_wconf 92' lang='lat' dir='ltr'>non</span> <span class='ocrx_word' id='word_1_496' title='bbox 778 2302 873 2332; x_wconf 89' lang='lat' dir='ltr'>modo</span> <span class='ocrx_word' id='word_1_497' title='bbox 895 2302 1034 2338; x_wconf 87' lang='lat' dir='ltr'>Latinos,</span> <span class='ocrx_word' id='word_1_498' title='bbox 1051 2302 1106 2340; x_wconf 94' lang='lat' dir='ltr'>qui</span> <span class='ocrx_word' id='word_1_499' title='bbox 1119 2302 1339 2334; x_wconf 85' lang='lat' dir='ltr'>ﬁoruereaute</span> <span class='ocrx_word' id='word_1_500' title='bbox 1353 2304 1566 2335; x_wconf 55' lang='lat' dir='ltr'>dissensionis</span> <span class='ocrx_word' id='word_1_501' title='bbox 1584 2305 1713 2336; x_wconf 86' lang='lat' dir='ltr'>initium</span> <span class='ocrx_word' id='word_1_502' title='bbox 1731 2302 1846 2344; x_wconf 81' lang='lat' dir='ltr'>(quibus</span> 
     </span>
    </p>
   </div>
   <div class='ocr_carea' id='block_1_44' title="bbox 243 2352 1846 2396">
    <p class='ocr_par' dir='ltr' id='par_1_44' title="bbox 243 2352 1846 2396">
     <span class='ocr_line' id='line_1_44' title="bbox 243 2352 1846 2396; baseline 0.002 -13"><span class='ocrx_word' id='word_1_503' title='bbox 243 2354 375 2394; x_wconf 84' lang='lat' dir='ltr'>proinde</span> <span class='ocrx_word' id='word_1_504' title='bbox 390 2354 595 2393; x_wconf 81' lang='lat' dir='ltr'>probatorum</span> <span class='ocrx_word' id='word_1_505' title='bbox 609 2354 738 2384; x_wconf 82' lang='lat' dir='ltr'>Parrum</span> <span class='ocrx_word' id='word_1_506' title='bbox 755 2360 784 2384; x_wconf 86' lang='lat' dir='ltr'>et</span> <span class='ocrx_word' id='word_1_507' title='bbox 799 2362 914 2385; x_wconf 90' lang='lat' dir='ltr'>nomen</span> <span class='ocrx_word' id='word_1_508' title='bbox 932 2359 962 2386; x_wconf 89' lang='lat' dir='ltr'>et</span> <span class='ocrx_word' id='word_1_509' title='bbox 980 2354 1111 2393; x_wconf 79' lang='lat' dir='ltr'>gradum</span> <span class='ocrx_word' id='word_1_510' title='bbox 1131 2363 1223 2385; x_wconf 89' lang='lat' dir='ltr'>nemo</span> <span class='ocrx_word' id='word_1_511' title='bbox 1244 2364 1331 2392; x_wconf 84' lang='lat' dir='ltr'>sane,</span> <span class='ocrx_word' id='word_1_512' title='bbox 1344 2356 1398 2395; x_wconf 91' lang='lat' dir='ltr'>qui</span> <span class='ocrx_word' id='word_1_513' title='bbox 1414 2361 1495 2387; x_wconf 82' lang='lat' dir='ltr'>recte</span> <span class='ocrx_word' id='word_1_514' title='bbox 1513 2357 1639 2393; x_wconf 71' lang='lat' dir='ltr'>sentiat,</span> <span class='ocrx_word' id='word_1_515' title='bbox 1652 2352 1846 2396; x_wconf 68' lang='lat' dir='ltr'>abjudicaril),</span> 
     </span>
    </p>
   </div>
   <div class='ocr_carea' id='block_1_45' title="bbox 241 2404 1846 2447">
    <p class='ocr_par' dir='ltr' id='par_1_45' title="bbox 241 2404 1846 2447">
     <span class='ocr_line' id='line_1_45' title="bbox 241 2404 1846 2447; baseline 0.002 -11"><span class='ocrx_word' id='word_1_516' title='bbox 241 2407 296 2436; x_wconf 87' lang='lat' dir='ltr'>sed</span> <span class='ocrx_word' id='word_1_517' title='bbox 314 2406 408 2436; x_wconf 84' lang='lat' dir='ltr'>etiam</span> <span class='ocrx_word' id='word_1_518' title='bbox 424 2406 562 2439; x_wconf 83' lang='lat' dir='ltr'>Graecos,</span> <span class='ocrx_word' id='word_1_519' title='bbox 577 2404 634 2444; x_wconf 89' lang='lat' dir='ltr'>qui</span> <span class='ocrx_word' id='word_1_520' title='bbox 648 2407 787 2435; x_wconf 86' lang='lat' dir='ltr'>nostram</span> <span class='ocrx_word' id='word_1_521' title='bbox 805 2405 966 2436; x_wconf 82' lang='lat' dir='ltr'>tradidere</span> <span class='ocrx_word' id='word_1_522' title='bbox 983 2405 1197 2436; x_wconf 86' lang='lat' dir='ltr'>sententiam?</span> <span class='ocrx_word' id='word_1_523' title='bbox 1209 2406 1268 2437; x_wconf 87' lang='lat' dir='ltr'>llic</span> <span class='ocrx_word' id='word_1_524' title='bbox 1282 2415 1370 2442; x_wconf 85' lang='lat' dir='ltr'>vero,</span> <span class='ocrx_word' id='word_1_525' title='bbox 1383 2411 1552 2446; x_wconf 86' lang='lat' dir='ltr'>antequam</span> <span class='ocrx_word' id='word_1_526' title='bbox 1569 2408 1648 2438; x_wconf 85' lang='lat' dir='ltr'>ultra</span> <span class='ocrx_word' id='word_1_527' title='bbox 1666 2405 1846 2447; x_wconf 78' lang='lat' dir='ltr'>progredior.</span> 
     </span>
    </p>
   </div>
   <div class='ocr_carea' id='block_1_46' title="bbox 241 2454 1848 2497">
    <p class='ocr_par' dir='ltr' id='par_1_46' title="bbox 241 2454 1848 2497">
     <span class='ocr_line' id='line_1_46' title="bbox 241 2454 1848 2497; baseline 0 -11"><span class='ocrx_word' id='word_1_528' title='bbox 241 2455 392 2486; x_wconf 86' lang='lat' dir='ltr'>cohibere</span> <span class='ocrx_word' id='word_1_529' title='bbox 413 2464 461 2485; x_wconf 89' lang='lat' dir='ltr'>me</span> <span class='ocrx_word' id='word_1_530' title='bbox 480 2462 543 2484; x_wconf 91' lang='lat' dir='ltr'>non</span> <span class='ocrx_word' id='word_1_531' title='bbox 565 2463 708 2493; x_wconf 87' lang='lat' dir='ltr'>possum,</span> <span class='ocrx_word' id='word_1_532' title='bbox 727 2455 807 2494; x_wconf 93' lang='lat' dir='ltr'>quin</span> <span class='ocrx_word' id='word_1_533' title='bbox 827 2455 1032 2485; x_wconf 84' lang='lat' dir='ltr'>vehementer</span> <span class='ocrx_word' id='word_1_534' title='bbox 1044 2464 1160 2495; x_wconf 85' lang='lat' dir='ltr'>querar</span> <span class='ocrx_word' id='word_1_535' title='bbox 1176 2458 1447 2497; x_wconf 79' lang='lat' dir='ltr'>expostulemque</span> <span class='ocrx_word' id='word_1_536' title='bbox 1464 2458 1503 2488; x_wconf 90' lang='lat' dir='ltr'>de</span> <span class='ocrx_word' id='word_1_537' title='bbox 1519 2459 1721 2495; x_wconf 87' lang='lat' dir='ltr'>apertissima</span> <span class='ocrx_word' id='word_1_538' title='bbox 1746 2454 1848 2495; x_wconf 75' lang='lat' dir='ltr'>injuria</span> 
     </span>
    </p>
   </div>
   <div class='ocr_carea' id='block_1_47' title="bbox 243 2504 1847 2549">
    <p class='ocr_par' dir='ltr' id='par_1_47' title="bbox 243 2504 1847 2549">
     <span class='ocr_line' id='line_1_47' title="bbox 243 2504 1847 2549; baseline -0.002 -13"><span class='ocrx_word' id='word_1_539' title='bbox 243 2515 338 2546; x_wconf 87' lang='lat' dir='ltr'>quam</span> <span class='ocrx_word' id='word_1_540' title='bbox 363 2505 463 2536; x_wconf 77' lang='lat' dir='ltr'>Grteci</span> <span class='ocrx_word' id='word_1_541' title='bbox 490 2509 606 2536; x_wconf 81' lang='lat' dir='ltr'>nostrae</span> <span class='ocrx_word' id='word_1_542' title='bbox 634 2504 731 2544; x_wconf 80' lang='lat' dir='ltr'>hujus</span> <span class='ocrx_word' id='word_1_543' title='bbox 758 2507 857 2536; x_wconf 66' lang='lat' dir='ltr'>aetatis</span> <span class='ocrx_word' id='word_1_544' title='bbox 872 2514 937 2536; x_wconf 88' lang='lat' dir='ltr'>non</span> <span class='ocrx_word' id='word_1_545' title='bbox 956 2506 1074 2549; x_wconf 83' lang='lat' dir='ltr'>Latinae</span> <span class='ocrx_word' id='word_1_546' title='bbox 1098 2511 1231 2544; x_wconf 87' lang='lat' dir='ltr'>tantum,</span> <span class='ocrx_word' id='word_1_547' title='bbox 1254 2507 1312 2537; x_wconf 90' lang='lat' dir='ltr'>sed</span> <span class='ocrx_word' id='word_1_548' title='bbox 1339 2511 1370 2538; x_wconf 90' lang='lat' dir='ltr'>et</span> <span class='ocrx_word' id='word_1_549' title='bbox 1391 2509 1551 2539; x_wconf 60' lang='lat' dir='ltr'>universa;</span> <span class='ocrx_word' id='word_1_550' title='bbox 1577 2509 1729 2539; x_wconf 66' lang='lat' dir='ltr'>Ecclesia:</span> <span class='ocrx_word' id='word_1_551' title='bbox 1745 2505 1847 2537; x_wconf 85' lang='lat' dir='ltr'>inferre</span> 
     </span>
    </p>
   </div>
   <div class='ocr_carea' id='block_1_48' title="bbox 245 2557 1846 2598">
    <p class='ocr_par' dir='ltr' id='par_1_48' title="bbox 245 2557 1846 2598">
     <span class='ocr_line' id='line_1_48' title="bbox 245 2557 1846 2598; baseline -0.001 -12"><span class='ocrx_word' id='word_1_552' title='bbox 245 2557 327 2587; x_wconf 87' lang='lat' dir='ltr'>haud</span> <span class='ocrx_word' id='word_1_553' title='bbox 359 2557 579 2593; x_wconf 84' lang='lat' dir='ltr'>reformidant,</span> <span class='ocrx_word' id='word_1_554' title='bbox 609 2557 686 2587; x_wconf 90' lang='lat' dir='ltr'>dum</span> <span class='ocrx_word' id='word_1_555' title='bbox 717 2557 968 2587; x_wconf 72' lang='lat' dir='ltr'>controversiam</span> <span class='ocrx_word' id='word_1_556' title='bbox 997 2557 1077 2588; x_wconf 82' lang='lat' dir='ltr'>lianc</span> <span class='ocrx_word' id='word_1_557' title='bbox 1101 2557 1175 2589; x_wconf 86' lang='lat' dir='ltr'>ﬁdei</span> <span class='ocrx_word' id='word_1_558' title='bbox 1209 2558 1246 2588; x_wconf 88' lang='lat' dir='ltr'>ad</span> <span class='ocrx_word' id='word_1_559' title='bbox 1276 2559 1401 2588; x_wconf 71' lang='lat' dir='ltr'>Graecos</span> <span class='ocrx_word' id='word_1_560' title='bbox 1429 2563 1550 2590; x_wconf 87' lang='lat' dir='ltr'>tantum</span> <span class='ocrx_word' id='word_1_561' title='bbox 1574 2559 1762 2598; x_wconf 75' lang='lat' dir='ltr'>exigendam</span> <span class='ocrx_word' id='word_1_562' title='bbox 1789 2560 1846 2584; x_wconf 60' lang='lat' dir='ltr'>esse</span> 
     </span>
    </p>
   </div>
   <div class='ocr_carea' id='block_1_49' title="bbox 245 2603 1847 2647">
    <p class='ocr_par' dir='ltr' id='par_1_49' title="bbox 245 2603 1847 2647">
     <span class='ocr_line' id='line_1_49' title="bbox 245 2603 1847 2647; baseline -0.002 -9"><span class='ocrx_word' id='word_1_563' title='bbox 245 2609 365 2646; x_wconf 86' lang='lat' dir='ltr'>I’atres,</span> <span class='ocrx_word' id='word_1_564' title='bbox 391 2617 431 2639; x_wconf 78' lang='lat' dir='ltr'>ex</span> <span class='ocrx_word' id='word_1_565' title='bbox 460 2617 638 2646; x_wconf 89' lang='lat' dir='ltr'>eorumque</span> <span class='ocrx_word' id='word_1_566' title='bbox 667 2608 792 2647; x_wconf 86' lang='lat' dir='ltr'>placitis</span> <span class='ocrx_word' id='word_1_567' title='bbox 820 2608 1035 2639; x_wconf 78' lang='lat' dir='ltr'>deliniendam</span> <span class='ocrx_word' id='word_1_568' title='bbox 1064 2617 1134 2639; x_wconf 77' lang='lat' dir='ltr'>esse</span> <span class='ocrx_word' id='word_1_569' title='bbox 1163 2609 1374 2639; x_wconf 77' lang='lat' dir='ltr'>contendunt.</span> <span class='ocrx_word' id='word_1_570' title='bbox 1403 2609 1486 2645; x_wconf 87' lang='lat' dir='ltr'>Quid</span> <span class='ocrx_word' id='word_1_571' title='bbox 1509 2609 1616 2639; x_wconf 86' lang='lat' dir='ltr'>enim?</span> <span class='ocrx_word' id='word_1_572' title='bbox 1638 2611 1685 2640; x_wconf 89' lang='lat' dir='ltr'>An</span> <span class='ocrx_word' id='word_1_573' title='bbox 1714 2603 1847 2639; x_wconf 74' lang='lat' dir='ltr'>catholica</span> 
     </span>
    </p>
   </div>
   <div class='ocr_carea' id='block_1_50' title="bbox 281 2741 1845 2780">
    <p class='ocr_par' dir='ltr' id='par_1_50' title="bbox 281 2741 1845 2780">
     <span class='ocr_line' id='line_1_50' title="bbox 281 2741 1845 2780; baseline -0.002 -6"><span class='ocrx_word' id='word_1_574' title='bbox 281 2747 319 2780; x_wconf 78' lang='grc' dir='ltr'>(α)</span> <span class='ocrx_word' id='word_1_575' title='bbox 340 2746 396 2774; x_wconf 81' lang='lat' dir='ltr'>&quot;ac</span> <span class='ocrx_word' id='word_1_576' title='bbox 416 2746 522 2774; x_wconf 82' lang='lat' dir='ltr'>ratione</span> <span class='ocrx_word' id='word_1_577' title='bbox 544 2753 605 2773; x_wconf 81' lang='lat' dir='ltr'>eum</span> <span class='ocrx_word' id='word_1_578' title='bbox 635 2749 805 2772; x_wconf 72' lang='lat' dir='ltr'>evrrsaruut</span> <span class='ocrx_word' id='word_1_579' title='bbox 831 2749 956 2780; x_wconf 78' lang='lat' dir='ltr'>auctores</span> <span class='ocrx_word' id='word_1_580' title='bbox 973 2743 1031 2771; x_wconf 69' lang='lat' dir='ltr'>eili-</span> <span class='ocrx_word' id='word_1_581' title='bbox 1084 2745 1191 2772; x_wconf 75' lang='lat' dir='ltr'>lorutns</span> <span class='ocrx_word' id='word_1_582' title='bbox 1212 2745 1291 2772; x_wconf 80' lang='lat' dir='ltr'>fuerit</span> <span class='ocrx_word' id='word_1_583' title='bbox 1308 2743 1475 2780; x_wconf 67' lang='lat' dir='ltr'>tle_Spiritus</span> <span class='ocrx_word' id='word_1_584' title='bbox 1487 2743 1574 2771; x_wconf 83' lang='lat' dir='ltr'>sancti</span> <span class='ocrx_word' id='word_1_585' title='bbox 1589 2741 1845 2780; x_wconf 57' lang='lat' dir='ltr'>processionr).4&#39;f&#39;f‘</span> 
     </span>
    </p>
   </div>
   <div class='ocr_carea' id='block_1_51' title="bbox 243 2773 1845 2814">
    <p class='ocr_par' dir='ltr' id='par_1_51' title="bbox 243 2773 1845 2814">
     <span class='ocr_line' id='line_1_51' title="bbox 243 2773 1845 2814; baseline -0.005 -7"><span class='ocrx_word' id='word_1_586' title='bbox 243 2773 348 2809; x_wconf 51' lang='lat' dir='ltr'>tin‘mim</span> <span class='ocrx_word' id='word_1_587' title='bbox 368 2773 432 2809; x_wconf 77' lang='lat' dir='ltr'>anu.</span> <span class='ocrx_word' id='word_1_588' title='bbox 454 2782 535 2812; x_wconf 73' lang='grc'>1551.</span> <span class='ocrx_word' id='word_1_589' title='bbox 552 2781 620 2808; x_wconf 72' lang='grc'>1542</span> <span class='ocrx_word' id='word_1_590' title='bbox 633 2785 660 2807; x_wconf 87' lang='lat' dir='ltr'>et</span> <span class='ocrx_word' id='word_1_591' title='bbox 675 2780 753 2812; x_wconf 63' lang='grc' dir='ltr'>15ἲὶ4,</span> <span class='ocrx_word' id='word_1_592' title='bbox 775 2787 844 2814; x_wconf 78' lang='lat' dir='ltr'>qttas</span> <span class='ocrx_word' id='word_1_593' title='bbox 857 2779 946 2806; x_wconf 72' lang='lat' dir='ltr'>videre</span> <span class='ocrx_word' id='word_1_594' title='bbox 965 2780 1029 2807; x_wconf 88' lang='lat' dir='ltr'>mihi</span> <span class='ocrx_word' id='word_1_595' title='bbox 1084 2781 1191 2807; x_wconf 84' lang='lat' dir='ltr'>minime</span> <span class='ocrx_word' id='word_1_596' title='bbox 1204 2785 1264 2807; x_wconf 81' lang='lat' dir='ltr'>tunc</span> <span class='ocrx_word' id='word_1_597' title='bbox 1284 2781 1316 2806; x_wconf 83' lang='lat' dir='ltr'>ab</span> <span class='ocrx_word' id='word_1_598' title='bbox 1338 2773 1457 2805; x_wconf 67' lang='lat' dir='ltr'>Ecclesia</span> <span class='ocrx_word' id='word_1_599' title='bbox 1477 2773 1622 2806; x_wconf 67' lang='lat' dir='ltr'>uniuersoli</span> <span class='ocrx_word' id='word_1_600' title='bbox 1647 2773 1777 2814; x_wconf 73' lang='lat' dir='ltr'>deﬁnitum</span> <span class='ocrx_word' id='word_1_601' title='bbox 1789 2773 1845 2802; x_wconf 70' lang='grc' dir='ltr'><em>εηιτ»</em></span> 
     </span>
    </p>
   </div>
   <div class='ocr_carea' id='block_1_52' title="bbox 244 2815 1484 2851">
    <p class='ocr_par' dir='ltr' id='par_1_52' title="bbox 244 2815 1484 2851">
     <span class='ocr_line' id='line_1_52' title="bbox 244 2815 1484 2851; baseline 0 -9"><span class='ocrx_word' id='word_1_602' title='bbox 244 2817 332 2844; x_wconf 74' lang='lat' dir='ltr'>lii-uit.</span> <span class='ocrx_word' id='word_1_603' title='bbox 348 2817 560 2845; x_wconf 68' lang='lat' dir='ltr'>Enni-rationm&quot;</span> <span class='ocrx_word' id='word_1_604' title='bbox 589 2817 675 2851; x_wconf 74' lang='lat' dir='ltr'>ipsius</span> <span class='ocrx_word' id='word_1_605' title='bbox 697 2816 722 2842; x_wconf 91' lang='lat' dir='ltr'>in</span> <span class='ocrx_word' id='word_1_606' title='bbox 742 2820 858 2849; x_wconf 76' lang='lat' dir='ltr'>quatuor</span> <span class='ocrx_word' id='word_1_607' title='bbox 877 2815 1029 2851; x_wconf 54' lang='lat' dir='ltr'>Evangelia.</span> <span class='ocrx_word' id='word_1_608' title='bbox 1085 2824 1142 2842; x_wconf 82' lang='lat' dir='ltr'>eum</span> <span class='ocrx_word' id='word_1_609' title='bbox 1159 2815 1192 2841; x_wconf 87' lang='lat' dir='ltr'>ab</span> <span class='ocrx_word' id='word_1_610' title='bbox 1208 2821 1317 2848; x_wconf 68' lang='lat' dir='ltr'>ntroqne</span> <span class='ocrx_word' id='word_1_611' title='bbox 1334 2815 1484 2848; x_wconf 78' lang='lat' dir='ltr'>procedere.</span> 
     </span>
    </p>
   </div>
   <div class='ocr_carea' id='block_1_53' title="bbox 247 2850 1318 2887">
    <p class='ocr_par' dir='ltr' id='par_1_53' title="bbox 247 2850 1318 2887">
     <span class='ocr_line' id='line_1_53' title="bbox 247 2850 1318 2887; baseline -0.001 -10"><span class='ocrx_word' id='word_1_612' title='bbox 247 2851 334 2878; x_wconf 63' lang='lat' dir='ltr'>Verba</span> <span class='ocrx_word' id='word_1_613' title='bbox 347 2853 455 2878; x_wconf 76' lang='lat' dir='ltr'>illorum</span> <span class='ocrx_word' id='word_1_614' title='bbox 470 2850 611 2878; x_wconf 72' lang='lat' dir='ltr'>mlra‘lccru</span> <span class='ocrx_word' id='word_1_615' title='bbox 622 2851 872 2887; x_wconf 70' lang='lat' dir='ltr'>Joannisluec&#39;sunt</span> <span class='ocrx_word' id='word_1_616' title='bbox 885 2859 892 2887; x_wconf 57' lang='grc' dir='ltr'>ξ</span> <span class='ocrx_word' id='word_1_617' title='bbox 907 2850 1031 2887; x_wconf 73' lang='lat' dir='ltr'>Propter-</span> <span class='ocrx_word' id='word_1_618' title='bbox 1122 2851 1158 2887; x_wconf 70' lang='grc' dir='ltr'>(ὁ)</span> <span class='ocrx_word' id='word_1_619' title='bbox 1176 2850 1243 2878; x_wconf 80' lang='lat' dir='ltr'>Num</span> <span class='ocrx_word' id='word_1_620' title='bbox 1273 2851 1318 2878; x_wconf 80' lang='lat' dir='ltr'>ill.</span> 
     </span>
    </p>
   </div>
   <div class='ocr_carea' id='block_1_54' title="bbox 247 2885 1031 2919">
    <p class='ocr_par' dir='ltr' id='par_1_54' title="bbox 247 2885 1031 2919">
     <span class='ocr_line' id='line_1_54' title="bbox 247 2885 1031 2919; baseline 0.005 -5"><span class='ocrx_word' id='word_1_621' title='bbox 247 2896 277 2914; x_wconf 80' lang='lat' dir='ltr'>ea</span> <span class='ocrx_word' id='word_1_622' title='bbox 294 2887 517 2916; x_wconf 67' lang='lat' dir='ltr'>rrvrcln&#39;nilcndns</span> <span class='ocrx_word' id='word_1_623' title='bbox 535 2895 585 2914; x_wconf 82' lang='lat' dir='ltr'>non</span> <span class='ocrx_word' id='word_1_624' title='bbox 600 2892 638 2913; x_wconf 68' lang='lat' dir='ltr'>est</span> <span class='ocrx_word' id='word_1_625' title='bbox 659 2885 866 2919; x_wconf 61' lang='lat' dir='ltr'>&#39;l&#39;heophulac-‘us</span> <span class='ocrx_word' id='word_1_626' title='bbox 884 2885 966 2918; x_wconf 70' lang='grc' dir='ltr'>(ειυοά</span> <span class='ocrx_word' id='word_1_627' title='bbox 996 2887 1031 2912; x_wconf 68' lang='grc' dir='ltr'>ίιῢ</span> 
     </span>
    </p>
   </div>
  </div>
