1880 3055
45 93 95 126 ἄὲθ
481 93 521 124 IN
543 94 759 129 SEQUENTIA
778 95 1065 127 THEOPHYLACTI
1082 96 1252 128 SCRIPTA.
1626 101 1679 132 650

49 151 194 182 Ecclesia
224 151 304 182 intra
330 149 431 181 solius
453 151 584 182 Grmcitc
605 156 651 181 vel
676 150 818 181 Orientis
839 151 918 181 ﬁnes
941 151 1036 181 etiam
1061 151 1172 190 primis
1203 151 1354 183 Ecclesia-
1380 155 1508 187 smcutis
1528 154 1678 187 conclusa

46 203 133 233 erat?
163 204 232 232 Aut
261 201 368 232 dicina
390 201 533 237 traditio,
560 202 654 241 cujus
684 202 811 240 propria
838 201 895 231 dos
922 206 982 238 est,
1003 210 1122 240 semper
1138 206 1168 233 et
1189 202 1303 242 ubique
1327 206 1448 244 vigere,
1464 214 1503 236 ex
1520 204 1680 236 Orientalt'

47 256 172 282 tantum
193 252 338 282 Ecclesia
358 251 532 282 haurienda
553 253 780 290 pensandaque
797 252 865 282 est?
883 251 1072 290 Ecquishac
1097 253 1303 292 praerogativa
1329 255 1509 287 Orientales
1530 255 1681 286 donavit?

48 306 92 334 An
114 303 285 339 Christus,
309 304 363 341 qui
384 303 596 342 Evangelium
621 303 653 334 in
676 303 830 334 universo
849 303 969 334 mundo
996 304 1230 342 przadieandum
1252 305 1373 336 edixit?
1392 307 1440 337 An
1455 306 1605 346 apostoli,
1621 306 1679 345 qui

47 356 126 386 illud
144 357 386 386 annuntiarunt
405 355 524 394 ubique
539 346 714 391 terrarum;
738 363 916 393 eorumque
938 354 1126 394 corypltmbs
1147 355 1260 385 Petrus
1282 356 1412 387 Romam
1430 366 1502 388 cum
1527 357 1681 387 doctrinm

47 415 122 441 sum,
139 410 215 436 tum
241 407 335 437 etiam
365 407 530 446 potestatis
556 406 665 437 sedem
694 406 883 437 constituit?
907 406 962 436 ubi
988 406 1082 436 etiam
1105 406 1224 437 Paulus
1244 407 1384 438 doctoris
1398 417 1532 440 munere
1549 410 1679 441 functus

48 457 183 487 hiennir)
205 460 255 487 est
273 467 281 486 :
300 460 333 488 ut
349 457 388 488 de
403 457 524 486 ueteris
536 457 646 487 sileant
662 456 828 495 apostolis,
846 465 983 495 quorum
1000 457 1099 496 aliqui
1117 465 1172 496 per
1192 457 1329 496 seipsos,
1347 458 1400 488 alii
1422 468 1476 498 per
1501 460 1679 500 discipulus

49 510 84 539 ab
98 517 132 539 se
152 509 327 539 institutos
342 509 375 539 in
393 509 494 539 varias
512 509 697 538 Occidentis
716 509 897 546 provincias
919 517 953 538 ac
970 517 1065 547 regna
1086 509 1262 539 dominam
1287 511 1502 549 evangelicam
1524 511 1678 542 dissemi-

53 563 182 590 narunt.
215 559 370 596 Quamvis
386 559 486 599 igitur
514 560 638 591 nullum
659 569 696 590 ex
718 560 834 590 Graecis
861 560 1006 590 Panibus
1034 560 1139 591 afferri
1172 565 1279 600 posset
1304 569 1360 599 pro
1394 562 1504 592 Latino
1532 562 1678 602 dogmate

51 611 290 648 testimonium,
321 619 426 641 nonne
453 611 531 641 satis
560 615 645 641 esset
670 612 833 641 unanimis
867 612 1052 642 Latinorum
1076 613 1204 643 Patrum
1234 612 1406 649 sententia,
1436 616 1469 643 ut
1498 613 1615 643 nedum
1640 615 1679 644 ab

51 660 154 691 omnis
169 661 361 699 suspicione
377 661 494 691 erroris
510 661 740 698 absolveretur,
760 662 814 692 sed
832 661 926 692 etiam
943 665 976 692 nt
992 663 1145 701 apostolis
1158 663 1238 701 ipsis
1256 661 1427 693 referretur
1443 664 1629 702 acceptum?
1644 665 1679 694 Et

51 718 123 740 sane
142 710 169 739 si
190 710 469 749 Theophytactum
484 719 546 740 non
565 710 657 741 latuit
674 711 783 742 isthmc
799 712 983 742 Latinorum
1000 713 1172 743 consensio
1187 714 1329 749 Patrum,
1350 722 1410 752 qua
1431 714 1553 744 ratione
1577 722 1678 744 ausus

55 763 98 790 est
127 759 304 796 afﬁrmare,
329 770 347 790 a
379 760 466 790 nullo
495 770 534 791 ca‘
553 761 694 800 probatis
724 762 873 792 I’atribus
899 763 932 793 id
959 764 1091 799 edoceri,
1116 771 1352 803 provocareque
1395 773 1453 795 nos
1481 765 1678 804 evangelicis

55 811 155 841 verbis
172 822 180 840 :
198 811 334 842 Ostende
348 813 438 843 nobis
452 813 600 843 Patrem?
617 815 664 844 An
686 822 747 844 non
765 815 894 854 probati
919 817 1025 846 Patres
1049 816 1228 855 Cyprianus
1249 821 1281 847 et
1306 817 1510 854 Ambrosius,
1538 826 1677 856 quorum

53 862 151 892 utitur
173 862 374 909 testimoniis
386 863 482 893 tertia
500 863 646 902 synodus
663 865 870 902 (ecumenica,
889 865 958 896 sive
975 865 1158 904 Ephesina?
1181 867 1293 897 Nonne
1313 867 1558 906 probatissimns
1589 868 1679 897 Pater

56 913 114 942 Leo
135 913 287 950 Magnus,
309 913 406 953 'cujus
428 914 543 954 scripta
561 919 672 953 quarta
696 916 798 955 synod

935 930 962 956 ην
980 921 1144 957 ὀρθοδοξιας,
1165 918 1339 948 columnam
1357 918 1552 950 orthodoxae
1565 918 1677 959 appel-

54 965 138 995 lavit.
168 966 285 995 Nonne
317 965 467 1004 probatus
496 968 587 998 Pater
611 968 831 1007 Augustinus,
862 978 959 1009 quem
990 974 1078 1001 sexta
1101 970 1247 1009 synodus
1280 970 1416 1000 summis
1439 975 1604 1008 prosecuta
1632 975 1680 1001 est

55 1017 202 1047 laudibus
218 1026 311 1056 mque
325 1025 360 1048 ac
379 1017 485 1057 ipsum
498 1019 704 1050 Ambrosium
720 1024 816 1060 atque
832 1022 993 1052 Leonem?
1005 1022 1038 1052 Si
1057 1029 1131 1052 vero
1148 1021 1207 1052 hoc
1220 1021 1275 1052 ille
1290 1021 1462 1060 ignoravit,
1475 1030 1679 1062 consequens

57 1073 109 1104 est,
129 1069 234 1100 multo
258 1069 437 1100 breviorem
463 1071 692 1103 ecclesiasticas
709 1073 905 1104 eruditionis
930 1073 1165 1113 supellectilem
1185 1073 1233 1103 illi
1254 1072 1368 1110 fuisse,
1393 1082 1487 1113 quam
1516 1075 1679 1106 decuisset
1713 1072 1716 1079 ’

56 1121 125 1150 tanti
145 1119 293 1150 n0xninis
308 1120 584 1161 archiepiscopum
604 1133 611 1154 :
628 1125 776 1164 adeoque
794 1124 886 1155 illius
896 1125 1129 1162 auctoritatem,
1143 1125 1181 1155 ad
1200 1125 1261 1156 hoe
1276 1125 1362 1164 quod
1379 1126 1503 1161 attinet,
1527 1134 1589 1156 non
1607 1135 1677 1156 esse

58 1181 245 1212 magnopere
275 1173 464 1207 faciendam.
490 1177 582 1213 Quod
616 1184 692 1207 vero
726 1176 824 1215 magis
856 1176 1016 1215 displicet,
1049 1181 1097 1207 est
1140 1176 1221 1207 illud
1250 1177 1336 1214 quod
1361 1176 1470 1208 subdit
1506 1177 1572 1207 :Si
1598 1177 1678 1206 enim

55 1222 203 1260 probatus
237 1229 296 1262 est,
324 1234 387 1255 non
411 1225 513 1259 dixit;
539 1230 566 1255 et
594 1226 623 1256 si
649 1225 747 1262 dixit,
772 1225 924 1264 probatus
944 1235 1008 1256 non
1032 1231 1087 1257 est.
1101 1227 1180 1263 Quae
1204 1227 1300 1257 verba
1325 1226 1508 1257 ltmreticum
1525 1226 1675 1265 spiritum

59 1275 198 1306 redolere
219 1276 372 1307 videntur
390 1287 398 1307 :
420 1276 559 1308 hazretici
580 1277 668 1308 enim
684 1286 723 1307 ex
743 1277 897 1315 opinione
915 1277 1042 1316 propria
1060 1278 1186 1308 Patrum
1203 1277 1422 1308 auctoritatem
1438 1277 1541 1308 metiri
1558 1277 1675 1315 solent,

57 1325 90 1354 de
105 1333 208 1364 eaque
223 1326 386 1365 judicium
401 1327 483 1357 ferre
503 1338 510 1357 :
526 1327 670 1367 dumque
685 1327 724 1357 ab
743 1327 866 1358 eisdem
883 1328 1093 1365 dissentiunt,
1110 1336 1166 1359 eos
1182 1327 1272 1359 flocci
1292 1337 1328 1358 ac
1345 1327 1437 1358 nihili
1463 1326 1596 1358 faciunt.
1614 1328 1675 1358 Sed

58 1376 160 1406 mitius
177 1377 303 1408 sentire
321 1382 444 1416 prtestat
465 1379 504 1410 de
520 1378 772 1419 TheOphylaclo,
787 1384 882 1419 atque
900 1388 935 1411 ea
953 1380 1046 1411 verba
1064 1381 1203 1425 benigne
1220 1380 1437 1419 interpretari,
1455 1379 1543 1411 velut
1559 1387 1622 1410 non
1636 1387 1676 1410 eo

58 1427 166 1466 spiritu
184 1437 352 1469 sensuque
375 1431 512 1469 prolata;
528 1431 584 1462 sed
602 1431 677 1471 quia
693 1431 755 1462 sibi
776 1432 912 1463 nimium
929 1432 1141 1468 blandiretur,
1158 1436 1253 1471 atque
1279 1433 1466 1468 confideret,
1496 1441 1534 1463 ex
1557 1431 1676 1462 Graecis

59 1478 287 1511 illustrioribus
318 1481 439 1511 Patrem
467 1481 601 1520 reperiri
636 1481 797 1512 neminem
828 1489 936 1519 nosse,
971 1490 1043 1513 nam
1069 1482 1107 1513 de
1133 1482 1252 1512 Latinis
1279 1481 1355 1512 nihil
1388 1482 1546 1513 sollicitus
1574 1481 1676 1513 fuisse

60 1529 192 1567 videtur,
213 1531 270 1569 qui
289 1531 441 1570 Spiritum
457 1534 600 1562 sanctum
617 1530 709 1562 etiam
736 1539 751 1562 θ
782 1531 866 1561 ΡΛἰο
887 1532 1059 1570 procedere
1078 1532 1254 1563 docuisset.
1281 1532 1421 1562 Pretium
1448 1532 1547 1570 igitur
1571 1538 1678 1570 operte

61 1583 112 1615 est,
126 1580 309 1611 accuratius
336 1581 544 1620 investigare,
569 1581 694 1621 quibus
718 1581 774 1612 ille
803 1585 833 1612 et
859 1591 955 1621 quam
976 1582 1090 1613 validis
1114 1582 1331 1613 fundamentis
1351 1583 1483 1613 innixus
1509 1585 1676 1620 tantopere

60 1630 111 1661 sibi
134 1632 197 1671 ipsi
225 1634 413 1672 praeﬁderet.
451 1636 510 1666 Sed
532 1635 628 1674 paulo
656 1639 725 1674 post
753 1635 880 1666 videtur
897 1639 927 1666 et
955 1635 1025 1675 ipse
1049 1635 1110 1666 sibi
1134 1635 1288 1666 nonsatis
1312 1639 1412 1671 tutus,
1439 1643 1510 1665 cum
1529 1634 1643 1665 subdat
1664 1643 1675 1664 ι

60 1682 167 1714 Deinde
190 1685 250 1715 etsi
275 1685 332 1716 hoc
351 1685 505 1722 daremus,
536 1695 601 1716 non
618 1687 726 1726 utique
745 1687 829 1727 quod
854 1687 963 1717 rarius
992 1691 1049 1723 est,
1077 1687 1110 1717 in
1133 1691 1349 1726 argumentum
1373 1685 1558 1716 trahendum
1589 1684 1675 1721 Quid

62 1743 139 1773 vero,
155 1736 180 1766 si
201 1744 266 1767 non
285 1737 375 1775 pauci
390 1738 518 1778 rarique
533 1739 609 1776 sint,
625 1739 744 1770 nedum
764 1739 877 1775 Latini,
896 1740 951 1770 sed
969 1739 1067 1771 Graeci
1081 1740 1174 1770 etiam
1190 1740 1307 1775 Patres,
1326 1739 1382 1779 qui
1400 1738 1515 1777 dogma
1532 1741 1676 1768 nostrum

63 1787 245 1819 tradiderint
261 1790 308 1819 vei
325 1789 454 1820 disertis
471 1790 521 1820 vel
536 1790 806 1831 tequivalentibus
828 1791 956 1822 verbis?

95 1840 210 1870 XXIX.
228 1840 287 1871 Sed
306 1844 474 1880 antequam
492 1841 524 1872 id
542 1842 740 1878 demonstro,
756 1842 829 1882 jure
848 1844 934 1874 omni
952 1843 1006 1874 abs
1022 1843 1258 1883 TheOphylacto
1281 1848 1310 1874 et
1330 1841 1474 1873 Photiani
1490 1841 1672 1872 schismatis

62 1891 343 1929 proliugnatoribus
366 1892 504 1930 postulo,
521 1896 554 1922 ut
574 1900 612 1922 ex
628 1901 739 1924 eorum
757 1892 903 1932 probatis
924 1893 1070 1923 Patribus
1092 1893 1143 1923 vel
1174 1901 1273 1923 unum
1302 1891 1392 1922 nobis
1412 1891 1587 1927 ostendant,
1618 1891 1675 1930 qui

62 1941 124 1968 ante
138 1939 288 1971 Pholiana
306 1946 444 1981 tempora
460 1942 617 1972 inﬁciatus
634 1941 742 1978 fuerit,
765 1942 918 1980 Spiritum
940 1947 1083 1972 sanctum
1100 1951 1116 1972 a
1135 1942 1219 1972 Filio
1239 1942 1421 1980 procedere.
1451 1941 1510 1971 Sed
1537 1942 1675 1980 quamvis

62 1987 109 2018 diu
122 1991 311 2031 multumque
329 1993 518 2032 /att'gentur,
534 1991 677 2023 indicare
695 2001 734 2023 ne
754 1992 886 2023 unicum
905 1993 1035 2032 quidem
1054 1996 1187 2031 possunt
1203 1993 1447 2032 (Damascenum
1464 1991 1564 2028 enim,
1578 1999 1674 2031 quem

64 2041 155 2072 solum
177 2044 286 2082 Specie
301 2044 407 2083 aliqua
439 2043 504 2074 veri
529 2052 692 2083 opponere
713 2044 829 2082 valent,
846 2053 863 2074 a
889 2044 981 2075 nobis
1008 2044 1140 2075 minime
1164 2044 1328 2075 dissidere
1345 2048 1454 2083 postea
1475 2043 1676 2075 demonstra-

64 2091 180 2130 bimus).
195 2093 286 2136 _Alias
304 2102 378 2124 vero
395 2094 533 2133 dogmati
548 2098 657 2125 nostro
671 2094 823 2125 censendi
838 2094 968 2124 minime
982 2098 1055 2124 sunt
1071 2094 1244 2130 adversari,
1263 2093 1320 2133 qui
1338 2093 1387 2124 vel
1404 2093 1462 2124 hac
1480 2094 1518 2124 de
1534 2102 1566 2124 re
1584 2094 1676 2133 peni-

68 2145 108 2171 tns
126 2143 232 2180 silent,
254 2144 300 2174 vel
318 2145 422 2174 solum
442 2144 545 2182 aiunt,
565 2144 720 2183 Spiritum
743 2154 761 2174 a
792 2144 885 2174 Putre
908 2144 1087 2184 procedere.
1113 2144 1193 2181 Quis
1223 2143 1310 2174 enim
1340 2143 1479 2182 ignorat,
1505 2152 1570 2174 rem
1602 2151 1675 2174 esse

69 2194 145 2231 plane
159 2195 319 2225 diversam
335 2202 396 2224 non
413 2202 568 2231 asserere,
585 2194 739 2232 Spiritum
755 2197 899 2225 sanciunt
918 2194 1088 2233 procedere
1107 2202 1123 2224 a
1143 2193 1237 2230 Filio,
1254 2198 1350 2233 atque
1366 2193 1397 2223 id
1421 2195 1559 2232 negare?
1586 2193 1674 2224 aliud

69 2244 168 2282 pariter
182 2244 350 2283 affirmare,
368 2255 441 2277 eum
457 2257 475 2277 a
495 2247 591 2278 Patre
605 2248 792 2286 procedere,
815 2247 902 2278 aliud
921 2257 938 2276 a
953 2246 1020 2277 solo
1037 2246 1155 2277 Patre?
1172 2247 1278 2283 Quare
1294 2245 1478 2275 nullatenus
1496 2244 1675 2285 intelligere

69 2295 151 2332 valeo,
166 2296 331 2336 quomodo
354 2297 612 2336 TheOph'ylactus
628 2305 805 2337 omnesque
825 2297 969 2328 Photiani
988 2306 1046 2328 nos
1068 2296 1166 2327 veluti
1192 2296 1318 2326 Christo
1337 2296 1547 2334 Patribnsque
1562 2297 1676 2327 adver-

69 2350 154 2376 santes
168 2347 345 2384 traducunt,
362 2356 400 2378 eo
414 2348 498 2387 quod
511 2347 699 2387 simpliciter
717 2347 740 2378 ii
765 2351 918 2383 asseram,
932 2348 1083 2386 Spiritum
1097 2350 1240 2376 sanctum
1252 2355 1270 2375 a
1285 2345 1378 2375 Patre
1390 2344 1569 2383 procedere,
1580 2349 1674 2384 atque

71 2397 175 2429 anubis
194 2399 262 2429 ﬁeri
278 2399 465 2434 καινοτομίαν,
480 2407 539 2428 seu
550 2398 780 2428 innovationem
794 2398 827 2428 in
841 2397 900 2436 ﬁde
912 2397 1116 2432 contendant,
1131 2396 1206 2426 dum
1222 2396 1369 2426 eumdem
1389 2395 1562 2425 asserimus
1579 2395 1673 2426 etiam

69 2455 82 2476 ει
96 2449 165 2480 Filio
184 2451 373 2489 procedere;
392 2458 427 2481 ea
447 2449 551 2480 solum
571 2450 695 2480 ratione
711 2449 796 2488 quod
815 2449 960 2480 Christus
978 2448 1198 2479 tantummodo
1214 2446 1308 2481 dixit,
1326 2456 1343 2476 α
1365 2446 1473 2476 Patre.
1500 2446 1620 2476 Verum
1647 2448 1674 2477 si

71 2498 131 2535 quid
145 2500 259 2530 addere
275 2504 322 2530 est
338 2500 504 2536 innovare,
525 2508 581 2530 cur
596 2503 626 2530 et.
649 2499 711 2538 ipsi
737 2499 902 2538 quidpiam
929 2498 1050 2528 addunt
1076 2497 1235 2534 dicentes,
1261 2505 1278 2526 a
1304 2495 1369 2525 solo
1395 2496 1512 2526 Patre?
1540 2496 1673 2526 Ubinam

72 2546 206 2586 Christus,
224 2549 278 2580 ubi
297 2550 402 2580 Patres
428 2549 456 2579 id
478 2548 601 2590 (saltem
626 2553 699 2579 ante
725 2547 829 2579 Photii
855 2547 1008 2588 tempore)
1036 2548 1223 2578 asseruere?
1251 2546 1334 2583 Quid
1365 2546 1473 2576 enim?
1502 2547 1550 2576 Au
1580 2545 1673 2577 nobis

73 2599 231 2635 exprimere
250 2599 397 2635 velitum,
413 2599 500 2637 quod
519 2598 664 2630 Christus
685 2598 841 2628 Dominus
866 2606 928 2628 non
950 2596 1124 2636 expressit;
1150 2595 1216 2626 illis
1243 2596 1380 2626 limitare
1411 2595 1514 2631 liceat,
1546 2595 1631 2643 quod
1656 2604 1673 2627 α

72 2646 176 2679 Christo
193 2649 363 2680 limitatum
386 2657 449 2679 non
467 2650 534 2679 est?
552 2648 582 2679 Si
601 2648 655 2679 ille
673 2657 735 2679 non
753 2647 848 2686 dixit,
864 2648 1019 2688 Spiritum
1036 2650 1179 2678 sanctum
1202 2655 1219 2677 a
1246 2647 1339 2683 Filio,
1363 2645 1421 2676 hoc
1447 2649 1496 2676 est
1517 2654 1535 2676 n
1564 2645 1673 2685 seipso

74 2699 235 2736 procedere,
259 2708 363 2738 neque
378 2699 409 2729 id
426 2698 520 2730 etiam
537 2698 676 2738 negavit.
692 2700 756 2729 Cur
772 2698 880 2738 itaque
895 2697 1040 2729 Photiani
1061 2698 1196 2735 negant?
1211 2697 1248 2727 Et
1262 2697 1289 2727 si
1302 2696 1434 2736 quidem
1452 2696 1673 2726 tantummodo

73 2754 321 2788 nonassererent,
337 2749 506 2781 ferendum
529 2759 640 2781 eorum
656 2743 822 2780 silentium
846 2753 952 2784 esset;
979 2756 1089 2778 verum
1110 2751 1140 2778 et
1161 2752 1288 2788 negant,
1317 2751 1347 2778 et
1364 2754 1418 2777 eos
1447 2746 1502 2786 qui
1525 2751 1673 2778 asserunt

74 2799 262 2831 condemnant
279 2799 423 2839 dirisque
446 2800 597 2831 omnibus
621 2800 796 2837 devovent;
814 2798 923 2830 tritum
950 2798 1030 2829 illud
1062 2798 1108 2839 (in
1129 2798 1214 2838 quod
1241 2798 1336 2829 etiam
1363 2796 1621 2835 'l‘heophylactus
1632 2796 1673 2828 ab
