1880 3055
125 185 131 190 ν
145 139 200 171 439
669 139 742 170 BON
748 138 861 170 lFAClI

1057 140 1253 170 ΡΒίΕΕΑΤιΟ
1723 139 1788 170 440

147 193 281 232 scopoli,
301 194 361 231 vel,
373 197 406 224 nt
421 193 634 225 communiter
652 195 859 233 pronuntiant
873 195 1179 234 Graeci,Voscopoli.
1193 194 1476 234 ianacedonia,in
1493 202 1554 234 qua
1570 194 1650 225 urbe
1663 194 1786 233 paucis

147 245 263 276 abhinc
275 245 368 277 annis
389 245 530 276 instituta
542 245 818 289 estitypoyaphia.
834 245 950 277 Notitia
966 245 1043 283 hmc,
1059 255 1154 285 quam
1168 245 1247 276 mihi
1261 246 1318 276 diu
1334 245 1784 285 multumqueinquirentiex

150 296 209 326 hoc
221 305 286 327 uno
302 304 392 327 sacro
406 295 560 327 monacho
575 296 704 328 haurire
722 296 824 333 licuit,
841 296 970 336 egregie
987 296 1152 327 conﬁrmat
1164 296 1317 332 historim,
1335 305 1407 335 quin
1422 296 1452 326 in
1469 296 1526 327 hac
1542 295 1783 334 Theophylacti

148 347 292 377 oratione
314 338 521 384 describitur,
553 347 716 378 veritatem
737 358 745 378 :
776 348 950 386 prtesertim
973 355 1046 378 cum
1064 347 1183 396 omnia,
1208 355 1281 386 quas
1300 347 1369 385 ipse
1386 346 1536 378 referrem
1555 355 1593 377 ex
1625 346 1784 385 praedicta

149 398 305 432 oratione,
319 397 374 428 ille
389 406 423 428 se
443 398 562 438 legisse
575 398 738 430 aﬂirmarit
756 400 788 430 in
808 401 982 430 memorato
1006 398 1128 430 libello.
1149 398 1259 429 Solum
1273 397 1333 428 hoc
1349 406 1413 428 non
1427 397 1505 428 satis
1528 397 1682 427 memoria
1720 397 1783 428 ille

149 447 285 485 tenebat,
299 456 338 479 an
354 452 509 488 martyres
528 449 577 480 illi
600 449 663 481 sub
675 450 805 481 Juliano
831 451 980 488 Apostata
1004 448 1191 488 martyrium
1208 448 1349 479 subiisse
1365 456 1405 479 eo
1422 448 1457 478 in
1474 447 1585 479 libello
1613 448 1782 478 dicantur.

147 500 184 530 Et
208 499 273 530 haic
288 500 328 531 de
344 500 425 538 loco,
447 501 501 532 ubi
521 501 605 539 passi
629 506 704 533 sunt
721 506 888 541 martyres,
904 502 1041 541 ejusque
1056 501 1225 532 occasione
1240 501 1305 531 sint
1324 500 1406 532 dicta

187 550 288 581 XXI.
307 551 448 590 Tempus
478 559 554 582 vero
580 560 644 591 quo
660 552 691 583 id
717 552 850 591 contigit
866 552 993 583 definiri
1012 551 1104 583 facile
1121 555 1236 591 potest.
1261 552 1338 581 Nam
1369 559 1407 581 ex
1431 550 1606 590 epigraphe
1640 551 1784 590 ipsaque

147 600 294 631 oratione
312 600 492 638 innotescit,
513 610 569 633 eos
585 603 760 642 imperante
776 603 906 634 Juliano
930 604 1080 643 Apostata
1107 603 1298 642 sanguinem
1329 609 1386 641 pro
1402 601 1527 632 Christo
1542 600 1678 632 fudisse.
1699 601 1784 631 Cum

148 654 257 680 autem
270 650 415 689 perbrevi
429 655 573 691 tempore
600 653 782 684 moderatus
800 653 855 684 ille
871 653 1043 694 imperium
1069 653 1111 684 sit
1126 653 1292 694 (nimirum
1321 661 1339 682 a
1361 660 1472 682 mense
1496 651 1669 682 Novembri
1699 650 1786 681 anni

147 702 204 732 361
224 702 262 733 ad
278 703 364 734 diem
389 712 494 744 usque
509 705 548 736 26
565 705 652 736 Junii
670 706 744 736 anni
762 706 845 745 363),
878 705 1085 745 perspicuum
1102 709 1161 742 est,
1185 713 1243 736 nos
1263 704 1297 735 in
1315 704 1499 735 deﬁniendo
1526 702 1670 742 martyrii
1695 706 1760 732 tem
1773 719 1784 724 -

151 761 226 791 pore
247 754 297 784 vix
314 762 409 793 posse
428 764 513 786 anno
535 757 660 795 integro
680 766 695 787 a
713 765 788 787 vero
808 757 967 787 aberrare.
982 756 1028 787 Ex
1044 755 1178 787 historia
1201 755 1365 795 siquidem
1390 753 1607 786 ecclesiastica
1637 757 1782 784 c0nstat’

149 812 224 834 eum
239 804 404 844 aliquanto
420 811 489 844 post
507 806 623 838 initum
640 807 813 847 imperium
829 806 1087 846 persecutionem
1108 807 1278 838 inchoasse
1297 809 1406 837 contra
1429 803 1627 834 Christianos
1644 814 1652 840 ;
1683 807 1786 842 atque

149 855 181 884 in
199 854 259 885 hoc
274 856 345 895 ipso
362 858 520 896 opusculo
533 859 682 898 legimus,
697 863 862 899 martyres,
895 859 935 890 de
954 859 1074 898 quibus
1098 858 1148 889 hic
1169 866 1288 894 sermo,
1326 861 1395 896 post
1409 855 1517 895 fugam
1536 855 1674 894 primum
1704 855 1785 894 qui—
1808 851 1810 855 ’

149 905 221 936 dem
251 915 290 937 ex
305 907 535 946 .urbe,Nica3a,
552 910 670 941 deinde
698 919 736 941 ex
761 908 1001 946 Thessalonica,
1018 909 1209 950 aliquandiu
1229 911 1442 940 commoratos
1461 916 1532 939 esse
1564 905 1783 944 Tiberiopoli,

150 954 286 996 ejusque
299 957 396 994 cives,
416 963 445 989 et
460 959 667 990 ﬁnitimorum
695 959 837 991 locorum
864 959 985 991 incolas
1002 968 1064 999 qua
1084 960 1319 999 praedicatione,
1333 967 1396 999 qua
1410 957 1575 990 miraculis
1596 957 1633 988 ad
1658 956 1782 987 Christi

150 1004 244 1036 [idem
271 1007 462 1045 perduxisse
483 1017 490 1039 :
522 1009 554 1040 in
575 1018 640 1049 quo
666 1010 819 1050 temporis
844 1010 983 1049 spatium
1002 1009 1133 1050 aliquod
1152 1009 1298 1049 illudque
1312 1017 1376 1040 non
1388 1009 1469 1040 adeo
1486 1008 1641 1048 exiguum
1658 1007 1787 1037 insum-

151 1059 239 1094 ptum
255 1065 327 1088 esse
341 1062 478 1098 oportet.
497 1059 580 1090 Hinc
598 1068 674 1091 vero
700 1069 812 1100 magna
830 1060 1053 1100 probabilitate
1077 1060 1260 1098 deducitur,
1287 1061 1398 1100 paucis
1421 1064 1494 1091 ante
1509 1059 1631 1090 Juliani
1652 1058 1784 1089 obitum

151 1106 328 1145 mensibus,
345 1108 491 1149 adeoque
508 1109 590 1141 circa
606 1111 681 1142 anni
695 1112 753 1142 363
781 1111 924 1149 initium,
946 1116 1001 1142 aut
1017 1115 1101 1143 certe
1121 1112 1184 1142 sub
1205 1111 1299 1143 ﬁnem
1315 1111 1392 1142 anni
1423 1110 1491 1148 362,
1506 1118 1561 1142 eos
1589 1109 1784 1148 martyrium

149 1159 303 1192 subiisse.
323 1162 434 1201 Neque
449 1162 506 1194 hac
530 1163 570 1195 de
586 1172 620 1195 re
638 1164 732 1204 plura
755 1175 764 1195 :
792 1165 1015 1196 tantummodo
1039 1165 1359 1197 animadvertendum
1381 1163 1526 1204 martyrii
1542 1163 1628 1194 diem
1655 1162 1690 1192 in
1722 1161 1788 1192 hoc

150 1210 221 1249 ipso
237 1212 395 1250 opusculo
412 1213 485 1252 poni
503 1214 566 1246 sub
580 1214 633 1246 die
649 1215 690 1247 28
704 1217 907 1248 Novembris.

189 1263 294 1295 XXII.
313 1265 509 1304 Diligentius
530 1266 760 1307 inquirendum
787 1269 914 1301 videtur
931 1272 1056 1309 tempus
1074 1269 1205 1300 etlocus
1221 1277 1286 1308 quo
1305 1268 1419 1298 horum
1436 1270 1613 1306 martyrum
1647 1273 1788 1305 corpora

149 1314 285 1345 solemni
303 1323 418 1354 pompa
431 1316 579 1348 translata
596 1317 700 1349 fuere.
714 1319 752 1348 At
768 1327 864 1350 nemo
884 1323 988 1352 tamen
1009 1319 1061 1350 hic
1077 1328 1197 1350 annum
1214 1319 1312 1358 hujus
1336 1315 1553 1348 translationis
1570 1315 1739 1354 proprium
1765 1323 1788 1346 δ

150 1363 243 1395 nobis
263 1366 402 1404 postulet
425 1366 609 1406 designari:
628 1367 659 1398 id
678 1368 765 1399 enim
781 1369 846 1400 ﬁeri
872 1370 1057 1401 nullatenus
1071 1374 1185 1408 potest,
1204 1379 1276 1401 cum
1294 1368 1409 1400 nullibi
1432 1367 1603 1398 ailnotntus
1619 1369 1786 1397 Occurrat.

149 1416 255 1452 Quare
269 1418 412 1454 tempora
426 1416 622 1455 proximiora
644 1421 808 1457 utcunque
825 1418 966 1450 indicare
984 1418 1176 1450 sutiiciet.Id
1194 1427 1270 1449 vero
1284 1418 1400 1457 pendet
1416 1424 1433 1446 a
1453 1420 1597 1454 tempOre
1625 1423 1692 1455 quo
1708 1414 1789 1445 Bul-

151 1464 255 1503 garica
272 1473 351 1503 gens
383 1464 528 1504 amplexa
559 1469 606 1496 est
635 1466 751 1497 Christi
770 1467 898 1498 Domini
927 1468 1019 1499 ﬁdem
1038 1479 1045 1498 :
1064 1476 1135 1499 nam
1151 1467 1212 1499 sub
1237 1468 1341 1507 primo
1368 1466 1578 1506 Bulgarorum
1599 1474 1674 1505 rege
1693 1465 1791 1496 Chri-

153 1515 259 1546 stiano
277 1515 517 1548 translationem
534 1517 621 1548 illam
633 1517 736 1550 fuisse
753 1523 924 1560 peractam,
940 1519 1066 1552 diserte
1082 1520 1238 1552 asseritur
1265 1519 1299 1550 in
1321 1519 1381 1549 hoc
1414 1525 1575 1549 sermone.
1599 1518 1669 1555 Qua
1689 1518 1731 1550 de
1748 1528 1789 1551 re

155 1566 311 1610 nonnulla
327 1566 471 1599 diximus
489 1568 522 1599 in
540 1569 642 1607 Notis,
661 1579 742 1609 quas
757 1571 790 1601 in
808 1570 960 1603 inferiore
981 1571 1079 1611 hujus
1095 1571 1251 1602 orationis
1277 1570 1431 1610 margine,
1453 1577 1488 1600 ac
1514 1569 1688 1608 prwsertim
1712 1579 1785 1610 pag.

153 1619 447 1658 531apposuimus.
472 1621 583 1660 Neque
605 1630 688 1661 opus
708 1630 780 1654 esse
799 1622 948 1661 arbitror,
963 1631 1032 1654 eam
1057 1632 1123 1654 rem
1153 1623 1258 1654 fusius
1276 1622 1328 1652 hic
1357 1622 1508 1661 persequi
1523 1624 1578 1653 aut
1602 1622 1788 1653 accuratius

156 1668 349 1708 investigare
367 1678 375 1704 ;
391 1676 463 1699 cum
484 1670 657 1709 scriptores
670 1678 783 1702 omnes
799 1671 857 1711 qui
873 1671 952 1702 hanc
979 1672 1122 1704 historiae
1142 1672 1371 1703 ecclesiasticae
1392 1678 1512 1711 partem
1530 1671 1676 1711 attigere,
1706 1681 1789 1702 con-

155 1719 337 1750 versionem
356 1719 570 1758 Bulgarorum
599 1729 685 1752 nono
707 1721 825 1753 smculo
843 1723 1000 1754 accidisse
1022 1723 1226 1755 consentiant
1247 1733 1255 1760 ;
1285 1723 1456 1762 solumque
1473 1722 1590 1762 viginti
1622 1731 1786 1754 annorum

155 1772 259 1811 spatio
271 1772 369 1804 citius
382 1773 451 1811 alii,
468 1773 523 1805 alii
541 1774 647 1805 serius
666 1779 834 1807 autumant
850 1777 1013 1808 evenisse.
1029 1777 1107 1807 Nam
1123 1777 1295 1816 scriptorcs
1311 1775 1411 1807 Graeci
1426 1783 1495 1806 eam
1515 1775 1581 1806 fere
1607 1775 1646 1805 ad
1663 1783 1787 1805 annum

156 1822 459 1862 octingentesimum
477 1824 760 1864 quadragesimum
775 1830 902 1857 sextum
920 1834 1070 1858 revocare
1087 1826 1248 1858 videntur.
1265 1825 1454 1857 Anastasius
1471 1833 1547 1856 vero
1574 1824 1790 1856 Bibliotheca-

158 1874 225 1905 rius
249 1874 282 1906 in
310 1876 383 1907 Vita
412 1876 531 1908 Nicolai
558 1877 571 1908 Ι
610 1886 646 1908 ea
664 1878 769 1916 tradit,
797 1887 835 1910 ex
847 1879 968 1919 quibus
991 1879 1145 1920 colligere
1162 1887 1301 1918 pronum
1317 1882 1377 1916 est,
1394 1878 1556 1910 nationem
1583 1877 1787 1917 Bulgaricam

156 1926 345 1959 Christiana;
360 1928 508 1969 religioni
523 1938 640 1961 nomen
657 1938 721 1961 non
742 1931 868 1962 dedisse
884 1935 957 1963 ante
972 1940 1093 1963 annum
1109 1931 1254 1971 ejusdem
1267 1930 1375 1962 saeculi
1389 1930 1627 1969 sexagesimum
1645 1933 1787 1960 Sextum.

157 1977 190 2007 ln
208 1985 246 2009 eo
265 1978 361 2010 etiam
381 1987 493 2011 omnes
509 1980 576 2011 fere
594 1980 813 2017 consentiunt,
846 1981 933 2021 quod
963 1990 1017 2012 rex
1043 1981 1253 2021 Bulgarorum
1273 1981 1395 2019 primus
1411 1978 1600 2011 Christianae
1636 1977 1789 2016 religioni

157 2030 303 2063 addictus
319 2035 391 2063 ante
404 2032 600 2072 baptismum
631 2033 765 2073 Bogoris
792 2033 1066 2074 (Theophylactns
1097 2034 1130 2064 in
1159 2033 1217 2064 hac
1232 2032 1376 2063 oratione
1388 2031 1528 2061 Borisim
1550 2029 1675 2064 scribit,
1709 2036 1789 2058 voce

159 2083 325 2120 paululum
353 2083 543 2124 immutata),
562 2084 766 2124 postmodum
789 2093 865 2115 vero
893 2084 1030 2116 Michael
1053 2083 1152 2115 fuerit
1181 2083 1372 2124 appellatus.
1396 2082 1456 2114 Sed
1487 2089 1617 2112 rursum
1648 2080 1670 2110 ii
1697 2079 1789 2109 valde

157 2132 339 2172 discrepant
356 2133 387 2164 in
408 2134 602 2174 assignanda
616 2143 725 2170 causa,
741 2143 804 2174 qua
829 2136 983 2166 inductus
1005 2135 1057 2166 ille
1080 2134 1177 2166 fuerit
1192 2134 1228 2165 ad
1244 2133 1455 2165 Christianam
1468 2132 1560 2163 ﬁdem
1590 2129 1771 2169 amplecten
1784 2145 1791 2151 -

157 2181 241 2211 dam.
259 2181 324 2212 Alii
346 2182 431 2212 enim
459 2183 580 2213 sororis
606 2192 672 2214 suae
697 2183 986 2221 adhortationibus,
1005 2193 1077 2224 qua;
1091 2185 1167 2214 dum
1188 2182 1466 2224 Constantinopoli
1481 2184 1671 2216 moraretur,
1697 2179 1790 2210 Chri-

159 2232 273 2263 stianis
289 2237 356 2264 erat
372 2233 494 2264 imbuta
511 2235 686 2274 mysteriis,
705 2239 883 2274 permotum
904 2236 1007 2267 fuisse
1026 2236 1179 2272 tradunt;
1196 2235 1250 2266 alii
1265 2234 1423 2266 bellorum
1440 2234 1599 2273 famisque
1622 2231 1786 2264 calamita-
1803 2258 1807 2277 Ι

159 2286 245 2318 tibus
265 2286 442 2326 impulsum
461 2297 469 2317 :
493 2286 549 2318 alii
569 2287 677 2318 vivida
705 2287 887 2318 futurorum
914 2288 1114 2319 cruciatuum
1137 2286 1289 2326 imagine,
1310 2293 1405 2325 quam
1424 2285 1573 2315 hauserat
1595 2291 1634 2314 ex
1665 2281 1789 2320 insigni

160 2339 294 2378 pictura,
323 2337 508 2378 perculsum
546 2337 704 2369 divinitus
720 2337 835 2368 infusae
865 2337 929 2369 luci
951 2337 1062 2369 oculos
1078 2336 1259 2376 aperuisse,
1277 2339 1415 2366 narrant.
1433 2334 1495 2366 Sed
1517 2334 1583 2375 hinc
1613 2333 1786 2364 enucleare

160 2393 265 2421 nostra
296 2398 359 2421 non
381 2389 527 2421 interest.
557 2389 638 2420 Satis
660 2388 738 2419 mihi
756 2392 814 2425 est,
834 2389 995 2429 Bogorim,
1015 2388 1083 2419 sive
1099 2387 1238 2418 Borisim
1259 2393 1485 2426 quamcunque
1499 2385 1628 2414 demum
1648 2383 1689 2413 ob
1715 2391 1790 2413 cau-

158 2449 237 2478 sam,
261 2445 292 2472 et
315 2441 384 2472 sive
404 2449 480 2478 una,
510 2441 578 2471 sive
607 2440 776 2478 multiplex
799 2439 910 2476 fuerit,
931 2439 1059 2471 nonnisi
1078 2438 1161 2470 circa
1180 2437 1352 2468 dimidium
1381 2434 1491 2466 saeculi
1509 2433 1586 2465 noni
1613 2433 1786 2471 religionis

158 2492 350 2523 Christianae
366 2490 528 2530 mysteriis
541 2490 644 2521 fuisse
664 2489 847 2520 initiatum:
870 2489 945 2520 inde
959 2489 1044 2520 enim
1065 2492 1266 2527 compertum
1280 2486 1418 2518 efﬁcitur
1443 2485 1712 2524 exploratumque
1735 2485 1788 2514 SS.

159 2550 348 2584 martyrum,
367 2543 406 2574 de
425 2543 544 2583 quibus
561 2551 647 2574 nunc
661 2550 766 2574 sermo
786 2545 845 2578 est,
869 2541 1109 2573 translationem
1134 2541 1248 2571 eodem
1272 2538 1447 2570 inclinante
1461 2537 1525 2577 jam
1549 2535 1667 2568 saeculo
1684 2535 1790 2566 con:i—‘

159 2609 177 2635 ις
194 2605 245 2627 sse
276 2604 284 2633 ;
310 2595 457 2635 adeoque
482 2593 715 2633 Theophylacti
744 2596 867 2624 relatam
892 2593 1020 2624 duobus
1045 2592 1171 2624 circiter
1195 2589 1322 2622 saeculis
1339 2588 1555 2629 praecessisse,
1573 2591 1608 2619 ut
1635 2586 1787 2625 superius

160 2649 341 2680 innuimus.

200 2700 317 2732 XXI".
340 2700 460 2729 Verum
476 2706 541 2738 quo
556 2697 674 2728 clarius
695 2696 866 2728 innotescit
881 2700 1006 2735 tempus
1025 2696 1136 2726 saltem
1150 2694 1332 2734 proximum
1349 2691 1533 2723 istiusmodi
1553 2688 1788 2732 translationis'

161 2761 199 2783 eo
216 2751 308 2783 nobis
324 2748 493 2780 obscurior
509 2752 556 2779 est
572 2747 663 2779 locus
678 2747 717 2778 ad
738 2755 834 2786 quem
851 2745 954 2777 delata
970 2753 1057 2775 sacra
1079 2744 1210 2784 pignora
1233 2747 1318 2774 sunt.
1345 2743 1463 2772 Auctor
1478 2741 1610 2780 quidem
1632 2738 1787 2770 orationis

160 2803 246 2834 hunc
280 2809 503 2839 saapcnumero
536 2804 624 2831 v0cat
648 2800 902 2836 Bpaya‘mjvtzhv,.

1044 2797 1138 2827 titzan
1163 2795 1224 2836 (vel
1247 2794 1273 2824 si
1306 2794 1321 2830 β
1350 2793 1578 2833 pronuntietur
1608 2789 1786 2821 recentium

161 2861 249 2884 more
266 2853 460 2888 Graecorum,
478 2849 726 2889 i'ragalinilmn)
761 2857 896 2889 eamque
915 2852 943 2880 et
960 2850 1048 2886 πόλιν,
1077 2846 1193 2883 urbem,
1210 2850 1238 2876 et
1259 2847 1405 2881 ἐπαρχίαν,
1422 2843 1630 2882 provinciam,
1651 2850 1710 2873 seu
1726 2848 1786 2870 me-
