1880 3055
36 173 78 205 ω
464 171 504 201 1N
521 170 736 206 SEQUENTIA
754 169 1040 200 TIIEOPlIYLACTI
1059 170 1230 201 SCRIPTA.
1605 170 1658 202 ΗΞ

36 229 181 268 lrupolim
199 235 374 267 nuncupat.
391 227 449 258 Sed
468 236 615 266 quianam
632 234 663 258 et
675 236 740 267 quo
755 235 823 258 ioco
837 227 937 266 posita
953 227 1006 263 sit,
1029 227 1076 258 vel
1093 228 1170 258 olim
1183 227 1403 258 fueritcivitas
1421 228 1498 263 haec.
1514 229 1657 259 nondum

37 281 111 310 mihi
134 278 311 319 inquirenti
331 278 407 309 satis
420 278 571 317 detegere
588 278 690 315 licuit,
708 286 781 309 cum
802 287 907 317 neque
923 277 957 308 in
969 277 1191 316 geographicis
1205 278 1328 317 mappis
1345 277 1538 313 aduotatam,
1552 286 1658 318 neque

36 332 70 361 ab
84 330 151 361 alio
174 331 285 370 aliquo
300 334 428 362 auctore
445 334 649 361 memoratam
664 330 852 368 repererim.
870 331 947 361 Cum
962 337 1035 360 vero
1051 339 1086 359 ex
1108 329 1218 360 indole
1235 329 1354 368 linguae
1369 329 1555 366 Slavonicaa,
1574 329 1657 360 haud

37 382 109 412 mihi
130 391 261 421 prorsus
278 383 510 422 ignotae,atque
525 391 563 413 ex
574 382 738 412 similibus
749 390 821 422 quae
838 383 954 420 passim
967 385 1152 417 occurrunt,
1164 382 1258 411 etiam
1269 381 1352 420 apud
1371 381 1658 421 'l'heophylaetum,

37 433 193 472 exemplis
215 437 414 472 compertum
431 433 593 470 haberem,
609 432 668 464 hoc
687 432 877 464 vocabulum
903 433 1081 471 Bulgarica,
1096 441 1168 472 QUIP
1184 432 1292 471 lingua
1314 432 1442 463 Slavicze
1460 441 1517 463 seu
1545 433 1657 462 Slavo-

38 482 114 513 nime
130 483 287 514 dialectus
304 487 364 518 est.
387 484 616 514 terminatione
631 483 794 520 desinere,
811 483 890 514 illud
910 483 1015 514 statim
1043 483 1229 522 perquirere
1248 483 1338 522 cmpi,
1373 488 1491 518 utrum,
1521 483 1657 514 detracta

38 536 147 566 saltem
167 536 394 567 terminatione
411 536 485 572 itza,
502 535 551 567 vel
568 536 667 572 nilzu,
685 535 781 575 hujus
795 535 954 566 similisve
971 536 1110 566 nominis
1133 537 1209 566 urbs
1225 536 1256 565 iu
1279 535 1424 574 Bulgaria
1440 540 1537 572 esset,
1556 536 1603 566 vel
1627 536 1657 566 in

38 587 94 617 alia
119 587 265 625 regione,
283 587 374 626 cujus
396 587 508 618 inculte
525 587 635 627 lingua
661 591 828 618 uterentur
845 588 1024 626 Bulgarica,
1047 587 1229 628 cujusmodi
1245 586 1305 618 fuit
1321 587 1551 626 Bragalinitza,
1569 592 1603 618 ut
1620 597 1657 618 ex

40 639 105 676 ipsa
126 637 272 668 oratione
289 641 422 669 constat.
447 639 562 669 Verum
588 647 650 670 non
668 638 761 669 aliam
779 638 889 669 urbem
914 638 1046 675 oll'endi,
1062 647 1134 677 qua)
1150 638 1256 677 aliqua
1278 638 1400 669 ratioue
1418 647 1489 668 cum
1514 638 1568 668 illa
1588 647 1647 668 con

40 695 151 726 gruere
181 687 357 724 videretur,
383 697 480 728 quam
506 688 644 727 Bargate
661 687 825 727 pertinens
845 688 883 718 ad
908 688 1126 719 Macedoniam
1147 689 1320 719 secundam
1346 687 1511 719 orientalis
1537 688 1659 728 Illyrici

43 742 156 776 partem
174 747 180 768 :
211 747 283 769 nam
314 739 458 779 Bargate
486 748 616 777 nomen,
643 740 729 779 quod
747 740 874 779 dempta
891 740 1118 771 terminatione
1137 741 1314 780 Bulgarira,
1331 744 1483 777 remanet,
1502 749 1573 770 cum
1607 741 1660 772 illa

41 790 103 821 fere
118 793 304 828 consensit;
335 801 442 832 neque
458 801 474 824 a
490 793 687 832 TiberiOpoli
710 793 847 824 multum
864 793 978 823 abesse
994 793 1133 824 videtur.
1153 793 1309 830 Quocirca
1323 793 1478 824 credibile
1500 797 1560 829 est,
1577 793 1659 823 intra

44 842 194 881 Bulgarici
208 843 287 874 fines
306 844 432 882 imperii
452 853 521 875 eam
542 849 609 876 tum
634 845 811 882 exstitisse,
828 846 976 884 adeoque
991 849 1022 876 et
1044 845 1218 884 Bulgaricae
1237 845 1355 885 lingua:
1371 845 1402 875 in
1415 853 1457 883 _ea
1476 854 1569 876 usum
1585 849 1661 877 tunc

43 894 191 932 tempOI'is
209 894 365 933 viguisse.

79 944 193 974 XXIV.
218 945 288 976 Huc
305 954 406 985 usque
422 946 626 985 scripseram,
645 955 717 977 cum
739 955 834 986 supra
854 946 1002 978 laudatus
1019 947 1195 978 monachus
1211 947 1395 986 Olympiola
1412 947 1582 977 certiorem
1612 956 1661 978 me

43 996 122 1033 fecit,
151 1001 277 1028 exstare
305 999 479 1030 etiamnum
497 1000 531 1030 in
550 1001 690 1030 secunda
719 1000 905 1031 Macedonia
927 1000 1036 1030 urbem
1062 999 1322 1038 Brugulinilzam,
1341 1009 1410 1036 seu,
1433 1003 1466 1030 ut
1495 1001 1564 1038 ipse
1586 1000 1660 1030 ell‘e-

44 1047 136 1084 rebat,
155 1047 410 1088 Bragarinilzam
433 1061 444 1084 ,-
477 1050 532 1080 sed
554 1059 570 1081 e
594 1059 703 1089 magna
722 1051 799 1081 urbe
828 1051 865 1082 ad
883 1051 952 1090 pagi
970 1050 1188 1080 conditionem
1220 1051 1388 1086 redactam,
1421 1050 1621 1089 habilarique
1644 1057 1660 1078 a

45 1100 162 1136 Turcis,
179 1101 291 1139 paucis
318 1101 470 1133 immistis
487 1103 675 1133 Christianis
691 1114 698 1133 :
727 1103 848 1134 distare
880 1111 954 1133 vero
976 1110 992 1132 a
1009 1103 1178 1133 Strumitza
1195 1101 1340 1142 quinque
1356 1102 1482 1132 circiter
1510 1102 1660 1132 horarum

46 1148 152 1180 itinere
169 1160 177 1179 :
193 1157 230 1180 ac
242 1149 276 1180 in
297 1158 333 1180 ea
354 1158 416 1181 non
433 1150 539 1181 solum
557 1152 596 1182 de
613 1158 737 1191 peracta
753 1152 790 1182 ad
809 1152 908 1190 ipsam
925 1154 1106 1182 sanctorum
1126 1156 1299 1189 martyrum
1320 1151 1525 1182 translatione
1539 1160 1660 1181 lliClllO-

46 1201 117 1229 riam
138 1200 270 1240 vigere;
286 1201 343 1231 sed
362 1200 456 1231 etiam
475 1210 523 1238 se,
541 1210 613 1232 cum
630 1202 702 1233 illac
720 1201 877 1237 transiret,
897 1201 1035 1240 propriis
1056 1200 1175 1231 vidisse
1198 1202 1301 1232 oculis
1326 1199 1531 1232 fundamenta
1553 1201 1661 1240 templi

45 1253 125 1292 quod
142 1254 173 1284 in
188 1262 300 1284 eorum
316 1253 471 1284 honorem
491 1255 567 1286 olim
582 1257 782 1285 exstructum
808 1253 985 1283 dicebatur.
1005 1253 1098 1284 Plura
1116 1253 1156 1284 de
1175 1252 1262 1283 hisce
1278 1253 1398 1284 sani-lis
1431 1254 1507 1283 mihi
1527 1254 1660 1287 dicenda

46 1315 103 1336 non
133 1309 322 1345 suppetunt.
351 1306 506 1337 Craterum
526 1306 696 1337 clarissimi
718 1310 748 1337 et
771 1306 811 1336 de
840 1305 1017 1336 Christiana
1044 1305 1208 1343 republii-a
1236 1304 1356 1344 optime
1385 1305 1488 1336 meriti
1516 1304 1661 1338 Bollandi

47 1358 278 1388 coutinuatores
303 1365 362 1389 suo
393 1363 534 1397 tempore
558 1362 653 1389 totam
673 1358 753 1388 hanc
768 1357 934 1388 historiam
962 1357 1214 1393 accuratissime,
1230 1365 1430 1397 summaque,
1452 1361 1486 1388 ut
1507 1357 1660 1393 assolent,

46 1409 232 1439 eruditionis
251 1408 282 1439 vi
297 1409 484 1446 discutient,
501 1410 723 1446 illustrabunt,
753 1409 941 1448 expedient.
958 1408 1091 1439 Interim
1116 1408 1199 1439 haud
1213 1408 1320 1440 inﬁma
1349 1409 1417 1440 laus
1436 1407 1533 1448 hujus
1550 1408 1662 1440 editio-

47 1458 93 1487 nis
106 1457 174 1491 erit,
193 1465 302 1487 ansam
324 1456 500 1495 praebuisse
519 1458 772 1497 prieelarissimis
803 1457 883 1489 viris
902 1457 1068 1496 negotium
1082 1457 1140 1488 hec
1155 1458 1343 1497 perﬁciendi
1367 1467 1374 1487 :
1398 1461 1432 1488 ut
1458 1459 1561 1497 reipsa
1583 1468 1661 1498 prie-

48 1509 143 1539 bitura
159 1508 288 1539 videtur
310 1517 319 1545 ;
345 1508 609 1548 quandoquidem
625 1517 664 1539 ex
693 1508 760 1538 illis
781 1518 878 1545 unus,
896 1509 945 1539 vir
961 1510 1133 1549 omnigena
1161 1510 1346 1541 eruditione
1379 1511 1495 1546 clarus,
1521 1512 1661 1542 Joannes

48 1561 230 1601 Stiltingius,
243 1569 339 1600 quem
357 1561 413 1592 hac
429 1561 468 1591 de
479 1569 512 1591 re
530 1569 586 1600 per
599 1561 720 1592 litteras
732 1560 799 1600 ipse
815 1560 980 1597 consului,
996 1561 1088 1591 solita
1103 1562 1298 1592 humanitate
1314 1562 1490 1601 respondit,
1507 1571 1538 1592 se
1551 1561 1662 1593 harum

48 1617 212 1652 martyrum
227 1618 298 1642 acta
316 1622 380 1643 non
391 1612 518 1644 vidisse.

728 1687 868 1718 SECTIO
893 1688 960 1719 ΠΙ.

255 1753 298 1783 De
317 1752 513 1783 Allocutiana
529 1750 569 1781 ad
585 1750 786 1782 Familiarem
806 1751 891 1782 circa
913 1760 946 1782 ea
966 1759 1098 1792 quorum
1120 1752 1306 1783 incusuntur
1323 1752 1443 1785 Latini.

85 1816 177 1846 XXV.
210 1816 371 1847 Allocutio
387 1815 463 1852 ὴωε,
479 1824 574 1855 quam
592 1815 646 1846 alii
675 1815 853 1854 Epistolam
869 1817 910 1847 ad
925 1816 1090 1848 Nicolaum
1106 1817 1269 1848 diaconum
1287 1823 1315 1848 et
1331 1819 1534 1849 constrisium
1550 1823 1662 1849 vorant

51 1865 85 1904 (α)
107 1871 178 1897 tunc
193 1867 289 1898 etiam
307 1867 443 1898 celebris
460 1871 538 1904 erat,
554 1875 626 1898 cum
643 1867 746 1902 adhuc
770 1868 804 1898 in
822 1868 1015 1907 quibusdam
1037 1869 1272 1908 insigniorihus
1308 1869 1512 1900 bibliothecis
1540 1871 1661 1902 inedita

53 1918 187 1951 latitaret.
207 1922 276 1952 Non
293 1920 387 1950 modo
403 1920 489 1951 enim
506 1920 546 1951 de
560 1928 595 1950 ea
612 1920 807 1951 mentionem
822 1920 963 1951 fecerant
976 1921 994 1950 ii
1012 1929 1125 1951 omnes
1137 1921 1192 1960 qui
1210 1921 1249 1952 de
1260 1921 1487 1961 TheOphylacti
1509 1924 1662 1961 operibus

51 1968 222 2001 disseruere
240 1980 248 2006 ;
267 1970 325 2001 sed
340 1970 447 2010 aliqua
465 1971 559 2001 etiam
577 1970 723 2010 ejusdem
743 1971 918 2009 fragmenta
933 1975 998 2001 tum
1013 1971 1044 2001 in
1061 1972 1139 2001 Jure
1156 1971 1434 2009 amco-Romano,
1450 1973 1535 2012 quod
1555 1975 1662 2004 [.eun-

52 2022 161 2052 clarius
178 2022 330 2061 vulgavit,
346 2022 479 2059 inserta,
499 2026 565 2054 tum
583 2023 616 2053 in
632 2023 754 2053 ercia
769 2023 956 2054 Orthodoa‘a
971 2023 1010 2054 ab
1026 2024 1142 2054 Allatio
1155 2024 1251 2060 edita,
1268 2024 1360 2055 obvia
1378 2025 1527 2055 omnibus
1545 2030 1664 2064 persta-

52 2070 126 2101 bant.
142 2072 213 2102 Hinc
230 2080 306 2103 vero
323 2072 365 2103 ita
386 2076 536 2103 acuerent
551 2072 752 2103 eruditorum
770 2072 906 2109 animus,
919 2076 952 2103 ut
975 2081 1182 2112 summopere
1199 2077 1397 2112 exoptareut,
1418 2083 1456 2104 ex
1474 2075 1544 2112 ipso
1571 2075 1659 2106 fonte

53 2124 200 2163 detegere,
231 2132 378 2163 quaenam
404 2123 525 2154 auctori
554 2124 630 2154 satis
659 2128 797 2160 vetusto,
815 2124 1068 2164 doctissimoque
1087 2129 1117 2155 et
1143 2125 1259 2156 celebri
1289 2126 1530 2165 archiepiscopo
1567 2136 1658 2158 mens

54 2174 213 2206 insedisset
242 2175 348 2214 quoad
372 2183 408 2206 ea
426 2184 499 2213 qua;
525 2175 664 2206 Graacam
694 2183 710 2205 a
731 2174 839 2206 Latina
856 2175 1029 2206 Ecclesiam
1053 2175 1186 2206 infando
1202 2175 1372 2208 schismate
1387 2177 1573 2216 diremptam
1596 2177 1661 2217 jam

53 2226 159 2258 dudum
175 2231 296 2258 tenent.
315 2227 440 2257 Primus
459 2227 565 2266 (quem
583 2227 734 2267 equidem
752 2226 909 2265 noverim)
926 2228 982 2267 qui
996 2227 1186 2266 justissimis
1204 2227 1476 2259 hislitteratorum
1496 2229 1660 2260 hominum

53 2278 123 2308 votis
149 2278 320 2317 explendis
337 2278 420 2309 serio
433 2278 583 2317 adjecerit
600 2277 755 2315 animum,
772 2277 833 2308 fuit
859 2278 1015 2309 editionis
1039 2279 1134 2319 hujus
1150 2278 1255 2310 fautor
1269 2279 1501 2317 amplissimus,
1528 2281 1566 2310 de
1596 2289 1662 2319 quo

55 2329 104 2367 iam
118 2330 260 2360 diximus
272 2338 382 2368 supra,
394 2329 518 2368 quique
544 2329 608 2368 jam
624 2329 664 2360 ab
680 2337 764 2360 anno
782 2329 859 2360 1753
872 2328 960 2360 dedit
972 2337 1114 2368 operam,
1136 2333 1171 2360 ut
1187 2338 1226 2359 ex
1251 2329 1358 2359 codice
1375 2330 1661 2360 Cmsareo-Viudo-

55 2380 176 2411 lionensi
192 2379 441 2416 exscriberetur,
459 2383 493 2409 ut
514 2379 590 2409 huic
606 2379 700 2409 tertio
715 2379 871 2410 volumini
889 2380 1031 2418 Operum
1057 2379 1301 2418 ’l'henphylaeli,
1319 2379 1405 2409 velut
1422 2388 1484 2410 non
1499 2380 1661 2411 mediocre

55 2430 143 2469 ipsius
158 2435 395 2467 ornamentum,
413 2431 621 2462 insereretur.
639 2431 825 2470 Insequenti
842 2439 926 2462 anno
944 2440 1012 2462 eam
1030 2432 1098 2470 ipse
1123 2432 1292 2462 Latinitate
1314 2431 1430 2463 donavi
1448 2441 1456 2460 :
1475 2440 1515 2462 ex
1539 2440 1600 2470 qua
1620 2432 1659 2463 cl.

57 2484 165 2520 praevia:
193 2483 435 2514 Dissertationis
461 2486 572 2513 auctor
603 2482 774 2522 particulas
788 2483 913 2522 aliquas
938 2483 970 2513 iu
995 2491 1060 2513 rem
1077 2491 1168 2513 suam
1185 2484 1357 2522 excerpsit.
1374 2483 1467 2520 Quod
1482 2491 1516 2513 ea
1536 2483 1568 2514 in
1603 2483 1660 2513 hac

58 2533 182 2566 elitione
195 2534 314 2572 publici
328 2533 413 2573 juris
429 2533 576 2564 facienda
590 2538 688 2569 esset,
705 2534 860 2565 admoniti
879 2541 954 2565 sunt
971 2534 1088 2565 eruditi
1103 2542 1175 2564 cum
1196 2534 1228 2564 in
1248 2535 1480 2566 Dissertatione
1498 2535 1659 2574 praadicta,

60 2588 114 2615 tum
129 2587 216 2617 etiam
235 2587 266 2617 in
295 2586 513 2616 Declaratione
527 2587 775 2622 Graeco-Latina,
791 2596 864 2626 quin
878 2587 973 2617 simul
992 2596 1063 2618 cum
1080 2593 1165 2617 tonio
1182 2586 1284 2625 primo
1304 2587 1418 2617 emissa
1434 2587 1466 2618 in
1484 2587 1586 2618 lucem
1614 2590 1661 2617 est

61 2643 129 2667 anno
158 2637 240 2668 175's.
271 2637 332 2667 Sed
362 2645 435 2667 cum
454 2637 628 2667 voluminis
643 2638 741 2677 hujus
759 2638 928 2676 impressio
946 2638 986 2667 ob
1014 2646 1095 2670 eam,
1122 2645 1217 2675 quam
1244 2638 1503 2674 memoravimus,
1533 2646 1661 2668 causam

64 2687 170 2726 longius
186 2688 427 2727 produceretur,
453 2688 500 2718 vir
513 2687 720 2719 doctissimus
733 2689 874 2718 Joannes
891 2687 1044 2726 Aloysius
1058 2685 1290 2725 Mingarellius,
1312 2687 1486 2717 canonicos
1504 2688 1662 2726 regularis

64 2739 87 2769 S.
101 2740 261 2779 Augustini
280 2739 538 2778 congregationis
554 2739 716 2770 Rhenanus
729 2763 736 2777 ,
755 2741 888 2771 fortasse
906 2743 939 2771 ut
954 2739 1119 2779 aliquanto
1148 2737 1304 2769 maturius
1319 2739 1520 2769 eruditorum
1549 2741 1661 2778 exple-

94 2882 123 2915 (α)
139 2882 199 2912 Vide
225 2883 451 2913 Dissertationem
471 2887 546 2913 tomo
564 2883 572 2911 Ι
587 2883 735 2920 praeﬁxum,
752 2893 828 2913 num.
851 2885 918 2913 LIV.
