1880 3055
237 169 292 200 443
753 174 948 204 BONIFACll
976 175 1129 205 FlNE'l‘l‘l
1160 176 1358 206 PRiEFATlO
1808 177 1846 207 iii

238 233 287 258 ret
312 232 393 266 vota,
423 237 482 260 suo
517 229 748 262 Anecdotorum
767 233 943 268 Fasciculo,
973 241 1068 272 quem
1099 233 1198 263 edidit
1216 241 1268 263 an.
1302 233 1390 269 1756,
1425 233 1629 263 inserendam
1658 232 1846 265 existimavit.

236 279 328 316 Quod
351 279 482 318 quidem
508 281 631 311 tametsi
657 281 811 313 editionis
840 283 936 322 hujus
967 283 1149 314 fautoribus
1176 284 1269 323 paulo
1287 284 1500 323 injucundius
1528 283 1693 319 acciderit,
1712 291 1750 314 eo
1775 285 1846 323 quoi

203 367 208 371 ἢ
237 329 354 359 exinde
378 333 567 369 prgrreptum
590 332 617 361 ei
643 332 768 372 aliquid
795 333 898 364 laudis
925 333 1183 372 suspicarentur,
1216 334 1294 364 milii
1322 339 1427 364 tamen
1455 333 1718 373 percommodum
1743 333 1846 364 cessit:

235 379 281 409 sic
297 380 381 409 enim
399 379 617 417 collationem,
633 391 728 421 quam
746 391 818 413 cum
834 383 1030 414 Bononiensi
1053 388 1140 414 textu
1159 383 1265 415 facere
1285 384 1473 420 tneditabar,
1496 393 1534 414 eo
1547 383 1611 422 jam
1635 383 1735 418 edito,
1764 382 1847 413 multo

234 429 360 460 {acilius
377 432 511 470 exsequi
542 433 645 471 potui.
663 434 817 465 Cmterum
837 434 1061 474 Mingarellius
1083 436 1191 465 (irmco
1215 434 1316 466 textui
1337 435 1478 465 Latinam
1507 433 1691 465 versionem
1720 433 1847 473 adjunin

232 489 309 511 sane
325 487 502 513 accuratam
520 488 550 515 et
564 484 697 516 nitidam
720 497 727 516 :
746 495 841 526 quam
857 490 1035 526 propterea,
1060 491 1094 517 ut
1110 487 1142 517 in
1159 487 1239 518 hanc
1257 488 1434 524 editionem
1451 487 1655 521 asciscerem,
1671 487 1777 517 animo
1802 488 1846 518 diu

232 534 438 574 multumque
468 537 640 575 propendi.
668 538 727 568 Sed
747 540 873 569 tandem
893 539 936 569 nil
955 547 1025 569 esse
1039 543 1137 576 ratus,
1157 548 1214 570 cur
1238 539 1419 570 versionem
1438 547 1538 570 meam
1552 546 1591 569 eo
1604 538 1678 578 jure
1693 537 1845 577 privarant:

231 586 319 625 quod
336 587 459 617 ratione
478 588 633 626 temporis
649 589 858 628 acquisieral.
877 594 905 620 et
923 594 1092 629 postquam
1112 590 1196 620 haud
1211 589 1366 621 mediocri
1389 590 1463 620 nisu
1478 591 1614 620 eluctata
1634 597 1674 618 ex
1690 586 1846 627 exemplati

232 639 317 666 esset
338 637 487 676 pluribus
507 639 546 669 de
565 640 671 670 causis
704 639 875 678 perarduo,
906 649 974 670 eam
998 641 1167 670 innoxiam
1186 641 1330 672 tenebris
1353 643 1535 670 damnarem
1555 638 1734 678 perpetuis,
1763 638 1846 676 ipsam

231 686 282 716 hic
294 688 518 726 appnncndam
537 690 662 720 censui.
683 691 837 721 Cteterum
857 700 928 721 cum
949 691 1164 722 Bononiensis
1184 691 1285 721 codex
1302 690 1413 721 codice
1445 688 1846 723 Cmsareo-Vindobonensi,

231 738 286 776 qui
301 739 384 770 haud
400 740 440 770 ita
460 749 603 779 magnam
635 742 758 772 redolet
783 743 1020 782 antiquitatem,
1036 742 1113 773 mihi
1131 742 1306 782 aliquando
1321 742 1455 772 nitidior
1476 741 1564 772 visus
1579 741 1634 778 sit,
1647 741 1845 771 emcntlatior.

231 798 307 828 (Ιηθι
341 790 429 820 illius
446 799 507 828 ope
524 792 679 822 nonnulla
711 793 771 823 mei
799 792 990 832 exemplaris
1013 793 1175 832 corrigere
1201 794 1312 823 menda
1327 793 1431 833 (prius
1446 793 1581 832 quidem
1598 791 1666 823 sola
1682 791 1845 830 conjectum

231 841 321 878 plura
339 840 560 880 sustuleram),
580 842 720 881 indeque
731 846 761 873 et
776 842 959 872 versionem
976 851 1079 874 meam
1091 843 1328 882 aliquantulum
1348 843 1498 882 perﬁcere
1517 843 1595 873 mihi
1611 842 1726 873 licuit:
1743 845 1774 872 ut
1787 849 1845 879 pro-

231 890 306 920 inde
324 899 386 921 non
402 892 535 921 omnino
555 900 615 922 suo
635 893 788 923 exciderit
807 897 879 924 volo
902 893 1185 931 priestantissimus
1215 893 1452 932 Mingarellius,
1474 892 1532 932 qui
1546 901 1582 924 ea
1599 901 1662 931 [πω
1680 891 1799 923 caeteris
1815 892 1844 921 al

230 943 442 980 evulgandam
463 942 699 974 Allocutionem
733 944 814 975 hanc
834 945 957 976 ratione
990 953 1024 976 se
1041 945 1210 976 inductum
1231 945 1332 976 fuisse
1350 949 1471 982 monet,
1486 950 1522 976 ut
1536 945 1758 984 Theophylacti
1780 945 1845 983 0pc-

228 1001 299 1022 rum
319 993 415 1023 editio
428 994 525 1032 magis
545 995 704 1034 magisque
724 995 839 1033 perﬁci
850 995 965 1033 possit.
989 996 1028 1025 At
1041 999 1072 1025 et
1086 996 1229 1026 codicem
1256 995 1508 1030 Bononiensem,
1530 995 1655 1026 tametsi
1672 995 1845 1033 plerumque

230 1045 474 1076 \'indobonensi
504 1047 700 1084 nitidiorem,
722 1047 864 1078 vicissim
888 1056 994 1086 posse,
1025 1048 1091 1079 imo
1107 1052 1137 1078 et
1154 1049 1271 1079 debere
1287 1049 1317 1079 in
1331 1048 1494 1088 aliquibus
1509 1048 1627 1088 corrigi
1654 1052 1686 1079 et
1710 1047 1776 1086 ipse
1804 1055 1844 1076 co-

227 1095 298 1126 dice
318 1096 571 1133 \'indobonensi,
590 1098 761 1136 perspiciet
791 1097 884 1128 facile
904 1097 1003 1128 lector
1024 1107 1061 1128 ex
1083 1097 1283 1128 variantibus
1299 1099 1506 1132 lectionibus,
1519 1106 1600 1137 quas
1615 1098 1653 1128 ad
1673 1096 1842 1136 paginarum

226 1146 344 1176 calcem
365 1147 508 1178 adtexui.
529 1149 567 1178 Et
584 1156 660 1178 sane
672 1147 842 1178 lectionem
857 1148 1145 1178 Vindobonensem
1162 1149 1192 1179 in
1207 1148 1404 1188 quibusdam
1420 1148 1662 1179 anu-ferendam
1677 1156 1748 1178 esse
1759 1148 1843 1177 Bono<

227 1197 347 1234 niensi,
368 1207 473 1235 nemo,
491 1202 523 1229 ut
537 1205 625 1237 puto,
652 1199 863 1236 inﬁciahitnr,
893 1200 948 1239 qui
966 1200 1130 1238 pauculas,
1143 1209 1222 1240 quas
1237 1200 1428 1240 adjecimus,
1458 1206 1549 1230 notas
1569 1201 1754 1238 expendere
1769 1198 1840 1229 velit.

227 1250 392 1281 Variantes
416 1259 549 1291 quoque
579 1251 746 1288 lectiones,
760 1261 832 1291 qua)
848 1252 878 1283 in
897 1253 1082 1283 Chomateni
1109 1253 1267 1292 excerptis
1283 1252 1678 1289 occurrunt,addidimus,
1699 1260 1759 1282 non
1781 1250 1843 1290 qui-

227 1296 299 1332 dem
331 1310 456 1338 omnes,
474 1303 529 1333 sed
558 1311 611 1333 eas
629 1307 750 1334 tantum
769 1312 839 1343 qtue
857 1303 990 1342 alicujus
1009 1312 1079 1334 esse
1107 1303 1260 1334 momenti
1282 1303 1358 1335 vista
1369 1307 1451 1334 sunt.
1470 1303 1531 1333 Sed
1555 1303 1620 1342 jam
1647 1303 1687 1333 de
1725 1301 1843 1341 ipsamet

227 1351 432 1383 Allocutionc
451 1353 607 1384 nonnulla
628 1353 785 1384 dicamus.

266 1414 384 1445 XXVI.
411 1415 510 1445 Erunt
539 1415 672 1445 fortasse
698 1415 753 1454 qui
780 1415 860 1445 hanc
894 1414 1124 1454 Theophylacti
1150 1415 1286 1455 opellam
1317 1414 1447 1445 nonnisi
1472 1407 1577 1445 'Photii
1599 1413 1804 1444 sectatoribus
1818 1413 1841 1442 in

225 1473 289 1494 suo
309 1464 480 1495 schismate
498 1465 704 1495 oliﬁrmandis
723 1465 799 1495 usui
825 1473 894 1495 esse
915 1473 1010 1504 posse
1026 1465 1228 1499 arbitrantes,
1251 1473 1319 1495 eam
1347 1473 1363 1495 a
1380 1464 1474 1494 nobis
1500 1463 1534 1494 in
1565 1463 1725 1502 publicam
1754 1461 1841 1493 eﬂ‘erri

225 1514 343 1552 lucem,
363 1525 444 1555 aegre
462 1516 587 1556 ferunt,‘
601 1520 654 1546 aut
670 1517 782 1547 saltem
810 1517 1022 1547 demirentur.
1048 1516 1107 1546 Sed
1133 1522 1191 1546 nos
1218 1517 1256 1546 ab
1281 1523 1391 1546 eorum
1409 1515 1464 1554 qui
1482 1515 1524 1545 ita
1542 1514 1690 1544 sentiunt
1706 1513 1840 1551 opinione
1863 1511 1864 1520 ‘

224 1567 305 1596 adeo
321 1567 429 1604 procul
446 1567 614 1605 absumus,
636 1572 668 1597 ut
686 1576 749 1598 non
768 1567 862 1597 modo
883 1567 1007 1597 nullum
1021 1566 1054 1597 in
1077 1574 1111 1597 ea
1129 1567 1251 1597 edenda
1283 1566 1462 1605 periculum
1481 1566 1616 1596 subesse
1641 1564 1839 1603 suspicemur.
1863 1561 1864 1566 “

223 1618 279 1648 seti
308 1617 445 1648 fructum
479 1618 573 1648 etiam
607 1617 819 1656 multiplicem
855 1617 972 1648 exinde
1003 1617 1095 1647 nobis
1125 1616 1340 1647 obventurum
1366 1616 1562 1646 conﬁdamus
1586 1623 1594 1646 :
1622 1616 1635 1645 1
1659 1615 1794 1650 scilicet,
1816 1618 1840 1643 ut
1863 1629 1864 1656 δ

226 1668 431 1707 integerrima
451 1669 483 1699 in
510 1669 702 1708 evulgandis
728 1668 959 1708 Tlieophylacti
985 1669 1146 1708 Operibus
1172 1668 1247 1698 fides
1273 1671 1380 1698 nostra
1405 1667 1557 1698 omnibus
1583 1666 1745 1706 explorata
1776 1665 1840 1695 liat:

172 1761 176 1765 ‘
224 1718 344 1749 deinde
363 1724 399 1750 ut
417 1719 516 1750 Latini
535 1720 676 1750 nominis
692 1720 800 1750 hostes
828 1719 1035 1758 perspiciunt,
1054 1719 1095 1750 ita
1113 1727 1170 1750 nos
1189 1718 1331 1758 aequitati
1356 1726 1460 1749 causae
1484 1721 1601 1747 nostra
1626 1716 1793 1751 conlidere,
1816 1718 1841 1744 ut

223 1779 296 1809 quae
321 1775 430 1802 contra
458 1771 639 1802 afferuntur
664 1778 851 1811 argumenta
879 1771 912 1802 in
945 1772 1087 1802 medium
1119 1770 1294 1809 producere
1325 1778 1388 1800 non
1415 1777 1585 1799 vereamur
1613 1776 1620 1798 :
1656 1767 1792 1806 denique
1815 1769 1841 1796 ut

224 1820 372 1852 Photiani
389 1822 442 1862 (ita
459 1830 514 1852 eos
534 1821 696 1861 appellare
714 1821 816 1857 lubet,
840 1821 896 1860 qui
911 1830 952 1851 ex
968 1822 1084 1851 Graecis
1101 1821 1264 1852 schismati
1285 1820 1462 1856 adluerent,
1484 1823 1518 1849 ut
1545 1818 1584 1848 ab
1603 1819 1723 1857 inclyta
1748 1824 1839 1847 eorum

223 1872 363 1909 natione,
383 1881 478 1912 quam
492 1879 683 1912 magnopere
701 1871 813 1911 diligo,
826 1874 869 1907 et,
887 1875 921 1901 ut
936 1871 1036 1907 decet,
1055 1871 1135 1905 colo,
1151 1870 1327 1910 secernam)
1344 1868 1519 1908 aliquando
1535 1868 1660 1898 discant
1676 1867 1795 1907 mquius
1811 1867 1840 1896 de

225 1922 332 1953 Latina
367 1922 510 1954 Ecclesia
536 1923 668 1959 sentire,
688 1922 881 1961 animosque
911 1921 1036 1959 capiunt
1062 1921 1302 1951 moderatiores.
1317 1920 1411 1957 Quod
1441 1920 1482 1950 ita
1508 1918 1639 1958 quidem
1667 1922 1839 1948 eventurum

220 1975 359 2011 conﬁdo,
381 1975 407 2005 si
425 1974 535 2005 sedato
561 1974 747 2013 passionum
776 1977 868 2010 testu,
900 1981 936 2003 ac
962 1971 1159 2011 prtejudiciis
1186 1971 1349 2010 paulisper
1374 1970 1537 2010 sepositis,
1561 1969 1600 2000 ad
1627 1965 1840 2008 Theophylarti

222 2026 335 2065 placita
364 2029 472 2066 (quem
501 2025 580 2056 alias
609 2024 726 2064 magni,
754 2033 812 2054 nec
839 2023 1013 2059 immerito,
1038 2021 1171 2062 faciunt)
1198 2022 1343 2053 animum
1375 2026 1583 2062 mentemque
1611 2030 1704 2052 suam
1729 2022 1840 2059 exigere

220 2076 332 2108 velint.
347 2078 414 2108 Hoc
432 2076 459 2107 si
484 2076 702 2115 priestiterint,
719 2075 907 2106 fatebuntur
922 2083 1011 2110 sane,
1027 2083 1123 2113 neque
1139 2073 1179 2113 (ιι)
1197 2073 1311 2103 multos
1332 2081 1395 2102 esse
1410 2072 1594 2102 Latinorum
1607 2082 1741 2108 errores,
1758 2078 1837 2109 neque

220 2129 310 2163 tales,
334 2129 387 2167 qui
402 2128 443 2158 ad
465 2127 686 2159 discindendas
703 2125 864 2156 Ecclesias
884 2126 948 2156 sint
963 2125 1082 2161 idonei,
1100 2132 1265 2163 eorumque
1287 2123 1409 2153 nullum
1421 2123 1461 2153 ad
1478 2123 1552 2162 ﬁdei
1573 2129 1668 2162 caput
1683 2123 1838 2162 pertinere.

220 2180 419 2210 Fatebuntur
434 2179 605 2218 ejusmodi,
618 2182 650 2208 ut
665 2178 726 2216 ipsi
741 2180 864 2215 putant,
878 2184 1003 2207 errores
1017 2175 1099 2206 ultra
1116 2175 1272 2205 rationem
1282 2183 1410 2204 omnem
1422 2177 1450 2204 et
1465 2175 1595 2204 modum
1608 2171 1841 2213 afervidioribus

219 2230 415 2270 quibusdam
431 2228 679 2268 (b)orthodoxiw
694 2227 884 2257 uiatoribus
899 2226 1104 2265 ampliﬁcari;
1129 2225 1323 2264 aliquosque
1344 2225 1475 2262 nullius,
1493 2225 1575 2254 alios
1604 2233 1680 2255 vero
1692 2223 1840 2254 mediocris

219 2279 445 2312 emendationis
476 2279 631 2318 indigere,
654 2279 695 2308 ita
713 2282 747 2308 ut
772 2287 836 2308 non
859 2278 963 2316 magni
987 2277 1113 2307 intersit
1137 2276 1296 2312 Ecclesiae,
1321 2276 1349 2306 si
1375 2286 1408 2306 ea
1428 2276 1634 2316 perﬁciatur.
1659 2276 1840 2308 Fatcbuntur

219 2341 348 2364 munem
366 2331 465 2362 ferme
480 2330 699 2361 dissensionis
715 2331 842 2360 Graecos
860 2329 944 2360 inter
958 2337 994 2360 ac
1010 2329 1138 2359 Latinos
1155 2337 1281 2359 causam
1300 2329 1509 2359 revocandam
1525 2337 1598 2359 esse
1613 2329 1650 2359 ad
1668 2327 1839 2368 particulam

218 2385 362 2425 Filioque
391 2384 543 2425 Symbolo
565 2383 719 2424 adjectum
744 2382 795 2422 (c),
821 2383 967 2421 adeoque
992 2390 1048 2412 nec
1069 2387 1202 2421 propter
1229 2390 1348 2420 azyma,
1375 2390 1473 2420 neque
1499 2385 1635 2420 propter
1655 2381 1776 2421 jejunio
1796 2377 1838 2416 (d‘,

217 2439 317 2469 multo
333 2446 407 2468 vero
425 2438 528 2468 minus
545 2441 680 2477 propter
696 2436 830 2476 reliqua,
851 2444 959 2475 pacem
976 2443 1045 2467 esse
1056 2443 1128 2466 cum
1149 2435 1260 2465 Latina
1274 2434 1415 2465 Ecclesia
1429 2434 1630 2464 turbandam.
1657 2433 1840 2464 Fatcbun'tn'

219 2491 331 2528 multa,
349 2498 422 2530 quae
442 2490 521 2529 ipsis
538 2499 662 2520 errores
677 2494 762 2526 sunt,
784 2498 886 2519 moras
921 2488 1163 2520 consuetudines
1178 2488 1216 2528 (e)
1241 2495 1326 2524 esse,
1353 2486 1501 2526 quasdam
1525 2485 1648 2525 quidem
1672 2495 1712 2515 ea:
1725 2484 1839 2523 pietate,

217 2544 296 2574 alias
313 2553 352 2574 ea:
367 2543 502 2584 provida
514 2542 723 2582 dispositione
742 2542 952 2573 introductas.
975 2542 1174 2573 Fatebuutur
1199 2541 1353 2578 denique,
1380 2548 1420 2570 cx
1443 2539 1512 2569 solo
1528 2539 1695 2569 that-italis
1719 2537 1838 2576 defectu,

217 2595 387 2627 ambitione
399 2603 435 2626 ac
457 2593 607 2633 superbia
622 2593 672 2634 (Γ),
685 2602 723 2623 ex
742 2593 805 2623 zelo
821 2602 885 2623 non
901 2593 1069 2623 secundum
1084 2592 1259 2628 scientiam,
1276 2600 1315 2621 ex
1330 2598 1406 2620 cwco
1421 2591 1476 2625 sui
1489 2597 1593 2620 amare
1606 2590 1647 2629 (g)
1656 2593 1700 2619 tot
1727 2585 1839 2624 congeli

253 2731 293 2766 (ιι)
311 2730 399 2758 Verba
415 2728 613 2765 Theophylacti
627 2727 714 2756 Alloc.
735 2735 812 2755 num.
829 2728 849 2761 l,
863 2735 926 2764 pag.
941 2727 1004 2755 515.
1057 2725 1126 2754 enim
1155 2725 1272 2787 gratante
1301 2723 1479 2758 suscipimus,
1499 2726 1572 2762 etcf;
1605 2726 1662 2748 tum
1685 2728 1744 2754 quae
1770 2717 1836 2744 habet

253 2768 290 2787 lln
309 2767 389 2787 Num,
408 2766 439 2787 It.
1061 2769 1138 2787 num.
1184 2759 1226 2787 Vl.
1242 2760 1288 2786 tibi
1305 2760 1434 2787 urauliicc
1460 2758 1594 2785 describit
1613 2755 1789 2787 quorumdam
1809 2758 1834 2776 εἰ

253 2755 292 2801 itii
309 2755 541 2794 Νῆὶιῖῖιί.“””⁷”¹
582 2755 587 2756 ⁷
843 2755 848 2761 ’
864 2755 872 2763 ³
899 2755 914 2764 υ
1061 2769 1138 2788 num.
1155 2755 1226 2790 XVI.
1242 2760 1288 2786 ubi
1305 2755 1434 2794 graphice
1460 2758 1594 2785 describit
1613 2755 1789 2818 quorumdam
1809 2758 1834 2776 εἰ

253 2803 288 2818 [Α
307 2802 335 2818 ιι.
363 2807 386 2818 ΛΙ
402 2808 465 2818 ...η-ι
491 2799 522 2818 Ill
1060 2797 1118 2818 cui:
1131 2795 1302 2818 nnnulan‘bus
1316 2794 1440 2818 ὑδερικδν
1460 2794 1542 2818 bvxw
1554 2812 1562 2818 .
1576 2794 1617 2818 Im.
1631 2798 1746 2818 romcum
1764 2793 1834 2815 tum;-

253 2792 289 2838 te),
307 2792 346 2838 lli.
363 2807 390 2828 et
402 2808 477 2838 nini).
491 2799 534 2828 lll.

1095 2797 1118 2824 is
1131 2792 1440 2831 popularibus—665;:th
1460 2794 1542 2828 byx'iv
1554 2812 1562 2826 ,
1576 2792 1746 2828 Iiydropicum
1764 2793 1837 2815 tum:-

252 2834 292 2873 (ά)
309 2837 391 2873 i‘ium.
409 2834 466 2862 XV.

1062 2840 1134 2873 mi".
1156 2866 1176 2873 ..
1252 2865 1287 2873 ν.
1305 2865 1309 2871 .

256 2865 291 2908 ζεῖ
308 2872 380 2908 ΠΜ·
576 2905 582 2908 _
707 2905 712 2908 _
744 2905 749 2908 _
897 2904 907 2908 _
955 2902 974 2908 υ
1063 2882 1075 2895 ι
1100 2866 1136 2902 ly‘
1155 2866 1237 2895 Num.
1252 2865 1288 2894 XI
1304 2865 1331 2893 in
1345 2865 1408 2893 line.

255 2902 289 2940 ξι)
307 2907 365 2936 Huc
383 2909 510 2935 sncctant
527 2905 610 2934 verba
628 2914 688 2934 unzc
707 2905 788 2932 habet
805 2913 881 2932 nunt.
897 2904 907 2931 l
924 2913 929 2930 :
950 2902 1011 2930 Non
