1880 3055
223 154 274 183 1467
748 153 938 184 BONIFACII
959 155 965 184 l

1102 155 1114 184 Ι
1135 153 1330 184 PBr'EFATIO
1802 152 1843 184 iis

226 209 464 240 verebaturille
481 211 670 239 eventurum
688 209 762 243 sibi,
784 218 898 249 nempe
916 210 1002 249 quod
1020 209 1166 240 nonnulli
1191 218 1230 239 ex
1254 207 1478 246 fervidioribus
1502 208 1678 241 I'hotianis,
1709 207 1844 246 legrntvs

225 267 321 297 quam
347 259 460 290 acriter
482 259 513 288 in
542 267 598 289 sua
630 258 687 289 hac
715 258 818 296 opella
848 259 1038 298 perstringat
1068 258 1254 290 eorumdem
1286 257 1556 288 immodcrantiam
1585 256 1654 292 zeli,
1683 257 1846 286 rharitatis

224 308 387 349 defectum,
409 308 605 338 ambitionem
618 313 709 348 atque
731 309 939 348 hydropicum
955 314 1119 345 tumorem,
1135 308 1347 339 aestimatione
1367 309 1399 338 in
1416 311 1633 345 contemptum
1651 315 1762 343 versa,
1779 316 1845 337 eun

225 361 436 390 condemnant
452 359 586 389 inscitia:
602 360 831 398 crassiorisque
845 361 877 390 in
895 360 987 390 rebus
1013 360 1113 390 sacris
1131 359 1260 400 judicii,
1276 359 1323 389 υει
1342 359 1485 395 incuria},
1507 360 1566 388 imo
1589 363 1618 388 et
1647 359 1846 388 orientalium

224 410 400 449 dogmatum
414 410 617 449 proditionis.
635 411 698 441 Alii
717 415 834 446 tamen,
849 419 976 450 sperare
988 411 1090 450 juvat,
1108 411 1288 451 gravissimi
1306 410 1401 450 hujus
1428 410 1486 440 viri
1510 409 1700 440 auctoritate
1716 412 1845 447 permoti

224 460 285 490 sibi
306 460 399 490 facile
414 460 661 498 persuadebunt,
677 469 732 490 nec
753 461 866 490 multos
879 469 942 490 esse
954 460 1138 491 Latinorum
1154 469 1290 496 errores,
1305 469 1402 499 neque
1413 460 1490 490 tales
1505 459 1559 499 qui
1571 459 1611 489 ad
1626 458 1845 490 discindendas

222 510 382 540 Ecclesias
396 510 461 539 sint
476 508 600 542 idonei;
615 518 671 540 nec
695 509 793 540 ullum
817 510 871 548 qui
894 510 935 540 ad
949 510 1022 548 ﬁdei
1047 515 1141 549 caput
1167 511 1337 550 pertineat.
1364 509 1439 540 Atii
1467 509 1527 548 ipsi
1547 509 1682 539 fortasse
1703 509 1844 548 ejusdem

224 560 413 591 auctoritate
432 559 503 589 freti
524 560 728 595 contendent,
746 568 779 589 se
795 560 869 598 jure
886 568 901 589 a
916 560 1102 591 Latinorum
1117 559 1345 590 communione
1358 559 1541 594 abhorrere,
1558 558 1679 597 quippe
1697 558 1758 596 qui
1775 557 1846 587 illud

224 610 376 649 Symbolo
408 611 604 645 addiderint.
624 618 690 650 quo
710 610 864 649 Spiritum
887 615 1032 642 sanctum
1050 615 1111 642 eta
1135 611 1219 641 Filio
1251 610 1423 649 procedere
1448 610 1646 641 enuntiatur.
1662 610 1734 639 Hos
1756 609 1847 648 igitur

224 661 325 691 amice
343 666 373 691 et
388 660 540 695 fraterne,
560 665 658 700 utque
679 661 783 692 verbis
797 666 866 692 utar
886 660 1130 699 Theophylacti.
1149 660 1338 700 simpliciter
1357 664 1385 690 et
1410 659 1552 696 candide,
1569 664 1660 698 atque
1683 663 1722 688 ut
1743 659 1846 697 pisca-

225 717 327 741 torum
341 710 532 750 discipulum
547 711 672 741 omnino
689 711 786 748 decet,
804 719 890 742 nunc
908 711 1018 750 paucis
1033 710 1157 751 alloqui
1175 711 1274 742 lubet.

263 763 397 794 XXVII.
421 764 465 794 Ac
479 763 581 802 primo
597 763 727 804 quidem
745 772 813 801 eos,
828 764 933 804 quoad
953 772 1093 802 prteseus
1108 763 1234 799 attinet,
1253 761 1458 801 prmmonitos
1483 761 1589 798 velim,
1615 761 1727 799 potius
1753 759 1846 790 animi

225 813 470 852 dispositionem
487 822 581 852 quam
604 814 700 845 verba
719 823 791 845 esse
803 814 837 845 in
853 814 1093 854 Theophylacto
1109 815 1281 853 Spectauda
1295 824 1303 850 ;
1319 813 1437 844 deinde
1455 820 1657 852 quaecunque
1673 812 1749 851 ejus
1765 818 1847 841 mens

223 862 334 899 fuerit,
360 871 423 893 non
451 862 555 902 magni
582 871 652 894 esse
676 863 851 894 faciendam
869 863 959 894 illius
975 863 1032 894 hac
1057 864 1091 894 in
1117 873 1150 894 re
1171 863 1406 894 auctoritatem.
1432 862 1543 899 Quoad
1561 862 1702 901 primum
1727 862 1848 892 attinet,

225 920 284 952 pro
299 917 385 944 certo
402 913 515 949 habeo,
535 913 577 944 ita
599 922 673 944 eum
702 912 803 945 fuisse
817 914 926 945 animo
950 918 1179 953 comparatum,
1193 918 1227 944 ut
1240 915 1266 944 si
1285 921 1350 954 quo
1368 918 1509 953 tempore
1530 913 1620 949 vixit,
1641 921 1699 952 per
1719 912 1847 952 aliquod

183 1002 187 1005 '
225 963 399 994 concilium
417 973 457 995 ex
477 964 596 995 Graecis
622 964 811 1004 Latinisque
827 970 970 996 coactum
996 966 1033 1006 ad
1052 974 1183 996 examen
1208 972 1312 996 vocata
1332 973 1367 996 ac
1392 965 1522 996 deﬁnita
1544 963 1661 995 fuisset
1687 962 1847 1002 processio

227 1014 368 1052 Spiritus
403 1015 503 1045 sancti
531 1016 625 1045 etiam
656 1023 672 1045 a
701 1015 798 1054 Filio,
824 1016 932 1055 procul
963 1017 1063 1048 dubio
1092 1016 1222 1047 concilii
1258 1016 1385 1056 judicio
1408 1024 1443 1047 ac
1469 1015 1640 1047 sententias
1676 1015 1845 1045 stetisset:

207 1065 497 1103 quemadmodum
531 1065 660 1103 plurimi
695 1066 860 1098 sanctitate
891 1075 926 1098 ac
964 1067 1109 1098 doctrina
1140 1066 1394 1105 praestantissimi
1424 1067 1532 1097 Patres
1564 1070 1682 1097 stetere
1712 1065 1844 1105 synodo,

224 1114 430 1152 Florentium,
458 1115 555 1154 eique
580 1120 737 1154 perpetuo
767 1119 797 1146 et
824 1115 1082 1146 constantissime
1109 1115 1417 1146 adhmserunt.\Hac
1437 1114 1538 1145 fuisse
1574 1113 1845 1153 TheOphylactum

225 1166 325 1196 animi
343 1166 556 1205 dispositione
579 1166 740 1204 affectum,
767 1167 836 1206 ipse
862 1167 980 1204 colligo
998 1175 1036 1197 ex
1064 1166 1184 1197 eximio
1205 1166 1276 1204 ejus
1302 1165 1387 1205 pacis
1419 1165 1616 1205 unionisque
1640 1173 1765 1200 am0re,
1797 1161 1844 1203 qui

226 1226 297 1248 cum
313 1218 345 1248 in
362 1217 435 1248 aliis
453 1218 619 1256 operibus,
633 1221 701 1248 tum
717 1217 918 1256 potissimum
938 1216 1038 1247 inhac
1053 1216 1122 1255 ipsa
1140 1215 1337 1246 Allocutione
1355 1215 1534 1246 luculenter
1546 1222 1581 1246 sc
1597 1216 1716 1253 prodit.
1733 1215 1844 1244 Verum

226 1276 298 1299 cum
316 1271 388 1298 ante
413 1267 558 1298 ﬂoruerit
580 1275 675 1307 quam
699 1267 918 1298 controversia
946 1266 1012 1297 hmc
1041 1266 1170 1296 deﬁnita
1195 1269 1280 1296 esset
1305 1266 1337 1296 in
1371 1265 1478 1305 aliqua
1502 1265 1699 1296 oecumenica
1729 1265 1844 1304 synodo

228 1318 346 1364 (.irimo
363 1319 450 1349 enim
468 1320 598 1351 deﬁnita
619 1323 667 1350 est
691 1319 723 1349 in
739 1319 876 1350 concilio
902 1317 1041 1358 generali
1066 1318 1272 1356 Lugdunensi
1298 1327 1333 1351 ιι,
1359 1327 1412 1349 an.
1428 1317 1528 1358 127's),
1555 1326 1697 1356 cumque
1734 1325 1790 1356 per
1816 1315 1844 1346 id

228 1371 355 1407 tempus
379 1368 507 1399 dissidii
530 1372 559 1398 et
582 1367 762 1398 schismatis
778 1371 874 1398 aestus
889 1368 1025 1406 primum
1042 1367 1197 1397 excitatus
1221 1375 1236 1398 a
1253 1367 1377 1404 Photio,
1398 1372 1464 1399 tum
1484 1377 1498 1397 a
1517 1367 1671 1398 Michaele
1687 1366 1843 1398 Cerulario

228 1425 290 1446 non
309 1417 350 1447 ita
379 1417 502 1454 pridem
522 1424 704 1453 renovatus,
732 1416 871 1447 ferveret
901 1425 996 1456 quam
1015 1416 1310 1453 vehementissime,
1336 1417 1417 1448 haud
1436 1417 1526 1448 valde
1555 1417 1740 1448 mirandum
1768 1416 1794 1446 si
1820 1420 1845 1446 et

228 1468 490 1507 Thoophylactus
507 1477 541 1499 se
557 1476 688 1508 quoque
704 1468 805 1507 abripi
826 1476 938 1506 passus
954 1473 1117 1507 utcunque
1137 1468 1189 1499 sit.
1209 1469 1246 1498 At
1265 1469 1339 1508 quia
1357 1473 1459 1500 tamen
1475 1469 1515 1499 ob
1532 1477 1612 1506 eam,
1636 1478 1736 1509 quam
1758 1477 1844 1507 supra

229 1518 487 1553 memoravimus,
505 1526 632 1548 causam
654 1518 797 1556 ignotum
816 1517 908 1548 nobis
924 1522 983 1555 est,
1001 1525 1038 1547 an
1056 1517 1142 1547 illius
1160 1517 1266 1548 fervor
1281 1519 1318 1548 ad
1333 1519 1511 1549 hmreticam
1525 1528 1629 1558 usque
1645 1519 1844 1558 pertinaciam

228 1567 419 1604 excreverit,
445 1568 519 1598 ideo
544 1575 649 1607 neque
673 1567 766 1597 illum
794 1567 966 1604 hmreseos,
992 1576 1097 1607 neque
1123 1568 1277 1607 forma/is,
1302 1571 1335 1598 ut
1359 1568 1461 1599 aiunt.
1484 1568 1664 1599 schismatis
1701 1569 1844 1598 condent

229 1608 341 1649 na‘mus
365 1618 405 1659 (a)
422 1619 500 1659 quin
518 1628 576 1650 nec
597 1620 698 1649 sancti
720 1618 778 1650 viri
793 1619 1053 1658 appellationem,
1074 1627 1137 1658 qua
1167 1619 1261 1658 vulgo
1277 1619 1315 1650 ab
1332 1620 1551 1652 Orientalibus
1575 1621 1766 1660 insignitur,
1796 1626 1845 1650 nos

229 1671 392 1701 ullatenus
409 1671 470 1710 ips-i
488 1670 685 1702 invidemus.

272 1732 425 1762 XXVIII.
441 1731 557 1761 Verum
567 1731 626 1761 hoc
636 1731 743 1770 ipsum
757 1731 842 1770 quod
855 1730 1001 1770 'l'heoihi
1013 1731 1092 1762 Iacto
1102 1731 1199 1762 abhis
1209 1732 1395 1763 criminibus
1408 1733 1582 1772 purgando,
1595 1733 1845 1765 siveexcusamlo

232 1780 385 1817 deservit,
403 1781 440 1810 ad
463 1780 671 1811 minuendam
688 1789 819 1819 quoque
835 1780 892 1811 hac
910 1781 941 1811 in
955 1786 1041 1820 parte
1062 1781 1151 1811 illius
1167 1782 1386 1813 auctorilatem
1403 1792 1497 1822 quam
1520 1784 1656 1815 maxime
1674 1783 1752 1815 facit
1777 1785 1844 1815 Cum

231 1831 319 1863 enim
345 1830 558 1862 controversia
581 1831 645 1861 haec
675 1831 706 1861 in
737 1831 874 1862 concilio
906 1839 944 1862 ex
972 1831 1088 1861 Graecis
1117 1831 1302 1871 Latinisque
1336 1838 1442 1864 coacto
1482 1835 1625 1865 nondum
1654 1836 1727 1866 data
1761 1842 1844 1874 opera

231 1881 460 1920 communique
483 1889 641 1911 consensu
660 1881 802 1921 subjecta
818 1885 902 1912 esset
916 1881 1068 1919 examini,
1084 1882 1168 1921 quod
1189 1882 1290 1920 primo
1306 1882 1421 1914 factum
1432 1888 1479 1914 est
1497 1885 1527 1915 in
1546 1886 1697 1924 praedicta
1715 1883 1843 1925 generali

231 1931 383 1972 synodo,_
399 1933 546 1972 ignorare
561 1931 588 1962 is
606 1931 699 1962 facile
717 1931 820 1970 potuit
845 1931 963 1970 quibus
987 1932 1144 1963 niteretur
1166 1931 1385 1964 fundamentis
1403 1935 1588 1965 Latinorum
1611 1937 1782 1972 sententia,
1803 1933 1843 1966 vel

231 1985 342 2025 quoin
362 1993 460 2016 sensu
480 1987 660 2015 asserereut
677 1983 894 2023 hi,Spiritum
912 1988 1054 2014 sanctum
1072 1985 1167 2015 etiam
1187 1993 1203 2015 a
1228 1985 1310 2015 Filio
1335 1986 1522 2024 procedere,
1546 1990 1575 2017 et
1598 1995 1692 2026 quam
1719 1987 1845 2026 legitima

233 2037 313 2068 ratio
331 2045 389 2067 seu
406 2044 501 2066 causa
518 2036 565 2065 eis
583 2035 693 2072 fuerit,
714 2039 747 2065 ut
767 2035 953 2074 particulam
973 2035 1118 2075 Filioque
1133 2036 1163 2066 in
1184 2041 1316 2067 summat
1331 2046 1423 2068 usum
1441 2038 1592 2069 Ecclesiae
1607 2038 1761 2076 Symbolo
1783 2037 1843 2068 ﬁdei

231 2087 443 2125 a-ljtcicndam
462 2086 614 2124 putarint.
639 2087 712 2117 Hauc
728 2087 832 2125 reipsa
849 2087 888 2116 ab
903 2086 1145 2125 'I‘lteophylacto
1164 2087 1305 2126 ignorata
1324 2088 1437 2125 fuisse,
1455 2089 1595 2119 dubitari
1620 2089 1672 2119 vix
1693 2092 1807 2128 potest,
1823 2086 1844 2116 si

232 2141 418 2175 argumenta
433 2136 528 2175 queis
543 2145 633 2166 suam
650 2136 719 2174 ipse
734 2144 860 2167 causam
879 2141 1070 2175 propugnat,
1095 2137 1189 2175 paulo
1211 2137 1366 2168 attentius
1391 2139 1625 2176 expenduntur.
1650 2141 1742 2171 Anne
1768 2139 1843 2170 enim

235 2196 314 2216 usus
331 2195 472 2226 unquam
502 2187 609 2217 verbis
626 2186 691 2217 illis
711 2187 906 2226 evangelicis
934 2186 1049 2218 fuisset
1069 2199 1073 2205 ι
1091 2187 1222 2218 Ostende
1244 2188 1333 2219 nobis
1358 2189 1481 2219 Patrem
1508 2190 1578 2230 (qui
1610 2200 1725 2230 nempe
1747 2192 1846 2222 doceat

233 2238 385 2276 Spiritum
399 2241 541 2268 sanctum
555 2247 571 2268 a
589 2238 669 2268 Filio
684 2238 880 2277 procedere),
893 2243 921 2268 et
935 2239 1051 2278 sufﬁcit
1068 2239 1158 2269 nobis
1175 2239 1228 2279 (ὁ),
1248 2240 1275 2270 si
1296 2241 1510 2279 cognovisset,
1529 2246 1571 2272 tot
1592 2251 1664 2273 esse
1689 2244 1804 2278 Patres,
1820 2246 1843 2271 et

231 2288 475 2329 probatissimos
491 2288 633 2328 quidem,
647 2292 678 2319 et
694 2296 755 2319 non
772 2289 866 2319 modo
887 2289 1027 2325 Latinos,
1044 2289 1099 2327 qui
1112 2289 1248 2320 ﬂoruere
1259 2296 1331 2321 ante
1345 2291 1559 2323 dissensionis
1577 2292 1706 2323 initium
1726 2292 1844 2333 (quibus

236 2342 368 2382 proinde
383 2341 588 2380 probatorum
602 2342 732 2372 Patrum
748 2347 778 2372 et
792 2350 907 2372 nomen
925 2345 955 2372 et
973 2341 1104 2380 gradum
1124 2351 1216 2373 nemo
1237 2351 1324 2380 sane,
1337 2344 1391 2382 qui
1407 2349 1488 2375 recte
1506 2344 1632 2381 sentiat,
1646 2342 1844 2384 abjudlcaril),

234 2394 289 2424 sed
307 2394 401 2424 etiam
418 2394 556 2427 Graacos,
571 2392 627 2432 qui
642 2395 780 2422 nostram
798 2392 959 2422 tradidere
976 2392 1190 2423 sententiam?
1202 2394 1260 2424 Hic
1275 2402 1362 2430 vero,
1376 2399 1546 2434 antequam
1562 2396 1642 2426 ultra
1659 2395 1844 2436 progredior,

235 2443 385 2474 cohibere
406 2452 455 2473 me
473 2450 536 2472 nou
558 2451 702 2481 possum,
720 2442 801 2481 quin
820 2443 1025 2473 vehementer
1037 2452 1153 2482 querar
1168 2445 1440 2484 expostulemquc
1457 2446 1496 2476 de
1512 2446 1716 2483 apertissima
1743 2444 1845 2484 injuria

236 2503 331 2534 quam
356 2493 455 2524 Grteci
483 2498 599 2524 nostra;
627 2492 724 2532 hujus
752 2494 850 2524 relatis
866 2502 929 2525 non
949 2494 1067 2525 Latium
1091 2499 1224 2531 tantum,
1247 2495 1305 2525 sed
1333 2498 1363 2525 et
1384 2496 1544 2526 universaa
1570 2497 1724 2527 Ecclesiae
1740 2495 1844 2526 inferre

238 2545 321 2575 haud
352 2545 572 2581 reformidant,
602 2545 679 2575 dum
710 2545 960 2575 controversiam
990 2544 1071 2576 hanc
1094 2544 1168 2576 fidei
1202 2545 1240 2575 ad
1269 2546 1394 2576 Graecos
1423 2549 1544 2576 tantum
1567 2547 1759 2585 exigendam
1786 2550 1845 2574 e550

239 2597 359 2634 Patres,
385 2605 424 2627 ex
454 2605 631 2635 eorumque
661 2595 786 2634 placitis
813 2596 1028 2627 deliniendam
1057 2605 1127 2627 esse
1155 2596 1367 2626 contendunt.
1396 2596 1479 2632 Quid
1502 2596 1609 2627 enim?
1631 2598 1678 2628 An
1708 2593 1844 2628 catholica

275 2735 312 2768 (a)
334 2733 390 2761 line
410 2734 516 2761 ratione
537 2741 598 2761 eum
629 2736 799 2759 exriisarnnt
824 2736 949 2768 auctores
966 2730 1023 2768 edif
1076 2731 1184 2758 torulus
1206 2731 1285 2759 fuerit
1301 2730 1468 2768 ileﬁpiritus
1479 2731 1566 2768 sancti
1581 2731 1843 2768 prorcssiour).qltta

237 2764 342 2796 tinuum
361 2777 425 2796 anu.
448 2770 529 2799 1551,
545 2768 613 2795 1542
627 2772 653 2794 et
668 2768 746 2799 1554,
768 2774 838 2801 quas
850 2767 940 2793 videre
958 2767 1023 2793 mihi
1078 2768 1184 2793 minime
1198 2772 1258 2793 tunc
1278 2768 1309 2793 ab
1332 2765 1450 2792 Ecclesia
1470 2764 1614 2794 iuriversoli
1639 2767 1774 2802 deﬁnitum
1787 2764 1844 2793 Μαί»

237 2805 325 2831 licuit.
342 2804 554 2832 Enurralionum
582 2804 668 2838 ipsius
690 2803 716 2829 iu
735 2807 851 2836 qltatuor
870 2802 1022 2838 Evangelia.
1078 2811 1135 2829 curn
1153 2802 1187 2838 alr
1201 2807 1310 2835 utroque
1327 2802 1476 2835 procedere.

240 2839 328 2866 Verba
341 2841 448 2866 illorum
464 2836 604 2865 mlruicein
615 2837 865 2874 Joannisluuc'sunt
879 2846 885 2874 ἶ
900 2836 1024 2874 Propter-
1115 2838 1151 2874 (b)
1169 2837 1236 2865 Num
1267 2838 1311 2865 IIl.

240 2884 271 2903 ea
287 2874 510 2903 reprehendendus
529 2883 578 2901 non
593 2879 631 2900 est
653 2871 860 2906 'I'heop/inluctus
878 2872 960 2905 (quod
989 2873 1024 2899 ita
