1880 3055
39 91 100 124 4ὲ9
485 91 524 122 IN
546 92 762 127 SEQUENTIA
781 93 1069 124 THEOPHYLACTI
1085 93 1256 125 SCRIPTA.
1629 98 1682 129 450

42 149 202 180 Ecclesia
227 149 307 180 intra
333 147 434 179 solius
456 149 587 179 Graeciae
609 154 654 179 vel
679 148 821 179 Orientis
843 148 922 178 ﬁnes
946 148 1040 179 etiam
1065 149 1176 187 primis
1207 149 1357 180 Ecclesiu-
1383 153 1511 184 smculis
1531 151 1682 184 conclusa

40 202 144 230 erat?
175 202 234 231 Aut
264 199 371 230 dicina
394 199 537 235 traditio,
563 200 658 239 cujus
688 199 814 238 propria
841 198 899 229 dos
926 203 985 236 est,
1007 207 1126 238 semper
1141 203 1171 230 et
1192 200 1307 240 ubique
1330 203 1452 241 vigere,
1467 211 1507 233 ex
1524 201 1683 233 Orientalt'

43 254 183 280 tantum
202 250 342 281 Ecclesia
362 249 536 280 haurienda
557 251 784 288 pensaudaque
801 250 869 280 est?
887 249 1006 288 Ecquis
1019 248 1076 280 hac
1102 251 1306 289 praerogativa
1333 252 1513 283 Orientales
1533 251 1684 283 donavit?

44 303 96 332 An
122 302 288 337 Christus,
312 302 366 339 qui
388 301 600 340 Evangelium
624 301 657 332 in
681 301 834 332 universo
853 301 973 331 mundo
1000 301 1234 340 prwdicandum
1256 302 1377 333 edixit?
1395 305 1443 334 An
1459 303 1609 343 apostoli,
1625 302 1682 342 qui

43 354 136 384 illud
158 354 390 384 annuntiarunt
408 353 527 392 ubique
543 343 718 389 terrarum;
742 360 920 391 eorumque
942 351 1130 391 corypltmbs
1151 353 1263 383 Petrus
1286 354 1416 384 Romam
1434 363 1505 385 cum
1531 354 1684 384 doctrinas

44 413 132 439 sum,
152 408 220 435 tum
245 405 339 436 etiam
368 405 534 444 potestatis
560 405 669 435 sedem
698 404 887 435 constituit?
911 403 965 434 ubi
992 403 1086 434 etiam
1109 404 1228 434 Paulus
1248 404 1388 436 doctoris
1402 414 1535 436 munere
1553 406 1682 437 functus

45 455 193 485 biennio
212 459 260 485 est
277 465 284 484 :
304 459 337 486 ut
352 455 392 486 de
407 455 528 485 caeteris
540 455 649 485 sileam
666 454 832 493 apostolis,
850 462 987 493 quorum
1004 454 1103 494 aliqui
1122 463 1176 493 per
1196 454 1333 493 seipsos,
1350 455 1404 486 alii
1426 465 1480 495 per
1505 456 1682 496 discipulus

46 508 87 537 ab
104 516 143 537 se
165 507 331 537 institutos
347 507 380 537 in
398 507 499 537 varias
516 507 701 537 Occidentis
720 507 901 544 provincias
923 515 957 536 ac
975 515 1069 545 regna
1090 506 1266 536 dortrinam
1291 507 1505 546 evangelicam
1528 508 1682 539 dissemi-

53 561 192 588 narunt.
221 557 374 594 Quamvis
391 558 490 597 igitur
518 558 642 589 nullum
663 567 700 589 ex
722 558 838 589 Grmcis
866 558 1010 588 Patribus
1039 558 1143 588 afferri
1177 562 1283 596 posset
1307 566 1364 596 pro
1397 559 1508 589 Latino
1536 559 1682 599 dogmate

49 609 294 646 testimonium,
325 617 430 639 nonne
458 609 536 639 satis
564 612 649 639 esset
675 609 837 640 unanimis
872 610 1056 639 Latinorum
1080 610 1208 640 Patrum
1239 608 1410 645 sententia,
1441 613 1473 639 ut
1501 610 1619 640 nedum
1644 611 1683 640 ab

51 659 166 689 omnis
179 659 366 697 suspicione
381 659 498 689 erroris
514 659 744 695 absolveretur,
764 659 818 689 sed
837 659 930 690 etiam
948 663 980 689 ut
997 660 1149 698 apostolis
1163 660 1242 698 ipsis
1260 658 1431 690 referretur
1447 661 1634 698 acceptum?
1648 661 1684 690 Et

50 716 133 738 sane
153 708 179 737 si
200 708 473 747 Theopliylactum
488 717 550 739 non
569 708 661 739 latuit
679 709 787 739 isthmc
804 709 987 739 Latinorum
1005 710 1176 740 consensio
1191 710 1332 746 Patrum,
1354 718 1415 749 qua
1435 710 1557 741 ratione
1581 719 1683 741 ausus

56 761 105 788 est
137 757 310 794 aﬂirmare,
334 768 352 788 a
384 758 471 788 nullo
499 768 538 789 ex
557 759 699 797 probatis
728 759 878 790 I’atribus
903 760 937 790 id
963 761 1095 796 edoceri,
1120 768 1356 800 provocareque
1399 769 1457 792 nos
1486 761 1682 801 evangelieis

54 809 189 840 verbis:
206 809 339 840 Ostende
354 810 443 840 nobis
457 811 604 841 Patrem?
621 813 668 841 An
690 820 752 842 non
769 812 899 851 probati
924 814 1030 843 Patres
1054 813 1232 852 Cyprianus
1254 818 1285 844 et
1310 813 1515 851 Ambrosius,
1543 822 1682 853 quorum

54 861 162 890 utitur
181 860 379 907 testimoniis
390 861 487 891 tertia
505 861 650 900 synodus
667 863 875 899 meumenica,
893 862 962 894 sive
980 862 1162 902 Ephesina?
1185 864 1297 894 Nonne
1318 863 1563 902 probatissimus
1594 865 1684 894 Pater

55 911 121 940 Leo
144 911 292 948 Magnus,
314 911 412 951 'eujus
433 912 548 952 scripta
565 917 677 951 quarta
701 914 797 952 synoc'

939 927 967 954 ην
984 918 1148 954 ὀρθοδοξίας,
1170 915 1343 945 columnam
1361 914 1557 946 orthodoxae
1570 915 1681 955 appel-

54 963 147 993 larit.
177 964 290 994 Nonne
322 963 472 1002 probatus
502 966 592 995 Pater
616 965 835 1005 Augustinus,
867 975 963 1006 quem
995 970 1082 998 sexta
1106 967 1251 1006 synodus
1285 966 1420 997 summis
1443 971 1608 1004 prosecuta
1637 971 1684 997 est

55 1015 208 1046 laudibus
224 1024 316 1054 reque
331 1024 366 1046 ac
384 1015 490 1054 ipsum
503 1017 709 1048 Ambrosium
725 1021 821 1058 atque
837 1019 997 1049 Leonem?
1010 1018 1042 1050 Si
1061 1026 1136 1049 vero
1153 1018 1212 1049 hoc
1225 1017 1279 1049 ille
1294 1017 1466 1057 ignoravit,
1479 1026 1684 1058 consequens

57 1071 114 1102 est,
138 1066 240 1097 multo
264 1067 442 1098 breviorem
468 1068 696 1100 ecclesiasticas
714 1070 910 1101 eruditionis
935 1071 1170 1110 supellectilem
1189 1070 1237 1100 illi
1258 1069 1372 1107 fuisse,
1397 1079 1492 1110 quam
1520 1071 1684 1101 decuisset
1718 1068 1721 1076 ’

56 1119 132 1149 tanti
155 1117 298 1148 numinis
313 1118 589 1158 archiepiscopum
609 1131 616 1151 :
633 1122 780 1161 adeoque
800 1121 890 1152 illius
901 1122 1134 1159 auctoritatem,
1148 1122 1186 1153 ad
1205 1121 1265 1153 hoc
1281 1122 1366 1161 quod
1384 1123 1508 1158 attinet,
1532 1130 1594 1152 non
1612 1131 1682 1152 esse

58 1179 250 1210 magnopere
280 1171 469 1205 faciendam.
495 1174 588 1210 Quod
621 1181 697 1205 vero
731 1173 830 1212 magis
861 1173 1020 1212 diSpIicet,
1053 1178 1102 1204 est
1145 1173 1225 1204 illud
1254 1173 1340 1212 quod
1366 1173 1474 1204 subdit
1511 1174 1578 1204 :St'
1603 1173 1683 1203 enim

56 1220 210 1259 probatus
244 1227 301 1260 est,
329 1232 393 1253 non
416 1222 518 1257 dixit:
544 1228 572 1253 et
600 1223 628 1253 si
654 1222 752 1259 dixit,
777 1223 929 1262 probatus
949 1232 1014 1253 non
1037 1224 1185 1260 est.Quaa
1208 1224 1305 1254 verba
1329 1223 1513 1254 haareticum
1530 1223 1680 1262 spiritum

58 1274 205 1304 redolere
225 1274 377 1305 videntur
395 1284 403 1304 :
424 1274 564 1305 haeretici
586 1274 672 1305 enim
689 1283 728 1305 ex
748 1274 902 1312 opinione
921 1274 1047 1314 propria
1065 1275 1191 1305 Patrum
1208 1274 1427 1306 auctoritatem
1443 1274 1546 1305 metiri
1563 1274 1680 1312 solent,

57 1323 92 1354 de
109 1332 216 1363 eaque
229 1324 390 1363 judicium
406 1325 489 1355 ferre
508 1336 515 1354 :
532 1325 675 1364 dumque
691 1325 730 1355 ab
748 1324 871 1355 eisdem
889 1325 1098 1362 dissentiunt,
1116 1333 1171 1356 eos
1187 1324 1277 1356 ﬂocci
1298 1333 1333 1355 ac
1349 1325 1442 1355 nihili
1468 1324 1600 1356 faciunt.
1619 1325 1680 1355 Sed

58 1375 167 1405 mitius
185 1375 308 1406 sentire
326 1380 450 1414 prtestat
470 1377 509 1408 de
526 1376 777 1416 TheOphylaeto,
792 1382 888 1416 atque
905 1386 940 1408 ea
958 1378 1052 1408 verba
1069 1378 1208 1421 benigne
1225 1378 1442 1416 interpretari,
1460 1377 1548 1408 velut
1564 1385 1627 1407 non
1641 1385 1681 1406 eo

57 1426 174 1464 spiritu
192 1435 357 1467 sensuque
381 1429 517 1467 prolata;
534 1429 589 1460 sed
607 1429 683 1469 quia
699 1429 760 1460 sibi
781 1429 917 1460 nimium
934 1429 1146 1466 blandiretur,
1163 1433 1258 1468 atque
1285 1429 1471 1465 confideret,
1501 1437 1540 1460 ex
1562 1428 1681 1459 Graecis

59 1476 291 1508 illustrioribus
324 1480 445 1509 Patrem
473 1478 607 1518 reperiri
641 1479 802 1510 neminem
833 1487 942 1516 nosse,
977 1488 1049 1510 nam
1074 1480 1113 1510 de
1138 1479 1257 1509 Latinis
1284 1479 1361 1510 nihil
1393 1479 1551 1510 sollicitus
1579 1477 1682 1510 fuisse

60 1528 200 1565 videtur,
221 1529 275 1567 qui
293 1529 446 1568 Spiritum
462 1532 605 1560 sanctum
622 1528 714 1560 etiam
742 1537 757 1560 a
787 1529 871 1559 Filio
892 1529 1064 1568 procedere
1083 1529 1259 1560 docuisset.
1286 1529 1426 1560 Pretium
1453 1529 1553 1568 igitur
1576 1535 1683 1566 operm

61 1581 116 1614 est,
131 1579 315 1609 accuratius
341 1579 550 1619 investigare,
575 1579 699 1619 quibus
724 1579 780 1610 ille
808 1583 839 1610 et
864 1588 960 1619 quam
982 1579 1096 1610 validis
1119 1579 1336 1610 fundamentis
1356 1580 1489 1610 innixus
1515 1581 1681 1617 tantopere

60 1630 115 1660 sibi
141 1631 204 1670 ipsi
231 1632 419 1671 praeﬁderet.
457 1633 516 1664 Sed
538 1632 634 1672 paulo
661 1637 731 1672 post
759 1633 886 1664 videtur
903 1636 933 1663 et
962 1632 1031 1672 ipse
1055 1632 1115 1664 sibi
1139 1633 1294 1663 nonsatis
1317 1636 1418 1668 tutus,
1445 1639 1516 1662 cum
1535 1631 1648 1662 subdat
1669 1639 1680 1661 ι

60 1682 174 1713 Dein-de
196 1683 255 1714 etsi
280 1684 337 1714 hoc
357 1683 512 1720 daremus,
541 1693 607 1714 non
624 1685 732 1724 utique
751 1684 834 1724 quod
859 1684 969 1714 rarius
998 1688 1055 1720 est,
1082 1685 1116 1714 in
1138 1688 1354 1723 argumentum
1379 1682 1563 1713 trahendum
1594 1681 1680 1718 Quid

63 1743 144 1772 vero,
161 1735 187 1765 si
208 1743 271 1766 non
290 1735 380 1774 pauci
395 1736 524 1776 rarique
539 1737 615 1774 sint,
631 1737 749 1768 nedum
770 1737 882 1773 Latini,
901 1738 956 1768 sed
974 1737 1073 1768 Graeci
1086 1737 1180 1767 etiam
1196 1737 1313 1772 Patres,
1332 1736 1387 1776 qui
1406 1735 1521 1774 dogma
1538 1738 1681 1765 nostrum

63 1786 250 1818 tradiderint
266 1788 313 1818 vei
330 1787 461 1818 disertis
477 1788 527 1818 vel
542 1787 812 1828 mquivalentibus
834 1789 961 1819 verbis?

97 1839 217 1869 XXIX.
233 1839 293 1870 Sed
311 1842 480 1878 antequam
498 1840 530 1870 id
548 1840 745 1877 demonstro,
762 1840 835 1880 jure
853 1841 940 1871 omni
957 1841 1011 1871 abs
1027 1840 1264 1880 TlIeOphylacto
1287 1845 1316 1871 et
1336 1838 1480 1870 Photiani
1495 1838 1677 1869 schismatis

63 1889 348 1927 prapugnatoribus
372 1890 510 1928 postulo,
528 1894 560 1920 ut
581 1898 617 1920 ex
634 1899 745 1922 eorum
763 1890 908 1929 probatis
930 1891 1076 1920 Patrilms
1097 1890 1149 1921 vel
1180 1898 1279 1920 unum
1308 1888 1398 1919 nobis
1418 1888 1593 1924 ostendant,
1623 1889 1681 1926 qui

63 1941 126 1968 ante
143 1937 293 1969 Photiaua
311 1944 450 1979 tempora
466 1939 624 1970 inﬁciatus
640 1939 748 1976 fuerit,
771 1940 924 1977 Spiritum
946 1944 1089 1970 sanctum
1106 1948 1122 1970 a
1142 1939 1225 1969 Filio
1245 1939 1427 1977 procedere.
1457 1938 1515 1968 Sed
1543 1938 1681 1976 quamvis

63 1987 111 2018 diu
125 1989 316 2029 multumque
335 1990 524 2030 fatigentur,
541 1989 683 2021 indicare
701 1999 740 2021 ne
761 1990 892 2020 unicum
911 1990 1041 2030 quidem
1060 1993 1193 2028 possunt
1209 1990 1453 2029 (Damascenum
1470 1988 1570 2025 enim,
1583 1996 1680 2028 quem

64 2040 160 2071 solum
182 2042 291 2080 specie
307 2042 413 2081 aliqua
445 2041 510 2072 veri
535 2050 698 2081 opponere
719 2042 835 2080 valent,
852 2050 869 2072 a
895 2041 987 2072 nobis
1013 2042 1146 2072 minime
1171 2041 1334 2072 dissidere
1351 2045 1460 2080 postea
1480 2040 1681 2072 demonstra-

65 2091 186 2128 bimus).
201 2091 292 2134 _Alias
310 2100 384 2123 vero
401 2092 540 2131 dogmati
555 2095 663 2122 nostro
678 2091 829 2123 censendi
844 2092 974 2122 minime
988 2095 1061 2122 sunt
1077 2091 1250 2128 adversari,
1269 2090 1326 2130 qui
1344 2090 1393 2121 vel
1409 2090 1467 2121 hac
1486 2090 1524 2121 de
1540 2099 1572 2120 re
1590 2090 1681 2129 peni-

68 2145 110 2171 lus
128 2142 238 2179 silent,
259 2143 306 2173 vel
324 2143 428 2172 solum
449 2143 551 2180 aiunt,
572 2142 726 2181 Spiritum
749 2151 767 2172 a
797 2142 891 2172 Patre
914 2141 1093 2182 procedere.
1119 2141 1199 2178 Quis
1229 2140 1316 2171 enim
1346 2140 1484 2179 ignOrat,
1511 2148 1576 2170 rem
1607 2148 1680 2171 esse

69 2193 149 2231 plane
164 2194 325 2224 diversam
341 2200 402 2222 non
420 2200 575 2229 asserere,
591 2192 745 2230 Spiritum
762 2194 905 2222 sanctum
924 2191 1095 2231 procedere
1113 2200 1130 2222 a
1149 2190 1243 2227 Filio,
1260 2195 1356 2230 atque
1371 2191 1403 2220 id
1426 2191 1564 2229 negare?
1592 2189 1680 2221 aliud

68 2244 174 2281 pariter
188 2243 356 2281 aﬂirmare,
374 2253 447 2275 eum
463 2255 482 2274 a
502 2245 597 2275 Patre
612 2245 798 2284 procedere,
821 2244 908 2275 aliud
927 2254 945 2274 ιι
960 2244 1026 2274 solo
1044 2244 1161 2274 Patre?
1178 2244 1284 2280 Quare
1300 2242 1483 2273 nullatenus
1501 2241 1680 2281 intelligere

69 2294 155 2331 valeo,
171 2295 337 2334 quomodo
360 2294 619 2335 TheOph'ylactus
634 2303 811 2335 omnesque
831 2295 975 2325 Photiani
995 2303 1052 2325 nos
1074 2294 1172 2325 veluti
1198 2294 1324 2324 Christo
1344 2293 1553 2332 Patribusque
1568 2293 1682 2324 adver-

69 2349 158 2376 santes
174 2345 351 2382 traducant,
368 2354 406 2376 eo
421 2346 504 2385 quod
518 2345 706 2384 simpliciter
723 2345 746 2375 ii
771 2349 924 2381 asserant,
938 2345 1089 2383 Spiritum
1103 2347 1246 2374 sanctum
1258 2352 1276 2372 a
1291 2342 1384 2372 Patre
1396 2341 1575 2380 procedere,
1586 2346 1680 2381 atque

70 2403 82 2424 η
95 2396 180 2427 nobis
200 2396 268 2427 ﬁeri
285 2397 471 2432 καινοτομίαν,
487 2404 546 2426 seu
556 2396 787 2426 innovationcm
800 2395 834 2425 in
848 2394 906 2434 ﬁde
919 2395 1122 2430 contendant,
1137 2393 1213 2423 dum
1229 2393 1375 2424 eumdem
1396 2392 1568 2422 asserimus
1586 2393 1679 2423 etiam

70 2455 82 2476 δ
96 2448 170 2479 Filio
190 2449 379 2487 procedere;
398 2456 433 2478 ea
453 2447 558 2478 solum
578 2447 701 2478 ratione
718 2447 803 2486 quod
822 2447 966 2478 Christus
984 2445 1204 2476 tantummodo
1221 2444 1314 2478 dixit,
1332 2453 1350 2472 α
1372 2443 1479 2473 Patre.
1506 2443 1626 2474 Verum
1653 2445 1680 2475 si

71 2497 133 2535 quid
149 2498 265 2528 addere
281 2502 328 2528 est
345 2498 511 2534 innovare,
532 2506 588 2528 cur
603 2500 633 2527 et
655 2496 718 2536 ipsi
743 2496 909 2536 quidpiam
936 2496 1056 2526 addunt
1083 2494 1241 2531 dicentes,
1267 2502 1285 2523 a
1310 2493 1376 2522 solo
1401 2493 1519 2522 Patre?
1547 2493 1680 2524 Ubinam

71 2546 212 2584 Christus,
231 2547 284 2577 ubi
304 2548 409 2577 Patres
434 2547 463 2577 id
485 2546 608 2587 (saltem
633 2551 706 2577 ante
731 2545 836 2576 Photii
862 2545 1015 2585 tempore)
1043 2545 1230 2575 asseruere?
1258 2543 1341 2581 Quid
1371 2543 1479 2573 enim?
1508 2544 1556 2573 Au
1586 2543 1680 2574 nobis

73 2598 238 2635 exprimere
256 2597 403 2633 vetitum,
420 2596 505 2635 quod
526 2595 672 2627 Christus
692 2595 849 2626 Dominus
872 2603 935 2626 non
956 2594 1131 2633 expressit;
1157 2593 1222 2624 illis
1249 2593 1386 2624 limitare
1418 2593 1521 2628 liceat,
1552 2592 1638 2640 quod
1662 2601 1679 2624 a

72 2646 182 2677 Christo
199 2647 369 2678 limitatum
392 2655 456 2677 non
474 2647 540 2677 est?
559 2646 589 2677 Si
609 2645 662 2677 ille
679 2654 742 2676 non
760 2645 855 2683 dixit,
871 2646 1025 2685 Spiritum
1042 2647 1186 2675 sanctum
1209 2652 1225 2674 a
1252 2644 1346 2680 Filio,
1369 2643 1428 2673 hoc
1454 2646 1502 2674 est
1524 2651 1542 2673 a
1570 2642 1680 2682 seipso

74 2696 241 2735 procedere,
265 2706 370 2736 neque
385 2696 416 2727 id
433 2696 527 2728 etiam
545 2696 683 2736 negavit.
699 2697 763 2727 Cur
779 2696 887 2735 itaque
902 2694 1047 2726 Photiani
1067 2695 1203 2732 negant?
1218 2694 1255 2725 Et
1268 2693 1295 2724 si
1308 2693 1441 2733 quidem
1458 2693 1679 2724 tantummodo

74 2754 121 2777 non
137 2752 328 2785 assererent,
343 2747 513 2779 ferendum
536 2756 648 2779 eorum
663 2740 829 2778 silentium
853 2749 959 2781 esset;
986 2753 1096 2776 verum
1117 2748 1147 2775 et
1168 2749 1294 2784 negant,
1324 2748 1353 2774 et
1370 2751 1425 2774 eos
1453 2743 1509 2782 qui
1532 2748 1679 2775 asserunt

74 2798 268 2829 condemnant
286 2797 430 2838 dirisque
453 2797 604 2829 omnibus
629 2798 804 2834 devovent;
821 2796 931 2828 tritum
957 2795 1037 2826 illud
1069 2795 1114 2836 (in
1135 2795 1221 2835 quod
1248 2794 1343 2825 etiam
1369 2792 1628 2832 Theophylactus
1639 2793 1680 2825 ab
