  <div class='ocr_page' id='page_1' title='image "/cluster/home/n/w/nwhite01/storage/ocr_20150623/125/njp.32101010942736/383.png"; bbox 0 0 1880 3055; ppageno 0'>
   <div class='ocr_carea' id='block_1_1' title="bbox 1829 40 1831 61">
    <p class='ocr_par' dir='ltr' id='par_1_1' title="bbox 1829 40 1831 61">
     <span class='ocr_line' id='line_1_1' title="bbox 1829 40 1831 61; baseline 0 0"><span class='ocrx_word' id='word_1_1' title='bbox 1829 40 1831 61; x_wconf 81' lang='lat' dir='ltr'>l</span> 
     </span>
    </p>
   </div>
   <div class='ocr_carea' id='block_1_2' title="bbox 224 102 1833 151">
    <p class='ocr_par' dir='ltr' id='par_1_2' title="bbox 224 102 1833 151">
     <span class='ocr_line' id='line_1_2' title="bbox 224 102 1833 151; baseline 0.001 -11"><span class='ocrx_word' id='word_1_2' title='bbox 224 114 276 146; x_wconf 66' lang='grc'>451</span> <span class='ocrx_word' id='word_1_3' title='bbox 755 111 949 142; x_wconf 78' lang='lat' dir='ltr'>BONJFACll</span> <span class='ocrx_word' id='word_1_4' title='bbox 966 111 1117 141; x_wconf 76' lang='lat' dir='ltr'>FINETTI</span> <span class='ocrx_word' id='word_1_5' title='bbox 1138 111 1337 141; x_wconf 63' lang='lat' dir='ltr'>PREFATIO</span> 
     </span>
    </p>
   </div>
   <div class='ocr_carea' id='block_1_3' title="bbox 223 166 1804 210">
    <p class='ocr_par' dir='ltr' id='par_1_3' title="bbox 223 166 1804 210">
     <span class='ocr_line' id='line_1_3' title="bbox 223 166 1804 210; baseline -0.001 -10"><span class='ocrx_word' id='word_1_6' title='bbox 223 169 398 210; x_wconf 72' lang='lat' dir='ltr'>iniquitate</span> <span class='ocrx_word' id='word_1_7' title='bbox 414 177 518 200; x_wconf 62' lang='lat' dir='ltr'>causa:</span> <span class='ocrx_word' id='word_1_8' title='bbox 532 177 599 198; x_wconf 78' lang='lat' dir='ltr'>sum</span> <span class='ocrx_word' id='word_1_9' title='bbox 619 175 758 206; x_wconf 84' lang='lat' dir='ltr'>praeceps</span> <span class='ocrx_word' id='word_1_10' title='bbox 777 170 825 197; x_wconf 89' lang='lat' dir='ltr'>est</span> <span class='ocrx_word' id='word_1_11' title='bbox 841 167 955 207; x_wconf 88' lang='lat' dir='ltr'>actus).</span> <span class='ocrx_word' id='word_1_12' title='bbox 973 175 1009 197; x_wconf 84' lang='lat' dir='ltr'>ac</span> <span class='ocrx_word' id='word_1_13' title='bbox 1028 166 1152 204; x_wconf 86' lang='lat' dir='ltr'>puerile</span> <span class='ocrx_word' id='word_1_14' title='bbox 1175 169 1402 205; x_wconf 76' lang='lat' dir='ltr'>argumentum</span> <span class='ocrx_word' id='word_1_15' title='bbox 1429 171 1645 207; x_wconf 75' lang='lat' dir='ltr'>usurpantes:</span> <span class='ocrx_word' id='word_1_16' title='bbox 1671 168 1706 199; x_wconf 79' lang='lat' dir='ltr'>SI</span> <span class='ocrx_word' id='word_1_17' title='bbox 1725 169 1804 208; x_wconf 71' lang='lat' dir='ltr'>Spiri</span> 
     </span>
    </p>
   </div>
   <div class='ocr_carea' id='block_1_4' title="bbox 221 218 1809 258">
    <p class='ocr_par' dir='ltr' id='par_1_4' title="bbox 221 218 1809 258">
     <span class='ocr_line' id='line_1_4' title="bbox 221 218 1809 258; baseline 0 -6"><span class='ocrx_word' id='word_1_18' title='bbox 221 226 350 252; x_wconf 72' lang='lat' dir='ltr'>sanctus</span> <span class='ocrx_word' id='word_1_19' title='bbox 366 221 459 251; x_wconf 84' lang='lat' dir='ltr'>etiam</span> <span class='ocrx_word' id='word_1_20' title='bbox 475 230 512 250; x_wconf 69' lang='lat' dir='ltr'>ex</span> <span class='ocrx_word' id='word_1_21' title='bbox 523 218 607 250; x_wconf 80' lang='lat' dir='ltr'>Filio</span> <span class='ocrx_word' id='word_1_22' title='bbox 626 218 768 257; x_wconf 81' lang='lat' dir='ltr'>procedit</span> <span class='ocrx_word' id='word_1_23' title='bbox 786 218 840 257; x_wconf 83' lang='grc' dir='ltr'>(α),</span> <span class='ocrx_word' id='word_1_24' title='bbox 859 218 936 258; x_wconf 86' lang='lat' dir='ltr'>quid</span> <span class='ocrx_word' id='word_1_25' title='bbox 947 218 1113 257; x_wconf 79' lang='lat' dir='ltr'>prohibuit</span> <span class='ocrx_word' id='word_1_26' title='bbox 1132 227 1170 248; x_wconf 81' lang='lat' dir='ltr'>ne</span> <span class='ocrx_word' id='word_1_27' title='bbox 1188 219 1233 248; x_wconf 84' lang='lat' dir='ltr'>ita</span> <span class='ocrx_word' id='word_1_28' title='bbox 1251 219 1399 250; x_wconf 74' lang='lat' dir='ltr'>Christus</span> <span class='ocrx_word' id='word_1_29' title='bbox 1417 219 1615 258; x_wconf 79' lang='lat' dir='ltr'>loqueretur:</span> <span class='ocrx_word' id='word_1_30' title='bbox 1633 221 1697 258; x_wconf 76' lang='lat' dir='ltr'>Qui</span> <span class='ocrx_word' id='word_1_31' title='bbox 1720 230 1760 251; x_wconf 69' lang='lat' dir='ltr'>ex</span> <span class='ocrx_word' id='word_1_32' title='bbox 1771 221 1809 252; x_wconf 86' lang='lat' dir='ltr'>Pa</span> 
     </span>
    </p>
   </div>
   <div class='ocr_carea' id='block_1_5' title="bbox 223 267 1792 310">
    <p class='ocr_par' dir='ltr' id='par_1_5' title="bbox 223 267 1792 310">
     <span class='ocr_line' id='line_1_5' title="bbox 223 267 1792 310; baseline -0.001 -8"><span class='ocrx_word' id='word_1_33' title='bbox 223 277 250 303; x_wconf 86' lang='lat' dir='ltr'>et</span> <span class='ocrx_word' id='word_1_34' title='bbox 268 282 308 303; x_wconf 76' lang='lat' dir='ltr'>c1:</span> <span class='ocrx_word' id='word_1_35' title='bbox 319 282 363 301; x_wconf 85' lang='lat' dir='ltr'>me</span> <span class='ocrx_word' id='word_1_36' title='bbox 376 269 546 310; x_wconf 78' lang='lat' dir='ltr'>procedit?</span> <span class='ocrx_word' id='word_1_37' title='bbox 559 269 619 300; x_wconf 86' lang='lat' dir='ltr'>Sed</span> <span class='ocrx_word' id='word_1_38' title='bbox 644 268 723 300; x_wconf 84' lang='lat' dir='ltr'>mihi</span> <span class='ocrx_word' id='word_1_39' title='bbox 742 268 882 299; x_wconf 86' lang='lat' dir='ltr'>subdere</span> <span class='ocrx_word' id='word_1_40' title='bbox 899 267 1010 299; x_wconf 82' lang='lat' dir='ltr'>liceat:</span> <span class='ocrx_word' id='word_1_41' title='bbox 1029 268 1065 299; x_wconf 87' lang='lat' dir='ltr'>Si</span> <span class='ocrx_word' id='word_1_42' title='bbox 1082 277 1102 297; x_wconf 85' lang='grc' dir='ltr'>α</span> <span class='ocrx_word' id='word_1_43' title='bbox 1116 268 1182 298; x_wconf 77' lang='lat' dir='ltr'>sola</span> <span class='ocrx_word' id='word_1_44' title='bbox 1206 268 1301 299; x_wconf 83' lang='lat' dir='ltr'><strong><em>Patre</em></strong></span> <span class='ocrx_word' id='word_1_45' title='bbox 1324 270 1480 307; x_wconf 87' lang='lat' dir='ltr'>procedit,</span> <span class='ocrx_word' id='word_1_46' title='bbox 1504 269 1584 309; x_wconf 89' lang='lat' dir='ltr'>quid</span> <span class='ocrx_word' id='word_1_47' title='bbox 1618 271 1792 308; x_wconf 86' lang='lat' dir='ltr'>prohibuit,</span> 
     </span>
    </p>
   </div>
   <div class='ocr_carea' id='block_1_6' title="bbox 222 318 1815 359">
    <p class='ocr_par' dir='ltr' id='par_1_6' title="bbox 222 318 1815 359">
     <span class='ocr_line' id='line_1_6' title="bbox 222 318 1815 359; baseline -0.001 -6"><span class='ocrx_word' id='word_1_48' title='bbox 222 322 254 354; x_wconf 90' lang='lat' dir='ltr'>id</span> <span class='ocrx_word' id='word_1_49' title='bbox 273 321 418 353; x_wconf 78' lang='lat' dir='ltr'>Christus</span> <span class='ocrx_word' id='word_1_50' title='bbox 443 320 655 359; x_wconf 74' lang='lat' dir='ltr'>exprimeret;</span> <span class='ocrx_word' id='word_1_51' title='bbox 682 319 858 358; x_wconf 71' lang='lat' dir='ltr'>prtesertim</span> <span class='ocrx_word' id='word_1_52' title='bbox 876 327 948 350; x_wconf 88' lang='lat' dir='ltr'>cum</span> <span class='ocrx_word' id='word_1_53' title='bbox 971 318 1042 358; x_wconf 87' lang='lat' dir='ltr'>ipse</span> <span class='ocrx_word' id='word_1_54' title='bbox 1068 319 1134 358; x_wconf 86' lang='lat' dir='ltr'>jam</span> <span class='ocrx_word' id='word_1_55' title='bbox 1161 319 1372 357; x_wconf 69' lang='lat' dir='ltr'>prmnovisset</span> <span class='ocrx_word' id='word_1_56' title='bbox 1400 323 1479 359; x_wconf 88' lang='lat' dir='ltr'>quot</span> <span class='ocrx_word' id='word_1_57' title='bbox 1505 324 1535 350; x_wconf 91' lang='lat' dir='ltr'>et</span> <span class='ocrx_word' id='word_1_58' title='bbox 1555 325 1672 359; x_wconf 90' lang='lat' dir='ltr'>quanta</span> <span class='ocrx_word' id='word_1_59' title='bbox 1707 329 1745 351; x_wconf 88' lang='lat' dir='ltr'>ex</span> <span class='ocrx_word' id='word_1_60' title='bbox 1775 321 1815 352; x_wconf 88' lang='lat' dir='ltr'>illi</span> 
     </span>
    </p>
   </div>
   <div class='ocr_carea' id='block_1_7' title="bbox 224 371 1839 414">
    <p class='ocr_par' dir='ltr' id='par_1_7' title="bbox 224 371 1839 414">
     <span class='ocr_line' id='line_1_7' title="bbox 224 371 1839 414; baseline -0.001 -8"><span class='ocrx_word' id='word_1_61' title='bbox 224 376 343 406; x_wconf 58' lang='lat' dir='ltr'>vocula;</span> <span class='ocrx_word' id='word_1_62' title='bbox 360 373 578 412; x_wconf 73' lang='lat' dir='ltr'>prieteritione</span> <span class='ocrx_word' id='word_1_63' title='bbox 594 372 717 404; x_wconf 85' lang='lat' dir='ltr'>oritura</span> <span class='ocrx_word' id='word_1_64' title='bbox 733 372 909 412; x_wconf 73' lang='lat' dir='ltr'>aliquando</span> <span class='ocrx_word' id='word_1_65' title='bbox 925 371 1205 403; x_wconf 84' lang='lat' dir='ltr'>essentdissidia?</span> <span class='ocrx_word' id='word_1_66' title='bbox 1225 372 1307 408; x_wconf 88' lang='lat' dir='ltr'>Quid</span> <span class='ocrx_word' id='word_1_67' title='bbox 1325 372 1363 402; x_wconf 86' lang='lat' dir='ltr'>ad</span> <span class='ocrx_word' id='word_1_68' title='bbox 1382 371 1448 402; x_wconf 71' lang='lat' dir='ltr'>ilth</span> <span class='ocrx_word' id='word_1_69' title='bbox 1465 371 1611 402; x_wconf 83' lang='lat' dir='ltr'>Pli0tiani</span> <span class='ocrx_word' id='word_1_70' title='bbox 1635 373 1839 414; x_wconf 66' lang='lat' dir='ltr'>respondeant</span> 
     </span>
    </p>
   </div>
   <div class='ocr_carea' id='block_1_8' title="bbox 223 418 1840 463">
    <p class='ocr_par' dir='ltr' id='par_1_8' title="bbox 223 418 1840 463">
     <span class='ocr_line' id='line_1_8' title="bbox 223 418 1840 463; baseline -0.001 -7"><span class='ocrx_word' id='word_1_71' title='bbox 223 426 302 457; x_wconf 86' lang='lat' dir='ltr'>nihil</span> <span class='ocrx_word' id='word_1_72' title='bbox 319 424 452 459; x_wconf 81' lang='lat' dir='ltr'>habent;</span> <span class='ocrx_word' id='word_1_73' title='bbox 468 427 498 454; x_wconf 89' lang='lat' dir='ltr'>at</span> <span class='ocrx_word' id='word_1_74' title='bbox 520 423 614 454; x_wconf 90' lang='lat' dir='ltr'>nobis</span> <span class='ocrx_word' id='word_1_75' title='bbox 631 424 664 454; x_wconf 92' lang='lat' dir='ltr'>in</span> <span class='ocrx_word' id='word_1_76' title='bbox 693 428 842 463; x_wconf 89' lang='lat' dir='ltr'>promptu</span> <span class='ocrx_word' id='word_1_77' title='bbox 868 427 928 460; x_wconf 85' lang='lat' dir='ltr'>est,</span> <span class='ocrx_word' id='word_1_78' title='bbox 954 423 1033 463; x_wconf 86' lang='lat' dir='ltr'>quid</span> <span class='ocrx_word' id='word_1_79' title='bbox 1055 427 1165 454; x_wconf 90' lang='lat' dir='ltr'>contra</span> <span class='ocrx_word' id='word_1_80' title='bbox 1191 432 1248 454; x_wconf 86' lang='lat' dir='ltr'>eos</span> <span class='ocrx_word' id='word_1_81' title='bbox 1278 431 1463 463; x_wconf 79' lang='lat' dir='ltr'>regeramus</span> <span class='ocrx_word' id='word_1_82' title='bbox 1482 434 1489 452; x_wconf 87' lang='lat'><strong>:</strong></span> <span class='ocrx_word' id='word_1_83' title='bbox 1510 423 1675 460; x_wconf 74' lang='lat' dir='ltr'>videlicet,</span> <span class='ocrx_word' id='word_1_84' title='bbox 1703 418 1840 458; x_wconf 70' lang='lat' dir='ltr'>Christud</span> 
     </span>
    </p>
   </div>
   <div class='ocr_carea' id='block_1_9' title="bbox 222 461 1841 517">
    <p class='ocr_par' dir='ltr' id='par_1_9' title="bbox 222 461 1841 517">
     <span class='ocr_line' id='line_1_9' title="bbox 222 461 1841 517; baseline 0.001 -9"><span class='ocrx_word' id='word_1_85' title='bbox 222 478 272 508; x_wconf 84' lang='lat' dir='ltr'>sin</span> <span class='ocrx_word' id='word_1_86' title='bbox 290 485 340 512; x_wconf 91' lang='lat' dir='ltr'>eo,</span> <span class='ocrx_word' id='word_1_87' title='bbox 357 476 470 507; x_wconf 77' lang='lat' dir='ltr'>saltem</span> <span class='ocrx_word' id='word_1_88' title='bbox 487 475 560 507; x_wconf 87' lang='lat' dir='ltr'>aliis</span> <span class='ocrx_word' id='word_1_89' title='bbox 581 476 614 507; x_wconf 89' lang='lat' dir='ltr'>in</span> <span class='ocrx_word' id='word_1_90' title='bbox 631 476 738 514; x_wconf 83' lang='lat' dir='ltr'>locis;</span> <span class='ocrx_word' id='word_1_91' title='bbox 755 477 806 507; x_wconf 91' lang='lat' dir='ltr'>sin</span> <span class='ocrx_word' id='word_1_92' title='bbox 831 476 1008 516; x_wconf 80' lang='lat' dir='ltr'>expressis,</span> <span class='ocrx_word' id='word_1_93' title='bbox 1035 475 1147 507; x_wconf 84' lang='lat' dir='ltr'>saltem</span> <span class='ocrx_word' id='word_1_94' title='bbox 1177 476 1449 516; x_wconf 84' lang='lat' dir='ltr'>aequivalentibus</span> <span class='ocrx_word' id='word_1_95' title='bbox 1479 476 1599 512; x_wconf 86' lang='lat' dir='ltr'>verbis,</span> <span class='ocrx_word' id='word_1_96' title='bbox 1624 476 1775 508; x_wconf 84' lang='lat' dir='ltr'>docuisse</span> <span class='ocrx_word' id='word_1_97' title='bbox 1795 461 1841 517; x_wconf 65' lang='lat' dir='ltr'>Spii</span> 
     </span>
    </p>
   </div>
   <div class='ocr_carea' id='block_1_10' title="bbox 223 487 1843 568">
    <p class='ocr_par' dir='ltr' id='par_1_10' title="bbox 223 487 1843 568">
     <span class='ocr_line' id='line_1_10' title="bbox 223 487 1841 517; baseline 0 -9"><span class='ocrx_word' id='word_1_98' title='bbox 223 487 272 508; x_wconf 82' lang='lat' dir='ltr'>sm</span> <span class='ocrx_word' id='word_1_99' title='bbox 290 487 340 512; x_wconf 81' lang='grc' dir='ltr'>ΘΟ,</span> <span class='ocrx_word' id='word_1_100' title='bbox 357 487 470 507; x_wconf 69' lang='grc'><strong>51111811)</strong></span> <span class='ocrx_word' id='word_1_101' title='bbox 487 487 560 507; x_wconf 79' lang='grc'><strong>81115</strong></span> <span class='ocrx_word' id='word_1_102' title='bbox 581 487 806 514; x_wconf 43' lang='grc' dir='ltr'>ιιι,ιο()15;51ι]</span> <span class='ocrx_word' id='word_1_103' title='bbox 831 487 1008 516; x_wconf 84' lang='lat' dir='ltr'>expressts,</span> <span class='ocrx_word' id='word_1_104' title='bbox 1035 487 1147 507; x_wconf 79' lang='lat' dir='ltr'>saltem</span> <span class='ocrx_word' id='word_1_105' title='bbox 1177 487 1449 516; x_wconf 65' lang='grc' dir='ltr'>ωρυινθιθηιιυυδ</span> <span class='ocrx_word' id='word_1_106' title='bbox 1479 487 1599 512; x_wconf 72' lang='grc' dir='ltr'>νετυῖδ,</span> <span class='ocrx_word' id='word_1_107' title='bbox 1624 487 1775 508; x_wconf 76' lang='lat' dir='ltr'>OOCUISSB</span> <span class='ocrx_word' id='word_1_108' title='bbox 1795 487 1841 517; x_wconf 60' lang='grc' dir='ltr'>διν</span> 
     </span>
     <span class='ocr_line' id='line_1_11' title="bbox 223 487 1843 568; baseline 0 -9"><span class='ocrx_word' id='word_1_109' title='bbox 223 530 320 560; x_wconf 90' lang='lat' dir='ltr'>ritum</span> <span class='ocrx_word' id='word_1_110' title='bbox 337 529 432 560; x_wconf 87' lang='lat' dir='ltr'>etiam</span> <span class='ocrx_word' id='word_1_111' title='bbox 448 537 464 559; x_wconf 91' lang='lat' dir='ltr'>a</span> <span class='ocrx_word' id='word_1_112' title='bbox 480 528 589 567; x_wconf 85' lang='lat' dir='ltr'>seipso</span> <span class='ocrx_word' id='word_1_113' title='bbox 605 529 795 567; x_wconf 74' lang='lat' dir='ltr'>procedere:</span> <span class='ocrx_word' id='word_1_114' title='bbox 813 528 899 568; x_wconf 87' lang='lat' dir='ltr'>quod</span> <span class='ocrx_word' id='word_1_115' title='bbox 917 527 1050 567; x_wconf 84' lang='lat' dir='ltr'>quidem</span> <span class='ocrx_word' id='word_1_116' title='bbox 1067 528 1166 557; x_wconf 77' lang='lat' dir='ltr'>nostri</span> <span class='ocrx_word' id='word_1_117' title='bbox 1185 527 1333 558; x_wconf 76' lang='lat' dir='ltr'>homines</span> <span class='ocrx_word' id='word_1_118' title='bbox 1349 528 1467 558; x_wconf 85' lang='lat' dir='ltr'>millies</span> <span class='ocrx_word' id='word_1_119' title='bbox 1479 527 1757 563; x_wconf 86' lang='lat' dir='ltr'>demonstrarunt,</span> <span class='ocrx_word' id='word_1_120' title='bbox 1773 533 1799 558; x_wconf 86' lang='lat' dir='ltr'>et</span> <span class='ocrx_word' id='word_1_121' title='bbox 1818 487 1843 567; x_wconf 42' lang='lat' dir='ltr'>ei</span> 
     </span>
    </p>
   </div>
   <div class='ocr_carea' id='block_1_11' title="bbox 224 571 1845 664">
    <p class='ocr_par' dir='ltr' id='par_1_11' title="bbox 224 571 1845 664">
     <span class='ocr_line' id='line_1_12' title="bbox 224 571 1845 664; baseline -0.001 -52"><span class='ocrx_word' id='word_1_122' title='bbox 224 590 263 612; x_wconf 87' lang='lat' dir='ltr'>eo</span> <span class='ocrx_word' id='word_1_123' title='bbox 282 581 368 621; x_wconf 89' lang='lat' dir='ltr'>quod</span> <span class='ocrx_word' id='word_1_124' title='bbox 387 580 532 611; x_wconf 80' lang='lat' dir='ltr'>Christus</span> <span class='ocrx_word' id='word_1_125' title='bbox 550 581 706 610; x_wconf 85' lang='lat' dir='ltr'>Dominus</span> <span class='ocrx_word' id='word_1_126' title='bbox 721 580 764 610; x_wconf 88' lang='lat' dir='ltr'>ait</span> <span class='ocrx_word' id='word_1_127' title='bbox 783 581 874 610; x_wconf 86' lang='lat' dir='ltr'>Joan.</span> <span class='ocrx_word' id='word_1_128' title='bbox 893 588 924 614; x_wconf 88' lang='lat' dir='ltr'>x,</span> <span class='ocrx_word' id='word_1_129' title='bbox 959 579 1009 612; x_wconf 86' lang='lat'>30.</span> <span class='ocrx_word' id='word_1_130' title='bbox 1033 578 1102 617; x_wconf 84' lang='lat' dir='ltr'>Ego</span> <span class='ocrx_word' id='word_1_131' title='bbox 1124 584 1151 609; x_wconf 86' lang='lat' dir='ltr'>et</span> <span class='ocrx_word' id='word_1_132' title='bbox 1176 579 1271 610; x_wconf 80' lang='lat' dir='ltr'>l’aler</span> <span class='ocrx_word' id='word_1_133' title='bbox 1295 588 1394 610; x_wconf 82' lang='lat' dir='ltr'>unum</span> <span class='ocrx_word' id='word_1_134' title='bbox 1421 589 1546 613; x_wconf 81' lang='lat' dir='ltr'>sumus:</span> <span class='ocrx_word' id='word_1_135' title='bbox 1567 588 1607 611; x_wconf 83' lang='lat' dir='ltr'>ex</span> <span class='ocrx_word' id='word_1_136' title='bbox 1631 587 1698 619; x_wconf 83' lang='lat' dir='ltr'>quo</span> <span class='ocrx_word' id='word_1_137' title='bbox 1726 571 1845 664; x_wconf 71' lang='lat' dir='ltr'>inferqu</span> 
     </span>
     <span class='ocr_line' id='line_1_13' title="bbox 224 629 1829 664; baseline -0.001 -2"><span class='ocrx_word' id='word_1_138' title='bbox 224 642 321 662; x_wconf 81' lang='lat' dir='ltr'>unum</span> <span class='ocrx_word' id='word_1_139' title='bbox 338 633 433 663; x_wconf 84' lang='lat' dir='ltr'>etiam</span> <span class='ocrx_word' id='word_1_140' title='bbox 449 640 519 662; x_wconf 84' lang='lat' dir='ltr'>esse</span> <span class='ocrx_word' id='word_1_141' title='bbox 544 630 662 662; x_wconf 88' lang='lat' dir='ltr'>Filium</span> <span class='ocrx_word' id='word_1_142' title='bbox 679 639 752 661; x_wconf 87' lang='lat' dir='ltr'>cum</span> <span class='ocrx_word' id='word_1_143' title='bbox 776 631 866 660; x_wconf 80' lang='lat' dir='ltr'>Patre</span> <span class='ocrx_word' id='word_1_144' title='bbox 889 629 995 664; x_wconf 85' lang='lat' dir='ltr'>quoad</span> <span class='ocrx_word' id='word_1_145' title='bbox 1024 629 1179 660; x_wconf 85' lang='lat' dir='ltr'>rationem</span> <span class='ocrx_word' id='word_1_146' title='bbox 1204 629 1352 664; x_wconf 77' lang='lat' dir='ltr'>principii</span> <span class='ocrx_word' id='word_1_147' title='bbox 1380 630 1520 664; x_wconf 89' lang='lat' dir='ltr'>Spiritus</span> <span class='ocrx_word' id='word_1_148' title='bbox 1542 629 1658 661; x_wconf 85' lang='lat' dir='ltr'>sancti.</span> <span class='ocrx_word' id='word_1_149' title='bbox 1688 631 1726 660; x_wconf 86' lang='lat' dir='ltr'>Et</span> <span class='ocrx_word' id='word_1_150' title='bbox 1749 639 1789 660; x_wconf 82' lang='lat' dir='ltr'>ex</span> <span class='ocrx_word' id='word_1_151' title='bbox 1817 640 1829 660; x_wconf 73' lang='grc' dir='ltr'>ε</span> 
     </span>
    </p>
   </div>
   <div class='ocr_carea' id='block_1_12' title="bbox 223 629 1829 669">
    <p class='ocr_par' dir='ltr' id='par_1_12' title="bbox 223 629 1829 669">
     <span class='ocr_line' id='line_1_14' title="bbox 223 629 1829 669; baseline -0.001 -7"><span class='ocrx_word' id='word_1_152' title='bbox 223 642 321 662; x_wconf 81' lang='lat' dir='ltr'>unum</span> <span class='ocrx_word' id='word_1_153' title='bbox 338 633 433 663; x_wconf 84' lang='lat' dir='ltr'>etiam</span> <span class='ocrx_word' id='word_1_154' title='bbox 449 640 519 662; x_wconf 84' lang='lat' dir='ltr'>esse</span> <span class='ocrx_word' id='word_1_155' title='bbox 544 630 662 662; x_wconf 88' lang='lat' dir='ltr'>Filium</span> <span class='ocrx_word' id='word_1_156' title='bbox 679 639 752 661; x_wconf 87' lang='lat' dir='ltr'>cum</span> <span class='ocrx_word' id='word_1_157' title='bbox 776 631 866 660; x_wconf 87' lang='lat' dir='ltr'>Patre</span> <span class='ocrx_word' id='word_1_158' title='bbox 889 629 995 669; x_wconf 86' lang='lat' dir='ltr'>quoad</span> <span class='ocrx_word' id='word_1_159' title='bbox 1024 629 1179 660; x_wconf 85' lang='lat' dir='ltr'>rationem</span> <span class='ocrx_word' id='word_1_160' title='bbox 1203 629 1352 668; x_wconf 81' lang='lat' dir='ltr'>principii</span> <span class='ocrx_word' id='word_1_161' title='bbox 1380 630 1520 668; x_wconf 85' lang='lat' dir='ltr'>Spiritus</span> <span class='ocrx_word' id='word_1_162' title='bbox 1542 629 1658 661; x_wconf 85' lang='lat' dir='ltr'>sancti.</span> <span class='ocrx_word' id='word_1_163' title='bbox 1688 631 1726 660; x_wconf 86' lang='lat' dir='ltr'>Et</span> <span class='ocrx_word' id='word_1_164' title='bbox 1749 639 1789 660; x_wconf 82' lang='lat' dir='ltr'>ex</span> <span class='ocrx_word' id='word_1_165' title='bbox 1817 640 1829 660; x_wconf 73' lang='grc' dir='ltr'>ε</span> 
     </span>
    </p>
   </div>
   <div class='ocr_carea' id='block_1_13' title="bbox 226 672 1846 724">
    <p class='ocr_par' dir='ltr' id='par_1_13' title="bbox 226 672 1846 724">
     <span class='ocr_line' id='line_1_15' title="bbox 226 672 1846 724; baseline -0.002 -10"><span class='ocrx_word' id='word_1_166' title='bbox 226 684 334 724; x_wconf 83' lang='lat' dir='ltr'>(Joan.</span> <span class='ocrx_word' id='word_1_167' title='bbox 358 692 425 718; x_wconf 75' lang='lat' dir='ltr'>xvt,</span> <span class='ocrx_word' id='word_1_168' title='bbox 446 683 507 719; x_wconf 78' lang='grc'>15),</span> <span class='ocrx_word' id='word_1_169' title='bbox 528 682 639 712; x_wconf 87' lang='lat' dir='ltr'>Omnia</span> <span class='ocrx_word' id='word_1_170' title='bbox 661 690 848 721; x_wconf 68' lang='lat' dir='ltr'>qua&#39;cunque</span> <span class='ocrx_word' id='word_1_171' title='bbox 863 681 954 712; x_wconf 82' lang='lat' dir='ltr'>habet</span> <span class='ocrx_word' id='word_1_172' title='bbox 967 681 1074 716; x_wconf 85' lang='lat' dir='ltr'>Pater,</span> <span class='ocrx_word' id='word_1_173' title='bbox 1091 690 1157 710; x_wconf 86' lang='lat' dir='ltr'>mea</span> <span class='ocrx_word' id='word_1_174' title='bbox 1175 686 1248 711; x_wconf 77' lang='lat' dir='ltr'>sunt</span> <span class='ocrx_word' id='word_1_175' title='bbox 1264 691 1274 710; x_wconf 93' lang='lat'><strong><em>:</em></strong></span> <span class='ocrx_word' id='word_1_176' title='bbox 1290 680 1545 720; x_wconf 72' lang='lat' dir='ltr'>ergo,inquiuut</span> <span class='ocrx_word' id='word_1_177' title='bbox 1567 684 1598 711; x_wconf 89' lang='lat' dir='ltr'>et</span> <span class='ocrx_word' id='word_1_178' title='bbox 1622 681 1726 710; x_wconf 86' lang='lat' dir='ltr'>virtus</span> <span class='ocrx_word' id='word_1_179' title='bbox 1746 672 1846 720; x_wconf 40' lang='lat' dir='ltr'>produ“</span> 
     </span>
    </p>
   </div>
   <div class='ocr_carea' id='block_1_14' title="bbox 225 714 1848 780">
    <p class='ocr_par' dir='ltr' id='par_1_14' title="bbox 225 714 1848 780">
     <span class='ocr_line' id='line_1_16' title="bbox 225 714 1848 780; baseline -0.001 -16"><span class='ocrx_word' id='word_1_180' title='bbox 225 714 318 765; x_wconf 75' lang='lat' dir='ltr'>cendi</span> <span class='ocrx_word' id='word_1_181' title='bbox 341 714 504 770; x_wconf 63' lang='lat' dir='ltr'>Spiritnni</span> <span class='ocrx_word' id='word_1_182' title='bbox 521 714 674 763; x_wconf 71' lang='lat' dir='ltr'>sanctum</span> <span class='ocrx_word' id='word_1_183' title='bbox 696 737 741 762; x_wconf 80' lang='lat' dir='ltr'>cst</span> <span class='ocrx_word' id='word_1_184' title='bbox 758 714 847 767; x_wconf 79' lang='lat' dir='ltr'>Filii,</span> <span class='ocrx_word' id='word_1_185' title='bbox 876 740 934 762; x_wconf 76' lang='lat' dir='ltr'>seu</span> <span class='ocrx_word' id='word_1_186' title='bbox 964 714 1118 762; x_wconf 82' lang='lat' dir='ltr'>convenit</span> <span class='ocrx_word' id='word_1_187' title='bbox 1148 731 1244 762; x_wconf 87' lang='lat' dir='ltr'>Filio.</span> <span class='ocrx_word' id='word_1_188' title='bbox 1281 714 1383 762; x_wconf 55' lang='lat' dir='ltr'>Etvex</span> <span class='ocrx_word' id='word_1_189' title='bbox 1416 714 1472 761; x_wconf 79' lang='lat' dir='ltr'>illo</span> <span class='ocrx_word' id='word_1_190' title='bbox 1502 731 1629 771; x_wconf 78' lang='lat' dir='ltr'>(ibidem</span> <span class='ocrx_word' id='word_1_191' title='bbox 1648 731 1698 770; x_wconf 85' lang='grc' dir='ltr'>1Ιι)</span> <span class='ocrx_word' id='word_1_192' title='bbox 1716 714 1793 762; x_wconf 73' lang='lat' dir='ltr'>:llle</span> <span class='ocrx_word' id='word_1_193' title='bbox 1817 714 1848 780; x_wconf 46' lang='lat' dir='ltr'>mi</span> 
     </span>
    </p>
   </div>
   <div class='ocr_carea' id='block_1_15' title="bbox 225 776 1849 831">
    <p class='ocr_par' dir='ltr' id='par_1_15' title="bbox 225 776 1849 831">
     <span class='ocr_line' id='line_1_17' title="bbox 225 776 1849 831; baseline 0 -16"><span class='ocrx_word' id='word_1_194' title='bbox 225 784 424 825; x_wconf 83' lang='lat' dir='ltr'>clari/icabit,</span> <span class='ocrx_word' id='word_1_195' title='bbox 441 785 515 824; x_wconf 89' lang='lat' dir='ltr'>quia</span> <span class='ocrx_word' id='word_1_196' title='bbox 527 783 563 813; x_wconf 88' lang='lat' dir='ltr'>de</span> <span class='ocrx_word' id='word_1_197' title='bbox 579 793 644 814; x_wconf 84' lang='lat' dir='ltr'>meo</span> <span class='ocrx_word' id='word_1_198' title='bbox 656 784 802 823; x_wconf 76' lang='lat' dir='ltr'>accipiet.</span> <span class='ocrx_word' id='word_1_199' title='bbox 819 783 903 820; x_wconf 87' lang='lat' dir='ltr'>Quid</span> <span class='ocrx_word' id='word_1_200' title='bbox 917 784 1017 819; x_wconf 86' lang='lat' dir='ltr'>enim,</span> <span class='ocrx_word' id='word_1_201' title='bbox 1032 784 1134 820; x_wconf 88' lang='lat' dir='ltr'>aiunt,</span> <span class='ocrx_word' id='word_1_202' title='bbox 1156 784 1296 822; x_wconf 83' lang='lat' dir='ltr'>Spiritus</span> <span class='ocrx_word' id='word_1_203' title='bbox 1308 789 1440 816; x_wconf 87' lang='lat' dir='ltr'>sanctus</span> <span class='ocrx_word' id='word_1_204' title='bbox 1459 785 1605 824; x_wconf 74' lang='lat' dir='ltr'>aeuipere</span> <span class='ocrx_word' id='word_1_205' title='bbox 1621 793 1637 814; x_wconf 86' lang='lat' dir='ltr'>a</span> <span class='ocrx_word' id='word_1_206' title='bbox 1651 784 1739 816; x_wconf 86' lang='lat' dir='ltr'>Filio</span> <span class='ocrx_word' id='word_1_207' title='bbox 1754 776 1849 831; x_wconf 38' lang='lat' dir='ltr'>potest;</span> 
     </span>
    </p>
   </div>
   <div class='ocr_carea' id='block_1_16' title="bbox 227 834 1850 874">
    <p class='ocr_par' dir='ltr' id='par_1_16' title="bbox 227 834 1850 874">
     <span class='ocr_line' id='line_1_18' title="bbox 227 834 1850 874; baseline 0 -9"><span class='ocrx_word' id='word_1_208' title='bbox 227 836 290 865; x_wconf 87' lang='lat' dir='ltr'>nisi</span> <span class='ocrx_word' id='word_1_209' title='bbox 316 835 420 874; x_wconf 88' lang='lat' dir='ltr'>ipsum</span> <span class='ocrx_word' id='word_1_210' title='bbox 438 834 534 864; x_wconf 82' lang='lat' dir='ltr'>esse?</span> <span class='ocrx_word' id='word_1_211' title='bbox 547 834 583 864; x_wconf 87' lang='lat' dir='ltr'>Et</span> <span class='ocrx_word' id='word_1_212' title='bbox 601 842 640 864; x_wconf 76' lang='lat' dir='ltr'>ex</span> <span class='ocrx_word' id='word_1_213' title='bbox 656 842 695 864; x_wconf 89' lang='lat' dir='ltr'>eo</span> <span class='ocrx_word' id='word_1_214' title='bbox 712 834 841 865; x_wconf 83' lang='lat' dir='ltr'>demum</span> <span class='ocrx_word' id='word_1_215' title='bbox 858 834 946 873; x_wconf 90' lang='lat' dir='ltr'>quod</span> <span class='ocrx_word' id='word_1_216' title='bbox 962 835 1055 865; x_wconf 79' lang='lat' dir='ltr'>Ioan.</span> <span class='ocrx_word' id='word_1_217' title='bbox 1070 843 1124 869; x_wconf 77' lang='lat' dir='ltr'>xv.</span> <span class='ocrx_word' id='word_1_218' title='bbox 1141 835 1191 872; x_wconf 77' lang='lat'>26,</span> <span class='ocrx_word' id='word_1_219' title='bbox 1215 835 1258 865; x_wconf 85' lang='lat' dir='ltr'>ait</span> <span class='ocrx_word' id='word_1_220' title='bbox 1279 843 1313 865; x_wconf 87' lang='lat' dir='ltr'>se</span> <span class='ocrx_word' id='word_1_221' title='bbox 1325 836 1498 866; x_wconf 75' lang='lat' dir='ltr'>missurum</span> <span class='ocrx_word' id='word_1_222' title='bbox 1512 835 1670 874; x_wconf 83' lang='lat' dir='ltr'>Spiritum</span> <span class='ocrx_word' id='word_1_223' title='bbox 1694 835 1850 868; x_wconf 57' lang='lat' dir='ltr'>sanctum!</span> 
     </span>
    </p>
   </div>
   <div class='ocr_carea' id='block_1_17' title="bbox 226 882 1851 925">
    <p class='ocr_par' dir='ltr' id='par_1_17' title="bbox 226 882 1851 925">
     <span class='ocr_line' id='line_1_19' title="bbox 226 882 1851 925; baseline 0.001 -9"><span class='ocrx_word' id='word_1_224' title='bbox 226 894 299 916; x_wconf 89' lang='lat' dir='ltr'>cum</span> <span class='ocrx_word' id='word_1_225' title='bbox 332 885 440 916; x_wconf 81' lang='lat' dir='ltr'>missio</span> <span class='ocrx_word' id='word_1_226' title='bbox 460 885 491 915; x_wconf 91' lang='lat' dir='ltr'>in</span> <span class='ocrx_word' id='word_1_227' title='bbox 515 883 640 915; x_wconf 86' lang='lat' dir='ltr'>divinis</span> <span class='ocrx_word' id='word_1_228' title='bbox 661 883 706 915; x_wconf 90' lang='lat' dir='ltr'>nil</span> <span class='ocrx_word' id='word_1_229' title='bbox 736 883 826 915; x_wconf 87' lang='lat' dir='ltr'>aliud</span> <span class='ocrx_word' id='word_1_230' title='bbox 856 893 929 915; x_wconf 82' lang='lat' dir='ltr'>esse</span> <span class='ocrx_word' id='word_1_231' title='bbox 950 888 1005 916; x_wconf 90' lang='lat' dir='ltr'>aut</span> <span class='ocrx_word' id='word_1_232' title='bbox 1031 885 1170 924; x_wconf 83' lang='lat' dir='ltr'>intelligi</span> <span class='ocrx_word' id='word_1_233' title='bbox 1194 886 1308 924; x_wconf 84' lang='lat' dir='ltr'>possit,</span> <span class='ocrx_word' id='word_1_234' title='bbox 1337 895 1434 925; x_wconf 88' lang='lat' dir='ltr'>quam</span> <span class='ocrx_word' id='word_1_235' title='bbox 1462 886 1627 925; x_wconf 75' lang='lat' dir='ltr'>processio</span> <span class='ocrx_word' id='word_1_236' title='bbox 1652 890 1772 917; x_wconf 69' lang='lat' dir='ltr'>interna</span> <span class='ocrx_word' id='word_1_237' title='bbox 1794 882 1851 918; x_wconf 70' lang='lat' dir='ltr'>cati</span> 
     </span>
    </p>
   </div>
   <div class='ocr_carea' id='block_1_18' title="bbox 227 925 1853 976">
    <p class='ocr_par' dir='ltr' id='par_1_18' title="bbox 227 925 1853 976">
     <span class='ocr_line' id='line_1_20' title="bbox 227 925 1853 976; baseline 0.001 -10"><span class='ocrx_word' id='word_1_238' title='bbox 227 936 342 967; x_wconf 86' lang='lat' dir='ltr'>ordine</span> <span class='ocrx_word' id='word_1_239' title='bbox 360 936 397 965; x_wconf 87' lang='lat' dir='ltr'>ad</span> <span class='ocrx_word' id='word_1_240' title='bbox 415 934 580 974; x_wconf 83' lang='lat' dir='ltr'>quidpiam</span> <span class='ocrx_word' id='word_1_241' title='bbox 597 934 799 965; x_wconf 81' lang='lat' dir='ltr'>extrinsecus</span> <span class='ocrx_word' id='word_1_242' title='bbox 814 935 1168 974; x_wconf 69' lang='lat' dir='ltr'>produc«udum.Quid</span> <span class='ocrx_word' id='word_1_243' title='bbox 1185 936 1273 975; x_wconf 84' lang='lat' dir='ltr'>quod</span> <span class='ocrx_word' id='word_1_244' title='bbox 1291 939 1322 967; x_wconf 90' lang='lat' dir='ltr'>et</span> <span class='ocrx_word' id='word_1_245' title='bbox 1340 936 1421 975; x_wconf 89' lang='lat' dir='ltr'>ipsis</span> <span class='ocrx_word' id='word_1_246' title='bbox 1433 936 1686 976; x_wconf 82' lang='lat' dir='ltr'>verbis,quibus</span> <span class='ocrx_word' id='word_1_247' title='bbox 1704 925 1853 976; x_wconf 58' lang='lat' dir='ltr'>tantoperq</span> 
     </span>
    </p>
   </div>
   <div class='ocr_carea' id='block_1_19' title="bbox 226 986 1854 1030">
    <p class='ocr_par' dir='ltr' id='par_1_19' title="bbox 226 986 1854 1030">
     <span class='ocr_line' id='line_1_21' title="bbox 226 986 1854 1030; baseline 0.001 -12"><span class='ocrx_word' id='word_1_248' title='bbox 226 987 328 1018; x_wconf 73' lang='lat' dir='ltr'>ﬁdunt</span> <span class='ocrx_word' id='word_1_249' title='bbox 343 986 530 1023; x_wconf 82' lang='lat' dir='ltr'>adversarii,</span> <span class='ocrx_word' id='word_1_250' title='bbox 550 986 715 1023; x_wconf 82' lang='lat' dir='ltr'>videlicet,</span> <span class='ocrx_word' id='word_1_251' title='bbox 740 987 796 1026; x_wconf 87' lang='lat' dir='ltr'>qui</span> <span class='ocrx_word' id='word_1_252' title='bbox 811 997 830 1016; x_wconf 89' lang='lat' dir='ltr'>a</span> <span class='ocrx_word' id='word_1_253' title='bbox 848 987 945 1019; x_wconf 86' lang='lat' dir='ltr'>Patre</span> <span class='ocrx_word' id='word_1_254' title='bbox 955 987 1113 1027; x_wconf 74' lang='lat' dir='ltr'>procedit,</span> <span class='ocrx_word' id='word_1_255' title='bbox 1130 988 1401 1027; x_wconf 84' lang='lat' dir='ltr'>docetimplicite,</span> <span class='ocrx_word' id='word_1_256' title='bbox 1414 988 1509 1019; x_wconf 83' lang='lat' dir='ltr'>etiam</span> <span class='ocrx_word' id='word_1_257' title='bbox 1526 997 1542 1019; x_wconf 88' lang='lat' dir='ltr'>a</span> <span class='ocrx_word' id='word_1_258' title='bbox 1558 989 1668 1029; x_wconf 84' lang='lat' dir='ltr'>seipso</span> <span class='ocrx_word' id='word_1_259' title='bbox 1682 990 1854 1030; x_wconf 50' lang='lat' dir='ltr'>procedere,</span> 
     </span>
    </p>
   </div>
   <div class='ocr_carea' id='block_1_20' title="bbox 229 1037 1855 1081">
    <p class='ocr_par' dir='ltr' id='par_1_20' title="bbox 229 1037 1855 1081">
     <span class='ocr_line' id='line_1_22' title="bbox 229 1037 1855 1081; baseline 0.003 -13"><span class='ocrx_word' id='word_1_260' title='bbox 229 1038 306 1068; x_wconf 88' lang='lat' dir='ltr'>Nam</span> <span class='ocrx_word' id='word_1_261' title='bbox 322 1037 482 1077; x_wconf 81' lang='lat' dir='ltr'>quidquid</span> <span class='ocrx_word' id='word_1_262' title='bbox 499 1038 533 1068; x_wconf 80' lang='lat' dir='ltr'>in</span> <span class='ocrx_word' id='word_1_263' title='bbox 551 1038 729 1077; x_wconf 82' lang='lat' dir='ltr'>Scripturis</span> <span class='ocrx_word' id='word_1_264' title='bbox 751 1037 788 1068; x_wconf 85' lang='lat' dir='ltr'>de</span> <span class='ocrx_word' id='word_1_265' title='bbox 814 1047 880 1069; x_wconf 77' lang='lat' dir='ltr'>una</span> <span class='ocrx_word' id='word_1_266' title='bbox 903 1047 1040 1078; x_wconf 81' lang='lat' dir='ltr'>persona</span> <span class='ocrx_word' id='word_1_267' title='bbox 1061 1039 1195 1077; x_wconf 81' lang='lat' dir='ltr'>dicitur,</span> <span class='ocrx_word' id='word_1_268' title='bbox 1219 1040 1313 1070; x_wconf 82' lang='lat' dir='ltr'>etiam</span> <span class='ocrx_word' id='word_1_269' title='bbox 1338 1039 1375 1070; x_wconf 88' lang='lat' dir='ltr'>de</span> <span class='ocrx_word' id='word_1_270' title='bbox 1397 1039 1462 1071; x_wconf 82' lang='lat' dir='ltr'>alia</span> <span class='ocrx_word' id='word_1_271' title='bbox 1486 1045 1610 1080; x_wconf 78' lang='lat' dir='ltr'>oportet</span> <span class='ocrx_word' id='word_1_272' title='bbox 1627 1040 1778 1081; x_wconf 76' lang='lat' dir='ltr'>intelligi,</span> <span class='ocrx_word' id='word_1_273' title='bbox 1804 1041 1855 1073; x_wconf 68' lang='lat' dir='ltr'>nisi</span> 
     </span>
    </p>
   </div>
   <div class='ocr_carea' id='block_1_21' title="bbox 227 1089 1852 1131">
    <p class='ocr_par' dir='ltr' id='par_1_21' title="bbox 227 1089 1852 1131">
     <span class='ocr_line' id='line_1_23' title="bbox 227 1089 1852 1131; baseline 0.001 -12"><span class='ocrx_word' id='word_1_274' title='bbox 227 1093 382 1129; x_wconf 82' lang='lat' dir='ltr'>repugnet</span> <span class='ocrx_word' id='word_1_275' title='bbox 393 1089 592 1128; x_wconf 86' lang='lat' dir='ltr'>proprietati</span> <span class='ocrx_word' id='word_1_276' title='bbox 602 1090 770 1128; x_wconf 84' lang='lat' dir='ltr'>personati</span> <span class='ocrx_word' id='word_1_277' title='bbox 790 1090 904 1129; x_wconf 76' lang='lat' dir='ltr'>ipsius,</span> <span class='ocrx_word' id='word_1_278' title='bbox 921 1094 956 1121; x_wconf 91' lang='lat' dir='ltr'>ut</span> <span class='ocrx_word' id='word_1_279' title='bbox 975 1090 1180 1122; x_wconf 81' lang='lat' dir='ltr'>verissimum</span> <span class='ocrx_word' id='word_1_280' title='bbox 1201 1091 1293 1122; x_wconf 85' lang='lat' dir='ltr'>etl&#39;ert</span> <span class='ocrx_word' id='word_1_281' title='bbox 1310 1091 1535 1131; x_wconf 82' lang='lat' dir='ltr'>theologorum</span> <span class='ocrx_word' id='word_1_282' title='bbox 1554 1100 1628 1122; x_wconf 88' lang='lat' dir='ltr'>cum</span> <span class='ocrx_word' id='word_1_283' title='bbox 1653 1092 1686 1122; x_wconf 92' lang='lat' dir='ltr'>S.</span> <span class='ocrx_word' id='word_1_284' title='bbox 1704 1091 1815 1122; x_wconf 85' lang='lat' dir='ltr'>Thom.</span> <span class='ocrx_word' id='word_1_285' title='bbox 1830 1101 1852 1121; x_wconf 81' lang='lat' dir='ltr'>iv</span> 
     </span>
    </p>
   </div>
   <div class='ocr_carea' id='block_1_22' title="bbox 227 1140 1858 1184">
    <p class='ocr_par' dir='ltr' id='par_1_22' title="bbox 227 1140 1858 1184">
     <span class='ocr_line' id='line_1_24' title="bbox 227 1140 1858 1184; baseline 0.001 -14"><span class='ocrx_word' id='word_1_286' title='bbox 227 1149 295 1179; x_wconf 82' lang='lat' dir='ltr'>cap.</span> <span class='ocrx_word' id='word_1_287' title='bbox 317 1141 412 1177; x_wconf 86' lang='lat' dir='ltr'>Gen.,</span> <span class='ocrx_word' id='word_1_288' title='bbox 429 1148 498 1179; x_wconf 86' lang='lat' dir='ltr'>cap.</span> <span class='ocrx_word' id='word_1_289' title='bbox 514 1141 565 1178; x_wconf 77' lang='lat'>25,</span> <span class='ocrx_word' id='word_1_290' title='bbox 585 1140 726 1177; x_wconf 88' lang='lat' dir='ltr'>axioma,</span> <span class='ocrx_word' id='word_1_291' title='bbox 744 1149 780 1172; x_wconf 89' lang='lat' dir='ltr'>ea</span> <span class='ocrx_word' id='word_1_292' title='bbox 797 1140 922 1172; x_wconf 78' lang='lat' dir='ltr'>ratione</span> <span class='ocrx_word' id='word_1_293' title='bbox 943 1141 1066 1178; x_wconf 88' lang='lat' dir='ltr'>nixum,</span> <span class='ocrx_word' id='word_1_294' title='bbox 1084 1142 1170 1181; x_wconf 89' lang='lat' dir='ltr'>quod</span> <span class='ocrx_word' id='word_1_295' title='bbox 1185 1145 1250 1172; x_wconf 84' lang='lat' dir='ltr'>tres</span> <span class='ocrx_word' id='word_1_296' title='bbox 1266 1141 1386 1173; x_wconf 59' lang='lat' dir='ltr'>divina)</span> <span class='ocrx_word' id='word_1_297' title='bbox 1415 1150 1563 1182; x_wconf 65' lang='lat' dir='ltr'>persona:</span> <span class='ocrx_word' id='word_1_298' title='bbox 1582 1150 1684 1173; x_wconf 91' lang='lat' dir='ltr'>unum</span> <span class='ocrx_word' id='word_1_299' title='bbox 1716 1141 1858 1184; x_wconf 77' lang='lat' dir='ltr'>idemque</span> 
     </span>
    </p>
   </div>
   <div class='ocr_carea' id='block_1_23' title="bbox 227 1191 1853 1232">
    <p class='ocr_par' dir='ltr' id='par_1_23' title="bbox 227 1191 1853 1232">
     <span class='ocr_line' id='line_1_25' title="bbox 227 1191 1853 1232; baseline 0.001 -11"><span class='ocrx_word' id='word_1_300' title='bbox 227 1195 304 1222; x_wconf 79' lang='lat' dir='ltr'>sunt</span> <span class='ocrx_word' id='word_1_301' title='bbox 324 1200 449 1228; x_wconf 87' lang='lat' dir='ltr'>omnes,</span> <span class='ocrx_word' id='word_1_302' title='bbox 470 1191 510 1222; x_wconf 92' lang='lat' dir='ltr'>iis</span> <span class='ocrx_word' id='word_1_303' title='bbox 529 1196 652 1222; x_wconf 88' lang='lat' dir='ltr'>tantum</span> <span class='ocrx_word' id='word_1_304' title='bbox 676 1191 819 1231; x_wconf 79' lang='lat' dir='ltr'>exceptis</span> <span class='ocrx_word' id='word_1_305' title='bbox 838 1201 910 1232; x_wconf 66' lang='lat' dir='ltr'>quin</span> <span class='ocrx_word' id='word_1_306' title='bbox 929 1193 967 1223; x_wconf 89' lang='lat' dir='ltr'>ad</span> <span class='ocrx_word' id='word_1_307' title='bbox 993 1193 1195 1232; x_wconf 89' lang='lat' dir='ltr'>personalem</span> <span class='ocrx_word' id='word_1_308' title='bbox 1222 1193 1385 1232; x_wconf 89' lang='lat' dir='ltr'>pertinent</span> <span class='ocrx_word' id='word_1_309' title='bbox 1408 1193 1649 1232; x_wconf 82' lang='lat' dir='ltr'>preprietatem.</span> <span class='ocrx_word' id='word_1_310' title='bbox 1673 1193 1768 1229; x_wconf 88' lang='lat' dir='ltr'>Quod</span> <span class='ocrx_word' id='word_1_311' title='bbox 1786 1193 1853 1223; x_wconf 75' lang='lat' dir='ltr'>adeo</span> 
     </span>
    </p>
   </div>
   <div class='ocr_carea' id='block_1_24' title="bbox 228 1242 1853 1284">
    <p class='ocr_par' dir='ltr' id='par_1_24' title="bbox 228 1242 1853 1284">
     <span class='ocr_line' id='line_1_26' title="bbox 228 1242 1853 1284; baseline 0.002 -13"><span class='ocrx_word' id='word_1_312' title='bbox 228 1246 350 1272; x_wconf 88' lang='lat' dir='ltr'>certum</span> <span class='ocrx_word' id='word_1_313' title='bbox 367 1246 415 1272; x_wconf 91' lang='lat' dir='ltr'>est</span> <span class='ocrx_word' id='word_1_314' title='bbox 432 1245 476 1277; x_wconf 81' lang='lat' dir='ltr'>ut,</span> <span class='ocrx_word' id='word_1_315' title='bbox 492 1242 619 1273; x_wconf 87' lang='lat' dir='ltr'>etiamsi</span> <span class='ocrx_word' id='word_1_316' title='bbox 638 1242 785 1274; x_wconf 78' lang='lat' dir='ltr'>Christus</span> <span class='ocrx_word' id='word_1_317' title='bbox 801 1251 840 1273; x_wconf 89' lang='lat' dir='ltr'>eo</span> <span class='ocrx_word' id='word_1_318' title='bbox 858 1242 919 1274; x_wconf 80' lang='lat' dir='ltr'>Ieci</span> <span class='ocrx_word' id='word_1_319' title='bbox 941 1243 1094 1280; x_wconf 82' lang='lat' dir='ltr'>dixisset,</span> <span class='ocrx_word' id='word_1_320' title='bbox 1110 1243 1174 1281; x_wconf 87' lang='lat' dir='ltr'>Qui</span> <span class='ocrx_word' id='word_1_321' title='bbox 1192 1253 1210 1275; x_wconf 85' lang='grc' dir='ltr'><em>α</em></span> <span class='ocrx_word' id='word_1_322' title='bbox 1224 1244 1321 1276; x_wconf 81' lang='lat' dir='ltr'>Patre</span> <span class='ocrx_word' id='word_1_323' title='bbox 1330 1244 1397 1276; x_wconf 78' lang='lat' dir='ltr'>solo</span> <span class='ocrx_word' id='word_1_324' title='bbox 1410 1245 1568 1284; x_wconf 77' lang='lat' dir='ltr'>procedit,</span> <span class='ocrx_word' id='word_1_325' title='bbox 1588 1252 1651 1276; x_wconf 88' lang='lat' dir='ltr'>non</span> <span class='ocrx_word' id='word_1_326' title='bbox 1670 1244 1748 1275; x_wconf 89' lang='lat' dir='ltr'>inde</span> <span class='ocrx_word' id='word_1_327' title='bbox 1765 1247 1853 1274; x_wconf 86' lang='lat' dir='ltr'>tamen</span> 
     </span>
    </p>
   </div>
   <div class='ocr_carea' id='block_1_25' title="bbox 227 1292 1852 1335">
    <p class='ocr_par' dir='ltr' id='par_1_25' title="bbox 227 1292 1852 1335">
     <span class='ocr_line' id='line_1_27' title="bbox 227 1292 1852 1335; baseline -0.001 -11"><span class='ocrx_word' id='word_1_328' title='bbox 227 1293 403 1325; x_wconf 85' lang='lat' dir='ltr'>abdicanda</span> <span class='ocrx_word' id='word_1_329' title='bbox 424 1292 453 1323; x_wconf 86' lang='lat' dir='ltr'>ei</span> <span class='ocrx_word' id='word_1_330' title='bbox 473 1297 558 1323; x_wconf 84' lang='lat' dir='ltr'>esset</span> <span class='ocrx_word' id='word_1_331' title='bbox 575 1293 717 1332; x_wconf 88' lang='lat' dir='ltr'>Spiritus</span> <span class='ocrx_word' id='word_1_332' title='bbox 734 1293 837 1324; x_wconf 88' lang='lat' dir='ltr'>sancti</span> <span class='ocrx_word' id='word_1_333' title='bbox 861 1294 1044 1333; x_wconf 80' lang='lat' dir='ltr'>productio.</span> <span class='ocrx_word' id='word_1_334' title='bbox 1059 1295 1196 1325; x_wconf 85' lang='lat' dir='ltr'>Fortene</span> <span class='ocrx_word' id='word_1_335' title='bbox 1222 1295 1379 1326; x_wconf 84' lang='lat' dir='ltr'>mirantur</span> <span class='ocrx_word' id='word_1_336' title='bbox 1401 1295 1450 1327; x_wconf 87' lang='lat' dir='ltr'>vel</span> <span class='ocrx_word' id='word_1_337' title='bbox 1476 1295 1534 1326; x_wconf 88' lang='lat' dir='ltr'>hoc</span> <span class='ocrx_word' id='word_1_338' title='bbox 1558 1299 1675 1335; x_wconf 79' lang='lat' dir='ltr'>negant</span> <span class='ocrx_word' id='word_1_339' title='bbox 1707 1294 1852 1329; x_wconf 54' lang='lat' dir='ltr'>Photiani,</span> 
     </span>
    </p>
   </div>
   <div class='ocr_carea' id='block_1_26' title="bbox 227 1343 1853 1385">
    <p class='ocr_par' dir='ltr' id='par_1_26' title="bbox 227 1343 1853 1385">
     <span class='ocr_line' id='line_1_28' title="bbox 227 1343 1853 1385; baseline 0 -11"><span class='ocrx_word' id='word_1_340' title='bbox 227 1345 311 1382; x_wconf 47' lang='lat' dir='ltr'>Ergo</span> <span class='ocrx_word' id='word_1_341' title='bbox 331 1344 449 1382; x_wconf 85' lang='lat' dir='ltr'>pariter</span> <span class='ocrx_word' id='word_1_342' title='bbox 463 1347 581 1382; x_wconf 78' lang='lat' dir='ltr'>negent</span> <span class='ocrx_word' id='word_1_343' title='bbox 599 1343 722 1374; x_wconf 82' lang='lat' dir='ltr'>Patrem</span> <span class='ocrx_word' id='word_1_344' title='bbox 748 1352 764 1374; x_wconf 92' lang='lat' dir='ltr'>a</span> <span class='ocrx_word' id='word_1_345' title='bbox 786 1343 905 1382; x_wconf 88' lang='lat' dir='ltr'>Spiritu</span> <span class='ocrx_word' id='word_1_346' title='bbox 924 1349 1033 1374; x_wconf 83' lang='lat' dir='ltr'>sancto</span> <span class='ocrx_word' id='word_1_347' title='bbox 1051 1345 1208 1382; x_wconf 84' lang='lat' dir='ltr'>cognosci,</span> <span class='ocrx_word' id='word_1_348' title='bbox 1234 1345 1282 1376; x_wconf 88' lang='lat' dir='ltr'>vel</span> <span class='ocrx_word' id='word_1_349' title='bbox 1299 1345 1394 1376; x_wconf 72' lang='lat' dir='ltr'>etiam</span> <span class='ocrx_word' id='word_1_350' title='bbox 1411 1354 1500 1375; x_wconf 80' lang='lat' dir='ltr'>nosse</span> <span class='ocrx_word' id='word_1_351' title='bbox 1519 1344 1677 1385; x_wconf 85' lang='lat' dir='ltr'>seipsum,</span> <span class='ocrx_word' id='word_1_352' title='bbox 1700 1349 1853 1384; x_wconf 75' lang='lat' dir='ltr'>propterea</span> 
     </span>
    </p>
   </div>
   <div class='ocr_carea' id='block_1_27' title="bbox 228 1395 1854 1437">
    <p class='ocr_par' dir='ltr' id='par_1_27' title="bbox 228 1395 1854 1437">
     <span class='ocr_line' id='line_1_29' title="bbox 228 1395 1854 1437; baseline 0 -11"><span class='ocrx_word' id='word_1_353' title='bbox 228 1397 316 1435; x_wconf 85' lang='lat' dir='ltr'>quod</span> <span class='ocrx_word' id='word_1_354' title='bbox 347 1396 465 1427; x_wconf 82' lang='lat' dir='ltr'>dixerit</span> <span class='ocrx_word' id='word_1_355' title='bbox 493 1395 642 1426; x_wconf 68' lang='lat' dir='ltr'>Christus</span> <span class='ocrx_word' id='word_1_356' title='bbox 666 1396 778 1426; x_wconf 82' lang='lat' dir='ltr'>Matth.</span> <span class='ocrx_word' id='word_1_357' title='bbox 804 1405 851 1433; x_wconf 66' lang='grc' dir='ltr'>ιι,</span> <span class='ocrx_word' id='word_1_358' title='bbox 875 1397 928 1433; x_wconf 73' lang='grc'>22,</span> <span class='ocrx_word' id='word_1_359' title='bbox 944 1396 1040 1427; x_wconf 83' lang='lat' dir='ltr'>Nemo</span> <span class='ocrx_word' id='word_1_360' title='bbox 1063 1398 1151 1428; x_wconf 80' lang='lat' dir='ltr'>novit</span> <span class='ocrx_word' id='word_1_361' title='bbox 1177 1398 1314 1434; x_wconf 82' lang='lat' dir='ltr'>Patrem,</span> <span class='ocrx_word' id='word_1_362' title='bbox 1345 1398 1409 1429; x_wconf 81' lang='lat' dir='ltr'>nisi</span> <span class='ocrx_word' id='word_1_363' title='bbox 1433 1398 1554 1432; x_wconf 76' lang='lat' dir='ltr'>Filius;</span> <span class='ocrx_word' id='word_1_364' title='bbox 1581 1398 1631 1428; x_wconf 86' lang='lat' dir='ltr'>vel</span> <span class='ocrx_word' id='word_1_365' title='bbox 1658 1402 1779 1437; x_wconf 69' lang='lat' dir='ltr'>negent</span> <span class='ocrx_word' id='word_1_366' title='bbox 1797 1407 1854 1428; x_wconf 86' lang='lat' dir='ltr'>tlllll</span> 
     </span>
    </p>
   </div>
   <div class='ocr_carea' id='block_1_28' title="bbox 229 1444 1855 1488">
    <p class='ocr_par' dir='ltr' id='par_1_28' title="bbox 229 1444 1855 1488">
     <span class='ocr_line' id='line_1_30' title="bbox 229 1444 1855 1488; baseline 0.002 -11"><span class='ocrx_word' id='word_1_367' title='bbox 229 1445 427 1482; x_wconf 84' lang='lat' dir='ltr'>Socinianis,</span> <span class='ocrx_word' id='word_1_368' title='bbox 444 1444 562 1475; x_wconf 85' lang='lat' dir='ltr'>Filium</span> <span class='ocrx_word' id='word_1_369' title='bbox 582 1445 688 1484; x_wconf 87' lang='lat' dir='ltr'>ipsum</span> <span class='ocrx_word' id='word_1_370' title='bbox 705 1454 777 1476; x_wconf 81' lang='lat' dir='ltr'>esse</span> <span class='ocrx_word' id='word_1_371' title='bbox 792 1455 901 1476; x_wconf 84' lang='lat' dir='ltr'>verum</span> <span class='ocrx_word' id='word_1_372' title='bbox 918 1447 1119 1487; x_wconf 83' lang='lat' dir='ltr'>Deum,quia</span> <span class='ocrx_word' id='word_1_373' title='bbox 1137 1447 1339 1486; x_wconf 86' lang='lat' dir='ltr'>ipse_Patrem</span> <span class='ocrx_word' id='word_1_374' title='bbox 1353 1447 1524 1488; x_wconf 83' lang='lat' dir='ltr'>alloquens</span> <span class='ocrx_word' id='word_1_375' title='bbox 1539 1449 1583 1479; x_wconf 89' lang='lat' dir='ltr'>ait</span> <span class='ocrx_word' id='word_1_376' title='bbox 1610 1447 1720 1485; x_wconf 80' lang='lat' dir='ltr'>(Joan.</span> <span class='ocrx_word' id='word_1_377' title='bbox 1737 1448 1855 1487; x_wconf 79' lang='lat' dir='ltr'>xvn,3).</span> 
     </span>
    </p>
   </div>
   <div class='ocr_carea' id='block_1_29' title="bbox 230 1497 893 1538">
    <p class='ocr_par' dir='ltr' id='par_1_29' title="bbox 230 1497 893 1538">
     <span class='ocr_line' id='line_1_31' title="bbox 230 1497 893 1538; baseline 0 -9"><span class='ocrx_word' id='word_1_378' title='bbox 230 1499 267 1529; x_wconf 87' lang='lat' dir='ltr'>Ut</span> <span class='ocrx_word' id='word_1_379' title='bbox 291 1502 481 1538; x_wconf 76' lang='lat' dir='ltr'>Cognoscant</span> <span class='ocrx_word' id='word_1_380' title='bbox 499 1503 527 1527; x_wconf 86' lang='lat' dir='ltr'>te</span> <span class='ocrx_word' id='word_1_381' title='bbox 543 1497 644 1528; x_wconf 88' lang='lat' dir='ltr'>solum</span> <span class='ocrx_word' id='word_1_382' title='bbox 658 1507 765 1528; x_wconf 74' lang='lat' dir='ltr'>verum</span> <span class='ocrx_word' id='word_1_383' title='bbox 783 1499 893 1530; x_wconf 84' lang='lat' dir='ltr'>Deum.</span> 
     </span>
    </p>
   </div>
   <div class='ocr_carea' id='block_1_30' title="bbox 271 1544 1856 1589">
    <p class='ocr_par' dir='ltr' id='par_1_30' title="bbox 271 1544 1856 1589">
     <span class='ocr_line' id='line_1_32' title="bbox 271 1544 1856 1589; baseline 0.001 -9"><span class='ocrx_word' id='word_1_384' title='bbox 271 1551 376 1580; x_wconf 70' lang='lat' dir='ltr'>XXX.</span> <span class='ocrx_word' id='word_1_385' title='bbox 402 1551 448 1580; x_wconf 87' lang='lat' dir='ltr'>En</span> <span class='ocrx_word' id='word_1_386' title='bbox 470 1557 536 1588; x_wconf 90' lang='lat' dir='ltr'>quo</span> <span class='ocrx_word' id='word_1_387' title='bbox 557 1549 686 1580; x_wconf 87' lang='lat' dir='ltr'>tandem</span> <span class='ocrx_word' id='word_1_388' title='bbox 712 1549 778 1580; x_wconf 88' lang='lat' dir='ltr'>abit</span> <span class='ocrx_word' id='word_1_389' title='bbox 812 1555 1040 1589; x_wconf 72' lang='lat' dir='ltr'>argumentum</span> <span class='ocrx_word' id='word_1_390' title='bbox 1063 1558 1080 1581; x_wconf 87' lang='lat' dir='ltr'>a</span> <span class='ocrx_word' id='word_1_391' title='bbox 1101 1549 1267 1582; x_wconf 83' lang='lat' dir='ltr'>Photianis</span> <span class='ocrx_word' id='word_1_392' title='bbox 1291 1550 1372 1582; x_wconf 86' lang='lat' dir='ltr'>adeo</span> <span class='ocrx_word' id='word_1_393' title='bbox 1395 1544 1597 1582; x_wconf 85' lang='lat' dir='ltr'>decantatum</span> <span class='ocrx_word' id='word_1_394' title='bbox 1621 1559 1630 1578; x_wconf 89' lang='lat'><strong>:</strong></span> <span class='ocrx_word' id='word_1_395' title='bbox 1654 1558 1671 1581; x_wconf 79' lang='grc' dir='ltr'>α</span> <span class='ocrx_word' id='word_1_396' title='bbox 1693 1549 1856 1582; x_wconf 85' lang='lat' dir='ltr'>Photiauis.</span> 
     </span>
    </p>
   </div>
   <div class='ocr_carea' id='block_1_31' title="bbox 231 1602 1858 1642">
    <p class='ocr_par' dir='ltr' id='par_1_31' title="bbox 231 1602 1858 1642">
     <span class='ocr_line' id='line_1_33' title="bbox 231 1602 1858 1642; baseline -0.001 -10"><span class='ocrx_word' id='word_1_397' title='bbox 231 1603 376 1641; x_wconf 89' lang='lat' dir='ltr'>inquam,</span> <span class='ocrx_word' id='word_1_398' title='bbox 400 1603 457 1642; x_wconf 86' lang='lat' dir='ltr'>qui</span> <span class='ocrx_word' id='word_1_399' title='bbox 479 1607 510 1634; x_wconf 86' lang='lat' dir='ltr'>et</span> <span class='ocrx_word' id='word_1_400' title='bbox 538 1603 647 1634; x_wconf 88' lang='lat' dir='ltr'>tritum</span> <span class='ocrx_word' id='word_1_401' title='bbox 662 1602 743 1634; x_wconf 90' lang='lat' dir='ltr'>illud</span> <span class='ocrx_word' id='word_1_402' title='bbox 765 1606 795 1634; x_wconf 91' lang='lat' dir='ltr'>et</span> <span class='ocrx_word' id='word_1_403' title='bbox 823 1611 878 1641; x_wconf 88' lang='lat' dir='ltr'>per</span> <span class='ocrx_word' id='word_1_404' title='bbox 895 1611 966 1634; x_wconf 93' lang='lat' dir='ltr'>sese</span> <span class='ocrx_word' id='word_1_405' title='bbox 993 1602 1291 1634; x_wconf 88' lang='lat' dir='ltr'>luculentissimum</span> <span class='ocrx_word' id='word_1_406' title='bbox 1306 1602 1455 1642; x_wconf 72' lang='lat' dir='ltr'>ignorare</span> <span class='ocrx_word' id='word_1_407' title='bbox 1479 1603 1630 1635; x_wconf 85' lang='lat' dir='ltr'>videntur</span> <span class='ocrx_word' id='word_1_408' title='bbox 1655 1614 1663 1634; x_wconf 92' lang='lat'><strong>:</strong></span> <span class='ocrx_word' id='word_1_409' title='bbox 1684 1603 1749 1641; x_wconf 85' lang='lat' dir='ltr'>Qui</span> <span class='ocrx_word' id='word_1_410' title='bbox 1774 1611 1858 1632; x_wconf 78' lang='lat' dir='ltr'>unum</span> 
     </span>
    </p>
   </div>
   <div class='ocr_carea' id='block_1_32' title="bbox 229 1651 1859 1694">
    <p class='ocr_par' dir='ltr' id='par_1_32' title="bbox 229 1651 1859 1694">
     <span class='ocr_line' id='line_1_34' title="bbox 229 1651 1859 1694; baseline -0.001 -11"><span class='ocrx_word' id='word_1_411' title='bbox 229 1654 357 1689; x_wconf 77' lang='lat' dir='ltr'>asserit,</span> <span class='ocrx_word' id='word_1_412' title='bbox 372 1652 462 1684; x_wconf 81' lang='lat' dir='ltr'>aliud</span> <span class='ocrx_word' id='word_1_413' title='bbox 484 1662 548 1682; x_wconf 84' lang='lat' dir='ltr'>non</span> <span class='ocrx_word' id='word_1_414' title='bbox 571 1656 677 1692; x_wconf 83' lang='lat' dir='ltr'>negat,</span> <span class='ocrx_word' id='word_1_415' title='bbox 704 1653 767 1682; x_wconf 79' lang='lat' dir='ltr'>nisi</span> <span class='ocrx_word' id='word_1_416' title='bbox 802 1653 830 1683; x_wconf 91' lang='lat' dir='ltr'>ei</span> <span class='ocrx_word' id='word_1_417' title='bbox 855 1651 938 1691; x_wconf 88' lang='lat' dir='ltr'>quod</span> <span class='ocrx_word' id='word_1_418' title='bbox 961 1653 1076 1683; x_wconf 83' lang='lat' dir='ltr'>asserit</span> <span class='ocrx_word' id='word_1_419' title='bbox 1101 1657 1267 1692; x_wconf 77' lang='lat' dir='ltr'>repugnet.</span> <span class='ocrx_word' id='word_1_420' title='bbox 1291 1655 1368 1684; x_wconf 80' lang='lat' dir='ltr'>Nam</span> <span class='ocrx_word' id='word_1_421' title='bbox 1395 1653 1614 1691; x_wconf 89' lang='lat' dir='ltr'>probaruntne</span> <span class='ocrx_word' id='word_1_422' title='bbox 1635 1661 1792 1694; x_wconf 87' lang='lat' dir='ltr'>unquam,</span> <span class='ocrx_word' id='word_1_423' title='bbox 1816 1655 1859 1683; x_wconf 84' lang='lat' dir='ltr'>aut</span> 
     </span>
    </p>
   </div>
   <div class='ocr_carea' id='block_1_33' title="bbox 231 1702 1859 1743">
    <p class='ocr_par' dir='ltr' id='par_1_33' title="bbox 231 1702 1859 1743">
     <span class='ocr_line' id='line_1_35' title="bbox 231 1702 1859 1743; baseline -0.002 -8"><span class='ocrx_word' id='word_1_424' title='bbox 231 1704 409 1743; x_wconf 84' lang='lat' dir='ltr'>aliquando</span> <span class='ocrx_word' id='word_1_425' title='bbox 428 1702 593 1743; x_wconf 86' lang='lat' dir='ltr'>probaturi</span> <span class='ocrx_word' id='word_1_426' title='bbox 611 1706 699 1739; x_wconf 88' lang='lat' dir='ltr'>sunt,</span> <span class='ocrx_word' id='word_1_427' title='bbox 719 1702 816 1733; x_wconf 87' lang='lat' dir='ltr'>ullam</span> <span class='ocrx_word' id='word_1_428' title='bbox 834 1702 867 1733; x_wconf 90' lang='lat' dir='ltr'>in</span> <span class='ocrx_word' id='word_1_429' title='bbox 888 1711 927 1733; x_wconf 91' lang='lat' dir='ltr'>eo</span> <span class='ocrx_word' id='word_1_430' title='bbox 940 1711 1012 1733; x_wconf 86' lang='lat' dir='ltr'>esse</span> <span class='ocrx_word' id='word_1_431' title='bbox 1029 1704 1290 1742; x_wconf 81' lang='lat' dir='ltr'>repugnantiam,</span> <span class='ocrx_word' id='word_1_432' title='bbox 1308 1704 1395 1742; x_wconf 86' lang='lat' dir='ltr'>quod</span> <span class='ocrx_word' id='word_1_433' title='bbox 1419 1703 1525 1735; x_wconf 85' lang='lat' dir='ltr'>Filius</span> <span class='ocrx_word' id='word_1_434' title='bbox 1547 1712 1611 1735; x_wconf 86' lang='lat' dir='ltr'>una</span> <span class='ocrx_word' id='word_1_435' title='bbox 1629 1713 1702 1735; x_wconf 90' lang='lat' dir='ltr'>eum</span> <span class='ocrx_word' id='word_1_436' title='bbox 1719 1705 1807 1735; x_wconf 86' lang='lat' dir='ltr'>Patre</span> <span class='ocrx_word' id='word_1_437' title='bbox 1825 1702 1859 1732; x_wconf 87' lang='lat' dir='ltr'>sit</span> 
     </span>
    </p>
   </div>
   <div class='ocr_carea' id='block_1_34' title="bbox 233 1753 1858 1795">
    <p class='ocr_par' dir='ltr' id='par_1_34' title="bbox 233 1753 1858 1795">
     <span class='ocr_line' id='line_1_36' title="bbox 233 1753 1858 1795; baseline -0.001 -8"><span class='ocrx_word' id='word_1_438' title='bbox 233 1756 429 1795; x_wconf 69' lang='lat' dir='ltr'>[rincipium</span> <span class='ocrx_word' id='word_1_439' title='bbox 453 1755 593 1795; x_wconf 87' lang='lat' dir='ltr'>Spiritus</span> <span class='ocrx_word' id='word_1_440' title='bbox 613 1754 736 1785; x_wconf 85' lang='lat' dir='ltr'>sancti?</span> <span class='ocrx_word' id='word_1_441' title='bbox 765 1754 851 1791; x_wconf 86' lang='lat' dir='ltr'>Quid</span> <span class='ocrx_word' id='word_1_442' title='bbox 878 1753 986 1785; x_wconf 77' lang='lat' dir='ltr'>enim?</span> <span class='ocrx_word' id='word_1_443' title='bbox 1002 1755 1094 1786; x_wconf 84' lang='lat' dir='ltr'>Anne</span> <span class='ocrx_word' id='word_1_444' title='bbox 1114 1754 1239 1794; x_wconf 84' lang='lat' dir='ltr'>aliquid</span> <span class='ocrx_word' id='word_1_445' title='bbox 1276 1755 1415 1792; x_wconf 87' lang='lat' dir='ltr'>virtutis,</span> <span class='ocrx_word' id='word_1_446' title='bbox 1431 1765 1504 1795; x_wconf 77' lang='lat' dir='ltr'>qum</span> <span class='ocrx_word' id='word_1_447' title='bbox 1526 1756 1604 1787; x_wconf 88' lang='lat' dir='ltr'>insit</span> <span class='ocrx_word' id='word_1_448' title='bbox 1630 1757 1730 1794; x_wconf 89' lang='lat' dir='ltr'>Patri,</span> <span class='ocrx_word' id='word_1_449' title='bbox 1757 1757 1858 1788; x_wconf 83' lang='lat' dir='ltr'>deesse</span> 
     </span>
    </p>
   </div>
   <div class='ocr_carea' id='block_1_35' title="bbox 231 1805 1858 1846">
    <p class='ocr_par' dir='ltr' id='par_1_35' title="bbox 231 1805 1858 1846">
     <span class='ocr_line' id='line_1_37' title="bbox 231 1805 1858 1846; baseline 0 -8"><span class='ocrx_word' id='word_1_450' title='bbox 231 1807 318 1838; x_wconf 80' lang='lat' dir='ltr'>Filio</span> <span class='ocrx_word' id='word_1_451' title='bbox 337 1806 516 1846; x_wconf 87' lang='lat' dir='ltr'>putandum</span> <span class='ocrx_word' id='word_1_452' title='bbox 534 1805 617 1836; x_wconf 82' lang='lat' dir='ltr'>erit?</span> <span class='ocrx_word' id='word_1_453' title='bbox 635 1805 689 1836; x_wconf 80' lang='lat' dir='ltr'>Vel</span> <span class='ocrx_word' id='word_1_454' title='bbox 710 1805 825 1836; x_wconf 89' lang='lat' dir='ltr'>rationi</span> <span class='ocrx_word' id='word_1_455' title='bbox 845 1805 919 1835; x_wconf 90' lang='lat' dir='ltr'>Filii</span> <span class='ocrx_word' id='word_1_456' title='bbox 941 1810 1098 1844; x_wconf 85' lang='lat' dir='ltr'>repugnat</span> <span class='ocrx_word' id='word_1_457' title='bbox 1116 1807 1295 1844; x_wconf 85' lang='lat' dir='ltr'>producere</span> <span class='ocrx_word' id='word_1_458' title='bbox 1326 1805 1422 1837; x_wconf 85' lang='lat' dir='ltr'>aliam</span> <span class='ocrx_word' id='word_1_459' title='bbox 1438 1814 1454 1836; x_wconf 92' lang='lat' dir='ltr'>a</span> <span class='ocrx_word' id='word_1_460' title='bbox 1472 1807 1580 1845; x_wconf 82' lang='lat' dir='ltr'>seipso</span> <span class='ocrx_word' id='word_1_461' title='bbox 1604 1809 1798 1846; x_wconf 83' lang='lat' dir='ltr'>personam?</span> <span class='ocrx_word' id='word_1_462' title='bbox 1812 1808 1858 1838; x_wconf 79' lang='lat' dir='ltr'>\‘el</span> 
     </span>
    </p>
   </div>
   <div class='ocr_carea' id='block_1_36' title="bbox 233 1857 1859 1899">
    <p class='ocr_par' dir='ltr' id='par_1_36' title="bbox 233 1857 1859 1899">
     <span class='ocr_line' id='line_1_38' title="bbox 233 1857 1859 1899; baseline -0.001 -10"><span class='ocrx_word' id='word_1_463' title='bbox 233 1861 363 1891; x_wconf 85' lang='lat' dir='ltr'>demum</span> <span class='ocrx_word' id='word_1_464' title='bbox 379 1859 466 1899; x_wconf 88' lang='lat' dir='ltr'>quod</span> <span class='ocrx_word' id='word_1_465' title='bbox 491 1858 584 1890; x_wconf 90' lang='lat' dir='ltr'>habet</span> <span class='ocrx_word' id='word_1_466' title='bbox 603 1857 813 1897; x_wconf 84' lang='lat' dir='ltr'>principium,</span> <span class='ocrx_word' id='word_1_467' title='bbox 831 1857 947 1897; x_wconf 86' lang='lat' dir='ltr'>nequit</span> <span class='ocrx_word' id='word_1_468' title='bbox 967 1866 1040 1888; x_wconf 84' lang='lat' dir='ltr'>esse</span> <span class='ocrx_word' id='word_1_469' title='bbox 1065 1858 1262 1897; x_wconf 88' lang='lat' dir='ltr'>principium</span> <span class='ocrx_word' id='word_1_470' title='bbox 1285 1857 1439 1889; x_wconf 83' lang='lat' dir='ltr'>alterius?</span> <span class='ocrx_word' id='word_1_471' title='bbox 1462 1858 1546 1889; x_wconf 80' lang='lat' dir='ltr'>Nihil</span> <span class='ocrx_word' id='word_1_472' title='bbox 1573 1858 1688 1890; x_wconf 89' lang='lat' dir='ltr'>horum</span> <span class='ocrx_word' id='word_1_473' title='bbox 1716 1859 1859 1897; x_wconf 80' lang='lat' dir='ltr'>profecto.</span> 
     </span>
    </p>
   </div>
   <div class='ocr_carea' id='block_1_37' title="bbox 232 1908 1859 1949">
    <p class='ocr_par' dir='ltr' id='par_1_37' title="bbox 232 1908 1859 1949">
     <span class='ocr_line' id='line_1_39' title="bbox 232 1908 1859 1949; baseline -0.002 -8"><span class='ocrx_word' id='word_1_474' title='bbox 232 1911 296 1941; x_wconf 82' lang='lat' dir='ltr'>Cur</span> <span class='ocrx_word' id='word_1_475' title='bbox 312 1910 412 1949; x_wconf 67' lang='lat' dir='ltr'>igitur</span> <span class='ocrx_word' id='word_1_476' title='bbox 428 1915 559 1940; x_wconf 87' lang='lat' dir='ltr'>ovantes</span> <span class='ocrx_word' id='word_1_477' title='bbox 575 1908 657 1940; x_wconf 87' lang='lat' dir='ltr'>adeo</span> <span class='ocrx_word' id='word_1_478' title='bbox 681 1912 908 1947; x_wconf 78' lang='lat' dir='ltr'>argumentum</span> <span class='ocrx_word' id='word_1_479' title='bbox 926 1908 1012 1938; x_wconf 90' lang='lat' dir='ltr'>istud</span> <span class='ocrx_word' id='word_1_480' title='bbox 1029 1908 1208 1939; x_wconf 87' lang='lat' dir='ltr'>obtrudunt</span> <span class='ocrx_word' id='word_1_481' title='bbox 1227 1919 1234 1939; x_wconf 92' lang='lat'>:</span> <span class='ocrx_word' id='word_1_482' title='bbox 1255 1908 1461 1948; x_wconf 80' lang='lat' dir='ltr'>Evangelium</span> <span class='ocrx_word' id='word_1_483' title='bbox 1478 1909 1599 1940; x_wconf 82' lang='lat' dir='ltr'>Christi</span> <span class='ocrx_word' id='word_1_484' title='bbox 1616 1918 1670 1940; x_wconf 90' lang='lat' dir='ltr'>ore</span> <span class='ocrx_word' id='word_1_485' title='bbox 1680 1909 1767 1940; x_wconf 82' lang='lat' dir='ltr'>clare</span> <span class='ocrx_word' id='word_1_486' title='bbox 1781 1909 1859 1939; x_wconf 72' lang='lat' dir='ltr'>docet</span> 
     </span>
    </p>
   </div>
   <div class='ocr_carea' id='block_1_38' title="bbox 230 1958 1859 2000">
    <p class='ocr_par' dir='ltr' id='par_1_38' title="bbox 230 1958 1859 2000">
     <span class='ocr_line' id='line_1_40' title="bbox 230 1958 1859 2000; baseline -0.002 -10"><span class='ocrx_word' id='word_1_487' title='bbox 230 1961 348 2000; x_wconf 79' lang='lat' dir='ltr'>ﬁdeles,</span> <span class='ocrx_word' id='word_1_488' title='bbox 364 1960 522 1999; x_wconf 81' lang='lat' dir='ltr'>Spiritum</span> <span class='ocrx_word' id='word_1_489' title='bbox 541 1964 685 1990; x_wconf 75' lang='lat' dir='ltr'>sanctum</span> <span class='ocrx_word' id='word_1_490' title='bbox 700 1968 720 1988; x_wconf 88' lang='lat' dir='ltr'>a</span> <span class='ocrx_word' id='word_1_491' title='bbox 736 1958 830 1989; x_wconf 81' lang='lat' dir='ltr'>Patre</span> <span class='ocrx_word' id='word_1_492' title='bbox 843 1958 1032 1998; x_wconf 80' lang='lat' dir='ltr'>procedere;</span> <span class='ocrx_word' id='word_1_493' title='bbox 1047 1963 1079 1989; x_wconf 84' lang='lat' dir='ltr'>at</span> <span class='ocrx_word' id='word_1_494' title='bbox 1103 1959 1167 1998; x_wconf 84' lang='lat' dir='ltr'>ipsi</span> <span class='ocrx_word' id='word_1_495' title='bbox 1184 1959 1288 1998; x_wconf 83' lang='lat' dir='ltr'>angeli</span> <span class='ocrx_word' id='word_1_496' title='bbox 1321 1959 1524 1990; x_wconf 82' lang='lat' dir='ltr'>tenebrarum</span> <span class='ocrx_word' id='word_1_497' title='bbox 1541 1959 1671 2000; x_wconf 87' lang='lat' dir='ltr'>(Latini)</span> <span class='ocrx_word' id='word_1_498' title='bbox 1682 1960 1859 1999; x_wconf 76' lang='lat' dir='ltr'>prwdirant,</span> 
     </span>
    </p>
   </div>
   <div class='ocr_carea' id='block_1_39' title="bbox 231 2008 1861 2049">
    <p class='ocr_par' dir='ltr' id='par_1_39' title="bbox 231 2008 1861 2049">
     <span class='ocr_line' id='line_1_41' title="bbox 231 2008 1861 2049; baseline -0.002 -9"><span class='ocrx_word' id='word_1_499' title='bbox 231 2011 325 2041; x_wconf 84' lang='lat' dir='ltr'>etiam</span> <span class='ocrx_word' id='word_1_500' title='bbox 338 2019 358 2040; x_wconf 90' lang='lat' dir='ltr'>a</span> <span class='ocrx_word' id='word_1_501' title='bbox 374 2009 460 2041; x_wconf 86' lang='lat' dir='ltr'>Filio</span> <span class='ocrx_word' id='word_1_502' title='bbox 475 2019 485 2039; x_wconf 87' lang='lat'><strong><em>:</em></strong></span> <span class='ocrx_word' id='word_1_503' title='bbox 501 2017 579 2048; x_wconf 75' lang='lat' dir='ltr'>ergo</span> <span class='ocrx_word' id='word_1_504' title='bbox 600 2008 781 2048; x_wconf 77' lang='lat' dir='ltr'>Evangelia</span> <span class='ocrx_word' id='word_1_505' title='bbox 803 2008 960 2040; x_wconf 87' lang='lat' dir='ltr'>contraria</span> <span class='ocrx_word' id='word_1_506' title='bbox 986 2008 1113 2039; x_wconf 78' lang='lat' dir='ltr'>decent.</span> <span class='ocrx_word' id='word_1_507' title='bbox 1129 2009 1173 2039; x_wconf 82' lang='lat' dir='ltr'>ita</span> <span class='ocrx_word' id='word_1_508' title='bbox 1190 2016 1268 2040; x_wconf 85' lang='lat' dir='ltr'>sane</span> <span class='ocrx_word' id='word_1_509' title='bbox 1285 2013 1356 2047; x_wconf 86' lang='lat' dir='ltr'>post</span> <span class='ocrx_word' id='word_1_510' title='bbox 1379 2008 1570 2039; x_wconf 87' lang='lat' dir='ltr'>innumeros</span> <span class='ocrx_word' id='word_1_511' title='bbox 1598 2009 1681 2040; x_wconf 88' lang='lat' dir='ltr'>alios</span> <span class='ocrx_word' id='word_1_512' title='bbox 1703 2009 1861 2049; x_wconf 76' lang='lat' dir='ltr'>Eugenius</span> 
     </span>
    </p>
   </div>
   <div class='ocr_carea' id='block_1_40' title="bbox 231 2060 973 2100">
    <p class='ocr_par' dir='ltr' id='par_1_40' title="bbox 231 2060 958 2100">
     <span class='ocr_line' id='line_1_42' title="bbox 231 2060 958 2100; baseline -0.003 -8"><span class='ocrx_word' id='word_1_513' title='bbox 231 2061 267 2094; x_wconf 88' lang='lat' dir='ltr'>in</span> <span class='ocrx_word' id='word_1_514' title='bbox 284 2062 379 2094; x_wconf 87' lang='lat' dir='ltr'>citato</span> <span class='ocrx_word' id='word_1_515' title='bbox 397 2061 522 2099; x_wconf 89' lang='lat' dir='ltr'>libello,</span> <span class='ocrx_word' id='word_1_516' title='bbox 538 2060 631 2100; x_wconf 86' lang='lat' dir='ltr'>cujus</span> <span class='ocrx_word' id='word_1_517' title='bbox 646 2062 753 2092; x_wconf 70' lang='lat' dir='ltr'>Graeca</span> <span class='ocrx_word' id='word_1_518' title='bbox 771 2061 865 2092; x_wconf 88' lang='lat' dir='ltr'>verba</span> <span class='ocrx_word' id='word_1_519' title='bbox 884 2065 958 2091; x_wconf 89' lang='lat' dir='ltr'>sunt</span> 
     </span>
    </p>
   </div>
   <div class='ocr_carea' id='block_1_41' title="bbox 1120 2060 1862 2100">
    <p class='ocr_par' dir='ltr' id='par_1_41' title="bbox 1137 2064 1862 2100">
     <span class='ocr_line' id='line_1_43' title="bbox 1137 2064 1862 2100; baseline -0.003 -9"><span class='ocrx_word' id='word_1_520' title='bbox 1137 2064 1306 2098; x_wconf 78' lang='grc' dir='ltr'>Εὑαγγέλιον</span> <span class='ocrx_word' id='word_1_521' title='bbox 1319 2064 1363 2091; x_wconf 80' lang='grc' dir='ltr'>διὰ</span> <span class='ocrx_word' id='word_1_522' title='bbox 1382 2064 1517 2100; x_wconf 73' lang='grc' dir='ltr'>στόματος</span> <span class='ocrx_word' id='word_1_523' title='bbox 1535 2064 1581 2091; x_wconf 80' lang='grc' dir='ltr'>τοῦ</span> <span class='ocrx_word' id='word_1_524' title='bbox 1593 2065 1717 2100; x_wconf 76' lang='grc' dir='ltr'>Χριποῦ</span> <span class='ocrx_word' id='word_1_525' title='bbox 1729 2064 1862 2099; x_wconf 75' lang='grc' dir='ltr'>εὐαγγελί-</span> 
     </span>
    </p>
   </div>
   <div class='ocr_carea' id='block_1_42' title="bbox 232 2111 1863 2149">
    <p class='ocr_par' dir='ltr' id='par_1_42' title="bbox 232 2111 1863 2149">
     <span class='ocr_line' id='line_1_44' title="bbox 232 2111 1863 2149; baseline -0.002 -7"><span class='ocrx_word' id='word_1_526' title='bbox 232 2115 309 2148; x_wconf 79' lang='grc' dir='ltr'>ζεται</span> <span class='ocrx_word' id='word_1_527' title='bbox 329 2115 370 2146; x_wconf 77' lang='grc' dir='ltr'>εις</span> <span class='ocrx_word' id='word_1_528' title='bbox 389 2114 454 2146; x_wconf 71' lang='grc' dir='ltr'>τοὺς</span> <span class='ocrx_word' id='word_1_529' title='bbox 481 2113 595 2146; x_wconf 79' lang='grc' dir='ltr'>πιστοὺς</span> <span class='ocrx_word' id='word_1_530' title='bbox 618 2114 724 2148; x_wconf 77' lang='grc' dir='ltr'>φανερά</span> <span class='ocrx_word' id='word_1_531' title='bbox 749 2113 791 2140; x_wconf 75' lang='grc' dir='ltr'>ὅτι</span> <span class='ocrx_word' id='word_1_532' title='bbox 824 2113 940 2149; x_wconf 75' lang='grc' dir='ltr'>Πνεῦμα</span> <span class='ocrx_word' id='word_1_533' title='bbox 971 2113 1046 2149; x_wconf 80' lang='grc' dir='ltr'>παρὰ</span> <span class='ocrx_word' id='word_1_534' title='bbox 1072 2113 1178 2148; x_wconf 61' lang='lat' dir='ltr'>Harpe;</span> <span class='ocrx_word' id='word_1_535' title='bbox 1198 2111 1392 2147; x_wconf 75' lang='grc' dir='ltr'>ἐκπορεύεται,</span> <span class='ocrx_word' id='word_1_536' title='bbox 1410 2113 1458 2139; x_wconf 74' lang='grc' dir='ltr'>καὶ</span> <span class='ocrx_word' id='word_1_537' title='bbox 1475 2113 1552 2140; x_wconf 79' lang='grc' dir='ltr'>αὐτοὶ</span> <span class='ocrx_word' id='word_1_538' title='bbox 1580 2113 1605 2140; x_wconf 82' lang='grc' dir='ltr'>οἱ</span> <span class='ocrx_word' id='word_1_539' title='bbox 1622 2113 1736 2147; x_wconf 75' lang='grc' dir='ltr'>ἄγγελοι</span> <span class='ocrx_word' id='word_1_540' title='bbox 1761 2114 1863 2143; x_wconf 69' lang='grc' dir='ltr'>σκότως</span> 
     </span>
    </p>
   </div>
   <div class='ocr_carea' id='block_1_43' title="bbox 231 2160 973 2202">
    <p class='ocr_par' dir='ltr' id='par_1_43' title="bbox 231 2161 973 2202">
     <span class='ocr_line' id='line_1_45' title="bbox 231 2161 973 2202; baseline -0.003 -8"><span class='ocrx_word' id='word_1_541' title='bbox 231 2163 468 2202; x_wconf 75' lang='grc' dir='ltr'>εὖαγγελίζονται,</span> <span class='ocrx_word' id='word_1_542' title='bbox 482 2167 530 2193; x_wconf 79' lang='grc' dir='ltr'>καὶ</span> <span class='ocrx_word' id='word_1_543' title='bbox 549 2167 582 2193; x_wconf 72' lang='grc' dir='ltr'>ἐκ</span> <span class='ocrx_word' id='word_1_544' title='bbox 593 2165 641 2194; x_wconf 70' lang='grc' dir='ltr'>τοῦ</span> <span class='ocrx_word' id='word_1_545' title='bbox 659 2166 736 2193; x_wconf 71' lang='grc' dir='ltr'>Υῑςιῦ.</span> <span class='ocrx_word' id='word_1_546' title='bbox 758 2162 785 2192; x_wconf 93' lang='grc'>0</span> <span class='ocrx_word' id='word_1_547' title='bbox 807 2161 973 2199; x_wconf 76' lang='lat' dir='ltr'>prteclaran</span> 
     </span>
    </p>
   </div>
   <div class='ocr_carea' id='block_1_44' title="bbox 1118 2160 1860 2202">
    <p class='ocr_par' dir='ltr' id='par_1_44' title="bbox 1118 2160 1860 2200">
     <span class='ocr_line' id='line_1_46' title="bbox 1118 2160 1860 2200; baseline -0.003 -9"><span class='ocrx_word' id='word_1_548' title='bbox 1118 2160 1213 2191; x_wconf 71' lang='lat' dir='ltr'>irchaa</span> <span class='ocrx_word' id='word_1_549' title='bbox 1229 2161 1349 2192; x_wconf 87' lang='lat' dir='ltr'>Montis</span> <span class='ocrx_word' id='word_1_550' title='bbox 1375 2165 1540 2200; x_wconf 78' lang='grc' dir='ltr'>’Δγιονύμου</span> <span class='ocrx_word' id='word_1_551' title='bbox 1561 2160 1785 2194; x_wconf 83' lang='lat' dir='ltr'>ratiocinatioi</span> <span class='ocrx_word' id='word_1_552' title='bbox 1807 2161 1860 2194; x_wconf 82' lang='lat' dir='ltr'>Sic,</span> 
     </span>
    </p>
   </div>
   <div class='ocr_carea' id='block_1_45' title="bbox 233 2210 1863 2251">
    <p class='ocr_par' dir='ltr' id='par_1_45' title="bbox 233 2210 1863 2251">
     <span class='ocr_line' id='line_1_47' title="bbox 233 2210 1863 2251; baseline -0.001 -10"><span class='ocrx_word' id='word_1_553' title='bbox 233 2214 330 2244; x_wconf 78' lang='lat' dir='ltr'>cine‘!</span> <span class='ocrx_word' id='word_1_554' title='bbox 355 2211 504 2243; x_wconf 83' lang='lat' dir='ltr'>Procedit</span> <span class='ocrx_word' id='word_1_555' title='bbox 527 2222 546 2241; x_wconf 91' lang='lat' dir='ltr'>a</span> <span class='ocrx_word' id='word_1_556' title='bbox 566 2212 684 2245; x_wconf 86' lang='lat' dir='ltr'>Patre,-</span> <span class='ocrx_word' id='word_1_557' title='bbox 708 2220 774 2242; x_wconf 80' lang='lat' dir='ltr'>non</span> <span class='ocrx_word' id='word_1_558' title='bbox 791 2212 892 2251; x_wconf 85' lang='lat' dir='ltr'>igitur</span> <span class='ocrx_word' id='word_1_559' title='bbox 920 2221 939 2241; x_wconf 90' lang='lat' dir='ltr'>a</span> <span class='ocrx_word' id='word_1_560' title='bbox 963 2211 1047 2241; x_wconf 86' lang='lat' dir='ltr'>Filio</span> <span class='ocrx_word' id='word_1_561' title='bbox 1072 2221 1081 2240; x_wconf 91' lang='lat'><em>:</em></span> <span class='ocrx_word' id='word_1_562' title='bbox 1107 2219 1180 2243; x_wconf 85' lang='lat' dir='ltr'>cum</span> <span class='ocrx_word' id='word_1_563' title='bbox 1206 2211 1315 2250; x_wconf 89' lang='lat' dir='ltr'>potius</span> <span class='ocrx_word' id='word_1_564' title='bbox 1345 2211 1522 2242; x_wconf 86' lang='lat' dir='ltr'>dicendum</span> <span class='ocrx_word' id='word_1_565' title='bbox 1544 2211 1626 2242; x_wconf 80' lang='lat' dir='ltr'>foret</span> <span class='ocrx_word' id='word_1_566' title='bbox 1646 2220 1653 2242; x_wconf 88' lang='lat'><strong><em>:</em></strong></span> <span class='ocrx_word' id='word_1_567' title='bbox 1678 2210 1826 2242; x_wconf 84' lang='lat' dir='ltr'>Procedit</span> <span class='ocrx_word' id='word_1_568' title='bbox 1849 2219 1863 2238; x_wconf 83' lang='grc' dir='ltr'><strong><em>η</em></strong></span> 
     </span>
    </p>
   </div>
   <div class='ocr_carea' id='block_1_46' title="bbox 235 2261 1862 2302">
    <p class='ocr_par' dir='ltr' id='par_1_46' title="bbox 235 2261 1862 2302">
     <span class='ocr_line' id='line_1_48' title="bbox 235 2261 1862 2302; baseline -0.001 -9"><span class='ocrx_word' id='word_1_569' title='bbox 235 2263 343 2300; x_wconf 80' lang='lat' dir='ltr'>I’alre,</span> <span class='ocrx_word' id='word_1_570' title='bbox 361 2272 433 2302; x_wconf 88' lang='lat' dir='ltr'>ergo</span> <span class='ocrx_word' id='word_1_571' title='bbox 452 2267 480 2293; x_wconf 93' lang='lat' dir='ltr'>et</span> <span class='ocrx_word' id='word_1_572' title='bbox 498 2273 516 2293; x_wconf 85' lang='grc' dir='ltr'>α</span> <span class='ocrx_word' id='word_1_573' title='bbox 531 2262 629 2300; x_wconf 85' lang='lat' dir='ltr'>Filio,</span> <span class='ocrx_word' id='word_1_574' title='bbox 647 2262 689 2294; x_wconf 90' lang='lat' dir='ltr'>ob</span> <span class='ocrx_word' id='word_1_575' title='bbox 715 2262 872 2293; x_wconf 86' lang='lat' dir='ltr'>iudicatas</span> <span class='ocrx_word' id='word_1_576' title='bbox 901 2261 1056 2292; x_wconf 84' lang='lat' dir='ltr'>rationes.</span> <span class='ocrx_word' id='word_1_577' title='bbox 1084 2261 1144 2292; x_wconf 89' lang='lat' dir='ltr'>Sed</span> <span class='ocrx_word' id='word_1_578' title='bbox 1168 2265 1200 2293; x_wconf 86' lang='lat' dir='ltr'>et</span> <span class='ocrx_word' id='word_1_579' title='bbox 1223 2261 1293 2300; x_wconf 88' lang='lat' dir='ltr'>ipse</span> <span class='ocrx_word' id='word_1_580' title='bbox 1313 2262 1575 2302; x_wconf 76' lang='lat' dir='ltr'>&#39;l‘heophylactus</span> <span class='ocrx_word' id='word_1_581' title='bbox 1600 2262 1681 2293; x_wconf 89' lang='lat' dir='ltr'>male</span> <span class='ocrx_word' id='word_1_582' title='bbox 1697 2262 1788 2293; x_wconf 61' lang='lat' dir='ltr'>fama;</span> <span class='ocrx_word' id='word_1_583' title='bbox 1804 2270 1862 2292; x_wconf 73' lang='lat' dir='ltr'>sum</span> 
     </span>
    </p>
   </div>
   <div class='ocr_carea' id='block_1_47' title="bbox 235 2309 1861 2352">
    <p class='ocr_par' dir='ltr' id='par_1_47' title="bbox 235 2309 1861 2352">
     <span class='ocr_line' id='line_1_49' title="bbox 235 2309 1861 2352; baseline -0.001 -8"><span class='ocrx_word' id='word_1_584' title='bbox 235 2313 390 2350; x_wconf 83' lang='lat' dir='ltr'>consulit,</span> <span class='ocrx_word' id='word_1_585' title='bbox 409 2313 486 2343; x_wconf 88' lang='lat' dir='ltr'>dum</span> <span class='ocrx_word' id='word_1_586' title='bbox 514 2311 701 2351; x_wconf 62' lang='lat' dir='ltr'>praedictum</span> <span class='ocrx_word' id='word_1_587' title='bbox 727 2315 956 2350; x_wconf 81' lang='lat' dir='ltr'>argumentum</span> <span class='ocrx_word' id='word_1_588' title='bbox 978 2309 1151 2350; x_wconf 85' lang='lat' dir='ltr'>simplicem</span> <span class='ocrx_word' id='word_1_589' title='bbox 1173 2316 1265 2342; x_wconf 80' lang='lat' dir='ltr'>vocat</span> <span class='ocrx_word' id='word_1_590' title='bbox 1286 2311 1521 2352; x_wconf 81' lang='lat' dir='ltr'>absolutamque</span> <span class='ocrx_word' id='word_1_591' title='bbox 1536 2313 1690 2343; x_wconf 83' lang='lat' dir='ltr'>rationem</span> <span class='ocrx_word' id='word_1_592' title='bbox 1707 2311 1762 2352; x_wconf 86' lang='lat' dir='ltr'>(b),</span> <span class='ocrx_word' id='word_1_593' title='bbox 1779 2311 1861 2344; x_wconf 85' lang='lat' dir='ltr'>addi-</span> 
     </span>
    </p>
   </div>
   <div class='ocr_carea' id='block_1_48' title="bbox 235 2362 1861 2405">
    <p class='ocr_par' dir='ltr' id='par_1_48' title="bbox 235 2362 1861 2405">
     <span class='ocr_line' id='line_1_50' title="bbox 235 2362 1861 2405; baseline -0.003 -9"><span class='ocrx_word' id='word_1_594' title='bbox 235 2365 361 2404; x_wconf 88' lang='lat' dir='ltr'>ditque,</span> <span class='ocrx_word' id='word_1_595' title='bbox 379 2363 479 2395; x_wconf 88' lang='lat' dir='ltr'>alium</span> <span class='ocrx_word' id='word_1_596' title='bbox 497 2362 591 2394; x_wconf 89' lang='lat' dir='ltr'>nobis</span> <span class='ocrx_word' id='word_1_597' title='bbox 611 2371 683 2394; x_wconf 89' lang='lat' dir='ltr'>esse</span> <span class='ocrx_word' id='word_1_598' title='bbox 699 2362 910 2403; x_wconf 57' lang='lat' dir='ltr'>quaerendum</span> <span class='ocrx_word' id='word_1_599' title='bbox 926 2362 1091 2394; x_wconf 86' lang='lat' dir='ltr'>doctorem</span> <span class='ocrx_word' id='word_1_600' title='bbox 1109 2366 1223 2402; x_wconf 62' lang='lat' dir='ltr'>prater</span> <span class='ocrx_word' id='word_1_601' title='bbox 1234 2364 1331 2394; x_wconf 81' lang='lat' dir='ltr'>unum</span> <span class='ocrx_word' id='word_1_602' title='bbox 1345 2364 1531 2403; x_wconf 86' lang='lat' dir='ltr'>magistrum</span> <span class='ocrx_word' id='word_1_603' title='bbox 1541 2369 1686 2394; x_wconf 82' lang='lat' dir='ltr'>nostrum</span> <span class='ocrx_word' id='word_1_604' title='bbox 1699 2365 1861 2405; x_wconf 58' lang='lat' dir='ltr'>Christum,</span> 
     </span>
    </p>
   </div>
   <div class='ocr_carea' id='block_1_49' title="bbox 235 2414 1862 2456">
    <p class='ocr_par' dir='ltr' id='par_1_49' title="bbox 235 2414 1862 2456">
     <span class='ocr_line' id='line_1_51' title="bbox 235 2414 1862 2456; baseline -0.004 -7"><span class='ocrx_word' id='word_1_605' title='bbox 235 2418 261 2449; x_wconf 90' lang='lat' dir='ltr'>si</span> <span class='ocrx_word' id='word_1_606' title='bbox 281 2417 358 2448; x_wconf 88' lang='lat' dir='ltr'>huic</span> <span class='ocrx_word' id='word_1_607' title='bbox 377 2415 519 2456; x_wconf 78' lang='lat' dir='ltr'>dogmati</span> <span class='ocrx_word' id='word_1_608' title='bbox 542 2415 704 2447; x_wconf 65' lang='lat' dir='ltr'>adbwrere</span> <span class='ocrx_word' id='word_1_609' title='bbox 731 2414 882 2446; x_wconf 90' lang='lat' dir='ltr'>velimus.</span> <span class='ocrx_word' id='word_1_610' title='bbox 899 2416 938 2446; x_wconf 85' lang='lat' dir='ltr'>At</span> <span class='ocrx_word' id='word_1_611' title='bbox 965 2422 1054 2452; x_wconf 77' lang='lat' dir='ltr'>vero,</span> <span class='ocrx_word' id='word_1_612' title='bbox 1082 2414 1108 2445; x_wconf 93' lang='lat' dir='ltr'>si</span> <span class='ocrx_word' id='word_1_613' title='bbox 1133 2414 1280 2446; x_wconf 87' lang='lat' dir='ltr'>Christus</span> <span class='ocrx_word' id='word_1_614' title='bbox 1301 2415 1420 2446; x_wconf 86' lang='lat' dir='ltr'>aieudo</span> <span class='ocrx_word' id='word_1_615' title='bbox 1443 2425 1450 2445; x_wconf 90' lang='lat'>:</span> <span class='ocrx_word' id='word_1_616' title='bbox 1477 2415 1531 2455; x_wconf 85' lang='lat' dir='ltr'>qui</span> <span class='ocrx_word' id='word_1_617' title='bbox 1558 2425 1576 2446; x_wconf 89' lang='lat' dir='ltr'>a</span> <span class='ocrx_word' id='word_1_618' title='bbox 1602 2415 1697 2446; x_wconf 86' lang='lat' dir='ltr'>Patre</span> <span class='ocrx_word' id='word_1_619' title='bbox 1713 2414 1862 2455; x_wconf 76' lang='lat' dir='ltr'>procedit,</span> 
     </span>
    </p>
   </div>
   <div class='ocr_carea' id='block_1_50' title="bbox 237 2466 1863 2508">
    <p class='ocr_par' dir='ltr' id='par_1_50' title="bbox 237 2466 1863 2508">
     <span class='ocr_line' id='line_1_52' title="bbox 237 2466 1863 2508; baseline -0.004 -7"><span class='ocrx_word' id='word_1_620' title='bbox 237 2468 332 2501; x_wconf 90' lang='lat' dir='ltr'>nobis</span> <span class='ocrx_word' id='word_1_621' title='bbox 349 2468 536 2500; x_wconf 83' lang='lat' dir='ltr'>nullatenus</span> <span class='ocrx_word' id='word_1_622' title='bbox 554 2466 759 2508; x_wconf 75' lang='lat' dir='ltr'>adversatur,</span> <span class='ocrx_word' id='word_1_623' title='bbox 773 2466 875 2497; x_wconf 87' lang='lat' dir='ltr'>multo</span> <span class='ocrx_word' id='word_1_624' title='bbox 892 2467 1000 2497; x_wconf 87' lang='lat' dir='ltr'>minus</span> <span class='ocrx_word' id='word_1_625' title='bbox 1015 2467 1170 2498; x_wconf 80' lang='lat' dir='ltr'>censendi</span> <span class='ocrx_word' id='word_1_626' title='bbox 1188 2471 1264 2498; x_wconf 90' lang='lat' dir='ltr'>sunt</span> <span class='ocrx_word' id='word_1_627' title='bbox 1279 2466 1373 2498; x_wconf 90' lang='lat' dir='ltr'>nobis</span> <span class='ocrx_word' id='word_1_628' title='bbox 1389 2467 1540 2498; x_wconf 90' lang='lat' dir='ltr'>c0ntrarii</span> <span class='ocrx_word' id='word_1_629' title='bbox 1553 2475 1624 2498; x_wconf 83' lang='lat' dir='ltr'>esse</span> <span class='ocrx_word' id='word_1_630' title='bbox 1637 2467 1821 2507; x_wconf 88' lang='lat' dir='ltr'>quicunque</span> <span class='ocrx_word' id='word_1_631' title='bbox 1830 2473 1863 2496; x_wconf 73' lang='lat' dir='ltr'>ex</span> 
     </span>
    </p>
   </div>
   <div class='ocr_carea' id='block_1_51' title="bbox 235 2516 1863 2557">
    <p class='ocr_par' dir='ltr' id='par_1_51' title="bbox 235 2516 1863 2557">
     <span class='ocr_line' id='line_1_53' title="bbox 235 2516 1863 2557; baseline -0.004 -6"><span class='ocrx_word' id='word_1_632' title='bbox 235 2517 355 2551; x_wconf 67' lang='lat' dir='ltr'>Grmcis</span> <span class='ocrx_word' id='word_1_633' title='bbox 374 2517 519 2548; x_wconf 84' lang='lat' dir='ltr'>Patribus</span> <span class='ocrx_word' id='word_1_634' title='bbox 549 2517 666 2549; x_wconf 83' lang='lat' dir='ltr'>docent</span> <span class='ocrx_word' id='word_1_635' title='bbox 697 2516 915 2554; x_wconf 80' lang='lat' dir='ltr'>solummodo,</span> <span class='ocrx_word' id='word_1_636' title='bbox 939 2516 1162 2557; x_wconf 81' lang='lat' dir='ltr'>alﬁrmantque</span> <span class='ocrx_word' id='word_1_637' title='bbox 1184 2517 1339 2556; x_wconf 86' lang='lat' dir='ltr'>Spiritum</span> <span class='ocrx_word' id='word_1_638' title='bbox 1361 2521 1507 2548; x_wconf 87' lang='lat' dir='ltr'>sanctum</span> <span class='ocrx_word' id='word_1_639' title='bbox 1529 2527 1549 2547; x_wconf 80' lang='grc' dir='ltr'><strong><em>(ι</em></strong></span> <span class='ocrx_word' id='word_1_640' title='bbox 1574 2517 1668 2549; x_wconf 81' lang='lat' dir='ltr'>Patre</span> <span class='ocrx_word' id='word_1_641' title='bbox 1690 2517 1863 2556; x_wconf 77' lang='lat' dir='ltr'>procedere.</span> 
     </span>
    </p>
   </div>
   <div class='ocr_carea' id='block_1_52' title="bbox 237 2567 1863 2608">
    <p class='ocr_par' dir='ltr' id='par_1_52' title="bbox 237 2567 1863 2608">
     <span class='ocr_line' id='line_1_54' title="bbox 237 2567 1863 2608; baseline -0.002 -9"><span class='ocrx_word' id='word_1_642' title='bbox 237 2569 316 2600; x_wconf 89' lang='lat' dir='ltr'>Cum</span> <span class='ocrx_word' id='word_1_643' title='bbox 336 2567 434 2608; x_wconf 83' lang='lat' dir='ltr'>igitur</span> <span class='ocrx_word' id='word_1_644' title='bbox 449 2568 633 2599; x_wconf 77' lang='lat' dir='ltr'>Graecorum</span> <span class='ocrx_word' id='word_1_645' title='bbox 656 2575 751 2598; x_wconf 84' lang='lat' dir='ltr'>neruo</span> <span class='ocrx_word' id='word_1_646' title='bbox 777 2567 938 2598; x_wconf 82' lang='lat' dir='ltr'>inﬁcictur</span> <span class='ocrx_word' id='word_1_647' title='bbox 960 2568 1112 2598; x_wconf 89' lang='lat' dir='ltr'>eumdem</span> <span class='ocrx_word' id='word_1_648' title='bbox 1136 2571 1166 2598; x_wconf 84' lang='lat' dir='ltr'>et</span> <span class='ocrx_word' id='word_1_649' title='bbox 1190 2575 1205 2598; x_wconf 87' lang='lat' dir='ltr'>a</span> <span class='ocrx_word' id='word_1_650' title='bbox 1225 2567 1309 2598; x_wconf 86' lang='lat' dir='ltr'>Filio</span> <span class='ocrx_word' id='word_1_651' title='bbox 1333 2569 1519 2607; x_wconf 84' lang='lat' dir='ltr'>procedere,</span> <span class='ocrx_word' id='word_1_652' title='bbox 1538 2568 1686 2600; x_wconf 89' lang='lat' dir='ltr'>nonnulli</span> <span class='ocrx_word' id='word_1_653' title='bbox 1704 2573 1809 2600; x_wconf 88' lang='lat' dir='ltr'>autem</span> <span class='ocrx_word' id='word_1_654' title='bbox 1828 2575 1863 2596; x_wconf 84' lang='lat' dir='ltr'>cx</span> 
     </span>
    </p>
   </div>
   <div class='ocr_carea' id='block_1_53' title="bbox 236 2617 1862 2658">
    <p class='ocr_par' dir='ltr' id='par_1_53' title="bbox 236 2617 1862 2658">
     <span class='ocr_line' id='line_1_55' title="bbox 236 2617 1862 2658; baseline -0.003 -7"><span class='ocrx_word' id='word_1_655' title='bbox 236 2620 304 2651; x_wconf 86' lang='lat' dir='ltr'>illis</span> <span class='ocrx_word' id='word_1_656' title='bbox 329 2629 391 2652; x_wconf 91' lang='lat' dir='ltr'>una</span> <span class='ocrx_word' id='word_1_657' title='bbox 407 2629 480 2651; x_wconf 89' lang='lat' dir='ltr'>cum</span> <span class='ocrx_word' id='word_1_658' title='bbox 504 2619 624 2650; x_wconf 84' lang='lat' dir='ltr'>Latinis</span> <span class='ocrx_word' id='word_1_659' title='bbox 645 2619 799 2649; x_wconf 90' lang='lat' dir='ltr'>omnibus</span> <span class='ocrx_word' id='word_1_660' title='bbox 827 2617 1000 2655; x_wconf 77' lang='lat' dir='ltr'>aliirment,</span> <span class='ocrx_word' id='word_1_661' title='bbox 1024 2618 1166 2658; x_wconf 79' lang='lat' dir='ltr'>profecto</span> <span class='ocrx_word' id='word_1_662' title='bbox 1192 2617 1272 2648; x_wconf 87' lang='lat' dir='ltr'>illud</span> <span class='ocrx_word' id='word_1_663' title='bbox 1302 2627 1419 2658; x_wconf 77' lang='lat' dir='ltr'>negare</span> <span class='ocrx_word' id='word_1_664' title='bbox 1448 2619 1608 2658; x_wconf 69' lang='lat' dir='ltr'>priel&#39;racte</span> <span class='ocrx_word' id='word_1_665' title='bbox 1635 2619 1730 2656; x_wconf 86' lang='lat' dir='ltr'>velle,</span> <span class='ocrx_word' id='word_1_666' title='bbox 1756 2619 1816 2649; x_wconf 88' lang='lat' dir='ltr'>imo</span> <span class='ocrx_word' id='word_1_667' title='bbox 1836 2622 1862 2647; x_wconf 88' lang='lat' dir='ltr'>ct</span> 
     </span>
    </p>
   </div>
   <div class='ocr_carea' id='block_1_54' title="bbox 239 2667 1860 2710">
    <p class='ocr_par' dir='ltr' id='par_1_54' title="bbox 239 2667 1860 2710">
     <span class='ocr_line' id='line_1_56' title="bbox 239 2667 1860 2710; baseline -0.001 -10"><span class='ocrx_word' id='word_1_668' title='bbox 239 2671 398 2702; x_wconf 57' lang='lat' dir='ltr'>haereseos</span> <span class='ocrx_word' id='word_1_669' title='bbox 423 2678 481 2702; x_wconf 87' lang='lat' dir='ltr'>uos</span> <span class='ocrx_word' id='word_1_670' title='bbox 506 2669 722 2700; x_wconf 84' lang='lat' dir='ltr'>condemnare</span> <span class='ocrx_word' id='word_1_671' title='bbox 747 2670 823 2708; x_wconf 90' lang='lat' dir='ltr'>quia</span> <span class='ocrx_word' id='word_1_672' title='bbox 847 2670 879 2700; x_wconf 91' lang='lat' dir='ltr'>id</span> <span class='ocrx_word' id='word_1_673' title='bbox 904 2669 1095 2705; x_wconf 84' lang='lat' dir='ltr'>asserimus,</span> <span class='ocrx_word' id='word_1_674' title='bbox 1117 2677 1167 2699; x_wconf 75' lang='lat' dir='ltr'>res</span> <span class='ocrx_word' id='word_1_675' title='bbox 1191 2667 1318 2701; x_wconf 82' lang='lat' dir='ltr'>illorum</span> <span class='ocrx_word' id='word_1_676' title='bbox 1344 2675 1387 2700; x_wconf 89' lang='lat' dir='ltr'>est</span> <span class='ocrx_word' id='word_1_677' title='bbox 1412 2670 1521 2709; x_wconf 81' lang='lat' dir='ltr'>[verba</span> <span class='ocrx_word' id='word_1_678' title='bbox 1547 2679 1661 2710; x_wconf 73' lang='lat' dir='ltr'>regem</span> <span class='ocrx_word' id='word_1_679' title='bbox 1683 2679 1756 2709; x_wconf 62' lang='lat' dir='ltr'>quas</span> <span class='ocrx_word' id='word_1_680' title='bbox 1777 2669 1860 2700; x_wconf 78' lang='lat' dir='ltr'>habet</span> 
     </span>
    </p>
   </div>
   <div class='ocr_carea' id='block_1_55' title="bbox 239 2721 1109 2764">
    <p class='ocr_par' dir='ltr' id='par_1_55' title="bbox 239 2721 1109 2764">
     <span class='ocr_line' id='line_1_57' title="bbox 239 2721 1109 2764; baseline -0.002 -10"><span class='ocrx_word' id='word_1_681' title='bbox 239 2723 498 2764; x_wconf 78' lang='lat' dir='ltr'>Theophylaclus</span> <span class='ocrx_word' id='word_1_682' title='bbox 515 2722 633 2763; x_wconf 83' lang='lat' dir='ltr'>(c)]qui</span> <span class='ocrx_word' id='word_1_683' title='bbox 647 2723 767 2763; x_wconf 85' lang='lat' dir='ltr'>spiritu</span> <span class='ocrx_word' id='word_1_684' title='bbox 783 2723 902 2753; x_wconf 87' lang='lat' dir='ltr'>erroris</span> <span class='ocrx_word' id='word_1_685' title='bbox 921 2721 1009 2762; x_wconf 78' lang='lat' dir='ltr'>pleni</span> <span class='ocrx_word' id='word_1_686' title='bbox 1023 2726 1109 2752; x_wconf 81' lang='lat' dir='ltr'>sunt.</span> 
     </span>
    </p>
   </div>
   <div class='ocr_carea' id='block_1_56' title="bbox 275 2825 1017 2899">
    <p class='ocr_par' dir='ltr' id='par_1_56' title="bbox 275 2829 476 2899">
     <span class='ocr_line' id='line_1_58' title="bbox 276 2829 476 2864; baseline 0 -9"><span class='ocrx_word' id='word_1_687' title='bbox 276 2829 316 2864; x_wconf 83' lang='grc' dir='ltr'>(η)</span> <span class='ocrx_word' id='word_1_688' title='bbox 334 2829 415 2856; x_wconf 84' lang='lat' dir='ltr'>Num.</span> <span class='ocrx_word' id='word_1_689' title='bbox 432 2829 476 2857; x_wconf 93' lang='grc'><strong>111.</strong></span> 
     </span>
     <span class='ocr_line' id='line_1_59' title="bbox 275 2865 445 2899; baseline 0.006 -8"><span class='ocrx_word' id='word_1_690' title='bbox 275 2866 311 2899; x_wconf 74' lang='grc' dir='ltr'>(ιι)</span> <span class='ocrx_word' id='word_1_691' title='bbox 334 2865 445 2892; x_wconf 87' lang='lat' dir='ltr'>lbidcin.</span> 
     </span>
    </p>
   </div>
   <div class='ocr_carea' id='block_1_57' title="bbox 541 2825 1283 2899">
    <p class='ocr_par' dir='ltr' id='par_1_57' title="bbox 1120 2825 1283 2863">
     <span class='ocr_line' id='line_1_60' title="bbox 1120 2825 1283 2863; baseline 0 -10"><span class='ocrx_word' id='word_1_692' title='bbox 1120 2826 1154 2863; x_wconf 69' lang='lat' dir='ltr'>(ei</span> <span class='ocrx_word' id='word_1_693' title='bbox 1172 2825 1283 2854; x_wconf 84' lang='lat' dir='ltr'>Ibidem.</span> 
     </span>
    </p>
   </div>
   <div class='ocr_carea' id='block_1_58' title="bbox 364 2873 445 2892">
    <p class='ocr_par' dir='ltr' id='par_1_58' title="bbox 364 2873 445 2892">
     <span class='ocr_line' id='line_1_61' title="bbox 364 2873 445 2892; baseline 0 0"><span class='ocrx_word' id='word_1_694' title='bbox 364 2873 445 2892; x_wconf 84' lang='lat' dir='ltr'>tuctn.</span> 
     </span>
    </p>
   </div>
  </div>
