1897 3052
226 169 277 198 Μ’]
751 168 941 199 BONIFACII
962 170 975 198 Ι

1109 170 1117 199 [
1139 169 1333 199 ΡΒᾸΞἘΑΤΙΟ
1808 166 1858 197 HS

230 224 467 254 verebaturille
484 226 674 254 eventurum
691 223 766 258 sibi,
787 233 901 264 nempe
919 225 1005 264 quod
1023 224 1169 255 nonnulli
1194 233 1234 254 ex
1257 221 1480 260 fervidioribus
1505 222 1683 256 I'hotianis,
1711 221 1860 260 legrntt-s

228 282 324 312 quam
350 274 464 304 acriter
486 274 516 304 in
545 281 602 304 sua
633 273 691 304 hac
718 273 821 311 opella
851 274 1042 312 perstringat
1071 273 1257 304 eorumdem
1289 271 1559 303 immoderantiam
1589 270 1660 306 zeli,
1687 270 1860 301 charitati’s

227 323 390 364 defectum,
412 323 608 353 ambitionem
621 328 712 362 atque
734 323 942 363 hydropicum
959 329 1122 360 tumorem,
1137 323 1350 354 restimatione
1370 323 1402 353 in
1419 326 1638 360 contemptum
1655 329 1763 357 versa,
1783 329 1859 350 eun

228 375 439 405 condemnant
455 374 589 404 inscitia
605 374 834 413 crassiorisque
849 375 881 405 in
898 374 991 404 rebus
1016 374 1116 404 sacris
1134 374 1263 414 judicii,
1279 374 1327 404 vel
1346 374 1488 410 incuriw,
1510 374 1570 403 imo
1594 377 1622 402 et
1652 373 1860 402 orientalium

227 425 403 464 dogmatum
417 425 620 464 proditionis.
638 425 701 456 Alii
721 430 837 461 tamen,
852 434 980 464 sperare
992 425 1093 464 juvat,
1111 425 1291 465 gravissimi
1309 425 1404 464 hujus
1432 424 1490 454 viri
1513 423 1702 455 auctoritate
1717 425 1858 461 permoti

226 475 288 505 sibi
310 475 402 505 facile
417 475 665 513 persuadebunt,
681 484 735 504 nec
757 476 869 505 multas
882 484 945 504 esse
958 475 1141 505 Latinorum
1158 484 1293 510 errores,
1308 483 1405 514 neque
1416 475 1493 504 tales
1509 474 1563 513 qui
1574 473 1615 503 ad
1630 473 1858 504 discindenda‘

225 525 386 555 Ecclesios
399 524 464 554 sint
479 523 603 557 idonei;
619 533 675 554 nec
698 524 796 554 ullum
821 525 874 562 qui
898 524 938 554 ad
952 524 1026 563 ﬁdei
1051 530 1145 564 caput
1170 525 1341 564 pertineat.
1367 525 1405 554 At
1421 524 1442 554 ii
1470 524 1531 562 ipsi
1551 523 1686 554 fortasse
1705 523 1858 562 ejusdem

226 575 416 605 auctoritate
435 574 506 604 freti
527 574 732 609 contendent,
750 583 783 604 se
798 574 872 613 jure
889 583 904 604 a
920 574 1104 605 Latinorum
1121 574 1348 604 communione
1361 573 1545 609 abhOrrere,
1561 572 1683 612 quippe
1699 573 1760 610 qui
1779 571 1859 601 illud

227 625 379 664 Symbolo
411 625 608 659 addiderint,
628 633 693 665 quo
713 625 868 664 Spiritum
891 630 1036 656 sanctum
1054 629 1084 656 et
1099 634 1114 657 a
1139 626 1223 656 Filio
1254 625 1426 664 procedere
1452 625 1650 655 enuntiatur.
1667 624 1735 653 Hos
1758 623 1861 662 igitur

227 676 329 706 amice
347 681 376 706 et
392 675 543 710 fraterne,
563 679 662 715 utque
682 675 787 706 verbis
801 681 870 706 utar
890 675 1134 714 TlteOphylacti,
1153 675 1340 715 simpliciter
1360 678 1389 704 et
1413 673 1556 711 candide,
1572 679 1664 712 atque
1686 677 1722 703 ut
1744 673 1859 711 pisca-

227 731 331 756 torum
344 725 536 765 discipulum
551 726 675 756 omnino
693 726 790 763 decet,
807 734 894 757 nunc
912 725 1021 764 paucis
1037 725 1160 766 alloqui
1179 726 1277 756 iubet.

266 778 400 808 XXVII.
425 779 469 808 Ac
482 778 584 816 primo
600 778 730 818 quidem
748 787 816 815 eos,
832 778 937 818 quoad
957 786 1096 816 prtesens
1111 778 1237 813 attinet,
1257 775 1461 815 praemonitos
1486 775 1593 812 velim,
1618 775 1727 813 potius
1755 773 1860 804 animi

228 828 473 867 diSpositionem
490 837 584 867 quam
607 829 703 860 verba
723 837 794 860 esse
807 829 841 860 in
856 829 1096 868 Theophylacto
1112 829 1306 868 spectanda;
1322 827 1440 858 deinde
1459 835 1661 866 quaecunque
1676 826 1752 865 ejus
1770 832 1861 855 mens

227 877 337 914 fuerit,
363 885 427 907 non
454 877 559 916 magni
586 886 656 908 esse
679 877 854 908 faciendam
872 877 962 909 illius
978 878 1036 909 hac
1061 879 1095 909 in
1120 887 1154 908 re
1175 877 1409 908 auctoritatem.
1436 876 1546 913 Quoad
1564 876 1703 915 primum
1727 876 1862 906 attinet:

228 935 287 966 pro
302 932 388 958 certo
406 927 518 964 habeo,
539 927 580 959 ita
603 936 677 959 eum
706 927 806 960 fuisse
821 928 929 960 animo
953 933 1182 968 comparatum,
1196 933 1230 959 ut
1243 929 1270 959 si
1288 936 1353 968 quo
1370 932 1513 967 tempore
1533 927 1624 964 vixit,
1644 935 1701 966 per
1720 927 1862 966 aliquod

187 1016 190 1020 Δ
229 978 402 1009 concilium
421 988 460 1009 ex
481 979 600 1010 Graecis
625 979 814 1019 Latinisque
830 985 974 1011 coactum
999 981 1036 1020 ad
1055 989 1187 1010 examen
1211 986 1316 1010 vocata
1336 987 1371 1010 ac
1395 979 1525 1010 deﬁnita
1548 977 1665 1009 fuisset
1690 976 1862 1016 processio

230 1029 371 1067 Spiritus
406 1029 506 1060 sancti
534 1031 630 1060 etiam
660 1037 676 1060 a
705 1030 801 1068 Filio,
828 1030 936 1069 procul
967 1031 1066 1062 dubio
1096 1030 1226 1061 concilii
1261 1030 1388 1070 judicio
1411 1038 1447 1061 ac
1472 1029 1643 1060 sententiae
1679 1029 1860 1059 stetisset:

229 1080 501 1118 quemadmodum
534 1079 664 1118 plurimi
698 1081 864 1112 sanctitate
894 1090 930 1112 ac
968 1081 1112 1112 doctrina
1142 1080 1398 1120 praestantissimi
1428 1082 1536 1111 Patres
1567 1083 1685 1111 stetere
1714 1079 1860 1119 synodo,

228 1129 434 1166 Florentinae,
462 1129 558 1168 eique
584 1134 741 1168 perpetuo
770 1133 800 1160 et
827 1130 1086 1160 constantissime
1112 1129 1420 1161 adhzeserunt.\Hac
1440 1127 1542 1160 fuisse
1578 1127 1860 1167 Theopbylactum

228 1181 328 1211 animi
346 1181 559 1219 dispositione
583 1180 744 1218 affectum,
771 1181 840 1220 ipse
866 1181 984 1218 colligo
1001 1189 1039 1211 ex
1067 1181 1188 1212 eximio
1209 1181 1279 1219 ejus
1305 1180 1391 1220 pacis
1422 1179 1620 1219 unionisque
1644 1187 1772 1214 amere,
1805 1176 1860 1218 qui

229 1241 300 1263 cum
316 1232 349 1262 in
365 1232 438 1262 aliis
456 1232 622 1270 operibus,
636 1235 704 1262 tum
720 1231 922 1270 potissimum
941 1231 972 1261 in
984 1230 1041 1261 hac
1057 1231 1125 1269 ipsa
1144 1230 1341 1260 Allocutione
1358 1229 1538 1260 luculenter
1550 1236 1584 1260 se
1600 1230 1719 1267 prodit.
1738 1229 1859 1259 Verum

229 1290 302 1314 cum
319 1286 391 1313 ante
415 1282 562 1312 ﬂoruerit
584 1290 679 1321 quam
702 1281 921 1312 controversia
949 1280 1015 1311 haec
1045 1281 1173 1310 definita
1198 1283 1284 1310 esset
1308 1280 1341 1310 in
1374 1279 1482 1319 aliqua
1505 1280 1702 1310 cecumenica
1733 1279 1859 1319 synodo

231 1334 349 1378 (.irimo
367 1333 453 1364 enim
472 1334 601 1365 deﬁnita
623 1338 671 1364 est
695 1333 726 1364 in
742 1333 879 1365 concilio
906 1332 1045 1372 generali
1070 1332 1276 1370 Lugdunensi
1302 1342 1336 1365 ιι,
1363 1341 1415 1363 an.
1432 1332 1532 1372 1275s),
1559 1340 1700 1371 cumque
1738 1339 1798 1370 per
1827 1330 1858 1361 id

231 1386 358 1422 tempus
383 1382 511 1413 dissidii
533 1386 562 1412 et
585 1381 766 1412 schismatis
781 1386 878 1412 aestus
892 1381 1028 1420 primum
1046 1381 1201 1411 excitatus
1224 1390 1239 1411 a
1256 1381 1381 1418 Photio,
1401 1386 1467 1413 tum
1487 1391 1502 1411 a
1521 1381 1676 1412 Michaele
1690 1381 1859 1412 Cerulario

231 1439 293 1461 non
312 1432 354 1461 ita
382 1432 505 1469 pridem
525 1438 708 1467 rermvatus,
736 1430 874 1460 ferveret
905 1439 1000 1470 quam
1018 1430 1314 1467 vehementissime,
1339 1431 1420 1462 haud
1441 1431 1530 1462 valde
1558 1431 1745 1461 mirandum
1775 1431 1803 1461 si
1832 1435 1859 1461 et

231 1482 494 1521 Theophj’lactus
510 1492 544 1514 se
560 1490 691 1522 quoque
707 1482 808 1521 abripi
830 1490 943 1520 passus
957 1486 1121 1521 utcunque
1141 1482 1192 1512 sit.
1212 1483 1249 1512 At
1268 1483 1343 1522 quia
1360 1487 1463 1514 tamen
1478 1483 1518 1514 ob
1536 1491 1616 1520 eam,
1641 1492 1740 1523 quam
1765 1492 1858 1522 snpra

232 1533 490 1566 memoravimus,
509 1540 636 1562 causam
657 1532 801 1570 ignotum
820 1531 911 1562 nobis
927 1536 986 1568 est,
1004 1539 1042 1561 an
1059 1530 1146 1561 illius
1164 1531 1269 1562 fervor
1284 1533 1322 1562 ad
1337 1533 1514 1563 hmreticam
1528 1541 1633 1572 usque
1649 1534 1859 1572 pertinaciam

232 1582 422 1618 excreverit,
448 1582 522 1612 ideo
548 1590 652 1621 neque
678 1581 769 1611 illum
799 1580 969 1618 haereseos,
995 1590 1100 1620 neque
1126 1582 1281 1620 formulis,
1305 1585 1338 1612 ut
1363 1582 1465 1612 aiunt.
1487 1582 1669 1612 schismatis
1704 1583 1859 1612 condem'

232 1623 345 1664 uanius
368 1633 408 1673 (a)
426 1633 504 1673 quin
522 1642 580 1664 nec
600 1633 702 1663 sancti
723 1632 782 1664 viri
797 1633 1056 1672 appellationem,
1078 1641 1140 1672 qua
1170 1633 1264 1672 vulgo
1280 1633 1318 1663 ab
1335 1634 1554 1665 Orientalibus
1578 1634 1772 1674 insignitur,
1806 1642 1860 1665 nos

233 1685 395 1716 ullatenus
413 1685 474 1724 ipsi
492 1685 688 1715 invidemus.

275 1746 429 1776 XXVIII.
445 1745 560 1776 Verum
571 1745 630 1775 hoc
640 1745 746 1783 ipsum
761 1744 846 1784 quod
859 1744 1005 1784 Theople
1016 1745 1095 1775 Iacto
1105 1745 1143 1775 ab
1153 1745 1203 1775 his
1212 1745 1398 1776 criminibus
1411 1747 1586 1786 purgando,
1599 1747 1860 1779 sivcexcusando

235 1795 389 1831 deservit,
407 1795 444 1825 ad
467 1794 674 1825 minuendam
692 1802 822 1833 quoque
839 1794 896 1825 hac
914 1794 945 1824 in
959 1799 1044 1833 parte
1065 1795 1155 1824 illius
1170 1796 1389 1827 auctoritatem
1406 1805 1500 1836 quam
1523 1797 1661 1828 maxime
1679 1797 1758 1829 facit
1785 1799 1858 1830 Cum

235 1845 322 1877 enim
348 1845 562 1876 controversia
585 1845 648 1875 haec
679 1845 710 1875 iu
741 1844 877 1876 concilio
909 1853 947 1875 ex
975 1845 1092 1874 Graecis
1120 1845 1305 1884 Latinisque
1339 1851 1446 1877 coacto
1485 1849 1629 1878 nondum
1659 1849 1732 1879 data
1768 1857 1860 1888 opera

235 1895 463 1934 communique
486 1903 645 1925 consensu
664 1894 805 1934 subjecta
821 1898 906 1925 esset
919 1895 1072 1932 examini,
1088 1896 1172 1934 quod
1193 1896 1294 1933 primo
1310 1896 1424 1927 factum
1435 1901 1482 1928 est
1500 1898 1530 1928 in
1549 1899 1702 1938 praedicta
1719 1899 1858 1939 generali

235 1945 387 1986 synodo,‘
402 1947 549 1985 ignorare
565 1945 591 1976 is
609 1944 702 1976 facile
721 1944 823 1984 potuit
848 1944 967 1984 quibus
991 1945 1147 1976 niteretur
1170 1945 1388 1977 fundamentis
1406 1948 1592 1979 Latinorum
1615 1950 1791 1987 sententia,
1815 1949 1859 1981 vel

235 2007 300 2039 quo
315 1999 346 2029 in
366 2007 464 2030 sensu
483 2001 663 2028 assererent
680 1996 897 2036 hi,Spiritum
915 2000 1058 2027 sanctum
1076 1997 1171 2028 etiam
1191 2006 1206 2028 θ
1232 1998 1314 2028 Filio
1339 1999 1525 2037 procedere,
1549 2004 1578 2030 et
1602 2009 1698 2040 quam
1722 2001 1860 2040 legitima

236 2051 317 2082 ratio
334 2059 392 2081 seu
410 2058 504 2080 causa
522 2050 568 2079 eis
586 2049 696 2085 fuerit,
717 2052 750 2079 ut
770 2049 956 2088 particulam
978 2048 1122 2088 Filioque
1136 2049 1166 2079 in
1187 2053 1319 2080 sutemet
1335 2058 1426 2080 usum
1444 2051 1596 2082 Ecclest
1611 2052 1768 2090 Symbolo
1792 2053 1858 2083 fidei

234 2101 447 2140 adjiciendam
465 2100 617 2138 putarint.
643 2100 715 2130 Haec
731 2100 835 2138 reipsa
853 2100 890 2130 ab
906 2099 1149 2138 ’l‘heophylacto
1167 2100 1309 2138 ignorata
1328 2101 1441 2138 fuisse,
1458 2102 1599 2132 dubitari
1624 2103 1677 2133 vix
1699 2107 1818 2141 potest,
1836 2103 1859 2132 si

235 2155 421 2190 argumenta
437 2150 531 2189 queis
547 2158 636 2180 suam
654 2150 722 2188 ipse
737 2158 863 2180 causam
883 2155 1073 2189 propugnat,
1098 2149 1192 2188 paulo
1215 2150 1369 2180 attentius
1394 2152 1630 2190 expendantur.
1654 2154 1748 2184 Anne
1777 2154 1858 2184 enim

238 2210 318 2231 usus
335 2209 476 2240 unquam
505 2200 612 2231 verbis
629 2200 694 2230 illis
714 2200 910 2239 evangelicis
937 2200 1052 2231 fui5set
1073 2212 1077 2219 ν
1095 2200 1226 2230 Ostende
1248 2201 1336 2232 nobis
1361 2202 1485 2232 Patrem
1512 2203 1581 2243 (qui
1614 2213 1729 2244 nempe
1754 2206 1860 2236 doceat

236 2252 389 2290 Spiritum
402 2255 544 2282 sanctum
559 2260 575 2282 a
592 2251 673 2282 Filio
687 2252 884 2291 procedere),
897 2256 925 2282 ct
939 2252 1054 2292 sufﬁcit
1072 2251 1161 2282 nobis
1178 2252 1231 2292 (ὁ),
1252 2252 1279 2282 si
1300 2254 1514 2291 cognovisset,
1533 2259 1575 2285 tot
1595 2264 1668 2286 esse
1695 2257 1816 2294 Patres,
1833 2261 1859 2287 et

235 2302 478 2342 probatissimos
494 2302 637 2341 quidem,
651 2306 681 2332 et
697 2310 759 2332 non
775 2303 870 2333 modo
891 2303 1030 2338 Latinos,
1047 2302 1102 2340 qui
1115 2301 1335 2334 ﬂor-uereante
1349 2304 1563 2335 dissensionis
1581 2305 1711 2336 initium
1730 2306 1859 2346 (quibus

239 2356 372 2396 proinde
387 2355 591 2394 probatorum
604 2355 735 2385 Patrum
751 2361 781 2385 ct
795 2363 911 2385 nomen
928 2359 959 2386 et
977 2354 1107 2393 gradum
1127 2363 1220 2385 nemo
1241 2363 1328 2392 sane,
1341 2356 1394 2394 qui
1410 2361 1492 2387 recte
1509 2357 1636 2393 sentiat,
1650 2357 1859 2398 alijudicaril),

237 2408 292 2437 sed
311 2407 405 2437 etiam
421 2407 559 2440 Graecos,
574 2405 630 2445 qui
645 2409 783 2436 nostram
801 2405 963 2436 tradidere
979 2404 1194 2435 sententiam?
1205 2406 1264 2436 llic
1279 2415 1366 2442 vero,
1380 2411 1549 2446 antequam
1565 2409 1646 2438 ultra
1664 2410 1860 2448 progredior,

238 2457 388 2488 cohibere
410 2465 458 2486 me
476 2463 540 2486 non
562 2464 705 2493 possum,
724 2455 804 2494 quin
824 2455 1028 2485 vehementer
1041 2463 1157 2494 querar
1172 2457 1443 2495 expostulenique
1460 2458 1499 2487 de
1516 2459 1720 2495 apertissima
1748 2459 1861 2499 injuria

239 2516 335 2547 quam
360 2507 459 2537 Graeci
487 2510 603 2537 nostra;
631 2505 728 2544 hujus
756 2506 854 2536 relatis
870 2513 933 2536 non
953 2505 1071 2547 Latium
1094 2510 1228 2542 tantum,
1251 2506 1308 2536 sed
1336 2510 1366 2536 et
1387 2507 1548 2538 universas
1574 2509 1729 2540 Ecclesiae
1746 2510 1861 2540 inferre

241 2559 323 2588 haud
355 2558 576 2594 reformidant,
606 2557 683 2588 dum
714 2556 965 2587 controversiam
994 2556 1074 2587 hanc
1098 2556 1172 2587 fidei
1206 2556 1243 2586 ad
1273 2557 1398 2587 Graecos
1425 2561 1547 2588 tantum
1570 2559 1767 2597 exigendam
1797 2566 1860 2589 esse

242 2610 362 2646 Patres,
388 2617 428 2639 ex
457 2617 635 2647 eorumque
664 2607 790 2646 placitis
817 2607 1031 2638 deliniendam
1061 2615 1131 2638 esse
1159 2606 1370 2637 contendunt.
1399 2607 1482 2643 Quid
1505 2608 1613 2638 enim?
1635 2610 1684 2639 An
1714 2608 1861 2640 catholica

278 2748 316 2781 (a)
337 2745 393 2774 Ilac
414 2746 520 2773 ratione
541 2752 611 2781 cumA
633 2747 803 2781 ext-riserunt
829 2747 953 2781 auctores
971 2741 1028 2781 edi:
1081 2741 1188 2781 lor-irtus
1210 2741 1289 2769 fuerit
1302 2741 1471 2781 tleﬂSpiritus
1482 2742 1570 2781 sancti
1585 2743 1791 2781 proressione),
1805 2740 1860 2781 quia

241 2775 346 2809 tiu-num
365 2790 429 2808 ann.
452 2782 532 2811 1551,
549 2779 618 2807 1542
631 2783 657 2806 et
672 2779 750 2810 1554,
772 2785 842 2812 quas
854 2776 944 2814 videre
962 2776 1027 2814 mihi
1082 2777 1188 2814 minime
1201 2782 1262 2803 tunc
1281 2777 1313 2802 ab
1335 2775 1453 2814 Ecclesia
1473 2775 1618 2805 universali
1643 2775 1784 2814 deﬁnitum
1798 2775 1860 2809 erat,

241 2817 329 2844 licuit.
346 2816 558 2844 Euarrationnm
586 2815 672 2849 ipsius
694 2814 720 2840 in
739 2811 856 2849 quatuor
874 2811 1027 2849 Evilngelin.
1082 2811 1192 2849 carnali
1206 2817 1314 2849 utroque
1330 2812 1480 2844 procedere.

244 2851 331 2878 Va-rlra
344 2853 452 2878 illorum
467 2845 870 2883 aitralceinJoannislizcc'sunt
884 2856 890 2883 r
905 2845 1029 2883 Propter-
1119 2847 1156 2883 (ὁ)
1173 2846 1240 2874 Num
1270 2847 1314 2873 Ill.

244 2896 274 2915 eo
290 2886 515 2916 rrnrtlmulurdas
532 2893 582 2912 non
598 2890 635 2911 est
657 2882 864 2916 Tlicopllqlucms
882 2881 964 2914 (quod
994 2882 1028 2908 ita
