1897 3052
53 94 111 127 4ζ9
494 93 534 124 IN
556 95 771 129 SEQUENTIA
791 95 1079 126 TllEOPI-IYLACTI
1095 96 1265 128 SCRIPTA.
1639 100 1692 132 450

56 151 211 183 Ecclesia
236 151 316 182 intra
343 150 444 181 solius
466 151 597 182 ercize
618 157 664 181 vel
689 151 831 182 Orientis
853 151 931 181 ﬁnes
955 151 1050 181 etiam
1074 151 1185 190 primis
1216 151 1367 183 Ecclesiu-
1393 155 1520 187 saecutis
1541 154 1692 187 conclusa

53 204 155 233 eral?
185 205 244 233 Aut
274 201 381 232 dicina
403 201 546 237 traditio,
573 203 667 241 cujus
697 202 824 241 propria
851 201 908 231 dos
936 205 995 238 est,
1016 210 1135 240 semper
1151 206 1180 232 et
1202 203 1317 242 ubique
1340 206 1462 243 vigere,
1477 214 1517 236 ex
1533 205 1692 236 Orientali

56 256 193 283 tantum
211 253 351 283 Ecclesia
371 251 546 283 haurienda
566 254 793 291 pensandaque
810 253 878 282 est?
897 252 1015 290 Ecquis
1029 251 1086 282 hac
1111 253 1316 292 prmogativa
1342 255 1522 286 Orientales
1542 255 1694 286 donavit?

57 305 108 335 An
133 304 298 339 Christus,
322 304 376 342 qui
398 303 610 342 Evangelium
634 303 666 334 in
690 303 843 334 universo
862 303 983 334 mundo
1010 304 1243 342 prmdicantluni
1265 305 1386 336 edixit?
1405 307 1453 337 An
1469 306 1618 346 apostoli,
1634 305 1692 345 qui

56 356 146 386 illud
168 357 400 386 annuntiarunt
418 355 537 395 ubique
553 346 727 391 terrarum;
751 362 929 393 eOrumque
952 354 1140 394 coryphaens
1161 356 1273 385 Petrus
1294 357 1426 387 Romam
1444 365 1515 387 cum
1540 357 1694 387 doctrina)

56 416 142 442 sure,
162 410 230 437 tum
255 407 348 438 etiam
379 407 544 446 potestatis
570 407 679 437 sedem
708 406 896 437 constituit?
920 406 975 437 ubi
1001 406 1096 437 etiam
1119 407 1237 437 Paulus
1258 407 1398 438 doctoris
1411 417 1545 439 munere
1563 409 1692 440 functus

57 457 202 487 biennio
222 461 269 487 est
287 467 294 486 :
314 461 346 488 ut
362 457 401 488 de
417 457 537 487 ueteris
549 457 659 487 sileam
675 456 841 496 apostolis,
860 465 996 496 quorum
1013 457 1112 496 aliqui
1131 465 1186 496 per
1205 457 1343 496 seipsos,
1360 458 1413 488 alii
1436 468 1490 498 per
1514 459 1692 499 discipulus

58 509 99 539 ab
115 518 154 539 se
172 509 340 540 institutos
357 509 389 539 in
407 509 508 540 varias
525 509 711 539 Occidentis
730 509 911 546 previncias
933 518 967 539 ac
984 517 1078 548 regna
1100 509 1276 539 dominam
1300 511 1515 549 evangelicum
1538 511 1692 542 dissemi-

64 564 202 590 narunt.
230 559 384 597 Quamvis
400 560 500 599 igitur
528 560 652 591 nullum
673 569 709 591 ex
731 560 847 591 Graecis
875 560 1019 590 Patribus
1048 560 1153 591 all‘crri
1186 564 1293 599 posset
1317 569 1373 599 pro
1407 561 1517 592 Latino
1546 562 1692 602 dogmate

59 611 304 648 testimonium,
334 619 439 641 nonne
467 611 545 641 satis
574 615 658 642 esset
683 612 847 642 unanimis
882 612 1065 642 Latinorum
1090 613 1217 642 Patrum
1248 611 1419 648 sententia,
1450 616 1483 642 ut
1511 613 1629 643 nedum
1653 614 1692 643 ab

60 661 175 691 omnis
189 661 375 699 suspicione
390 662 507 692 erroris
524 661 753 698 absolveretur,
773 662 828 692 sed
846 661 939 692 etiam
957 665 990 691 ut
1006 662 1159 701 apostolis
1173 662 1252 701 ipsis
1269 661 1440 692 referretur
1456 664 1643 701 acceptum?
1658 664 1693 693 Et

60 719 142 740 sane
163 711 188 740 si
209 710 482 749 Theophytactum
498 720 560 741 non
579 711 670 742 latuit
688 711 796 742 istlizec
813 712 997 742 Latinorum
1014 712 1186 743 consensio
1201 713 1342 749 Patrum,
1363 721 1424 752 qua
1444 713 1566 743 ratione
1590 721 1692 744 ausus

65 764 115 790 est
148 759 319 797 aﬂirmare,
344 770 361 790 a
394 761 480 790 nzillo
508 771 547 791 c1-
567 762 708 800 probatis
738 762 887 793 Patribus
913 762 946 793 id
973 763 1104 798 edoceri,
1130 771 1365 802 provocarcque
1408 772 1467 795 nos
1495 764 1692 803 evangelicis

63 812 175 842 verbis
192 823 199 841 :
216 811 348 842 Ostende
363 813 453 843 nobis
466 814 614 844 Patrem?
631 815 678 844 An
700 822 761 844 non
779 815 908 854 probati
933 817 1039 846 Patres
1063 815 1242 854 Cyprianus
1263 821 1294 846 et
1319 816 1524 854 Ambrosius,
1552 825 1691 856 quorum

63 863 172 892 utitur
192 863 388 910 testimoniis
401 863 496 894 tertia
514 864 660 902 synodus
677 865 884 902 uecumenica,
903 865 971 896 sive
989 865 1171 904 Ephesina?
1194 867 1306 896 Nonne
1327 866 1573 905 probatissimus
1603 867 1693 897 Pater

65 913 131 942 Leo
154 914 302 951 Magnus,
324 913 421 953 'cujus
443 915 558 954 scripta
575 920 686 953 quarta
710 916 812 955 synod

943 930 976 956 ην
993 921 1157 956 ὀρθοδοξίας,
1179 917 1352 948 columnam
1370 917 1566 949 orthodoxite
1579 918 1691 958 appel-

64 965 157 995 lavit.
187 966 300 996 Nonne
331 966 481 1005 probatus
511 968 602 998 Pater
625 968 844 1007 Augustinus,
876 977 972 1009 quem
1004 973 1091 1000 sexta
1115 969 1261 1009 synodus
1294 969 1430 1000 summis
1453 973 1618 1007 prosecuta
1646 974 1694 1000 est

63 1018 219 1048 laudibus
234 1026 326 1056 aeque
340 1026 375 1048 ac
393 1018 500 1057 ipsum
512 1019 718 1050 Ambrosium
734 1024 830 1061 atque
846 1021 1051 1052 Leonem?Si
1071 1029 1146 1052 vero
1162 1021 1221 1052 hoc
1234 1020 1289 1052 ille
1304 1021 1476 1060 ignoravit,
1489 1029 1694 1061 consequens

65 1073 124 1105 est,
148 1069 250 1100 multo
272 1069 452 1100 breviorem
478 1070 706 1103 ecclesiastica;
723 1073 919 1104 eruditionis
945 1073 1179 1112 supellectilem
1199 1073 1247 1103 illi
1268 1072 1381 1110 fuisse,
1407 1082 1501 1113 quam
1530 1073 1693 1104 decuisset
1727 1071 1730 1078 ⁷

64 1122 142 1151 tanti
164 1120 308 1151 neminis
322 1120 598 1161 archiepiscopum
618 1133 626 1154 :
643 1124 789 1164 adeoque
809 1124 900 1154 illius
911 1125 1144 1162 auctoritatem,
1158 1125 1195 1155 ad
1214 1124 1275 1155 hoc
1290 1125 1376 1164 quod
1393 1126 1517 1161 attinet,
1541 1133 1604 1156 non
1622 1134 1692 1156 esse

66 1181 260 1213 magnopere
290 1174 478 1207 faciendam.
505 1177 597 1213 Quod
630 1183 706 1207 vero
740 1176 839 1215 magis
870 1176 1030 1215 displicet,
1063 1180 1111 1207 est
1154 1176 1235 1207 illud
1263 1176 1350 1214 quod
1375 1176 1484 1207 subdit
1521 1177 1587 1207 :Si
1613 1177 1693 1206 enim

63 1223 220 1261 probatus
253 1229 310 1263 est,
339 1235 402 1255 non
426 1225 528 1259 dixit;
553 1230 581 1255 ct
609 1226 638 1256 si
663 1225 761 1262 dixit,
786 1225 938 1264 probatus
959 1234 1022 1255 non
1046 1231 1102 1257 est.
1116 1227 1194 1263 Quae
1218 1227 1314 1257 verba
1339 1226 1523 1257 haereticum
1540 1227 1690 1265 spiritum

66 1277 215 1306 redolere
235 1277 386 1308 videntur
404 1287 413 1307 :
434 1276 573 1308 haeretici
595 1276 682 1308 enim
698 1286 737 1307 ex
757 1277 912 1315 Opinione
930 1276 1056 1316 prepria
1075 1278 1200 1308 Patrum
1218 1277 1437 1308 auctoritatem
1452 1278 1555 1307 metiri
1573 1278 1690 1315 solent,

64 1325 101 1356 de
119 1334 225 1365 eaque
239 1326 400 1365 judicium
416 1327 499 1357 ferre
517 1338 525 1357 :
541 1327 684 1367 dumque
700 1327 738 1358 ab
757 1327 880 1358 eisdem
898 1328 1108 1365 dissentiunt,
1125 1336 1180 1358 eos
1196 1327 1287 1358 ﬂocci
1307 1336 1342 1358 ac
1359 1327 1452 1358 nihili
1478 1326 1610 1358 faciunt.
1629 1328 1690 1358 Sed

65 1377 177 1407 mitius
195 1378 317 1408 sentire
336 1383 459 1417 prtestat
479 1379 519 1410 de
535 1378 786 1419 Theophylacto,
801 1384 897 1419 atque
914 1388 949 1411 ea
967 1381 1061 1411 verba
1078 1380 1218 1425 benigne
1234 1380 1452 1419 interpretari,
1470 1379 1558 1411 velut
1574 1387 1636 1410 non
1651 1388 1690 1409 eo

65 1429 183 1466 Spiritu
202 1438 366 1469 sensuque
390 1431 527 1469 prolata;
543 1431 599 1462 sed
616 1431 692 1471 quia
708 1431 769 1462 sibi
790 1432 926 1463 nimium
943 1432 1155 1468 blandiretur,
1172 1436 1268 1471 atque
1294 1432 1480 1468 conﬁderet,
1511 1440 1550 1462 ex
1572 1431 1690 1462 Graecis

67 1479 300 1511 illustrioribus
333 1482 455 1511 Patrem
482 1481 617 1520 reperiri
651 1481 812 1512 neminem
842 1489 951 1519 nosse,
986 1490 1058 1513 nam
1083 1482 1122 1513 de
1147 1482 1267 1512 Latinis
1293 1481 1370 1512 nihil
1403 1482 1561 1513 sollicitus
1589 1481 1691 1513 fuisse

67 1530 209 1568 videtur,
230 1531 285 1570 qui
303 1531 456 1570 Spiritum
472 1535 614 1562 sanctum
632 1531 724 1562 etiam
751 1540 766 1562 a
796 1531 880 1562 Filio
902 1532 1073 1570 procedere
1093 1532 1268 1563 docuisset.
1295 1531 1436 1562 Pretium
1463 1532 1562 1571 igitur
1586 1538 1692 1569 Operm

67 1583 124 1617 est,
139 1581 324 1611 accuratius
351 1581 560 1621 investigare,
584 1581 708 1621 quibus
733 1581 789 1613 ille
817 1585 848 1612 et
874 1591 969 1621 quam
991 1582 1105 1613 validis
1128 1582 1346 1613 fundamentis
1366 1583 1498 1614 innixus
1524 1585 1690 1620 tantopere

65 1632 122 1663 sibi
149 1633 213 1672 ipsi
240 1634 428 1673 praefideret.
467 1636 526 1667 Sed
547 1635 642 1675 paulo
671 1640 740 1675 post
768 1635 895 1667 videtur
912 1639 942 1666 et
971 1635 1040 1674 ipse
1064 1635 1124 1666 sibi
1149 1636 1303 1666 nonsatis
1327 1639 1427 1671 tutus,
1454 1642 1525 1665 cum
1545 1634 1658 1664 subdat
1679 1643 1690 1664 ς

66 1684 184 1716 Deinde
206 1686 264 1716 etsi
290 1686 347 1717 hoc
366 1685 520 1722 daremus,
551 1696 617 1717 non
633 1687 741 1726 utique
760 1687 844 1727 quod
869 1687 978 1717 rarius
1007 1691 1064 1723 est,
1091 1687 1125 1717 in
1148 1691 1364 1725 argumentum
1388 1685 1572 1716 trahendum
1603 1684 1690 1721 Quid

67 1745 153 1774 vero,
170 1737 197 1767 si
218 1745 280 1768 non
299 1738 390 1776 pauci
405 1739 533 1778 rarique
548 1740 624 1776 sint,
640 1740 758 1770 nedum
779 1740 892 1776 Latini,
911 1740 965 1770 sed
984 1739 1082 1771 Graeci
1096 1740 1189 1770 etiam
1206 1741 1322 1774 Patres,
1341 1739 1396 1779 qui
1415 1738 1530 1777 dogma
1547 1741 1690 1768 nostrum

68 1788 259 1820 tradiderint
275 1790 322 1820 vel
340 1790 470 1820 disertis
487 1790 536 1821 vel
552 1790 822 1831 aaquivalentibus
843 1791 970 1822 verbis?

104 1841 226 1871 XXIX.
242 1841 301 1872 Sed
321 1845 490 1880 antequam
508 1842 539 1873 id
557 1842 754 1879 demonstro,
771 1843 844 1883 jure
863 1844 949 1874 omni
966 1844 1020 1874 abs
1037 1843 1273 1883 TheOphylacto
1296 1848 1325 1874 et
1345 1841 1489 1874 Photiani
1504 1841 1686 1872 schismatis

67 1891 358 1930 proliugnatoribus
381 1892 519 1930 postulo,
537 1896 570 1923 ut
590 1900 627 1922 ex
644 1901 754 1924 eorum
773 1892 918 1932 probatis
939 1893 1086 1924 Patribus
1107 1893 1158 1924 vel
1190 1901 1288 1923 unum
1318 1891 1408 1922 nobis
1427 1891 1602 1927 ostendant,
1632 1891 1690 1930 qui

67 1944 134 1970 ante
151 1939 303 1971 Photiana
321 1946 459 1982 tempora
476 1941 633 1972 inﬁciatus
649 1942 758 1979 fuerit,
781 1942 933 1980 Spiritum
956 1947 1099 1973 sanctum
1116 1951 1131 1972 a
1151 1942 1234 1972 Filio
1255 1942 1436 1980 procedere.
1466 1941 1525 1971 Sed
1552 1942 1690 1980 quamvis

66 1989 117 2020 diu
132 1991 325 2031 multumque
344 1993 534 2032 [atigentur,
550 1992 692 2023 indicare
711 2001 749 2023 ne
770 1993 901 2023 unicum
920 1993 1050 2032 quidem
1069 1996 1202 2031 possunt
1218 1993 1462 2032 (Dainascenum
1479 1991 1579 2028 enim,
1593 1999 1690 2031 quem

68 2043 170 2074 solum
192 2044 301 2082 specie
317 2045 422 2083 aliqua
454 2043 520 2074 veri
545 2052 708 2084 opponere
729 2045 844 2082 valent,
861 2053 878 2075 a
904 2045 996 2075 nobis
1023 2045 1155 2076 minime
1180 2044 1343 2075 dissidere
1360 2048 1470 2083 postea
1490 2043 1691 2075 demonstra-

67 2093 196 2130 bimus).
210 2093 301 2136 .Alias
319 2102 393 2125 vero
410 2095 549 2134 dogmati
564 2098 672 2125 nostro
687 2094 838 2125 censendi
854 2094 984 2124 minime
997 2098 1070 2124 sunt
1086 2094 1260 2131 adversari,
1278 2093 1335 2133 qui
1353 2093 1402 2124 vel
1419 2093 1477 2124 hac
1495 2093 1533 2124 de
1549 2102 1581 2124 re
1600 2094 1691 2132 peni-

72 2147 116 2174 tus
136 2144 247 2181 silent,
268 2145 315 2175 vel
333 2145 437 2175 solum
458 2145 561 2182 aiunt,
581 2144 735 2183 Spiritum
758 2154 777 2174 a
807 2145 900 2175 Patre
924 2144 1102 2184 procedere.
1128 2144 1208 2181 Quis
1238 2143 1325 2174 enim
1356 2143 1493 2182 ignorat,
1520 2151 1585 2173 rem
1617 2151 1690 2174 esse

72 2196 158 2234 plane
175 2196 334 2226 diversam
351 2202 412 2224 non
429 2202 584 2231 asserere,
600 2195 754 2233 Spiritum
771 2197 914 2225 sanctum
933 2194 1104 2233 procedere
1123 2202 1138 2224 a
1158 2193 1253 2230 Filio,
1270 2198 1365 2233 atque
1381 2193 1412 2223 id
1435 2194 1574 2232 negare?
1601 2193 1690 2224 aliud

71 2247 184 2284 pariter
199 2245 365 2283 affirmare,
383 2255 456 2278 eum
472 2257 491 2277 a
511 2247 606 2278 Patre
621 2248 807 2287 procedere,
830 2247 917 2278 aliud
937 2257 954 2276 α
969 2246 1035 2277 solo
1052 2247 1170 2277 Patre?
1188 2247 1293 2283 Quare
1309 2245 1493 2275 nullatenus
1511 2243 1690 2284 intelligere

72 2297 166 2332 valeo,
181 2297 346 2336 quomodo
369 2297 627 2337 TheOph'ylactus
644 2305 821 2338 omnesque
840 2297 985 2328 Photiani
1003 2306 1061 2328 nos
1083 2296 1181 2328 veluti
1207 2296 1333 2326 Christo
1352 2295 1562 2334 Patribusque
1577 2296 1691 2327 adver~

72 2352 170 2378 santcs
184 2347 361 2385 traducunt,
378 2356 416 2379 eo
430 2349 514 2388 quod
527 2347 714 2387 simpliciter
732 2347 755 2378 ii
780 2351 933 2384 asserant,
947 2348 1099 2386 Spiritum
1112 2351 1255 2377 sanctum
1267 2355 1285 2375 a
1301 2345 1393 2375 Patre
1405 2343 1584 2383 procedere,
1595 2349 1690 2384 atque

72 2406 84 2427 a
98 2398 191 2429 nobis
211 2399 277 2429 ﬁeri
295 2400 480 2435 καινοτομίαν,
496 2407 555 2428 seu
566 2398 796 2428 innovationem
809 2397 843 2428 in
857 2397 915 2437 ﬁde
928 2397 1132 2433 contendant,
1146 2397 1222 2427 dum
1238 2396 1384 2427 eumdem
1404 2395 1577 2425 asserimus
1595 2396 1688 2426 etiam

72 2458 86 2480 a
100 2451 180 2481 Filio
200 2451 388 2489 procedere;
408 2458 442 2481 ea
462 2450 567 2480 solum
588 2450 710 2480 ratione
727 2449 812 2488 quod
831 2449 975 2480 Christus
993 2449 1214 2478 tantummodo
1230 2447 1322 2482 dixit,
1341 2457 1359 2476 a
1380 2447 1488 2477 Palrc.
1515 2447 1635 2477 Verum
1662 2448 1689 2477 si

73 2500 141 2538 quid
158 2500 275 2530 addere
291 2504 338 2530 est
354 2500 520 2537 inn0vare,
541 2508 597 2530 cur
612 2503 642 2530 et
664 2499 726 2538 ipsi
752 2499 918 2538 quidpiam
945 2498 1066 2528 addunt
1092 2497 1251 2535 dicentes,
1276 2506 1294 2526 a
1319 2497 1384 2526 solo
1410 2497 1528 2526 Patre?
1555 2497 1689 2527 Ubinam

74 2549 222 2586 Christus,
241 2549 294 2579 ubi
314 2550 418 2580 Patres
443 2549 472 2579 id
494 2548 617 2590 (saltem
641 2553 715 2580 ante
740 2547 845 2579 Photii
871 2547 1024 2588 tempora)
1052 2548 1239 2578 asseruere?
1267 2547 1350 2584 Quid
1380 2547 1488 2577 enim?
1517 2547 1565 2577 Au
1596 2546 1689 2577 nobis

74 2600 248 2638 exprimere
266 2599 413 2635 vetitum,
429 2599 515 2638 quod
535 2598 680 2630 Christus
701 2598 857 2629 Dominus
881 2606 943 2628 non
965 2597 1141 2636 expressit;
1167 2596 1232 2626 illis
1259 2596 1395 2627 limitare
1427 2597 1530 2632 liceat,
1561 2596 1648 2635 quod
1672 2605 1688 2627 a

74 2649 192 2680 Christo
210 2649 379 2680 liinitatum
402 2657 465 2679 non
483 2649 550 2679 est?
568 2648 598 2679 Si
618 2648 671 2679 ille
688 2657 751 2679 non
769 2647 863 2685 dixit,
880 2648 1035 2688 Spiritum
1052 2650 1195 2678 sanctum
1218 2655 1235 2677 a
1261 2647 1355 2683 Filio,
1378 2646 1436 2677 hoc
1463 2651 1512 2678 est
1534 2655 1552 2677 a
1566 2641 1688 2686 'seipso

75 2699 252 2736 procedere,
275 2708 379 2738 neque
394 2699 425 2730 id
442 2698 536 2730 etiam
554 2698 692 2737 negavit.
708 2700 772 2729 Cur
788 2698 895 2738 itaque
911 2697 1056 2729 Photiani
1077 2698 1212 2735 negant?
1227 2697 1264 2727 Et
1278 2696 1305 2727 si
1317 2696 1450 2736 quidem
1467 2697 1689 2727 tantummodo

74 2757 127 2780 non
143 2754 337 2787 assererem,
353 2750 522 2781 ferendum
545 2758 657 2780 eorum
672 2749 838 2780 silentium
862 2753 968 2784 esset;
994 2756 1105 2778 verum
1126 2751 1156 2778 et
1177 2751 1304 2787 negant,
1333 2751 1362 2777 et
1379 2754 1434 2776 eos
1462 2746 1518 2785 qui
1541 2752 1688 2779 asserunt

76 2801 278 2831 tondi-mnam
295 2799 439 2839 dirisque
462 2799 613 2831 omnibus
637 2800 812 2836 devovent;
829 2798 939 2830 tritum
966 2798 1046 2829 illud
1078 2798 1124 2839 (in
1144 2797 1230 2838 quod
1257 2797 1351 2828 etiam
1378 2795 1636 2834 ’I‘heophylactus
1647 2797 1689 2828 ab
