  <div class='ocr_page' id='page_1' title='image "/cluster/home/n/w/nwhite01/storage/ocr_20150623/125/njp.32101010942736/389.png"; bbox 0 0 1897 3052; ppageno 0'>
   <div class='ocr_carea' id='block_1_1' title="bbox 213 81 1875 116">
    <p class='ocr_par' dir='ltr' id='par_1_1' title="bbox 213 81 1875 116">
     <span class='ocr_line' id='line_1_1' title="bbox 213 81 1875 116; baseline -0.002 0"><span class='ocrx_word' id='word_1_1' title='bbox 213 84 267 116; x_wconf 67' lang='grc'>451</span> <span class='ocrx_word' id='word_1_2' title='bbox 745 81 939 112; x_wconf 81' lang='lat' dir='ltr'><strong>BONlFACll</strong></span> <span class='ocrx_word' id='word_1_3' title='bbox 956 81 1106 112; x_wconf 79' lang='lat' dir='ltr'>FINETTI</span> <span class='ocrx_word' id='word_1_4' title='bbox 1128 81 1326 112; x_wconf 57' lang='lat' dir='ltr'>i’RlﬁFATIO</span> <span class='ocrx_word' id='word_1_5' title='bbox 1828 82 1875 112; x_wconf 62' lang='lat'>4.32</span> 
     </span>
    </p>
   </div>
   <div class='ocr_carea' id='block_1_2' title="bbox 213 137 1875 180">
    <p class='ocr_par' dir='ltr' id='par_1_2' title="bbox 213 137 1875 180">
     <span class='ocr_line' id='line_1_2' title="bbox 213 137 1875 180; baseline 0 -11"><span class='ocrx_word' id='word_1_6' title='bbox 213 140 388 180; x_wconf 84' lang='lat' dir='ltr'>iniquitate</span> <span class='ocrx_word' id='word_1_7' title='bbox 404 148 508 171; x_wconf 67' lang='lat' dir='ltr'>causa)</span> <span class='ocrx_word' id='word_1_8' title='bbox 522 147 589 169; x_wconf 75' lang='lat' dir='ltr'>sum</span> <span class='ocrx_word' id='word_1_9' title='bbox 609 145 748 177; x_wconf 64' lang='lat' dir='ltr'>praeceps</span> <span class='ocrx_word' id='word_1_10' title='bbox 766 141 815 168; x_wconf 88' lang='lat' dir='ltr'>est</span> <span class='ocrx_word' id='word_1_11' title='bbox 831 138 945 177; x_wconf 88' lang='lat' dir='ltr'>actus).</span> <span class='ocrx_word' id='word_1_12' title='bbox 963 145 999 168; x_wconf 82' lang='lat' dir='ltr'>ac</span> <span class='ocrx_word' id='word_1_13' title='bbox 1018 137 1142 175; x_wconf 81' lang='lat' dir='ltr'>puerile</span> <span class='ocrx_word' id='word_1_14' title='bbox 1164 140 1391 176; x_wconf 69' lang='lat' dir='ltr'>argumentum</span> <span class='ocrx_word' id='word_1_15' title='bbox 1419 141 1634 178; x_wconf 79' lang='lat' dir='ltr'>usurpantes:</span> <span class='ocrx_word' id='word_1_16' title='bbox 1659 139 1701 169; x_wconf 60' lang='lat' dir='ltr'>Si</span> <span class='ocrx_word' id='word_1_17' title='bbox 1724 139 1875 178; x_wconf 71' lang='lat' dir='ltr'>Spiritus</span> 
     </span>
    </p>
   </div>
   <div class='ocr_carea' id='block_1_3' title="bbox 210 188 1875 229">
    <p class='ocr_par' dir='ltr' id='par_1_3' title="bbox 210 188 1875 229">
     <span class='ocr_line' id='line_1_3' title="bbox 210 188 1875 229; baseline -0.001 -7"><span class='ocrx_word' id='word_1_18' title='bbox 210 197 340 222; x_wconf 78' lang='lat' dir='ltr'>sanctus</span> <span class='ocrx_word' id='word_1_19' title='bbox 356 191 449 221; x_wconf 85' lang='lat' dir='ltr'>etiam</span> <span class='ocrx_word' id='word_1_20' title='bbox 464 200 502 220; x_wconf 74' lang='lat' dir='ltr'>ex</span> <span class='ocrx_word' id='word_1_21' title='bbox 512 188 597 220; x_wconf 83' lang='lat' dir='ltr'>Filio</span> <span class='ocrx_word' id='word_1_22' title='bbox 615 189 758 228; x_wconf 79' lang='lat' dir='ltr'>procedit</span> <span class='ocrx_word' id='word_1_23' title='bbox 776 189 831 228; x_wconf 88' lang='lat' dir='ltr'>(a),</span> <span class='ocrx_word' id='word_1_24' title='bbox 849 189 925 228; x_wconf 82' lang='lat' dir='ltr'>quid</span> <span class='ocrx_word' id='word_1_25' title='bbox 937 189 1102 228; x_wconf 78' lang='lat' dir='ltr'>prohibuit</span> <span class='ocrx_word' id='word_1_26' title='bbox 1122 198 1159 219; x_wconf 86' lang='lat' dir='ltr'>ne</span> <span class='ocrx_word' id='word_1_27' title='bbox 1177 190 1222 219; x_wconf 78' lang='lat' dir='ltr'>ita</span> <span class='ocrx_word' id='word_1_28' title='bbox 1241 189 1388 221; x_wconf 81' lang='lat' dir='ltr'>Christus</span> <span class='ocrx_word' id='word_1_29' title='bbox 1406 189 1604 229; x_wconf 79' lang='lat' dir='ltr'>loqueretur:</span> <span class='ocrx_word' id='word_1_30' title='bbox 1622 191 1690 228; x_wconf 79' lang='lat' dir='ltr'>Qui</span> <span class='ocrx_word' id='word_1_31' title='bbox 1718 200 1767 220; x_wconf 70' lang='lat' dir='ltr'>ex</span> <span class='ocrx_word' id='word_1_32' title='bbox 1780 190 1875 221; x_wconf 72' lang='lat' dir='ltr'>Patre</span> 
     </span>
    </p>
   </div>
   <div class='ocr_carea' id='block_1_4' title="bbox 212 238 1875 281">
    <p class='ocr_par' dir='ltr' id='par_1_4' title="bbox 212 238 1875 281">
     <span class='ocr_line' id='line_1_4' title="bbox 212 238 1875 281; baseline -0.001 -8"><span class='ocrx_word' id='word_1_33' title='bbox 212 248 240 273; x_wconf 87' lang='lat' dir='ltr'>et</span> <span class='ocrx_word' id='word_1_34' title='bbox 258 253 297 273; x_wconf 75' lang='lat' dir='ltr'>ex</span> <span class='ocrx_word' id='word_1_35' title='bbox 309 252 353 272; x_wconf 88' lang='lat' dir='ltr'>me</span> <span class='ocrx_word' id='word_1_36' title='bbox 367 239 535 281; x_wconf 82' lang='lat' dir='ltr'>procedit?</span> <span class='ocrx_word' id='word_1_37' title='bbox 548 239 610 271; x_wconf 86' lang='lat' dir='ltr'>Sed</span> <span class='ocrx_word' id='word_1_38' title='bbox 633 239 713 270; x_wconf 85' lang='lat' dir='ltr'>mihi</span> <span class='ocrx_word' id='word_1_39' title='bbox 732 239 872 270; x_wconf 83' lang='lat' dir='ltr'>subdere</span> <span class='ocrx_word' id='word_1_40' title='bbox 888 238 1000 269; x_wconf 79' lang='lat' dir='ltr'>liceat;</span> <span class='ocrx_word' id='word_1_41' title='bbox 1019 238 1055 269; x_wconf 84' lang='lat' dir='ltr'>Si</span> <span class='ocrx_word' id='word_1_42' title='bbox 1071 248 1091 268; x_wconf 88' lang='lat' dir='ltr'>a</span> <span class='ocrx_word' id='word_1_43' title='bbox 1105 239 1172 268; x_wconf 72' lang='lat' dir='ltr'>solo</span> <span class='ocrx_word' id='word_1_44' title='bbox 1195 239 1290 270; x_wconf 84' lang='lat' dir='ltr'>Patre</span> <span class='ocrx_word' id='word_1_45' title='bbox 1313 240 1468 278; x_wconf 72' lang='lat' dir='ltr'>procedit,</span> <span class='ocrx_word' id='word_1_46' title='bbox 1493 239 1573 279; x_wconf 87' lang='lat' dir='ltr'>quid</span> <span class='ocrx_word' id='word_1_47' title='bbox 1607 241 1806 279; x_wconf 87' lang='lat' dir='ltr'>prohibuit.</span> <span class='ocrx_word' id='word_1_48' title='bbox 1839 249 1875 272; x_wconf 85' lang='lat' dir='ltr'>ne</span> 
     </span>
    </p>
   </div>
   <div class='ocr_carea' id='block_1_5' title="bbox 211 289 1875 330">
    <p class='ocr_par' dir='ltr' id='par_1_5' title="bbox 211 289 1875 330">
     <span class='ocr_line' id='line_1_5' title="bbox 211 289 1875 330; baseline -0.002 -6"><span class='ocrx_word' id='word_1_49' title='bbox 211 293 244 324; x_wconf 87' lang='lat' dir='ltr'>id</span> <span class='ocrx_word' id='word_1_50' title='bbox 263 291 408 324; x_wconf 78' lang='lat' dir='ltr'>Christus</span> <span class='ocrx_word' id='word_1_51' title='bbox 433 290 645 329; x_wconf 78' lang='lat' dir='ltr'>exprimeret;</span> <span class='ocrx_word' id='word_1_52' title='bbox 672 289 849 328; x_wconf 64' lang='lat' dir='ltr'>praesertim</span> <span class='ocrx_word' id='word_1_53' title='bbox 865 298 938 320; x_wconf 90' lang='lat' dir='ltr'>cum</span> <span class='ocrx_word' id='word_1_54' title='bbox 961 289 1031 328; x_wconf 89' lang='lat' dir='ltr'>ipse</span> <span class='ocrx_word' id='word_1_55' title='bbox 1057 290 1123 329; x_wconf 88' lang='lat' dir='ltr'>jam</span> <span class='ocrx_word' id='word_1_56' title='bbox 1151 289 1361 327; x_wconf 74' lang='lat' dir='ltr'>prtenovissel</span> <span class='ocrx_word' id='word_1_57' title='bbox 1389 294 1468 329; x_wconf 90' lang='lat' dir='ltr'>quot</span> <span class='ocrx_word' id='word_1_58' title='bbox 1494 295 1524 320; x_wconf 85' lang='lat' dir='ltr'>et</span> <span class='ocrx_word' id='word_1_59' title='bbox 1544 295 1660 330; x_wconf 87' lang='lat' dir='ltr'>quanta</span> <span class='ocrx_word' id='word_1_60' title='bbox 1701 299 1746 321; x_wconf 81' lang='lat' dir='ltr'><strong>ex</strong></span> <span class='ocrx_word' id='word_1_61' title='bbox 1784 290 1875 321; x_wconf 83' lang='lat' dir='ltr'>illius</span> 
     </span>
    </p>
   </div>
   <div class='ocr_carea' id='block_1_6' title="bbox 214 342 1874 382">
    <p class='ocr_par' dir='ltr' id='par_1_6' title="bbox 214 342 1874 382">
     <span class='ocr_line' id='line_1_6' title="bbox 214 342 1874 382; baseline -0.002 -6"><span class='ocrx_word' id='word_1_62' title='bbox 214 346 333 376; x_wconf 73' lang='lat' dir='ltr'>voculte</span> <span class='ocrx_word' id='word_1_63' title='bbox 349 343 568 382; x_wconf 87' lang='lat' dir='ltr'>praeleritione</span> <span class='ocrx_word' id='word_1_64' title='bbox 583 343 706 374; x_wconf 86' lang='lat' dir='ltr'>oritura</span> <span class='ocrx_word' id='word_1_65' title='bbox 722 343 898 382; x_wconf 80' lang='lat' dir='ltr'>aliquando</span> <span class='ocrx_word' id='word_1_66' title='bbox 914 342 1194 373; x_wconf 84' lang='lat' dir='ltr'>essentdissidia?</span> <span class='ocrx_word' id='word_1_67' title='bbox 1214 343 1297 379; x_wconf 87' lang='lat' dir='ltr'>Quid</span> <span class='ocrx_word' id='word_1_68' title='bbox 1314 343 1351 373; x_wconf 88' lang='lat' dir='ltr'>ad</span> <span class='ocrx_word' id='word_1_69' title='bbox 1371 342 1436 372; x_wconf 75' lang='lat' dir='ltr'>htBC</span> <span class='ocrx_word' id='word_1_70' title='bbox 1453 342 1600 373; x_wconf 79' lang='lat' dir='ltr'>Pliotiani</span> <span class='ocrx_word' id='word_1_71' title='bbox 1624 342 1874 381; x_wconf 75' lang='lat' dir='ltr'>respondeant,</span> 
     </span>
    </p>
   </div>
   <div class='ocr_carea' id='block_1_7' title="bbox 212 387 1872 434">
    <p class='ocr_par' dir='ltr' id='par_1_7' title="bbox 212 387 1872 434">
     <span class='ocr_line' id='line_1_7' title="bbox 212 387 1872 434; baseline -0.001 -8"><span class='ocrx_word' id='word_1_72' title='bbox 212 387 292 428; x_wconf 90' lang='lat' dir='ltr'>nihil</span> <span class='ocrx_word' id='word_1_73' title='bbox 309 395 442 430; x_wconf 82' lang='lat' dir='ltr'>habent;</span> <span class='ocrx_word' id='word_1_74' title='bbox 457 398 488 424; x_wconf 88' lang='lat' dir='ltr'>at</span> <span class='ocrx_word' id='word_1_75' title='bbox 509 394 604 425; x_wconf 82' lang='lat' dir='ltr'>nobis</span> <span class='ocrx_word' id='word_1_76' title='bbox 621 394 654 425; x_wconf 92' lang='lat' dir='ltr'>in</span> <span class='ocrx_word' id='word_1_77' title='bbox 683 399 832 434; x_wconf 88' lang='lat' dir='ltr'>promptu</span> <span class='ocrx_word' id='word_1_78' title='bbox 857 398 917 430; x_wconf 86' lang='lat' dir='ltr'>est,</span> <span class='ocrx_word' id='word_1_79' title='bbox 943 394 1022 433; x_wconf 89' lang='lat' dir='ltr'>quid</span> <span class='ocrx_word' id='word_1_80' title='bbox 1044 398 1154 425; x_wconf 86' lang='lat' dir='ltr'>contra</span> <span class='ocrx_word' id='word_1_81' title='bbox 1180 402 1237 424; x_wconf 83' lang='lat' dir='ltr'>cos</span> <span class='ocrx_word' id='word_1_82' title='bbox 1267 402 1452 434; x_wconf 77' lang='lat' dir='ltr'>regeramus</span> <span class='ocrx_word' id='word_1_83' title='bbox 1471 405 1478 423; x_wconf 88' lang='lat'>:</span> <span class='ocrx_word' id='word_1_84' title='bbox 1499 394 1663 431; x_wconf 82' lang='lat' dir='ltr'>videlicet,</span> <span class='ocrx_word' id='word_1_85' title='bbox 1697 393 1872 425; x_wconf 79' lang='lat' dir='ltr'>Christum</span> 
     </span>
    </p>
   </div>
   <div class='ocr_carea' id='block_1_8' title="bbox 212 446 1874 487">
    <p class='ocr_par' dir='ltr' id='par_1_8' title="bbox 212 446 1874 487">
     <span class='ocr_line' id='line_1_8' title="bbox 212 446 1874 487; baseline -0.001 -9"><span class='ocrx_word' id='word_1_86' title='bbox 212 448 261 478; x_wconf 82' lang='lat' dir='ltr'>sin</span> <span class='ocrx_word' id='word_1_87' title='bbox 280 455 330 483; x_wconf 87' lang='lat' dir='ltr'>eo,</span> <span class='ocrx_word' id='word_1_88' title='bbox 347 446 459 478; x_wconf 84' lang='lat' dir='ltr'>saltem</span> <span class='ocrx_word' id='word_1_89' title='bbox 476 446 549 478; x_wconf 87' lang='lat' dir='ltr'>aliis</span> <span class='ocrx_word' id='word_1_90' title='bbox 571 447 603 477; x_wconf 90' lang='lat' dir='ltr'>in</span> <span class='ocrx_word' id='word_1_91' title='bbox 621 447 727 485; x_wconf 85' lang='lat' dir='ltr'>locis;</span> <span class='ocrx_word' id='word_1_92' title='bbox 745 447 796 478; x_wconf 93' lang='lat' dir='ltr'>sin</span> <span class='ocrx_word' id='word_1_93' title='bbox 821 447 997 486; x_wconf 83' lang='lat' dir='ltr'>expressis,</span> <span class='ocrx_word' id='word_1_94' title='bbox 1024 446 1136 478; x_wconf 79' lang='lat' dir='ltr'>saltem</span> <span class='ocrx_word' id='word_1_95' title='bbox 1166 447 1438 487; x_wconf 72' lang='lat' dir='ltr'>tequivalentibus</span> <span class='ocrx_word' id='word_1_96' title='bbox 1468 447 1588 483; x_wconf 78' lang='lat' dir='ltr'>verbis,</span> <span class='ocrx_word' id='word_1_97' title='bbox 1613 447 1781 478; x_wconf 82' lang='lat' dir='ltr'>decuisse</span> <span class='ocrx_word' id='word_1_98' title='bbox 1805 448 1874 486; x_wconf 88' lang='lat' dir='ltr'>Spi-</span> 
     </span>
    </p>
   </div>
   <div class='ocr_carea' id='block_1_9' title="bbox 212 497 1870 538">
    <p class='ocr_par' dir='ltr' id='par_1_9' title="bbox 212 497 1870 538">
     <span class='ocr_line' id='line_1_9' title="bbox 212 497 1870 538; baseline -0.001 -8"><span class='ocrx_word' id='word_1_99' title='bbox 212 501 309 530; x_wconf 86' lang='lat' dir='ltr'>ritqu</span> <span class='ocrx_word' id='word_1_100' title='bbox 326 500 422 531; x_wconf 86' lang='lat' dir='ltr'>etiam</span> <span class='ocrx_word' id='word_1_101' title='bbox 437 507 454 530; x_wconf 87' lang='lat' dir='ltr'>a</span> <span class='ocrx_word' id='word_1_102' title='bbox 470 499 579 538; x_wconf 86' lang='lat' dir='ltr'>seipso</span> <span class='ocrx_word' id='word_1_103' title='bbox 594 500 784 538; x_wconf 86' lang='lat' dir='ltr'>procedere:</span> <span class='ocrx_word' id='word_1_104' title='bbox 803 499 888 538; x_wconf 92' lang='lat' dir='ltr'>quod</span> <span class='ocrx_word' id='word_1_105' title='bbox 906 497 1039 538; x_wconf 85' lang='lat' dir='ltr'><strong>quidem</strong></span> <span class='ocrx_word' id='word_1_106' title='bbox 1056 499 1155 528; x_wconf 86' lang='lat' dir='ltr'>nostri</span> <span class='ocrx_word' id='word_1_107' title='bbox 1174 498 1322 529; x_wconf 66' lang='lat' dir='ltr'>homines</span> <span class='ocrx_word' id='word_1_108' title='bbox 1338 499 1457 529; x_wconf 84' lang='lat' dir='ltr'><strong>millies</strong></span> <span class='ocrx_word' id='word_1_109' title='bbox 1468 498 1758 533; x_wconf 86' lang='lat' dir='ltr'>demonstrarunt,</span> <span class='ocrx_word' id='word_1_110' title='bbox 1777 502 1810 528; x_wconf 91' lang='lat' dir='ltr'>et</span> <span class='ocrx_word' id='word_1_111' title='bbox 1835 507 1870 529; x_wconf 69' lang='lat' dir='ltr'>ex</span> 
     </span>
    </p>
   </div>
   <div class='ocr_carea' id='block_1_10' title="bbox 213 549 1871 591">
    <p class='ocr_par' dir='ltr' id='par_1_10' title="bbox 213 549 1871 591">
     <span class='ocr_line' id='line_1_10' title="bbox 213 549 1871 591; baseline -0.003 -8"><span class='ocrx_word' id='word_1_112' title='bbox 213 560 252 583; x_wconf 86' lang='lat' dir='ltr'>eo</span> <span class='ocrx_word' id='word_1_113' title='bbox 271 551 358 591; x_wconf 85' lang='lat' dir='ltr'>quod</span> <span class='ocrx_word' id='word_1_114' title='bbox 376 551 521 582; x_wconf 84' lang='lat' dir='ltr'>Christus</span> <span class='ocrx_word' id='word_1_115' title='bbox 539 551 695 581; x_wconf 86' lang='lat' dir='ltr'>Dominus</span> <span class='ocrx_word' id='word_1_116' title='bbox 711 551 753 580; x_wconf 85' lang='lat' dir='ltr'>ait</span> <span class='ocrx_word' id='word_1_117' title='bbox 772 551 864 581; x_wconf 86' lang='lat' dir='ltr'>Joan.</span> <span class='ocrx_word' id='word_1_118' title='bbox 882 559 914 585; x_wconf 84' lang='lat' dir='ltr'>x,</span> <span class='ocrx_word' id='word_1_119' title='bbox 948 550 998 582; x_wconf 90' lang='lat'>30.</span> <span class='ocrx_word' id='word_1_120' title='bbox 1023 549 1091 588; x_wconf 83' lang='lat' dir='ltr'>Ego</span> <span class='ocrx_word' id='word_1_121' title='bbox 1113 554 1141 580; x_wconf 85' lang='lat' dir='ltr'>et</span> <span class='ocrx_word' id='word_1_122' title='bbox 1166 549 1260 581; x_wconf 84' lang='lat' dir='ltr'>Pater</span> <span class='ocrx_word' id='word_1_123' title='bbox 1285 559 1383 581; x_wconf 83' lang='lat' dir='ltr'>unum</span> <span class='ocrx_word' id='word_1_124' title='bbox 1409 559 1535 584; x_wconf 81' lang='lat' dir='ltr'>sumus;</span> <span class='ocrx_word' id='word_1_125' title='bbox 1555 558 1595 581; x_wconf 76' lang='lat' dir='ltr'>ex</span> <span class='ocrx_word' id='word_1_126' title='bbox 1620 558 1689 590; x_wconf 87' lang='lat' dir='ltr'>quo</span> <span class='ocrx_word' id='word_1_127' title='bbox 1721 549 1871 581; x_wconf 76' lang='lat' dir='ltr'>inferunt</span> 
     </span>
    </p>
   </div>
   <div class='ocr_carea' id='block_1_11' title="bbox 212 600 1866 640">
    <p class='ocr_par' dir='ltr' id='par_1_11' title="bbox 212 600 1866 640">
     <span class='ocr_line' id='line_1_11' title="bbox 212 600 1866 640; baseline -0.002 -7"><span class='ocrx_word' id='word_1_128' title='bbox 212 613 310 633; x_wconf 82' lang='lat' dir='ltr'>unum</span> <span class='ocrx_word' id='word_1_129' title='bbox 327 603 422 634; x_wconf 83' lang='lat' dir='ltr'>etiam</span> <span class='ocrx_word' id='word_1_130' title='bbox 438 610 508 633; x_wconf 83' lang='lat' dir='ltr'>esse</span> <span class='ocrx_word' id='word_1_131' title='bbox 534 601 652 632; x_wconf 88' lang='lat' dir='ltr'>Filium</span> <span class='ocrx_word' id='word_1_132' title='bbox 669 609 741 632; x_wconf 89' lang='lat' dir='ltr'>cum</span> <span class='ocrx_word' id='word_1_133' title='bbox 765 602 855 631; x_wconf 85' lang='lat' dir='ltr'>Patre</span> <span class='ocrx_word' id='word_1_134' title='bbox 878 600 984 640; x_wconf 80' lang='lat' dir='ltr'>quoad</span> <span class='ocrx_word' id='word_1_135' title='bbox 1013 600 1168 631; x_wconf 88' lang='lat' dir='ltr'>rationem</span> <span class='ocrx_word' id='word_1_136' title='bbox 1192 600 1342 639; x_wconf 75' lang='lat' dir='ltr'><strong>principii</strong></span> <span class='ocrx_word' id='word_1_137' title='bbox 1369 600 1509 639; x_wconf 89' lang='lat' dir='ltr'>Spiritus</span> <span class='ocrx_word' id='word_1_138' title='bbox 1531 600 1646 632; x_wconf 80' lang='lat' dir='ltr'>sancti.</span> <span class='ocrx_word' id='word_1_139' title='bbox 1676 601 1720 631; x_wconf 82' lang='lat' dir='ltr'>Et</span> <span class='ocrx_word' id='word_1_140' title='bbox 1747 609 1795 631; x_wconf 76' lang='lat' dir='ltr'>ex</span> <span class='ocrx_word' id='word_1_141' title='bbox 1830 609 1866 630; x_wconf 87' lang='lat' dir='ltr'>eo</span> 
     </span>
    </p>
   </div>
   <div class='ocr_carea' id='block_1_12' title="bbox 216 651 1873 694">
    <p class='ocr_par' dir='ltr' id='par_1_12' title="bbox 216 651 1873 694">
     <span class='ocr_line' id='line_1_12' title="bbox 216 651 1873 694; baseline -0.002 -10"><span class='ocrx_word' id='word_1_142' title='bbox 216 654 322 694; x_wconf 85' lang='lat' dir='ltr'>(Joan.</span> <span class='ocrx_word' id='word_1_143' title='bbox 347 663 414 689; x_wconf 77' lang='lat' dir='ltr'>xvt,</span> <span class='ocrx_word' id='word_1_144' title='bbox 436 654 496 690; x_wconf 80' lang='grc'>15),</span> <span class='ocrx_word' id='word_1_145' title='bbox 518 652 629 683; x_wconf 80' lang='lat' dir='ltr'>Omnia</span> <span class='ocrx_word' id='word_1_146' title='bbox 650 661 838 692; x_wconf 76' lang='lat' dir='ltr'>quwcunque</span> <span class='ocrx_word' id='word_1_147' title='bbox 852 651 943 682; x_wconf 80' lang='lat' dir='ltr'>habet</span> <span class='ocrx_word' id='word_1_148' title='bbox 956 651 1063 687; x_wconf 90' lang='lat' dir='ltr'>Pater,</span> <span class='ocrx_word' id='word_1_149' title='bbox 1080 661 1146 682; x_wconf 83' lang='lat' dir='ltr'>mea</span> <span class='ocrx_word' id='word_1_150' title='bbox 1165 656 1238 682; x_wconf 83' lang='lat' dir='ltr'>sunt</span> <span class='ocrx_word' id='word_1_151' title='bbox 1253 662 1263 681; x_wconf 81' lang='lat'>.-</span> <span class='ocrx_word' id='word_1_152' title='bbox 1279 659 1368 690; x_wconf 71' lang='lat' dir='ltr'>ergo,</span> <span class='ocrx_word' id='word_1_153' title='bbox 1378 651 1534 690; x_wconf 91' lang='lat' dir='ltr'>inquiunt</span> <span class='ocrx_word' id='word_1_154' title='bbox 1556 655 1587 682; x_wconf 85' lang='lat' dir='ltr'>et</span> <span class='ocrx_word' id='word_1_155' title='bbox 1610 651 1720 682; x_wconf 86' lang='lat' dir='ltr'>virtus</span> <span class='ocrx_word' id='word_1_156' title='bbox 1744 652 1873 690; x_wconf 77' lang='lat' dir='ltr'>produ~</span> 
     </span>
    </p>
   </div>
   <div class='ocr_carea' id='block_1_13' title="bbox 215 701 1869 742">
    <p class='ocr_par' dir='ltr' id='par_1_13' title="bbox 215 701 1869 742">
     <span class='ocr_line' id='line_1_13' title="bbox 215 701 1869 742; baseline -0.002 -7"><span class='ocrx_word' id='word_1_157' title='bbox 215 704 308 736; x_wconf 89' lang='lat' dir='ltr'>ceudi</span> <span class='ocrx_word' id='word_1_158' title='bbox 330 703 484 741; x_wconf 81' lang='lat' dir='ltr'>Spiritum</span> <span class='ocrx_word' id='word_1_159' title='bbox 511 706 657 733; x_wconf 87' lang='lat' dir='ltr'>sanctum</span> <span class='ocrx_word' id='word_1_160' title='bbox 685 707 730 732; x_wconf 74' lang='lat' dir='ltr'>est</span> <span class='ocrx_word' id='word_1_161' title='bbox 747 702 836 738; x_wconf 89' lang='lat' dir='ltr'>Filii,</span> <span class='ocrx_word' id='word_1_162' title='bbox 865 711 923 733; x_wconf 80' lang='lat' dir='ltr'>seu</span> <span class='ocrx_word' id='word_1_163' title='bbox 954 702 1107 733; x_wconf 84' lang='lat' dir='ltr'>convenit</span> <span class='ocrx_word' id='word_1_164' title='bbox 1137 702 1233 733; x_wconf 85' lang='lat' dir='ltr'>Filio.</span> <span class='ocrx_word' id='word_1_165' title='bbox 1270 703 1308 733; x_wconf 85' lang='lat' dir='ltr'>Et</span> <span class='ocrx_word' id='word_1_166' title='bbox 1334 710 1372 733; x_wconf 79' lang='lat' dir='ltr'><strong>ex</strong></span> <span class='ocrx_word' id='word_1_167' title='bbox 1405 701 1461 732; x_wconf 92' lang='lat' dir='ltr'>illo</span> <span class='ocrx_word' id='word_1_168' title='bbox 1491 701 1617 742; x_wconf 81' lang='lat' dir='ltr'>(ibidem</span> <span class='ocrx_word' id='word_1_169' title='bbox 1636 701 1688 741; x_wconf 75' lang='lat' dir='ltr'>1h)</span> <span class='ocrx_word' id='word_1_170' title='bbox 1709 702 1798 733; x_wconf 86' lang='lat' dir='ltr'>:lllc</span> <span class='ocrx_word' id='word_1_171' title='bbox 1828 712 1869 732; x_wconf 89' lang='lat' dir='ltr'>me</span> 
     </span>
    </p>
   </div>
   <div class='ocr_carea' id='block_1_14' title="bbox 215 754 1870 795">
    <p class='ocr_par' dir='ltr' id='par_1_14' title="bbox 215 754 1870 795">
     <span class='ocr_line' id='line_1_14' title="bbox 215 754 1870 795; baseline -0.001 -9"><span class='ocrx_word' id='word_1_172' title='bbox 215 755 414 795; x_wconf 79' lang='lat' dir='ltr'>clariﬁcabit,</span> <span class='ocrx_word' id='word_1_173' title='bbox 430 755 504 795; x_wconf 78' lang='lat' dir='ltr'>quia</span> <span class='ocrx_word' id='word_1_174' title='bbox 517 754 553 784; x_wconf 86' lang='lat' dir='ltr'>de</span> <span class='ocrx_word' id='word_1_175' title='bbox 569 764 633 785; x_wconf 88' lang='lat' dir='ltr'>meo</span> <span class='ocrx_word' id='word_1_176' title='bbox 645 755 791 793; x_wconf 78' lang='lat' dir='ltr'>accipiet.</span> <span class='ocrx_word' id='word_1_177' title='bbox 808 754 892 790; x_wconf 86' lang='lat' dir='ltr'><strong>Quid</strong></span> <span class='ocrx_word' id='word_1_178' title='bbox 906 755 1006 790; x_wconf 86' lang='lat' dir='ltr'>enim,</span> <span class='ocrx_word' id='word_1_179' title='bbox 1021 754 1123 791; x_wconf 86' lang='lat' dir='ltr'>aiunt,</span> <span class='ocrx_word' id='word_1_180' title='bbox 1145 755 1286 793; x_wconf 84' lang='lat' dir='ltr'>Spiritus</span> <span class='ocrx_word' id='word_1_181' title='bbox 1298 759 1428 786; x_wconf 85' lang='lat' dir='ltr'>sanctus</span> <span class='ocrx_word' id='word_1_182' title='bbox 1448 755 1594 794; x_wconf 81' lang='lat' dir='ltr'>acripere</span> <span class='ocrx_word' id='word_1_183' title='bbox 1609 764 1626 786; x_wconf 86' lang='lat' dir='ltr'>a</span> <span class='ocrx_word' id='word_1_184' title='bbox 1639 755 1735 786; x_wconf 85' lang='lat' dir='ltr'>Filio</span> <span class='ocrx_word' id='word_1_185' title='bbox 1752 759 1870 794; x_wconf 82' lang='lat' dir='ltr'>potest,</span> 
     </span>
    </p>
   </div>
   <div class='ocr_carea' id='block_1_15' title="bbox 216 801 1875 844">
    <p class='ocr_par' dir='ltr' id='par_1_15' title="bbox 216 801 1875 844">
     <span class='ocr_line' id='line_1_15' title="bbox 216 801 1875 844; baseline 0 -8"><span class='ocrx_word' id='word_1_186' title='bbox 216 806 279 836; x_wconf 90' lang='lat' dir='ltr'>nisi</span> <span class='ocrx_word' id='word_1_187' title='bbox 304 805 410 844; x_wconf 90' lang='lat' dir='ltr'>ipsum</span> <span class='ocrx_word' id='word_1_188' title='bbox 427 805 523 835; x_wconf 82' lang='lat' dir='ltr'>esse?</span> <span class='ocrx_word' id='word_1_189' title='bbox 537 805 573 835; x_wconf 85' lang='lat' dir='ltr'>Et</span> <span class='ocrx_word' id='word_1_190' title='bbox 591 813 629 834; x_wconf 76' lang='lat' dir='ltr'><strong>ex</strong></span> <span class='ocrx_word' id='word_1_191' title='bbox 646 813 684 834; x_wconf 86' lang='lat' dir='ltr'>eo</span> <span class='ocrx_word' id='word_1_192' title='bbox 701 804 830 836; x_wconf 84' lang='lat' dir='ltr'>demum</span> <span class='ocrx_word' id='word_1_193' title='bbox 847 805 935 844; x_wconf 89' lang='lat' dir='ltr'>quod</span> <span class='ocrx_word' id='word_1_194' title='bbox 951 805 1044 835; x_wconf 80' lang='lat' dir='ltr'>Joan.</span> <span class='ocrx_word' id='word_1_195' title='bbox 1059 814 1114 840; x_wconf 81' lang='lat' dir='ltr'>xv,</span> <span class='ocrx_word' id='word_1_196' title='bbox 1130 806 1181 842; x_wconf 79' lang='lat'>26,</span> <span class='ocrx_word' id='word_1_197' title='bbox 1204 806 1247 836; x_wconf 86' lang='lat' dir='ltr'>ait</span> <span class='ocrx_word' id='word_1_198' title='bbox 1267 814 1302 836; x_wconf 88' lang='lat' dir='ltr'>se</span> <span class='ocrx_word' id='word_1_199' title='bbox 1315 806 1487 837; x_wconf 74' lang='lat' dir='ltr'>missurum</span> <span class='ocrx_word' id='word_1_200' title='bbox 1501 805 1657 844; x_wconf 74' lang='lat' dir='ltr'>Spiritum</span> <span class='ocrx_word' id='word_1_201' title='bbox 1683 810 1844 836; x_wconf 81' lang='lat' dir='ltr'>sanctum</span> <span class='ocrx_word' id='word_1_202' title='bbox 1861 801 1875 836; x_wconf 54' lang='grc' dir='ltr'>Ξ</span> 
     </span>
    </p>
   </div>
   <div class='ocr_carea' id='block_1_16' title="bbox 215 854 1869 896">
    <p class='ocr_par' dir='ltr' id='par_1_16' title="bbox 215 854 1869 896">
     <span class='ocr_line' id='line_1_16' title="bbox 215 854 1869 896; baseline 0.001 -9"><span class='ocrx_word' id='word_1_203' title='bbox 215 865 288 887; x_wconf 92' lang='lat' dir='ltr'>cum</span> <span class='ocrx_word' id='word_1_204' title='bbox 321 856 430 887; x_wconf 78' lang='lat' dir='ltr'>missio</span> <span class='ocrx_word' id='word_1_205' title='bbox 449 855 480 886; x_wconf 88' lang='lat' dir='ltr'>in</span> <span class='ocrx_word' id='word_1_206' title='bbox 505 854 628 886; x_wconf 83' lang='lat' dir='ltr'><strong>divinis</strong></span> <span class='ocrx_word' id='word_1_207' title='bbox 650 854 695 885; x_wconf 88' lang='lat' dir='ltr'>nil</span> <span class='ocrx_word' id='word_1_208' title='bbox 725 854 815 886; x_wconf 83' lang='lat' dir='ltr'>aliud</span> <span class='ocrx_word' id='word_1_209' title='bbox 845 863 918 886; x_wconf 86' lang='lat' dir='ltr'>esse</span> <span class='ocrx_word' id='word_1_210' title='bbox 939 859 994 887; x_wconf 83' lang='lat' dir='ltr'>aut</span> <span class='ocrx_word' id='word_1_211' title='bbox 1019 855 1158 895; x_wconf 85' lang='lat' dir='ltr'><strong>intelligi</strong></span> <span class='ocrx_word' id='word_1_212' title='bbox 1184 856 1297 895; x_wconf 87' lang='lat' dir='ltr'>possit,</span> <span class='ocrx_word' id='word_1_213' title='bbox 1327 865 1423 896; x_wconf 82' lang='lat' dir='ltr'>quam</span> <span class='ocrx_word' id='word_1_214' title='bbox 1451 857 1616 895; x_wconf 82' lang='lat' dir='ltr'>processio</span> <span class='ocrx_word' id='word_1_215' title='bbox 1640 861 1773 887; x_wconf 65' lang='lat' dir='ltr'>interna</span> <span class='ocrx_word' id='word_1_216' title='bbox 1799 866 1869 888; x_wconf 90' lang='lat' dir='ltr'>cum</span> 
     </span>
    </p>
   </div>
   <div class='ocr_carea' id='block_1_17' title="bbox 216 904 1867 947">
    <p class='ocr_par' dir='ltr' id='par_1_17' title="bbox 216 904 1867 947">
     <span class='ocr_line' id='line_1_17' title="bbox 216 904 1867 947; baseline 0.002 -11"><span class='ocrx_word' id='word_1_217' title='bbox 216 906 331 937; x_wconf 89' lang='lat' dir='ltr'>ordine</span> <span class='ocrx_word' id='word_1_218' title='bbox 349 906 386 936; x_wconf 90' lang='lat' dir='ltr'>ad</span> <span class='ocrx_word' id='word_1_219' title='bbox 404 904 569 944; x_wconf 83' lang='lat' dir='ltr'>quidpiam</span> <span class='ocrx_word' id='word_1_220' title='bbox 585 904 789 936; x_wconf 81' lang='lat' dir='ltr'>extrinsecus</span> <span class='ocrx_word' id='word_1_221' title='bbox 803 905 1064 944; x_wconf 79' lang='lat' dir='ltr'>producendum.</span> <span class='ocrx_word' id='word_1_222' title='bbox 1076 907 1157 942; x_wconf 89' lang='lat' dir='ltr'>Quid</span> <span class='ocrx_word' id='word_1_223' title='bbox 1174 907 1262 946; x_wconf 84' lang='lat' dir='ltr'>quod</span> <span class='ocrx_word' id='word_1_224' title='bbox 1280 910 1311 938; x_wconf 86' lang='lat' dir='ltr'>et</span> <span class='ocrx_word' id='word_1_225' title='bbox 1329 907 1410 945; x_wconf 90' lang='lat' dir='ltr'>ipsis</span> <span class='ocrx_word' id='word_1_226' title='bbox 1422 907 1674 947; x_wconf 79' lang='lat' dir='ltr'>verbis,quibus</span> <span class='ocrx_word' id='word_1_227' title='bbox 1694 912 1867 947; x_wconf 82' lang='lat' dir='ltr'>tantopere</span> 
     </span>
    </p>
   </div>
   <div class='ocr_carea' id='block_1_18' title="bbox 215 957 1865 1000">
    <p class='ocr_par' dir='ltr' id='par_1_18' title="bbox 215 957 1865 1000">
     <span class='ocr_line' id='line_1_18' title="bbox 215 957 1865 1000; baseline 0.001 -11"><span class='ocrx_word' id='word_1_228' title='bbox 215 958 317 989; x_wconf 74' lang='lat' dir='ltr'>ﬁdunt</span> <span class='ocrx_word' id='word_1_229' title='bbox 332 957 519 993; x_wconf 76' lang='lat' dir='ltr'>adversarii,</span> <span class='ocrx_word' id='word_1_230' title='bbox 538 957 704 993; x_wconf 79' lang='lat' dir='ltr'>videlicet,</span> <span class='ocrx_word' id='word_1_231' title='bbox 729 958 785 997; x_wconf 84' lang='lat' dir='ltr'>qui</span> <span class='ocrx_word' id='word_1_232' title='bbox 800 967 820 987; x_wconf 79' lang='grc' dir='ltr'><em>α</em></span> <span class='ocrx_word' id='word_1_233' title='bbox 837 958 934 990; x_wconf 82' lang='lat' dir='ltr'>Patre</span> <span class='ocrx_word' id='word_1_234' title='bbox 944 958 1102 998; x_wconf 79' lang='lat' dir='ltr'>procedit,</span> <span class='ocrx_word' id='word_1_235' title='bbox 1119 959 1212 990; x_wconf 88' lang='lat' dir='ltr'>docet</span> <span class='ocrx_word' id='word_1_236' title='bbox 1223 958 1390 998; x_wconf 85' lang='lat' dir='ltr'>implicite,</span> <span class='ocrx_word' id='word_1_237' title='bbox 1404 959 1499 990; x_wconf 84' lang='lat' dir='ltr'>etiam</span> <span class='ocrx_word' id='word_1_238' title='bbox 1515 968 1531 990; x_wconf 86' lang='lat' dir='ltr'>a</span> <span class='ocrx_word' id='word_1_239' title='bbox 1547 959 1656 1000; x_wconf 83' lang='lat' dir='ltr'>seipse</span> <span class='ocrx_word' id='word_1_240' title='bbox 1670 961 1865 998; x_wconf 77' lang='lat' dir='ltr'>procedere.</span> 
     </span>
    </p>
   </div>
   <div class='ocr_carea' id='block_1_19' title="bbox 217 1008 1865 1051">
    <p class='ocr_par' dir='ltr' id='par_1_19' title="bbox 217 1008 1865 1051">
     <span class='ocr_line' id='line_1_19' title="bbox 217 1008 1865 1051; baseline 0.001 -13"><span class='ocrx_word' id='word_1_241' title='bbox 217 1009 295 1038; x_wconf 89' lang='lat' dir='ltr'>Nam</span> <span class='ocrx_word' id='word_1_242' title='bbox 311 1008 470 1047; x_wconf 82' lang='lat' dir='ltr'><strong>quidquid</strong></span> <span class='ocrx_word' id='word_1_243' title='bbox 487 1008 522 1039; x_wconf 86' lang='lat' dir='ltr'>in</span> <span class='ocrx_word' id='word_1_244' title='bbox 539 1009 718 1048; x_wconf 83' lang='lat' dir='ltr'>Scripturis</span> <span class='ocrx_word' id='word_1_245' title='bbox 740 1008 777 1040; x_wconf 78' lang='lat' dir='ltr'>de</span> <span class='ocrx_word' id='word_1_246' title='bbox 804 1018 870 1040; x_wconf 82' lang='lat' dir='ltr'>una</span> <span class='ocrx_word' id='word_1_247' title='bbox 892 1018 1029 1049; x_wconf 75' lang='lat' dir='ltr'>persona</span> <span class='ocrx_word' id='word_1_248' title='bbox 1050 1010 1184 1048; x_wconf 83' lang='lat' dir='ltr'>dicitur,</span> <span class='ocrx_word' id='word_1_249' title='bbox 1209 1011 1302 1041; x_wconf 85' lang='lat' dir='ltr'>etiam</span> <span class='ocrx_word' id='word_1_250' title='bbox 1327 1010 1365 1041; x_wconf 85' lang='lat' dir='ltr'>de</span> <span class='ocrx_word' id='word_1_251' title='bbox 1386 1010 1451 1041; x_wconf 87' lang='lat' dir='ltr'>alia</span> <span class='ocrx_word' id='word_1_252' title='bbox 1475 1015 1599 1050; x_wconf 81' lang='lat' dir='ltr'>oportet</span> <span class='ocrx_word' id='word_1_253' title='bbox 1616 1011 1777 1051; x_wconf 72' lang='lat' dir='ltr'>intelligi,</span> <span class='ocrx_word' id='word_1_254' title='bbox 1806 1012 1865 1041; x_wconf 75' lang='lat' dir='ltr'>nisi</span> 
     </span>
    </p>
   </div>
   <div class='ocr_carea' id='block_1_20' title="bbox 216 1059 1862 1102">
    <p class='ocr_par' dir='ltr' id='par_1_20' title="bbox 216 1059 1862 1102">
     <span class='ocr_line' id='line_1_20' title="bbox 216 1059 1862 1102; baseline 0 -12"><span class='ocrx_word' id='word_1_255' title='bbox 216 1063 371 1100; x_wconf 80' lang='lat' dir='ltr'>repugnet</span> <span class='ocrx_word' id='word_1_256' title='bbox 382 1059 580 1099; x_wconf 78' lang='lat' dir='ltr'>proprietati</span> <span class='ocrx_word' id='word_1_257' title='bbox 592 1061 759 1099; x_wconf 83' lang='lat' dir='ltr'>personati</span> <span class='ocrx_word' id='word_1_258' title='bbox 779 1061 893 1100; x_wconf 79' lang='lat' dir='ltr'>ipsius,</span> <span class='ocrx_word' id='word_1_259' title='bbox 910 1065 946 1092; x_wconf 86' lang='lat' dir='ltr'>ut</span> <span class='ocrx_word' id='word_1_260' title='bbox 963 1061 1170 1094; x_wconf 83' lang='lat' dir='ltr'>verissimum</span> <span class='ocrx_word' id='word_1_261' title='bbox 1190 1062 1282 1093; x_wconf 82' lang='lat' dir='ltr'>etl&#39;ert</span> <span class='ocrx_word' id='word_1_262' title='bbox 1299 1061 1524 1102; x_wconf 84' lang='lat' dir='ltr'>theologorum</span> <span class='ocrx_word' id='word_1_263' title='bbox 1543 1071 1617 1092; x_wconf 87' lang='lat' dir='ltr'>cum</span> <span class='ocrx_word' id='word_1_264' title='bbox 1642 1063 1674 1093; x_wconf 76' lang='grc' dir='ltr'><strong>ὃ.</strong></span> <span class='ocrx_word' id='word_1_265' title='bbox 1694 1062 1818 1092; x_wconf 81' lang='lat' dir='ltr'>Thom.</span> <span class='ocrx_word' id='word_1_266' title='bbox 1837 1071 1862 1090; x_wconf 78' lang='grc' dir='ltr'>η</span> 
     </span>
    </p>
   </div>
   <div class='ocr_carea' id='block_1_21' title="bbox 216 1111 1864 1152">
    <p class='ocr_par' dir='ltr' id='par_1_21' title="bbox 216 1111 1864 1152">
     <span class='ocr_line' id='line_1_21' title="bbox 216 1111 1864 1152; baseline 0.001 -12"><span class='ocrx_word' id='word_1_267' title='bbox 216 1119 285 1150; x_wconf 85' lang='lat' dir='ltr'>cap.</span> <span class='ocrx_word' id='word_1_268' title='bbox 307 1112 401 1148; x_wconf 86' lang='lat' dir='ltr'>Gen.,</span> <span class='ocrx_word' id='word_1_269' title='bbox 418 1119 488 1150; x_wconf 86' lang='lat' dir='ltr'>cap.</span> <span class='ocrx_word' id='word_1_270' title='bbox 504 1112 554 1149; x_wconf 76' lang='lat'>25,</span> <span class='ocrx_word' id='word_1_271' title='bbox 576 1111 716 1148; x_wconf 77' lang='lat' dir='ltr'>axioma,</span> <span class='ocrx_word' id='word_1_272' title='bbox 733 1120 770 1142; x_wconf 90' lang='lat' dir='ltr'>ea</span> <span class='ocrx_word' id='word_1_273' title='bbox 786 1111 911 1143; x_wconf 79' lang='lat' dir='ltr'>ratione</span> <span class='ocrx_word' id='word_1_274' title='bbox 932 1112 1054 1148; x_wconf 83' lang='lat' dir='ltr'>nixum,</span> <span class='ocrx_word' id='word_1_275' title='bbox 1073 1113 1160 1151; x_wconf 88' lang='lat' dir='ltr'>quod</span> <span class='ocrx_word' id='word_1_276' title='bbox 1175 1116 1239 1143; x_wconf 91' lang='lat' dir='ltr'>tres</span> <span class='ocrx_word' id='word_1_277' title='bbox 1255 1112 1375 1143; x_wconf 70' lang='lat' dir='ltr'>divinaa</span> <span class='ocrx_word' id='word_1_278' title='bbox 1404 1121 1552 1152; x_wconf 70' lang='lat' dir='ltr'>personas</span> <span class='ocrx_word' id='word_1_279' title='bbox 1571 1121 1673 1144; x_wconf 91' lang='lat' dir='ltr'>unum</span> <span class='ocrx_word' id='word_1_280' title='bbox 1707 1111 1864 1150; x_wconf 81' lang='lat' dir='ltr'>idemque</span> 
     </span>
    </p>
   </div>
   <div class='ocr_carea' id='block_1_22' title="bbox 216 1162 1862 1203">
    <p class='ocr_par' dir='ltr' id='par_1_22' title="bbox 216 1162 1862 1203">
     <span class='ocr_line' id='line_1_22' title="bbox 216 1162 1862 1203; baseline 0.001 -11"><span class='ocrx_word' id='word_1_281' title='bbox 216 1166 294 1192; x_wconf 86' lang='lat' dir='ltr'>sunt</span> <span class='ocrx_word' id='word_1_282' title='bbox 313 1170 439 1199; x_wconf 86' lang='lat' dir='ltr'>omnes,</span> <span class='ocrx_word' id='word_1_283' title='bbox 458 1162 500 1192; x_wconf 89' lang='lat' dir='ltr'>iis</span> <span class='ocrx_word' id='word_1_284' title='bbox 518 1166 641 1193; x_wconf 87' lang='lat' dir='ltr'>tantum</span> <span class='ocrx_word' id='word_1_285' title='bbox 665 1162 809 1202; x_wconf 83' lang='lat' dir='ltr'>exceptis</span> <span class='ocrx_word' id='word_1_286' title='bbox 827 1172 900 1203; x_wconf 64' lang='lat' dir='ltr'>qua)</span> <span class='ocrx_word' id='word_1_287' title='bbox 918 1164 956 1194; x_wconf 86' lang='lat' dir='ltr'>ad</span> <span class='ocrx_word' id='word_1_288' title='bbox 982 1163 1184 1203; x_wconf 85' lang='lat' dir='ltr'>personalem</span> <span class='ocrx_word' id='word_1_289' title='bbox 1211 1163 1374 1202; x_wconf 86' lang='lat' dir='ltr'>pertinent</span> <span class='ocrx_word' id='word_1_290' title='bbox 1397 1164 1639 1203; x_wconf 81' lang='lat' dir='ltr'>proprietatem.</span> <span class='ocrx_word' id='word_1_291' title='bbox 1662 1163 1765 1200; x_wconf 89' lang='lat' dir='ltr'>Quod</span> <span class='ocrx_word' id='word_1_292' title='bbox 1784 1163 1862 1193; x_wconf 81' lang='lat' dir='ltr'>adeo</span> 
     </span>
    </p>
   </div>
   <div class='ocr_carea' id='block_1_23' title="bbox 217 1213 1860 1254">
    <p class='ocr_par' dir='ltr' id='par_1_23' title="bbox 217 1213 1860 1254">
     <span class='ocr_line' id='line_1_23' title="bbox 217 1213 1860 1254; baseline 0.001 -12"><span class='ocrx_word' id='word_1_293' title='bbox 217 1217 339 1243; x_wconf 87' lang='lat' dir='ltr'>certqu</span> <span class='ocrx_word' id='word_1_294' title='bbox 357 1216 404 1243; x_wconf 91' lang='lat' dir='ltr'>est</span> <span class='ocrx_word' id='word_1_295' title='bbox 421 1217 465 1248; x_wconf 89' lang='lat' dir='ltr'>ut,</span> <span class='ocrx_word' id='word_1_296' title='bbox 482 1213 608 1244; x_wconf 84' lang='lat' dir='ltr'>etiamsi</span> <span class='ocrx_word' id='word_1_297' title='bbox 628 1213 774 1245; x_wconf 76' lang='lat' dir='ltr'>Christus</span> <span class='ocrx_word' id='word_1_298' title='bbox 790 1221 829 1244; x_wconf 89' lang='lat' dir='ltr'>eo</span> <span class='ocrx_word' id='word_1_299' title='bbox 847 1213 909 1245; x_wconf 82' lang='lat' dir='ltr'>loci</span> <span class='ocrx_word' id='word_1_300' title='bbox 929 1214 1082 1251; x_wconf 82' lang='lat' dir='ltr'>dixisset,</span> <span class='ocrx_word' id='word_1_301' title='bbox 1099 1214 1163 1252; x_wconf 83' lang='lat' dir='ltr'>Qui</span> <span class='ocrx_word' id='word_1_302' title='bbox 1181 1224 1199 1247; x_wconf 81' lang='grc' dir='ltr'><em>α</em></span> <span class='ocrx_word' id='word_1_303' title='bbox 1214 1215 1310 1247; x_wconf 85' lang='lat' dir='ltr'>Patre</span> <span class='ocrx_word' id='word_1_304' title='bbox 1319 1215 1386 1246; x_wconf 80' lang='lat' dir='ltr'>solo</span> <span class='ocrx_word' id='word_1_305' title='bbox 1399 1215 1556 1254; x_wconf 74' lang='lat' dir='ltr'>procedit,</span> <span class='ocrx_word' id='word_1_306' title='bbox 1576 1223 1641 1246; x_wconf 88' lang='lat' dir='ltr'>non</span> <span class='ocrx_word' id='word_1_307' title='bbox 1659 1215 1742 1245; x_wconf 85' lang='lat' dir='ltr'>inde</span> <span class='ocrx_word' id='word_1_308' title='bbox 1760 1218 1860 1244; x_wconf 85' lang='lat' dir='ltr'>tamen</span> 
     </span>
    </p>
   </div>
   <div class='ocr_carea' id='block_1_24' title="bbox 216 1263 1856 1306">
    <p class='ocr_par' dir='ltr' id='par_1_24' title="bbox 216 1263 1856 1306">
     <span class='ocr_line' id='line_1_24' title="bbox 216 1263 1856 1306; baseline -0.001 -11"><span class='ocrx_word' id='word_1_309' title='bbox 216 1263 393 1295; x_wconf 86' lang='lat' dir='ltr'>abdicanda</span> <span class='ocrx_word' id='word_1_310' title='bbox 413 1263 443 1293; x_wconf 87' lang='lat' dir='ltr'>ei</span> <span class='ocrx_word' id='word_1_311' title='bbox 462 1267 548 1294; x_wconf 80' lang='lat' dir='ltr'>esset</span> <span class='ocrx_word' id='word_1_312' title='bbox 564 1263 706 1303; x_wconf 85' lang='lat' dir='ltr'>Spiritus</span> <span class='ocrx_word' id='word_1_313' title='bbox 723 1264 827 1294; x_wconf 79' lang='lat' dir='ltr'>sancti</span> <span class='ocrx_word' id='word_1_314' title='bbox 850 1265 1033 1304; x_wconf 83' lang='lat' dir='ltr'>productio.</span> <span class='ocrx_word' id='word_1_315' title='bbox 1048 1266 1185 1296; x_wconf 84' lang='lat' dir='ltr'>Fortene</span> <span class='ocrx_word' id='word_1_316' title='bbox 1212 1266 1368 1297; x_wconf 85' lang='lat' dir='ltr'>mirantur</span> <span class='ocrx_word' id='word_1_317' title='bbox 1390 1266 1438 1297; x_wconf 89' lang='lat' dir='ltr'><strong>vel</strong></span> <span class='ocrx_word' id='word_1_318' title='bbox 1465 1266 1524 1297; x_wconf 84' lang='lat' dir='ltr'>hoc</span> <span class='ocrx_word' id='word_1_319' title='bbox 1547 1269 1665 1306; x_wconf 79' lang='lat' dir='ltr'>negant</span> <span class='ocrx_word' id='word_1_320' title='bbox 1697 1264 1856 1300; x_wconf 66' lang='lat' dir='ltr'>Photiani,</span> 
     </span>
    </p>
   </div>
   <div class='ocr_carea' id='block_1_25' title="bbox 217 1313 1857 1355">
    <p class='ocr_par' dir='ltr' id='par_1_25' title="bbox 217 1313 1857 1355">
     <span class='ocr_line' id='line_1_25' title="bbox 217 1313 1857 1355; baseline 0.001 -11"><span class='ocrx_word' id='word_1_321' title='bbox 217 1316 301 1353; x_wconf 69' lang='grc' dir='ltr'>ΕΓὸο</span> <span class='ocrx_word' id='word_1_322' title='bbox 320 1315 439 1353; x_wconf 84' lang='lat' dir='ltr'>pariter</span> <span class='ocrx_word' id='word_1_323' title='bbox 452 1318 570 1353; x_wconf 79' lang='lat' dir='ltr'>negent</span> <span class='ocrx_word' id='word_1_324' title='bbox 588 1314 712 1344; x_wconf 87' lang='lat' dir='ltr'>Patrem</span> <span class='ocrx_word' id='word_1_325' title='bbox 737 1323 754 1344; x_wconf 90' lang='lat' dir='ltr'>a</span> <span class='ocrx_word' id='word_1_326' title='bbox 775 1313 894 1353; x_wconf 86' lang='lat' dir='ltr'>Spiritu</span> <span class='ocrx_word' id='word_1_327' title='bbox 913 1320 1023 1345; x_wconf 81' lang='lat' dir='ltr'>sancto</span> <span class='ocrx_word' id='word_1_328' title='bbox 1040 1316 1197 1353; x_wconf 80' lang='lat' dir='ltr'>cognosci,</span> <span class='ocrx_word' id='word_1_329' title='bbox 1223 1316 1271 1346; x_wconf 89' lang='lat' dir='ltr'>vel</span> <span class='ocrx_word' id='word_1_330' title='bbox 1289 1316 1383 1346; x_wconf 71' lang='lat' dir='ltr'>etiam</span> <span class='ocrx_word' id='word_1_331' title='bbox 1400 1325 1489 1345; x_wconf 85' lang='lat' dir='ltr'>nosse</span> <span class='ocrx_word' id='word_1_332' title='bbox 1508 1314 1667 1355; x_wconf 88' lang='lat' dir='ltr'>seipsum,</span> <span class='ocrx_word' id='word_1_333' title='bbox 1690 1319 1857 1354; x_wconf 77' lang='lat' dir='ltr'>propterea</span> 
     </span>
    </p>
   </div>
   <div class='ocr_carea' id='block_1_26' title="bbox 218 1366 1857 1408">
    <p class='ocr_par' dir='ltr' id='par_1_26' title="bbox 218 1366 1857 1408">
     <span class='ocr_line' id='line_1_26' title="bbox 218 1366 1857 1408; baseline -0.001 -11"><span class='ocrx_word' id='word_1_334' title='bbox 218 1367 306 1406; x_wconf 87' lang='lat' dir='ltr'>quod</span> <span class='ocrx_word' id='word_1_335' title='bbox 336 1367 454 1397; x_wconf 85' lang='lat' dir='ltr'>dixerit</span> <span class='ocrx_word' id='word_1_336' title='bbox 482 1366 632 1397; x_wconf 71' lang='lat' dir='ltr'>Christus</span> <span class='ocrx_word' id='word_1_337' title='bbox 655 1366 767 1398; x_wconf 87' lang='lat' dir='ltr'>Matth.</span> <span class='ocrx_word' id='word_1_338' title='bbox 793 1377 839 1404; x_wconf 77' lang='lat' dir='ltr'>XI,</span> <span class='ocrx_word' id='word_1_339' title='bbox 864 1367 917 1404; x_wconf 71' lang='lat'>22,</span> <span class='ocrx_word' id='word_1_340' title='bbox 934 1367 1029 1398; x_wconf 77' lang='lat' dir='ltr'>Nemo</span> <span class='ocrx_word' id='word_1_341' title='bbox 1052 1368 1142 1398; x_wconf 84' lang='lat' dir='ltr'>novit</span> <span class='ocrx_word' id='word_1_342' title='bbox 1166 1369 1303 1405; x_wconf 85' lang='lat' dir='ltr'>Patrem,</span> <span class='ocrx_word' id='word_1_343' title='bbox 1334 1369 1398 1400; x_wconf 81' lang='lat' dir='ltr'>nisi</span> <span class='ocrx_word' id='word_1_344' title='bbox 1422 1369 1544 1403; x_wconf 72' lang='lat' dir='ltr'>Filius;</span> <span class='ocrx_word' id='word_1_345' title='bbox 1571 1368 1620 1399; x_wconf 81' lang='lat' dir='ltr'>vel</span> <span class='ocrx_word' id='word_1_346' title='bbox 1647 1372 1774 1408; x_wconf 74' lang='lat' dir='ltr'>negent</span> <span class='ocrx_word' id='word_1_347' title='bbox 1794 1377 1857 1398; x_wconf 82' lang='lat' dir='ltr'>rum</span> 
     </span>
    </p>
   </div>
   <div class='ocr_carea' id='block_1_27' title="bbox 219 1415 1858 1458">
    <p class='ocr_par' dir='ltr' id='par_1_27' title="bbox 219 1415 1858 1458">
     <span class='ocr_line' id='line_1_27' title="bbox 219 1415 1858 1458; baseline 0.002 -10"><span class='ocrx_word' id='word_1_348' title='bbox 219 1417 416 1452; x_wconf 80' lang='lat' dir='ltr'>Soainianis,</span> <span class='ocrx_word' id='word_1_349' title='bbox 433 1415 551 1447; x_wconf 87' lang='lat' dir='ltr'>Filium</span> <span class='ocrx_word' id='word_1_350' title='bbox 570 1416 677 1456; x_wconf 87' lang='lat' dir='ltr'>ipsum</span> <span class='ocrx_word' id='word_1_351' title='bbox 694 1425 766 1447; x_wconf 81' lang='lat' dir='ltr'>esse</span> <span class='ocrx_word' id='word_1_352' title='bbox 781 1425 891 1447; x_wconf 88' lang='lat' dir='ltr'>verum</span> <span class='ocrx_word' id='word_1_353' title='bbox 907 1418 1109 1458; x_wconf 83' lang='lat' dir='ltr'>Deum,quia</span> <span class='ocrx_word' id='word_1_354' title='bbox 1126 1418 1328 1457; x_wconf 85' lang='lat' dir='ltr'>ipse_Patrem</span> <span class='ocrx_word' id='word_1_355' title='bbox 1342 1418 1513 1458; x_wconf 81' lang='lat' dir='ltr'>alloquens</span> <span class='ocrx_word' id='word_1_356' title='bbox 1528 1419 1571 1450; x_wconf 89' lang='lat' dir='ltr'>ait</span> <span class='ocrx_word' id='word_1_357' title='bbox 1598 1418 1711 1456; x_wconf 82' lang='lat' dir='ltr'>(Joan.</span> <span class='ocrx_word' id='word_1_358' title='bbox 1728 1418 1858 1457; x_wconf 63' lang='lat' dir='ltr'>xvu,3).</span> 
     </span>
    </p>
   </div>
   <div class='ocr_carea' id='block_1_28' title="bbox 219 1468 882 1509">
    <p class='ocr_par' dir='ltr' id='par_1_28' title="bbox 219 1468 882 1509">
     <span class='ocr_line' id='line_1_28' title="bbox 219 1468 882 1509; baseline 0 -9"><span class='ocrx_word' id='word_1_359' title='bbox 219 1470 256 1500; x_wconf 89' lang='lat' dir='ltr'>Ut</span> <span class='ocrx_word' id='word_1_360' title='bbox 280 1473 470 1509; x_wconf 81' lang='lat' dir='ltr'>cognoscant</span> <span class='ocrx_word' id='word_1_361' title='bbox 488 1474 516 1498; x_wconf 86' lang='lat' dir='ltr'>te</span> <span class='ocrx_word' id='word_1_362' title='bbox 533 1468 633 1499; x_wconf 85' lang='lat' dir='ltr'>solum</span> <span class='ocrx_word' id='word_1_363' title='bbox 647 1478 754 1499; x_wconf 83' lang='lat' dir='ltr'>verum</span> <span class='ocrx_word' id='word_1_364' title='bbox 772 1469 882 1500; x_wconf 81' lang='lat' dir='ltr'>Deum.</span> 
     </span>
    </p>
   </div>
   <div class='ocr_carea' id='block_1_29' title="bbox 260 1515 1856 1559">
    <p class='ocr_par' dir='ltr' id='par_1_29' title="bbox 260 1515 1856 1559">
     <span class='ocr_line' id='line_1_29' title="bbox 260 1515 1856 1559; baseline 0.001 -8"><span class='ocrx_word' id='word_1_365' title='bbox 260 1522 365 1552; x_wconf 75' lang='grc' dir='ltr'><strong>ΧΧΧ.</strong></span> <span class='ocrx_word' id='word_1_366' title='bbox 391 1522 437 1552; x_wconf 84' lang='grc' dir='ltr'>Εη</span> <span class='ocrx_word' id='word_1_367' title='bbox 459 1528 525 1559; x_wconf 90' lang='lat' dir='ltr'>quo</span> <span class='ocrx_word' id='word_1_368' title='bbox 547 1520 675 1551; x_wconf 87' lang='lat' dir='ltr'>tandem</span> <span class='ocrx_word' id='word_1_369' title='bbox 701 1520 767 1550; x_wconf 86' lang='lat' dir='ltr'>abit</span> <span class='ocrx_word' id='word_1_370' title='bbox 801 1526 1029 1559; x_wconf 70' lang='lat' dir='ltr'>argumentum</span> <span class='ocrx_word' id='word_1_371' title='bbox 1052 1529 1069 1551; x_wconf 90' lang='lat' dir='ltr'>a</span> <span class='ocrx_word' id='word_1_372' title='bbox 1090 1520 1256 1552; x_wconf 83' lang='lat' dir='ltr'>Pliotianis</span> <span class='ocrx_word' id='word_1_373' title='bbox 1280 1520 1361 1552; x_wconf 83' lang='lat' dir='ltr'>adeo</span> <span class='ocrx_word' id='word_1_374' title='bbox 1384 1515 1586 1553; x_wconf 86' lang='lat' dir='ltr'>decanlalum</span> <span class='ocrx_word' id='word_1_375' title='bbox 1611 1529 1619 1550; x_wconf 84' lang='lat'><strong>:</strong></span> <span class='ocrx_word' id='word_1_376' title='bbox 1642 1529 1661 1552; x_wconf 86' lang='lat' dir='ltr'>a</span> <span class='ocrx_word' id='word_1_377' title='bbox 1682 1519 1856 1553; x_wconf 64' lang='lat' dir='ltr'>Photianis.</span> 
     </span>
    </p>
   </div>
   <div class='ocr_carea' id='block_1_30' title="bbox 220 1573 1856 1613">
    <p class='ocr_par' dir='ltr' id='par_1_30' title="bbox 220 1573 1856 1613">
     <span class='ocr_line' id='line_1_30' title="bbox 220 1573 1856 1613; baseline -0.002 -9"><span class='ocrx_word' id='word_1_378' title='bbox 220 1574 366 1613; x_wconf 86' lang='lat' dir='ltr'>inquam,</span> <span class='ocrx_word' id='word_1_379' title='bbox 389 1574 446 1613; x_wconf 89' lang='lat' dir='ltr'>qui</span> <span class='ocrx_word' id='word_1_380' title='bbox 469 1578 500 1605; x_wconf 90' lang='lat' dir='ltr'>et</span> <span class='ocrx_word' id='word_1_381' title='bbox 527 1573 637 1605; x_wconf 87' lang='lat' dir='ltr'>tritum</span> <span class='ocrx_word' id='word_1_382' title='bbox 651 1573 733 1604; x_wconf 89' lang='lat' dir='ltr'>illud</span> <span class='ocrx_word' id='word_1_383' title='bbox 755 1577 785 1605; x_wconf 83' lang='lat' dir='ltr'>et</span> <span class='ocrx_word' id='word_1_384' title='bbox 812 1582 867 1612; x_wconf 80' lang='lat' dir='ltr'>per</span> <span class='ocrx_word' id='word_1_385' title='bbox 884 1582 956 1605; x_wconf 88' lang='lat' dir='ltr'>sese</span> <span class='ocrx_word' id='word_1_386' title='bbox 982 1573 1280 1605; x_wconf 86' lang='lat' dir='ltr'>luculentissimum</span> <span class='ocrx_word' id='word_1_387' title='bbox 1295 1573 1444 1613; x_wconf 72' lang='lat' dir='ltr'>ignorare</span> <span class='ocrx_word' id='word_1_388' title='bbox 1468 1574 1619 1605; x_wconf 87' lang='lat' dir='ltr'>videntur</span> <span class='ocrx_word' id='word_1_389' title='bbox 1644 1585 1652 1605; x_wconf 86' lang='lat'>:</span> <span class='ocrx_word' id='word_1_390' title='bbox 1674 1573 1741 1611; x_wconf 84' lang='lat' dir='ltr'>Qui</span> <span class='ocrx_word' id='word_1_391' title='bbox 1767 1581 1856 1603; x_wconf 83' lang='lat' dir='ltr'>unum</span> 
     </span>
    </p>
   </div>
   <div class='ocr_carea' id='block_1_31' title="bbox 218 1622 1857 1664">
    <p class='ocr_par' dir='ltr' id='par_1_31' title="bbox 218 1622 1857 1664">
     <span class='ocr_line' id='line_1_31' title="bbox 218 1622 1857 1664; baseline -0.001 -10"><span class='ocrx_word' id='word_1_392' title='bbox 218 1625 346 1661; x_wconf 81' lang='lat' dir='ltr'>usserit,</span> <span class='ocrx_word' id='word_1_393' title='bbox 362 1623 450 1654; x_wconf 81' lang='lat' dir='ltr'>aliud</span> <span class='ocrx_word' id='word_1_394' title='bbox 473 1632 537 1653; x_wconf 82' lang='lat' dir='ltr'>non</span> <span class='ocrx_word' id='word_1_395' title='bbox 560 1627 666 1662; x_wconf 85' lang='lat' dir='ltr'>negot,</span> <span class='ocrx_word' id='word_1_396' title='bbox 693 1623 757 1653; x_wconf 82' lang='lat' dir='ltr'>nisi</span> <span class='ocrx_word' id='word_1_397' title='bbox 791 1623 819 1653; x_wconf 83' lang='lat' dir='ltr'>ei</span> <span class='ocrx_word' id='word_1_398' title='bbox 844 1622 927 1662; x_wconf 82' lang='lat' dir='ltr'>quod</span> <span class='ocrx_word' id='word_1_399' title='bbox 950 1623 1065 1654; x_wconf 80' lang='lat' dir='ltr'>asserit</span> <span class='ocrx_word' id='word_1_400' title='bbox 1089 1628 1256 1663; x_wconf 79' lang='lat' dir='ltr'>repugnet.</span> <span class='ocrx_word' id='word_1_401' title='bbox 1280 1625 1358 1655; x_wconf 81' lang='lat' dir='ltr'>Nam</span> <span class='ocrx_word' id='word_1_402' title='bbox 1384 1623 1603 1662; x_wconf 86' lang='lat' dir='ltr'>probaruntne</span> <span class='ocrx_word' id='word_1_403' title='bbox 1624 1631 1786 1664; x_wconf 83' lang='lat' dir='ltr'>unquam,</span> <span class='ocrx_word' id='word_1_404' title='bbox 1811 1625 1857 1653; x_wconf 81' lang='lat' dir='ltr'>aut</span> 
     </span>
    </p>
   </div>
   <div class='ocr_carea' id='block_1_32' title="bbox 220 1671 1855 1714">
    <p class='ocr_par' dir='ltr' id='par_1_32' title="bbox 220 1671 1855 1714">
     <span class='ocr_line' id='line_1_32' title="bbox 220 1671 1855 1714; baseline -0.003 -8"><span class='ocrx_word' id='word_1_405' title='bbox 220 1675 398 1714; x_wconf 83' lang='lat' dir='ltr'>aliquando</span> <span class='ocrx_word' id='word_1_406' title='bbox 417 1673 582 1714; x_wconf 84' lang='lat' dir='ltr'>probaturi</span> <span class='ocrx_word' id='word_1_407' title='bbox 601 1677 688 1710; x_wconf 89' lang='lat' dir='ltr'>sunt,</span> <span class='ocrx_word' id='word_1_408' title='bbox 707 1673 805 1704; x_wconf 90' lang='lat' dir='ltr'>ullam</span> <span class='ocrx_word' id='word_1_409' title='bbox 823 1673 856 1704; x_wconf 90' lang='lat' dir='ltr'>in</span> <span class='ocrx_word' id='word_1_410' title='bbox 877 1681 916 1704; x_wconf 91' lang='lat' dir='ltr'>eo</span> <span class='ocrx_word' id='word_1_411' title='bbox 929 1682 1000 1704; x_wconf 90' lang='lat' dir='ltr'>esse</span> <span class='ocrx_word' id='word_1_412' title='bbox 1018 1675 1278 1713; x_wconf 84' lang='lat' dir='ltr'>repugnantiam,</span> <span class='ocrx_word' id='word_1_413' title='bbox 1297 1674 1384 1713; x_wconf 91' lang='lat' dir='ltr'>quod</span> <span class='ocrx_word' id='word_1_414' title='bbox 1408 1674 1514 1705; x_wconf 92' lang='lat' dir='ltr'>Filius</span> <span class='ocrx_word' id='word_1_415' title='bbox 1536 1683 1599 1706; x_wconf 88' lang='lat' dir='ltr'>una</span> <span class='ocrx_word' id='word_1_416' title='bbox 1617 1683 1692 1706; x_wconf 88' lang='lat' dir='ltr'>cum</span> <span class='ocrx_word' id='word_1_417' title='bbox 1709 1675 1800 1706; x_wconf 84' lang='lat' dir='ltr'>Patre</span> <span class='ocrx_word' id='word_1_418' title='bbox 1819 1671 1855 1702; x_wconf 83' lang='lat' dir='ltr'>sit</span> 
     </span>
    </p>
   </div>
   <div class='ocr_carea' id='block_1_33' title="bbox 222 1724 1854 1766">
    <p class='ocr_par' dir='ltr' id='par_1_33' title="bbox 222 1724 1854 1766">
     <span class='ocr_line' id='line_1_33' title="bbox 222 1724 1854 1766; baseline -0.001 -9"><span class='ocrx_word' id='word_1_419' title='bbox 222 1726 419 1766; x_wconf 69' lang='lat' dir='ltr'>irincipium</span> <span class='ocrx_word' id='word_1_420' title='bbox 442 1726 582 1765; x_wconf 88' lang='lat' dir='ltr'>Spiritus</span> <span class='ocrx_word' id='word_1_421' title='bbox 602 1725 725 1756; x_wconf 85' lang='lat' dir='ltr'>sancti?</span> <span class='ocrx_word' id='word_1_422' title='bbox 755 1725 840 1762; x_wconf 89' lang='lat' dir='ltr'><strong>Quid</strong></span> <span class='ocrx_word' id='word_1_423' title='bbox 867 1724 975 1756; x_wconf 83' lang='lat' dir='ltr'><strong>enim?</strong></span> <span class='ocrx_word' id='word_1_424' title='bbox 991 1726 1082 1757; x_wconf 86' lang='lat' dir='ltr'><strong>Anne</strong></span> <span class='ocrx_word' id='word_1_425' title='bbox 1103 1725 1228 1764; x_wconf 79' lang='lat' dir='ltr'>aliquid</span> <span class='ocrx_word' id='word_1_426' title='bbox 1265 1725 1404 1763; x_wconf 85' lang='lat' dir='ltr'>virtutis,</span> <span class='ocrx_word' id='word_1_427' title='bbox 1420 1735 1493 1766; x_wconf 71' lang='lat' dir='ltr'>quin</span> <span class='ocrx_word' id='word_1_428' title='bbox 1515 1727 1593 1758; x_wconf 88' lang='lat' dir='ltr'>insit</span> <span class='ocrx_word' id='word_1_429' title='bbox 1619 1727 1720 1764; x_wconf 87' lang='lat' dir='ltr'>Patri,</span> <span class='ocrx_word' id='word_1_430' title='bbox 1749 1727 1854 1758; x_wconf 82' lang='lat' dir='ltr'>deesse</span> 
     </span>
    </p>
   </div>
   <div class='ocr_carea' id='block_1_34' title="bbox 221 1776 1852 1817">
    <p class='ocr_par' dir='ltr' id='par_1_34' title="bbox 221 1776 1852 1817">
     <span class='ocr_line' id='line_1_34' title="bbox 221 1776 1852 1817; baseline -0.002 -8"><span class='ocrx_word' id='word_1_431' title='bbox 221 1778 308 1809; x_wconf 87' lang='lat' dir='ltr'>Filio</span> <span class='ocrx_word' id='word_1_432' title='bbox 327 1777 505 1816; x_wconf 86' lang='lat' dir='ltr'>putandum</span> <span class='ocrx_word' id='word_1_433' title='bbox 524 1776 606 1807; x_wconf 86' lang='lat' dir='ltr'>erit?</span> <span class='ocrx_word' id='word_1_434' title='bbox 624 1776 678 1806; x_wconf 86' lang='lat' dir='ltr'>Vel</span> <span class='ocrx_word' id='word_1_435' title='bbox 699 1776 814 1806; x_wconf 86' lang='lat' dir='ltr'>rationi</span> <span class='ocrx_word' id='word_1_436' title='bbox 834 1776 908 1806; x_wconf 92' lang='lat' dir='ltr'><strong>Filii</strong></span> <span class='ocrx_word' id='word_1_437' title='bbox 929 1781 1088 1815; x_wconf 84' lang='lat' dir='ltr'>repugnat</span> <span class='ocrx_word' id='word_1_438' title='bbox 1105 1777 1284 1815; x_wconf 87' lang='lat' dir='ltr'>producere</span> <span class='ocrx_word' id='word_1_439' title='bbox 1315 1776 1410 1808; x_wconf 86' lang='lat' dir='ltr'>aliam</span> <span class='ocrx_word' id='word_1_440' title='bbox 1427 1785 1442 1807; x_wconf 91' lang='lat' dir='ltr'>a</span> <span class='ocrx_word' id='word_1_441' title='bbox 1461 1777 1569 1816; x_wconf 88' lang='lat' dir='ltr'>seipso</span> <span class='ocrx_word' id='word_1_442' title='bbox 1593 1779 1789 1817; x_wconf 81' lang='lat' dir='ltr'>personam?</span> <span class='ocrx_word' id='word_1_443' title='bbox 1804 1777 1852 1807; x_wconf 72' lang='lat' dir='ltr'>\‘el</span> 
     </span>
    </p>
   </div>
   <div class='ocr_carea' id='block_1_35' title="bbox 222 1827 1852 1870">
    <p class='ocr_par' dir='ltr' id='par_1_35' title="bbox 222 1827 1852 1870">
     <span class='ocr_line' id='line_1_35' title="bbox 222 1827 1852 1870; baseline -0.002 -10"><span class='ocrx_word' id='word_1_444' title='bbox 222 1832 352 1862; x_wconf 88' lang='lat' dir='ltr'>demum</span> <span class='ocrx_word' id='word_1_445' title='bbox 368 1830 456 1870; x_wconf 85' lang='lat' dir='ltr'>quod</span> <span class='ocrx_word' id='word_1_446' title='bbox 479 1829 574 1860; x_wconf 89' lang='lat' dir='ltr'>habet</span> <span class='ocrx_word' id='word_1_447' title='bbox 591 1828 802 1868; x_wconf 84' lang='lat' dir='ltr'>principium,</span> <span class='ocrx_word' id='word_1_448' title='bbox 820 1828 935 1868; x_wconf 86' lang='lat' dir='ltr'>nequit</span> <span class='ocrx_word' id='word_1_449' title='bbox 955 1836 1029 1859; x_wconf 87' lang='lat' dir='ltr'>esse</span> <span class='ocrx_word' id='word_1_450' title='bbox 1054 1828 1251 1868; x_wconf 88' lang='lat' dir='ltr'>principium</span> <span class='ocrx_word' id='word_1_451' title='bbox 1274 1827 1428 1860; x_wconf 79' lang='lat' dir='ltr'>alterius?</span> <span class='ocrx_word' id='word_1_452' title='bbox 1450 1828 1535 1860; x_wconf 80' lang='lat' dir='ltr'><strong>Nihil</strong></span> <span class='ocrx_word' id='word_1_453' title='bbox 1562 1829 1678 1861; x_wconf 90' lang='lat' dir='ltr'>horum</span> <span class='ocrx_word' id='word_1_454' title='bbox 1706 1828 1852 1868; x_wconf 75' lang='lat' dir='ltr'>profecto.</span> 
     </span>
    </p>
   </div>
   <div class='ocr_carea' id='block_1_36' title="bbox 222 1878 1852 1920">
    <p class='ocr_par' dir='ltr' id='par_1_36' title="bbox 222 1878 1852 1920">
     <span class='ocr_line' id='line_1_36' title="bbox 222 1878 1852 1920; baseline -0.003 -8"><span class='ocrx_word' id='word_1_455' title='bbox 222 1882 286 1912; x_wconf 86' lang='lat' dir='ltr'>Cur</span> <span class='ocrx_word' id='word_1_456' title='bbox 302 1881 402 1920; x_wconf 71' lang='lat' dir='ltr'>igitur</span> <span class='ocrx_word' id='word_1_457' title='bbox 417 1886 547 1911; x_wconf 88' lang='lat' dir='ltr'>ovantes</span> <span class='ocrx_word' id='word_1_458' title='bbox 564 1879 646 1910; x_wconf 90' lang='lat' dir='ltr'>adeo</span> <span class='ocrx_word' id='word_1_459' title='bbox 671 1882 896 1918; x_wconf 81' lang='lat' dir='ltr'>argumentum</span> <span class='ocrx_word' id='word_1_460' title='bbox 914 1878 1001 1909; x_wconf 85' lang='lat' dir='ltr'>istud</span> <span class='ocrx_word' id='word_1_461' title='bbox 1018 1879 1198 1910; x_wconf 89' lang='lat' dir='ltr'>obtrudunt</span> <span class='ocrx_word' id='word_1_462' title='bbox 1216 1890 1223 1910; x_wconf 96' lang='lat'>:</span> <span class='ocrx_word' id='word_1_463' title='bbox 1243 1879 1451 1918; x_wconf 79' lang='lat' dir='ltr'>Evangelium</span> <span class='ocrx_word' id='word_1_464' title='bbox 1467 1880 1587 1911; x_wconf 78' lang='lat' dir='ltr'>Christi</span> <span class='ocrx_word' id='word_1_465' title='bbox 1605 1889 1658 1910; x_wconf 90' lang='lat' dir='ltr'>ore</span> <span class='ocrx_word' id='word_1_466' title='bbox 1669 1880 1757 1910; x_wconf 84' lang='lat' dir='ltr'>clare</span> <span class='ocrx_word' id='word_1_467' title='bbox 1771 1878 1852 1908; x_wconf 84' lang='lat' dir='ltr'>docct</span> 
     </span>
    </p>
   </div>
   <div class='ocr_carea' id='block_1_37' title="bbox 220 1929 1849 1971">
    <p class='ocr_par' dir='ltr' id='par_1_37' title="bbox 220 1929 1849 1971">
     <span class='ocr_line' id='line_1_37' title="bbox 220 1929 1849 1971; baseline -0.003 -10"><span class='ocrx_word' id='word_1_468' title='bbox 220 1931 338 1971; x_wconf 81' lang='lat' dir='ltr'>ﬁdeles,</span> <span class='ocrx_word' id='word_1_469' title='bbox 353 1931 511 1970; x_wconf 81' lang='lat' dir='ltr'>Spiritum</span> <span class='ocrx_word' id='word_1_470' title='bbox 531 1935 674 1960; x_wconf 84' lang='lat' dir='ltr'>sanctum</span> <span class='ocrx_word' id='word_1_471' title='bbox 689 1939 709 1959; x_wconf 83' lang='grc' dir='ltr'><em>α</em></span> <span class='ocrx_word' id='word_1_472' title='bbox 726 1929 819 1960; x_wconf 84' lang='lat' dir='ltr'>Patre</span> <span class='ocrx_word' id='word_1_473' title='bbox 832 1929 1021 1969; x_wconf 83' lang='lat' dir='ltr'>procedere;</span> <span class='ocrx_word' id='word_1_474' title='bbox 1036 1934 1069 1959; x_wconf 90' lang='lat' dir='ltr'>at</span> <span class='ocrx_word' id='word_1_475' title='bbox 1091 1930 1156 1969; x_wconf 77' lang='lat' dir='ltr'>ipsi</span> <span class='ocrx_word' id='word_1_476' title='bbox 1173 1930 1277 1969; x_wconf 85' lang='lat' dir='ltr'>angeli</span> <span class='ocrx_word' id='word_1_477' title='bbox 1310 1929 1512 1960; x_wconf 82' lang='lat' dir='ltr'>tenebrarum</span> <span class='ocrx_word' id='word_1_478' title='bbox 1530 1930 1659 1970; x_wconf 85' lang='lat' dir='ltr'>(Latini)</span> <span class='ocrx_word' id='word_1_479' title='bbox 1670 1929 1849 1969; x_wconf 76' lang='lat' dir='ltr'>pra-dicant,</span> 
     </span>
    </p>
   </div>
   <div class='ocr_carea' id='block_1_38' title="bbox 221 1978 1851 2019">
    <p class='ocr_par' dir='ltr' id='par_1_38' title="bbox 221 1978 1851 2019">
     <span class='ocr_line' id='line_1_38' title="bbox 221 1978 1851 2019; baseline -0.004 -8"><span class='ocrx_word' id='word_1_480' title='bbox 221 1982 314 2012; x_wconf 84' lang='lat' dir='ltr'>etiam</span> <span class='ocrx_word' id='word_1_481' title='bbox 328 1990 347 2011; x_wconf 89' lang='lat' dir='ltr'>a</span> <span class='ocrx_word' id='word_1_482' title='bbox 364 1980 450 2012; x_wconf 81' lang='lat' dir='ltr'>Filio</span> <span class='ocrx_word' id='word_1_483' title='bbox 464 1990 474 2010; x_wconf 91' lang='lat'><strong><em>:</em></strong></span> <span class='ocrx_word' id='word_1_484' title='bbox 490 1988 568 2019; x_wconf 78' lang='lat' dir='ltr'>ergo</span> <span class='ocrx_word' id='word_1_485' title='bbox 590 1979 770 2019; x_wconf 80' lang='lat' dir='ltr'>Evangelio</span> <span class='ocrx_word' id='word_1_486' title='bbox 792 1979 950 2010; x_wconf 84' lang='lat' dir='ltr'>contraria</span> <span class='ocrx_word' id='word_1_487' title='bbox 975 1979 1102 2010; x_wconf 89' lang='lat' dir='ltr'>docent.</span> <span class='ocrx_word' id='word_1_488' title='bbox 1119 1979 1162 2010; x_wconf 85' lang='lat' dir='ltr'>tta</span> <span class='ocrx_word' id='word_1_489' title='bbox 1179 1987 1256 2011; x_wconf 82' lang='lat' dir='ltr'>sane</span> <span class='ocrx_word' id='word_1_490' title='bbox 1275 1983 1345 2018; x_wconf 87' lang='lat' dir='ltr'>post</span> <span class='ocrx_word' id='word_1_491' title='bbox 1368 1979 1559 2010; x_wconf 88' lang='lat' dir='ltr'>innumeros</span> <span class='ocrx_word' id='word_1_492' title='bbox 1586 1980 1669 2010; x_wconf 88' lang='lat' dir='ltr'>alios</span> <span class='ocrx_word' id='word_1_493' title='bbox 1694 1978 1851 2018; x_wconf 77' lang='lat' dir='ltr'>Eugenius</span> 
     </span>
    </p>
   </div>
   <div class='ocr_carea' id='block_1_39' title="bbox 221 2030 970 2071">
    <p class='ocr_par' dir='ltr' id='par_1_39' title="bbox 221 2030 970 2071">
     <span class='ocr_line' id='line_1_39' title="bbox 221 2030 970 2071; baseline -0.001 -9"><span class='ocrx_word' id='word_1_494' title='bbox 221 2032 256 2065; x_wconf 91' lang='lat' dir='ltr'>in</span> <span class='ocrx_word' id='word_1_495' title='bbox 273 2033 369 2064; x_wconf 89' lang='lat' dir='ltr'>citato</span> <span class='ocrx_word' id='word_1_496' title='bbox 387 2032 511 2070; x_wconf 87' lang='lat' dir='ltr'>libello,</span> <span class='ocrx_word' id='word_1_497' title='bbox 527 2031 620 2071; x_wconf 88' lang='lat' dir='ltr'>cujus</span> <span class='ocrx_word' id='word_1_498' title='bbox 635 2032 742 2062; x_wconf 69' lang='lat' dir='ltr'>Graeca</span> <span class='ocrx_word' id='word_1_499' title='bbox 760 2031 854 2062; x_wconf 86' lang='lat' dir='ltr'>verba</span> <span class='ocrx_word' id='word_1_500' title='bbox 873 2035 947 2061; x_wconf 88' lang='lat' dir='ltr'>sunt</span> <span class='ocrx_word' id='word_1_501' title='bbox 965 2030 970 2060; x_wconf 97' lang='lat' dir='ltr'>l</span> 
     </span>
    </p>
   </div>
   <div class='ocr_carea' id='block_1_40' title="bbox 1102 2030 1851 2071">
    <p class='ocr_par' dir='ltr' id='par_1_40' title="bbox 1102 2032 1851 2071">
     <span class='ocr_line' id='line_1_40' title="bbox 1102 2032 1851 2071; baseline -0.004 -9"><span class='ocrx_word' id='word_1_502' title='bbox 1102 2044 1108 2061; x_wconf 78' lang='grc'><strong>›</strong></span> <span class='ocrx_word' id='word_1_503' title='bbox 1126 2035 1295 2069; x_wconf 77' lang='grc' dir='ltr'>Εὑαγγέλιον</span> <span class='ocrx_word' id='word_1_504' title='bbox 1309 2035 1352 2062; x_wconf 82' lang='grc' dir='ltr'>διὰ</span> <span class='ocrx_word' id='word_1_505' title='bbox 1371 2034 1506 2071; x_wconf 78' lang='grc' dir='ltr'>στόματος</span> <span class='ocrx_word' id='word_1_506' title='bbox 1523 2035 1570 2062; x_wconf 77' lang='grc' dir='ltr'>τοῦ</span> <span class='ocrx_word' id='word_1_507' title='bbox 1582 2035 1706 2070; x_wconf 66' lang='grc' dir='ltr'>Χρητοῦ</span> <span class='ocrx_word' id='word_1_508' title='bbox 1718 2032 1851 2068; x_wconf 79' lang='grc' dir='ltr'>εὐαγγελὶ-</span> 
     </span>
    </p>
   </div>
   <div class='ocr_carea' id='block_1_41' title="bbox 221 2082 1852 2120">
    <p class='ocr_par' dir='ltr' id='par_1_41' title="bbox 221 2082 1852 2120">
     <span class='ocr_line' id='line_1_41' title="bbox 221 2082 1852 2120; baseline -0.001 -8"><span class='ocrx_word' id='word_1_509' title='bbox 221 2086 298 2118; x_wconf 70' lang='lat' dir='ltr'>{erat</span> <span class='ocrx_word' id='word_1_510' title='bbox 318 2086 359 2117; x_wconf 73' lang='lat' dir='ltr'>sic</span> <span class='ocrx_word' id='word_1_511' title='bbox 378 2085 443 2116; x_wconf 81' lang='grc' dir='ltr'>τοὺς</span> <span class='ocrx_word' id='word_1_512' title='bbox 470 2084 585 2116; x_wconf 78' lang='grc' dir='ltr'>πιστοὺς</span> <span class='ocrx_word' id='word_1_513' title='bbox 607 2084 714 2118; x_wconf 78' lang='grc' dir='ltr'>φανερά</span> <span class='ocrx_word' id='word_1_514' title='bbox 738 2084 780 2110; x_wconf 80' lang='grc' dir='ltr'>ὅτι</span> <span class='ocrx_word' id='word_1_515' title='bbox 814 2083 929 2119; x_wconf 77' lang='grc' dir='ltr'>Πνεῦμα</span> <span class='ocrx_word' id='word_1_516' title='bbox 959 2083 1036 2120; x_wconf 81' lang='grc' dir='ltr'>παρὰ</span> <span class='ocrx_word' id='word_1_517' title='bbox 1061 2083 1168 2119; x_wconf 60' lang='lat' dir='ltr'>Harpe;</span> <span class='ocrx_word' id='word_1_518' title='bbox 1187 2082 1381 2118; x_wconf 71' lang='grc' dir='ltr'>ἐκπορεύεται,</span> <span class='ocrx_word' id='word_1_519' title='bbox 1399 2084 1448 2110; x_wconf 74' lang='grc' dir='ltr'>καὶ</span> <span class='ocrx_word' id='word_1_520' title='bbox 1464 2083 1540 2111; x_wconf 79' lang='grc' dir='ltr'>αὐτοὶ</span> <span class='ocrx_word' id='word_1_521' title='bbox 1569 2084 1594 2110; x_wconf 84' lang='grc' dir='ltr'>οἱ</span> <span class='ocrx_word' id='word_1_522' title='bbox 1611 2084 1724 2118; x_wconf 75' lang='grc' dir='ltr'>ἄγγελοι</span> <span class='ocrx_word' id='word_1_523' title='bbox 1750 2082 1852 2111; x_wconf 69' lang='lat' dir='ltr'>extim;</span> 
     </span>
    </p>
   </div>
   <div class='ocr_carea' id='block_1_42' title="bbox 221 2129 970 2173">
    <p class='ocr_par' dir='ltr' id='par_1_42' title="bbox 221 2131 970 2173">
     <span class='ocr_line' id='line_1_42' title="bbox 221 2131 970 2173; baseline -0.004 -8"><span class='ocrx_word' id='word_1_524' title='bbox 221 2133 458 2173; x_wconf 73' lang='grc' dir='ltr'>εὖαγγελίζονται,</span> <span class='ocrx_word' id='word_1_525' title='bbox 472 2138 520 2164; x_wconf 78' lang='grc' dir='ltr'>καὶ</span> <span class='ocrx_word' id='word_1_526' title='bbox 538 2137 572 2164; x_wconf 76' lang='grc' dir='ltr'><strong>ἐκ</strong></span> <span class='ocrx_word' id='word_1_527' title='bbox 583 2136 630 2164; x_wconf 79' lang='grc' dir='ltr'>τοῦ</span> <span class='ocrx_word' id='word_1_528' title='bbox 648 2136 725 2163; x_wconf 68' lang='grc' dir='ltr'>Υῑιιῦ.</span> <span class='ocrx_word' id='word_1_529' title='bbox 747 2132 774 2163; x_wconf 95' lang='grc' dir='ltr'>Ο</span> <span class='ocrx_word' id='word_1_530' title='bbox 796 2131 970 2170; x_wconf 72' lang='lat' dir='ltr'>prmclaran&#39;</span> 
     </span>
    </p>
   </div>
   <div class='ocr_carea' id='block_1_43' title="bbox 1099 2129 1848 2173">
    <p class='ocr_par' dir='ltr' id='par_1_43' title="bbox 1099 2129 1848 2170">
     <span class='ocr_line' id='line_1_43' title="bbox 1099 2129 1848 2170; baseline -0.007 -8"><span class='ocrx_word' id='word_1_531' title='bbox 1099 2131 1202 2162; x_wconf 63' lang='lat' dir='ltr'>archus</span> <span class='ocrx_word' id='word_1_532' title='bbox 1218 2131 1339 2163; x_wconf 88' lang='lat' dir='ltr'>Montis</span> <span class='ocrx_word' id='word_1_533' title='bbox 1365 2135 1529 2170; x_wconf 78' lang='grc' dir='ltr'>Ἀγιονὺμου</span> <span class='ocrx_word' id='word_1_534' title='bbox 1550 2130 1773 2164; x_wconf 69' lang='lat' dir='ltr'>ratiorinalioi</span> <span class='ocrx_word' id='word_1_535' title='bbox 1795 2129 1848 2162; x_wconf 86' lang='lat' dir='ltr'>Sic,</span> 
     </span>
    </p>
   </div>
   <div class='ocr_carea' id='block_1_44' title="bbox 222 2179 1851 2222">
    <p class='ocr_par' dir='ltr' id='par_1_44' title="bbox 222 2179 1851 2222">
     <span class='ocr_line' id='line_1_44' title="bbox 222 2179 1851 2222; baseline -0.004 -7"><span class='ocrx_word' id='word_1_536' title='bbox 222 2185 319 2216; x_wconf 85' lang='lat' dir='ltr'>cine‘t</span> <span class='ocrx_word' id='word_1_537' title='bbox 344 2182 494 2214; x_wconf 86' lang='lat' dir='ltr'>Procedit</span> <span class='ocrx_word' id='word_1_538' title='bbox 516 2192 536 2212; x_wconf 88' lang='lat' dir='ltr'>a</span> <span class='ocrx_word' id='word_1_539' title='bbox 555 2182 673 2216; x_wconf 83' lang='lat' dir='ltr'>Patre,-</span> <span class='ocrx_word' id='word_1_540' title='bbox 697 2191 763 2213; x_wconf 86' lang='lat' dir='ltr'>non</span> <span class='ocrx_word' id='word_1_541' title='bbox 780 2183 881 2222; x_wconf 82' lang='lat' dir='ltr'>igitur</span> <span class='ocrx_word' id='word_1_542' title='bbox 909 2192 928 2212; x_wconf 91' lang='lat' dir='ltr'>a</span> <span class='ocrx_word' id='word_1_543' title='bbox 950 2182 1036 2213; x_wconf 82' lang='lat' dir='ltr'>Filio</span> <span class='ocrx_word' id='word_1_544' title='bbox 1061 2192 1070 2211; x_wconf 90' lang='lat'><em>:</em></span> <span class='ocrx_word' id='word_1_545' title='bbox 1096 2190 1169 2214; x_wconf 87' lang='lat' dir='ltr'>cum</span> <span class='ocrx_word' id='word_1_546' title='bbox 1195 2181 1304 2221; x_wconf 88' lang='lat' dir='ltr'>potius</span> <span class='ocrx_word' id='word_1_547' title='bbox 1334 2182 1511 2213; x_wconf 87' lang='lat' dir='ltr'>dicendum</span> <span class='ocrx_word' id='word_1_548' title='bbox 1533 2182 1615 2213; x_wconf 79' lang='lat' dir='ltr'>foret</span> <span class='ocrx_word' id='word_1_549' title='bbox 1635 2191 1642 2213; x_wconf 95' lang='lat'><strong><em>:</em></strong></span> <span class='ocrx_word' id='word_1_550' title='bbox 1666 2179 1814 2212; x_wconf 83' lang='lat' dir='ltr'>Procedit</span> <span class='ocrx_word' id='word_1_551' title='bbox 1836 2187 1851 2206; x_wconf 86' lang='grc' dir='ltr'><em>α</em></span> 
     </span>
    </p>
   </div>
   <div class='ocr_carea' id='block_1_45' title="bbox 224 2232 1848 2273">
    <p class='ocr_par' dir='ltr' id='par_1_45' title="bbox 224 2232 1848 2273">
     <span class='ocr_line' id='line_1_45' title="bbox 224 2232 1848 2273; baseline -0.002 -9"><span class='ocrx_word' id='word_1_552' title='bbox 224 2235 332 2271; x_wconf 83' lang='lat' dir='ltr'>Patre,</span> <span class='ocrx_word' id='word_1_553' title='bbox 350 2243 422 2273; x_wconf 87' lang='lat' dir='ltr'>ergo</span> <span class='ocrx_word' id='word_1_554' title='bbox 441 2238 469 2265; x_wconf 84' lang='lat' dir='ltr'>et</span> <span class='ocrx_word' id='word_1_555' title='bbox 487 2243 506 2264; x_wconf 84' lang='grc' dir='ltr'><strong>α</strong></span> <span class='ocrx_word' id='word_1_556' title='bbox 520 2233 618 2271; x_wconf 85' lang='lat' dir='ltr'>Filio,</span> <span class='ocrx_word' id='word_1_557' title='bbox 636 2233 677 2265; x_wconf 85' lang='lat' dir='ltr'>ob</span> <span class='ocrx_word' id='word_1_558' title='bbox 704 2234 861 2264; x_wconf 78' lang='lat' dir='ltr'>indicates</span> <span class='ocrx_word' id='word_1_559' title='bbox 890 2232 1045 2264; x_wconf 87' lang='lat' dir='ltr'>rationes.</span> <span class='ocrx_word' id='word_1_560' title='bbox 1073 2233 1133 2263; x_wconf 89' lang='lat' dir='ltr'>Sed</span> <span class='ocrx_word' id='word_1_561' title='bbox 1157 2236 1190 2264; x_wconf 86' lang='lat' dir='ltr'>et</span> <span class='ocrx_word' id='word_1_562' title='bbox 1212 2232 1282 2272; x_wconf 87' lang='lat' dir='ltr'>ipse</span> <span class='ocrx_word' id='word_1_563' title='bbox 1303 2232 1564 2273; x_wconf 78' lang='lat' dir='ltr'>&#39;l‘heopliylactus</span> <span class='ocrx_word' id='word_1_564' title='bbox 1589 2232 1670 2263; x_wconf 87' lang='lat' dir='ltr'>male</span> <span class='ocrx_word' id='word_1_565' title='bbox 1686 2233 1775 2263; x_wconf 59' lang='lat' dir='ltr'>fama</span> <span class='ocrx_word' id='word_1_566' title='bbox 1791 2237 1848 2260; x_wconf 72' lang='lat' dir='ltr'>sua:</span> 
     </span>
    </p>
   </div>
   <div class='ocr_carea' id='block_1_46' title="bbox 224 2279 1848 2322">
    <p class='ocr_par' dir='ltr' id='par_1_46' title="bbox 224 2279 1848 2322">
     <span class='ocr_line' id='line_1_46' title="bbox 224 2279 1848 2322; baseline -0.003 -8"><span class='ocrx_word' id='word_1_567' title='bbox 224 2284 379 2321; x_wconf 86' lang='lat' dir='ltr'>consulit,</span> <span class='ocrx_word' id='word_1_568' title='bbox 398 2284 475 2314; x_wconf 87' lang='lat' dir='ltr'>dum</span> <span class='ocrx_word' id='word_1_569' title='bbox 503 2283 690 2322; x_wconf 78' lang='lat' dir='ltr'>praedictum</span> <span class='ocrx_word' id='word_1_570' title='bbox 715 2286 945 2322; x_wconf 81' lang='lat' dir='ltr'>argumentum</span> <span class='ocrx_word' id='word_1_571' title='bbox 967 2281 1140 2321; x_wconf 82' lang='lat' dir='ltr'>simplicem</span> <span class='ocrx_word' id='word_1_572' title='bbox 1162 2287 1254 2313; x_wconf 78' lang='lat' dir='ltr'>vocat</span> <span class='ocrx_word' id='word_1_573' title='bbox 1275 2282 1510 2322; x_wconf 82' lang='lat' dir='ltr'>absolutamque</span> <span class='ocrx_word' id='word_1_574' title='bbox 1525 2284 1679 2314; x_wconf 82' lang='lat' dir='ltr'>rationem</span> <span class='ocrx_word' id='word_1_575' title='bbox 1696 2281 1750 2322; x_wconf 84' lang='lat' dir='ltr'>(b),</span> <span class='ocrx_word' id='word_1_576' title='bbox 1766 2279 1848 2312; x_wconf 85' lang='lat' dir='ltr'>addi-</span> 
     </span>
    </p>
   </div>
   <div class='ocr_carea' id='block_1_47' title="bbox 225 2333 1846 2376">
    <p class='ocr_par' dir='ltr' id='par_1_47' title="bbox 225 2333 1846 2376">
     <span class='ocr_line' id='line_1_47' title="bbox 225 2333 1846 2376; baseline -0.005 -8"><span class='ocrx_word' id='word_1_577' title='bbox 225 2336 350 2376; x_wconf 88' lang='lat' dir='ltr'>ditque,</span> <span class='ocrx_word' id='word_1_578' title='bbox 368 2335 468 2366; x_wconf 87' lang='lat' dir='ltr'>alium</span> <span class='ocrx_word' id='word_1_579' title='bbox 486 2334 580 2366; x_wconf 88' lang='lat' dir='ltr'>nobis</span> <span class='ocrx_word' id='word_1_580' title='bbox 599 2343 672 2365; x_wconf 85' lang='lat' dir='ltr'>csse</span> <span class='ocrx_word' id='word_1_581' title='bbox 688 2334 899 2374; x_wconf 74' lang='lat' dir='ltr'>quaerendum</span> <span class='ocrx_word' id='word_1_582' title='bbox 915 2333 1080 2364; x_wconf 88' lang='lat' dir='ltr'>doctorem</span> <span class='ocrx_word' id='word_1_583' title='bbox 1098 2337 1212 2373; x_wconf 66' lang='lat' dir='ltr'>printer</span> <span class='ocrx_word' id='word_1_584' title='bbox 1222 2343 1320 2365; x_wconf 82' lang='lat' dir='ltr'>unum</span> <span class='ocrx_word' id='word_1_585' title='bbox 1334 2335 1520 2374; x_wconf 80' lang='lat' dir='ltr'>magistrum</span> <span class='ocrx_word' id='word_1_586' title='bbox 1530 2339 1675 2365; x_wconf 81' lang='lat' dir='ltr'>nostrum</span> <span class='ocrx_word' id='word_1_587' title='bbox 1687 2334 1846 2371; x_wconf 71' lang='lat' dir='ltr'>Christum,</span> 
     </span>
    </p>
   </div>
   <div class='ocr_carea' id='block_1_48' title="bbox 224 2381 1846 2427">
    <p class='ocr_par' dir='ltr' id='par_1_48' title="bbox 224 2381 1846 2427">
     <span class='ocr_line' id='line_1_48' title="bbox 224 2381 1846 2427; baseline -0.006 -7"><span class='ocrx_word' id='word_1_588' title='bbox 224 2390 250 2420; x_wconf 88' lang='lat' dir='ltr'>si</span> <span class='ocrx_word' id='word_1_589' title='bbox 270 2389 346 2420; x_wconf 87' lang='lat' dir='ltr'>huic</span> <span class='ocrx_word' id='word_1_590' title='bbox 367 2387 508 2427; x_wconf 82' lang='lat' dir='ltr'>dogmati</span> <span class='ocrx_word' id='word_1_591' title='bbox 531 2386 693 2418; x_wconf 84' lang='lat' dir='ltr'>adhaerere</span> <span class='ocrx_word' id='word_1_592' title='bbox 720 2385 871 2417; x_wconf 89' lang='lat' dir='ltr'>velimus.</span> <span class='ocrx_word' id='word_1_593' title='bbox 889 2387 928 2417; x_wconf 85' lang='lat' dir='ltr'>At</span> <span class='ocrx_word' id='word_1_594' title='bbox 954 2393 1044 2423; x_wconf 78' lang='lat' dir='ltr'>vero,</span> <span class='ocrx_word' id='word_1_595' title='bbox 1071 2385 1098 2416; x_wconf 90' lang='lat' dir='ltr'>si</span> <span class='ocrx_word' id='word_1_596' title='bbox 1122 2385 1270 2417; x_wconf 88' lang='lat' dir='ltr'>Christus</span> <span class='ocrx_word' id='word_1_597' title='bbox 1290 2385 1409 2417; x_wconf 88' lang='lat' dir='ltr'>aiendo</span> <span class='ocrx_word' id='word_1_598' title='bbox 1433 2396 1440 2416; x_wconf 91' lang='lat'><strong>:</strong></span> <span class='ocrx_word' id='word_1_599' title='bbox 1466 2386 1520 2426; x_wconf 85' lang='lat' dir='ltr'>qui</span> <span class='ocrx_word' id='word_1_600' title='bbox 1547 2395 1565 2417; x_wconf 88' lang='lat' dir='ltr'>a</span> <span class='ocrx_word' id='word_1_601' title='bbox 1590 2385 1685 2416; x_wconf 88' lang='lat' dir='ltr'>Patre</span> <span class='ocrx_word' id='word_1_602' title='bbox 1702 2381 1846 2425; x_wconf 81' lang='lat' dir='ltr'>procedit,</span> 
     </span>
    </p>
   </div>
   <div class='ocr_carea' id='block_1_49' title="bbox 227 2437 1845 2477">
    <p class='ocr_par' dir='ltr' id='par_1_49' title="bbox 227 2437 1845 2477">
     <span class='ocr_line' id='line_1_49' title="bbox 227 2437 1845 2477; baseline -0.006 -5"><span class='ocrx_word' id='word_1_603' title='bbox 227 2440 320 2473; x_wconf 89' lang='lat' dir='ltr'>nobis</span> <span class='ocrx_word' id='word_1_604' title='bbox 338 2439 525 2471; x_wconf 84' lang='lat' dir='ltr'>nullatenus</span> <span class='ocrx_word' id='word_1_605' title='bbox 543 2437 744 2474; x_wconf 85' lang='lat' dir='ltr'>adversatur,</span> <span class='ocrx_word' id='word_1_606' title='bbox 762 2437 864 2468; x_wconf 89' lang='lat' dir='ltr'>multo</span> <span class='ocrx_word' id='word_1_607' title='bbox 881 2437 990 2468; x_wconf 89' lang='lat' dir='ltr'>minus</span> <span class='ocrx_word' id='word_1_608' title='bbox 1005 2437 1158 2469; x_wconf 81' lang='lat' dir='ltr'>censendi</span> <span class='ocrx_word' id='word_1_609' title='bbox 1177 2441 1254 2469; x_wconf 88' lang='lat' dir='ltr'>sunt</span> <span class='ocrx_word' id='word_1_610' title='bbox 1268 2437 1362 2469; x_wconf 90' lang='lat' dir='ltr'>nobis</span> <span class='ocrx_word' id='word_1_611' title='bbox 1379 2437 1528 2468; x_wconf 85' lang='lat' dir='ltr'>contrarii</span> <span class='ocrx_word' id='word_1_612' title='bbox 1542 2446 1613 2468; x_wconf 85' lang='lat' dir='ltr'>esse</span> <span class='ocrx_word' id='word_1_613' title='bbox 1626 2437 1845 2477; x_wconf 76' lang='lat' dir='ltr'>quicunqueex</span> 
     </span>
    </p>
   </div>
   <div class='ocr_carea' id='block_1_50' title="bbox 224 2484 1846 2528">
    <p class='ocr_par' dir='ltr' id='par_1_50' title="bbox 224 2484 1846 2528">
     <span class='ocr_line' id='line_1_50' title="bbox 224 2484 1846 2528; baseline -0.007 -6"><span class='ocrx_word' id='word_1_614' title='bbox 224 2489 344 2522; x_wconf 64' lang='lat' dir='ltr'>Graecis</span> <span class='ocrx_word' id='word_1_615' title='bbox 362 2488 509 2519; x_wconf 78' lang='lat' dir='ltr'>Patribus</span> <span class='ocrx_word' id='word_1_616' title='bbox 538 2488 654 2520; x_wconf 85' lang='lat' dir='ltr'>docent</span> <span class='ocrx_word' id='word_1_617' title='bbox 687 2487 904 2525; x_wconf 80' lang='lat' dir='ltr'>solummodo,</span> <span class='ocrx_word' id='word_1_618' title='bbox 929 2486 1151 2528; x_wconf 77' lang='lat' dir='ltr'>aﬂirmantque</span> <span class='ocrx_word' id='word_1_619' title='bbox 1173 2487 1329 2527; x_wconf 88' lang='lat' dir='ltr'>Spiritum</span> <span class='ocrx_word' id='word_1_620' title='bbox 1350 2492 1496 2519; x_wconf 86' lang='lat' dir='ltr'>sanctum</span> <span class='ocrx_word' id='word_1_621' title='bbox 1518 2498 1539 2517; x_wconf 81' lang='grc' dir='ltr'>ιι</span> <span class='ocrx_word' id='word_1_622' title='bbox 1563 2487 1657 2519; x_wconf 83' lang='lat' dir='ltr'>Patre</span> <span class='ocrx_word' id='word_1_623' title='bbox 1679 2484 1846 2527; x_wconf 76' lang='lat' dir='ltr'>procedere.</span> 
     </span>
    </p>
   </div>
   <div class='ocr_carea' id='block_1_51' title="bbox 226 2538 1844 2579">
    <p class='ocr_par' dir='ltr' id='par_1_51' title="bbox 226 2538 1844 2579">
     <span class='ocr_line' id='line_1_51' title="bbox 226 2538 1844 2579; baseline -0.003 -8"><span class='ocrx_word' id='word_1_624' title='bbox 226 2541 306 2571; x_wconf 89' lang='lat' dir='ltr'>Cum</span> <span class='ocrx_word' id='word_1_625' title='bbox 325 2539 423 2579; x_wconf 82' lang='lat' dir='ltr'>igitur</span> <span class='ocrx_word' id='word_1_626' title='bbox 438 2539 622 2570; x_wconf 78' lang='lat' dir='ltr'>Graecorum</span> <span class='ocrx_word' id='word_1_627' title='bbox 646 2546 740 2569; x_wconf 90' lang='lat' dir='ltr'>nemo</span> <span class='ocrx_word' id='word_1_628' title='bbox 766 2538 927 2569; x_wconf 82' lang='lat' dir='ltr'>iuﬁcietur</span> <span class='ocrx_word' id='word_1_629' title='bbox 950 2539 1101 2569; x_wconf 85' lang='lat' dir='ltr'>eumdem</span> <span class='ocrx_word' id='word_1_630' title='bbox 1125 2542 1155 2569; x_wconf 86' lang='lat' dir='ltr'>ct</span> <span class='ocrx_word' id='word_1_631' title='bbox 1179 2546 1194 2569; x_wconf 83' lang='lat' dir='ltr'>a</span> <span class='ocrx_word' id='word_1_632' title='bbox 1214 2538 1298 2569; x_wconf 88' lang='lat' dir='ltr'><strong>Filio</strong></span> <span class='ocrx_word' id='word_1_633' title='bbox 1322 2539 1508 2577; x_wconf 84' lang='lat' dir='ltr'>procedere,</span> <span class='ocrx_word' id='word_1_634' title='bbox 1528 2539 1675 2570; x_wconf 88' lang='lat' dir='ltr'>nonnulli</span> <span class='ocrx_word' id='word_1_635' title='bbox 1693 2542 1794 2570; x_wconf 88' lang='lat' dir='ltr'>autem</span> <span class='ocrx_word' id='word_1_636' title='bbox 1811 2540 1844 2562; x_wconf 68' lang='grc' dir='ltr'>οι</span> 
     </span>
    </p>
   </div>
   <div class='ocr_carea' id='block_1_52' title="bbox 226 2587 1842 2629">
    <p class='ocr_par' dir='ltr' id='par_1_52' title="bbox 226 2587 1842 2629">
     <span class='ocr_line' id='line_1_52' title="bbox 226 2587 1842 2629; baseline -0.004 -7"><span class='ocrx_word' id='word_1_637' title='bbox 226 2592 293 2623; x_wconf 88' lang='lat' dir='ltr'>illis</span> <span class='ocrx_word' id='word_1_638' title='bbox 318 2600 381 2623; x_wconf 89' lang='lat' dir='ltr'>una</span> <span class='ocrx_word' id='word_1_639' title='bbox 397 2600 470 2622; x_wconf 89' lang='lat' dir='ltr'>cum</span> <span class='ocrx_word' id='word_1_640' title='bbox 493 2590 614 2621; x_wconf 88' lang='lat' dir='ltr'>Latinis</span> <span class='ocrx_word' id='word_1_641' title='bbox 634 2589 788 2620; x_wconf 89' lang='lat' dir='ltr'>omnibus</span> <span class='ocrx_word' id='word_1_642' title='bbox 816 2588 989 2626; x_wconf 81' lang='lat' dir='ltr'>aﬂirment,</span> <span class='ocrx_word' id='word_1_643' title='bbox 1014 2588 1156 2628; x_wconf 80' lang='lat' dir='ltr'>profecto</span> <span class='ocrx_word' id='word_1_644' title='bbox 1181 2588 1262 2619; x_wconf 91' lang='lat' dir='ltr'><strong>illud</strong></span> <span class='ocrx_word' id='word_1_645' title='bbox 1291 2598 1408 2629; x_wconf 71' lang='lat' dir='ltr'>negare</span> <span class='ocrx_word' id='word_1_646' title='bbox 1437 2589 1598 2629; x_wconf 79' lang='lat' dir='ltr'>prmfracte</span> <span class='ocrx_word' id='word_1_647' title='bbox 1624 2589 1718 2625; x_wconf 80' lang='lat' dir='ltr'>veile,</span> <span class='ocrx_word' id='word_1_648' title='bbox 1742 2587 1800 2618; x_wconf 86' lang='lat' dir='ltr'>imo</span> <span class='ocrx_word' id='word_1_649' title='bbox 1819 2587 1842 2612; x_wconf 74' lang='grc' dir='ltr'><strong><em>οι</em></strong></span> 
     </span>
    </p>
   </div>
   <div class='ocr_carea' id='block_1_53' title="bbox 228 2635 1840 2681">
    <p class='ocr_par' dir='ltr' id='par_1_53' title="bbox 228 2635 1840 2681">
     <span class='ocr_line' id='line_1_53' title="bbox 228 2635 1840 2681; baseline -0.002 -8"><span class='ocrx_word' id='word_1_650' title='bbox 228 2643 388 2673; x_wconf 80' lang='lat' dir='ltr'>haereseos</span> <span class='ocrx_word' id='word_1_651' title='bbox 412 2650 470 2672; x_wconf 91' lang='lat' dir='ltr'>nos</span> <span class='ocrx_word' id='word_1_652' title='bbox 495 2641 712 2672; x_wconf 84' lang='lat' dir='ltr'>condemnare</span> <span class='ocrx_word' id='word_1_653' title='bbox 736 2641 813 2679; x_wconf 92' lang='lat' dir='ltr'>quia</span> <span class='ocrx_word' id='word_1_654' title='bbox 836 2641 868 2671; x_wconf 87' lang='lat' dir='ltr'><strong>id</strong></span> <span class='ocrx_word' id='word_1_655' title='bbox 893 2639 1084 2676; x_wconf 88' lang='lat' dir='ltr'>asserimus,</span> <span class='ocrx_word' id='word_1_656' title='bbox 1105 2648 1156 2670; x_wconf 77' lang='lat' dir='ltr'>res</span> <span class='ocrx_word' id='word_1_657' title='bbox 1180 2638 1307 2671; x_wconf 81' lang='lat' dir='ltr'>illorum</span> <span class='ocrx_word' id='word_1_658' title='bbox 1334 2646 1377 2671; x_wconf 85' lang='lat' dir='ltr'>est</span> <span class='ocrx_word' id='word_1_659' title='bbox 1401 2641 1511 2679; x_wconf 81' lang='lat' dir='ltr'>[verba</span> <span class='ocrx_word' id='word_1_660' title='bbox 1536 2649 1650 2681; x_wconf 74' lang='lat' dir='ltr'>regem</span> <span class='ocrx_word' id='word_1_661' title='bbox 1671 2647 1742 2679; x_wconf 67' lang='lat' dir='ltr'>qua)</span> <span class='ocrx_word' id='word_1_662' title='bbox 1762 2635 1840 2668; x_wconf 60' lang='lat' dir='ltr'>habel</span> 
     </span>
    </p>
   </div>
   <div class='ocr_carea' id='block_1_54' title="bbox 228 2693 1098 2735">
    <p class='ocr_par' dir='ltr' id='par_1_54' title="bbox 228 2693 1098 2735">
     <span class='ocr_line' id='line_1_54' title="bbox 228 2693 1098 2735; baseline -0.003 -9"><span class='ocrx_word' id='word_1_663' title='bbox 228 2694 487 2735; x_wconf 78' lang='lat' dir='ltr'>Theophylaclus</span> <span class='ocrx_word' id='word_1_664' title='bbox 504 2693 557 2735; x_wconf 63' lang='grc' dir='ltr'>(ιη</span> <span class='ocrx_word' id='word_1_665' title='bbox 568 2694 622 2733; x_wconf 85' lang='lat' dir='ltr'>qui</span> <span class='ocrx_word' id='word_1_666' title='bbox 637 2694 756 2734; x_wconf 77' lang='lat' dir='ltr'>spiritu</span> <span class='ocrx_word' id='word_1_667' title='bbox 772 2694 892 2724; x_wconf 77' lang='lat' dir='ltr'>erroris</span> <span class='ocrx_word' id='word_1_668' title='bbox 910 2693 998 2733; x_wconf 77' lang='lat' dir='ltr'>pleni</span> <span class='ocrx_word' id='word_1_669' title='bbox 1012 2697 1098 2723; x_wconf 84' lang='lat' dir='ltr'>sunt.</span> 
     </span>
    </p>
   </div>
   <div class='ocr_carea' id='block_1_55' title="bbox 264 2797 1013 2870">
    <p class='ocr_par' dir='ltr' id='par_1_55' title="bbox 264 2797 902 2870">
     <span class='ocr_line' id='line_1_55' title="bbox 265 2797 902 2836; baseline 0.005 -9"><span class='ocrx_word' id='word_1_670' title='bbox 265 2801 305 2836; x_wconf 83' lang='lat' dir='ltr'>(tt)</span> <span class='ocrx_word' id='word_1_671' title='bbox 324 2800 404 2828; x_wconf 81' lang='lat' dir='ltr'>Num.</span> <span class='ocrx_word' id='word_1_672' title='bbox 421 2800 466 2828; x_wconf 85' lang='lat' dir='ltr'>Ill.</span> <span class='ocrx_word' id='word_1_673' title='bbox 899 2797 902 2799; x_wconf 22' lang='grc' dir='ltr'><strong>Δ</strong></span> 
     </span>
     <span class='ocr_line' id='line_1_56' title="bbox 264 2836 434 2870; baseline 0 -7"><span class='ocrx_word' id='word_1_674' title='bbox 264 2838 301 2870; x_wconf 65' lang='lat' dir='ltr'>(ti)</span> <span class='ocrx_word' id='word_1_675' title='bbox 323 2836 434 2863; x_wconf 80' lang='lat' dir='ltr'>Ibidem.</span> 
     </span>
    </p>
   </div>
   <div class='ocr_carea' id='block_1_56' title="bbox 523 2797 1272 2870">
    <p class='ocr_par' dir='ltr' id='par_1_56' title="bbox 899 2797 1272 2834">
     <span class='ocr_line' id='line_1_57' title="bbox 899 2797 1272 2834; baseline 0 -10"><span class='ocrx_word' id='word_1_676' title='bbox 899 2797 902 2799; x_wconf 67' lang='grc'>“</span> <span class='ocrx_word' id='word_1_677' title='bbox 1109 2797 1143 2834; x_wconf 85' lang='lat' dir='ltr'>(cl</span> <span class='ocrx_word' id='word_1_678' title='bbox 1161 2797 1272 2826; x_wconf 83' lang='lat' dir='ltr'>ibidem.</span> 
     </span>
    </p>
   </div>
   <div class='ocr_carea' id='block_1_57' title="bbox 276 2844 434 2863">
    <p class='ocr_par' dir='ltr' id='par_1_57' title="bbox 276 2844 434 2863">
     <span class='ocr_line' id='line_1_58' title="bbox 276 2844 434 2863; baseline 0 0"><span class='ocrx_word' id='word_1_679' title='bbox 276 2844 301 2863; x_wconf 77' lang='grc' dir='ltr'>υ)</span> <span class='ocrx_word' id='word_1_680' title='bbox 323 2844 434 2863; x_wconf 76' lang='grc' dir='ltr'>ιυιαυιη.</span> 
     </span>
    </p>
   </div>
  </div>
