1897 3052
221 161 276 192 4ξ3
737 167 931 197 BONIFACll
958 168 1112 198 Fli‘i'E'i‘l‘l
1143 169 1340 199 PILEFATIO
1794 169 1836 200 iii

221 224 269 250 ret
294 223 376 258 vota,
406 229 466 253 suo
501 222 731 255 Anecdotorum
751 225 925 261 Fasciculo,
955 234 1050 264 quem
1081 226 1181 256 edidit
1199 235 1250 256 an.
1285 226 1371 262 I756,
1407 225 1610 256 inserendam
1640 225 1835 258 existimavit.

219 270 310 307 Quod
333 272 466 310 quidem
492 275 616 305 tametsi
641 275 794 306 editionis
822 275 918 314 hujus
950 275 1131 306 fautoribus
1157 277 1252 316 paulo
1269 277 1482 316 injucundius
1510 276 1675 312 acciderit,
1693 284 1732 307 eo
1759 278 1834 315 quoi

187 359 190 362 ~
219 320 337 351 exinde
362 327 552 362 prmreptum
574 326 602 355 ei
627 325 750 364 aliquid
777 325 880 356 laudis
907 326 1164 365 suspicarentur,
1198 327 1276 357 mihi
1303 332 1409 357 tamen
1436 326 1699 366 percommodum
1724 326 1836 356 cessit:

218 371 264 401 sic
280 372 366 401 enim
384 373 600 410 collationem,
616 383 710 413 quam
728 383 799 405 cum
815 376 1012 406 Bononiensi
1034 381 1122 407 textu
1141 376 1247 407 facere
1267 377 1455 413 meditabar,
1478 386 1516 407 eo
1528 376 1593 415 jam
1617 376 1716 410 edito.
1747 375 1836 406 multo

217 420 344 453 facilius
361 425 496 463 exsequi
526 426 628 464 potui.
645 426 798 457 Caeterum
818 426 1043 466 Mingarellius
1065 428 1173 458 GNBCO
1198 427 1298 459 textui
1318 428 1459 458 Latinam
1488 427 1671 458 versionem
1701 425 1838 466 adjunxit

216 482 294 505 sane
310 480 486 506 accuratam
503 481 533 507 et
547 477 679 508 nitidam
702 489 709 508 :
728 487 823 518 quam
839 483 1017 518 propterea,
1042 484 1076 510 ut
1092 480 1125 510 in
1141 480 1221 510 hanc
1239 480 1416 517 editionem
1432 481 1636 515 asciscerem.
1653 479 1761 510 animo
1787 480 1837 512 diu

216 526 421 566 multumque
451 529 622 567 propendi.
650 531 709 561 Sed
729 532 854 561 tandem
874 531 917 561 nil
937 539 1007 561 esse
1020 536 1120 568 ratus,
1139 541 1196 563 cur
1220 532 1401 563 versionem
1419 540 1519 563 meam
1533 539 1572 562 eo
1585 531 1659 570 jure
1673 531 1836 570 privarenti

215 579 303 618 quod
319 579 442 609 ratione
461 580 614 618 temporis
631 581 840 620 acquisierat,
858 587 887 612 et
904 587 1074 622 postquam
1094 583 1178 613 haud
1193 582 1347 614 mediocri
1371 582 1444 613 nisu
1460 584 1595 613 eluctata
1615 590 1654 612 e1
1670 579 1838 620 exemplari

215 631 300 658 esset
321 629 469 668 pluribus
489 631 528 660 de
547 631 653 661 causis
686 632 856 670 perarduo,
887 641 955 662 eam
980 633 1149 663 innoxiam
1168 633 1312 664 tenebris
1334 635 1516 664 damnarem
1535 631 1714 671 perpetuis,
1746 631 1838 669 ipsam

213 678 264 708 llic
276 680 499 718 apponendam
518 682 644 712 censui.
664 683 819 713 Cmterum
839 692 910 714 cum
930 683 1145 714 Bononiensis
1166 684 1267 714 codex
1283 683 1394 714 codice
1426 682 1837 717 Caesareo-Vindobonensi,

213 730 268 768 qui
284 730 366 762 haud
382 731 422 762 ita
441 741 584 771 magnam
617 734 740 764 redolet
765 735 1001 774 antiquitatem,
1017 735 1095 765 mihi
1112 735 1287 774 aliquando
1303 735 1437 765 nitidior
1457 735 1545 765 visus
1560 734 1614 771 sit,
1628 734 1839 765 emcndatior-

213 790 289 820 (1ηον
323 782 411 813 illius
428 791 488 820 ope
505 784 661 814 nonnulla
692 785 752 815 mei
780 784 972 824 exemplaris
995 786 1156 825 corrigere
1182 787 1294 816 menda
1308 786 1412 826 (prius
1427 786 1562 826 quidem
1578 785 1646 816 sola
1662 784 1837 823 conjectura

213 833 303 870 plura
320 832 541 872 sustuleram),
561 833 701 873 indeque
713 838 742 864 et
757 834 940 865 versionem
957 844 1060 866 meam
1072 835 1309 876 aliquantulum
1329 836 1479 875 perﬁcere
1498 836 1575 866 mihi
1592 835 1706 866 licuit:
1724 838 1759 865 ut
1774 843 1839 873 pro-

212 882 287 912 inde
305 891 367 913 non
383 884 515 913 omnino
535 892 595 914 suo
615 885 770 915 exciderit
788 889 859 916 voto
883 886 1166 924 praestantissimus
1196 886 1432 926 Mingarellius,
1455 886 1513 926 qui
1527 895 1563 917 ea
1580 894 1642 924 prie
1660 885 1786 916 caneris
1804 886 1837 914 ait

211 934 423 972 evnlgandam
443 934 680 966 Allecutionem
714 937 794 967 hanc
814 937 938 968 ratione
971 946 1005 968 se
1022 938 1191 969 inductum
1212 938 1314 969 fuisse
1331 943 1452 975 monet,
1467 943 1503 969 ut
1517 938 1742 978 Theophylacti
1766 938 1840 977 0pc-

209 993 280 1015 rum
300 985 395 1015 editio
409 986 506 1024 magis
525 987 684 1026 magisque
705 987 819 1026 perﬁci
831 987 946 1026 possit.
969 989 1008 1017 At
1022 991 1052 1017 et
1067 988 1209 1018 codicem
1237 988 1489 1024 Bononiensem,
1510 988 1635 1019 tametsi
1651 988 1839 1026 plerumque

210 1037 455 1068 Vindobonensi
485 1039 681 1076 nitidiorem,
703 1039 845 1070 vicissim
869 1048 974 1078 posse,
1005 1041 1072 1071 imo
1088 1044 1118 1071 et
1135 1042 1252 1072 debere
1268 1042 1297 1072 in
1312 1041 1474 1081 aliquibus
1490 1041 1607 1081 corrigi
1634 1045 1664 1072 et
1690 1041 1762 1079 ipse
1794 1049 1840 1071 co—

209 1087 279 1118 dice
299 1088 552 1125 \'indobonensi,
571 1090 742 1128 perspiciet
773 1089 865 1120 facile
884 1090 984 1120 lector
1005 1100 1041 1120 ex
1064 1090 1263 1121 variantibus
1280 1091 1486 1125 lectionibus,
1500 1099 1580 1130 quas
1595 1091 1633 1121 ad
1653 1090 1838 1129 paginarum

208 1138 326 1169 calcem
347 1139 490 1171 adtexui.
510 1141 547 1170 Et
565 1148 641 1171 sane
653 1140 823 1171 lectionem
837 1140 1125 1171 Vindobonensem
1142 1142 1173 1172 in
1188 1142 1384 1181 quibusdam
1401 1140 1641 1172 anteferendum
1656 1149 1730 1172 esse
1744 1141 1841 1171 Bono-

209 1189 329 1227 niensi,
350 1199 455 1227 nemo,
472 1194 504 1222 ut
518 1197 606 1230 puto,
633 1191 844 1228 inﬁciabitnr,
873 1193 928 1231 qui
947 1193 1202 1233 pauculas,quas
1218 1194 1408 1233 adjecimus,
1438 1198 1530 1224 notas
1550 1195 1738 1232 expendere
1754 1192 1838 1223 velit.

208 1243 373 1291 Var-iantes
397 1252 530 1283 quoque
560 1243 727 1281 lectiones,
742 1254 814 1284 quae
829 1245 859 1276 in
877 1245 1063 1276 Cliomateni
1089 1246 1248 1285 excerptis
1264 1245 1656 1282 occurrunt,addidimus,
1678 1253 1744 1275 non
1769 1245 1841 1284 qui-

208 1295 280 1324 dem
313 1302 438 1329 omnes,
455 1296 510 1325 sed
539 1304 592 1326 eas
609 1299 731 1326 tantum
751 1305 820 1336 qum
838 1296 971 1335 alicujus
989 1305 1060 1326 esse
1088 1296 1241 1327 momenti
1263 1296 1338 1328 visco
1349 1300 1432 1327 sunt.
1451 1297 1512 1326 Sed
1536 1295 1601 1336 jam
1627 1296 1666 1326 de
1706 1295 1842 1335 ipsamet

208 1343 413 1376 Allocutione
431 1345 589 1376 nonnulla
609 1346 766 1376 dicamus.

248 1406 365 1438 XXVI.
392 1408 491 1438 Erunt
521 1408 653 1438 fortasse
679 1408 734 1448 qni
760 1408 841 1439 hanc
874 1407 1104 1447 ’l‘heOphylacti
1130 1408 1267 1448 opellam
1298 1407 1428 1438 nonnisi
1453 1398 1557 1438 Photii
1579 1407 1796 1438 sectatoribus
1814 1407 1842 1436 in

206 1465 270 1487 suo
289 1457 460 1488 schismate
479 1458 684 1488 obﬁrmandis
704 1458 779 1489 usui
805 1467 875 1488 esse
895 1466 990 1498 posse
1006 1458 1208 1492 arbitrantes,
1231 1466 1299 1488 eam
1327 1466 1342 1488 a
1361 1457 1454 1488 nobis
1481 1457 1514 1487 in
1546 1456 1706 1495 publicam
1739 1455 1841 1486 eﬁ‘erti

206 1507 324 1545 lucem,
343 1518 425 1547 aegre
443 1509 567 1549 fer;xnt,_
581 1513 635 1539 aut
651 1510 762 1540 saltem
791 1510 1002 1541 demirentur.
1029 1510 1087 1540 Sed
1114 1516 1172 1539 nos
1198 1510 1237 1540 ab
1261 1517 1372 1539 eorum
1390 1508 1445 1547 qui
1462 1508 1505 1538 ita
1523 1507 1669 1538 sentiunt
1684 1507 1841 1544 opinione

204 1559 285 1590 adeo
302 1560 409 1598 procul
427 1559 593 1597 absumus,
617 1565 648 1590 ut
666 1569 729 1590 non
749 1561 842 1591 modo
863 1559 1035 1590 nullumin
1057 1568 1091 1590 ea
1110 1560 1232 1590 edenda
1263 1559 1443 1599 periculum
1462 1559 1596 1590 subesse
1621 1557 1839 1596 suspicemur,

204 1611 260 1641 sed
290 1609 426 1641 frui-tum
460 1611 554 1641 etiam
589 1610 799 1649 multiplicem
835 1611 952 1641 exinde
983 1610 1076 1640 nobis
1106 1610 1320 1640 obventurum
1346 1609 1574 1639 conﬁdamus:
1602 1608 1787 1644 ist-ilicet,
1813 1612 1842 1638 ut

207 1662 412 1700 integerrima
432 1662 464 1692 in
490 1662 683 1702 cvulgandis
709 1661 939 1701 TllQOphyiﬂCli
965 1662 1127 1701 Operibus
1153 1662 1228 1691 tich
1254 1664 1360 1691 nostra
1385 1660 1537 1691 omnibus
1563 1659 1728 1699 explorata
1765 1660 1842 1689 tiat:

153 1754 156 1759 Ι
205 1712 325 1742 deinde
344 1717 379 1742 ut
397 1713 496 1743 Latini
516 1713 656 1744 nominis
672 1713 781 1744 hostes
809 1712 1015 1752 perspiciam,
1034 1713 1076 1743 ita
1093 1720 1151 1743 nos
1170 1711 1311 1751 aequitati
1337 1719 1441 1742 causae
1465 1714 1581 1740 nostra)
1607 1710 1786 1746 conﬁdere,
1813 1713 1844 1739 ut

204 1772 277 1802 quae
302 1769 410 1796 contra
439 1765 619 1796 atteruntur
644 1771 831 1805 argumenta
860 1765 892 1795 in
926 1765 1068 1795 medium
1099 1764 1275 1802 producere
1305 1771 1368 1794 non
1395 1770 1565 1793 voreamur
1594 1769 1601 1791 :
1635 1761 1785 1800 denique
1812 1765 1845 1791 ut

204 1813 353 1845 Photiani
369 1816 423 1855 (ita
440 1823 495 1846 eos
515 1815 677 1854 appellare
695 1814 796 1850 lubet,
821 1814 877 1854 qui
892 1823 933 1844 ex
949 1815 1065 1845 Grmcis
1081 1814 1245 1845 schismati
1265 1813 1442 1848 adhaerent,
1465 1817 1498 1843 ut
1526 1811 1565 1842 ab
1584 1812 1703 1851 inclyta
1733 1819 1842 1842 eorum

204 1866 344 1903 natione,
363 1874 458 1905 quam
472 1873 663 1905 magnopere
682 1864 793 1904 diligo,
807 1868 850 1900 et,
867 1868 901 1894 ut
917 1864 1016 1900 decet,
1035 1863 1116 1898 colo,
1131 1863 1308 1903 secernam)
1324 1862 1499 1902 aliquando
1516 1862 1639 1891 discant
1654 1861 1790 1900 (nquius
1808 1863 1844 1892 de

206 1915 312 1947 Latina
348 1915 490 1947 Ecclesia
517 1916 650 1952 sentire,
669 1915 862 1954 animosque
892 1914 1017 1953 capiunt
1043 1914 1282 1944 moderatiores.
1297 1914 1391 1951 Quod
1421 1913 1463 1943 ita
1489 1912 1619 1951 quidem
1646 1916 1843 1942 eventurum

201 1968 340 2005 conﬁdo,
361 1969 388 1998 si
406 1968 516 1998 sedato
541 1967 728 2006 passionum
757 1970 849 2003 testu,
881 1974 916 1996 ae
943 1964 1140 2004 priejudiciis
1166 1964 1329 2004 paulisper
1354 1964 1518 2003 sepositis.
1541 1963 1580 1994 ad
1607 1961 1845 2003 'l‘heophylacti

203 2019 316 2058 placita
345 2023 453 2058 (quem
482 2018 561 2049 alias
590 2017 707 2057 magni,
735 2026 794 2047 nec
819 2016 994 2052 immerito,
1018 2015 1152 2055 faciunt)
1178 2016 1323 2047 animum
1355 2019 1563 2055 mentemque
1592 2023 1683 2045 suam
1712 2017 1846 2054 exigere

201 2070 314 2102 velint.
328 2071 396 2101 Hoc
414 2070 441 2100 si
465 2069 684 2108 praestiterint,
701 2068 888 2099 fatebuntur
903 2076 992 2104 sane,
1007 2076 1103 2106 neque
1120 2066 1160 2106 (ιι)
1177 2066 1292 2096 multos
1312 2075 1375 2095 esse
1390 2066 1575 2096 Latinorum
1587 2075 1726 2101 errores,
1747 2075 1843 2104 neque

201 2122 291 2157 tales,
315 2122 369 2160 qui
384 2121 424 2152 ad
446 2120 667 2152 discindendas
683 2119 846 2150 Ecclesias
864 2119 929 2149 sint
943 2118 1062 2155 idonei,
1080 2125 1245 2156 eorumque
1267 2116 1390 2146 nullum
1401 2117 1442 2146 ad
1458 2116 1532 2155 ﬁdei
1553 2122 1647 2155 caput
1662 2117 1844 2156 pertinere.

201 2174 399 2204 Fatebuntur
415 2172 586 2212 ejusmodi,
599 2176 631 2202 ut
646 2171 708 2210 ipsi
722 2174 845 2208 putant,
859 2177 984 2200 errores
997 2168 1079 2199 ultra
1097 2168 1252 2199 rationem
1262 2175 1390 2197 omnem
1402 2171 1431 2197 et
1445 2168 1575 2197 modum
1588 2167 1849 2206 aferridioribus

200 2224 395 2264 quibusdam
412 2222 659 2262 (blorthadoxiw
674 2221 865 2252 uiatoribus
880 2220 1084 2259 ampliﬁcari;
1109 2219 1304 2258 aliquosque
1324 2218 1456 2254 nullius,
1473 2219 1555 2248 alios
1584 2227 1659 2248 vero
1672 2218 1847 2249 mediocris

201 2274 425 2306 emendationis
456 2273 612 2312 indigere,
636 2273 676 2302 ita
693 2276 728 2303 ut
752 2281 816 2302 non
839 2272 943 2310 magni
967 2271 1093 2301 intersit
1117 2270 1276 2305 Ecclesiae,
1301 2270 1330 2300 si
1355 2279 1388 2300 ea
1408 2270 1615 2309 perﬁciatur.
1639 2270 1848 2301 Fatebuntur

200 2335 328 2358 munem
347 2325 446 2356 ferme
461 2324 679 2356 dissensionis
696 2325 823 2355 Graecos
840 2324 924 2354 inter
938 2331 974 2354 ac
990 2323 1118 2353 Latinos
1136 2330 1262 2353 causam
1281 2322 1489 2353 revocandam
1505 2331 1578 2353 esse
1593 2323 1630 2353 ad
1648 2323 1848 2361 particuiam

199 2379 342 2418 Filioque
371 2378 524 2419 Symbolo
546 2377 699 2417 adjectam
724 2377 775 2416 (c),
802 2377 947 2416 adeoque
973 2384 1029 2406 nec
1049 2380 1183 2415 propter
1209 2384 1329 2413 azyma,
1355 2383 1453 2414 neque
1479 2379 1615 2413 propter
1635 2375 1773 2414 jejunio
1797 2374 1847 2413 (ιιι,

198 2433 298 2463 mutto
315 2440 388 2462 vero
406 2432 509 2461 minus
526 2435 661 2470 propter
677 2430 811 2469 reliqua,
831 2438 940 2468 pacem
957 2437 1026 2460 esse
1037 2438 1108 2460 cum
1129 2429 1241 2459 Latina
1255 2427 1395 2459 Ecclesia
1410 2427 1610 2458 turbandam.
1637 2427 1850 2459 Fatebun‘m-

199 2484 312 2521 multa,
330 2492 403 2524 quae
423 2484 502 2523 ipsis
519 2492 642 2513 errores
658 2488 743 2520 sunt,
764 2491 866 2513 merus
902 2482 1143 2513 consuetudines
1159 2481 1196 2522 (ε)
1222 2489 1307 2518 esse,
1333 2480 1482 2520 quasdam
1506 2478 1629 2519 quidem
1653 2489 1694 2509 ex
1711 2480 1849 2518 pietate,

198 2538 278 2568 alias
294 2546 334 2568 ea:
348 2536 482 2578 provida
494 2536 703 2576 dispositione
723 2535 932 2566 introduclas.
955 2536 1155 2566 Fatehuntur
1179 2534 1334 2572 denique,
1361 2542 1400 2564 ex
1423 2532 1493 2563 solo
1509 2533 1676 2563 charitatis
1702 2532 1849 2572 defectu,

197 2588 367 2621 ambitione
379 2597 415 2619 ac
437 2587 587 2627 superbia
603 2587 653 2627 (Γ),
666 2595 703 2617 ex
723 2587 786 2616 zelo
802 2595 866 2616 non
882 2586 1050 2616 secundum
1065 2586 1239 2622 scientiam,
1257 2594 1295 2615 ea:
1311 2592 1387 2615 cwco
1402 2585 1457 2619 sui
1469 2591 1574 2613 amore
1586 2583 1628 2622 (g)
1636 2586 1681 2613 tot
1713 2585 1850 2622 ϐοηδριὶ

233 2725 273 2760 (a)
291 2724 380 2752 Verba
396 2722 594 2759 Thcopltylacti
608 2721 695 2750 Allor.
717 2729 792 2749 num.
810 2722 829 2755 I,
845 2729 906 2759 pag.
922 2721 985 2750 515.
1038 2720 1107 2748 enim
1135 2719 1268 2782 gamma
1282 2718 1460 2752 suscipimus,
1480 2720 1560 2757 etc..;.
1585 2720 1643 2742 tum
1666 2723 1737 2749 quae
1769 2715 1850 2742 habet

233 2761 271 2782 (In
290 2761 371 2782 Num.
389 2759 419 2782 II.
1042 2763 1120 2782 num.
1165 2753 1207 2782 VI.
1223 2756 1268 2781 ubi
1286 2754 1415 2782 graphice
1441 2752 1574 2779 describit
1593 2751 1794 2782 quorumdam
1818 2758 1849 2776 ex

233 2751 272 2794 ibi
289 2761 371 2788 Num.
389 2759 419 2785 ll.
512 2751 522 2759 ⁷
823 2751 828 2755 ’
845 2751 852 2758 ”
879 2751 895 2759 ”’
1042 2763 1120 2794 num.
1135 2751 1207 2794 XV].
1223 2754 1268 2794 tibi
1286 2751 1415 2794 graphice
1441 2752 1574 2794 describit
1593 2751 1794 2794 quorumdam
1806 2758 1849 2794 ex

234 2786 269 2831 ir),
287 2786 327 2822 ib.
343 2801 371 2822 et
382 2802 458 2831 utrm.
472 2793 515 2822 Ill.

1112 2786 1421 2826 ροριιιαγὶὺυίὺδέρικὺν
1441 2787 1522 2823 δγκην
1535 2805 1543 2820 ,
1556 2786 1741 2822 hydropirum
1763 2791 1851 2813 tum)-

233 2828 274 2866 (ά)
290 2831 372 2866 Pium.
390 2828 447 2856 XV.

365 2849 372 2856 .
390 2828 447 2856 XV.
1043 2835 1109 2866 rem.

237 2859 272 2901 tsi
289 2865 361 2901 ΠΜ-
557 2899 562 2901 _
689 2900 692 2901 ν
725 2900 729 2901 ν
877 2899 887 2901 _
936 2897 955 2901 __
1044 2875 1056 2891 ι
1081 2862 1117 2897 tm
1137 2861 1218 2890 Num.
1233 2859 1269 2888 χι
1285 2859 1311 2887 in
1327 2859 1389 2887 anc.

237 2897 271 2931 tt)
288 2899 346 2928 liae
364 2903 491 2929 spectant
509 2899 590 2927 verba
609 2908 669 2929 eum
688 2900 768 2927 habet
785 2907 861 2927 num.
877 2899 887 2926 l
905 2908 910 2926 :
931 2897 992 2926 Non
