1897 3052
228 173 280 202 liii?
753 172 943 203 BONIFACII
964 173 1119 204 FINETTI
1141 172 1335 203 PRrEFATIO
1803 171 1854 202 H3

232 227 469 258 verebaturille
486 230 676 258 eventurum
693 227 767 262 sibi,
789 237 902 268 nempe
921 229 1007 267 quod
1025 228 1171 259 nonnulli
1196 237 1235 258 ex
1259 226 1483 265 fervidioribus
1506 227 1682 260 I'hotianis,
1710 225 1771 265 legi
1787 230 1854 256 lttt‘s

230 286 326 316 quam
352 278 466 308 acriter
488 278 518 307 in
547 285 603 308 sua
635 277 693 308 hac
719 277 823 314 oizella
852 278 1043 316 perstringat
1074 277 1259 308 eornmdem
1292 275 1560 307 immodcrantiam
1591 275 1660 311 zeli,
1687 275 1855 306 rharitalt’:

229 327 392 368 defectum,
415 327 610 357 ambitionem
623 331 714 366 atque
736 328 944 367 hydropicum
960 333 1124 363 tumorem,
1140 327 1352 358 aestimatione
1372 327 1404 357 in
1421 330 1639 364 contemptum
1656 334 1761 362 versa,
1779 334 1854 356 eun

230 379 441 409 eundemnent
456 378 591 408 inscitia
607 378 836 417 crassiorisque
851 379 882 408 in
900 378 992 408 rebus
1017 378 1118 408 sacris
1136 378 1265 419 judicii,
1281 378 1328 408 rel
1348 378 1490 414 incuriw,
1512 378 1571 407 imo
1595 381 1623 407 ct
1653 378 1855 407 orientalium

229 428 406 467 dogmatum
419 428 622 468 proditionis.
640 429 703 460 Alii
722 433 839 465 tamen,
855 438 981 468 sperare
993 429 1095 468 juvat,
1113 429 1293 469 gravissimi
1311 429 1406 469 hujus
1433 429 1491 459 viri
1515 428 1702 459 auctoritate
1716 430 1854 466 permoti

229 479 290 509 sibi
311 479 404 509 facile
419 479 666 517 persuadebunt,
683 488 737 509 nec
758 480 871 509 multos
884 488 947 508 esse
960 479 1143 510 Latinorum
1160 488 1295 515 errores,
1310 488 1407 518 neque
1418 479 1495 508 tales
1510 477 1616 518 ιμιὶαά
1631 477 1854 508 άίεσίηάεηᾱαε

227 529 387 559 Ecclesia:
401 528 466 558 sint
481 527 605 561 idonei:
620 537 676 558 nec
700 528 798 558 ullum
822 529 876 567 qui
900 528 940 558 ad
954 528 1027 567 ﬁdei
1052 534 1147 568 caput
1171 530 1342 568 pertineat.
1369 529 1407 558 At
1422 528 1444 559 ii
1472 528 1532 566 ipsi
1552 527 1686 558 fortasse
1705 528 1853 567 ejusdem

229 578 418 609 auctoritate
437 578 508 608 freti
529 578 734 614 contendent,
751 587 784 608 se
800 578 874 617 jure
890 587 906 608 a
922 579 1106 609 Latinorum
1123 578 1350 608 communione
1362 577 1546 613 abhorrere,
1563 577 1684 616 quippe
1700 577 1757 615 qui
1776 577 1855 606 illud

229 629 381 668 Symbolo
412 629 609 663 addiderint,
629 637 694 669 quo
715 629 869 668 Spiritum
893 634 1038 660 sanctum
1055 633 1116 661 eta
1141 630 1224 660 Filio
1255 629 1428 668 procedere
1453 629 1651 660 enuntiatur.
1667 629 1735 658 Hos
1756 628 1856 667 igitur

229 680 330 710 amice
348 685 378 710 et
394 679 545 714 fraterne,
565 684 664 719 utque
684 679 788 710 verbis
803 685 871 710 utar
891 679 1136 718 Theophylacti,
1154 679 1342 719 simpliciter
1362 683 1390 709 et
1415 677 1557 715 candide,
1574 683 1664 717 atque
1687 682 1722 708 ut
1743 678 1855 716 pisca-

230 735 332 760 torum
346 729 537 769 discipulum
552 730 677 760 omnino
694 730 791 767 decet,
809 738 895 761 nunc
913 729 1022 768 paucis
1039 729 1162 770 alloqui
1181 730 1279 760 lubet.

269 781 402 812 XXVII.
426 783 470 812 Ac
484 782 586 820 primo
602 782 732 822 quidem
749 791 818 820 eos,
833 782 939 822 quoad
958 790 1098 820 prasens
1113 782 1239 818 attinet,
1258 780 1463 820 praemonitos
1488 780 1594 817 velim,
1619 779 1728 818 potius
1754 777 1855 809 animi

229 832 474 870 diSpositionem
491 841 586 871 quam
609 833 704 864 verba
724 841 795 864 esse
808 833 842 864 in
858 832 1098 873 TheOphylacto
1114 833 1308 872 spectanda;
1324 832 1442 863 deinde
1460 839 1662 871 quaecunque
1677 831 1750 870 ejus
1767 837 1857 860 mens

229 881 338 918 fuerit,
365 889 429 911 non
456 881 560 920 magni
587 889 657 913 esse
681 882 856 913 faciendam
873 882 964 913 illius
980 883 1037 913 hac
1063 883 1096 913 in
1122 892 1155 912 re
1177 882 1411 913 auctoritatem.
1437 880 1548 918 Quoad
1566 881 1704 920 primum
1728 881 1858 911 attinet:

230 939 288 970 pro
304 936 390 962 certo
407 931 520 968 habeo,
540 931 581 963 ita
604 941 678 963 eum
707 931 808 964 fuisse
822 933 931 964 animo
955 937 1184 972 comparatum,
1198 937 1232 963 ut
1245 933 1271 963 si
1290 940 1355 972 quo
1373 937 1514 972 tempore
1534 932 1625 968 vixit,
1645 940 1702 971 per
1720 931 1858 971 aliquod

188 1020 191 1023 ἠ
230 982 404 1014 concilium
422 992 462 1014 ex
482 983 601 1014 Graecis
627 983 816 1023 Latinisque
831 989 975 1015 coactum
1001 985 1038 1025 ad
1057 993 1188 1015 examen
1213 991 1318 1014 vocata
1337 992 1372 1015 ac
1397 983 1526 1014 definita
1549 982 1666 1014 fuisset
1690 981 1858 1021 processio

232 1032 373 1071 Spiritus
407 1033 508 1064 sancti
535 1035 631 1064 etiam
661 1042 677 1064 α
706 1035 803 1072 Filio,
829 1035 938 1074 procul
968 1035 1067 1066 dubio
1097 1035 1227 1066 concilii
1263 1035 1390 1074 judicio
1413 1043 1448 1066 ac
1473 1034 1644 1065 sententiaa
1680 1033 1856 1064 stetisset:

211 1084 502 1122 quemadmodum
535 1083 665 1122 plurimi
699 1085 865 1116 sanctitate
896 1094 931 1116 ac
969 1086 1113 1117 doctrina
1144 1085 1399 1124 praestantissimi
1429 1086 1537 1116 Patres
1568 1088 1686 1116 stetere
1714 1084 1856 1124 synodo,

229 1133 435 1170 Florentium,
463 1133 560 1173 eique
585 1138 742 1173 perpetuo
772 1137 801 1165 et
828 1134 1087 1165 constantissime
1114 1134 1422 1165 adhmseruntnﬂac
1442 1132 1543 1164 fuisse
1579 1132 1857 1172 TheOphylactum

229 1184 330 1215 animi
348 1185 561 1223 dispositione
584 1185 745 1222 affectum,
772 1185 841 1224 ipse
867 1186 985 1223 colligo
1003 1194 1040 1216 ex
1068 1185 1189 1216 eximio
1210 1185 1281 1224 ejus
1307 1185 1392 1224 pacis
1423 1184 1621 1224 unionisque
1645 1192 1767 1219 amore,
1801 1181 1857 1223 qui

230 1245 302 1267 rum
318 1236 350 1266 in
367 1236 440 1266 aliis
457 1236 624 1274 operibus,
638 1239 705 1266 tum
722 1236 924 1275 potissimum
942 1236 973 1266 in
986 1235 1042 1266 hac
1058 1235 1127 1274 ipsa
1145 1235 1342 1265 Alloculione
1359 1233 1540 1265 luculenter
1551 1241 1586 1265 se
1601 1235 1718 1272 prodit.
1735 1234 1857 1264 Verum

231 1294 303 1317 cum
321 1290 392 1317 ante
417 1286 563 1317 ﬂoruerit
585 1294 680 1326 quam
703 1286 923 1317 contr0versia
951 1285 1016 1316 haec
1046 1285 1174 1315 deﬁnita
1199 1288 1285 1315 esset
1310 1285 1342 1316 in
1376 1284 1483 1324 aliqua
1507 1285 1702 1316 cecumenica
1730 1284 1858 1324 synodo

233 1337 351 1382 (.xrimo
368 1337 454 1368 enim
473 1338 602 1369 deﬁnita
624 1342 671 1368 cst
696 1338 727 1368 in
744 1338 881 1369 concilio
907 1336 1046 1377 generali
1072 1337 1277 1375 Lugduneusi
1303 1346 1337 1370 ιι,
1364 1346 1416 1368 an.
1433 1336 1533 1377 127's),
1560 1345 1700 1376 cumque
1735 1345 1794 1375 per
1826 1335 1858 1366 id

233 1390 360 1426 tempus
384 1386 512 1417 dissidii
534 1391 563 1417 et
586 1386 767 1417 schismatis
783 1391 879 1417 iustus
893 1386 1030 1425 primum
1047 1386 1202 1416 excitatus
1225 1395 1242 1416 a
1258 1386 1382 1423 Photio,
1403 1391 1468 1418 tum
1489 1395 1503 1416 a
1523 1386 1676 1417 Michaele
1690 1385 1858 1417 Cerulario

233 1443 295 1465 non
314 1436 355 1465 ita
384 1436 506 1473 pridem
527 1443 709 1472 renovatus,
737 1435 875 1465 ferveret
906 1444 1001 1475 quam
1020 1435 1316 1472 vehementissime,
1341 1436 1422 1467 haud
1441 1436 1531 1466 valde
1560 1436 1741 1466 mirandum
1770 1436 1798 1466 si
1830 1440 1859 1466 et

233 1486 495 1525 Theophylactus
511 1496 545 1518 se
561 1495 692 1527 quoque
708 1487 809 1526 abripi
831 1495 943 1525 passus
958 1491 1122 1526 utcunque
1142 1487 1194 1518 sit.
1213 1488 1250 1517 At
1270 1488 1344 1527 quia
1361 1492 1464 1519 tamen
1479 1488 1520 1518 ob
1537 1497 1617 1525 eam,
1641 1497 1736 1528 quam
1760 1497 1859 1527 supra

233 1537 492 1572 memoravimus,
510 1545 637 1567 causam
658 1537 802 1575 ignotum
821 1536 912 1566 nobis
928 1541 988 1574 est,
1005 1544 1043 1566 an
1061 1535 1147 1566 illius
1165 1536 1271 1567 fervor
1286 1538 1323 1568 ad
1338 1537 1516 1568 hmreticam
1529 1547 1634 1577 usque
1650 1539 1860 1577 pertinaciam

233 1586 423 1622 exorevcrit,
450 1586 524 1617 ideo
549 1595 654 1626 neque
678 1585 770 1616 illum
799 1586 970 1624 limreseos,
996 1595 1102 1626 neque
1128 1587 1282 1626 forma/is,
1306 1591 1340 1617 nt
1364 1587 1466 1618 aiunt.
1488 1587 1669 1617 schismatis
1703 1588 1859 1617 condem-

234 1627 346 1668 uanius
369 1637 410 1678 (a)
427 1638 505 1678 quin
523 1647 581 1669 nec
601 1638 702 1668 sancti
724 1637 783 1668 viri
798 1638 1058 1677 appellationem,
1079 1647 1141 1677 qna
1171 1638 1265 1678 vulgo
1281 1638 1320 1669 ab
1337 1639 1556 1670 Orientalibus
1580 1639 1768 1679 insignitur,
1801 1648 1861 1670 nos

234 1689 396 1720 ullatenus
413 1690 475 1728 ipsi
493 1689 689 1720 invidemus.

277 1750 430 1780 XXVlll.
445 1750 561 1780 Verum
572 1749 631 1780 hoc
641 1750 747 1788 ipsum
762 1749 846 1789 quod
859 1749 1006 1789 Theople
1017 1751 1097 1780 Iacto
1107 1750 1145 1780 ab
1155 1750 1204 1781 liis
1213 1751 1400 1782 criminibus
1413 1752 1586 1791 purgando,
1600 1753 1668 1784 sive
1676 1755 1861 1785 excusando

236 1800 390 1836 deservit,
407 1799 445 1830 ad
468 1799 676 1829 minuendam
693 1807 823 1838 quoque
840 1799 897 1830 hac
915 1799 946 1830 in
960 1804 1046 1838 parte
1066 1800 1156 1830 illius
1172 1802 1390 1832 auctoritatem
1407 1811 1502 1842 quam
1524 1802 1661 1833 maxime
1679 1802 1754 1834 facit
1781 1805 1860 1835 Cum

236 1849 323 1881 enim
349 1849 563 1880 controversia
586 1850 649 1880 hrec
680 1849 711 1880 in
741 1849 879 1881 concilio
910 1858 948 1880 ex
976 1850 1093 1880 Graecis
1122 1850 1306 1890 Latinisque
1340 1857 1447 1883 coacto
1487 1855 1630 1884 nondum
1659 1855 1730 1884 data
1765 1863 1861 1894 opera

236 1900 464 1938 communique
487 1907 646 1930 consensu
665 1899 806 1939 subjecta
822 1903 907 1930 esset
921 1899 1073 1938 examini,
1089 1901 1173 1940 quod
1194 1901 1295 1939 primo
1311 1901 1426 1933 factum
1436 1907 1483 1934 est
1502 1903 1531 1934 in
1550 1904 1701 1943 prmdicta
1717 1905 1859 1944 generali

236 1949 387 1990 synodo,_
403 1951 550 1990 ignorare
566 1950 592 1980 is
611 1949 704 1981 facile
722 1950 824 1989 potuit
849 1949 968 1988 quibus
992 1950 1148 1981 niteretur
1171 1951 1390 1983 fundamentis
1408 1953 1592 1984 Latinorum
1616 1955 1787 1993 sententia,
1812 1955 1860 1988 vel

236 2003 347 2043 quoin
367 2011 465 2034 sensu
484 2006 665 2034 assererent
680 2002 898 2042 hi,Spii-itum
917 2006 1059 2033 sant-tuin
1077 2003 1173 2033 etiam
1192 2011 1208 2033 δ
1233 2003 1315 2034 Filio
1340 2005 1526 2043 procedere,
1550 2010 1580 2036 et
1602 2015 1697 2046 quam
1721 2007 1862 2046 legitima

237 2056 318 2087 ratio
336 2063 393 2086 seu
411 2063 506 2085 causa
523 2055 570 2084 eis
588 2054 698 2090 fuerit,
718 2058 752 2084 ut
771 2054 957 2093 particulam
978 2054 1123 2094 Filioque
1137 2055 1167 2085 in
1189 2059 1320 2086 sutemet
1335 2064 1428 2086 usum
1446 2057 1597 2088 Ecclesiae
1611 2057 1764 2095 Symbolo
1789 2059 1862 2089 fidei

236 2106 447 2144 inljicicndain
467 2105 619 2143 putarint.
644 2105 716 2135 Habe
732 2105 837 2144 reipsa
854 2105 892 2135 ab
907 2105 1150 2144 Theophylacto
1168 2106 1310 2144 ignorata
1329 2106 1442 2144 fuisse,
1459 2108 1599 2138 dubitari
1625 2109 1676 2138 vix
1698 2113 1817 2146 potest,
1836 2110 1862 2138 si

236 2159 422 2194 argumenta
438 2155 532 2194 queis
547 2163 637 2185 suam
654 2155 723 2193 ipse
737 2163 864 2185 causam
884 2160 1074 2194 propugnat,
1099 2156 1194 2194 paulo
1216 2156 1370 2186 attentius
1395 2158 1630 2196 expenduntur.
1653 2160 1746 2190 Anne
1774 2160 1861 2190 enim

239 2214 319 2235 usus
336 2213 477 2244 unquam
507 2205 613 2236 verbis
630 2205 695 2236 illis
715 2206 911 2245 evangelicis
939 2205 1053 2236 fuisset
1074 2218 1078 2224 ι
1096 2206 1227 2236 Ostende
1249 2207 1338 2238 nobis
1363 2209 1486 2238 Patrem
1513 2209 1582 2249 (qui
1614 2219 1728 2249 nempe
1751 2212 1863 2242 doceat

237 2256 390 2294 Spiritum
403 2260 545 2287 sanctum
559 2265 576 2287 a
594 2256 674 2287 Filio
689 2257 885 2296 procedere),
897 2262 926 2287 et
940 2257 1055 2297 sufﬁcit
1073 2257 1162 2288 nobis
1179 2258 1232 2298 (ὁ),
1253 2259 1280 2289 si
1301 2260 1515 2298 cegnovisset,
1533 2265 1576 2291 tot
1596 2271 1668 2292 esse
1694 2263 1815 2299 Patres,
1833 2269 1862 2294 et

236 2306 479 2347 probatissimos
495 2307 638 2346 quidem,
652 2311 759 2338 etnon
776 2308 871 2338 modo
892 2308 1031 2344 Latinos,
1048 2308 1103 2346 qui
1116 2308 1253 2339 ﬂoruere
1263 2315 1336 2340 ante
1350 2310 1563 2342 dissensionis
1582 2311 1710 2342 initium
1729 2312 1862 2352 (quibus

241 2361 373 2401 proinde
388 2360 592 2399 probatorum
606 2361 736 2390 Patrum
752 2366 782 2390 et
796 2369 912 2391 nomen
929 2365 960 2392 et
977 2360 1108 2399 gradum
1128 2370 1221 2392 nemo
1241 2371 1329 2399 sane,
1341 2363 1396 2402 qui
1411 2368 1493 2394 recte
1511 2363 1637 2400 sentiat,
1650 2365 1863 2405 abjudiearit),

238 2413 293 2442 sed
312 2412 406 2443 etiam
422 2412 560 2445 Graecos,
575 2411 631 2450 qui
646 2414 784 2441 uestram
803 2411 964 2442 tradidere
980 2411 1194 2442 sententiain?
1206 2413 1265 2444 llic
1280 2421 1367 2449 vero,
1380 2417 1550 2453 antequam
1566 2415 1646 2445 ultra
1663 2417 1863 2454 progredior,

239 2462 390 2493 Cohibere
411 2470 459 2492 me
477 2469 541 2491 non
563 2469 705 2499 possum,
725 2461 805 2500 quin
825 2461 1029 2492 vehementer
1042 2471 1158 2502 querar
1173 2465 1444 2503 expostulemqnc
1461 2465 1501 2495 de
1516 2466 1720 2502 apertissima
1747 2467 1865 2505 injuria

241 2521 336 2552 quam
360 2512 460 2542 Graaci
487 2516 604 2542 nostra;
632 2510 728 2550 hujus
756 2513 854 2543 aetatis
871 2521 934 2543 non
953 2513 1072 2544 Latinae
1095 2518 1228 2550 tantum,
1252 2514 1309 2544 sed
1337 2518 1367 2544 et
1388 2515 1549 2546 universaa
1575 2516 1729 2546 Ecclesiae
1746 2516 1864 2546 inferre

243 2563 325 2594 haud
356 2563 576 2599 reformidant,
607 2564 683 2594 dum
715 2563 965 2594 controversiam
995 2563 1075 2595 hanc
1099 2564 1173 2596 ﬁdei
1206 2564 1244 2594 ad
1273 2565 1399 2595 Graecos
1426 2569 1548 2596 tantum
1571 2566 1766 2604 exigendam
1796 2574 1865 2596 esse

243 2615 364 2652 Patres,
389 2623 428 2645 ex
458 2623 635 2653 eorumque
665 2614 790 2654 placitis
817 2615 1033 2646 deliniendam
1062 2623 1132 2646 esse
1160 2615 1371 2645 contendunt.
1400 2615 1483 2652 Quid
1506 2615 1614 2646 enim?
1635 2617 1683 2646 An
1713 2615 1865 2647 catholica

279 2754 317 2786 (a)
338 2752 394 2780 "ac
414 2752 520 2780 ratione
542 2759 602 2779 eum
633 2755 803 2778 exriisarnnt
829 2755 954 2778 auctores
971 2749 1028 2776 etli-
1081 2751 1188 2777 locutus
1210 2751 1289 2778 fuerit
1305 2749 1472 2786 de_Spiritns
1483 2750 1570 2777 sancti
1586 2750 1792 2785 processione),
1806 2749 1864 2785 quia

242 2784 347 2815 tinuum
366 2796 430 2814 :Inn.
453 2789 533 2818 1551,
549 2787 618 2814 1542
631 2787 750 2818 011551,
772 2793 842 2820 quas
854 2785 944 2812 videre
962 2786 1027 2812 mihi
1083 2787 1188 2812 minime
1202 2791 1262 2813 tunc
1282 2787 1313 2812 ab
1335 2784 1454 2812 Erclexin
1474 2786 1618 2813 universali
1643 2785 1784 2821 deﬁnitum
1799 2789 1865 2818 erat,

242 2823 330 2850 lirnit.
347 2823 558 2851 Enzn'raliunnm
586 2823 673 2857 ipsius
694 2822 720 2848 in
740 2826 856 2855 quatuor
875 2821 1027 2857 Evangelia.
1082 2830 1140 2848 eum
1157 2821 1190 2847 ab
1206 2827 1314 2855 utroque
1331 2822 1480 2854 procedere.

245 2857 332 2884 \H-rlza
345 2859 453 2884 illorum
468 2855 870 2893 mlralccinJoannishtuc'sunt
883 2865 889 2893 ς
905 2855 1029 2893 Propter-
1119 2857 1156 2893 (ὁ)
1173 2856 1241 2884 Nunt
1271 2857 1315 2884 l!|.

245 2902 276 2920 ea
291 2893 515 2922 rrurrhrmlcndus
532 2901 582 2920 non
598 2898 635 2919 cst
658 2891 864 2925 Theophuluctits
882 2891 964 2924 (quod
994 2893 1028 2918 ita
