1897 3052
58 92 113 125 ιὶθ
497 92 537 122 IN
559 93 775 128 SEQUENTIA
794 93 1081 124 TIIEOPHYLACTI
1098 94 1268 126 SCRIPTA.
1642 99 1695 130 450

60 149 214 181 Ecclesia
239 149 320 180 intra
345 148 447 180 solius
469 149 600 180 Graeciaa
621 155 667 179 vel
692 149 834 180 Orientis
856 149 934 179 ﬁnes
958 149 1053 179 etiam
1077 149 1188 188 primis
1220 149 1370 181 Ecclesia-
1396 153 1523 185 smcuds
1544 152 1695 184 conclusa

58 202 154 231 erat?
186 203 246 231 Aut
276 200 384 230 dicina
406 200 549 235 traditio,
576 201 670 240 cujus
700 200 827 239 propria
854 199 911 230 dos
939 203 998 236 est,
1020 208 1139 238 semper
1154 204 1184 231 et
1205 201 1320 240 ubique
1343 204 1464 241 vigere,
1480 212 1519 234 ex
1537 202 1696 234 Orientali

61 255 196 281 tantum
214 251 354 281 Ecclesia
374 250 549 281 haurienda
569 252 797 289 pettsattdaque
813 251 882 280 est?
900 250 1018 288 Ecquis
1032 249 1089 280 hac
1114 251 1319 290 prmrogativa
1346 253 1526 284 Orientales
1546 252 1697 284 donavit?

61 305 109 333 An
133 302 301 338 Christus,
325 303 379 339 qui
400 302 612 340 Evangelium
637 301 669 332 in
693 301 846 332 universo
865 302 986 332 mundo
1013 302 1247 340 prmdicandut-n
1269 303 1390 334 edixit?
1408 305 1456 335 An
1472 304 1622 343 apostoli,
1638 303 1695 342 qui

60 355 145 384 illud
166 355 403 385 annuntiarunt
421 353 540 393 ubique
556 345 730 389 terrarum;
754 361 932 392 eorumque
955 352 1143 392 COl‘yplltBUs
1164 354 1276 383 Petrus
1298 354 1430 385 Romam
1447 364 1518 386 cum
1543 354 1697 385 doctrinm

60 414 142 439 sum,
161 408 233 435 tum
258 406 352 436 etiam
381 406 547 444 potestatis
573 405 682 435 sedem
711 404 899 435 constituit?
923 404 978 434 ubi
1004 404 1099 435 etiam
1122 404 1240 435 Paulus
1261 405 1400 436 doctoris
1415 415 1548 438 munere
1566 407 1696 438 functus

61 455 204 486 biennio
225 459 272 486 est
290 465 297 484 :
317 459 350 486 ut
365 455 404 486 de
420 455 662 485 cmterissileant
679 454 844 494 apostolis,
863 463 999 494 quorum
1017 455 1115 494 aliqui
1134 463 1189 494 per
1208 455 1346 494 seipsos,
1363 456 1416 486 alii
1438 466 1493 496 per
1518 457 1695 497 discipulus

62 508 100 538 ab
116 516 152 538 se
174 507 344 538 institutos
361 507 392 537 in
410 508 511 538 varias
528 507 714 537 Occidentis
733 507 914 544 provincias
935 516 970 537 ac
987 515 1081 546 regna
1103 507 1153 537 det
1166 507 1279 537 trinam
1303 508 1518 546 evangelicam
1541 509 1695 540 dissemi-

67 562 204 589 narunt.
234 557 387 595 Quamvis
402 558 503 597 igitur
531 559 655 589 nullum
676 567 712 589 ex
735 558 850 589 Grmcis
879 558 1022 588 Patrilms
1051 558 1156 589 afferri
1189 563 1296 598 posset
1321 566 1377 597 pro
1410 559 1520 590 Latino
1549 560 1695 600 dogmate

63 609 307 647 testimonium,
338 618 443 640 nonne
471 610 548 640 satis
577 613 662 640 esset
687 610 850 640 unanimis
884 611 1069 640 Latinorum
1092 611 1220 640 Patrum
1251 609 1423 646 sententia,
1453 614 1486 640 ut
1515 611 1632 641 nedum
1657 612 1696 641 ab

65 659 176 690 omnis
190 659 379 698 suspicione
394 660 510 690 erroris
527 659 757 696 absolveretur,
777 660 831 690 sed
849 659 942 690 etiam
961 663 993 689 ιιι
1009 660 1162 699 apostolis
1176 660 1255 699 ipsis
1273 658 1444 690 referretur
1460 661 1646 699 acceptum?
1661 662 1697 691 lit

64 717 142 738 sane
162 709 190 738 si
211 709 486 747 Theotiltylactum
501 718 563 739 non
583 709 674 740 latuit
690 709 800 740 istltaec
816 710 1000 740 Latinorum
1017 710 1189 741 consensio
1204 711 1345 746 Patrum,
1367 719 1428 750 qua
1448 711 1570 741 ratione
1594 719 1696 742 ausus

70 762 116 789 est
147 758 322 795 atl‘trmare,
347 769 364 788 a
397 758 483 788 nullo
512 769 551 789 ex
569 759 711 798 probatis
741 760 890 790 Palribus
916 761 949 791 id
976 761 1108 796 edoceri,
1133 769 1368 800 provocareque
1412 770 1470 792 nos
1499 762 1695 801 evangelicis

67 810 176 840 verbis
194 821 201 840 :
218 810 351 840 Ostende
366 811 456 841 nobis
469 811 617 842 Patrem?
633 813 681 842 An
703 820 764 842 non
782 813 911 852 probati
936 815 1042 844 Patres
1066 814 1245 853 Cyprianus
1266 819 1298 845 et
1322 814 1527 852 Ambrosius,
1556 823 1694 854 quorum

68 861 173 890 tttitur
194 861 392 907 testimoniis
404 861 499 891 tertia
517 862 663 901 synodus
680 863 887 900 (ecumenica,
906 863 974 894 sive
992 863 1175 903 Ephesina?
1198 865 1309 894 Nonne
1331 864 1576 903 probatissimus
1606 865 1697 895 Pater

69 912 132 941 Leo
154 912 305 949 Magnus,
327 911 424 951 'cujus
446 913 561 952 scripta
578 918 689 951 quarta
713 914 815 953 synod

946 927 979 954 ην
997 919 1161 955 ὀρθοδοξιας,
1182 915 1356 946 columnam
1374 915 1569 947 orthodox-iw
1583 915 1694 956 appel-

69 963 158 994 lavit.
189 965 302 994 Nonne
334 964 484 1003 probatus
514 966 605 996 Pater
629 967 848 1006 Augustinus,
879 976 976 1007 quem
1007 971 1095 998 sexta
1119 967 1264 1007 synodus
1297 967 1433 998 summis
1456 971 1621 1005 prosecuta
1649 971 1697 998 est

68 1015 222 1046 laudibus
237 1024 328 1055 aeque
343 1024 378 1046 ac
396 1016 502 1055 ipsum
515 1017 721 1048 Ambrosium
737 1022 833 1059 atque
849 1020 1010 1050 Leonem?
1023 1019 1055 1050 Si
1074 1027 1149 1050 vero
1165 1019 1224 1050 ltoc
1237 1019 1292 1050 ille
1306 1018 1479 1058 ignoravit,
1492 1027 1696 1059 consequens

69 1071 125 1103 est,
149 1067 254 1098 multo
276 1067 455 1098 breviorem
481 1069 709 1101 ecclesiasticae
727 1071 922 1102 eruditionis
948 1071 1183 1110 supellectilem
1203 1071 1250 1101 illi
1271 1070 1384 1108 fuisse,
1410 1080 1505 1111 quam
1533 1071 1696 1102 decuisset
1731 1070 1733 1077 '

68 1120 143 1149 tanti
165 1118 310 1149 nominis
325 1118 602 1159 archiepiscopum
621 1131 629 1152 :
646 1123 793 1162 adeoque
812 1122 903 1152 illius
914 1123 1147 1160 auctoritatem,
1161 1123 1198 1154 ad
1217 1123 1278 1154 hoc
1293 1123 1379 1162 quod
1397 1124 1520 1159 attinet.
1545 1131 1607 1154 mm
1625 1132 1695 1154 θερί)

70 1170 263 1211 magnopere
292 1172 481 1206 faciendam.
508 1175 600 1211 Quod
633 1182 710 1205 vero
743 1174 842 1214 magis
873 1174 1033 1214 displicet,
1066 1179 1114 1205 est
1158 1174 1238 1205 illud
1267 1175 1354 1212 quod
1378 1174 1487 1205 subdit
1524 1175 1590 1205 :Si
1615 1175 1696 1204 enim

68 1221 223 1260 probatus
256 1227 312 1261 est,
342 1233 405 1254 non
429 1223 531 1258 dixit:
557 1228 585 1254 et
612 1224 641 1254 si
666 1223 764 1260 dixit,
789 1224 942 1262 probatus
962 1233 1026 1254 non
1049 1225 1197 1261 est.Qua3
1221 1225 1318 1255 verba
1342 1224 1526 1255 ltaareticum
1543 1224 1693 1263 spiritum

70 1275 218 1304 redolere
238 1275 389 1305 videntur
407 1285 416 1305 :
437 1275 577 1306 haeretici
598 1275 685 1306 enim
702 1284 740 1306 ex
760 1275 915 1313 Opinione
933 1275 1060 1314 propria
1078 1276 1204 1306 Patrum
1221 1275 1440 1306 auctoritatem
1455 1275 1558 1306 metiri
1576 1276 1693 1313 solent,

69 1324 104 1354 de
121 1332 228 1363 eaque
242 1325 403 1364 judicium
420 1326 501 1356 ferre
521 1336 528 1355 :
544 1326 688 1365 dumque
703 1326 742 1356 ab
761 1325 884 1356 eisdem
901 1326 1111 1363 dissentiunt,
1128 1334 1184 1357 eos
1199 1325 1290 1356 ﬂocci
1311 1334 1345 1356 ac
1362 1325 1455 1356 nihili
1481 1324 1613 1356 faciunt.
1632 1326 1693 1355 Sed

70 1375 180 1406 ntitius
198 1376 320 1407 sentire
339 1381 462 1415 prtestat
482 1378 522 1409 de
538 1376 790 1417 Theoiihylacto,
805 1382 901 1417 atque
918 1386 953 1409 ea
971 1378 1064 1409 verba
1082 1379 1221 1423 benigne
1237 1378 1454 1417 interpretari,
1473 1377 1561 1408 velttt
1577 1385 1640 1408 non
1654 1385 1694 1407 eo

69 1427 186 1465 spiritu
205 1436 369 1467 sensuque
393 1429 530 1468 prolata;
546 1429 603 1460 sed
620 1429 695 1469 quia
711 1429 773 1460 sibi
794 1430 930 1461 nimtum
947 1430 1158 1466 blandiretur,
1176 1434 1270 1469 atque
1297 1430 1484 1466 e0nfideret,
1514 1438 1552 1460 ex
1575 1429 1694 1460 Grecis

71 1477 304 1509 illustrioribus
336 1480 458 1510 Patrem
486 1479 620 1519 reperiri
654 1479 815 1510 neminem
846 1487 954 1517 nosse,
990 1488 1061 1511 nam
1087 1480 1125 1511 de
1151 1480 1270 1510 Latinis
1297 1479 1373 1510 nihil
1406 1479 1564 1511 sollicitus
1592 1479 1694 1511 fuisse

71 1529 212 1566 videtur,
233 1530 288 1568 qui
306 1529 459 1568 Spiritum
475 1533 618 1560 sanctum
635 1529 728 1561 etiam
754 1538 770 1560 a
800 1529 884 1560 Filio
905 1530 1076 1568 procedere
1096 1530 1272 1560 docuisset.
1298 1529 1439 1560 Pretium
1466 1529 1565 1568 igitur
1589 1535 1695 1567 aperte

72 1582 127 1615 est,
142 1579 327 1610 accuratius
354 1580 563 1619 investigare,
588 1580 712 1620 quibus
736 1579 793 1611 illa
821 1584 852 1610 et
877 1589 973 1620 quam
994 1579 1108 1611 validis
1131 1579 1349 1611 fundamentis
1369 1581 1501 1612 innixus
1527 1582 1693 1617 tantopere

71 1631 126 1662 sibi
151 1632 216 1671 ipsi
243 1633 431 1672 praeﬁderet.
469 1634 528 1665 Sed
551 1633 646 1673 paulo
674 1638 743 1673 post
771 1634 898 1664 videtur
915 1637 945 1664 et
973 1633 1043 1672 ipse
1067 1633 1128 1664 sibi
1152 1634 1306 1664 nonsatis
1329 1637 1430 1669 tutus,
1457 1640 1528 1663 cum
1548 1631 1661 1662 subdat
1682 1640 1692 1661 ι

71 1683 187 1714 Dein-de
209 1685 268 1714 etsi
293 1685 350 1715 hoc
369 1684 524 1721 daremus,
554 1694 620 1715 non
636 1686 744 1724 utique
764 1685 847 1725 quod
872 1685 981 1715 rarius
1011 1689 1067 1721 est,
1095 1685 1128 1714 in
1151 1688 1367 1724 argumentum
1391 1683 1576 1714 trahendum
1607 1681 1692 1718 Quid

74 1743 156 1772 vero,
173 1736 200 1766 si
221 1744 283 1766 non
302 1737 392 1775 pauci
408 1737 536 1777 rarique
551 1738 627 1774 sint,
643 1738 762 1768 nedum
782 1738 895 1774 Latini,
914 1738 969 1768 sed
987 1737 1085 1768 Graeci
1099 1738 1192 1768 etiam
1208 1738 1326 1773 Patres,
1344 1737 1400 1776 qui
1419 1736 1533 1775 dogma
1550 1738 1694 1766 nostrum

74 1787 262 1818 tradiderint
278 1789 325 1818 vei
342 1788 473 1819 disertis
490 1789 540 1820 vel
555 1789 824 1829 tequivalentihus
846 1789 974 1820 verbis?

108 1840 229 1870 XXIX.
246 1839 305 1870 Sed
323 1843 493 1878 antequam
511 1841 542 1871 id
560 1841 758 1877 demonstro,
774 1841 847 1881 jure
866 1842 952 1872 omni
969 1842 1024 1872 abs
1039 1841 1276 1881 Tlteoithylacto
1299 1846 1329 1872 et
1348 1839 1492 1871 Pholiani
1508 1838 1690 1870 scltismatis

73 1890 361 1928 crepugnatoribus
385 1890 522 1928 postulo,
540 1895 573 1921 ut
593 1899 630 1921 ex
647 1900 758 1922 eorum
776 1891 920 1930 probatis
942 1891 1088 1921 Patribus
1110 1891 1161 1922 vel
1193 1899 1292 1921 unum
1321 1889 1410 1920 nobis
1430 1888 1606 1924 ostendant,
1636 1888 1693 1927 qtti

73 1942 139 1968 attte
155 1938 306 1969 Photiana
324 1945 462 1980 tempora
479 1940 636 1971 inﬁciatus
653 1940 761 1976 fuerit,
784 1940 936 1978 Spiritum
959 1945 1102 1971 sanctum
1119 1949 1134 1971 a
1154 1940 1237 1970 Filio
1258 1940 1439 1978 procedere.
1469 1939 1528 1969 Sed
1555 1939 1694 1977 quamvis

73 1987 123 2018 diu
137 1989 328 2030 multumque
347 1991 537 2031 fatigentur,
553 1990 696 2021 indicare
714 1999 753 2021 ne
773 1991 904 2021 unicum
923 1991 1054 2030 quidem
1072 1995 1206 2029 possunt
1221 1991 1466 2030 (Damascenum
1483 1989 1583 2026 ettim,
1596 1997 1693 2029 quem

75 2041 173 2071 solum
195 2043 304 2080 specie
320 2043 426 2082 aliqua
457 2042 524 2073 veri
548 2051 711 2082 opponere
732 2043 848 2080 valent,
865 2051 881 2072 a
908 2042 999 2073 ttobis
1026 2043 1159 2073 minime
1183 2042 1346 2073 dissidere
1364 2046 1473 2081 postea
1493 2042 1694 2073 demonstra-

75 2091 199 2129 bimus).
213 2091 304 2135 .Alias
322 2100 397 2123 vero
414 2093 552 2132 dogmati
567 2096 676 2123 nostro
690 2092 841 2124 censendi
857 2092 987 2122 minime
1001 2096 1073 2123 sunt
1090 2092 1263 2128 adversari,
1282 2091 1338 2131 qui
1357 2091 1406 2122 vel
1423 2091 1480 2122 hac
1499 2092 1537 2122 de
1552 2100 1585 2122 re
1603 2092 1694 2131 peni~

79 2145 122 2172 tus
142 2142 251 2179 silent,
271 2143 318 2174 vel
337 2143 441 2173 solum
461 2143 564 2180 aiunt,
585 2143 738 2181 Spiritutn
761 2152 780 2172 a
810 2142 903 2173 Patre
927 2142 1105 2182 procedere.
1131 2142 1212 2179 Quis
1242 2141 1329 2172 enitn
1359 2141 1497 2180 ignOt'at,
1523 2150 1588 2172 rem
1620 2150 1693 2172 esse

79 2194 162 2231 plane
177 2194 338 2224 diversam
354 2201 415 2223 tton
433 2200 588 2230 asserere,
604 2193 758 2231 Spiritum
775 2195 917 2223 sanctum
936 2192 1107 2232 procedere
1126 2200 1142 2222 a
1162 2191 1256 2227 Filio,
1273 2196 1368 2230 atque
1384 2191 1415 2221 id
1439 2192 1577 2230 negare?
1604 2191 1693 2222 aliud

78 2245 187 2282 pariter
201 2244 369 2282 afﬁrmare,
387 2253 460 2276 eum
476 2255 495 2275 α
515 2245 610 2276 Patre
625 2246 810 2284 procedere,
834 2245 921 2276 aliud
940 2255 957 2275 a
973 2244 1039 2275 solo
1056 2245 1173 2275 Patre?
1191 2245 1296 2281 Quare
1312 2242 1496 2273 nullatenus
1514 2242 1693 2282 intelligere

79 2294 169 2331 valeo,
184 2295 350 2334 quomodo
373 2295 631 2335 TheOph'ylactus
647 2303 824 2336 omnesque
844 2295 988 2326 Pholiani
1007 2303 1065 2326 nos
1086 2294 1185 2325 veluti
1211 2294 1336 2324 Christo
1356 2293 1565 2332 Patribusque
1580 2294 1694 2324 adver-

80 2350 172 2376 santes
187 2345 364 2383 traducant,
381 2355 419 2377 eo
434 2347 517 2386 quod
531 2345 718 2385 simpliciter
736 2346 758 2376 ii
784 2349 937 2382 asserant,
951 2345 1102 2384 Spiritum
1115 2348 1258 2375 sanctum
1270 2353 1288 2373 a
1303 2343 1396 2373 Patre
1408 2342 1587 2381 procedere,
1599 2347 1693 2382 atque

81 2403 92 2424 ιι
107 2396 194 2427 nobis
214 2397 281 2427 ﬁeri
298 2398 484 2433 καινοτομίαν,
499 2405 559 2427 seu
569 2396 800 2426 innovationem
813 2396 846 2426 in
861 2395 919 2435 ﬁde
931 2395 1134 2431 contendant,
1150 2394 1225 2425 dum
1241 2395 1387 2425 eumdem
1408 2393 1581 2423 asserimus
1598 2393 1692 2424 etiam

80 2455 93 2477 δ
108 2448 184 2479 l-‘ilt‘o
204 2449 392 2488 procedere;
412 2457 446 2479 ea
466 2448 570 2478 solum
591 2448 714 2479 ratione
731 2448 816 2487 quod
834 2448 979 2479 Christus
996 2447 1217 2477 tantummodo
1233 2445 1326 2480 dixit,
1344 2455 1362 2474 a
1384 2445 1491 2475 Patre.
1518 2444 1639 2474 Verum
1666 2446 1693 2475 si

82 2498 146 2535 quid
162 2499 279 2529 addere
295 2503 341 2528 est
358 2499 523 2535 innovare,
545 2507 600 2528 cur
616 2501 646 2528 et
668 2497 730 2536 ipsi
756 2497 921 2536 quidpiam
948 2497 1068 2528 addunt
1095 2496 1254 2533 dicentes,
1279 2504 1297 2524 a
1322 2494 1388 2524 solo
1413 2494 1531 2524 Patre?
1559 2494 1692 2525 Ubinam

82 2546 225 2584 Christus,
244 2548 298 2578 ubi
317 2548 422 2578 Patres
447 2547 475 2577 id
497 2546 621 2588 (saltem
645 2551 718 2578 ante
744 2546 849 2578 Photii
874 2546 1027 2587 tempora)
1055 2547 1242 2577 asseruere?
1269 2545 1353 2583 Quid
1383 2544 1491 2575 enim?
1520 2545 1568 2575 An
1599 2543 1692 2575 nobis

83 2598 251 2635 exprimere
269 2597 416 2634 vetitum,
432 2597 519 2636 quod
539 2596 684 2628 Christus
705 2596 861 2627 Dominus
885 2605 947 2627 non
969 2596 1144 2635 expressit;
1169 2595 1234 2626 illis
1261 2595 1398 2625 limitare
1430 2594 1534 2630 liccat,
1564 2593 1651 2632 quod
1675 2603 1692 2626 α

82 2645 195 2678 Christo
213 2647 382 2678 litnitatutn
405 2648 553 2678 nonest?
571 2647 601 2677 Si
621 2646 674 2677 ille
692 2655 755 2677 non
773 2646 867 2684 dixit,
883 2647 1037 2686 Spiritum
1055 2649 1198 2676 sanctum
1221 2654 1238 2676 a
1264 2646 1358 2682 Filio,
1381 2645 1440 2675 hoc
1466 2648 1514 2676 est
1536 2653 1555 2676 ει
1569 2639 1692 2684 ἐθίρδο

84 2697 255 2734 procedere,
278 2706 382 2736 neque
398 2697 429 2727 id
446 2696 540 2728 etiam
557 2697 696 2736 negavit.
712 2698 776 2727 Cur
791 2697 899 2736 itaque
914 2695 1058 2727 Photiani
1079 2696 1214 2734 negant?
1229 2696 1266 2726 Et
1280 2695 1307 2726 si
1320 2695 1453 2735 quidem
1470 2695 1692 2725 tantummodo

84 2754 134 2777 non
149 2753 340 2786 assererem,
357 2747 525 2779 ferendum
548 2756 660 2779 eorum
676 2747 842 2778 silentium
865 2751 971 2782 esset;
998 2754 1108 2776 verum
1128 2749 1159 2776 et
1179 2750 1306 2785 negant,
1336 2750 1365 2776 et
1382 2753 1437 2775 eos
1465 2744 1520 2784 qui
1544 2750 1691 2777 asserunt

85 2798 281 2829 condemnant
299 2798 443 2838 dirisque
466 2797 617 2829 omnibus
641 2798 816 2834 devovent;
833 2797 942 2828 tritum
969 2796 1048 2827 illud
1081 2796 1126 2837 (in
1147 2796 1233 2835 quod
1259 2795 1355 2827 etiam
1381 2794 1640 2834 'l‘lteophylactus
1651 2795 1692 2827 ab
