1897 3052
215 87 267 119 451
746 84 964 114 BONIFAClll

1129 83 1177 114 PR
1183 83 1236 114 ΕΒ
1238 84 1286 113 AT
1292 85 1299 113 Ι
1304 83 1327 114 Ο
1826 82 1878 113 452

215 142 389 182 iniquitate
405 150 509 173 causa:
524 150 591 172 sum
611 148 749 179 praeceps
767 143 816 170 est
832 139 946 179 actus).
964 147 1000 170 ac
1019 139 1143 177 puerile
1165 142 1392 178 argumentum
1419 143 1636 179 usurpantes:
1662 140 1694 171 Si
1718 140 1880 180 Spiritus

212 199 341 225 sanctus
357 194 451 224 etiam
466 203 504 222 ex
514 191 598 222 Filio
616 191 760 230 procedit
777 191 832 230 (a),
850 191 927 231 quid
938 190 1103 230 prohibuit
1123 199 1161 220 ne
1179 192 1223 221 ita
1242 191 1389 222 Christus
1407 191 1606 230 loqueretur:
1624 193 1687 229 Qui
1711 201 1763 222 ex
1776 191 1880 222 Patre

214 251 241 276 et
259 255 299 276 ea:
310 254 354 274 me
368 242 537 283 procedit?
551 242 611 273 Sed
635 241 715 272 mihi
733 241 873 272 subdere
890 240 1001 272 liceat:
1020 241 1056 272 Si
1073 250 1092 270 a
1107 241 1173 270 solo
1197 241 1291 272 Patre
1314 242 1470 280 procedit,
1495 241 1575 281 quid
1609 242 1805 280 prohibuit.
1840 250 1882 272 ne

213 295 246 326 id
265 294 410 326 Christus
435 293 646 331 exprimeret;
673 292 849 331 praesertim
867 300 939 322 cum
963 291 1033 330 ipse
1059 291 1124 331 jam
1152 291 1362 329 prmnovisset
1391 295 1470 331 quot
1496 296 1526 322 et
1546 296 1664 331 quanta
1696 301 1742 323 ex
1781 292 1879 322 illius

215 349 334 379 voculae
351 345 570 384 praeteritione
585 345 708 377 oritura
724 345 900 384 aliquando
916 343 1195 375 essentdissidia?
1216 344 1298 380 Quid
1315 345 1353 374 ad
1372 343 1438 374 htec
1455 343 1602 374 Photiani
1626 343 1877 383 respondeant,

215 399 294 430 nihil
311 397 443 432 habent;
460 400 490 427 at
511 396 605 427 nobis
622 396 656 427 in
684 400 833 436 promptu
859 399 918 432 est,
945 395 1024 435 quid
1045 399 1156 426 contra
1182 404 1239 426 eos
1269 403 1454 435 regeramus
1473 406 1480 424 :
1501 395 1666 432 videlicet,
1693 395 1876 427 Christum

213 451 264 481 sin
282 458 332 485 eo,
349 449 461 480 saltem
478 448 551 480 aliis
573 449 605 479 in
623 449 729 487 locis;
746 449 797 480 sin
822 449 999 488 expressis,
1026 448 1138 480 saltem
1167 448 1440 488 tequivalentihus
1469 448 1590 484 verbis,
1615 448 1780 480 docuisse
1805 449 1878 487 Spi-

215 503 311 533 ritum
328 502 424 533 etiam
439 510 456 532 a
472 501 581 540 seipse
596 502 786 540 procedere:
804 501 891 540 quod
908 499 1041 539 quidem
1058 500 1157 530 nostri
1176 500 1324 531 homines
1340 500 1458 530 millies
1470 499 1755 535 demonstrarunt,
1776 503 1810 530 et
1836 509 1874 530 ex

216 563 254 585 eo
273 554 360 593 quod
378 553 523 584 Christus
541 554 697 583 Dominus
713 553 755 582 ait
773 553 865 583 Joan.
884 561 915 587 x,
950 552 1000 584 30.
1025 551 1093 590 Ego
1115 556 1143 582 et
1168 551 1262 582 l'ater
1286 560 1385 582 unum
1411 561 1537 585 sumus,-
1558 559 1597 583 ex
1621 559 1688 591 quo
1716 550 1875 582 inferunt

215 615 312 635 unum
329 605 424 636 etiam
440 612 510 635 esse
535 603 654 634 Filium
670 612 743 634 cum
767 604 857 633 Patre
880 602 986 642 quoad
1015 602 1171 632 rationem
1194 601 1343 641 principii
1371 602 1511 640 Spiritus
1533 601 1648 633 sancti.
1678 603 1716 632 Et
1745 611 1795 632 ex
1831 610 1871 632 c0

218 656 325 696 (Joan.
349 665 416 691 xvt,
437 656 498 692 15),
520 654 630 685 Omnia
652 663 840 694 quwcunque
855 653 946 684 habet
958 653 1066 688 Pater,
1082 663 1148 682 mea
1167 658 1239 683 sunt
1255 663 1266 683 :
1281 661 1369 691 ergo,
1381 652 1536 692 inquiunt
1558 656 1589 683 et
1612 653 1716 683 virtus
1742 653 1878 691 produ—

217 706 311 738 cendi
332 705 486 743 Spiritum
513 708 659 736 sanctum
687 709 732 734 cst
749 703 838 740 Filii,
867 713 925 734 seu
956 704 1109 735 convenit
1139 704 1235 734 Filio.
1272 704 1309 734 Et
1336 712 1374 734 ex
1405 703 1464 733 illo
1493 703 1620 744 (ibidem
1638 703 1799 742 1h):llle
1829 713 1874 733 me

217 757 416 797 clariﬁcabit,
432 757 506 796 quia
519 756 554 786 de
570 766 635 787 meo
648 757 793 795 accipiet.
811 756 894 792 Quid
908 757 1008 792 enim,
1024 756 1125 792 aiunt,
1147 757 1288 795 Spiritus
1299 760 1430 787 sanctus
1450 757 1596 796 accipere
1612 765 1628 787 a
1642 756 1732 787 Filio
1749 755 1882 796 potest,‘

218 808 282 838 nisi
307 807 412 846 ipsum
430 807 525 837 esse?
539 806 575 837 Et
592 815 632 836 ex
648 814 686 837 eo
703 807 832 837 demum
850 806 937 846 quod
953 807 1046 837 Ioan.
1060 816 1115 842 xv,
1132 807 1183 843 26,
1206 807 1249 837 ait
1270 815 1304 838 se
1317 808 1489 838 missurum
1503 807 1660 846 Spiritum
1684 811 1847 837 sanctum
1866 819 1872 837 :

217 867 291 888 cum
323 858 432 888 missio
451 857 482 888 in
507 856 631 888 divinis
652 856 697 887 nil
727 856 818 888 aliud
847 865 920 888 esse
941 860 996 888 aut
1021 857 1161 896 intelligi
1186 858 1299 896 possit,
1329 866 1425 897 quam
1452 859 1618 897 processio
1643 862 1771 889 aeterna
1799 867 1873 889 cum

218 908 333 939 ordine
351 908 389 938 ad
406 906 571 947 quidpiam
588 906 791 937 extrinsecus
805 907 1160 946 producendum.Quid
1177 908 1264 947 quod
1282 912 1313 939 et
1331 908 1412 947 ipsis
1424 908 1675 948 verbis,quibus
1693 913 1872 948 tantopere

218 959 319 991 fidunt
334 959 522 994 adversarii,
541 959 706 995 videlicet,
732 959 788 998 qui
803 969 822 989 α
840 960 936 991 Patre
947 959 1104 999 procedit.
1121 960 1392 999 docetimplicite,
1406 960 1501 991 etiam
1517 969 1534 991 a
1549 961 1658 1001 seipso
1672 962 1869 1000 procedere.

220 1010 296 1040 Nam
313 1009 472 1049 quidquid
490 1010 525 1040 in
542 1010 721 1049 Scripturis
743 1009 779 1041 de
806 1020 872 1041 una
893 1020 1031 1050 persona
1052 1011 1186 1049 dicitur,
1211 1012 1304 1042 etiam
1329 1011 1366 1042 de
1388 1011 1453 1043 alia
1477 1017 1601 1052 oportet
1618 1012 1776 1053 intelligi,
1808 1013 1870 1042 nisi

218 1061 761 1101 repugnetproprietatipersonali
782 1063 895 1101 ipsius,
912 1067 947 1094 ut
966 1063 1172 1095 verissimum
1192 1063 1284 1094 edert
1302 1063 1526 1103 theologorum
1545 1072 1620 1094 cum
1644 1064 1676 1094 S.
1694 1063 1820 1094 Thom.
1840 1073 1866 1092 iv

218 1121 286 1152 cap.
309 1114 403 1149 Gen.,
421 1121 490 1151 cap.
506 1113 557 1150 25,
578 1112 718 1150 axioma,
735 1121 772 1144 ea
788 1113 913 1144 ratione
934 1113 1056 1150 nixum,
1075 1114 1162 1153 quod
1177 1117 1242 1144 tres
1257 1113 1377 1145 divinas
1406 1122 1554 1153 personae
1573 1122 1674 1145 unum
1706 1113 1870 1152 idemque

219 1167 296 1194 sunt
315 1172 441 1200 omnes,
461 1163 501 1194 iis
520 1167 643 1194 tantum
668 1163 811 1203 exceptis
830 1173 901 1204 quin
921 1165 959 1195 ad
984 1165 1186 1204 personalem
1213 1165 1376 1204 pertinent
1399 1165 1640 1204 proprietatem.
1663 1165 1765 1201 Quod
1785 1164 1867 1194 adeo

219 1218 341 1244 certum
359 1218 406 1244 est
423 1217 467 1249 ut,
484 1214 610 1246 etiamsi
630 1214 776 1246 Christus
792 1223 831 1246 eo
849 1215 911 1246 loci
931 1215 1085 1253 dixisset,
1101 1216 1165 1253 Qui
1183 1225 1201 1247 α
1216 1216 1312 1248 Patre
1321 1216 1388 1247 solo
1402 1217 1559 1255 proredit,
1579 1224 1642 1248 non
1660 1216 1742 1246 inde
1760 1219 1866 1246 tatuen

218 1265 395 1297 ahdicanda
415 1264 446 1295 ei
464 1269 549 1295 esset
566 1264 708 1304 Spiritus
725 1265 828 1296 sancti
853 1266 1035 1305 productio.
1050 1267 1187 1297 Fortene
1213 1267 1370 1298 mirantur
1392 1267 1441 1298 vel
1467 1267 1526 1298 hoc
1549 1271 1666 1307 negant
1697 1266 1863 1301 Photiani_

219 1317 302 1354 Ergo
322 1316 441 1354 pariter
455 1319 572 1354 negent
590 1316 714 1346 Patrem
739 1324 756 1346 a
777 1315 897 1354 Spiritu
915 1321 1024 1346 sancto
1042 1317 1199 1355 cognosci,
1225 1317 1273 1348 vel
1291 1317 1385 1348 etiam
1402 1326 1492 1346 nosse
1510 1316 1668 1356 seipsum,
1690 1320 1864 1355 propterea

220 1369 307 1407 quod
338 1368 457 1398 dixerit
484 1367 634 1399 Christus
657 1367 769 1399 Matth.
795 1378 842 1405 χι,
866 1369 919 1405 22,
936 1368 1031 1399 Nemo
1055 1370 1143 1400 navit
1169 1370 1305 1406 Patrem,
1336 1370 1400 1401 nisi
1424 1370 1546 1404 Filius;
1572 1369 1622 1400 vel
1649 1374 1776 1409 negent
1796 1378 1864 1400 cum

221 1417 418 1454 Sociniauis,
435 1417 553 1448 Filium
572 1417 679 1457 ipsum
697 1426 768 1448 esse
783 1427 893 1449 verum
909 1419 1110 1459 Deum,quia
1128 1419 1330 1458 ipse-Patrem
1345 1419 1516 1459 alloquens
1530 1420 1574 1451 ait
1601 1419 1711 1457 (Joan.
1728 1429 1814 1458 xvii,
1825 1419 1864 1459 3),

222 1471 259 1501 Ut
283 1474 473 1510 cognoscant
490 1475 518 1499 te
535 1469 635 1500 solum
649 1479 756 1500 verum
774 1471 884 1502 Deum.

262 1523 368 1552 XXX.
393 1523 439 1552 En
462 1529 527 1560 quo
549 1522 677 1552 tandem
703 1521 769 1552 abit
804 1527 1031 1561 argumentum
1054 1530 1071 1552 a
1092 1521 1258 1554 Photianis
1282 1521 1363 1554 adeo
1386 1522 1589 1554 decantalum
1613 1531 1620 1550 :
1644 1530 1663 1553 δ
1683 1521 1862 1554 Photianis.

223 1575 368 1613 inquam,
391 1575 448 1614 qui
471 1579 502 1606 et
529 1575 639 1606 tritum
654 1574 735 1606 illud
757 1578 787 1606 et
814 1583 870 1613 per
886 1583 958 1606 sese
984 1574 1282 1606 luculentissimum
1297 1574 1446 1614 ignorare
1470 1575 1622 1606 videntur
1646 1586 1654 1606 :
1675 1575 1742 1612 Qui
1769 1583 1863 1604 unum

221 1626 348 1662 uascrit,
364 1624 453 1655 aliud
475 1633 539 1654 non
563 1629 668 1664 negat,
695 1625 759 1654 nisi
794 1625 822 1655 ei
847 1623 929 1663 quod
953 1624 1067 1655 asserit
1092 1629 1258 1664 repugnet.
1282 1626 1360 1656 Nam
1386 1625 1606 1663 proharuntne
1626 1633 1788 1665 unquam,
1815 1626 1862 1655 aut

222 1676 400 1715 aliquando
420 1674 584 1714 probaturi
602 1678 690 1711 sunt,
710 1674 807 1705 ullam
824 1674 858 1705 in
879 1683 918 1705 eo
932 1683 1002 1705 esse
1020 1675 1281 1714 repugnantiam,
1300 1675 1386 1714 quod
1411 1675 1516 1706 Filius
1538 1684 1602 1707 una
1620 1685 1693 1707 cum
1709 1677 1804 1707 Patre
1825 1674 1862 1704 sit

225 1728 421 1768 lrineipium
444 1727 584 1767 Spiritus
604 1726 727 1757 sancti?
757 1726 842 1763 Quid
869 1725 977 1757 enim?
993 1727 1085 1758 Anne
1105 1726 1230 1766 aliquid
1268 1727 1406 1764 virtutis,
1423 1736 1495 1767 quae
1517 1728 1596 1759 insit
1621 1728 1720 1766 Patri,
1750 1729 1860 1759 deesse

223 1779 310 1810 Filio
329 1778 507 1818 putandum
526 1777 609 1808 erit?
626 1777 680 1808 Vel
701 1777 816 1808 rationi
836 1777 910 1807 Filii
932 1782 1090 1816 repugnat
1107 1778 1286 1816 producere
1318 1777 1413 1809 aliam
1430 1786 1444 1808 a
1463 1779 1571 1817 seipso
1595 1781 1794 1818 personam?
1809 1779 1859 1809 Vel

224 1833 354 1863 demum
370 1831 458 1871 quod
482 1830 575 1862 habet
594 1829 804 1869 principium,
822 1829 938 1869 nequit
958 1838 1031 1860 esse
1056 1829 1253 1869 principium
1276 1829 1430 1861 alterius?
1453 1829 1538 1861 Nihil
1564 1830 1679 1862 horum
1706 1830 1859 1869 profecto.

224 1884 288 1914 Cur
304 1882 404 1921 igitur
419 1886 550 1912 ovantes
566 1881 648 1912 adeo
673 1884 899 1919 argumentum
916 1880 1003 1910 istud
1020 1880 1200 1911 obtrudunt
1219 1891 1226 1910 :
1246 1880 1453 1920 Evangelium
1469 1881 1590 1912 Christi
1607 1890 1661 1911 ore
1671 1880 1760 1911 clare
1775 1881 1859 1910 docet

222 1932 339 1972 ﬁdeles,
355 1933 514 1970 Spiritum
533 1936 676 1961 sanctum
692 1940 711 1960 a
728 1930 821 1961 Patre
835 1930 1023 1970 procedere;
1038 1935 1070 1960 at
1094 1931 1159 1970 ipsi
1176 1931 1280 1970 angeli
1313 1931 1515 1962 tenebrarum
1532 1931 1662 1971 (Latini)
1673 1931 1857 1970 prwdicant,

223 1983 316 2013 etiam
330 1991 349 2012 a
365 1981 452 2013 Filio
466 1991 476 2011 :
492 1989 570 2020 ergo
593 1980 772 2020 Evangelio
794 1980 952 2012 contraria
977 1981 1105 2011 docent.
1121 1980 1164 2010 Ita
1182 1988 1259 2011 sane
1277 1984 1347 2019 post
1371 1980 1561 2011 innumeros
1589 1981 1672 2012 alios
1695 1980 1859 2020 Eugenius

223 2033 258 2066 in
275 2033 371 2065 citato
389 2033 513 2071 libello,
529 2032 622 2072 cujus
638 2033 745 2064 Graeca
762 2033 857 2063 verba
875 2036 949 2062 sunt
967 2031 972 2061 l

1109 2050 1110 2059 ι
1128 2036 1297 2070 Εὐαγγέλιον
1311 2035 1354 2063 διὰ
1373 2035 1508 2072 στόματος
1526 2036 1573 2063 τοῦ
1584 2036 1707 2072 Χριστοῦ
1719 2035 1858 2070 εὐαγγελί-

223 2087 300 2119 ζεται
321 2087 362 2118 εἰς
380 2086 445 2117 τοὺς
472 2085 587 2117 πιστοὺς
609 2085 716 2120 φανερὰ
741 2085 782 2112 ὅτι
816 2084 931 2120 Πνεῦμα
962 2084 1038 2121 παρά
1063 2084 1170 2120 [ἰατρὸς
1189 2083 1383 2119 ἐκπορεύεται,
1401 2085 1450 2111 καὶ
1467 2085 1543 2112 αὐτοὶ
1571 2085 1596 2111 οἱ
1613 2085 1726 2119 ἄγγελοι
1753 2085 1859 2113 σκότους

223 2134 460 2174 εὖαγγελίζονται,
474 2139 521 2165 καὶ
540 2139 573 2165 ἐκ
585 2137 632 2165 τοῦ
651 2137 727 2165 Υῑθῦ.
749 2133 777 2164 Ο
798 2132 972 2171 prmelaran‘

1107 2132 1204 2163 archte
1220 2133 1341 2164 Montis
1367 2136 1532 2171 Ἀγιονύμου
1553 2132 1777 2166 ratiooinatioi
1800 2131 1856 2165 Sic,

224 2186 321 2217 οἰηθῖ
346 2183 495 2215 Procedit
518 2194 538 2213 a
557 2184 675 2218 Patre;
699 2193 765 2214 non
782 2184 884 2222 igitur
911 2193 931 2213 ιι
953 2183 1038 2214 Filio
1063 2193 1072 2212 :
1099 2191 1171 2215 cum
1197 2182 1306 2222 potius
1336 2183 1513 2214 dicendum
1535 2183 1644 2214 foret:
1669 2181 1820 2213 Procedit
1843 2190 1859 2208 α

227 2235 334 2273 l’atre,
352 2244 424 2274 ergo
443 2239 471 2266 et
489 2245 508 2265 a
522 2234 620 2271 Filio,
638 2234 680 2265 ob
707 2235 864 2265 iudicatas
892 2233 1047 2264 rationes.
1075 2234 1136 2264 Sed
1160 2237 1191 2265 et
1214 2233 1284 2272 ipse
1305 2233 1566 2274 'l‘heOphylactus
1591 2233 1672 2264 male
1688 2233 1780 2264 fama;
1797 2240 1856 2263 sua:

226 2285 381 2322 consulit,
400 2285 477 2315 dum
506 2284 692 2323 praedictum
718 2287 947 2322 argumentum
969 2282 1142 2322 simplicem
1164 2288 1256 2314 vocat
1277 2283 1512 2323 absolutamque
1528 2284 1682 2314 rationem
1699 2283 1754 2323 (ὁ),
1771 2281 1855 2314 addi-

227 2337 352 2377 ditque,
370 2335 470 2367 alium
488 2334 583 2366 nobis
602 2343 674 2366 esse
691 2335 901 2375 quwrendum
917 2335 1083 2366 doctorem
1101 2338 1215 2374 praeter
1225 2344 1322 2366 unum
1336 2335 1523 2374 magistrum
1532 2340 1678 2366 nostrum
1690 2336 1853 2375 Christum,

227 2391 253 2421 si
272 2389 349 2421 huic
369 2388 511 2428 dogmati
533 2386 695 2419 adluerere
722 2386 873 2418 velimus.
891 2389 930 2418 At
956 2393 1046 2424 vero,
1073 2386 1100 2416 si
1125 2386 1272 2418 Christus
1292 2386 1411 2418 aiendo
1435 2396 1442 2417 :
1468 2387 1522 2426 qui
1549 2396 1567 2417 a
1592 2386 1688 2418 Patre
1704 2384 1853 2426 procedit,

229 2441 323 2473 nobis
340 2440 527 2472 nullatenus
546 2438 750 2480 adversatur,
764 2439 866 2470 multo
883 2438 991 2469 minus
1007 2438 1161 2469 censendi
1179 2442 1256 2470 sunt
1270 2438 1364 2469 nobis
1380 2438 1530 2469 contrarii
1544 2446 1615 2469 esse
1628 2438 1812 2478 quicunque
1821 2442 1854 2466 ex

227 2490 346 2523 Graecis
364 2489 510 2520 l’atribus
540 2489 657 2521 docent
689 2488 906 2526 solummodo,
931 2487 1153 2528 aﬂirmantque
1175 2488 1331 2528 Spiritum
1353 2493 1498 2520 sanctum
1520 2498 1540 2518 ο.
1564 2489 1659 2520 Patre
1681 2487 1853 2528 procedere.

228 2542 308 2571 Cum
327 2539 426 2580 igitur
440 2540 624 2570 Grmcorum
648 2547 742 2570 nemo
768 2539 929 2570 inﬁcietur
952 2539 1103 2570 eumdem
1127 2543 1158 2570 et
1181 2547 1196 2570 ε
1216 2539 1301 2570 Filio
1324 2540 1510 2578 procedere,
1530 2539 1678 2571 ncnnulli
1696 2544 1800 2571 autern
1819 2544 1852 2565 rx

228 2593 295 2624 illis
320 2601 382 2624 una
399 2601 471 2623 cum
494 2591 616 2622 Latinis
637 2591 790 2621 omnibus
818 2589 991 2626 aliirrnent,
1016 2589 1158 2629 profecto
1183 2589 1264 2620 illud
1293 2599 1411 2630 negare
1438 2590 1600 2630 priori-acte
1626 2590 1722 2627 velle,
1747 2590 1807 2620 imo
1826 2591 1850 2616 et

230 2643 390 2674 haereseos
414 2650 472 2673 nos
497 2642 714 2672 condemnare
738 2641 815 2680 quia
839 2641 870 2672 id
895 2639 1086 2677 asserimus,
1108 2649 1158 2671 res
1182 2639 1310 2672 illorum
1336 2647 1379 2671 est
1404 2641 1512 2680 [verba
1538 2649 1652 2681 regere
1674 2650 1747 2681 qua)
1768 2638 1848 2671 habet

231 2695 489 2736 Theophylaclus
506 2693 559 2735 («)1
570 2694 624 2734 qui
639 2695 758 2734 spiritu
774 2695 894 2725 erroris
913 2693 1000 2734 pleni
1014 2697 1100 2724 sunt.

267 2801 307 2836 (tr)
326 2801 406 2828 Num.
423 2801 468 2828 Ill.
900 2798 903 2799 '

900 2798 903 2799 ⁷
1111 2798 1145 2835 (cl
1164 2797 1274 2826 Ibidem.

265 2838 303 2871 (lt)
325 2837 436 2864 lhidctn.
