1897 3052
243 174 298 206 413
758 180 954 211 BONIFACII
981 182 1134 212 FlNE'i‘l‘l
1166 183 1364 213 PlLEFATlU
1827 183 1873 214 4H

244 238 292 264 ret
317 237 398 271 vota,
428 243 488 266 suo
523 235 754 268 Anecdotorum
773 239 948 275 Fasciculo,
978 248 1073 279 quem
1104 240 1204 270 edidit
1222 249 1273 270 an.
1309 241 1395 277 i756,
1431 241 1634 272 inserendam
1664 240 1872 272 existimavit.

241 284 333 321 Quod
357 285 487 324 quidem
513 287 637 317 tametsi
662 287 816 320 editionis
845 289 941 329 hujus
973 290 1154 320 fautoribus
1181 292 1274 330 paulo
1292 292 1506 330 injucnntlius
1533 291 1699 328 acciderit,
1717 300 1756 322 eo
1787 292 1872 331 quo]

208 372 213 376 ἢ
242 334 359 365 exinde
383 339 573 374 prmreptnm
595 338 623 367 ei
649 338 773 378 aliquid
800 339 903 370 laudis
930 340 1188 379 suspicarentur,
1221 341 1300 372 mibi
1327 347 1432 372 tamen
1460 341 1723 381 percommodum
1747 341 1873 372 cessit:

240 384 287 414 sic
302 385 386 414 enim
404 385 622 423 collationem,
638 397 734 427 quam
751 398 822 419 cum
839 390 1035 421 Bononiensi
1057 395 1145 421 textu
1164 391 1270 422 facere
1290 392 1479 428 meditabar,
1501 400 1540 422 eo
1552 391 1616 430 jam
1640 391 1740 426 edito,
1773 390 1874 421 multo

239 433 365 466 facilius
382 438 517 476 exsequi
547 440 650 477 potui.
668 441 821 471 Cmterum
841 440 1066 480 Mingarellins
1088 443 1196 472 Graeco
1220 442 1321 474 textui
1341 443 1483 473 Latinam
1512 442 1695 473 versionem
1725 441 1874 482 adjunxit

237 494 314 517 sane
330 493 507 519 accuratam
525 494 555 520 et
569 490 702 522 nitidam
725 503 732 522 ε
751 501 846 532 quam
861 497 1040 532 pr0ptcrea,
1065 499 1099 524 ut
1115 495 1147 525 in
1164 494 1244 525 hanc
1262 495 1440 532 editionem
1456 496 1660 530 asciscerem.
1677 495 1788 526 animo
1818 495 1872 526 diu

237 539 442 580 multumque
473 544 644 581 ριόμοηιίἱ.
673 545 732 575 Sed
751 547 877 576 tandem
897 545 940 575 nil
959 554 1030 576 esse
1043 551 1143 583 ratus,
1162 555 1219 577 cur
1243 547 1424 578 versionem
1442 555 1543 578 meam
1557 554 1596 577 eo
1608 546 1683 586 jure
1697 546 1871 585 privarent:

236 591 324 630 quod
341 593 464 623 ratione
483 594 637 632 temporis
654 595 862 635 aequis-ierat,
881 601 910 627 et
927 601 1097 637 postquam
1117 597 1201 627 hami
1216 597 1370 628 mediocri
1394 597 1467 628 nisu
1483 599 1618 628 eluctata
1638 605 1678 627 ex
1694 593 1872 635 exemplari

236 645 322 672 esset
343 643 492 681 pluribus
511 644 550 674 de
569 646 676 676 causis
708 646 879 684 perarduo,
910 655 978 677 eam
1003 647 1173 678 innoxiam
1191 649 1334 679 tenebris
1357 650 1539 678 damnarem
1559 647 1738 686 perpetuis,
1770 647 1871 685 ipsam

237 691 286 721 liic
299 694 522 731 apponendam
541 697 666 726 censui.
687 697 841 728 Caeterum
861 707 933 728 cum
953 698 1168 729 Bononiensis
1189 698 1290 729 codex
1306 698 1417 729 codice
1449 697 1871 731 Cmsareo-Vindobonens‘,

235 744 291 782 qui
306 744 388 775 haud
405 745 444 776 ita
464 755 607 786 magnam
639 748 762 779 redolet
787 749 1024 788 antiquitatem,
1040 750 1117 780 mihi
1135 749 1310 789 aliquando
1325 750 1460 780 nitidior
1481 749 1569 780 visus
1583 750 1637 786 sit,
1651 750 1871 780 emendatior-

236 803 312 833 que,
345 795 434 826 illius
451 804 511 834 ope
528 798 684 828 nonnulla
715 799 774 829 mei
803 799 994 838 exemplaris
1017 801 1179 839 corrigere
1205 802 1317 831 menda
1331 801 1435 840 (prius
1451 801 1585 841 quidem
1602 800 1669 831 sola
1685 799 1870 839 conjectura

236 846 326 883 plura
343 846 564 886 sustuleram),
584 848 724 888 indeque
735 852 765 879 et
780 849 963 879 versionem
980 858 1082 880 meam
1095 850 1332 890 aliquantulum
1352 851 1502 889 perﬁcere
1521 851 1599 881 milii
1615 851 1730 881 licuit:
1748 854 1784 880 ut
1799 858 1870 888 pro-

235 895 310 926 in'le
328 905 390 926 non
406 898 539 927 omnino
558 906 618 928 suo
638 899 792 929 exciderit
811 904 882 930 voto
905 901 1189 938 priestantissimus
1219 901 1456 940 Mingarellius,
1477 901 1536 941 qui
1550 909 1586 932 ea
1603 909 1665 940 prie
1683 900 1814 932 caneris
1833 901 1868 930 a'l

234 948 446 986 evulgandam
466 948 704 980 Allocutioncm
736 951 817 982 lianc
837 951 961 982 ratione
994 961 1028 983 se
1045 953 1214 984 inductum
1235 953 1337 984 fuisse
1355 958 1475 990 monet,
1490 959 1525 984 ut
1540 953 1765 993 Theophyiacti
1791 954 1871 992 0pc-

232 1006 303 1028 rum
323 999 418 1029 editio
432 1000 529 1038 magis
548 1001 707 1040 magisque
727 1001 969 1040 perﬁcipossit.
993 1003 1031 1032 At
1045 1006 1075 1032 et
1089 1003 1232 1033 codicem
1260 1003 1512 1038 Bononiensem,
1533 1003 1657 1034 tametsi
1674 1003 1869 1042 plerumque

234 1051 478 1082 Vindoboriensi
508 1053 704 1090 nitidiorem,
725 1054 868 1084 vicissim
891 1063 997 1093 posse,
1028 1055 1094 1086 imo
1111 1059 1141 1086 et
1157 1057 1320 1087 deberein
1334 1056 1497 1096 aliquibus
1512 1057 1631 1096 corrigi
1657 1061 1688 1088 et
1712 1056 1786 1095 ipse
1820 1064 1869 1086 co-

231 1100 302 1130 dice
321 1101 575 1138 \‘indobonensi,
594 1104 764 1142 perspiciet
795 1103 888 1134 facile
907 1104 1006 1134 lector
1028 1114 1064 1135 ex
1086 1105 1286 1136 variantibus
1303 1106 1509 1140 lectionibus.
1523 1114 1602 1145 quas
1618 1107 1656 1137 ad
1675 1105 1865 1145 paginarum

230 1151 348 1182 calcem
369 1153 512 1184 adtexui.
532 1154 570 1184 Et
587 1162 663 1184 sane
675 1154 846 1184 lectionem
860 1155 1148 1186 Vindobonensem
1165 1156 1196 1186 in
1211 1156 1407 1196 quibusdam
1424 1155 1664 1188 anteferendam
1679 1165 1751 1187 esse
1765 1157 1868 1186 Bono-

231 1202 351 1240 niensi,
371 1212 477 1240 nemo,
494 1208 526 1235 ut
540 1211 629 1243 puto,
656 1205 866 1242 inliciabitur,
896 1207 951 1246 qui
970 1207 1225 1248 pauculas,quas
1240 1209 1431 1248 adjecimus,
1461 1214 1552 1238 notas
1572 1210 1758 1247 expendere
1776 1207 1864 1238 velit.

231 1256 395 1287 Variantes
419 1265 552 1296 quoque
582 1257 836 1298 lectiones,quaa
851 1259 881 1290 in
900 1260 1085 1290 Chomateni
1111 1261 1270 1300 excerptis
1286 1261 1679 1297 occurrunt,addidimus,
1701 1268 1765 1291 non
1791 1260 1867 1300 qui-

230 1308 302 1337 dem
334 1315 460 1343 omnes,
477 1309 532 1339 sed
561 1317 614 1339 eas
631 1313 752 1340 tantum
772 1319 842 1350 quae
859 1310 993 1349 alicujus
1011 1319 1082 1341 esse
1110 1311 1263 1342 momenti
1285 1311 1361 1343 visae
1371 1315 1454 1342 sunt.
1473 1312 1534 1342 Sed
1558 1311 1623 1351 jam
1649 1312 1688 1342 de
1727 1310 1866 1350 ipsamet

229 1356 435 1389 Allocutione
453 1359 610 1390 nonnulla
631 1360 788 1390 dicamus.

270 1420 387 1450 XXVI.
413 1421 513 1451 Erunt
543 1421 675 1452 fortasse
701 1422 756 1461 qui
782 1422 862 1452 hanc
896 1421 1126 1461 Theophylacti
1152 1422 1289 1462 opellam
1320 1423 1450 1453 nonnisi
1476 1414 1579 1453 Photii
1601 1422 1818 1453 sectatoribus
1837 1423 1865 1452 in

228 1478 292 1500 suo
312 1470 482 1501 schismate
501 1471 706 1502 olitirmandis
726 1472 800 1502 usui
827 1481 897 1502 esse
918 1480 1012 1511 posse
1028 1472 1230 1507 arbitrantes,
1253 1481 1321 1503 eam
1349 1481 1365 1503 a
1382 1472 1476 1502 nobis
1503 1471 1536 1502 in
1567 1471 1727 1511 publicam
1757 1471 1864 1502 efferri

228 1519 345 1558 lucem,
365 1530 447 1560 mgre
464 1521 590 1562 fer:xnt,_
603 1526 657 1552 aut
673 1523 784 1553 saltem
812 1524 1024 1554 demirentur.
1051 1524 1109 1554 Sed
1135 1530 1193 1554 nos
1220 1525 1259 1554 ab
1283 1532 1394 1554 eorum
1411 1523 1466 1562 qui
1485 1523 1526 1553 ita
1545 1522 1690 1553 sentiunt
1706 1523 1863 1560 opinione

226 1572 307 1602 adeo
324 1572 431 1610 procul
449 1572 616 1611 absumus,
639 1578 670 1603 ut
688 1582 751 1604 non
770 1574 864 1604 modo
885 1574 1010 1604 nullum
1024 1573 1056 1604 in
1079 1582 1113 1605 ea
1131 1575 1253 1605 edenda
1285 1574 1464 1614 periculum
1484 1574 1618 1605 subesse
1643 1573 1860 1612 suspicemur,

226 1623 282 1653 sed
311 1622 448 1653 fructum
481 1624 576 1654 etiam
610 1623 821 1663 multiplicem
857 1625 974 1655 exinde
1005 1624 1097 1654 nobis
1127 1624 1342 1655 obVenturum
1367 1624 1564 1654 conﬁdamus
1588 1632 1596 1654 :
1624 1623 1806 1660 tScilicet,
1832 1628 1863 1654 ut

228 1674 434 1712 integerrima
454 1675 485 1705 in
512 1675 704 1715 cvulgandis
730 1675 960 1715 Tlieophylacti
987 1676 1148 1715 Operibus
1174 1676 1249 1706 ﬁdes
1276 1679 1381 1706 nostra
1407 1675 1558 1706 omnibus
1585 1675 1746 1714 explorata
1783 1676 1862 1706 tiat:

174 1766 178 1770 .
226 1723 346 1754 deinde
366 1729 401 1755 ut
419 1726 518 1756 Latini
537 1726 678 1756 nominis
694 1726 802 1757 hostes
830 1726 1037 1765 perspiciam,
1056 1727 1097 1757 ita
1115 1735 1172 1757 nos
1191 1726 1332 1766 mquitati
1358 1734 1462 1757 causa;
1486 1729 1602 1756 nostra)
1628 1725 1804 1762 conlidere,
1831 1729 1863 1755 ut

225 1784 298 1814 qua:
323 1781 432 1808 contra
461 1777 641 1808 afferuntur
666 1785 852 1818 argumenta
881 1778 913 1808 in
947 1779 1090 1809 nierlium
1121 1778 1296 1817 producere
1326 1786 1390 1809 non
1417 1785 1586 1808 Vereamur
1615 1785 1622 1806 :
1657 1776 1803 1815 denique
1830 1781 1862 1807 ut

226 1825 374 1858 Photiani
391 1828 444 1867 (ita
461 1836 516 1858 eos
536 1827 698 1867 appellare
716 1827 818 1864 lubet,
841 1828 898 1867 qui
913 1837 954 1858 ex
969 1829 1086 1859 Graecis
1103 1829 1266 1860 scliismati
1286 1828 1463 1864 adbaarent,
1486 1832 1520 1858 ut
1547 1827 1586 1857 ab
1605 1827 1723 1866 inclyta
1750 1835 1860 1858 eorum

225 1878 365 1915 natione,
385 1886 479 1918 quam
494 1886 685 1918 magnopere
703 1877 814 1917 diligo,
828 1881 871 1914 et,
889 1882 922 1908 ut
938 1878 1037 1914 decet,
1056 1878 1137 1913 colo,
1153 1878 1328 1919 secernam)
1346 1877 1521 1917 aliquando
1537 1877 1660 1907 discant
1675 1877 1806 1916 mquius
1824 1879 1860 1908 de

227 1928 333 1958 Latina
369 1928 511 1960 Ecclesia
538 1929 670 1966 sentire,
690 1929 882 1968 animosque
912 1929 1038 1967 cagiunt
1064 1928 1303 1959 moderatiores.
1319 1929 1412 1966 Quod
1442 1928 1484 1958 ita
1509 1927 1640 1967 quidem
1667 1932 1859 1958 eventurum

222 1980 361 2017 confido,
382 1981 408 2011 si
426 1980 537 2011 sedato
562 1981 749 2019 passionum
778 1984 870 2017 testu,
901 1988 937 2010 ac
964 1979 1160 2018 prtejudiciis
1187 1979 1350 2018 paulisper
1375 1979 1538 2018 sepositis.
1562 1978 1601 2009 ad
1628 1978 1858 2018 'l‘heophylaizti

223 2031 336 2070 placita
366 2035 474 2071 (quem
502 2031 581 2062 alias
610 2031 727 2070 magni,
756 2040 813 2062 nec
841 2031 1015 2067 immerito,
1039 2029 1172 2070 faciunt)
1199 2031 1344 2061 animum
1376 2035 1583 2071 mentemque
1612 2039 1704 2060 suam
1731 2032 1859 2070 exigere

221 2083 334 2114 velint.
349 2083 416 2114 Hoc
434 2082 461 2113 si
485 2082 703 2121 prtestiterint,
722 2082 908 2113 fatebuntur
923 2091 1013 2118 sane,
1028 2091 1124 2121 neque
1141 2081 1180 2121 (ιι)
1198 2081 1312 2111 multos
1333 2090 1396 2110 esse
1411 2081 1595 2111 Latinorum
1608 2091 1743 2118 errores,
1762 2090 1855 2120 neque

221 2135 311 2169 tales,
335 2135 389 2172 qui
403 2134 444 2164 ad
466 2133 687 2165 discindendas
703 2133 866 2163 Ecclesias
885 2133 949 2163 sint
964 2132 1083 2168 idonei,
1101 2140 1266 2171 eorumque
1288 2131 1410 2162 nullum
1422 2132 1463 2161 ad
1478 2131 1553 2170 ﬁdei
1573 2137 1667 2171 caput
1681 2133 1856 2171 pertinere,

221 2185 420 2216 Fatebuntur
435 2185 606 2224 ejusmodi,
619 2188 651 2214 ut
667 2184 727 2222 ipsi
743 2187 865 2221 putant,
879 2191 1004 2214 errores
1018 2182 1100 2213 ultra
1117 2182 1273 2213 rationem
1283 2191 1411 2212 omnem
1423 2186 1451 2212 et
1466 2183 1596 2212 modum
1608 2183 1860 2222 afervidioribus

221 2235 415 2274 quibusdam
432 2234 680 2274 (b)orthodoziw
695 2233 886 2264 uiatoribus
900 2233 1105 2272 ampliﬁcari;
1129 2233 1324 2272 aliquosque
1345 2233 1476 2270 nullius,
1494 2234 1575 2263 alios
1604 2242 1678 2264 vero
1692 2234 1858 2264 mediocris

221 2285 446 2316 emendationis
477 2285 632 2324 indigere,
656 2285 696 2314 ita
715 2289 748 2315 ut
773 2294 836 2314 non
859 2286 964 2323 magni
988 2284 1114 2314 intersit
1138 2284 1296 2319 Erclesiw,
1322 2285 1350 2314 si
1375 2294 1409 2314 ea
1429 2285 1635 2324 perﬁciatur.
1659 2286 1858 2317 Fatebuntur

220 2345 349 2370 oinnem
367 2336 466 2368 ferme
481 2336 700 2367 dissensionis
716 2337 843 2367 Grmcos
861 2337 945 2367 inter
959 2345 994 2367 ac
1011 2336 1138 2366 Latinos
1155 2344 1282 2366 causam
1301 2337 1510 2368 revocandam
1525 2347 1598 2368 esse
1613 2338 1650 2368 ad
1668 2339 1856 2376 particulam

219 2390 363 2430 filioque
392 2390 544 2430 Symboio
566 2390 720 2430 adiectam
744 2389 796 2429 (θ),
822 2389 968 2429 adeoque
993 2398 1049 2419 nec
1070 2394 1203 2428 propter
1229 2398 1349 2428 azyma,
1375 2398 1473 2429 neque
1499 2394 1634 2429 propter
1655 2390 1783 2430 jejunio
1806 2390 1855 2429 (ιιι,

219 2445 318 2474 multo
335 2451 408 2474 vero
426 2444 529 2473 minus
546 2448 681 2483 propter
697 2442 831 2482 reliqua,
851 2451 960 2482 pacem
977 2450 1045 2474 esse
1056 2451 1128 2474 cum
1149 2442 1260 2473 Latina
1275 2442 1415 2474 Ecclesia
1429 2442 1630 2473 turbandam.
1657 2443 1857 2474 Fatcbun'ur

219 2496 332 2533 multa,
350 2503 423 2536 quae
443 2496 522 2535 ipsis
539 2505 662 2526 errores
678 2501 762 2533 sunt,
784 2505 886 2526 moras
921 2496 1163 2527 consuetudines
1178 2496 1216 2536 (ιι)
1241 2504 1326 2532 esse,
1353 2495 1502 2535 quaedam
1525 2494 1648 2534 quidem
1672 2504 1712 2524 ex
1726 2495 1854 2533 pietate,

218 2549 298 2580 alias
314 2558 354 2580 ex
369 2549 503 2590 provida
515 2548 723 2588 dispositione
743 2549 952 2579 introductas.
975 2549 1174 2580 Fatebuntur
1199 2549 1353 2586 denique,
1380 2557 1419 2578 ex
1442 2547 1512 2578 solo
1528 2548 1694 2578 charitalis
1719 2547 1854 2587 defectu,

218 2600 388 2632 ambitione
399 2609 435 2631 ac
457 2599 607 2639 superbia
622 2599 673 2639 (Γ),
685 2608 723 2629 ex
742 2599 806 2629 zelo
821 2609 885 2630 non
901 2600 1069 2630 secundum
1084 2601 1259 2637 scientiam,
1276 2609 1314 2630 ex
1329 2607 1406 2630 circa
1420 2599 1476 2634 ,ςιιί
1488 2607 1593 2629 amore
1605 2598 1647 2638 (τι)
1655 2602 1700 2628 tot
1727 2599 1855 2637 congeri

253 2736 294 2771 (α)
311 2735 400 2763 Verba
410 2734 613 2772 rThcopliylacti
628 2733 714 2762 Allor.
735 2742 811 2762 num.
829 2735 848 2768 Ι,
863 2743 925 2772 pag.
941 2735 1004 2764 515.
1057 2734 1126 2762 enim
1154 2733 1287 2772 [fatuae
1301 2733 1478 2772 suscipimus,
1499 2735 1579 2772 (ηοξ-ἱ
1604 2735 1662 2758 tum
1685 2738 1750 2772 quze
1776 2729 1851 2757 liabet

253 2766 291 2806 ibi
309 2772 391 2799 Num.
409 2771 440 2797 ll.
494 2766 502 2771 ’
532 2766 540 2771 ’
842 2766 846 2768 ’
863 2766 871 2771 ’
898 2766 913 2772 ’⁷
1061 2777 1138 2797 num.
1154 2766 1226 2799 XVI.
1242 2768 1288 2795 ubi
1305 2766 1434 2802 graphice
1459 2767 1593 2794 describit
1611 2766 1797 2828 quornlndam
1821 2772 1849 2791 ex

253 2808 288 2828 tri
307 2807 336 2828 lh
363 2812 390 2828 ιιι
403 2813 477 2828 num.
491 2804 534 2828 lll.
1059 2805 1118 2828 suis
1132 2804 1302 2828 nonnlaribus
1316 2803 1439 2828 ὑδερικὸν
1460 2803 1541 2828 δγκῆν
1553 2821 1562 2828 .
1575 2803 1616 2828 Im.
1630 2809 1749 2828 romrum
1769 2805 1849 2828 lunu-

307 2807 346 2846 I_b.
363 2812 390 2834 et
402 2813 478 2846 quin.
491 2804 534 2834 lll.

1105 2813 1118 2832 s
1131 2801 1439 2840 ροριιιανὶινιιδίύδέρικὺν
1460 2803 1541 2838 δγκῆν
1553 2821 1562 2836 ,
1575 2801 1749 2838 Iiydropirum
1769 2805 1852 2828 lunu-

253 2840 293 2878 (d)
310 2843 392 2869 Num.
409 2840 466 2868 XV.

256 2879 292 2912 (ε)
311 2877 380 2912 Ibid.
956 2911 973 2912 η

1062 2848 1128 2868 rem.

956 2911 973 2912 η
1063 2890 1073 2904 ι
1100 2875 1136 2911 tg‘
1155 2875 1236 2904 Num.
1251 2873 1287 2902 Xl
1303 2873 1330 2902 in
1345 2874 1407 2902 iinc.

255 2911 290 2945 (ι)
307 2911 365 2940 lluc
383 2916 509 2942 spectant
527 2912 608 2940 VCI‘bJ
628 2921 687 2942 uu:c
706 2913 786 2941 habet
803 2921 879 2940 num.
895 2912 906 2940 ῐ
923 2922 928 2939 :
950 2911 1011 2938 Non
