1897 3052
220 147 272 176 lui?
745 145 935 176 BONIFACII
955 146 1111 177 FINETTI
1132 145 1327 176 PREFATIO
1793 143 1846 175 448
1881 155 1882 174 l

223 202 460 232 verebaturille
478 204 667 232 eventurum
685 201 759 235 sibi,
780 210 894 241 nempe
913 202 999 241 quod
1016 201 1162 232 nonnulli
1188 210 1226 231 ex
1251 199 1474 238 fervidioribus
1498 200 1674 232 I’hotianis,
1701 199 1846 238 legi-ntus

221 260 318 290 quam
344 252 458 282 acriter
480 251 510 281 in
539 259 595 282 sua
627 250 684 281 hac
711 250 815 288 opella
844 251 1035 290 perstringat
1065 250 1251 282 eorumdem
1283 248 1552 280 immoderantiam
1582 248 1652 284 zeli,
1677 248 1847 278 charitalis

221 301 384 342 defectum,
406 301 602 331 ambitionem
615 305 706 340 atque
728 301 935 340 hydropicum
952 306 1116 337 tumorem,
1131 300 1344 331 aestimatione
1364 300 1395 330 in
1413 303 1630 337 contemptum
1647 307 1751 334 versa,
1769 307 1845 328 eun

222 353 433 383 condemnem
449 352 583 382 inscitia
599 352 827 390 crassiorisque
842 353 875 382 in
892 351 984 382 rebus
1010 352 1109 381 sacris
1128 351 1257 392 judicii,
1273 351 1320 381 υίι
1340 351 1482 386 incuriae,
1504 351 1562 380 imo
1586 354 1614 380 et
1645 351 1847 380 orientalium

221 403 397 441 dogmatum
411 402 614 442 proditionis.
632 403 695 433 Alii
714 407 831 439 tamen,
846 412 973 442 sperare
985 402 1087 442 juvat,
1105 402 1285 443 gravissimi
1303 402 1398 442 hujus
1425 402 1483 432 viri
1507 401 1694 432 auctoritate
1708 403 1845 438 permOIi

221 453 283 483 sibi
303 453 396 483 facile
411 453 658 490 persuadebunt,
675 461 729 482 nec
750 453 863 482 multos
876 462 939 482 esse
951 452 1135 483 Latinorum
1152 461 1287 488 errores,
1302 461 1399 491 neque
1410 452 1487 482 tales
1502 451 1557 490 qui
1567 450 1608 481 ad
1623 450 1846 481 discindenda‘

219 503 380 533 Ecclesias
393 502 458 531 sint
473 501 597 535 idonei;
612 510 668 532 nec
692 502 789 532 ullum
814 503 868 540 qui
891 502 932 532 ad
946 501 1019 540 ﬁdei
1044 507 1139 541 caput
1164 502 1334 542 pertineat.
1361 503 1398 531 At
1413 501 1436 532 ii
1464 501 1524 539 ipsi
1544 501 1677 531 fortasse
1697 501 1845 540 ejusdem

221 553 410 584 auctoritate
429 552 500 582 freti
521 552 725 587 contendent,
743 560 776 581 se
792 552 866 591 jure
882 560 898 582 a
914 552 1098 582 Latinorum
1115 551 1342 582 communione
1355 551 1538 586 abhorrere,
1555 549 1675 589 quippe
1691 550 1748 588 qui
1766 549 1846 579 illud

221 603 372 642 Symbolo
405 603 601 638 addiderint,
621 611 686 642 quo
707 603 861 641 Spiritum
885 607 1029 634 sanctum
1047 607 1109 634 eta
1133 603 1216 634 Filio
1248 602 1419 641 procedere
1446 602 1642 632 enuntiatur.
1659 601 1725 631 Hos
1746 601 1847 640 igitur

221 654 322 684 ainice
341 659 370 684 et
386 653 536 687 fraterne,
557 657 655 692 utque
676 653 780 684 verbis
795 659 864 684 utar
883 652 1127 692 TheOphylacti,
1147 652 1334 692 simpliciter
1354 655 1382 682 et
1407 650 1549 688 candide,
1565 656 1656 690 atque
1679 655 1713 680 ut
1733 651 1847 689 pisca-

222 709 324 734 torum
338 703 529 743 discipulum
544 703 669 734 omnino
687 703 784 741 decet,
801 712 887 734 nunc
905 703 1014 742 paucis
1031 703 1154 743 alloqui
1173 703 1271 734 lubet.

260 756 394 787 XXVII.
418 757 462 786 Ac
475 755 577 794 primo
593 755 724 796 quidem
742 764 810 793 eos,
825 756 931 796 quoad
950 764 1090 794 prassens
1105 755 1231 790 attinet,
1251 753 1456 793 praemonitos
1479 753 1586 789 velim,
1611 752 1719 791 potius
1743 750 1847 782 animi

222 806 467 845 diSpositionem
484 815 578 845 quam
601 807 696 838 verba
717 807 834 837 essein
850 806 1090 846 Theophylacto
1106 807 1278 846 Spectanda
1292 816 1300 842 ;
1316 805 1434 836 deinde
1453 812 1653 844 quaecunque
1669 803 1740 843 ejus
1757 810 1849 832 mens

221 855 331 892 fuerit,
357 863 421 886 non
448 855 553 894 magni
579 863 649 886 esse
672 855 848 886 faciendam
865 855 956 887 illius
971 856 1030 886 hac
1055 857 1089 886 in
1114 864 1147 886 re
1169 855 1403 886 auctoritatem.
1429 853 1540 891 Quoad
1558 854 1696 892 primum
1719 854 1849 884 attinet:

222 913 281 944 pro
297 910 382 936 certo
399 905 512 942 habeo,
533 905 574 937 ita
597 915 670 937 eum
699 905 800 938 fuisse
815 906 923 938 animo
947 910 1176 946 comparatum,
1190 910 1224 936 ut
1237 907 1263 936 si
1282 913 1347 946 quo
1365 910 1506 945 tempore
1527 905 1617 941 vixit,
1637 913 1694 944 per
1712 904 1849 944 aliquod

180 994 184 998 θ
223 956 397 987 concilium
415 966 454 988 ex
475 956 594 988 Grtecis
618 957 808 996 Latinisque
824 963 967 989 coactum
993 959 1030 999 ad
1049 966 1180 989 examen
1205 964 1310 987 vocata
1329 965 1365 988 ac
1389 957 1519 987 deﬁnita
1541 955 1658 987 fuisset
1682 954 1849 994 processio

225 1007 366 1045 Spiritus
400 1008 501 1038 sancti
528 1009 623 1038 etiam
653 1016 670 1038 a
699 1008 795 1046 Filio,
822 1009 930 1047 procul
960 1009 1060 1040 dubio
1089 1008 1219 1039 concilii
1255 1008 1382 1047 judicio
1405 1016 1441 1038 ac
1466 1006 1637 1038 sententiae
1672 1006 1847 1036 stetisset:

204 1058 494 1096 quemadmodum
528 1058 657 1096 plurimi
692 1059 858 1090 sanctitate
888 1068 923 1090 ac
961 1059 1106 1090 doctrina
1137 1058 1391 1097 praestantissimi
1422 1059 1529 1089 Patres
1561 1061 1678 1088 stetere
1706 1057 1846 1096 synodo,

222 1107 428 1144 Florentium,
455 1107 552 1146 eique
578 1112 734 1146 perpetuo
764 1111 794 1139 et
821 1107 1079 1139 constantissime
1106 1107 1415 1139 adhmserunt.\Hac
1434 1105 1536 1137 fuisse
1571 1105 1847 1145 TheOphylactum

222 1158 323 1189 animi
341 1159 554 1197 dispositione
577 1158 737 1196 affectum,
765 1159 833 1198 ipse
860 1159 978 1197 colligo
996 1168 1033 1189 ex
1061 1159 1182 1190 eximio
1203 1158 1273 1197 ejus
1300 1157 1385 1197 pacis
1417 1157 1614 1196 unionisque
1637 1165 1760 1192 amore,
1794 1154 1847 1195 qui

223 1218 295 1241 cum
311 1210 342 1241 in
360 1210 433 1240 aliis
450 1210 616 1248 operibus,
631 1214 698 1240 tum
714 1209 916 1248 potissimum
936 1209 965 1239 in
978 1209 1035 1240 hac
1051 1209 1120 1247 ipsa
1138 1207 1335 1239 Altocutione
1352 1207 1532 1238 luculenter
1544 1214 1578 1238 sc
1594 1208 1710 1245 prodit.
1727 1207 1847 1236 Verum

224 1268 296 1292 cum
314 1264 385 1291 ante
410 1260 556 1290 floruerit
577 1268 673 1299 quam
696 1259 915 1290 controversia
943 1259 1009 1290 hate
1039 1259 1168 1289 definita
1192 1261 1278 1288 esset
1302 1258 1335 1288 in
1368 1257 1476 1297 aliqua
1499 1257 1694 1288 cecumenica
1723 1257 1848 1296 synodo

226 1312 344 1356 (.rrimo
361 1311 447 1342 enim
466 1312 596 1343 deﬁnita
617 1316 664 1342 est
689 1311 720 1342 in
736 1311 874 1342 concilio
900 1310 1039 1350 generali
1064 1310 1270 1348 Lugdunensi
1296 1319 1330 1343 ιι,
1357 1319 1409 1341 an.
1426 1309 1526 1350 1273),
1553 1318 1692 1348 cumque
1728 1317 1787 1348 per
1817 1307 1848 1338 id

226 1364 353 1400 tempus
377 1360 505 1391 dissidii
527 1365 557 1391 et
579 1360 760 1391 schismatis
775 1364 871 1390 aestus
886 1360 1022 1398 primum
1040 1359 1195 1389 excitatus
1218 1368 1234 1389 a
1250 1359 1375 1396 Photio,
1395 1364 1461 1390 tum
1482 1368 1496 1389 a
1515 1359 1669 1390 Michaele
1683 1358 1848 1390 Cerulario

226 1417 288 1439 non
306 1410 348 1439 ita
377 1410 499 1448 pridem
520 1417 701 1445 renovatus,
730 1408 868 1439 ferveret
899 1417 993 1448 quam
1012 1408 1308 1445 vehementissime,
1334 1409 1415 1440 haud
1435 1409 1524 1440 valde
1552 1409 1734 1439 mirandum
1763 1409 1793 1439 si
1821 1412 1849 1438 et

226 1460 488 1500 Theophj'lactus
504 1470 538 1492 se
554 1469 685 1501 quoque
701 1461 802 1499 abripi
824 1469 936 1499 passus
951 1465 1115 1499 utcunque
1135 1460 1187 1491 sit.
1206 1462 1243 1490 At
1262 1461 1337 1500 quia
1354 1465 1457 1492 tamen
1472 1461 1512 1491 ob
1530 1469 1610 1498 eam,
1634 1469 1730 1501 quam
1753 1470 1848 1499 supra

226 1511 484 1546 memoravimus,
503 1518 630 1541 causam
651 1510 795 1549 ignotum
814 1509 906 1540 nobis
921 1514 980 1547 est,
998 1517 1036 1540 an
1054 1508 1140 1539 illius
1158 1509 1264 1540 fervor
1279 1511 1316 1540 ad
1331 1511 1508 1541 haereticam
1523 1519 1626 1550 usque
1642 1512 1848 1550 pertinaciam

227 1560 416 1597 exerevcrit,
443 1560 516 1591 ideo
542 1569 647 1600 neque
671 1559 763 1590 illum
793 1559 964 1597 haereseos,
989 1568 1094 1599 neque
1121 1560 1275 1599 formulis,
1299 1564 1332 1590 nt
1357 1560 1459 1591 aiunt.
1482 1559 1662 1590 schismatis
1696 1561 1848 1590 condem‘

227 1601 339 1642 na‘mus
362 1612 403 1652 (a)
420 1612 498 1652 quin
516 1620 574 1643 nec
595 1612 696 1642 sancti
717 1611 776 1642 viri
791 1611 1051 1651 appellationem,
1072 1620 1134 1650 qua
1164 1611 1258 1651 vulgo
1274 1611 1313 1642 ab
1329 1611 1548 1643 Orientalibus
1573 1612 1761 1652 insignitur,
1795 1620 1849 1643 nos

227 1664 389 1694 ullatenus
407 1664 468 1702 ipsi
486 1663 682 1694 invidemus.

270 1725 423 1755 XXVIII.
438 1723 740 1762 Verumhocipsum
755 1723 840 1763 quod
853 1722 999 1762 Ήιροιιῑι)
1011 1724 1090 1753 Iacto
1100 1723 1137 1754 ab
1148 1723 1197 1754 his
1206 1724 1392 1755 criminibus
1406 1725 1579 1764 purgando,
1593 1726 1849 1757 siveexcusando

230 1773 383 1810 deservit,
401 1773 438 1803 ad
461 1773 669 1803 minuendam
686 1781 816 1812 quoque
833 1772 890 1804 hac
908 1773 1038 1811 inparte
1059 1773 1149 1803 illius
1165 1775 1384 1806 auctoritatem
1401 1784 1495 1815 quam
1518 1775 1654 1806 maxime
1672 1775 1748 1807 facit
1775 1778 1849 1808 Cum

229 1823 316 1856 enim
343 1823 556 1855 controversia
579 1823 643 1854 Iirec
673 1823 704 1854 in
735 1823 872 1854 concilio
904 1832 941 1854 ex
970 1823 1086 1853 Graecis
1115 1823 1300 1863 Latinisque
1334 1830 1440 1856 coacto
1480 1827 1623 1857 nondum
1652 1828 1723 1857 data
1758 1835 1850 1867 opera

230 1874 458 1912 communique
481 1882 639 1904 consensu
658 1873 800 1913 subjecta
816 1877 900 1904 esset
914 1873 1066 1911 examini,
1082 1875 1166 1913 quod
1187 1874 1288 1912 primo
1304 1874 1419 1906 factum
1430 1880 1477 1906 est
1495 1877 1525 1907 in
1544 1877 1694 1917 prmdicta
1711 1877 1848 1916 generali

230 1923 544 1965 synodbhignorare
559 1923 586 1954 is
604 1923 697 1954 facile
715 1923 818 1962 potuit
843 1923 961 1962 quibus
985 1924 1142 1955 niteretur
1164 1924 1383 1956 fundamentis
1401 1926 1586 1958 Latinorum
1609 1929 1781 1965 sententia,
1805 1927 1848 1960 vel

230 1986 294 2017 quo
310 1978 340 2008 in
361 1986 458 2008 sensu
478 1979 658 2008 assercrent
674 1975 892 2015 hi,Spiritum
910 1980 1053 2006 sanctum
1070 1977 1166 2006 etiam
1186 1985 1201 2007 a
1226 1977 1309 2007 Filio
1333 1978 1519 2016 procedere,
1544 1983 1573 2009 et
1595 1987 1690 2018 quam
1714 1979 1850 2018 legitima

231 2030 311 2060 ratio
329 2037 387 2060 seu
404 2037 500 2059 causa
517 2029 563 2058 eis
581 2028 691 2064 fuerit,
711 2031 745 2057 ut
765 2027 950 2066 particulam
972 2028 1116 2067 Filioque
1131 2028 1161 2058 in
1182 2033 1314 2059 suremet
1329 2037 1421 2060 usum
1440 2029 1590 2061 Ecclesia!
1605 2030 1758 2068 Symbolo
1783 2031 1849 2062 fidei

229 2079 442 2118 adjiciendum
460 2079 612 2117 putarint.
638 2079 710 2109 Haac
726 2079 830 2117 reipsa
847 2079 885 2108 ab
901 2079 1143 2118 Theophylacto
1162 2079 1303 2118 ignorata
1323 2079 1435 2117 fuisse,
1453 2081 1593 2111 dubitari
1617 2081 1670 2111 vix
1691 2086 1809 2120 potest,
1826 2081 1849 2111 si

231 2134 416 2168 argumenta
432 2129 526 2168 queis
541 2137 631 2159 suam
648 2128 717 2166 ipse
732 2137 858 2159 causam
877 2133 1068 2168 propugnat,
1093 2129 1187 2167 paulo
1209 2129 1364 2160 attentius
1389 2131 1623 2168 expcntlantur.
1647 2133 1739 2163 Anne
1768 2133 1849 2162 enim

233 2189 313 2210 usus
330 2187 471 2218 unquam
500 2179 607 2210 verbis
623 2179 690 2209 illis
709 2179 904 2218 evangelicis
932 2179 1046 2210 fuisset
1068 2180 1220 2210 ~Ustcnde
1243 2180 1331 2211 nobis
1356 2182 1480 2212 Patrem
1506 2182 1576 2222 (qui
1607 2192 1721 2222 nempe
1746 2185 1851 2215 doceat

232 2231 383 2269 Spiritum
397 2235 539 2260 sanctum
554 2239 569 2261 a
587 2230 668 2261 Filio
682 2231 879 2270 procedere),
891 2235 919 2261 et
933 2231 1049 2271 sufﬁcit
1067 2231 1156 2261 nobis
1173 2231 1226 2271 (ὁ),
1247 2232 1274 2262 si
1294 2233 1509 2271 cognovisset,
1527 2238 1570 2264 tot
1589 2243 1661 2265 esse
1686 2236 1808 2272 Patres,
1824 2241 1849 2266 et

230 2281 473 2322 probatissimos
489 2281 631 2320 quidem,
645 2285 676 2312 et
692 2289 754 2312 non
770 2282 864 2312 modo
885 2282 1025 2318 Latinos,
1042 2281 1097 2319 qui
1110 2281 1246 2312 ﬂoruere
1257 2288 1329 2314 ante
1344 2284 1557 2315 dissensionis
1575 2284 1704 2315 initium
1722 2285 1849 2325 (quibus

235 2335 367 2375 proinde
382 2335 586 2374 probatorum
601 2335 730 2364 Patrum
746 2340 776 2364 et
790 2343 906 2365 nomen
923 2338 954 2365 et
971 2333 1102 2373 gradum
1122 2343 1215 2365 nemo
1235 2344 1323 2372 sane,
1335 2336 1389 2374 qui
1405 2341 1487 2367 recte
1504 2337 1630 2373 sentiat,
1643 2337 1850 2377 abjudtcarit),

233 2387 288 2417 sed
306 2387 400 2417 etiam
416 2387 554 2419 Graacos,
569 2385 625 2424 qui
640 2388 778 2415 uestram
796 2385 958 2416 tradidere
974 2384 1188 2415 sententiam?
1200 2386 1259 2417 llic
1273 2395 1360 2423 vero,
1374 2391 1544 2426 antequam
1560 2388 1640 2418 ultra
1657 2389 1850 2427 progredior,

234 2436 384 2467 cohibere
405 2445 453 2466 me
471 2443 535 2466 non
557 2443 700 2473 possum,
719 2435 799 2474 quin
819 2435 1023 2465 vehementer
1036 2443 1152 2474 querar
1167 2438 1438 2476 expostuleuiqne
1455 2438 1494 2468 de
1511 2438 1714 2476 apertissima
1740 2439 1852 2478 injuria

235 2495 330 2526 quam
355 2486 454 2517 Graeci
482 2491 598 2517 nostrae
626 2485 723 2524 hujus
751 2487 849 2517 relatis
864 2494 928 2516 non
947 2485 1065 2517 Latina;
1089 2491 1223 2524 tantum,
1246 2487 1303 2517 sed
1331 2491 1361 2518 et
1382 2488 1543 2518 universa;
1568 2488 1721 2519 Ecclesiae
1738 2489 1851 2519 inferre

237 2538 319 2568 haud
351 2537 571 2573 reformidant,
601 2538 678 2567 dum
709 2536 959 2567 controversiam
989 2537 1070 2568 hanc
1093 2537 1167 2569 fidei
1201 2538 1238 2567 ad
1267 2539 1392 2568 Graecos
1420 2542 1542 2568 tantum
1565 2539 1759 2577 exigendam
1789 2546 1851 2568 8356

238 2590 358 2626 Patres,
384 2597 423 2620 ex
453 2597 630 2627 eorumque
660 2587 784 2627 placitis
812 2587 1026 2619 deliniendam
1056 2597 1126 2619 esse
1154 2589 1365 2619 contendunt.
1395 2588 1477 2624 Quid
1500 2589 1607 2619 enim?
1630 2590 1677 2619 An
1706 2588 1851 2619 catholica

274 2728 312 2761 (ιι)
333 2726 389 2754 "ac
409 2726 515 2753 ratione
536 2733 597 2753 eum
628 2729 797 2761 excusarnnt
823 2729 948 2761 auctores
965 2723 1022 2761 edij
1075 2724 1182 2752 loeutus
1204 2725 1284 2752 fuerit
1300 2723 1466 2761 tle_Spiritns
1477 2723 1564 2761 sancti
1580 2723 1784 2761 preccssionc),
1798 2721 1851 2761 quia

237 2757 342 2789 tinuum
361 2770 424 2789 ann.
448 2762 528 2791 i531,
544 2760 612 2788 155.2
625 2764 652 2787 et
667 2760 745 2792 1554,
766 2767 836 2794 quas
848 2759 938 2786 videre
956 2760 1021 2786 mihi
1076 2761 1182 2786 minime
1197 2765 1256 2787 tunc
1276 2760 1308 2786 ab
1330 2757 1448 2785 Ecclesia
1469 2759 1612 2786 universali
1637 2758 1776 2794 deﬁnitum
1791 2760 1852 2789 erat,

237 2798 325 2824 lit-uit.
342 2797 553 2824 Enzn‘rationnm
581 2797 667 2831 ipsius
688 2795 714 2822 in
734 2800 849 2829 quatuor
869 2795 1021 2831 Evangelia.
1076 2804 1134 2821 eum
1152 2795 1187 2831 alt
1200 2800 1309 2831 utroque
1326 2794 1475 2827 procedere.

240 2832 327 2859 \'crl=.1
340 2833 447 2858 illorum
463 2829 603 2858 adt-alcon}
614 2830 883 2867 Joannisltmc‘snnt;
899 2829 1024 2867 Proptcr-
1114 2831 1150 2867 (ὁ)
1168 2830 1235 2857 Num
1265 2830 1309 2857 III.

240 2877 270 2895 ea
287 2867 509 2896 rrarchcmlcndaa
527 2875 577 2894 non
592 2872 629 2894 est
652 2865 858 2900 Tlteojuhqlncttts
875 2866 958 2899 {quod
988 2866 1023 2892 ita
