1897 3052
21 124 23 131 λ
70 92 130 125 4ὶ9
503 91 544 122 IN
565 92 782 127 SEQUENTIA
801 93 1088 124 THEOPHYLACTI
1105 94 1275 125 SCRIPTA.
1649 98 1701 129 450

73 149 220 180 Ecclesia
245 149 326 180 intra
353 148 453 179 solius
476 149 606 180 Grmcim
628 154 674 179 vel
699 148 840 179 Orientis
863 148 940 179 ﬁnes
964 149 1059 179 etiam
1084 149 1194 187 primis
1226 149 1376 181 Ecclesia
1403 153 1530 184 saeculis
1551 151 1701 184 conclusa

69 202 165 231 erat?
192 202 253 231 Aut
283 200 390 230 dicina
413 199 556 235 traditio,
583 200 677 239 cujus
707 199 834 238 propria
861 198 918 229 dos
945 203 1004 236 est,
1026 208 1145 238 semper
1160 204 1190 230 et
1211 200 1326 240 ubique
1350 203 1471 241 vigere,
1487 211 1526 234 ex
1543 202 1702 233 Orientali

72 254 202 281 tantum
219 251 361 281 Ecclesia
380 249 556 281 haurienda
576 252 803 288 pensandaque
820 250 888 280 est?
906 250 1024 288 quuis
1039 249 1095 280 hac
1121 251 1326 290 praerogativa
1352 252 1532 284 Orientales
1552 252 1703 284 donavit?

72 304 125 333 An
147 302 308 338 Christus,
332 302 385 340 qui
407 301 619 340 Evangelium
644 301 676 332 in
700 301 853 332 universo
872 301 992 331 mundo
1019 302 1253 340 prredieandum
1275 303 1396 334 edixit?
1414 305 1462 334 An
1478 304 1628 343 apostoli,
1644 303 1701 342 qui

71 354 157 384 illud
175 354 409 384 annuntiat-unt
428 353 547 392 ubique
563 343 737 389 terrarum;
761 360 939 391 eorumque
961 352 1150 392 coryplneus
1170 353 1282 383 Petrus
1305 354 1436 384 Romam
1453 363 1525 385 cum
1550 354 1704 385 doctrina)

70 414 153 439 sum,
170 408 238 434 tum
264 405 358 436 etiam
388 405 553 444 potestatis
580 404 689 435 sedem
717 404 906 435 constituit?
930 404 984 434 ubi
1011 403 1106 434 etiam
1127 404 1247 435 Paulus
1267 405 1406 436 doctoris
1421 414 1554 437 munere
1572 407 1702 438 functus

71 455 210 485 biennio
230 459 279 485 est
296 465 304 484 :
323 459 356 485 ut
372 454 410 485 de
426 455 547 485 eaéteris
559 454 669 485 sileam
686 454 851 493 apostolis,
869 463 1006 493 quorum
1023 454 1122 494 aliqui
1141 463 1196 494 per
1215 455 1352 494 seipsos,
1369 456 1423 486 alii
1445 465 1499 495 per
1524 457 1702 497 discipulus

71 507 115 537 ab
129 515 161 537 se
181 507 350 537 institutos
366 507 399 537 in
417 507 518 537 varias
535 507 720 537 Occidentis
740 507 920 544 provincias
943 515 976 536 ne
994 515 1087 545 regna
1109 507 1285 537 dortrinam
1310 508 1524 546 evangelicam
1547 509 1701 540 dissemi-

78 561 210 588 narunt.
239 557 393 594 Quamvis
410 558 509 597 igitur
538 558 662 589 nullum
683 567 719 588 ex
741 558 857 589 Grtccis
885 557 1029 588 Patrihus
1057 558 1163 588 afferri
1196 562 1302 597 posset
1327 566 1383 597 pro
1417 559 1526 590 Latino
1555 559 1701 599 dogmate

72 609 313 646 teslimonium,
344 617 449 639 nonne
477 609 554 639 satis
583 612 668 639 esset
694 610 857 639 unanimis
891 610 1075 639 Latinorum
1099 611 1227 640 Patrum
1258 609 1429 646 sententia,
1459 613 1492 640 ut
1520 610 1638 641 nedum
1663 612 1702 641 ab

74 659 183 689 omnis
197 659 385 697 suspicione
400 659 517 689 erroris
534 659 764 696 absolveretur,
783 660 838 690 sed
856 659 949 690 etiam
967 663 999 689 ut
1016 660 1168 699 apostolis
1182 660 1261 698 ipsis
1279 658 1450 690 referretur
1466 661 1653 699 acceptum?
1667 662 1703 691 lit

72 716 151 738 sane
171 708 198 738 si
218 708 492 747 'l‘heopliylactum
507 717 570 739 non
589 709 680 739 latuit
697 709 806 739 isthmc
823 709 1006 739 Latinorum
1024 710 1196 740 consensio
1211 710 1352 746 Patrum,
1373 719 1434 750 qua
1454 711 1576 741 ratione
1600 719 1702 742 ausus

78 761 127 788 est
156 757 328 794 afﬁrmare,
353 768 371 787 a
403 758 490 788 nullo
518 769 558 789 ca-
576 759 718 798 probatis
747 759 897 790 Patribus
923 760 956 790 id
982 761 1114 796 edoceri,
1139 769 1375 800 provocareque
1418 770 1476 792 nos
1505 762 1701 802 evangelieis

75 809 185 840 verbis
201 820 208 838 :
224 809 358 840 Ostende
372 810 462 841 nobis
476 811 623 841 Patrem?
640 813 687 842 An
710 820 771 842 non
788 812 918 852 probati
943 814 1049 843 Patres
1073 813 1252 852 Cyprianus
1273 818 1304 844 et
1329 814 1534 852 Ambrosius,
1562 823 1701 854 quorum

75 860 181 890 utitur
201 860 398 906 testimoniis
410 861 506 891 tertia
524 862 670 900 synodus
686 863 894 900 moumenica,
912 862 981 894 sive
998 863 1181 902 Ephesina?
1205 865 1316 894 Nonne
1337 863 1582 903 probatissimus
1613 865 1703 895 Pater

75 911 142 941 Leo
163 911 312 949 Magnus,
333 911 431 951 'cujus
452 912 567 952 scripta
584 917 696 951 quarta
720 914 821 953 synod

953 927 985 954 ην
1004 919 1168 954 ὸρθοδοξεας,
1188 915 1362 946 columnam
1380 915 1576 947 orthodoxiw
1589 916 1701 956 appel-

75 963 167 994 lavit.
197 964 309 994 Nonne
341 963 491 1002 probatus
521 966 611 995 Pater
635 966 854 1005 Augustinus,
886 975 982 1006 quem
1014 971 1101 998 sexta
1125 967 1271 1007 synodus
1304 967 1439 998 summis
1462 971 1627 1004 prosecuta
1655 972 1704 998 est

73 1015 228 1046 laudibus
244 1024 335 1054 aeque
349 1024 384 1046 ac
403 1015 509 1055 ipsum
522 1017 728 1048 Ambrosium
744 1022 840 1058 atque
856 1019 1017 1050 Leonem?
1029 1019 1061 1050 Si
1081 1027 1156 1050 vero
1172 1019 1231 1050 hoc
1244 1018 1298 1050 ille
1313 1018 1486 1057 ignoravit,
1499 1027 1703 1058 consequens

74 1071 136 1103 est,
159 1067 260 1098 multo
282 1067 461 1098 breviorem
487 1068 715 1101 ecclesiasticas
733 1070 929 1101 eruditionis
954 1071 1189 1110 supellectilem
1209 1071 1256 1100 illi
1277 1070 1391 1108 fuisse,
1417 1079 1511 1110 quam
1539 1071 1703 1102 decuisset
1737 1069 1739 1078 ’

73 1119 153 1149 tanti
175 1118 317 1149 nominis
331 1118 608 1158 archiepiscopum
628 1131 635 1151 :
652 1122 799 1161 adeoque
819 1121 910 1152 illius
921 1123 1153 1159 auctoritatem,
1168 1122 1205 1153 ad
1224 1122 1285 1153 hoc
1300 1122 1386 1162 quod
1403 1123 1527 1159 attinet,
1551 1131 1613 1153 non
1631 1132 1702 1153 esse

75 1179 270 1211 magnopere
299 1172 488 1205 faciendam.
515 1174 607 1211 Quod
640 1181 716 1205 vero
750 1173 848 1212 magis
880 1173 1040 1213 displicet,
1073 1178 1121 1204 est
1164 1173 1245 1204 illud
1273 1174 1360 1212 quod
1385 1173 1494 1204 subdit
1530 1175 1596 1205 :Si
1622 1174 1702 1204 enim

72 1221 230 1260 probatus
262 1227 319 1261 est,
348 1232 411 1253 non
435 1222 537 1257 dixit;
563 1227 592 1253 et
619 1223 648 1254 si
673 1223 771 1259 dixit,
796 1223 948 1262 probatus
968 1232 1032 1254 non
1056 1224 1204 1261 cst.Qum
1228 1224 1324 1254 verba
1348 1223 1532 1254 haereticum
1549 1224 1699 1262 spiritum

74 1274 225 1304 redolere
244 1274 396 1305 videntur
414 1285 421 1305 :
443 1274 584 1306 hmretici
605 1275 692 1306 enim
709 1284 747 1305 ex
767 1274 921 1313 Opinione
940 1274 1067 1314 propria
1084 1275 1210 1305 Patrum
1228 1275 1446 1306 auctoritatem
1462 1275 1565 1305 metiri
1583 1275 1699 1312 solent,

73 1324 111 1354 de
128 1332 235 1363 eaque
248 1324 409 1363 judicium
426 1325 508 1355 ferre
527 1325 694 1364 :dumque
709 1325 748 1355 ab
767 1325 890 1355 eisdem
908 1325 1118 1362 dissentiunt,
1135 1333 1190 1356 eos
1206 1325 1297 1356 ﬂocci
1317 1334 1352 1355 ac
1369 1325 1461 1356 nihili
1487 1324 1620 1356 faciunt.
1639 1325 1700 1355 Sed

72 1375 187 1405 mitius
203 1375 327 1406 sentire
345 1381 468 1415 praestat
489 1377 528 1408 de
545 1376 796 1416 TheOphylacto,
812 1381 907 1416 atque
924 1386 959 1408 ea
978 1378 1071 1408 verba
1088 1378 1228 1422 benigne
1244 1378 1461 1416 interpretari,
1479 1377 1567 1409 velut
1583 1385 1646 1407 non
1661 1385 1700 1407 eo

72 1427 192 1465 spiritu
211 1435 376 1467 sensuque
400 1429 536 1467 prolata;
553 1429 609 1460 sed
626 1429 701 1469 quia
718 1429 779 1460 sibi
800 1429 936 1461 nimium
953 1429 1165 1466 blandiretur,
1182 1433 1278 1468 atque
1304 1430 1490 1466 conﬁderet,
1521 1437 1559 1460 ex
1582 1428 1700 1459 Graecis

73 1477 310 1509 illustrioribus
343 1480 464 1509 Patrem
492 1479 626 1518 reperiri
660 1479 821 1510 neminem
852 1487 960 1516 nosse,
995 1487 1068 1510 nam
1093 1480 1132 1510 de
1157 1479 1276 1510 Latinis
1303 1479 1380 1510 nihil
1413 1479 1571 1510 sollicitus
1598 1478 1701 1511 fuisse

74 1529 219 1565 videtur,
239 1529 295 1568 qui
313 1529 465 1568 Spiritum
481 1532 624 1560 sanctum
641 1528 734 1560 etiam
761 1538 776 1560 a
806 1529 890 1559 Filio
911 1529 1083 1568 procedere
1103 1529 1279 1560 docuisset.
1305 1529 1446 1560 Pretium
1473 1529 1572 1568 igitur
1595 1535 1702 1567 operae

73 1582 134 1615 est,
149 1579 333 1609 accuratius
361 1579 569 1619 investigare,
594 1579 718 1620 quibus
742 1579 799 1611 ille
827 1584 858 1610 et
883 1588 979 1619 quam
1001 1579 1115 1610 validis
1138 1579 1356 1611 fundamentis
1376 1580 1508 1611 innixus
1534 1582 1700 1617 tantopere

72 1631 132 1661 sibi
158 1631 222 1670 ipsi
249 1632 438 1671 praeﬁderet.
476 1634 535 1665 Sed
557 1633 652 1673 paulo
680 1637 750 1672 post
777 1633 905 1664 videtur
922 1637 952 1664 et
980 1633 1050 1672 ipse
1074 1633 1134 1664 sibi
1159 1633 1313 1664 nonsatis
1336 1637 1437 1669 tutus,
1464 1640 1535 1663 cum
1554 1631 1668 1662 subdat
1689 1640 1699 1661 :

72 1683 193 1714 Deinde
216 1684 274 1714 etsi
299 1684 356 1714 hoc
376 1683 530 1720 daremus,
560 1694 626 1715 non
642 1685 750 1724 utique
770 1685 853 1725 quod
879 1685 988 1714 rarius
1017 1689 1074 1721 est,
1101 1685 1135 1714 in
1157 1688 1374 1723 argumentum
1398 1683 1583 1713 trahendum
1613 1681 1699 1718 Quid

75 1743 163 1772 vero,
180 1735 207 1765 si
227 1743 290 1766 non
309 1736 399 1774 pauci
414 1737 542 1776 rarique
557 1738 633 1774 sint,
650 1738 768 1768 nedum
788 1737 901 1774 Latini,
920 1738 975 1768 sed
993 1737 1092 1768 Graeci
1105 1737 1199 1768 etiam
1215 1738 1332 1772 Patres,
1351 1737 1406 1776 qui
1425 1736 1540 1774 dogma
1557 1738 1700 1765 nostrum

74 1786 269 1818 tradiderint
285 1788 331 1818 vel
349 1787 480 1818 disertis
496 1788 546 1819 vel
561 1788 831 1829 aequivalentibus
853 1789 980 1820 verbis?

112 1839 236 1869 XXIX.
253 1839 312 1870 Sed
330 1842 499 1878 antequam
517 1840 549 1870 id
566 1840 764 1877 demonstro,
781 1841 854 1880 jure
872 1842 958 1872 omni
976 1841 1030 1871 abs
1046 1841 1283 1881 TheOphylacto
1306 1846 1335 1871 et
1355 1839 1499 1871 Photiani
1514 1838 1696 1869 schismatis

73 1889 367 1928 proiiugnatoribus
391 1889 529 1928 postulo,
547 1894 579 1920 ut
599 1898 636 1920 ex
653 1899 764 1922 eorum
782 1890 927 1930 probatis
949 1891 1094 1921 Patribus
1117 1891 1168 1921 vel
1199 1899 1298 1921 unum
1328 1888 1417 1919 nobis
1437 1888 1612 1924 ostendant,
1642 1888 1700 1927 qui

72 1941 146 1968 ante
161 1937 312 1969 Photiana
331 1944 468 1979 tempora
484 1939 642 1970 inficiatus
660 1939 768 1976 fuerit,
790 1940 943 1978 Spiritum
965 1945 1108 1970 sanctum
1125 1949 1141 1970 a
1161 1940 1244 1970 Filio
1264 1939 1446 1977 procedere.
1476 1938 1534 1968 Sed
1562 1939 1700 1977 quamvis

72 1988 127 2019 diu
144 1989 335 2029 multumque
354 1991 543 2031 fatigentur,
559 1989 702 2021 indicare
720 1999 760 2020 ne
779 1990 910 2021 unicum
930 1991 1060 2030 quidem
1079 1994 1212 2029 possunt
1228 1991 1472 2030 (Damascenum
1489 1989 1589 2025 enim,
1602 1997 1699 2028 quem

73 2041 179 2072 solum
202 2042 311 2080 specie
326 2042 432 2082 aliqua
463 2041 530 2073 veri
554 2050 718 2082 opponere
738 2042 854 2080 valent,
872 2050 888 2072 a
913 2042 1006 2073 nobis
1033 2042 1165 2073 minime
1190 2042 1352 2073 dissidere
1370 2046 1479 2080 postea
1499 2041 1701 2072 demonstra-

74 2092 206 2128 bimus).
220 2091 310 2134 ﬁlias
329 2100 403 2123 vero
420 2093 558 2132 dogmati
573 2096 682 2123 nostro
696 2092 848 2123 censendi
863 2092 994 2122 minime
1007 2095 1080 2122 sunt
1096 2092 1269 2128 adversari,
1288 2091 1344 2131 qui
1362 2090 1412 2121 vel
1429 2090 1487 2121 hac
1505 2091 1543 2121 de
1559 2099 1591 2121 re
1609 2091 1700 2130 peni-

78 2146 125 2172 tus
146 2142 257 2179 silent,
278 2143 325 2173 vel
343 2143 447 2173 solum
467 2143 570 2180 aiunt,
590 2142 744 2182 Spiritum
768 2152 786 2172 a
816 2142 910 2172 Patre
933 2142 1111 2182 procedere.
1138 2141 1218 2178 Quis
1248 2140 1335 2172 enim
1365 2141 1503 2179 ignorat,
1529 2149 1595 2171 rem
1626 2149 1700 2171 esse

79 2194 168 2232 plane
185 2194 344 2224 diversam
360 2200 422 2222 non
438 2200 593 2229 asserere,
610 2193 764 2231 Spiritum
781 2195 924 2223 sanctum
943 2191 1114 2231 procedere
1133 2199 1148 2221 a
1169 2190 1262 2227 Filio,
1279 2195 1375 2230 atque
1390 2191 1422 2220 id
1445 2191 1583 2230 negare?
1611 2190 1699 2221 aliud

78 2245 194 2282 pariter
208 2243 375 2281 afﬁrmare,
393 2253 466 2275 eum
482 2255 500 2275 α
521 2245 616 2276 Patre
630 2246 816 2284 procedere,
840 2245 927 2276 aliud
946 2255 964 2274 a
979 2244 1045 2275 solo
1062 2244 1180 2275 Patre?
1197 2244 1302 2280 Quare
1319 2242 1502 2273 nullatenus
1520 2241 1700 2282 intelligere

78 2295 175 2330 valeo,
191 2295 356 2334 quomodo
379 2295 637 2335 TheOph‘ylactus
653 2303 830 2335 omnesque
850 2295 995 2326 Photiani
1014 2303 1071 2326 nos
1093 2294 1191 2325 veluti
1217 2294 1343 2324 Christo
1363 2293 1572 2331 Patr-ibusque
1587 2294 1700 2324 adver-

78 2350 179 2376 santes
194 2346 370 2382 traducunt,
387 2354 425 2376 eo
440 2346 523 2385 quod
536 2345 724 2385 simpliciter
742 2345 765 2376 ii
790 2349 943 2381 asseram,
957 2345 1108 2384 Spiritum
1122 2347 1265 2374 sanctum
1277 2353 1295 2372 a
1309 2343 1402 2372 Patre
1415 2341 1594 2380 procedere,
1605 2347 1700 2381 atque

79 2405 91 2426 a
106 2396 200 2427 nobis
220 2397 287 2427 fieri
304 2398 490 2432 καινοτομίαν,
505 2404 564 2426 seu
575 2396 806 2426 innovationem
819 2395 852 2426 in
867 2394 925 2434 ﬁde
938 2395 1141 2430 contendant,
1156 2394 1232 2424 dum
1247 2394 1394 2424 eumdem
1414 2392 1587 2422 asserimus
1604 2393 1698 2424 etiam

79 2457 92 2478 a
108 2449 190 2479 Filio
210 2449 398 2487 procedere;
417 2456 452 2479 ea
471 2447 576 2478 solum
597 2447 720 2478 ratione
737 2447 822 2486 quod
840 2447 986 2478 Christus
1003 2446 1223 2476 tantummodo
1239 2444 1333 2479 dixit,
1351 2453 1369 2473 a
1391 2444 1498 2473 Patre.
1525 2444 1645 2474 Verum
1672 2445 1699 2474 si

79 2498 150 2537 quid
167 2498 284 2529 addere
301 2502 347 2528 est
364 2498 529 2535 innovare,
551 2506 606 2528 cur
622 2501 651 2528 et
674 2497 736 2536 ipsi
762 2497 927 2536 quidpiam
955 2496 1075 2526 addunt
1101 2495 1260 2531 dicentes,
1286 2503 1303 2523 α
1329 2493 1394 2523 solo
1420 2493 1538 2523 Patre?
1565 2493 1698 2523 Ubinam

80 2547 232 2584 Christus,
250 2547 304 2578 ubi
323 2549 427 2578 Patres
453 2547 481 2577 id
503 2546 626 2587 (saltem
651 2551 724 2577 ante
750 2545 854 2577 Photii
880 2545 1034 2585 tempora)
1061 2545 1249 2575 asseruere?
1277 2544 1360 2581 Quid
1390 2543 1497 2574 enim?
1527 2544 1575 2574 An
1605 2543 1698 2574 nobis

80 2597 257 2636 exprimere
275 2597 422 2633 vetitum,
438 2597 524 2635 quod
545 2595 690 2627 Christus
711 2595 866 2626 Dominus
891 2603 954 2626 non
975 2594 1150 2634 expressit;
1176 2593 1241 2624 illis
1268 2593 1405 2624 iimitare
1437 2593 1540 2629 liccat,
1570 2592 1657 2631 quod
1681 2602 1698 2624 a

80 2647 201 2677 Christo
219 2647 388 2678 limitatum
411 2655 475 2677 non
492 2647 559 2677 est?
577 2646 607 2677 Si
627 2646 680 2677 ille
698 2655 761 2677 non
779 2646 873 2683 dixit,
889 2646 1044 2685 Spiritum
1061 2647 1205 2676 sanctum
1227 2653 1244 2675 a
1271 2644 1364 2681 Filio,
1388 2644 1446 2674 hoc
1473 2647 1521 2674 est
1543 2651 1561 2674 ει
1575 2638 1698 2682 ’δείρεο

82 2697 261 2734 procedere,
285 2706 388 2736 neque
403 2697 435 2727 id
452 2697 546 2728 etiam
563 2696 701 2736 negavit.
717 2697 781 2727 Cur
797 2696 905 2735 itaque
920 2695 1065 2726 Photiani
1086 2695 1221 2733 negant?
1236 2695 1274 2725 Et
1288 2693 1314 2725 si
1328 2694 1460 2734 quidem
1477 2694 1698 2724 tantummodo

81 2756 136 2778 non
152 2752 347 2785 assererent,
362 2747 531 2779 ferendum
554 2756 666 2779 eorum
682 2747 848 2778 silentium
871 2750 977 2782 esset;
1005 2754 1115 2776 verum
1135 2749 1166 2776 et
1186 2750 1314 2785 negant,
1343 2749 1372 2775 et
1389 2752 1444 2774 eos
1472 2743 1527 2783 qui
1551 2750 1698 2776 asserunt

81 2799 288 2828 condemnant
305 2797 449 2837 dirisque
472 2797 623 2829 omnibus
647 2798 822 2834 devovent;
839 2797 949 2828 tritum
975 2795 1056 2827 illud
1088 2796 1133 2836 (in
1154 2795 1240 2836 quod
1266 2795 1362 2826 etiam
1388 2793 1646 2833 Theophylactus
1657 2794 1698 2826 ab
