1897 3052
216 86 268 118 έ51
747 83 942 113 BONJFACII
958 82 1108 113 FINETTI
1130 83 1328 113 PRi-EFATIO
1835 81 1885 112 452

215 141 390 181 iniquitate
405 149 510 172 causa:
524 148 591 170 sum
611 146 749 178 princeps
768 142 818 169 est
833 139 947 178 actus).
965 147 1001 169 ac
1020 138 1144 176 puerile
1166 141 1393 177 argumentum
1420 143 1636 178 usurpantes:
1662 139 1706 170 Si
1730 139 1885 178 Spiritus

212 197 342 224 sanctus
358 193 450 222 etiam
466 201 504 221 ex
515 189 599 221 Filio
618 190 760 229 procedit
778 190 833 229 (α),
851 190 928 229 quid
939 189 1105 229 prohibuit
1124 199 1162 220 ne
1180 191 1224 220 ita
1243 191 1390 222 Christus
1408 190 1606 230 loqueretur:
1624 192 1695 229 Qui
1723 200 1774 221 ea:
1786 190 1885 221 Patre

214 249 242 274 et
260 254 299 274 cx
311 253 355 273 me
369 241 537 282 procedit?
551 241 611 272 Sed
636 240 716 271 mihi
734 239 874 271 subdere
891 239 1001 270 liceat:
1021 239 1057 271 Si
1074 249 1093 269 α
1108 240 1174 270 sola
1197 240 1292 271 Patre
1315 241 1471 279 procedit,
1495 241 1575 280 quid
1609 241 1814 280 prohibuit.
1848 249 1885 272 ne

213 294 246 325 id
265 292 410 325 Christus
435 291 647 330 exprimeret;
674 291 850 330 praesertim
868 299 940 321 cum
963 290 1034 330 ipse
1059 291 1126 330 jam
1153 290 1363 329 promovisset
1392 295 1470 330 quot
1496 296 1526 322 ct
1546 296 1663 331 quanta
1706 299 1753 322 ex
1791 290 1885 322 illius

215 347 335 378 voculae
352 344 570 383 prmleritione
586 344 709 375 oritura
725 344 901 383 aliquando
917 343 1196 374 essentdissidia?
1217 344 1298 380 Quid
1316 344 1354 374 ad
1373 343 1438 374 haec
1455 343 1602 374 Photiani
1626 343 1885 382 respondeant,

215 388 294 429 nihil
311 396 444 431 habent;
460 399 490 426 at
511 395 656 427 nobisin
685 400 834 434 promptu
859 398 919 431 est,
946 395 1025 434 quid
1046 398 1156 426 contra
1183 403 1240 426 cos
1269 403 1454 434 regeramus
1473 405 1480 424 :
1501 395 1665 432 videlicet,
1701 394 1882 426 Christum

214 449 264 480 sin
282 456 332 484 eo,
349 448 461 479 saltem
479 447 552 479 aliis
573 448 606 478 in
623 448 730 486 locis;
747 448 798 479 sin
823 448 999 487 expressis,
1027 447 1139 479 saltem
1168 447 1440 488 mquivalentibus
1469 448 1590 484 verbis,
1615 448 1789 480 docuisse
1813 448 1885 486 Spi-

215 503 312 532 ritum
329 501 424 532 etiam
440 509 457 531 a
472 500 581 539 seipse
597 500 786 539 procedere:
805 499 890 540 quod
908 499 1041 539 quidem
1059 499 1158 529 nostri
1177 499 1324 530 homines
1341 499 1458 530 millies
1470 499 1764 534 demonstrarunt,
1784 503 1819 529 et
1844 508 1881 529 ex

216 561 255 584 eo
274 553 361 592 quod
378 552 523 583 Christus
542 553 697 582 Dominus
713 552 756 581 ait
774 552 866 582 Joan.
884 559 916 586 x,
951 551 1000 583 30.
1024 550 1094 589 Ego
1115 555 1143 581 et
1168 550 1262 581 l’atcr
1287 560 1386 582 unum
1412 560 1538 585 smnus;
1558 559 1598 583 ex
1622 559 1693 591 quo
1725 549 1881 581 inferunt

215 614 313 634 unum
330 604 425 635 etiam
440 611 511 634 esse
536 602 654 634 Filium
671 610 743 633 cum
768 603 858 632 Patre
880 601 987 641 quoad
1015 601 1171 632 rationem
1195 601 1344 640 principii
1371 601 1511 640 Spiritus
1533 601 1649 633 sancti.
1680 602 1725 632 Et
1753 610 1802 632 ex
1839 610 1877 631 co

218 656 325 696 (Joan.
349 664 417 690 xvt,
438 655 498 692 15),
520 653 631 684 Omnia
652 662 840 693 qua-cunque
855 652 946 683 habet
958 653 1065 688 Pater,
1082 662 1149 682 mea
1167 657 1239 683 sunt
1255 663 1266 682 :
1281 661 1370 691 ergo,
1381 651 1537 692 inquiunt
1558 655 1590 682 et
1613 653 1725 682 virtus
1750 652 1885 690 produ-

217 706 310 737 cendi
332 704 487 742 Spiritum
514 707 660 735 sanctum
688 708 732 734 cst
749 703 838 739 Filii,
867 712 926 734 seu
956 703 1109 734 convenit
1139 703 1235 734 Filio.
1272 704 1310 734 Et
1336 711 1375 733 ex
1407 702 1464 733 illo
1493 702 1620 743 (ibidem
1639 703 1690 742 1h)
1713 703 1806 733 :Ille
1837 713 1879 732 me

217 756 416 797 clarificabit,
433 757 507 796 quia
519 755 555 785 de
571 765 635 786 meo
648 756 793 794 accipiet.
811 755 895 792 Quid
908 756 1008 791 enim.
1024 756 1125 792 aiunt,
1147 756 1288 794 Spiritus
1299 760 1431 787 sanctus
1450 757 1596 795 aeisipere
1612 765 1628 787 a
1641 756 1740 787 Filio
1757 760 1879 795 potest,

218 807 282 837 nisi
307 807 412 846 ipsum
430 806 525 836 esse?
539 806 575 836 Et
593 814 631 835 ex
648 814 686 835 e0
703 805 832 836 demum
850 806 937 845 quod
953 806 1046 837 Joan.
1061 815 1116 841 xv.
1133 807 1183 843 26,
1207 807 1249 837 ait
1270 815 1304 837 se
1317 807 1490 838 missurum
1503 806 1660 845 Spiritum
1686 811 1878 836 sanctum:

218 866 291 888 cum
324 857 432 887 missio
451 857 482 887 in
507 855 631 887 divinis
652 855 697 886 nil
728 855 818 888 aliud
848 865 920 887 esse
942 860 996 887 aut
1022 857 1161 896 intelligi
1186 857 1299 896 possit.
1329 866 1425 897 quam
1453 858 1618 896 processio
1643 862 1778 888 aeterna
1805 866 1878 888 cum

219 908 334 939 ordine
352 907 389 937 ad
406 905 571 946 quidpiam
587 906 791 936 extrinsecus
806 907 1160 946 producandum.Quid
1177 907 1264 947 quod
1283 911 1313 939 ct
1331 907 1413 946 ipsis
1424 907 1676 948 verbis,quibus
1697 913 1877 947 tantopere

218 959 319 990 ﬁdunt
335 958 521 994 adversarii,
541 958 706 994 videlicet,
732 959 788 998 qui
803 969 822 988 a
840 959 936 990 Patre
947 959 1104 998 procedit.
1121 960 1214 991 docet
1225 959 1393 999 implicito,
1406 960 1502 991 etiam
1518 969 1534 991 a
1550 961 1659 1001 seipse
1673 961 1874 999 pracedcrc.

220 1010 297 1040 Nam
313 1009 473 1049 quidquid
490 1009 524 1040 in
542 1010 721 1048 Scripturis
743 1009 779 1040 de
807 1019 872 1041 una
894 1019 1031 1050 persona
1053 1011 1186 1048 dicitur,
1211 1012 1305 1042 etiam
1330 1011 1367 1042 de
1388 1011 1453 1042 alia
1478 1017 1602 1051 oportet
1618 1011 1782 1052 intelligi,
1813 1013 1875 1042 nisi

219 1061 762 1101 repugnetproprietatipersonali
782 1062 895 1101 ipsius,
913 1066 948 1093 ut
966 1062 1172 1094 verissimum
1193 1063 1284 1094 cﬂ'ert
1302 1062 1527 1103 theologorum
1546 1071 1620 1094 cum
1644 1064 1677 1094 S.
1696 1063 1826 1093 Thom.
1845 1072 1870 1092 ιν

219 1121 287 1151 cap.
309 1113 403 1149 Gen.,
421 1120 490 1151 cap.
506 1113 557 1150 25,
578 1111 718 1149 axioma,
736 1121 772 1143 ea
788 1112 913 1144 ratione
934 1113 1057 1150 nixum,
1076 1114 1162 1153 quod
1177 1117 1242 1144 tres
1257 1113 1377 1144 divinat
1407 1122 1555 1153 personae
1573 1121 1675 1144 unum
1709 1112 1874 1151 idemque

219 1167 296 1194 sunt
316 1171 441 1200 omnes,
461 1163 502 1193 iis
521 1167 644 1194 tantum
668 1163 811 1202 exceptis
830 1173 902 1204 qua}
921 1165 958 1195 ad
985 1165 1187 1204 personalem
1214 1165 1376 1204 pertinent
1399 1165 1641 1204 proprietatem.
1664 1164 1769 1201 Quod
1790 1163 1870 1194 adeo

220 1217 342 1244 certum
359 1217 407 1244 est
424 1217 468 1249 ut,
484 1214 611 1245 etiamsi
630 1214 777 1246 Christus
793 1223 832 1245 eo
850 1214 911 1246 loci
932 1215 1085 1252 dixisset,
1102 1215 1166 1252 Qui
1184 1225 1201 1247 a
1216 1215 1312 1247 Patre
1322 1216 1388 1247 solo
1401 1216 1559 1255 procedit,
1579 1224 1642 1247 non
1660 1215 1746 1246 inde
1765 1218 1870 1245 tamen

219 1265 396 1297 abdicanda
416 1264 446 1295 ei
465 1269 550 1295 esset
567 1264 709 1304 Spiritus
726 1266 829 1296 sancti
852 1266 1036 1305 productio.
1051 1267 1187 1297 Fortene
1214 1267 1370 1298 mirantur
1393 1267 1441 1298 vel
1468 1267 1526 1298 hoc
1549 1271 1666 1306 negant
1698 1265 1866 1301 Photiani_

220 1317 303 1354 ΕΙ·έο
323 1316 442 1354 pariter
455 1319 573 1354 negent
591 1315 714 1345 Patrem
740 1324 756 1346 a
777 1315 897 1354 Spiritu
916 1321 1025 1346 sancto
1043 1317 1200 1354 cognosci,
1226 1317 1273 1347 vel
1291 1317 1385 1347 etiam
1402 1325 1492 1346 nosse
1511 1315 1668 1356 seipsum,
1691 1319 1867 1355 propterea

221 1369 308 1407 quod
339 1368 457 1399 dixerit
485 1367 634 1398 Christus
658 1367 769 1398 Matth.
795 1377 842 1405 ιι,
867 1369 920 1405 22,
936 1368 1031 1399 Nemo
1055 1369 1143 1400 novit
1169 1370 1305 1406 Patrem,
1337 1370 1400 1401 nisi
1424 1369 1546 1404 Filius;
1572 1369 1622 1400 vel
1649 1373 1779 1408 negent
1799 1378 1867 1399 cum

221 1417 419 1453 Sociniauis,
436 1417 554 1448 Filium
573 1417 680 1456 ipsum
697 1426 768 1448 esse
784 1427 893 1448 verum
909 1419 1111 1458 Deum,quia
1128 1419 1330 1458 ipsePali-em
1345 1419 1516 1459 alloquens
1531 1420 1574 1451 ait
1601 1419 1714 1457 (Joan.
1731 1429 1816 1457 xvn,
1828 1419 1867 1458 3).

222 1471 259 1500 Ut
283 1474 473 1510 cognoscant
491 1475 519 1499 te
536 1469 635 1500 solum
649 1479 756 1500 verum
774 1471 885 1501 Deum.

262 1523 368 1552 XXX.
394 1523 440 1552 En
462 1529 528 1560 quo
550 1521 677 1552 tandem
704 1521 769 1551 abit
804 1526 1032 1560 argumentum
1055 1530 1072 1552 a
1093 1521 1259 1554 Photianis
1282 1521 1363 1553 adeo
1387 1516 1588 1554 decantatum
1613 1530 1621 1550 :
1645 1529 1663 1552 a
1684 1519 1864 1554 Photiauis.

223 1575 368 1613 inquam,
392 1575 448 1614 qui
471 1579 502 1606 ct
530 1575 639 1606 tritum
654 1574 735 1605 illud
757 1578 787 1606 et
814 1583 870 1613 per
887 1583 958 1606 sese
984 1574 1282 1606 luculcntissimum
1298 1574 1447 1614 ignorare
1470 1574 1622 1606 videntur
1646 1586 1654 1606 :
1675 1574 1745 1612 Qui
1771 1582 1865 1604 unum

221 1626 349 1662 usserit,
364 1624 453 1655 aliud
476 1633 539 1654 non
564 1628 668 1663 negat,
696 1624 759 1654 nisi
794 1624 822 1655 ei
847 1623 929 1663 quod
953 1625 1068 1654 asserit
1092 1629 1259 1664 repugnet.
1283 1626 1361 1655 Nam
1387 1625 1605 1663 probaruntne
1626 1632 1790 1665 unquam,
1817 1625 1864 1654 aut

223 1676 401 1715 aliquando
420 1674 584 1714 probaturi
603 1678 690 1711 sunt,
711 1674 808 1705 ullam
826 1673 859 1705 in
879 1682 918 1705 eo
932 1683 1003 1705 esse
1021 1675 1281 1714 repugnantiam,
1300 1675 1387 1714 quod
1411 1675 1516 1706 Filius
1538 1684 1602 1706 una
1620 1685 1694 1706 cum
1712 1676 1806 1706 Patre
1826 1673 1864 1703 sit

225 1727 422 1767 irincipium
445 1727 584 1766 Spiritus
605 1726 727 1757 sancti?
758 1726 843 1763 Quid
869 1725 978 1757 enim?
993 1727 1085 1758 Anne
1106 1725 1230 1766 aliquid
1268 1726 1407 1763 virtutis,
1423 1736 1496 1767 quae
1518 1728 1595 1759 insit
1621 1728 1722 1765 Patri,
1752 1728 1861 1758 deesse

224 1779 311 1810 Filio
330 1778 508 1817 putandum
526 1777 609 1808 erit?
627 1777 681 1808 Vel
702 1777 817 1808 rationi
837 1777 911 1807 Filii
932 1781 1090 1816 repugnat
1107 1778 1286 1816 producere
1318 1777 1413 1809 aliam
1430 1786 1445 1808 a
1464 1778 1572 1817 seipso
1595 1780 1795 1818 personam?
1811 1778 1860 1808 Vel

225 1833 354 1863 demum
371 1831 458 1871 quod
482 1830 576 1862 habet
594 1829 804 1868 principium,
823 1829 938 1869 nequit
958 1837 1032 1860 esse
1056 1829 1254 1869 principium
1277 1828 1431 1860 alterius?
1453 1829 1538 1860 Nihil
1565 1829 1679 1861 horum
1708 1829 1860 1869 profecto.

225 1883 288 1913 Cur
305 1882 404 1921 igitur
420 1886 550 1912 ovantes
567 1880 649 1912 adeo
673 1883 899 1919 argumentum
916 1879 1004 1910 istud
1021 1880 1200 1910 obtrudunt
1219 1891 1226 1910 :
1247 1880 1454 1919 Evangelium
1469 1880 1590 1912 Christi
1607 1889 1661 1911 ore
1672 1880 1762 1911 clare
1776 1879 1860 1910 docet

223 1932 340 1972 ﬁdeles,
356 1933 514 1971 Spiritum
534 1936 677 1962 sanctum
692 1940 712 1960 α
728 1930 822 1960 Patre
835 1930 1007 1970 procedere
1014 1940 1023 1964 ;
1038 1935 1071 1960 at
1095 1931 1159 1970 ipsi
1176 1930 1280 1970 angeli
1313 1930 1515 1962 tenebrarum
1532 1931 1662 1971 (Latini)
1673 1930 1857 1970 praedicant,

224 1983 317 2012 etiam
331 1991 350 2012 a
367 1981 453 2012 Filio
467 1991 477 2011 :
493 1989 571 2020 ergo
593 1980 773 2020 Evangelio
795 1979 953 2011 contraria
978 1980 1105 2011 docent.
1121 1980 1165 2010 ita
1182 1987 1259 2012 sane
1277 1984 1348 2019 post
1371 1979 1562 2011 innumeros
1589 1981 1672 2012 alios
1695 1979 1859 2020 Eugenius

224 2032 259 2066 in
276 2033 372 2065 citato
389 2033 514 2070 libello,
531 2032 623 2072 cujus
638 2033 746 2063 Gricca
763 2032 857 2063 verba
876 2036 950 2062 sunt
968 2031 973 2061 Ι

1109 2048 1111 2060 ι
1129 2035 1297 2070 Εὑαγγέλιον
1311 2035 1355 2063 διὰ
1373 2035 1509 2071 στόματος
1526 2036 1573 2062 τοῦ
1584 2035 1709 2072 Χριστοῦ
1721 2033 1858 2069 εὐαγγελί-

225 2086 301 2119 ζεται
322 2087 363 2118 εἰς
381 2086 446 2117 τοὺς
473 2085 588 2116 πιστοὺς
610 2085 716 2120 φανερὰ
742 2085 783 2112 ὃτι
816 2084 932 2120 Πνεῦμα
963 2084 1039 2121 παρά
1064 2084 1170 2119 "amb;
1190 2083 1384 2119 ἐκπορεύεται,
1402 2085 1450 2111 καὶ
1467 2084 1543 2112 αὐτοὶ
1572 2085 1596 2111 οἱ
1614 2084 1727 2119 ἄγγελοι
1754 2083 1859 2112 σκότους

224 2134 461 2173 εὖαγγελίζονται,
475 2139 523 2165 καὶ
541 2139 574 2164 ἐκ
586 2137 633 2165 τοῦ
651 2137 728 2164 Υἱρῦ.
750 2133 777 2164 Ο
799 2132 973 2171 prmclaran‘

1106 2132 1205 2163 archaa
1221 2132 1341 2164 Montis
1368 2136 1532 2171 Ἀγιονύμου
1554 2131 1777 2165 ratiocinatioi
1800 2130 1855 2164 Sic,

225 2186 322 2216 cina?
347 2183 496 2214 Procedit
519 2193 539 2213 α
558 2183 676 2217 Patre;
700 2192 766 2214 non
783 2183 884 2222 igitur
912 2192 932 2212 ιι
954 2183 1039 2214 Filio
1064 2193 1073 2212 :
1099 2191 1172 2214 cum
1198 2182 1307 2222 potius
1337 2183 1514 2214 dicendum
1536 2183 1618 2213 foret
1638 2191 1645 2214 :
1670 2180 1820 2213 Procedit
1843 2189 1857 2208 a

227 2235 335 2272 Patre,
353 2244 425 2274 ergo
444 2239 472 2265 et
490 2245 508 2265 α
523 2234 621 2272 Filio,
639 2234 681 2265 ob
708 2234 864 2265 indicatas
893 2233 1047 2264 rationes.
1076 2233 1136 2264 Sed
1160 2237 1192 2264 et
1214 2233 1284 2272 ipse
1305 2233 1566 2274 'l‘heophylactus
1592 2233 1673 2264 male
1688 2233 1780 2264 famas
1796 2239 1855 2262 suae

227 2285 382 2322 consulit,
401 2285 478 2315 dum
506 2283 694 2323 prtedictum
719 2287 948 2323 argumentum
970 2282 1143 2322 simplicem
1165 2288 1257 2313 vocat
1278 2282 1512 2323 absolutamque
1528 2284 1683 2314 rationem
1698 2282 1754 2323 (lt),
1771 2280 1854 2313 addi-

228 2337 353 2377 ditque,
371 2335 471 2367 alium
489 2334 583 2366 nobis
603 2343 675 2366 esse
691 2335 902 2375 quaarendum
918 2335 1083 2365 doctorem
1101 2338 1216 2374 praster-
1226 2335 1323 2366 unum
1337 2335 1523 2374 magistrum
1533 2340 1678 2365 nostrum
1691 2336 1852 2373 Christum,

228 2391 254 2421 si
273 2389 350 2420 huic
370 2387 511 2428 dogmati
534 2387 696 2419 adherere
722 2386 874 2418 velimus.
891 2388 931 2418 At
957 2393 1047 2423 vero,
1074 2385 1100 2416 si
1126 2386 1272 2418 Christus
1293 2386 1412 2418 aiendo
1436 2396 1443 2416 :
1469 2387 1523 2426 qui
1550 2396 1568 2417 α
1593 2386 1688 2417 Patre
1705 2383 1851 2426 procedit,

230 2441 324 2473 nobis
341 2439 528 2471 nullatenus
547 2438 747 2475 adversatur,
765 2439 868 2469 multo
884 2438 992 2469 minus
1008 2437 1162 2469 censendi
1180 2442 1256 2469 sunt
1271 2437 1365 2469 nobis
1381 2438 1531 2469 contrarii
1545 2446 1616 2469 esse
1629 2438 1852 2478 quicunqueex

228 2489 347 2523 Graecis
366 2489 512 2520 Patribus
541 2489 658 2520 docent
690 2488 908 2525 solummodo,
932 2487 1154 2528 atlirmantque
1176 2489 1332 2527 Spiritum
1353 2493 1499 2520 sanctum
1521 2498 1541 2518 (ι
1565 2489 1660 2520 Patre
1682 2485 1850 2528 procedere.

229 2541 309 2571 Cum
328 2539 427 2579 igitur
441 2540 625 2570 Graecorum
649 2547 744 2570 nemo
769 2539 930 2570 inﬁcietur
953 2539 1104 2569 eumdem
1128 2542 1159 2570 ct
1182 2547 1198 2570 a
1217 2539 1301 2570 Filio
1325 2540 1511 2578 procedere,
1531 2540 1678 2571 nonnulli
1696 2543 1799 2571 autem
1817 2543 1851 2564 σι

229 2592 297 2623 illis
322 2601 384 2624 una
400 2600 473 2623 cum
496 2591 617 2622 Latinis
637 2590 792 2621 omnibus
819 2589 991 2626 aﬂirment,
1016 2589 1159 2628 profecto
1185 2589 1265 2620 illud
1294 2599 1411 2630 negare
1440 2590 1600 2630 praefracte
1627 2590 1721 2627 velle,
1746 2589 1804 2619 imo
1823 2590 1848 2615 Cl

232 2643 391 2674 haereseos
415 2650 473 2673 nos
499 2642 715 2672 condemnare
739 2641 816 2680 quia
839 2641 871 2671 id
896 2639 1087 2676 asserimus,
1108 2649 1159 2670 res
1183 2639 1310 2672 illorum
1337 2646 1380 2671 est
1405 2641 1513 2680 [verba
1539 2649 1652 2681 regere
1675 2649 1746 2680 qua)
1767 2637 1846 2670 habcl

232 2695 491 2736 'l‘heophylaclus
507 2694 560 2735 (c)]
571 2694 626 2733 qui
641 2694 760 2734 spiritu
775 2694 895 2725 erroris
913 2693 1001 2734 pleni
1015 2697 1102 2724 sunt.

269 2801 309 2836 (η)
327 2801 407 2828 Num.
425 2800 469 2828 111.

1112 2798 1146 2834 (ε)
1165 2797 1275 2826 Ibidem.

267 2838 304 2871 (lt)
327 2837 437 2864 Ibidem.
