1897 3052
199 79 254 107 ΑΒΕ
733 73 924 103 BONIFACH

1097 73 1102 102 l
1126 72 1323 104 PBEFATIO
1785 73 1846 104 45F

200 133 326 169 Oportet
344 133 378 162 ut
398 130 482 162 inter
501 137 555 160 θος
571 129 746 160 intercedat
760 129 840 159 ratio
856 128 1019 168 principii,
1036 129 1194 168 adeoque,
1210 133 1242 159 ut
1258 129 1310 160 hic
1324 129 1364 159 ab
1380 128 1436 160 illo
1457 131 1618 169 procedat.
1631 129 1848 169 Priueipiuw

199 182 286 214 idem
304 183 424 216 clarius
443 186 473 213 et
490 186 712 222 ὲμφατικοτέρως
734 181 883 220 preponit
906 181 939 211 in
968 180 1102 220 epistola
1123 182 1160 212 ad
1174 181 1337 212 Ablabium
1357 181 1405 211 his
1432 182 1592 221 praecipue
1613 182 1719 213 verbis
1744 193 1751 211 :
1779 186 1851 219 Tt‘.

199 240 315 269 κατὰτὸ
331 240 417 268 αἴτιον
434 240 481 267 κκὶ
511 239 631 266 αἰτιατὸν
656 238 788 272 διαφορὰν
817 237 867 264 οὐκ
885 235 1046 272 ἀρνούμεθα
1066 233 1152 272 (esse
1176 233 1209 264 in
1239 233 1328 271 Deo),
1349 234 1371 272 ᾧ
1385 237 1658 273 μόνῳδιαχρινεσθαι
1681 237 1713 264 τὸ
1737 237 1852 271 ἕτερον

199 291 246 318 τοῦ
265 291 359 326 ἑτέρου
374 289 634 325 καταλαμϐάνομεν,
651 289 690 324 τῷ
705 288 736 315 τὸ
753 288 803 323 μὲν
818 288 906 314 αῑτιον
920 287 1061 314 πιστεύειν
1075 285 1156 322 εἶναι,
1173 289 1203 315 τὸ
1217 288 1245 315 δὲ
1260 289 1292 315 ἐκ
1321 288 1368 316 τοῦ
1395 288 1495 321 αἰτίου,
1529 284 1750 314 Diversitatem
1786 293 1848 313 se-

202 339 334 370 cundum
350 339 502 368 rationem
518 346 618 368 causa
634 342 662 367 et
673 337 796 367 causati
813 335 983 376 (seujuxta
1005 336 1158 367 rationem
1178 336 1380 375 principii)et
1395 337 1460 376 ejus
1472 335 1556 376 quod
1570 340 1614 365 est
1631 345 1651 364 α
1667 336 1852 374 principio

201 390 245 428 (in
264 389 341 428 Deo)
372 397 435 418 non
451 397 599 427 negamus
616 398 626 417 :
638 397 698 427 quo
713 387 778 417 solo
790 387 921 416 altrrum
934 385 970 415 ab
986 385 1086 416 altero
1101 386 1221 416 secerni
1243 385 1529 425 comprehendimus
1540 407 1548 421 ,
1565 389 1718 424 quatenus
1737 393 1850 415 unum

200 441 323 481 quidem
348 440 543 479 principium
571 448 635 469 esse
661 439 833 474 credimus,
857 437 992 468 alterum
1027 447 1067 468 ex
1087 438 1268 478 principio.
1290 439 1368 475 Qua;
1391 446 1463 469 cum
1494 437 1537 468 ait
1555 438 1735 476 Nyssenus,
1759 436 1850 476 quis

202 493 297 529 neget
323 499 397 520 eum
419 489 597 520 credidisse
615 489 771 528 Spiritum
798 492 942 518 sanctum
971 496 1042 518 esse
1066 487 1343 528 aFiliotanquam
1369 494 1402 520 ὲκ
1414 492 1460 520 τοῦ
1484 492 1583 526 αἰτίου,
1609 496 1683 518 cum
1700 488 1740 518 ab
1761 488 1848 527 ipso

201 540 359 579 distingui
379 549 440 571 non
458 540 672 570 dubitaverit?

241 593 271 624 3.
295 593 463 631 Didymus,
481 592 563 622 libro
581 601 602 622 ιι
631 592 671 621 De
697 591 824 630 Spiritu
848 594 956 618 sancto
978 588 1139 619 Christum
1163 588 1318 619 rationem
1341 589 1529 619 aﬂ'erentem
1556 587 1693 623 inducit,
1719 595 1778 617 cur
1795 586 1850 616 de

202 642 326 682 Spiritu
342 645 452 673 sancto
469 642 587 672 dixerit
603 643 694 672 Joan.
716 650 768 682 xvr
785 641 864 676 ,1‘3:
880 639 952 671 Non
979 638 1058 669 enim
1085 638 1230 678 loquetur
1242 649 1261 668 a
1279 637 1504 678 semetipsobis
1523 637 1628 668 verbis
1644 649 1651 668 :
1667 637 1750 675 Quia
1771 645 1851 666 non

204 705 243 726 ex
260 705 302 732 se,
332 694 386 725 sed
412 704 452 725 ex
474 695 568 724 Patre
593 699 620 724 et
637 704 681 724 me
707 698 767 727 est;
796 694 854 724 hoc
881 692 960 722 enim
993 690 1095 729 ipsum
1110 691 1192 730 quod
1217 691 1372 726 subsistit,
1392 700 1431 721 ea:
1456 691 1553 721 Patre
1576 696 1605 721 et
1629 700 1676 720 me
1702 689 1754 719 illi
1773 694 1844 718 est.

204 747 387 777 Clarissima
411 754 486 776 vero
505 750 579 776 sunt
598 745 703 781 verba,
727 754 800 784 quae
822 745 941 775 ibidem
959 743 1069 782 piiucis
1099 743 1309 782 interpositis,
1328 743 1422 773 habet
1444 755 1451 774 :
1469 743 1574 782 Neque
1587 742 1663 782 quid
1681 741 1771 773 aliud
1791 746 1849 772 est

205 799 309 830 Filius
327 798 468 837 exceptis
487 797 527 828 iis
552 805 618 836 qua:
639 797 667 827 ei
682 796 800 826 duntur
822 805 841 825 a
863 796 959 826 Patre
975 805 984 829 ;
998 794 1045 824 sic
1067 803 1163 834 neque
1186 794 1251 825 alia
1274 794 1451 825 substantia
1472 799 1515 824 est
1539 795 1847 834 Spiritus.sunctus

203 853 321 888 prceter
337 849 370 879 id
386 839 579 888 quodrdutur
595 847 624 876 ei
642 856 660 876 a
673 846 771 892 'Filio.
795 846 896 886 Igitur
912 844 1050 884 Spiritus
1065 848 1193 876 sanctus
1214 844 1331 884 accipit
1348 845 1559 876 substantiam
1584 853 1601 876 a
1618 844 1700 875 Filio
1725 854 1734 874 :
1756 851 1847 883 ergo

205 901 245 931 ab
267 909 305 931 eo
333 899 591 930 substantialiter
618 898 774 938 prouedit.

246 963 275 993 lt.
295 962 434 1000 Cyrillus
463 961 713 998 Alexandrinus,
733 961 788 993 lib.
805 971 827 998 ι,
849 961 890 991 De
904 960 995 991 adora

1095 969 1138 987 στι
1147 960 1194 987 τοῦ
1208 959 1287 994 Θεοῦ,
1301 961 1360 997 ait,
1381 961 1428 988 καὶ
1440 961 1558 996 Πατρδς,
1579 961 1626 989 καὶ
1644 961 1698 996 μὴν
1712 960 1762 988 καὶ
1784 960 1843 987 τοῦ

206 1014 272 1042 Υἱοῦ
282 1014 312 1041 τὸ
327 1014 463 1044 οὑσιωδώς
483 1013 512 1046 ἐξ
527 1015 637 1049 ἀμφοῖν,
653 1014 741 1040 εἴτουν
755 1014 787 1040 ὲκ
807 1013 911 1048 Πατρὸς
925 1013 955 1040 δι¹

1090 1013 1182 1048 ιεῦμα,
1201 1016 1247 1042 est
1277 1021 1317 1044 ea:
1342 1014 1418 1051 Deo,
1441 1018 1470 1044 et
1491 1013 1598 1050 Patre,
1619 1013 1745 1043 etFilio
1762 1012 1839 1049 illc,

206 1065 261 1104 qui
275 1064 528 1094 substantialiter
545 1073 585 1094 ea:
602 1063 761 1100 ambobus,
782 1073 836 1094 seu
851 1073 890 1094 η
905 1063 1000 1094 Patre
1013 1073 1070 1103 per
1086 1063 1204 1094 Filium
1223 1063 1358 1103 proﬂuit
1369 1065 1520 1103 Spiritus.
1534 1065 1625 1095 Anne
1641 1072 1717 1095 vero
1734 1063 1841 1094 istum

206 1114 442 1145 substantiatem
474 1113 612 1152 Spiritus
641 1113 740 1143 sancti
772 1122 812 1144 ex
843 1117 978 1152 utroque
996 1113 1150 1152 e/ﬂuxum
1164 1114 1203 1144 de
1227 1115 1383 1145 donorum
1399 1115 1483 1154 ejus,
1499 1119 1594 1155 atque
1611 1114 1844 1145 charismatum

207 1166 365 1197 effusione
386 1164 681 1202 interpretabantur
698 1163 868 1194 Photiani?
884 1164 943 1194 Sed
960 1164 1088 1194 ridendi
1107 1167 1195 1201 sunt,
1214 1172 1276 1195 non
1293 1165 1492 1201 confutandi,
1509 1165 1538 1196 si
1563 1173 1602 1195 eo
1619 1173 1725 1205 usque
1749 1164 1843 1195 insa-

208 1217 296 1248 niani.
315 1215 507 1254 :praasertim
526 1222 597 1244 cum
617 1214 699 1244 idem
718 1213 750 1244 in
764 1213 935 1244 Comment.
975 1213 1008 1244 in
1022 1212 1105 1243 Joel.
1124 1221 1192 1252 cap.
1214 1222 1248 1250 ιι,
1268 1213 1344 1244 satis
1366 1214 1487 1245 indicet
1511 1215 1664 1253 Spiritum
1682 1216 1838 1245 sanctum

208 1268 320 1299 eodem
346 1266 440 1296 modo
455 1273 527 1296 esse
543 1273 583 1294 ex
602 1264 684 1294 Filio
704 1264 800 1294 sicuti
827 1268 873 1294 est
892 1265 922 1294 in
947 1263 1030 1302 ipso,
1052 1263 1112 1294 hoc
1130 1268 1177 1294 est
1191 1263 1445 1295 substantialiter
1461 1275 1470 1294 :
1489 1264 1635 1295 absolute
1652 1265 1740 1296 enim
1762 1264 1808 1296 ait
1830 1277 1838 1295 :

210 1318 292 1344 Ἴδιον
305 1315 387 1343 αὑτοῦ
403 1314 490 1350 (Υἱοῦ)
506 1323 546 1346 τε,
556 1314 603 1341 καὶ
616 1315 644 1341 ὲν
655 1314 739 1348 αὐτῷ,
758 1315 805 1341 καὶ
820 1314 849 1346 ὲξ
860 1314 941 1341 αὐτοῦ
955 1324 959 1331 ι

1090 1313 1113 1340 μά
1128 1315 1196 1346 ἔστι,
1216 1315 1370 1353 proprius
1394 1319 1440 1345 est
1454 1319 1483 1346 et
1497 1316 1598 1355 ipsius
1614 1315 1727 1356 (Filii).
1751 1320 1783 1346 et
1803 1316 1839 1346 in

208 1369 290 1406 ipso,
308 1370 335 1396 et
352 1375 391 1396 ex
414 1365 481 1404 ipso
494 1369 539 1394 est
553 1365 706 1402 Spiritus.
720 1364 781 1394 Sed
798 1365 972 1403 quomodo,
995 1364 1177 1394 beatissime
1196 1364 1327 1404 Cyrille,
1343 1365 1482 1404 Spiritus
1510 1370 1640 1397 sanctus
1657 1371 1704 1397 est
1722 1366 1758 1398 in
1777 1367 1839 1397 Fi-

210 1415 275 1446 lio?
293 1417 436 1451 Καοάπερ,
456 1414 642 1452 respondet,
659 1413 756 1448 ἀμέλει
776 1414 823 1440 καὶ
839 1414 882 1441 ἐπ’
899 1415 959 1441 αὐτ(

1092 1424 1098 1442 ι
1122 1414 1169 1441 τοῦ
1187 1414 1254 1441 Θεοῦ
1271 1415 1318 1441 καὶ
1336 1416 1454 1451 Πατρός,
1465 1417 1719 1456 quemadmodum
1747 1418 1841 1449 vide-

211 1466 283 1496 licet
303 1466 337 1495 in
362 1465 430 1504 ipso
444 1464 636 1502 intelligitur
653 1464 716 1493 Deo
731 1473 767 1493 ac
799 1463 902 1495 Patre.
920 1465 956 1494 Et
973 1463 1005 1495 in
1023 1465 1234 1504 responsione
1257 1466 1294 1496 ad
1310 1467 1522 1498 Orientalium
1540 1468 1674 1507 objecta,
1687 1469 1727 1500 ad
1746 1469 1840 1499 Ana-

212 1516 438 1547 thematismum
469 1515 499 1550 9,
528 1514 644 1550 Filius,
671 1514 789 1554 inquit,
812 1514 878 1540 ἴδιον
907 1514 961 1549 ἔχω

1098 1515 1192 1547 αὑτοῦ,
1209 1516 1255 1543 καὶ
1277 1516 1416 1548 οὐσιωδῶς
1443 1518 1604 1553 ἐμπεφυκὸς
1628 1519 1702 1554 αὐτῷ
1720 1519 1840 1555 Πνεῦμα

212 1567 300 1601 ἅγιον,
315 1566 485 1606 proprium
499 1564 589 1596 habet
608 1573 688 1601 eum,
716 1565 771 1604 qui
790 1574 830 1594 ea:
854 1565 921 1604 ipso
944 1570 1000 1602 est,
1023 1570 1052 1596 et
1079 1566 1333 1597 substantialiter
1343 1568 1369 1598 ei
1388 1567 1484 1604 inest,
1505 1568 1662 1607 Spiritum
1675 1573 1838 1601 sanctum.

213 1617 284 1649 Pari
318 1617 412 1646 modo
449 1615 505 1646 lib.
532 1623 628 1645 xxnv
655 1615 807 1645 Thesauri
839 1615 878 1645 de
908 1624 962 1646 θος

1092 1616 1175 1647 ιιι-ιω
1203 1621 1312 1648 sancto
1334 1617 1378 1649 ait
1397 1629 1404 1648 :
1425 1618 1533 1652 Πρόεισι
1549 1618 1578 1645 δὲ
1605 1619 1637 1646 ὲκ
1659 1620 1767 1652 [πατρὸς
1788 1621 1841 1647 καὶ

211 1668 289 1695 Υἱοῦ.
306 1665 516 1705 Progreditur
535 1669 638 1694 autem
654 1674 694 1695 ea:
709 1664 805 1694 Patre
822 1669 851 1694 et
880 1665 984 1698 Filio,-
1001 1669 1032 1696 et
1050 1674 1089 1696 ne
1106 1665 1179 1704 quis
1194 1666 1233 1696 de
1250 1667 1479 1705 progressione
1502 1667 1671 1706 temporali
1689 1668 1749 1700 hoc
1783 1670 1838 1700 in-

213 1718 345 1757 telligat,
369 1715 478 1746 subdit
493 1723 567 1746 eum
579 1714 629 1749 τῆς
645 1714 721 1746 θείας
730 1712 799 1741 εἶναι
814 1715 919 1747 οὐσίας,
935 1715 962 1741 οὐ

1090 1716 1113 1742 ὲν
1126 1716 1195 1751 αὐτῇ
1208 1716 1255 1742 καὶ
1265 1716 1296 1748 ἐξ
1309 1716 1395 1752 αὐτῆς
1408 1717 1513 1752 προῖόν,
1530 1718 1650 1748 Divina
1665 1728 1729 1749 esse
1761 1721 1839 1752 sub-

212 1768 348 1803 slantiw,
367 1770 401 1795 in
414 1766 483 1804 ipsa
495 1769 523 1794 et
536 1774 574 1794 eae
587 1764 657 1803 ipsa
666 1763 917 1803 progredientem
932 1775 942 1794 :
958 1768 992 1795 ut
1009 1765 1143 1803 perinde
1162 1764 1284 1804 Cyrillo
1299 1766 1340 1796 sit
1354 1775 1425 1797 esse
1457 1775 1495 1796 ex
1512 1768 1600 1797 Patre
1621 1771 1651 1798 et
1678 1768 1772 1807 Filio,
1803 1778 1841 1801 ac

214 1827 252 1848 ex
272 1816 449 1847 substantia
470 1815 571 1850 Patris
591 1818 621 1845 et
637 1815 723 1845 Filii.
739 1814 816 1851 Quis
832 1823 916 1846 sanae
934 1815 1051 1848 mentis
1068 1816 1127 1846 hoe
1155 1816 1193 1846 ad
1213 1817 1436 1856 temporariam
1463 1817 1602 1857 Spiritus
1620 1819 1719 1849 sancti
1749 1820 1838 1851 etfu-

213 1868 338 1899 sionem
366 1867 466 1897 trahat
481 1868 495 1896 7
509 1867 567 1896 Par
595 1866 669 1896 huic
686 1870 736 1896 est
759 1866 846 1905 quod
865 1866 962 1897 eoden

1090 1867 1134 1897 ait
1154 1876 1161 1896 :
1188 1867 1232 1894 Ἐν
1247 1867 1322 1903 αὐτῷ
1337 1867 1469 1903 (Χρίστῳ)
1488 1868 1534 1894 καὶ
1556 1867 1585 1901 ἐξ
1608 1869 1691 1896 αὑτοῦ
1712 1870 1837 1904 φυσικῶς

213 1918 333 1954 ὑπάρχον
346 1917 375 1944 τὺ
395 1917 515 1951 Πνεῦμα,
529 1916 562 1946 in
578 1916 646 1955 ipso
663 1916 811 1956 (Christo)
824 1920 853 1946 et
864 1925 904 1946 ex
918 1917 962 1955 ips

1090 1919 1191 1949 aliter
1206 1919 1331 1950 exsistit
1346 1919 1487 1958 Spiritus
1500 1925 1629 1952 sanctus
1639 1933 1649 1956 ;
1661 1928 1692 1953 et
1707 1933 1713 1952 :
1737 1928 1839 1961 Ἀνάγ-

210 1981 245 2008 κη
268 1974 298 1999 τὸ
323 1971 435 2007 Πνεῦμα
451 1971 500 2006 τῆς
519 1971 614 2002 οὐσίας
631 1971 774 2005 ὁμολογεῖν
791 1971 848 1998 τοῦ.
870 1970 950 2002 Υιοῦ,
964 1972 1002 2003 ὼς
1016 1972 1070 2007 γὰρ
1094 1972 1123 2006 ἐξ
1139 1973 1221 2000 αὐτοῦ
1243 1974 1313 2000 κατὰ
1330 1974 1410 2008 φύσιν
1424 1974 1556 2010 ὑπάρχον,
1573 1981 1695 2002 necesse
1720 1978 1766 2003 est
1789 1975 1840 2014 [α-

212 2019 274 2051 teri
294 2019 450 2059 Spiritum
463 2021 606 2048 sanctum
621 2026 684 2047 esse
703 2017 837 2057 ejusdem
851 2027 920 2048 cum
932 2018 1017 2049 Filio
1035 2019 1219 2050 substantia
1231 2031 1241 2050 :
1255 2030 1326 2050 nam
1339 2025 1376 2059 _ut
1403 2030 1443 2050 ex
1456 2022 1526 2060 ipso
1541 2023 1734 2054 naturaliter
1750 2025 1839 2054 exsi-

211 2077 307 2108 stens,
325 2075 385 2101 etc.
404 2069 444 2109 (a)
461 2068 585 2099 Similia
598 2068 689 2099 habet
708 2069 835 2108 dialogo
847 2078 869 2106 ι,
889 2070 1030 2100 DeI‘rin.
1049 2071 1085 2100 Et
1101 2069 1134 2100 in
1152 2071 1320 2102 Comment.
1343 2071 1376 2100 in
1389 2071 1606 2108 Jaannemait,
1625 2082 1700 2104 eum
1717 2083 1734 2105 a
1751 2075 1838 2106 Filio

212 2121 284 2150 κατὰ
297 2121 377 2155 φύσιν
393 2118 565 2154 προχεῖσθαι,
580 2119 750 2148 secundum
766 2125 924 2156 naturam,
946 2127 960 2149 s

1089 2120 1212 2151 traliter
1224 2120 1392 2161 profundi.
1418 2121 1566 2160 Denique
1585 2127 1617 2153 nt
1632 2128 1745 2156 caetera
1764 2134 1838 2165 quae

213 2173 312 2206 multa
341 2175 428 2208 sunt,
461 2170 644 2200 testimonia
661 2174 860 2209 praeteream,
886 2173 1140 2211 peremptorium
1170 2174 1297 2204 videtur
1317 2183 1388 2206 esse
1409 2175 1489 2207 illud
1517 2177 1604 2216 quod
1627 2177 1721 2208 habet
1743 2177 1838 2207 Com-

214 2229 307 2255 ment.
329 2221 384 2252 lib.
399 2230 429 2256 x,
446 2221 480 2250 in
495 2221 659 2257 Joannem,
678 2221 733 2252 ubi
751 2226 919 2262 postquam
936 2224 963 2253 di

1090 2224 1211 2263 Spiritu
1228 2229 1348 2263 sancto,
1368 2226 1446 2254 Ἐστι
1460 2227 1570 2263 πνεῦμα
1581 2227 1702 2263 Χριστοῦ
1712 2228 1761 2254 καὶ
1775 2228 1839 2260 νοῦς

213 2275 309 2310 αὐτοῦ,
331 2277 374 2303 est
389 2273 524 2312 spiritus
536 2272 656 2303 Christi
668 2277 696 2303 et
708 2282 791 2302 mens
805 2274 908 2312 ipsius
925 2273 1010 2314 (quae
1027 2275 1075 2304 vel
1089 2275 1156 2305 sola
1175 2275 1266 2306 verba
1284 2277 1360 2307 satis
1372 2286 1444 2309 esse
1461 2278 1615 2309 deberent
1629 2280 1669 2309 ad
1685 2282 1837 2311 astruen-

214 2323 285 2354 dam
309 2325 453 2364 ejusdem
470 2333 485 2354 a
503 2323 586 2354 Filio
604 2323 842 2362 processionem
863 2336 870 2355 :
888 2326 1050 2364 quomodo
1068 2325 1155 2356 enim
1179 2336 1263 2357 mens
1279 2328 1344 2368 ejus
1365 2333 1425 2365 est,
1451 2330 1478 2359 si
1495 2329 1534 2360 ab
1559 2329 1631 2368 ipso
1653 2338 1717 2360 nun
1743 2333 1792 2361 est
1803 2331 1838 2369 ?),

216 2375 309 2414 paulo
337 2381 406 2415 post
421 2375 557 2406 subdit:
581 2375 623 2407 Ὧς
641 2374 749 2410 πνεῦμα
778 2375 871 2408 αὑτοῦ,
896 2376 965 2403 καθά

1091 2376 1136 2409 ita;
1162 2378 1325 2413 εἰρήκαμεν,
1351 2379 1399 2405 καὶ
1425 2379 1505 2411 εἰδὼς
1525 2380 1675 2412 ἀδιδάκτως
1703 2382 1796 2408 πάντα
1809 2382 1838 2407 τὰ

215 2430 320 2467 (αὐτοῦ)
341 2431 369 2464 ἐξ
388 2427 418 2458 οὗ
432 2431 478 2458 καὶ
498 2431 526 2457 ἐν
540 2426 618 2466 ᾧπέρ
632 2431 700 2463 ἐστι,
712 2430 746 2456 τὰ
765 2430 824 2457 θεῖα
838 2431 894 2462 τοῖς
912 2430 964 2465 ὰγίι

1088 2431 1210 2459 ιαλύπτει
1224 2434 1371 2469 μυστήρια,
1387 2434 1533 2469 tanquam
1555 2431 1697 2469 Spiritus
1723 2430 1837 2470 ipsius.

213 2479 262 2509 uti
278 2478 366 2509 modo
383 2479 569 2514 dicebamus,
586 2484 614 2509 et
632 2483 666 2508 ut
681 2487 881 2517 cognoscens,
897 2480 1016 2509 nemine
1031 2479 1173 2517 docente,
1190 2481 1293 2511 omnia
1307 2490 1374 2520 quea
1387 2486 1460 2511 sunt
1477 2482 1554 2522 ejus,
1567 2491 1606 2512 ex
1617 2491 1677 2522 quo
1691 2487 1718 2512 et
1732 2483 1765 2512 in
1781 2489 1838 2521 quo

216 2535 272 2568 est,
287 2530 394 2560 divi-na
411 2531 528 2561 sanctis
558 2530 706 2568 mysteria
725 2529 889 2568 patefacit.
903 2529 965 2560 Aut

1090 2530 1231 2567 hotiane,
1242 2531 1270 2563 ἐξ
1283 2529 1312 2558 οὗ
1324 2533 1368 2558 καὶ
1384 2533 1412 2558 ὲν
1425 2530 1501 2567 ᾧπέρ
1512 2534 1578 2565 ἐστι,
1592 2542 1632 2563 ea:
1655 2542 1715 2573 quo
1747 2537 1777 2563 et
1809 2533 1837 2563 in

214 2591 273 2622 quo
286 2587 331 2613 est
345 2593 355 2617 ;
370 2587 400 2613 et
420 2582 524 2614 adhuc
546 2581 721 2613 sustinebis
738 2589 776 2611 ex
787 2589 825 2612 eo
840 2589 904 2612 non
919 2590 1002 2618 esse,
1019 2590 1077 2613 seu
1095 2591 1156 2613 non
1180 2585 1350 2622 procedere
1362 2585 1376 2614 ?

253 2720 292 2756 (a)
309 2720 394 2753 Quam
423 2720 622 2758 rectaNCyArillo»
641 2721 812 2758 adversatur
827 2722 1000 2758 Theophyla-
1056 2722 1115 2754 τοῦ,
1142 2723 1272 2757 συγγενὲς
1296 2723 1361 2757 γάρ.
1392 2723 1496 2750 Dicitur
1522 2722 1640 2757 Spiritus
1654 2721 1772 2754 Christi.
1791 2730 1837 2749 uel

216 2760 289 2794 etus,
306 2757 373 2794 dum
387 2764 465 2794 nuru.»
483 2755 515 2794 IY
532 2755 570 2783 ait
587 2766 594 2783 :
610 2756 727 2794 Λέγεται
736 2756 856 2794 Πνεῦμα
871 2755 965 2792 Xpm'rt

1086 2758 1120 2784 ria
1135 2766 1166 2784 ex
1182 2755 1241 2793 ipso
1255 2755 1362 2793 proﬂuit
1375 2767 1384 2790 ;
1401 2761 1445 2786 sed
1460 2759 1522 2794 quia
1537 2755 1662 2793 proprius
1685 2759 1759 2786 illius
1785 2764 1835 2788 est.

215 2791 276 2819 ἀλλ’
292 2792 341 2826 οὐχ
359 2791 397 2823 ὡς
413 2791 442 2824 ἐξ
458 2792 562 2818 ἐκείνου
586 2792 692 2826 προῖὸν,
717 2792 775 2819 ἀλλ’
790 2791 827 2824 di:
840 2794 938 2820 οἰκεῖον
952 2801 964 2820 α

686 2811 692 2823 ,
717 2792 775 2819 ἀλλ’
790 2791 827 2824 di:
840 2794 938 2820 οἰκεῖον
952 2793 1001 2820 ain
1057 2799 1183 2828 cognatus
1195 2791 1269 2821 enim
1284 2791 1333 2821 est.
1433 2795 1435 2798 ⁴
