1897 3052
94 135 143 165 Ᾱ57
519 133 558 163 1N
581 134 797 170 SEQUENTIA
818 136 1107 166 THEOPHYLACTI
1123 135 1290 166 SCRIPTA.
1665 137 1718 168 45,3

130 190 162 218 5.
182 189 315 218 Sanctus
333 186 562 230 Basilius_‘lizec
587 189 679 219 habet
705 189 756 219 lib.
787 198 820 220 Ill
851 199 879 219 cc

992 191 1179 221 Eunomium
1197 203 1206 222 :
1243 195 1389 230 Ἀξιώματι
1411 195 1461 231 μὲν
1490 196 1660 232 δευτερεύειν
1679 198 1719 233 (τὸ

96 238 217 273 Πνεῦμα)
235 239 283 265 τοῦ
294 238 378 270 ·Υῑοῦ,
396 238 460 273 παρ’
472 238 555 265 αὖτηῦ
569 239 599 264 τὸ
614 237 683 266 εἶναι
711 240 783 275 ἕχον,
809 241 856 267 καὶ
884 241 948 275 παρ’
965 241 1047 268 αὐτηῦ
1067 241 1217 277 λαμϐάνον,
1236 243 1282 269 καὶ
1301 237 1469 277 ἀναγγέλλον
1484 244 1550 279 ἡμῖν
1582 244 1630 270 καὶ
1653 244 1719 272 ὅλως

96 291 143 325 τῆς
164 290 256 321 uitia;
271 291 379 324 ἐκείνης
393 291 547 325 ἐξημμένον
561 290 745 324 παραδίδωσιν
773 291 838 322 ἴσως

972 291 1021 323 ;ία;
1044 291 1133 326 λόγος,
1146 289 1303 328 Spiritum
1330 295 1472 319 sanctum
1497 289 1652 328 dignitate
1675 299 1721 319 se-

96 338 232 370 cundum
250 348 315 369 esse
331 348 349 368 a
362 337 460 375 Filio,
479 343 516 368 ut
533 340 589 378 qui
605 347 668 368 esse
683 338 720 368 ab
734 338 790 369 illo
807 338 932 375 habeat,
950 343 978 369 et
998 339 1036 369 ab
1057 340 1126 378 ipso
1141 340 1290 377 accipiat,
1307 344 1335 370 et
1350 340 1475 370 omnino
1492 349 1533 371 ea:
1555 340 1613 371 illa
1627 350 1721 372 causa

94 389 376 430 pendeat.pietatis
391 397 490 418 sermo
502 389 640 427 fortasse
656 387 766 420 tradit.
777 389 823 419 En
832 398 926 428 quam
942 389 1026 420 clare
1036 390 1171 429 Magnus
1182 389 1319 419 Basilius
1328 389 1443 429 dogma
1456 390 1641 420 Latinorum
1659 394 1722 420 trn-

98 442 154 473 dit.
165 441 325 481 Equidem
335 441 460 471 Marcus
474 439 657 479 Ephesinus
671 440 703 471 in
720 440 858 472 concilio
870 440 1070 477 Florentino,
1081 449 1155 472 cum
1171 448 1234 471 non
1250 440 1338 471 aliud
1356 440 1443 480 quod
1458 441 1496 471 ad
1508 441 1645 472 evidens
1660 441 1721 472 hoc

98 491 310 530 responderet
326 490 560 527 testimonium,
579 490 626 520 illi
642 494 840 530 suppeteret,
859 499 972 530 magna
998 490 1206 521 contentione
1225 489 1392 526 sustinuit,
1409 493 1530 521 textum
1555 490 1642 521 hunc
1662 490 1720 522 fal-

98 547 202 575 satum
220 547 250 574 et
269 543 497 580 interpolatum
514 551 597 573 esse.
614 543 674 573 Sed
693 546 812 581 quanta
831 543 966 582 injuria!
986 545 1075 580 Nam,
1097 546 1133 573 ut
1149 544 1290 574 Joannes
1306 543 1414 582 Niger,
1431 543 1488 583 qui
1505 543 1587 574 illud
1601 544 1720 575 attule-

100 599 156 631 rat,
181 595 329 634 regessit,
348 595 449 626 codex
466 595 552 626 unde
568 595 777 633 depromptus
797 598 857 632 est,
887 596 1017 633 optimas
1034 599 1117 626 nota;
1133 598 1213 631 erat,
1240 594 1522 634 Constantinopoli
1534 603 1553 625 a
1567 596 1720 626 cardinali

98 645 228 676 Cusano
237 644 401 680 advectus,
417 644 447 674 in
466 643 672 679 membranis,
687 643 847 674 sexcentis
857 646 931 674 ante
947 643 1119 675 concilium
1132 643 1473 680 Florentinumannis,
1490 643 1636 683 adeoque
1647 650 1722 676 ante

99 700 248 726 exortum
263 696 390 725 Grmcos
407 695 491 725 inter
504 702 539 725 ac
560 694 687 725 Latinos
709 695 765 725 hac
782 696 821 724 de
852 703 885 725 re
898 694 1087 732 dissidium,
1116 698 1276 725 exaratos.
1294 694 1384 725 Unde
1403 702 1481 734 ergo
1505 695 1723 734 corruptionis

99 746 247 785 suspicio
259 747 273 776 ?
289 745 348 776 Sed
365 746 472 784 plures
486 745 615 776 codices
637 745 678 775 ita
690 753 753 776 non
769 744 898 782 habent,
915 745 1097 784 opponebat
1112 744 1306 783 Ephesinus.
1323 745 1408 782 Quid
1422 745 1510 781 inde,
1527 745 1554 776 si
1572 746 1725 777 vetustio-

100 806 149 828 res
165 800 199 827 et
216 800 288 827 ante
300 796 438 826 schisma
455 795 626 834 conscripti
645 799 766 826 textum
784 799 818 825 ut
842 795 1011 827 attulimus
1027 796 1217 827 exhibeant?
1235 797 1299 827 Alii
1327 805 1413 834 vero,
1433 807 1631 838 quocunque
1659 806 1723 830 ttu-

99 855 188 876 mero
204 846 281 882 sint,
295 854 311 876 a
326 845 485 876 Photianis
500 840 682 884 potiusdata
691 853 786 883 opera
801 846 944 884 corrupti
955 846 1085 876 dicendi
1106 849 1195 883 sunt,
1212 854 1251 876 eo
1265 847 1382 886 majore
1399 846 1622 886 fundamento,
1638 851 1723 889 quod

99 902 174 928 sunt
189 905 304 928 omnes
321 899 391 935 post
407 898 554 927 exortum
568 895 707 926 sehisma
719 896 868 930 coniecti,
886 900 916 926 et
934 895 965 926 in
991 896 1158 927 nonnullis
1181 897 1277 927 verba
1299 897 1438 936 dogmati
1456 903 1566 929 nostro
1587 899 1726 930 faventia

99 946 204 977 cultro
223 954 313 976 erasa
325 945 525 984 deprehensa
548 948 635 975 sunt.
654 944 754 980 Adde,
787 948 908 975 textum
929 943 1026 981 hunc,
1044 948 1137 984 prout
1156 953 1176 975 a
1196 944 1288 975 nobis
1302 945 1445 982 alfertur,
1463 946 1544 976 nihil
1560 948 1728 978 continere

100 996 187 1036 quod
209 1004 282 1027 cum
300 995 436 1034 reliquis
452 995 557 1034 Magni
576 995 686 1025 Basilii
704 995 799 1025 dictis
814 999 932 1034 pugnet
953 1003 960 1024 ε
981 998 1100 1034 pugnat
1121 998 1243 1031 autem,
1258 999 1323 1025 uta
1342 995 1507 1027 Photianis
1533 997 1664 1036 legitur.
1683 1000 1727 1030 Ita

100 1048 187 1078 enim
205 1047 318 1087 legunt
333 1046 394 1082 illi,
411 1050 445 1077 ut
465 1054 668 1085 consequens
691 1045 785 1081 foret,
813 1054 886 1077 eum
904 1046 1039 1077 dubium
1056 1046 1201 1081 haesisse,
1217 1055 1256 1077 an
1269 1047 1407 1085 Spiritus
1422 1052 1552 1078 sanctus
1570 1050 1728 1081 dicendus

100 1097 139 1127 sit
157 1097 327 1128 secundus
343 1096 499 1136 dignitate
515 1104 532 1127 a
555 1097 638 1127 Filio
655 1101 686 1127 et
701 1105 717 1126 a
735 1097 823 1126 Patre
839 1096 954 1126 tertius
969 1107 976 1126 :
990 1105 1064 1127 cum
1084 1100 1189 1127 tamen
1208 1096 1410 1135 exploratum
1426 1097 1479 1135 sit,
1497 1098 1602 1137 ipsum
1611 1098 1671 1130 hac
1687 1101 1728 1130 de

99 1157 133 1178 re
149 1146 318 1177 dubitasse
335 1155 501 1187 nunquam
513 1157 520 1183 ;
534 1146 798 1186 quandoquidem
814 1154 887 1177 cum
898 1146 974 1177 aliis
992 1146 1024 1176 in
1041 1146 1134 1183 locis,
1150 1150 1216 1177 tum
1241 1147 1420 1185 praasertim
1438 1147 1469 1177 in
1488 1148 1550 1178 ﬁne
1580 1149 1728 1188 epistola;

101 1197 349 1233 trecentesimae,
363 1197 404 1228 ad
412 1199 589 1234 canonicos,
600 1198 644 1228 ait
654 1197 742 1228 nefas
754 1206 838 1234 esse,
855 1197 1161 1236 Spiritumsanctum
1171 1200 1243 1227 ante
1253 1196 1372 1228 Filium
1385 1197 1553 1234 collocare,
1569 1202 1624 1229 aut
1633 1198 1729 1231 aliter

101 1257 197 1288 quam
220 1247 336 1279 ordine
356 1249 486 1280 tertium
502 1257 519 1280 a
534 1250 624 1279 Patre
643 1258 650 1278 :
666 1247 752 1287 quod
779 1250 810 1278 et
829 1247 885 1277 alii
907 1248 1014 1277 Patres
1033 1246 1225 1277 docuerunt.
1249 1246 1427 1277 lnsititium
1444 1247 1544 1286 igitur
1565 1253 1611 1279 est
1645 1249 1726 1280 illud

98 1303 178 1336 ιπως,
192 1299 340 1338 fortasse,
356 1302 441 1338 quod
459 1303 529 1339 post
544 1302 737 1339 παραδίδωσιν,
759 1297 844 1329 tradi

978 1301 1082 1336 agunt.
1098 1297 1158 1328 Sed
1168 1298 1195 1328 si
1209 1297 1270 1328 hoc
1282 1300 1383 1328 ratum
1398 1297 1606 1336 habeatur,ut
1619 1298 1727 1333 haberi

100 1351 216 1387 procul
235 1351 333 1381 dubio
351 1350 459 1387 debet,
474 1348 523 1380 vel
545 1357 581 1379 ex
593 1347 655 1379 hoc
666 1348 771 1379 solum
793 1348 1012 1379 verosiiuilius
1030 1347 1073 1382 ﬁt,
1090 1351 1295 1378 controversa
1312 1347 1406 1378 verba
1435 1355 1509 1378 eum
1540 1348 1729 1382 addidisse;

97 1407 174 1429 cum
195 1400 242 1430 vel
263 1409 305 1431 ex
329 1400 388 1430 hoc
418 1399 488 1430 solo
502 1399 619 1429 invicte
635 1399 873 1429 demonstretur
900 1397 970 1438 ejus
989 1398 1149 1428 sententia
1168 1397 1269 1428 fuisse
1285 1397 1441 1436 Spiritum
1454 1401 1600 1428 sanctum
1616 1398 1695 1428 item
1711 1405 1729 1428 a

102 1449 188 1480 Filio
211 1451 404 1489 procedere:
423 1457 486 1480 non
504 1449 590 1480 enim
609 1448 674 1478 ulla
687 1448 795 1479 divina
814 1456 951 1487 persona
972 1456 1044 1479 esse
1073 1451 1177 1487 potest
1203 1447 1346 1479 secunda
1379 1448 1427 1479 vel
1456 1449 1549 1480 tertia
1563 1454 1650 1487 τάξει,
1673 1458 1728 1480 or-

101 1499 244 1535 dine.vel
261 1501 409 1535 ἀξιώματι,
428 1499 593 1538 dignitate,
610 1499 648 1530 ab
665 1498 738 1535 alia,
756 1499 818 1529 nisi
835 1500 873 1530 ab
889 1499 957 1538 ipsa
973 1499 1124 1538 procedat
1143 1507 1149 1528 :
1168 1507 1245 1529 sane
1262 1506 1326 1530 non
1345 1498 1445 1530 alium
1460 1500 1607 1532 ordinem
1624 1501 1655 1531 in
1675 1501 1726 1532 di-

103 1550 191 1580 vinis
209 1555 387 1589 agnoscunt
405 1549 553 1581 catholici
569 1550 715 1580 doctores
727 1553 757 1580 et
770 1551 889 1580 Patres.

141 1602 175 1632 6.
195 1602 227 1632 S.
246 1601 439 1631 Athanasius
459 1601 492 1631 in
503 1599 585 1630 libro
610 1600 654 1630 De
665 1601 799 1630 humana
809 1603 925 1630 natura
939 1603 1083 1639 suscepta
1098 1599 1154 1636 ait,
1171 1599 1290 1631 Filium
1302 1609 1374 1632 esse
1391 1605 1482 1642 πηγὴν
1493 1605 1539 1633 τοῦ
1555 1606 1632 1641 ἀγῖου
1646 1607 1732 1633 Ilvati-

105 1665 204 1692 ματος,
218 1653 337 1691 fontem
359 1651 500 1690 Spiritus
528 1651 641 1681 sancti.
667 1650 716 1680 Sic
734 1654 765 1681 et
793 1650 847 1680 alii
877 1651 984 1680 Patres
1006 1649 1122 1680 ’ϐπ-ωοί.
1154 1649 1281 1681 Certum
1305 1655 1414 1682 autem
1437 1655 1486 1682 est
1516 1652 1601 1691 apud
1621 1652 1730 1683 Patres

103 1708 211 1742 πηγὴ-ι,
231 1703 360 1742 fontem,
380 1700 510 1738 perinde
525 1709 596 1731 esse
615 1708 650 1730 ac
666 1705 763 1735 αῐτιον,
785 1700 852 1738 prir

984 1723 990 1729 .
1008 1700 1116 1736 Quare
1132 1704 1162 1731 et
1179 1699 1373 1731 Athanasius
1385 1701 1455 1738 ipse
1470 1705 1550 1731 orat.
1570 1711 1606 1738 ιι,
1620 1706 1731 1733 contra

104 1755 246 1784 Arianae
276 1754 397 1782 Patrem
425 1754 514 1782 vocat
531 1749 633 1785 πηγὴν,
650 1750 767 1789 fontem
795 1748 892 1785 Filii;
909 1752 940 1779 et
957 1749 1097 1780 Basilius
1114 1750 1262 1780 eumdem
1280 1750 1402 1781 Patrem
1420 1760 1491 1782 esse
1501 1752 1578 1782 dicit
1592 1757 1673 1791 ῥίζαν
1685 1757 1733 1783 καὶ

106 1807 212 1841 πηγὴν,
233 1802 369 1833 radicem
388 1806 415 1832 et
428 1803 557 1841 fontem,
573 1801 711 1840 Spiritus
727 1800 840 1830 sancti.
857 1799 943 1829 Idem
960 1800 991 1830 S.
1004 1800 1095 1830 Pater
1123 1800 1157 1830 in
1174 1800 1268 1840 epist.
1285 1801 1327 1830 ad
1339 1801 1611 1841 Serapionem,ait
1627 1803 1729 1842 Spiri-

107 1859 177 1884 tum
195 1857 339 1884 sanctum
355 1852 420 1879 [6:6v
430 1849 500 1878 εἶναι
512 1852 572 1878 κατ’
589 1851 683 1878 οὐσίαν
693 1850 739 1878 τοῦ
749 1849 826 1882 Υἱοῦ,
840 1857 856 1888 ρ

983 1858 1008 1879 m
1022 1859 1086 1880 esse
1100 1848 1269 1881 secundum
1282 1850 1493 1882 substantiam
1507 1853 1603 1887 Filii.-
1617 1861 1656 1884 ex
1667 1863 1732 1894 quo

107 1905 204 1945 plane
221 1906 442 1944 consequitur,
463 1913 536 1935 eum
559 1907 667 1935 nostro
696 1902 838 1942 dogmati
856 1900 1042 1938 adhaasisse,
1062 1902 1226 1941 siquidem
1242 1902 1388 1933 oratione
1410 1911 1431 1932 u
1450 1902 1549 1942 (juxta
1561 1903 1690 1943 aliquos
1708 1908 1733 1945 ι)
1787 1899 1794 1907 ”

105 1960 223 1986 contra
237 1955 374 1985 Arianos
384 1954 442 1985 hac
459 1954 583 1985 ratione
600 1953 711 1993 probat
726 1952 846 1984 Filium
863 1959 934 1982 esse
952 1960 991 1982 ex
1005 1953 1073 1983 Deo
1090 1952 1216 1992 (Patre),
1234 1956 1265 1983 et
1282 1953 1312 1982 in
1334 1954 1413 1984 Deo.
1433 1954 1537 1985 Verba
1549 1955 1620 1994 ejus
1634 1960 1730 1986 sunt:

113 2010 228 2045 Ἐπειδὴ
251 2011 306 2044 γὰρ
319 2011 333 2037 ὸ
357 2010 441 2044 Λόγος
475 2011 549 2037 ἐστὶν
566 2009 632 2040 ἴδιος
654 2010 734 2044 φύσει
750 2009 800 2044 τῆς
821 2011 916 2043 οὐσίας
948 2009 992 2036 τοῦ
1006 2009 1085 2039 Θεοῦ,
1100 2009 1130 2040 ἐξ
1147 2008 1229 2035 αὐτοῦ
1240 2010 1269 2035 τέ
1282 2010 1352 2043 ἐστι,
1368 2010 1415 2037 καὶ
1427 2011 1458 2037 ὲν
1470 2011 1558 2047 αὐτῷ.
1578 2007 1733 2045 Quoniam

106 2057 213 2096 igitur
228 2055 357 2085 Verbum
370 2056 538 2094 proprium
555 2060 598 2086 est
613 2060 730 2086 natura
743 2055 925 2086 substantiis
938 2055 1007 2091 Dei,
1029 2059 1056 2085 et
1073 2063 1112 2084 ex
1126 2055 1194 2094 ipso
1212 2059 1268 2092 est,
1285 2060 1314 2085 et
1323 2057 1356 2086 in
1374 2056 1454 2094 ipso.
1475 2057 1535 2087 Sed
1567 2057 1731 2088 Athanasii

107 2115 204 2137 mens
217 2106 321 2136 adhuc
336 2105 454 2136 clarius
475 2105 667 2144 perspicitur
681 2115 718 2136 ex
733 2113 772 2136 eo
788 2106 872 2145 quod
891 2105 1024 2136 homilia
1040 2105 1058 2134 ἂ
1074 2105 1174 2144 (juxta
1186 2105 1310 2136 Graecos
1328 2105 1358 2145 3)
1375 2111 1487 2136 contra
1514 2107 1650 2138 Arianos
1661 2109 1705 2139 ait
1724 2119 1731 2139 :

107 2159 196 2190 Αὐτὸς
216 2157 301 2192 (Υἱὸς)
326 2157 390 2192 γὰρ,
411 2157 504 2192 ὥσπερ
519 2157 638 2192 εἴρηται,
649 2156 679 2182 τὸ
697 2157 808 2191 Πνεῦμα
830 2156 920 2182 δίδωσι
936 2163 943 2171 ⁸
963 2155 1010 2182 καὶ
1029 2155 1080 2182 ὅσα
1111 2155 1168 2190 ἔχει
1182 2155 1212 2182 τὺ
1235 2156 1357 2191 Πνεῦμα,
1379 2156 1466 2183 ταῦτα.
1494 2158 1571 2192 παρὰ
1580 2158 1626 2186 τοῦ
1639 2158 1729 2192 Λόγου

107 2206 178 2241 ἔχει,
198 2204 265 2243 ipse
281 2204 358 2234 enim
373 2203 513 2242 (Filius),
528 2208 562 2233 ut
578 2202 695 2233 dictum
717 2207 773 2239 est,
793 2202 847 2232 dat
862 2203 1018 2242 Spiritum
1042 2206 1201 2236 sanctum;
1232 2207 1259 2233 et
1279 2211 1465 2243 quacunque
1480 2204 1571 2236 habet
1591 2206 1733 2246 Spiritus

108 2259 254 2290 sanctus,
282 2263 317 2283 ea
340 2263 358 2282 a
388 2253 484 2283 Verbo
519 2252 649 2291 accipit.
666 2253 744 2283 Cum
772 2260 847 2283 vero
866 2252 1004 2290 Spiritus
1032 2255 1161 2284 sanctus
1191 2252 1225 2283 in
1259 2253 1371 2292 primis
1399 2253 1512 2285 habeat
1541 2259 1685 2288 naturam
1701 2264 1733 2289 et

105 2304 299 2340 essentiam,
334 2304 407 2343 quis
435 2303 581 2334 dubitare
617 2307 720 2342 potest
744 2303 823 2343 quin
854 2303 1049 2334 Athanasius
1082 2303 1233 2341 senserit,
1268 2302 1350 2335 hanc
1377 2312 1451 2335 eum
1482 2314 1500 2336 a
1529 2307 1615 2338 Filio
1642 2318 1733 2340 rece-

107 2355 219 2395 fusse?

148 2407 181 2437 7.
203 2407 234 2437 S.
255 2407 395 2436 Joannes
411 2405 672 2444 Chrysostomus,
685 2413 741 2435 seu
758 2405 842 2436 alius
854 2409 1001 2436 vetustus
1017 2408 1128 2436 auctOr
1144 2405 1287 2436 homiliae
1301 2406 1344 2435 De
1361 2407 1578 2438 incarnatione
1593 2409 1732 2448 Domini,

108 2466 206 2497 quam
236 2457 463 2495 Chrysostomo
490 2457 602 2487 tribuit
629 2457 761 2488 Photius
789 2457 857 2487 cod.

983 2464 1012 2490 Ὀ
1029 2463 1158 2497 Χριστὸς,
1174 2458 1300 2497 inquit,
1334 2462 1435 2489 ἔδωκεν
1462 2464 1527 2498 ἡμῖν
1543 2465 1573 2490 τὸ
1604 2465 1633 2498 ἐξ
1649 2467 1731 2493 αὑτοῦ

109 2509 234 2544 Πνεῦμα,
253 2509 396 2539 Christus
410 2507 495 2537 dedit
511 2508 599 2538 nobis
614 2507 771 2546 Spiritum
785 2513 938 2544 sanctum,
954 2510 1008 2548 qui
1024 2518 1063 2539 ex
1080 2509 1148 2548 ipso
1165 2513 1222 2538 est.
1252 2509 1441 2540 Anastasius
1467 2510 1600 2548 Sinaita,
1616 2513 1733 2543 Antio-

106 2561 235 2592 chenus
253 2559 436 2598 episcopus,
449 2557 482 2587 in
497 2557 600 2596 primo
617 2558 659 2587 De
673 2558 768 2588 rectis
782 2557 855 2596 dogz

997 2570 1006 2589 :
1022 2564 1077 2590 Καὶ
1094 2563 1147 2598 μὴν
1159 2565 1173 2589 ό
1188 2563 1292 2597 Κύριος
1307 2563 1414 2595 δεικνὺς
1427 2564 1492 2590 αὐτὸ
1503 2565 1531 2598 ἐξ
1546 2565 1629 2592 αὐτοῦ
1645 2566 1732 2602 ὑπάρ-

110 2627 180 2653 χειν,
194 2615 325 2652 ἐμφυσῶν
338 2615 393 2645 τοῖς
409 2614 544 2649 μαθηταῖς
570 2613 657 2646 ἔλεγε,
672 2613 781 2640 Λάϐετε
798 2616 856 2641 ﬂre

979 2623 1025 2641 ον.
1047 2611 1085 2639 At
1105 2618 1176 2639 vero
1205 2609 1357 2640 Dominus
1382 2611 1547 2641 ostendens
1564 2622 1602 2643 ex
1620 2619 1728 2644 semet-

111 2667 180 2704 ipso
201 2663 359 2702 Spiritum
374 2660 535 2694 exsistere,
550 2659 716 2699 insui/litus
732 2659 897 2699 discipulis
909 2659 993 2690 dixit
1009 2671 1018 2690 :
1035 2672 1047 2687 «
1064 2659 1205 2698 Accipite
1223 2659 1379 2699 Spiritum
1397 2665 1550 2691 sanctum.
1569 2673 1582 2689 η
1597 2663 1732 2694 Demum

110 2717 142 2747 S.
161 2716 301 2754 Symeon
315 2711 543 2750 Metaphrastcs
559 2709 590 2739 in
613 2710 765 2748 Martyrio
777 2710 808 2740 S.
827 2711 859 2740 Di

990 2721 997 2740 :
1014 2714 1051 2740 Τὸ
1068 2714 1286 2749 ἐκπορευόμενον
1303 2715 1386 2741 αὑτοῦ
1403 2715 1515 2750 Πνεῦμα
1544 2717 1590 2743 ἐπὶ
1619 2719 1651 2753 τῇ
1678 2718 1731 2745 τῶν

111 2769 237 2797 ἀπίστων
251 2765 334 2792 ἐθνῶν
347 2763 523 2798 καταπέμπει
556 2764 612 2794 τοῖς
630 2761 762 2798 μαθηταῖς
777 2763 860 2798 ὀδηγί.

983 2763 1044 2789 tius
1058 2759 1274 2798 procedentem
1291 2769 1309 2789 a
1322 2770 1353 2790 se
1368 2761 1524 2800 Spiritum
1537 2763 1578 2793 ad
1596 2763 1732 2795 inﬁdeles

111 2812 307 2846 deducendas
325 2814 442 2849 gentes,
459 2809 491 2838 in
507 2807 680 2847 discipulos
702 2809 853 2839 immittit.

290 2865 425 2894 PnuoL.
447 2863 505 2891 Cu.
529 2861 656 2891 CXXV.
1511 2863 1546 2893 ιδ
