1897 3052
172 120 227 153 459
692 123 882 153 BONIFACII
900 122 1052 152 FINETTI
1075 121 1270 151 PREFATIO
1749 118 1803 150 ἄδι)

216 170 364 209 XXXIII.
379 179 449 210 Alia
468 180 558 219 plura
569 180 750 210 Grmcorum
769 182 894 211 Patrum
911 179 1094 210 testimonia
1116 179 1168 209 hic
1187 187 1262 209 sane
1289 185 1463 217 congerere
1482 185 1622 215 possem,
1638 184 1706 216 quo
1719 185 1800 207 con-

175 233 261 259 stans
279 229 464 260 eorumdem
490 230 615 259 Patrum
647 229 687 259 de
703 229 825 267 Spiritu
850 233 959 259 sancto
985 237 1002 258 a
1022 228 1104 258 Filio
1123 228 1314 266 procedente
1332 227 1494 258 sententia
1514 226 1614 266 magis
1631 226 1800 265 magisque

175 279 384 310 elucescaret.
396 278 458 308 Sed
475 286 513 308 ex
529 277 678 316 superius
694 277 799 308 allatis
821 278 898 308 satis
915 286 1080 316 superque
1096 280 1294 316 compertum
1314 284 1385 306 esse
1397 275 1549 313 arbitror,
1566 284 1662 316 quam
1679 280 1801 307 temere

180 330 464 369 imprudenterque
482 329 652 369 protulerit
666 329 924 368 Tlieophylactus
941 337 977 359 ea
991 329 1084 359 verba
1104 341 1110 359 :
1128 328 1260 360 Ostende
1288 328 1378 359 nobis
1393 328 1532 363 Patrem,
1546 331 1606 358 etc.
1620 328 1683 357 Nos
1701 326 1803 356 multo

179 379 294 420 potiori
309 380 379 418 jure
397 382 426 409 et
441 379 549 418 ipsum
566 379 841 418 ’I‘lieOpliylactum
854 383 883 410 et
899 382 1015 409 nostra;
1035 378 1136 409 aetatis
1157 378 1328 409 Photianos
1349 385 1520 416 provocare
1538 385 1727 416 possumus,
1750 382 1800 405 at-

177 440 240 470 que
259 432 373 461 iterum
388 430 568 470 iterumque
585 435 747 469 repetere:
765 430 925 460 Ostendite
940 431 1030 461 nobis
1048 430 1273 467 Patros,etiam
1289 438 1328 460 ex
1344 430 1476 465 Graecis,
1490 430 1544 468 qui
1562 433 1634 459 ante
1647 428 1802 458 Pbotiana

178 486 320 519 tempora
334 480 455 510 diserte
472 481 659 520 negaverint
687 481 841 520 Spiritum
867 484 1013 512 sanctum
1029 489 1045 512 a
1064 481 1149 511 Filio
1168 480 1353 520 procedere.
1371 481 1490 511 Verum
1509 479 1634 510 etiamsi
1653 478 1708 509 diu
1725 478 1805 507 mul-

178 535 301 569 tumque
311 531 496 569 fatigentur,
515 538 576 560 non
589 530 668 560 alios
682 529 833 568 profecto,
848 530 956 570 specie
973 531 1093 570 aliqua,
1112 531 1287 569 producere
1300 533 1435 569 queunt,
1449 538 1545 569 quam
1560 529 1803 559 Theodoretnm

178 586 208 612 et
222 583 452 613 Damascenum
470 590 626 621 :quorum
645 582 724 612 alter
740 583 795 613 liac
809 583 921 613 saltem
937 583 967 613 in
985 592 1017 614 re
1033 582 1188 622 probatus
1206 581 1314 620 procul
1334 582 1434 613 dubio
1451 590 1514 612 non
1531 585 1597 617 est;
1617 589 1688 612 cum
1709 579 1804 611 verba

179 630 273 661 nobis
289 630 409 670 objecta
423 631 454 661 in
471 637 509 659 eo
525 633 651 661 exstent
670 631 780 661 libello
793 639 890 670 quem
910 639 965 669 pro
980 631 1128 661 Nestorio
1143 631 1244 661 edidit
1270 634 1380 661 contra
1398 630 1568 670 Cyrillum,
1585 630 1709 668 quique
1727 637 1806 668 pm-

180 685 288 719 pterea
302 685 451 720 tanquam
469 681 637 712 haereticus
659 681 699 710 ab
713 681 854 711 Ecclesia
878 681 1077 719 proscriptus
1094 680 1124 711 in
1145 681 1256 720 quinta
1270 682 1395 721 synodo
1413 684 1459 711 est
1477 681 1702 721 (prmterquam
1716 680 1806 719 quod

180 740 245 763 non
262 731 367 762 solum
387 741 425 762 ea:
443 733 540 768 Filio,
559 733 615 762 sed
632 732 727 762 etiam
757 739 815 770 per
831 731 949 761 Filium
964 739 1047 766 esse,
1075 730 1249 769 inﬁciatur)
1267 741 1274 760 :
1291 731 1371 762 alter
1389 740 1474 767 vero,
1493 731 1619 762 tametsi
1641 732 1758 762 doclus
1776 738 1808 761 et

182 783 265 820 pius,
283 791 354 812 cum
371 782 515 813 ﬂoruerit
531 783 648 813 saeculo
664 782 817 812 duntaxat
832 786 954 818 octavo,
972 780 1157 812 nullatenus
1185 785 1232 811 est
1253 791 1323 812 cum
1351 782 1547 818 Athanasiis,
1568 782 1708 818 Basiliis,
1731 783 1808 819 Epi-

183 833 321 872 phaniis,
339 835 469 872 Cyrillis
484 834 624 874 aliisque
641 834 802 869 Patribus,
819 833 874 872 qui
890 833 1030 872 dogmati
1045 837 1152 863 nostro
1180 837 1288 871 aperte
1303 833 1421 869 favent,
1449 834 1638 863 auctoritate
1671 841 1807 871 compa-

183 885 312 915 randus.
331 885 416 922 Quid
436 893 524 920 vero,
543 885 569 915 si
590 894 629 915 ne
646 885 700 915 ille
716 885 847 924 quidem
867 884 958 915 nobis
978 884 1083 923 reipsa
1099 884 1309 915 adversetur?
1328 885 1485 923 Equidem
1509 884 1565 914 lib.
1583 893 1604 918 i,
1619 885 1659 913 De
1675 883 1734 922 ﬁde
1750 891 1806 912 cr-

180 936 334 972 lltodoxa,
351 945 420 975 cap.
437 937 485 972 11,
504 938 569 967 haec
580 937 674 968 habet
696 946 702 966 2
719 942 771 968 Τὸν
791 941 820 967 δὲ
838 941 902 968 Υἰὺν
916 950 929 967 α

1059 941 1183 976 λέγομεν,
1197 936 1314 967 Filium
1327 945 1397 966 vero
1416 945 1480 966 non
1499 935 1632 966 dicimus
1644 939 1808 964 auctorem

180 997 242 1019 seu
258 989 466 1027 principium.
487 990 520 1019 Et
533 988 628 1027 paulo
644 993 734 1028 post:
756 993 802 1020 Ἐκ
817 993 864 1020 τοῦ
881 994 928 1020 Υἰο

1062 993 1119 1027 ὖμα.
1134 994 1164 1019 οὐ
1181 994 1308 1029 λέγομεν,
1322 994 1436 1029 Πνεῦμα
1450 994 1477 1020 δὲ
1491 994 1556 1024 Υἱοῦ
1572 994 1756 1030 ὀνομάζομεν,
1768 997 1810 1019 cz

181 1038 267 1068 Filio
283 1043 384 1068 autem
399 1039 555 1077 Spiritum
571 1048 635 1068 non
664 1039 797 1070 dicimus
810 1040 864 1080 (α),
881 1039 933 1069 sed
948 1049 1014 1070 eum
1034 1039 1111 1070 Filii
1126 1040 1285 1079 Spiritum
1302 1041 1515 1072 nominamus.
1532 1044 1570 1072 Et
1589 1051 1658 1080 cap.
1677 1042 1735 1071 13:
1753 1045 1810 1072 Καὶ

185 1085 249 1113 Ποῦ
263 1086 291 1113 δὲ
301 1087 331 1112 τὸ
345 1087 456 1122 Πκεῦμα
472 1087 520 1122 οὐχ
538 1088 577 1119 ὡς
587 1089 616 1121 ἐξ
628 1089 721 1122 αὑτοῦ,
733 1089 792 1116 ἀλλ’
810 1089 846 1121 ὼς
860 1089 894 1116 δι’
910 1089 992 1116 αὐτοῦ
1016 1089 1049 1115 ἐκ
1074 1088 1122 1116 τοῦ
1139 1089 1246 1125 Harpe;
1269 1091 1487 1125 ἐκπορευόμενον
1501 1099 1508 1106 ο
1528 1092 1608 1126 μόνος
1621 1093 1676 1126 γὰρ
1693 1091 1782 1122 uitio;
1795 1091 1810 1116 ὁ

182 1137 290 1171 Πατήρ.
305 1133 366 1163 Sed
381 1138 410 1163 et
424 1134 504 1165 Filii
517 1134 659 1173 Spiritus
671 1139 731 1173 est;
744 1145 808 1166 non
819 1141 965 1176 tanquam
981 1145 1021 1167 ea:
1032 1136 1113 1175 ipso,
1135 1135 1188 1166 sed
1202 1136 1285 1176 quod
1295 1146 1352 1176 per
1363 1137 1464 1176 ipsum
1476 1147 1514 1168 ex
1523 1138 1617 1168 Patre
1631 1138 1787 1176 procedat
1797 1149 1808 1167 :

181 1181 268 1212 solus
286 1184 367 1214 enim
382 1183 479 1214 Pater
493 1188 606 1215 auctor
619 1194 674 1216 seu
685 1186 884 1225 principium
901 1191 958 1216 est.

224 1247 372 1277 XXXIV.
390 1248 458 1278 Non
476 1249 673 1287 negaverim,
695 1249 788 1279 verba
806 1249 874 1280 haec
891 1250 983 1282 nobis
1004 1251 1036 1281 iu
1054 1251 1195 1290 speciem
1217 1259 1287 1281 esse
1306 1253 1461 1283 contraria
1486 1263 1493 1282 :
1515 1260 1570 1291 pro
1586 1256 1672 1283 certo
1687 1255 1796 1282 tamen

185 1296 353 1333 habemus,
370 1298 557 1329 Damasceni
586 1302 725 1329 mentem
742 1307 759 1329 a
776 1299 922 1339 dogmate
947 1301 1034 1340 quod
1059 1306 1188 1332 tuemur
1204 1300 1336 1332 minime
1350 1310 1421 1333 esse
1440 1302 1589 1333 alienam.
1612 1302 1690 1333 Nam
1711 1301 1806 1341 juxta

184 1350 344 1380 diversam
365 1349 527 1380 notionem
544 1354 574 1380 et
587 1349 702 1386 ideam,
716 1359 786 1389 quae
802 1351 972 1389 subjicitur
987 1351 1152 1390 particulaa
1165 1356 1204 1388 ἐξ,
1222 1360 1271 1383 ex.
1288 1355 1320 1382 et
1344 1351 1469 1382 nomini
1484 1357 1580 1388 αἴτιος,
1594 1352 1807 1391 principium,

184 1399 234 1430 vel
252 1398 400 1430 aiIirmari
424 1404 538 1439 potest,
557 1399 607 1430 vel
624 1400 719 1431 etiam
751 1401 871 1440 negari,
888 1410 960 1432 cum
976 1401 1129 1440 Spiritum
1162 1405 1306 1432 sanctum
1337 1410 1409 1433 esse
1427 1412 1465 1433 ex
1491 1403 1588 1440 Filio,
1604 1408 1670 1432 tum
1690 1402 1807 1432 Filium

187 1455 286 1488 αἴτιον,
297 1450 497 1489 principium
513 1458 583 1481 esse
599 1451 738 1490 Spiritus
753 1451 866 1481 sancti.
884 1453 961 1482 Nam
977 1452 1004 1482 si
1019 1452 1081 1482 vim
1097 1451 1230 1482 istiusce
1249 1452 1335 1482 vocis
1350 1451 1513 1491 inspicias,
1524 1453 1587 1483 duo
1603 1451 1809 1490 1183(εείεηίίὶ-

185 1505 244 1537 «ξω,
262 1500 384 1531 scilicet
402 1508 472 1531 esse
492 1501 640 1539 primum,
661 1503 691 1531 et
704 1509 775 1531 esse
791 1509 917 1532 causam
934 1501 1078 1537 alterius,
1094 1502 1316 1540 cujuscunque
1328 1501 1369 1532 sit
1384 1502 1510 1541 generis
1529 1511 1635 1533 causa.
1652 1503 1711 1533 Sed
1732 1508 1763 1534 et
1779 1506 1810 1533 τὸ

183 1552 320 1590 primum
332 1552 467 1590 spectari
486 1551 659 1589 dupliciter
676 1555 800 1590 potest;
815 1551 863 1581 vel
881 1551 1034 1588 absolute,
1052 1560 1125 1582 cum
1142 1552 1222 1582 nihil
1240 1552 1273 1582 in
1287 1560 1325 1583 eo
1346 1561 1464 1591 genere
1486 1553 1576 1592 prius
1594 1561 1666 1583 esse
1684 1553 1809 1584 intelli-

185 1601 287 1640 gitur;
304 1601 352 1632 vel
365 1602 508 1638 relative,
525 1601 676 1631 nimirum
693 1601 725 1631 in
742 1601 856 1632 ordine
883 1602 921 1632 ad
938 1601 1037 1636 aliud,
1060 1601 1145 1640 quod
1164 1610 1203 1632 ex
1219 1601 1277 1632 illo
1304 1607 1477 1640 promanat.
1498 1603 1623 1641 Duplex
1639 1604 1735 1633 etiam
1757 1608 1808 1634 est

184 1655 271 1687 αιτιοι,
291 1659 386 1681 causa
401 1661 411 1680 :
427 1649 523 1680 altera
538 1649 769 1688 primordialis,
784 1659 843 1681 seu
858 1650 1059 1689 primigenia,
1075 1659 1147 1689 quae
1164 1652 1361 1690 producendi
1381 1653 1441 1683 vim
1460 1653 1500 1684 ab
1514 1654 1577 1684 alia
1594 1662 1657 1685 non
1678 1655 1810 1693 recipit,

186 1701 241 1732 sed
267 1701 360 1731 habet
385 1709 403 1730 a
431 1708 482 1736 se;
501 1708 635 1738 eamque
660 1700 761 1731 Grieci
789 1701 935 1740 appellite

1065 1707 1254 1741 αταρκτικήνς
1274 1702 1336 1733 alia
1353 1712 1427 1734 vero
1446 1705 1593 1741 secunda,
1611 1713 1683 1744 quae
1704 1714 1812 1737 causae

188 1752 323 1791 principi
342 1751 485 1790 subjecta
499 1755 556 1787 est,
573 1754 680 1788 utpote
699 1760 738 1782 ex
755 1759 816 1791 qua
828 1751 943 1791 agendi
965 1752 1028 1782 vim
1054 1752 1188 1789 obtinet,
1212 1757 1241 1783 et
1258 1762 1395 1793 quacum
1415 1759 1566 1792 operatur
1581 1758 1612 1786 et
1627 1756 1691 1794 agit
1711 1757 1811 1795 quid-

186 1803 262 1842 quid
278 1802 355 1841 agit.
375 1802 412 1832 Ut
429 1803 566 1841 priorem
585 1802 671 1832 illam
686 1801 867 1841 exprimant
883 1802 998 1840 Graeci,
1011 1803 1214 1842 frequentius
1229 1807 1364 1835 utuntur
1378 1804 1533 1842 particula
1547 1809 1589 1841 ὲξ,
1603 1813 1661 1839 ex;
1681 1809 1715 1835 ut
1729 1814 1810 1836 vero

185 1852 330 1883 indicent
348 1851 571 1890 posteriorem,
591 1851 781 1891 plerumque
795 1851 947 1882 adhibent
959 1851 1144 1890 particulam
1159 1851 1214 1888 διά,
1225 1861 1294 1891 per.
1312 1853 1350 1883 Et
1367 1852 1416 1882 lia}
1428 1852 1559 1892 quidem
1577 1853 1741 1891 particula)
1751 1862 1790 1884 ac

186 1901 452 1934 commodatiores
478 1901 532 1932 tali
547 1901 659 1932 sensui
681 1901 845 1932 fundendo
857 1905 932 1931 sunt
950 1913 956 1932 :
974 1909 1045 1931 nam
1078 1901 1230 1940 particula
1245 1902 1286 1938 ἐξ,
1313 1911 1364 1938 ex,
1381 1901 1462 1932 nihil
1492 1911 1547 1940 per
1561 1911 1595 1932 se
1611 1902 1730 1934 indicat
1753 1906 1812 1933 aut

186 1955 341 1994 supponit
359 1954 502 1985 anterius
522 1962 529 1984 :
549 1962 659 1985 verum
676 1954 831 1992 particula
849 1957 905 1990 διὰ,
923 1961 990 1991 per,
1006 1953 1046 1984 ita
1062 1962 1165 1985 causa;
1184 1963 1242 1985 seu
1259 1953 1409 1992 principii
1427 1952 1579 1984 rationem
1596 1954 1756 1992 exprimit,
1777 1958 1811 1983 ut

186 2008 324 2047 priorem
341 2006 436 2037 aliam
453 2011 483 2037 et
499 2005 628 2045 quidem
643 2005 820 2045 principem
845 2014 973 2036 causam
992 2006 1090 2036 menti
1118 2005 1277 2036 exhibeat.
1304 2006 1531 2035 Verumtamen
1563 2004 1696 2035 istarum
1712 2013 1810 2035 usum

187 2057 416 2095 particularum
431 2065 493 2087 non
511 2057 551 2086 ita
567 2056 667 2087 Graeci
696 2059 866 2093 coarctant,
882 2056 959 2094 quin
977 2059 1008 2086 et
1025 2056 1177 2095 particula
1192 2055 1232 2088 ἐξ.
1248 2065 1299 2091 ex,
1316 2064 1420 2086 causm
1435 2055 1588 2091 secundae,
1605 2059 1635 2085 et
1653 2055 1810 2093 particula

186 2108 242 2145 διὰ,
256 2117 324 2148 per,
344 2107 578 2146 primordialis,
595 2115 654 2147 seu
668 2107 910 2140 προκαταρκτικῆς
925 2115 935 2136 ε

1059 2108 1142 2138 indie
1156 2107 1256 2147 gratia
1276 2107 1439 2137 interdum
1456 2109 1603 2140 utantur;
1616 2105 1741 2144 quoties
1758 2105 1808 2134 iii-

188 2160 304 2190 mirum
328 2159 360 2188 in
386 2158 450 2188 illis
475 2158 580 2188 solum
609 2157 788 2196 inspiciunt
805 2157 1071 2196 signiﬁcationem
1089 2159 1189 2194 illam,
1207 2158 1240 2188 in
1253 2166 1314 2196 qua
1340 2158 1440 2188 amba)
1463 2156 1672 2191 conveniunt,
1690 2163 1808 2193 nempe

184 2217 291 2239 causa:
316 2207 552 2247 qualiscunque
570 2207 745 2242 rationem;
762 2206 907 2246 adeoque
923 2207 961 2238 ad
977 2216 1143 2238 causarum
1170 2207 1354 2242 discrimen,
1384 2206 1436 2238 cui
1455 2205 1663 2245 signiﬁcando
1692 2205 1741 2234 vel
1759 2204 1810 2234 in-

187 2258 319 2290 nuendo
335 2257 434 2296 magis
446 2257 592 2287 videntur
611 2257 746 2292 idoneaa,
764 2256 895 2287 minime
911 2258 1090 2288 attendunt.
1109 2257 1195 2288 Hine
1216 2265 1292 2288 vero
1310 2256 1519 2296 perspicuum
1539 2255 1808 2294 exploratumque

187 2311 233 2348 fit,
246 2309 338 2349 juxta
352 2309 510 2340 diversam
527 2307 638 2338 harum
658 2307 884 2346 particularum
901 2307 1064 2338 notionem
1075 2306 1220 2338 alIirmari
1236 2315 1342 2346 posse,
1358 2306 1509 2344 Spiritum
1526 2309 1667 2335 sanctum
1688 2314 1752 2334 esse
1768 2313 1809 2334 ex

187 2361 285 2398 Filio,
298 2364 328 2392 et
341 2369 405 2390 non
416 2369 480 2390 esse
496 2369 535 2389 ea:
549 2359 647 2395 Filio,
665 2367 729 2388 esse
749 2367 788 2388 ex
810 2358 904 2388 Patre
918 2367 976 2397 per
990 2358 1120 2394 Filium,
1138 2362 1168 2389 et
1185 2367 1248 2388 esse
1268 2366 1326 2397 per
1354 2356 1478 2386 Patrem
1493 2360 1521 2386 et
1548 2355 1672 2385 Filium.
1691 2354 1809 2392 Reipsa

187 2411 386 2450 multiplices
400 2411 456 2441 has
473 2409 628 2449 loquendi
647 2409 784 2440 rationes
798 2409 831 2440 in
851 2409 968 2439 Graecis
981 2409 1124 2440 Patribus
1141 2409 1286 2448 reperiri,
1310 2417 1348 2439 ex
1365 2415 1475 2439 eorum
1493 2405 1645 2441 textibus,
1662 2413 1744 2442 quos
1759 2409 1809 2434 at-

187 2463 321 2494 tulimus
336 2470 444 2500 supra,
460 2461 659 2500 exploratum
675 2465 734 2491 est.
753 2459 802 2491 Sic
819 2460 927 2499 itaque
954 2462 984 2490 et
1006 2460 1195 2490 Damasceni
1212 2458 1306 2490 verba
1328 2458 1421 2489 nobis
1438 2457 1561 2496 objecta
1575 2455 1736 2494 explicare
1755 2462 1810 2492 par

185 2515 246 2550 est,
262 2512 349 2551 quod
368 2519 484 2549 nempe
515 2510 689 2546 inﬁcietur,
706 2509 858 2548 Spiritum
891 2508 934 2539 dit

1062 2517 1126 2538 esse
1155 2517 1194 2538 ex
1218 2507 1315 2543 Filio,
1333 2511 1484 2546 tanquam
1499 2505 1528 2537 ἐξ
1544 2504 1633 2535 αἰτίας
1647 2510 1809 2538 προκαταρ-

185 2561 293 2595 anxiis,
309 2570 325 2592 a
348 2569 441 2591 causa
458 2559 645 2599 primigenia
658 2567 693 2589 ac.
707 2557 909 2598 primordiali
924 2558 1097 2597 principio,
1111 2558 1196 2597 quod
1219 2565 1281 2587 non
1298 2557 1337 2587 ab
1360 2556 1422 2586 alio
1440 2554 1635 2594 producendi
1657 2554 1809 2584 virtutem

184 2612 363 2652 acceperit;
379 2615 474 2651 atque
495 2612 552 2641 hac
569 2611 689 2640 ratione
704 2609 809 2640 solum
831 2611 951 2640 Patrem
966 2617 1036 2639 esse
1062 2609 1159 2642 αἴτιον,
1178 2613 1336 2640 auctorem
1352 2607 1421 2638 sive
1443 2607 1640 2646 principium
1665 2605 1762 2644 (quod
1779 2608 1809 2635 et

187 2672 245 2696 nos
262 2663 488 2695 lubentissime
504 2662 683 2693 asserimus
700 2669 736 2692 ac
752 2661 938 2700 probamus)
957 2673 964 2691 :
981 2668 1044 2691 non
1071 2665 1178 2691 autem
1206 2663 1312 2699 neget,
1327 2659 1482 2699 Spiritum
1498 2667 1571 2689 esse
1587 2666 1626 2689 ex
1639 2657 1722 2688 Filio
1738 2661 1807 2687 tan-

221 2766 467 2829 (;)lMii-um,rliuod
481 2765 601 2800 proferre
616 2765 668 2793 hoc
683 2764 802 2799 potuerit
818 2764 1012 2795 Damascenus,
1031 2769 1092 2789 cum
1112 2765 1166 2788 tam
1186 2762 1261 2790 inulti
1273 2761 1368 2789 Patres
1395 2764 1458 2789 ante
1487 2768 1550 2789 eum
1583 2759 1714 2792 dixerint,
1749 2765 1809 2786 esse

254 2803 310 2829 iio.
323 2806 353 2829 ut
363 2803 398 2829 vii
411 2802 491 2829 inuis.

186 2811 218 2831 ex
229 2802 310 2835 Filio,
323 2806 353 2829 ut
363 2802 491 2829 vidimus.
