1897 3052
78 131 134 162 481
511 129 551 159 IN
573 105 788 164 SEQUEN'PIA
804 127 1095 160 TllEOPHYLACTl
1123 131 1292 162 SCIllPTA.
1653 131 1704 162 4Βέ

81 194 181 225 quam
209 194 247 216 ex
279 193 385 221 causa,
414 192 473 214 seu
497 183 657 222 principio
677 182 876 220 secundario,
900 185 986 223 quod
1023 185 1119 215 simul
1148 194 1219 216 cum
1253 187 1342 216 Patre
1374 186 1548 223 operetur,
1576 190 1607 217 et
1632 182 1705 226 qui-

82 238 158 266 dem
174 236 286 267 eadem
304 235 403 266 Patris
421 235 538 266 virtute
554 233 616 264 sibi
638 234 883 270 communicata,
901 239 929 265 et
947 235 978 264 in
999 244 1046 272 se,
1065 239 1222 274 quatenus
1241 240 1288 267 est
1316 244 1410 265 unum
1432 246 1500 267 cum
1526 238 1630 275 Patre,
1653 247 1703 269 re-

81 291 188 325 cepta.
211 286 376 325 producat.
1495 298 1498 315 τ

124 336 260 366 XXXV.
279 335 327 365 Ab
345 335 404 365 hoc
419 333 589 364 inficiendo
607 334 733 365 alienus
751 335 832 365 adeo
851 335 1033 366 censendus
1056 339 1104 365 est
1129 337 1354 374 Damascenus,
1377 341 1410 367 ut
1429 339 1536 376 potius
1566 340 1598 371 id
1619 349 1706 372 asse-

81 395 155 417 rere
173 385 406 424 intelligendus
421 383 463 414 sit
479 392 518 414 eo
533 384 602 422 ipso
617 383 703 423 quod
721 383 846 419 subdat,
863 384 1019 422 Spiritum
1045 388 1188 416 sanctum
1210 394 1274 416 esse
1292 395 1350 425 per
1366 387 1492 418 Filium.
1511 389 1595 425 Quid
1618 390 1705 421 enim

80 437 298 471 Damasceno,
316 435 394 474 quid
414 433 537 464 casteris
558 432 702 464 Patribus
717 433 773 472 qui
790 433 846 464 hac
863 434 1016 473 loquendi
1031 433 1164 466 founula
1182 435 1231 466 usi
1249 435 1350 472 fuere,
1365 435 1520 475 signiﬁcet
1535 436 1636 474 aliud,
1651 443 1707 469 aut

79 486 268 525 signiﬁcare
285 487 380 525 queat
393 489 424 515 τὸ
436 492 494 523 per
521 481 652 519 Filium,
671 491 776 522 neque
800 491 872 521 ego,
889 492 995 523 neque
1023 483 1107 514 alius
1136 484 1296 524 quispiam
1329 485 1497 524 intelliget.
1515 487 1590 517 Cum
1617 487 1705 518 enim

81 536 243 576 particula
259 539 314 572 διὰ,
329 543 400 575 per,
415 534 474 565 tria
486 534 587 564 valeat
603 534 757 570 indicare,
774 543 888 573 nempe
905 544 1029 565 causam
1044 535 1237 574 efficientem,
1256 536 1432 574 prmsertim
1448 545 1521 576 qum
1546 542 1615 576 agat
1638 538 1704 568 vir-

79 591 150 618 tute
183 586 222 617 ab
241 586 307 617 alio
330 589 472 625 recepta;
492 584 626 624 insuper
641 583 747 614 solum
769 584 1010 614 instrumentum
1032 585 1185 619 inanime;
1202 593 1237 616 ac
1263 585 1394 616 demum
1428 587 1603 617 vehiculum
1620 588 1705 618 iners

79 637 175 668 nulla
193 635 363 675 praeditum
379 635 526 674 energia;
546 633 683 671 primum
697 634 901 664 solummodo
920 638 1022 673 potest
1043 635 1081 665 ah
1110 634 1199 666 omni
1213 634 1457 674 imperfectione
1468 636 1608 676 sejungi,
1627 638 1703 668 reli—

77 695 146 727 qua
162 687 232 716 duo
250 684 450 716 manifestam
467 683 742 723 imperfectionem
765 683 944 714 involvunt.
962 685 1007 714 Ex
1024 692 1088 723 quo
1108 692 1312 724 consequens
1333 689 1391 721 est,
1410 686 1597 724 particulam
1619 686 1705 717 illam

79 737 218 768 nonnisi
243 737 275 766 in
299 744 399 766 sensu
419 735 524 774 priore
549 742 642 772 posse
659 734 693 764 in
714 733 834 764 divinis
854 735 893 764 de
927 735 1013 765 Filio
1045 735 1219 766 enuntiari.
1237 736 1282 765 Ita
1302 735 1401 775 igitur
1423 737 1638 766 Damascenns
1655 737 1704 767 iu-

81 787 250 818 tellexcrit
268 789 406 825 oportet,
425 785 581 824 Spiritum
597 787 742 815 sanctum
763 784 948 822 procedere,
964 793 1023 815 seu
1047 793 1118 815 esse
1133 793 1190 824 per
1218 784 1344 821 Filium,
1359 785 1439 816 sicut
1457 794 1569 816 omnes
1588 785 1704 817 Catho-

79 841 133 872 lici
152 839 391 877 intelliguntea
406 836 576 874 Scripturaa
595 835 700 871 verba,
719 835 831 866 Omnia
856 844 914 875 per
931 836 1031 874 ipsum
1046 837 1131 874 facta
1159 840 1232 866 sunt
1247 847 1257 865 ι
1277 841 1308 867 et
1324 845 1386 876 qua
1404 837 1526 867 ratione
1550 838 1594 868 ait
1610 839 1704 868 etiam

79 890 240 929 Cyrillus,
258 896 331 918 eum
349 886 522 926 procedere
536 894 595 926 per
606 886 743 923 Patrem,
762 889 795 916 ut
809 894 922 924 nempe
939 885 1042 916 Filius
1060 886 1246 917 nullatenus
1261 887 1447 918 excludatur
1463 897 1478 917 a
1493 888 1705 926 productione

79 940 226 978 Spiritus
247 938 361 974 sancti,
386 937 532 975 adeoque
556 937 602 968 sic
630 937 796 968 statuenda
814 945 864 968 res
879 940 927 967 est
943 945 951 967 :
973 937 1062 967 Pater
1075 937 1178 976 primo
1192 942 1219 967 et
1234 938 1468 977 principaliter,
1485 947 1542 969 seu
1560 940 1702 978 primor-

78 989 226 1027 dialiter,
246 991 495 1027 προκαταρκτικῶς
515 986 665 1025 producit
696 986 849 1026 Spiritum
866 990 1011 1016 sanctum
1035 990 1195 1025 quatenus
1219 991 1333 1026 suapte
1355 988 1471 1018 virtute
1491 997 1507 1019 a
1522 989 1612 1020 nullo
1640 989 1704 1021 alio

80 1046 212 1080 recepta
231 1040 393 1080 producit;
407 1039 553 1076 adeoque
567 1038 706 1076 primum
726 1037 859 1067 omnino
876 1039 933 1072 est,
951 1036 1144 1076 nullumque
1164 1038 1383 1077 prtBSllpponit
1398 1040 1554 1077 anterius,
1570 1049 1605 1071 δυ
1634 1051 1708 1072 γε)Γο

79 1095 315 1131 προκαταρκτικὴ
329 1095 403 1122 αἰτία
422 1089 561 1129 Spiritus
584 1089 696 1119 sancti.
713 1089 828 1119 Produi

958 1096 973 1118 n
995 1096 1052 1126 per
1071 1089 1201 1126 Filium,
1217 1093 1376 1128 quatenus
1394 1091 1495 1122 virtus
1515 1092 1569 1123 illa
1589 1093 1707 1131 pretiu-

80 1144 162 1173 ctrix
186 1151 251 1173 una
268 1142 445 1180 eademque
473 1145 521 1172 est
537 1149 610 1171 cum
627 1140 737 1170 divina
764 1143 875 1170 natura
893 1139 977 1169 Filio
1004 1139 1238 1170 communicata
1256 1143 1286 1171 et
1312 1140 1344 1171 in
1362 1141 1433 1180 ipso
1446 1148 1584 1182 recepta.
1599 1143 1706 1180 Quare

83 1193 238 1231 producit
260 1193 357 1223 etiam
377 1192 482 1222 Filius
498 1191 528 1223 vi
546 1195 576 1222 et
591 1191 715 1222 actione
730 1199 746 1221 a
769 1192 858 1221 Patre
878 1194 1025 1229 recepta;
1044 1198 1107 1221 non
1126 1190 1274 1229 producit
1300 1199 1375 1222 vero
1391 1192 1509 1223 virtute
1527 1194 1655 1232 propria
1677 1199 1708 1226 et

79 1243 285 1282 primigenia,
303 1251 362 1273 seu
387 1251 484 1282 quam
497 1249 561 1273 non
587 1241 746 1279 receperit
768 1240 807 1270 ab
830 1240 968 1279 ipsomet
984 1242 1085 1276 Patre,
1104 1249 1210 1280 neque
1225 1241 1350 1272 actione
1365 1242 1491 1273 diversa
1509 1246 1540 1274 et
1555 1243 1707 1274 distincta

81 1296 120 1326 ab
132 1297 266 1326 actione
279 1295 389 1326 Patris.
407 1295 490 1325 Hinc
505 1294 533 1325 si
551 1294 651 1325 virtus
666 1297 697 1324 et
713 1292 795 1324 actio
807 1292 875 1329 illa,
893 1301 957 1331 qua
973 1292 1161 1332 producitur
1177 1293 1317 1332 Spiritus
1334 1301 1476 1330 sanctus,
1495 1297 1656 1334 spectetur
1674 1301 1708 1327 ut

81 1355 99 1377 a
112 1347 208 1377 Patre
227 1348 366 1384 recepta,
384 1343 610 1383 propriissime
626 1342 744 1374 dicitur
766 1341 906 1380 Spiritus
924 1343 1099 1380 procedere
1113 1351 1133 1372 α
1149 1341 1247 1373 Patre
1260 1351 1320 1382 per
1334 1343 1471 1378 Filium;
1490 1348 1520 1375 at
1547 1345 1573 1375 si
1595 1346 1707 1378 eadem

82 1397 187 1427 virtus
205 1399 237 1426 et
252 1395 335 1426 actio
357 1394 579 1425 consideretur
602 1396 636 1424 ut
651 1392 731 1423 facta
754 1391 819 1431 jam
847 1391 974 1431 propria
993 1391 1083 1429 Filii,
1099 1392 1246 1431 adeoque
1260 1392 1379 1423 Filium
1396 1392 1550 1431 alliciens,
1566 1403 1708 1436 eumque

81 1446 289 1477 constituens
305 1449 456 1480 actorem,
474 1444 521 1475 sic
535 1443 599 1474 dici
614 1444 686 1482 jure
703 1443 825 1482 optimo
837 1445 952 1481 potest,
968 1441 1122 1481 Spiritum
1138 1443 1232 1474 etiam
1250 1443 1423 1482 procedere
1439 1453 1489 1478 τω,
1505 1444 1583 1474 vela
1597 1445 1682 1476 Filio
1698 1456 1708 1476 :

82 1499 126 1529 ita
154 1502 266 1528 tamen
285 1501 319 1528 ut
334 1496 363 1528 si
380 1496 545 1536 particulae
561 1505 599 1526 ex
616 1495 763 1534 illigetur
777 1494 969 1534 signiﬁcatio
982 1494 1177 1533 primigenii,
1197 1502 1255 1525 seu
1278 1495 1376 1534 primi
1395 1495 1526 1526 omnino
1540 1496 1707 1536 principii,

82 1553 335 1591 πρσχιταρκτικῆς
349 1552 450 1584 αἰτίας,
473 1554 566 1586 tequo
581 1546 654 1585 jure
671 1545 780 1585 negari
799 1553 831 1584 pc

960 1545 1081 1575 iiritum
1112 1545 1287 1584 procedere
1302 1554 1342 1576 ex
1358 1545 1452 1576 Filio.
1476 1546 1514 1577 Ut
1534 1546 1633 1586 igitur
1649 1556 1707 1586 pax

85 1605 115 1630 et
131 1599 310 1631 consensio
327 1606 383 1628 n0s
400 1597 484 1628 inter
497 1601 527 1628 et
543 1598 681 1634 GNBCOS,
693 1596 797 1635 quoad
813 1604 950 1634 prresens
965 1601 1059 1635 caput
1075 1597 1199 1632 attinet,
1219 1596 1467 1635 redintegretur,
1485 1605 1548 1628 non
1566 1599 1656 1630 aliud
1668 1602 1709 1630 ab

83 1653 132 1684 eis
151 1650 356 1691 postulamus
371 1658 466 1690 quam
497 1654 532 1680 ut
550 1649 746 1688 aequissimas
771 1648 846 1678 huic
875 1648 1053 1678 conditioni
1077 1649 1293 1688 acquiescant.
1322 1649 1384 1679 Nos
1411 1657 1483 1679 cum
1513 1650 1710 1684 Damasceno

83 1704 114 1730 οὐ
129 1703 259 1738 λέξομεν,
271 1701 396 1731 minimc
411 1701 558 1737 dicemus,
575 1700 641 1730 imo
663 1699 771 1735 etiam,
788 1699 813 1729 si
830 1698 952 1735 malint,
966 1699 1157 1738 negabamus,
1171 1699 1326 1738 Spiritum
1342 1702 1485 1730 sanctum
1500 1707 1570 1731 csso
1585 1709 1601 1731 a
1613 1701 1709 1736 Filio.

84 1755 240 1789 tanquam
252 1751 374 1782 scilicet
388 1759 427 1781 ex
436 1749 641 1791 primordiali
654 1748 829 1789 principio,

959 1752 1132 1787 ιιταρκτικῆς
1149 1753 1250 1785 αἰτίας,
1267 1749 1418 1788 quodque
1429 1754 1581 1788 operetur
1595 1751 1708 1781 virtute

84 1804 115 1830 et
131 1800 263 1831 actione
280 1801 407 1831 diversa
422 1809 438 1831 a
455 1800 574 1830 virtute
593 1802 623 1830 et
649 1798 776 1829 actione
792 1797 905 1834 Patris,
928 1802 960 1829 et
988 1807 1050 1829 non
1067 1797 1106 1829 ab
1127 1800 1241 1830 eodem
1268 1800 1358 1829 Patre
1382 1803 1520 1838 recepta.
1538 1801 1586 1831 Illi
1602 1806 1710 1833 contra

82 1840 260 1887 fateantur,
274 1850 429 1890 Spiritum
456 1858 474 1881 a
504 1850 590 1881 Filio
608 1857 691 1884 esse,
710 1853 860 1887 tanquam
876 1857 892 1879 a
908 1849 1096 1879 secundaria
1123 1857 1231 1886 causa,
1250 1850 1319 1880 sive
1345 1850 1502 1889 principio
1518 1852 1600 1882 Patri
1630 1853 1708 1884 sub-

80 1897 180 1937 jecto,
195 1901 378 1940 virtuteque
399 1900 438 1931 ab
452 1899 590 1939 ipsomet
611 1899 702 1929 Patre
720 1901 843 1937 recepta
857 1902 1019 1937 operante,
1036 1898 1100 1929 imo
1118 1905 1148 1929 et
1164 1899 1274 1929 eadem
1291 1900 1390 1929 Patris
1407 1900 1532 1932 actione
1551 1901 1613 1931 sibi
1625 1910 1711 1932 com-

84 1950 248 1980 municata
265 1958 327 1981 una
344 1957 416 1981 eum
435 1953 546 1979 natura
561 1947 683 1978 divina.

126 2001 278 2033 XXXVI.
300 2001 349 2032 Nil
367 2008 464 2040 porro
481 1999 716 2038 impedimento
728 2005 799 2028 esse
815 1997 930 2028 merito
947 2001 1060 2036 potest,
1077 1998 1253 2037 quominus
1268 1998 1328 2034 sic,
1340 2003 1443 2029 amota
1459 1999 1586 2030 dissidii
1602 2009 1709 2032 causa.

86 2052 218 2092 {andem
235 2050 408 2090 aliquando
426 2050 565 2081 invicem
592 2049 762 2079 redeamus
777 2048 809 2078 in
827 2047 971 2086 gratiam.
992 2048 1075 2084 Quid
1102 2048 1200 2083 enim,
1217 2052 1271 2078 aut
1296 2056 1390 2087 quam
1407 2048 1449 2080 ob
1471 2058 1536 2080 rem
1562 2051 1708 2083 Photiani

87 2107 235 2143 pugnant
251 2106 360 2133 contra
373 2100 527 2132 Latinos?
546 2108 602 2139 pro
622 2098 804 2138 simplicine
820 2105 897 2127 voce
917 2099 958 2133 ἐξ,
977 2107 1028 2134 ex,
1052 2106 1091 2129 an
1109 2107 1166 2137 pro
1185 2108 1218 2130 re
1246 2099 1424 2138 significata
1455 2108 1511 2138 per
1526 2109 1634 2132 vocem
1647 2103 1662 2132 7
1677 2104 1708 2133 Si

88 2153 245 2193 primum,
263 2151 342 2182 nihil
360 2151 539 2190 indignius,
553 2150 706 2190 quodque
726 2151 824 2189 magis
839 2151 994 2182 dedeceat
1012 2149 1165 2186 inclytam
1188 2149 1352 2180 nationem
1369 2149 1570 2188 Graecorum;
1585 2151 1611 2181 si
1627 2151 1708 2183 alte-

89 2210 172 2238 rum,
191 2207 302 2239 quaeso
322 2199 420 2239 igitur
449 2198 623 2238 explicent,
639 2206 701 2237 qua
720 2198 843 2230 ratione
871 2200 960 2229 Pater
977 2206 1034 2237 per
1049 2197 1168 2228 Filium
1198 2197 1350 2236 producat
1370 2199 1523 2237 Spiritum
1551 2204 1708 2238 sanctum,

87 2250 213 2288 absque
226 2256 265 2279 eo
282 2248 368 2287 quod
393 2252 545 2286 operetur
560 2251 591 2278 et
606 2247 710 2277 Filius
726 2247 763 2278 ad
781 2248 1027 2287 productionem
1047 2246 1186 2286 Spiritus
1202 2247 1316 2284 sancti,
1333 2248 1481 2289 adeoque
1506 2250 1608 2290 reipsa
1632 2260 1709 2291 pro-

88 2299 182 2329 ducat
201 2309 208 2330 :
224 2298 256 2328 id
269 2297 352 2328 enim
371 2297 460 2327 nullo
475 2296 589 2327 mentis
606 2300 721 2327 conatu
742 2295 880 2336 intelligi
899 2299 1016 2335 potest.
1030 2297 1184 2327 Prwterea
1197 2296 1225 2326 si
1242 2297 1343 2328 Filius
1361 2299 1592 2338 productricem
1608 2301 1710 2333 Patris

89 2349 249 2380 actionem
266 2340 318 2377 vel
334 2346 439 2377 solum
457 2345 582 2377 deferat
598 2348 747 2385 tanquam
760 2346 948 2382 vehiculum,
972 2346 1019 2377 vel
1038 2346 1069 2376 in
1086 2355 1120 2377 se
1137 2349 1287 2386 tanquam
1308 2348 1552 2380 instrumentum
1569 2351 1710 2390 recipiat.

91 2398 253 2436 explicent
276 2396 368 2426 nobis
381 2396 544 2435 quomodo
570 2403 632 2425 non
653 2403 809 2426 summam
838 2396 870 2427 id
887 2396 997 2427 atl‘erat
1022 2395 1297 2435 imperfectionem
1310 2398 1405 2430 Filio.
1421 2399 1592 2436 Quomodo
1613 2402 1710 2433 etiam

91 2448 182 2478 Pater
199 2446 361 2486 propriam
377 2445 460 2475 Filio
484 2449 640 2481 naturam,
656 2454 715 2476 seu
728 2446 901 2477 essentiam
929 2445 1068 2477 indivise
1091 2446 1344 2485 communicans,
1360 2457 1424 2480 non
1442 2449 1546 2481 eidem
1563 2459 1712 2483 commu-

92 2497 173 2528 nicet
187 2495 414 2536 fecunditatem
432 2500 461 2525 et
478 2495 636 2526 actionem
652 2495 808 2534 spirandi,
827 2504 899 2536 qua:
918 2495 1050 2527 minime
1066 2499 1187 2534 pugnat
1205 2504 1278 2526 cum
1301 2497 1420 2528 ratione
1441 2498 1638 2538 hypostatica
1654 2501 1710 2532 Fi-

93 2547 136 2577 lii.
155 2546 337 2586 Explicent,
354 2546 518 2584 quomodo
535 2545 672 2584 Spiritus
683 2550 810 2576 sanctus
828 2546 869 2576 sit
887 2554 1021 2585 persom
1052 2554 1069 2576 a
1097 2545 1180 2575 Filio
1204 2546 1368 2584 distincta,
1385 2549 1426 2585 si,
1445 2550 1591 2589 Nysseno
1608 2550 1711 2590 (cujus

94 2597 186 2628 verba
199 2605 295 2636 supra
309 2594 493 2634 retulimus)
509 2599 599 2632 teste,
623 2595 786 2626 subtracta
800 2597 923 2627 ratione
937 2597 1106 2636 principii,
1121 2596 1208 2627 nulla
1232 2600 1281 2627 est
1308 2598 1340 2628 in
1367 2599 1520 2631 Trinitate
1533 2601 1711 2633 distinctio.

97 2647 261 2687 Explicent
278 2646 442 2686 quomodo
456 2646 556 2676 Filius
567 2646 670 2676 mittat
683 2646 832 2685 Spiritum
845 2648 1090 2688 sanctum,quin
1105 2648 1234 2679 mittens
1246 2649 1286 2680 sit
1304 2649 1401 2680 misso
1415 2652 1576 2690 superior,
1590 2657 1619 2684 et
1636 2653 1712 2684 mis-

94 2706 147 2728 sus
164 2697 299 2728 mittenti
317 2696 534 2727 ministerium
550 2696 710 2733 exhibeat,
736 2698 763 2728 si
781 2698 892 2729 missio
905 2703 1054 2730 aeternam
1071 2699 1317 2738 productionem
1341 2709 1404 2732 non
1419 2703 1574 2740 exprimat
1589 2709 1643 2735 aut
1658 2705 1711 2736 in-

94 2748 198 2778 cludat
212 2758 220 2784 ;
234 2747 506 2787 quemadmodum
523 2748 613 2778 Pater
624 2748 682 2779 hac
701 2749 768 2788 ipsa
788 2750 911 2780 ratione
928 2750 1056 2781 misisse
1076 2750 1192 2782 dicitur
1215 2751 1333 2782 Filium
1349 2752 1382 2782 in
1407 2755 1578 2786 mundum.
1595 2756 1710 2796 Expli-

94 2802 164 2829 cent
177 2797 342 2838 quomodo
359 2797 500 2836 Spiritus
517 2796 567 2828 vel
580 2797 689 2829 audiat
707 2807 724 2830 a
739 2799 834 2836 Filio,
849 2800 896 2831 vel
911 2801 950 2831 de
969 2807 1029 2831 suo
1045 2801 1195 2840 accipiat,
1210 2811 1324 2841 nempe
1341 2803 1425 2843 quod
1443 2809 1490 2836 est
1507 2805 1610 2845 ipsius
1623 2809 1711 2840 Filii.

97 2848 173 2886 quin
195 2845 243 2878 vel
258 2845 410 2885 discipuli
424 2845 580 2878 rationem
597 2848 721 2887 subeat,
739 2849 787 2880 vel
816 2849 997 2888 indigentis,
1024 2850 1050 2880 si
1067 2850 1098 2880 id
1124 2859 1186 2882 non
1218 2851 1387 2892 signiﬁcet,
1405 2854 1522 2888 habere
1538 2859 1711 2890 essentiam
