1897 3052
205 85 258 118 451
736 82 954 113 BONIFAClll

1123 81 1289 112 [ἾὶίΕΙτΛΤΙ
1294 82 1317 111 0
1813 80 1827 109 4
1835 78 1872 110 .32

205 141 379 181 iniquitate
395 148 499 171 causa:
513 148 581 170 sum
601 146 739 178 princeps
758 141 807 168 est
823 137 937 178 actus),
955 146 990 168 ac
1009 137 1133 175 puerile
1156 139 1383 176 argumentum
1411 141 1626 177 usurpantes:
1652 139 1686 169 Si
1706 137 1874 178 Spiritus

202 197 331 223 sanctus
347 192 440 222 etiam
456 201 494 221 ea:
505 189 588 220 Filio
607 189 750 229 procedit
768 189 822 229 (a),
841 189 917 229 quid
929 189 1094 228 prohibuit
1113 198 1151 218 ne
1169 190 1214 219 ita
1233 189 1380 220 Christus
1398 189 1596 228 loqueretur:
1614 191 1677 228 Qui
1700 200 1746 221 ea:
1757 190 1874 221 Patre

204 249 231 274 et
249 253 344 274 exine
359 241 527 282 procedit?
541 240 601 272 Sed
626 240 705 271 mihi
723 239 864 271 subdere
880 238 991 270 liceat:
1011 239 1046 270 Si
1063 247 1083 268 α
1097 238 1163 269 solo
1187 239 1281 270 I’atrc
1305 240 1461 278 procedit,
1485 239 1565 279 quid
1599 241 1788 279 prohibuit,
1827 247 1874 270 ne

203 294 236 325 id
255 292 399 324 Christus
425 291 637 330 exprimeret;
664 290 840 329 praesertim
857 298 929 321 cum
953 289 1023 329 ipse
1049 290 1116 329 jam
1143 289 1353 327 pratnovisset
1382 293 1460 329 quot
1487 294 1517 320 ct
1537 295 1654 330 quanta
1686 299 1727 321 ex
1761 290 1873 321 illius

205 347 324 377 vocqu
341 344 560 383 praeteritione
576 343 699 375 oritura
714 343 890 382 aliquando
906 342 1186 374 essentdissidia?
1206 342 1288 378 Quid
1306 343 1344 372 ad
1363 341 1428 372 haec
1446 342 1593 372 Pliotiani
1617 342 1870 382 respondeam,

205 388 284 428 nihil
301 395 434 431 habent;
450 399 480 425 at
501 395 646 426 nobisin
675 398 824 434 promptu
849 398 909 430 est,
935 393 1014 433 quid
1036 397 1146 425 contra
1173 402 1229 424 cos
1259 401 1444 433 regeramus
1463 404 1470 422 :
1491 393 1656 430 videlicet,
1683 394 1869 425 Christum

204 449 254 480 sin
273 456 322 483 eo,
339 447 451 478 saltem
469 447 541 479 aliis
563 447 596 478 in
613 447 719 485 locis;
736 448 788 478 sin
813 447 989 486 expressis,
1017 446 1129 478 saltem
1158 446 1430 486 asquivalentihus
1460 446 1580 482 verbis,
1605 446 1761 478 docuisse
1786 447 1871 485 Spi-

205 502 302 531 ritum
319 501 414 531 etiam
430 508 447 531 a
462 499 571 538 seipso
587 499 776 538 procedere:
795 499 881 539 quod
898 497 1032 538 quidem
1048 499 1147 528 nostri
1166 498 1315 529 homines
1331 498 1449 528 millies
1461 497 1739 534 demonstrarunt,
1757 502 1793 528 et
1823 506 1868 527 ex

206 561 245 584 eo
264 553 351 592 quod
368 552 514 582 Christus
531 552 687 582 Dominus
703 551 746 581 ait
765 552 856 581 Joan.
874 559 906 586 x,
941 550 990 582 30.
1015 549 1084 588 Ego
1105 554 1133 580 et
1158 549 1253 580 l’atcr
1277 558 1376 580 unum
1402 559 1528 584 smnus;
1548 558 1588 581 ex
1612 557 1678 589 quo
1705 549 1867 581 inferant

205 614 303 634 unum
320 604 415 634 etiam
430 611 501 633 esse
526 601 644 634 Filium
661 610 734 632 cum
757 602 848 632 Patre
870 600 977 640 quoad
1005 600 1160 631 rationem
1185 599 1334 639 principii
1361 600 1501 638 Spiritus
1524 599 1639 631 sancti.
1668 601 1704 630 Et
1730 609 1775 630 ex
1818 607 1864 629 eo

209 655 315 695 (Joan.
340 664 407 690 xvt,
428 654 488 691 15),
510 653 621 684 Omnia
643 661 830 692 qua-cunque
845 651 936 682 habet
948 651 1056 686 Pater,
1072 661 1139 681 mea
1157 656 1256 682 sunt:
1272 650 1526 690 ergo,inquiunt
1549 655 1580 681 et
1603 651 1704 681 virtus
1727 651 1871 690 produ-

208 705 301 736 cendi
323 704 477 742 Spiritum
503 707 650 734 sanctum
678 708 722 733 cst
740 702 828 738 Filii,
858 711 916 733 seu
946 702 1099 733 convenit
1130 702 1226 733 Filio.
1262 703 1300 733 Et
1327 710 1365 732 ex
1397 701 1454 731 illo
1484 701 1611 742 (ibidem
1629 701 1780 740 1h):llle
1815 711 1868 731 me

208 756 407 796 clariﬁcabit,
423 756 497 796 quia
509 755 545 785 de
561 765 625 785 meo
638 755 784 794 accipiet.
801 755 885 790 Quid
898 755 999 790 enim,
1014 754 1116 790 aiunt,
1137 755 1278 793 Spiritus
1290 759 1421 786 sanctus
1441 755 1586 794 aettipere
1602 763 1619 785 a
1632 755 1718 786 Filio
1734 758 1867 794 potest,

209 807 272 837 nisi
298 807 402 845 ipsum
420 806 515 836 esse?
529 805 565 836 Et
583 814 622 835 ex
639 814 677 835 eo
694 805 823 835 domum
840 805 928 844 quod
944 805 1037 836 Joan.
1052 814 1106 840 xv,
1123 805 1173 842 26,
1197 805 1240 836 ait
1260 814 1295 836 se
1307 806 1480 836 missurum
1494 805 1650 844 Spiritum
1674 810 1836 836 sanctum
1859 817 1866 835 :

209 866 282 888 cum
314 857 422 887 missio
441 856 473 887 in
497 855 621 887 divinis
643 855 688 886 nil
718 854 808 887 aliud
838 863 911 886 esse
932 859 986 886 aut
1012 855 1151 895 intelligi
1177 856 1290 894 possit,
1319 865 1416 896 quam
1443 857 1609 895 processio
1633 860 1754 887 aeterna
1781 865 1866 887 cum

209 907 324 938 ordine
342 907 379 936 ad
397 905 562 945 quidpiam
578 905 781 936 extrinsecus
796 905 1057 945 producandum.
1069 907 1150 942 Quid
1167 906 1255 946 quod
1273 910 1304 937 et
1322 906 1403 945 ipsis
1415 906 1665 946 verbis,quibus
1683 912 1866 946 tantopere

209 958 310 990 ﬁdunt
325 958 512 994 adversarii,
531 957 696 994 videlicet,
722 958 778 997 qui
794 967 812 988 ει
830 958 927 990 Patre
937 958 1094 998 procedit,
1112 958 1383 998 docetimplicite,
1397 959 1492 990 etiam
1508 967 1524 989 a
1540 959 1649 999 seipse
1663 960 1864 998 procedere.

211 1009 287 1039 Nam
304 1008 463 1048 quidquid
481 1009 516 1039 in
532 1009 712 1048 Scripturis
733 1008 770 1040 de
797 1018 863 1040 una
884 1018 1022 1049 persona
1043 1010 1177 1047 dicitur,
1201 1010 1295 1040 etiam
1320 1010 1358 1040 de
1379 1010 1444 1041 alia
1468 1015 1592 1050 oportet
1609 1010 1759 1051 intelligi,
1792 1011 1865 1041 nisi

209 1064 364 1100 repugnet
374 1060 752 1099 proprietatipersonali
772 1061 886 1100 ipsius,
903 1065 939 1092 ut
956 1061 1163 1093 verissimum
1183 1061 1275 1092 cﬂ‘ert
1292 1061 1517 1102 theologorum
1536 1070 1610 1092 cum
1635 1062 1666 1093 S.
1684 1061 1808 1092 Thom.
1831 1071 1861 1090 IV

209 1120 277 1150 cap.
299 1113 394 1148 Gen.,
411 1119 480 1150 cap.
496 1112 547 1149 25,
568 1111 709 1148 axioma,
726 1120 762 1142 ea
779 1111 904 1142 ratione
925 1112 1047 1148 nixum,
1066 1113 1153 1151 quod
1168 1116 1232 1142 tres
1248 1112 1368 1143 divinae
1397 1121 1545 1152 personas
1564 1120 1665 1143 unum
1694 1111 1865 1150 idemque

210 1166 286 1192 sunt
306 1171 432 1199 omnes,
451 1162 492 1192 iis
511 1166 634 1193 tantum
658 1162 802 1201 exceptis
820 1172 892 1202 qua:
911 1163 949 1194 ad
975 1163 1177 1203 personalem
1204 1163 1367 1202 pertinent
1390 1164 1631 1202 proprietatem.
1654 1163 1748 1200 Quod
1768 1163 1862 1193 adeo

210 1217 332 1243 certum
350 1217 397 1243 est
414 1216 458 1248 ut,
475 1213 601 1244 etiamsi
620 1213 767 1245 Christus
783 1221 822 1244 eo
840 1213 901 1245 loci
922 1213 1075 1251 dixisset,
1092 1214 1156 1251 Qui
1174 1224 1192 1245 α
1207 1214 1302 1246 Patre
1312 1214 1379 1245 solo
1392 1215 1550 1254 procedit,
1569 1222 1633 1246 non
1651 1214 1726 1245 inde
1744 1217 1861 1245 tamen

209 1263 386 1295 abdicanda
406 1262 437 1294 ei
455 1268 540 1294 esset
557 1263 699 1303 Spiritus
716 1264 819 1295 sancti
843 1265 1026 1304 productio.
1041 1266 1178 1296 Fortene
1204 1265 1361 1297 mirantur
1383 1266 1432 1297 vel
1458 1265 1517 1297 hoc
1540 1269 1657 1305 negant
1686 1264 1858 1300 Photiani_

210 1316 294 1353 ΕΓέο
314 1315 432 1353 pariter
445 1318 563 1353 negent
581 1314 705 1344 Patrem
730 1322 747 1344 a
767 1313 888 1352 Spiritu
906 1319 1015 1345 sancto
1033 1315 1190 1353 cognosci,
1216 1315 1264 1346 vel
1281 1315 1376 1346 etiam
1393 1324 1482 1345 nosse
1501 1314 1658 1354 seipsum,
1680 1319 1859 1354 propterea

211 1367 298 1406 quod
329 1367 447 1397 dixerit
475 1366 625 1397 Christus
648 1366 760 1397 Matth.
786 1376 832 1404 XI,
857 1367 910 1404 22,
927 1367 1021 1397 Nemo
1045 1368 1134 1398 novit
1159 1368 1296 1404 Patrem,
1327 1369 1391 1399 nisi
1415 1368 1537 1402 Filius;
1563 1368 1612 1399 vel
1640 1372 1760 1407 negent
1780 1377 1859 1398 cum

212 1416 409 1452 Sociniauis,
426 1415 544 1446 Filium
563 1416 670 1455 ipsum
688 1424 759 1447 esse
775 1425 884 1446 verum
900 1417 1101 1457 Deum,quia
1119 1417 1321 1457 ipseoPalrem
1336 1417 1506 1458 alloquens
1521 1419 1564 1450 ait
1591 1417 1700 1456 (Joan.
1716 1428 1801 1457 xvu,
1814 1419 1860 1458 3),

213 1469 250 1499 Ut
273 1473 464 1509 cognoscant
481 1474 509 1498 te
525 1467 626 1498 solum
640 1477 747 1499 verum
765 1469 875 1500 Deum.

253 1521 358 1551 XXX.
384 1522 430 1551 En
452 1528 518 1559 quo
540 1520 668 1550 tandem
694 1519 760 1550 abit
794 1525 1022 1559 argumentum
1045 1528 1062 1551 a
1083 1519 1249 1552 Photianis
1273 1520 1354 1552 adeo
1377 1514 1579 1552 decantatum
1603 1529 1611 1549 ε
1635 1528 1653 1551 a
1673 1519 1857 1553 Photianis.

214 1573 359 1612 inquam,
383 1574 439 1613 qui
461 1578 492 1605 et
520 1573 630 1604 tritum
645 1573 726 1604 illud
747 1577 778 1604 et
805 1582 860 1612 per
877 1582 948 1605 sese
975 1573 1437 1613 luculentissimumignorare
1461 1573 1612 1605 videntur
1637 1584 1644 1604 :
1666 1573 1729 1611 Qui
1755 1582 1859 1603 unum

212 1625 339 1660 asserit,
355 1623 444 1654 aliud
466 1632 530 1652 non
554 1627 659 1662 negat,
686 1623 749 1653 nisi
784 1623 812 1653 ei
837 1622 920 1662 quod
943 1623 1058 1653 asserit
1083 1628 1249 1663 repugnet.
1273 1625 1351 1654 Nam
1377 1623 1596 1662 probarunlne
1617 1631 1775 1664 unquam,
1805 1627 1858 1654 aut

213 1675 391 1714 aliquando
410 1673 575 1713 probaturi
594 1677 681 1710 sunt,
700 1673 798 1704 ullam
816 1673 849 1704 in
870 1681 909 1704 eo
923 1681 994 1704 esse
1011 1674 1272 1712 repugnantiam,
1290 1674 1377 1713 quod
1402 1673 1507 1705 Filius
1529 1683 1592 1706 una
1611 1683 1683 1705 cum
1698 1675 1792 1706 Patre
1816 1673 1858 1704 sit

215 1726 412 1766 lrincipium
435 1726 575 1765 Spiritus
596 1725 718 1756 sancti?
748 1725 833 1762 Quid
860 1723 968 1756 enim?
984 1725 1076 1756 Anne
1096 1724 1221 1764 aliquid
1259 1725 1397 1762 virtutis,
1413 1735 1486 1766 quas
1508 1726 1586 1757 insit
1612 1726 1709 1764 Patri,
1737 1728 1856 1758 deesse

214 1778 301 1809 Filio
320 1777 498 1816 putandum
516 1776 599 1807 erit?
617 1776 671 1806 Vel
692 1776 808 1806 rationi
828 1775 901 1806 Filii
923 1780 1080 1815 repugnat
1098 1777 1276 1815 producere
1308 1775 1403 1807 aliam
1420 1785 1436 1807 a
1454 1777 1562 1816 seipso
1586 1780 1781 1816 personant?
1798 1779 1855 1810 Vel

215 1832 345 1862 demum
361 1830 449 1870 quod
472 1829 566 1861 habet
585 1828 795 1868 principium,
813 1828 929 1867 nequit
949 1836 1022 1858 esse
1047 1828 1244 1867 principium
1267 1827 1421 1859 alterius?
1443 1828 1528 1859 Nihil
1555 1828 1670 1860 horum
1696 1829 1855 1868 profecto.

215 1882 279 1912 Cur
295 1881 395 1919 igitur
410 1885 541 1911 ovantes
557 1879 639 1910 adeo
664 1882 890 1918 argumentum
907 1878 995 1909 istud
1011 1879 1190 1909 obtrudunt
1209 1889 1216 1909 :
1237 1879 1444 1918 Evangelium
1460 1879 1580 1910 Christi
1598 1889 1652 1910 ore
1662 1879 1747 1910 clare
1763 1880 1855 1910 docet

213 1931 331 1971 fideles,
347 1931 505 1970 Spiritum
524 1935 667 1960 sanctum
683 1939 703 1958 α
719 1929 812 1959 Patre
826 1928 1014 1968 procedere;
1029 1934 1061 1959 at
1085 1929 1149 1968 ipsi
1166 1929 1271 1969 angeli
1304 1929 1505 1960 tenebrarum
1523 1930 1853 1970 (Latini)prwdicant,

215 1981 308 2011 etiam
322 1990 341 2010 a
357 1980 443 2011 Filio
458 1990 468 2010 :
484 1988 562 2019 ergo
584 1979 764 2018 Evangelio
785 1978 943 2010 contraria
968 1979 1095 2010 docent.
1111 1979 1155 2009 ita
1172 1987 1249 2010 sane
1267 1983 1338 2018 post
1361 1978 1552 2009 innumeros
1579 1980 1663 2010 alios
1686 1981 1854 2019 Eugenius

215 2031 250 2064 in
267 2033 363 2064 citato
381 2032 505 2069 libello,
521 2030 614 2070 cujus
629 2031 736 2062 Grzcca
754 2031 848 2061 verba
866 2035 940 2061 sunt
958 2030 964 2060 l

1119 2034 1288 2069 Εὗαγγέλιον
1302 2034 1345 2062 διὰ
1364 2034 1499 2070 στόματος
1517 2035 1564 2061 τοῦ
1575 2034 1697 2070 Χριστοῦ
1709 2036 1855 2070 εὐαγγελὶ-

215 2085 292 2118 ζεται
312 2085 353 2116 εἰς
372 2085 437 2116 τοὺς
464 2083 578 2115 πιστοὺς
601 2084 708 2118 φανερά
732 2083 773 2110 ὅτι
807 2083 922 2118 Πνεῦμα
953 2083 1028 2119 παρὰ
1054 2083 1161 2118 Harpe;
1180 2082 1374 2118 ἐκπορεύεται,
1392 2084 1440 2109 καὶ
1458 2083 1534 2111 αὐτοὶ
1562 2083 1587 2110 οἰ
1604 2083 1716 2118 ἄγγελοι
1742 2084 1855 2115 σκότους

214 2133 452 2173 εὖαγγελίζονται,
465 2137 513 2164 καὶ
532 2137 564 2163 ἐκ
577 2136 624 2164 τοῦ
642 2135 718 2163 Υῑοῦ.
740 2132 768 2163 Ο
789 2131 963 2170 prmclaran

1103 2131 1195 2162 ll'ChlB
1211 2131 1332 2162 Montis
1358 2135 1523 2170 Ἀγιονύμου
1544 2131 1767 2164 ratiocinatioi
1792 2133 1852 2167 Sic.

216 2185 313 2216 cina?
338 2182 487 2213 Procedit
510 2192 530 2212 a
548 2182 666 2216 Patre;
690 2191 756 2212 non
773 2182 875 2222 igitur
903 2191 922 2212 α
944 2181 1029 2212 Filio
1054 2191 1063 2211 :
1089 2189 1162 2214 cum
1188 2181 1298 2220 potius
1327 2181 1504 2213 dicendum
1526 2181 1608 2212 foret
1628 2191 1636 2212 :
1660 2181 1814 2213 Procedit
1838 2192 1855 2210 (ι

217 2235 326 2271 Patre,
343 2243 415 2273 ergo
434 2238 462 2264 et
481 2243 499 2264 α
513 2233 611 2270 Filio,
629 2233 671 2264 ob
698 2233 854 2264 iudicatas
883 2232 1038 2263 rationes.
1066 2232 1126 2263 Sed
1151 2236 1182 2263 et
1205 2232 1275 2271 ipse
1295 2232 1557 2273 Theophylactus
1582 2232 1663 2263 male
1678 2232 1771 2264 fama
1789 2241 1853 2264 sua:

218 2284 372 2322 consulit,
391 2284 469 2314 dum
497 2283 684 2322 prmdictum
709 2286 938 2322 argumentum
960 2281 1133 2320 simplicem
1155 2287 1247 2313 vocat
1268 2281 1503 2322 absolutamque
1519 2283 1673 2313 rationem
1689 2281 1744 2322 (ὁ),
1762 2283 1852 2315 addi-

218 2336 344 2376 ditque,
361 2335 461 2366 alium
479 2333 574 2365 nobis
593 2342 665 2365 esse
681 2333 892 2374 quaerendum
909 2333 1074 2364 doctorem
1092 2336 1205 2373 praeter
1216 2334 1313 2365 unum
1327 2334 1513 2373 magistrum
1523 2339 1668 2364 nostrum
1681 2335 1851 2378 Christum,

218 2389 244 2420 si
264 2388 340 2420 huic
360 2386 502 2427 dogmati
524 2385 686 2418 adhaerere
713 2385 864 2417 velimus.
882 2387 921 2417 At
947 2392 1037 2422 vero,
1064 2384 1091 2415 si
1116 2385 1262 2417 Christus
1283 2385 1402 2417 aieudo
1426 2395 1433 2415 :
1459 2386 1514 2425 qui
1541 2395 1558 2416 a
1584 2385 1678 2416 Patre
1694 2386 1851 2425 procedit,

220 2439 315 2472 nobis
332 2439 518 2471 nullatenus
537 2437 738 2474 adversatur,
755 2437 858 2468 multo
875 2437 983 2468 minus
998 2437 1152 2468 censendi
1170 2441 1246 2468 sunt
1261 2437 1355 2469 nobis
1372 2437 1521 2468 contrarii
1535 2445 1606 2468 esse
1619 2437 1808 2477 quicunque
1817 2446 1851 2468 ex

218 2489 338 2522 Graicis
356 2488 502 2519 l‘atribus
531 2488 648 2519 docent
680 2487 898 2524 solummodo,
922 2486 1144 2527 aiﬁrmantque
1166 2487 1322 2526 Spiritum
1343 2491 1489 2518 sanctum
1511 2497 1531 2517 α
1556 2487 1650 2518 Patre
1672 2488 1851 2526 procedere.

220 2540 299 2570 Cum
319 2538 417 2578 igitur
431 2539 614 2570 Graecorum
639 2546 734 2569 nemo
759 2537 921 2569 inﬁcietur
943 2538 1094 2568 eumdem
1119 2541 1149 2568 et
1172 2545 1187 2568 a
1207 2537 1291 2569 Filio
1315 2539 1501 2577 procedere,
1521 2538 1668 2570 nonnulli
1687 2543 1795 2570 autem
1815 2547 1850 2568 ex

219 2591 287 2622 illis
311 2600 374 2623 una
390 2599 463 2622 cum
487 2590 607 2621 Latinis
628 2590 782 2620 omnibus
810 2588 982 2625 aiiirtnent,
1007 2588 1149 2628 profecto
1174 2588 1255 2619 illud
1284 2598 1402 2629 negare
1430 2589 1591 2628 prtefracte
1617 2589 1712 2626 velle,
1738 2590 1803 2621 imo
1823 2595 1848 2619 ct

222 2642 381 2673 hasreseos
405 2649 463 2673 n05
488 2641 705 2671 condemnare
730 2640 806 2679 quia
829 2640 861 2670 id
886 2638 1077 2675 asserimus,
1099 2648 1149 2669 res
1173 2637 1301 2671 illorum
1327 2646 1370 2670 est
1395 2640 1504 2679 [verba
1529 2648 1643 2680 regere
1665 2649 1739 2679 quas
1762 2640 1847 2672 habet

222 2694 481 2735 Theophylactus
497 2693 550 2734 (c)]
561 2693 616 2732 qui
631 2693 750 2733 spiritu
766 2693 885 2724 erroris
904 2692 991 2733 plani
1005 2696 1092 2723 sunt.

259 2800 299 2835 (η)
317 2800 398 2827 Num.
415 2799 459 2827 lll.
1103 2797 1136 2834 (cl
1155 2796 1266 2825 lbidetn.

258 2837 295 2870 (1))
317 2835 428 2863 Ihidctn.
