1897 3052
200 74 254 104 Λῖιῇ
734 69 925 100 BONIFACH
948 70 1102 99 FlNETTl
1126 70 1323 101 PRIEFATIO
1784 71 1844 102 456

200 129 326 165 Oportet
344 129 378 158 ut
399 127 482 158 inter
501 133 556 156 eos
571 125 746 156 intercedat
760 125 840 156 ratio
856 125 1019 165 principii,
1036 126 1194 165 adeoque,
1211 131 1243 156 ιιι
1258 127 1310 158 hic
1325 126 1364 157 ab
1380 126 1437 158 illo
1457 129 1619 166 procedat.
1631 127 1845 167 PrincipiuuI

199 177 286 210 idem
305 179 424 211 clarius
443 182 473 209 et
490 183 712 218 ὲμφατικοτέρως
734 177 884 217 proponit
907 177 939 208 in

1098 187 1102 207 I
1122 179 1160 209 ad
1174 179 1337 210 Ablabium
1358 178 1406 209 his
1432 180 1592 219 praecipue
1614 180 1719 211 verbis
1744 191 1752 209 :
1779 184 1847 218 τὴν.

200 236 315 264 κατὰτὸ
331 236 416 264 αἴτιον
434 236 481 262 καὶ
510 235 632 262 αἰτιατὶν
657 235 789 269 διαφορὰν
817 234 867 260 οὐκ
885 232 1046 269 ἀρνούμεθα
1067 230 1152 269 (esse
1176 230 1209 261 in
1239 231 1328 269 Deo),
1349 232 1371 269 ᾧ
1385 235 1658 271 μονῳδιαχρινεσθαι
1681 235 1713 261 τὸ
1737 235 1848 269 ἕτερον

199 286 247 314 τοῦ
266 287 359 322 ἑτέρου
375 285 634 321 καταλαμϐάνομεν,
651 286 690 320 τῷ
705 285 735 312 τὸ
753 284 803 319 μὲν
819 285 906 311 αἴτιον
919 283 1061 311 πιστεύειν
1076 283 1157 319 εἷναι,
1173 286 1203 312 τὺ
1217 285 1245 313 δὲ
1260 286 1292 313 ὲκ
1321 286 1368 313 τοῦ
1395 286 1495 319 αἰτίου,
1529 281 1751 312 Diversitatem
1786 291 1844 311 σε·

202 335 335 365 cundum
350 334 502 364 rationem
518 342 618 363 causa:
633 338 662 364 et
673 333 796 363 causati
813 331 982 372 (seujuxta
1005 333 1158 364 rationem
1177 333 1380 373 principii)et
1395 334 1460 374 ejus
1472 332 1556 374 quod
1570 338 1614 363 est
1631 343 1651 362 α
1667 334 1848 372 principio

202 386 246 424 (in
264 384 341 424 Deo)
372 393 434 414 non
450 393 598 423 negamus
616 394 626 413 :
637 393 698 423 quo
713 383 778 413 solo
790 384 921 412 altrrum
933 382 970 412 ab
986 382 1085 412 altero
1101 384 1221 413 secerni
1243 383 1528 423 comprehendimus
1540 405 1548 418 ,
1565 388 1718 421 quatenus
1737 391 1847 413 unum

200 436 323 476 quidem
347 436 543 475 principium
571 444 635 465 esse
661 435 833 471 credimus,
857 433 992 464 alterum
1027 444 1067 465 ex
1087 435 1268 475 principio.
1290 437 1368 473 Qua;
1391 444 1464 467 cum
1494 435 1537 466 ait
1555 436 1736 474 Nyssenus,
1760 434 1847 474 quis

202 489 297 524 neget
323 495 396 516 eum
419 485 597 516 credidisse
615 485 770 524 Spiritum
797 489 942 515 sanctum
970 493 1041 515 essa
1066 485 1342 526 aFiliotanquam
1369 491 1401 517 ὲκ
1414 490 1460 518 τοῦ
1484 490 1584 524 αἰτίου,
1609 494 1683 516 cum
1700 486 1740 516 ab
1761 485 1845 525 ipso

201 535 359 574 distingui
378 545 440 566 non
457 536 672 566 dubitaverit?

240 589 270 619 3.
294 588 463 627 Didymus,
481 588 563 618 libro
580 597 601 618 ιι
630 588 671 617 De
697 587 824 626 Spiritu
848 591 956 615 saneto
978 585 1139 616 Christum
1163 585 1317 617 rationem
1340 586 1529 617 efferentem
1556 585 1693 621 inducit,
1719 593 1778 615 cur
1795 584 1846 614 de

202 638 325 677 Spiritu
342 641 452 668 sancto
469 638 587 668 dixerit
602 639 693 669 Joan.
715 646 768 678 avt
784 638 864 672 ,1'3:
880 636 951 668 Non
979 635 1058 666 enim
1085 635 1229 675 loquetur
1242 646 1260 665 a
1279 637 1442 676 semetipso
1452 635 1503 666 his
1522 635 1627 667 verbis
1643 647 1650 666 :
1666 635 1750 672 Quia
1772 643 1848 665 non

203 701 242 721 ex
259 700 302 727 se,
332 690 386 720 sed
412 699 452 720 ex
473 691 568 720 Patre
592 695 619 720 et
636 700 680 720 me
706 695 766 724 est;
795 691 853 721 hoc
881 689 960 719 enim
992 687 1094 726 ipsum
1110 687 1192 727 quod
1216 688 1371 724 subsistit,
1391 698 1430 719 ex
1455 688 1552 718 Patre
1576 694 1604 719 et
1629 697 1675 718 me
1701 687 1753 717 illi
1774 692 1841 716 est.

203 742 387 773 Clarissima
410 750 485 772 vero
504 746 578 772 sunt
597 741 703 777 verba,
726 750 799 781 quae
821 741 941 772 ibidem
959 739 1068 779 piiucis
1099 741 1309 779 interpositis,
1327 741 1422 771 habet
1443 752 1450 772 :
1468 741 1572 780 Neque
1586 740 1663 781 quid
1680 740 1772 771 aliud
1790 744 1845 770 est

204 794 308 824 Filius
326 794 467 832 exceptis
487 794 527 823 iis
552 801 618 832 qute
638 793 666 823 ei
681 792 799 823 dantur
821 801 840 821 a
863 792 958 822 Patre
973 801 983 825 ;
998 791 1044 821 sic
1066 800 1162 831 neque
1186 791 1250 822 alia
1273 792 1450 822 substantia
1471 797 1514 822 est
1537 793 1844 831 SpiritusJunctus

202 849 319 883 prteter
336 844 369 874 id
385 842 468 884 quod
484 843 578 873 datur
594 843 623 872 ei
640 852 659 872 α
672 843 770 888 filio.
793 843 895 882 Igitur
911 841 1049 881 Spiritus
1064 845 1192 872 sanctus
1214 842 1329 880 accipit
1347 842 1600 879 substantiama
1617 842 1700 874 Filio
1724 852 1733 873 :
1756 849 1844 881 ergo

205 896 244 926 ab
267 904 304 926 eo
332 895 590 926 substantialiter
617 895 773 934 procedit.

245 958 274 988 lt.
294 957 433 996 Cyr-illus
462 958 712 993 Alexandrinus,
732 958 787 989 lib.
804 967 826 994 ι,
848 958 889 987 De
903 957 994 988 adoro

1095 966 1137 984 στι
1146 957 1192 985 τοῦ
1207 957 1285 991 Θεοῦ,
1299 958 1359 994 ait,
1380 958 1427 985 καὶ
1439 959 1557 994 Πατρδς,
1577 959 1625 987 καὶ
1643 959 1696 994 μὴν
1710 958 1761 986 καὶ
1784 959 1840 985 τοῦ

205 1009 271 1037 Υἱοῦ
282 1010 311 1036 τὸ
326 1010 462 1040 οὐσιωδῶς
482 1009 511 1041 ἐξ
526 1010 636 1044 ἀμφοῖν.
652 1010 740 1037 show
754 1010 786 1036 ἐκ
806 1010 910 1045 [ἰατρὸς
924 1009 954 1036 δι¹

1087 1009 1181 1044 νεῦμα,
1200 1013 1246 1040 est
1275 1019 1316 1041 ea:
1341 1011 1417 1048 Deo,
1440 1015 1468 1041 et
1490 1011 1597 1048 Patre,
1617 1017 1646 1041 et
1657 1011 1744 1042 Filio
1761 1010 1836 1047 ille,

205 1061 260 1100 qui
274 1060 527 1090 substantialiter
544 1069 584 1090 ea:
601 1059 759 1096 ambobus,
780 1069 834 1090 seu
850 1069 889 1090 ex
904 1060 999 1090 Patre
1012 1069 1069 1100 per
1085 1061 1202 1091 Filium
1221 1061 1357 1100 proﬂuit
1367 1062 1519 1100 Spiritus.
1533 1063 1624 1093 Anne
1640 1070 1716 1092 vero
1733 1062 1839 1092 istum

205 1110 441 1140 substantialem
473 1109 610 1148 Spiritus
640 1109 739 1140 sancti
770 1118 811 1140 ex
841 1113 976 1149 utroque
994 1110 1148 1149 efﬂuxum
1163 1111 1201 1142 de
1225 1112 1382 1142 donorum
1398 1113 1482 1152 ejus,
1497 1116 1592 1153 atque
1609 1112 1841 1143 charismatum

206 1161 364 1192 effusione
384 1160 680 1198 interpretabantur
697 1159 866 1191 Photiani?
883 1161 942 1191 Sed
959 1160 1086 1191 ridendi
1105 1164 1193 1198 sunt,
1212 1169 1274 1192 non
1291 1162 1490 1199 confutandi,
1507 1163 1535 1194 si
1561 1171 1600 1193 eo
1617 1171 1723 1203 usque
1747 1162 1839 1193 insa-

207 1213 294 1243 niant
313 1220 319 1241 :
335 1211 506 1250 praisertim
524 1218 596 1240 cum
616 1209 698 1240 idem
716 1209 748 1240 in
762 1209 933 1240 Comment.
973 1210 1007 1240 in
1020 1209 1102 1240 Joet.
1122 1218 1191 1249 cap.
1212 1219 1246 1247 ιι,
1267 1211 1342 1241 satis
1364 1211 1486 1243 indicet
1509 1213 1662 1251 Spiritum
1681 1215 1836 1243 sanctum

206 1263 319 1294 eodem
345 1262 438 1292 modo
454 1269 525 1291 esse
541 1269 581 1290 ex
601 1260 683 1290 Filio
703 1260 798 1290 sicuti
825 1264 872 1291 est
890 1261 921 1291 in
946 1260 1028 1299 ipso,
1050 1260 1110 1291 hoc
1128 1265 1176 1291 est
1190 1261 1444 1292 substantialiter
1459 1273 1469 1292 .-
1487 1262 1634 1293 absolute
1650 1263 1739 1294 enim
1760 1263 1807 1294 ait
1827 1275 1836 1293 :

208 1313 291 1340 Ἰδιον
303 1311 385 1338 αὑτοῦ
401 1310 488 1346 (Υῑοῦ)
504 1319 544 1342 τε,
555 1311 602 1336 καὶ
614 1311 642 1337 ὲν
653 1310 738 1345 αὐτῷ,
757 1311 803 1338 καὶ
818 1310 847 1343 ἐξ
859 1310 939 1337 αὐτοῦ
954 1321 957 1327 ·

1088 1311 1111 1337 ,ά
1126 1311 1194 1343 ἐστι,
1214 1312 1368 1350 proprius
1393 1317 1438 1343 est
1452 1317 1481 1343 et
1495 1313 1597 1352 ipsius
1612 1313 1726 1353 (Filii),
1749 1318 1782 1344 et
1801 1314 1837 1345 in

206 1365 288 1401 ipso,
306 1366 334 1391 et
350 1371 390 1391 ea:
411 1361 479 1400 ipso
493 1365 536 1390 est
551 1361 704 1398 Spiritus.
718 1360 779 1390 Sed
797 1361 970 1400 quomodo,
993 1361 1175 1391 beatissime
1194 1361 1326 1401 Cyrille,
1341 1363 1481 1401 Spiritus
1508 1368 1638 1395 sanctus
1655 1369 1702 1395 est
1721 1364 1756 1396 in
1776 1365 1837 1395 Fi-

208 1411 273 1441 lio?
291 1413 434 1447 Καθάπερ.
454 1410 640 1449 respondet,
657 1409 754 1444 ἀμέλει
774 1411 821 1436 καὶ
837 1411 880 1437 ἐπ’
897 1411 957 1438 αὐτ(

1089 1421 1096 1438 ι
1121 1411 1167 1438 τοῦ
1184 1411 1252 1439 Θεοῦ
1270 1412 1316 1438 καὶ
1335 1413 1452 1449 Πατρός.
1464 1414 1718 1454 quemadmodum
1746 1416 1838 1447 vidc-

210 1461 281 1492 liret
302 1462 334 1492 in
360 1461 428 1500 ipso
442 1460 634 1499 intelligitur
650 1460 714 1489 Deo
729 1469 765 1490 ac
796 1460 900 1491 Patre.
918 1461 954 1492 Et
971 1461 1003 1491 in
1021 1461 1232 1501 responsione
1255 1463 1292 1494 ad
1308 1464 1520 1496 Orientalium
1538 1465 1671 1505 objecta,
1685 1467 1724 1497 ad
1745 1467 1837 1497 Ana-

209 1512 436 1543 thematismum
467 1511 497 1546 9,
526 1510 642 1546 Filius,
669 1510 787 1550 inquit,
810 1511 876 1537 ἵδιον
905 1510 958 1545 ἔχω

1096 1512 1190 1544 αὑτοῦ,
1206 1513 1253 1540 καὶ
1275 1513 1414 1546 οὐσιωδῶς
1441 1515 1602 1550 ἐμπεφυκὸς
1626 1516 1700 1552 αὐτῷ
1718 1517 1837 1553 Πνεῦμα

209 1563 297 1597 ἅγιον,
313 1562 483 1602 proprium
496 1560 585 1592 habet
606 1569 686 1597 eum,
714 1561 768 1599 qui
788 1570 827 1590 ex
851 1561 919 1601 ipso
942 1566 998 1599 est,
1020 1567 1050 1592 et
1077 1563 1330 1594 substantialiter
1341 1566 1367 1595 ei
1385 1565 1482 1602 inest,
1502 1566 1659 1605 Spiritum
1673 1572 1836 1599 sanetum.

210 1613 281 1644 Pari
315 1613 410 1642 modo
447 1611 502 1642 lib.
530 1619 626 1641 xxxw
653 1611 805 1641 Thesauri
837 1611 876 1642 de
906 1620 959 1642 θοι

1089 1613 1173 1644 ιὶι-ἰιιι
1201 1619 1310 1645 sancto
1332 1614 1376 1646 ait
1395 1626 1402 1645 :
1422 1615 1531 1649 Πρὸεισι
1547 1616 1576 1642 δὲ
1603 1617 1635 1644 ὲκ
1656 1618 1765 1650 Πατρδς
1786 1618 1838 1645 καὶ

208 1663 286 1690 rio-3.
303 1661 514 1701 Progreditur
533 1664 635 1690 autem
652 1669 691 1691 ea:
707 1660 802 1690 Patre
820 1665 849 1691 et
877 1661 982 1695 Filio,-
999 1665 1029 1692 et
1047 1670 1087 1692 ne
1103 1662 1176 1701 quis
1192 1663 1231 1693 de
1247 1664 1476 1703 progressione
1500 1665 1669 1704 temporali
1686 1666 1748 1698 hoc
1780 1667 1836 1699 in-

210 1713 343 1752 telligat,
367 1711 475 1742 subdit
491 1719 564 1741 eum
577 1710 627 1744 τῆς
643 1711 718 1742 Θείας
728 1708 796 1737 εἶναι
811 1711 917 1743 οὐσίας,
933 1712 959 1738 οὐ

1088 1713 1110 1738 ὲν
1124 1713 1192 1748 αὐτῇ
1205 1713 1252 1739 καὶ
1263 1713 1294 1746 ἐξ
1307 1714 1392 1749 αὐτῆς
1406 1715 1510 1750 προῖόν,
1527 1715 1648 1746 Divina
1662 1725 1727 1747 esse
1759 1719 1837 1750 sub-

209 1763 346 1799 stantiae,
365 1765 398 1791 in
412 1761 480 1800 ipsa
492 1764 521 1790 et
533 1769 571 1790 ex
585 1760 654 1799 ipsa
663 1759 914 1799 progredientem
930 1771 940 1790 :
956 1765 989 1791 ut
1006 1761 1140 1800 perinde
1159 1762 1281 1801 Cyrillo
1297 1763 1338 1794 sit
1352 1772 1423 1794 esse
1454 1773 1492 1794 ex
1509 1766 1598 1795 Patre
1619 1769 1648 1796 et
1675 1766 1770 1804 Filio,
1801 1776 1838 1799 ac

211 1822 249 1844 ex
270 1811 446 1843 substantia
468 1811 568 1847 Patris
589 1814 618 1840 et
634 1811 720 1841 Filii.
736 1811 813 1847 Quis
829 1819 914 1842 sana;
932 1812 1048 1845 mentis
1065 1813 1124 1843 hoc
1152 1812 1190 1843 ad
1211 1814 1434 1853 temporariam
1460 1815 1599 1854 Spiritus
1618 1817 1717 1846 sancti
1746 1818 1835 1850 etfu-

211 1863 336 1894 sionem
364 1863 463 1893 trahat
479 1863 492 1892 ?
506 1863 564 1892 Par
592 1861 666 1892 huic
684 1866 733 1892 est
756 1862 844 1902 quod
862 1862 960 1893 eodem

1087 1864 1131 1894 ait
1151 1873 1158 1892 :
1185 1864 1229 1891 Ἐν
1244 1865 1319 1900 αὐτῷ
1334 1865 1466 1901 (Χριστῳ)
1485 1866 1530 1892 καὶ
1552 1865 1582 1898 ἐξ
1605 1867 1688 1894 αὐτοῦ
1709 1869 1835 1902 φυσικῶς

210 1913 330 1950 ὑπάρχον
343 1913 372 1939 τὸ
392 1912 512 1947 Πνεῦμα,
525 1912 559 1942 in
575 1912 643 1951 ipso
661 1912 808 1952 (Christo)
821 1916 851 1942 et
861 1921 901 1942 ea:
916 1913 959 1951 ip:

1088 1915 1188 1946 'atiter
1203 1917 1328 1947 exsistit
1343 1917 1484 1955 Spiritus
1497 1923 1688 1953 sanctus:et
1704 1931 1711 1948 :
1735 1925 1837 1959 Ἀνάγ-

207 1976 242 2003 κη
265 1969 295 1994 τὸ
320 1967 432 2003 Πνεῦμα.
448 1967 498 2002 τῆς
516 1967 611 1998 οὐσίας
628 1967 771 2002 ὁμολογεῖν
787 1967 845 1994 τοῦ-
867 1966 947 1999 Υἱοῦ,
961 1968 999 1999 ὡς
1013 1969 1067 2004 γὰρ
1091 1969 1120 2002 ἐξ
1136 1970 1218 1997 αὑτοῦ
1240 1971 1310 1997 κατὰ
1327 1971 1407 2005 φύσιν
1421 1971 1553 2007 ὑπάρχον,
1570 1979 1691 2000 necesse
1717 1975 1764 2001 est
1786 1973 1837 2012 fa-

209 2015 271 2046 teri
292 2015 448 2054 Spiritum
461 2017 603 2043 sanctum
618 2023 680 2043 esse
700 2013 834 2053 ejusdem
848 2023 917 2044 cum
929 2014 1014 2045 Filio
1032 2015 1216 2047 substantiae
1228 2028 1238 2047 :
1252 2027 1323 2047 nam
1335 2023 1373 2056 ut
1401 2027 1440 2048 ea:
1453 2019 1523 2058 ipso
1538 2021 1730 2052 naturaliter
1747 2023 1836 2053 exsi-

208 2072 304 2103 stens,
321 2070 382 2096 etc.
401 2065 441 2105 (a)
458 2064 582 2095 Similia
595 2064 686 2095 habet
705 2065 832 2104 dialogo
844 2074 866 2102 ι,
885 2066 1026 2097 DeTrin.
1045 2067 1082 2097 Et
1097 2066 1131 2097 in
1149 2067 1317 2098 Comment.
1340 2069 1373 2098 in
1386 2068 1539 2099 Joannem
1550 2074 1604 2106 ait,
1622 2079 1697 2102 eum
1714 2080 1732 2103 a
1748 2073 1836 2104 Filio

208 2116 281 2145 κατὰ
294 2116 374 2151 φύσιν
390 2114 562 2150 προχεῖσθαι,
577 2115 747 2144 secundum
763 2122 921 2152 naturam,
942 2124 957 2145 s

1087 2117 1208 2147 traliter
1220 2117 1388 2158 pro/undi.
1416 2119 1563 2158 Denique
1581 2124 1614 2151 ut
1629 2126 1741 2153 castera
1761 2132 1836 2163 quae

210 2169 309 2202 multa
337 2171 424 2203 sunt,
458 2165 641 2196 testimonia
658 2170 856 2205 praeteream,
883 2169 1136 2207 peremptorium
1166 2171 1293 2201 Videtur
1314 2180 1385 2202 esse
1405 2172 1485 2204 illud
1514 2174 1601 2213 quod
1623 2174 1718 2205 habet
1741 2175 1836 2205 Com-

210 2217 380 2250 ment.-lib.
396 2225 426 2252 x,
443 2217 476 2246 in
491 2217 655 2253 Joannem,
674 2217 730 2248 ubi
748 2222 915 2258 postquam
932 2219 959 2249 di

1087 2221 1207 2259 Spiritu
1225 2226 1345 2260 sancto,
1364 2224 1443 2251 Ἐστι
1456 2225 1566 2260 πνεῦμα
1577 2224 1698 2261 Χριστοῦ
1709 2226 1758 2252 καὶ
1773 2227 1836 2259 νοῦς

210 2271 305 2305 αὐτοῦ,
328 2273 371 2298 est
385 2268 520 2308 spiritus
532 2268 652 2299 Christi
664 2273 692 2299 et
705 2278 787 2299 mens
802 2270 904 2308 ipsius
921 2270 1006 2310 (quae
1023 2271 1071 2301 vel
1086 2271 1152 2301 sola
1171 2272 1263 2302 verba
1280 2274 1356 2304 satis
1369 2284 1440 2306 esse
1457 2275 1612 2307 deberent
1625 2277 1666 2307 ad
1682 2280 1835 2309 astruen-

210 2319 282 2349 dam
305 2320 449 2359 ejusdem
466 2328 482 2350 a
500 2319 582 2350 Filio
600 2320 838 2358 processionem
859 2322 1046 2361 :quomodo
1064 2322 1151 2353 enim
1176 2333 1260 2354 mens
1275 2325 1340 2364 ejus
1361 2329 1421 2362 est,
1447 2327 1475 2356 si
1491 2327 1530 2357 ab
1556 2327 1627 2366 ipso
1649 2335 1714 2358 non
1740 2331 1790 2359 est
1800 2329 1835 2367 7),

212 2370 305 2409 paulo
333 2370 553 2410 postsubdit:
577 2370 620 2403 Ὧς
638 2370 745 2406 πνεῦμα
774 2371 868 2405 αὑτοῦ,
892 2372 961 2399 καθά

1087 2372 1132 2405 ἕως
1157 2374 1321 2410 εἰρήκαμεν,
1347 2375 1395 2402 καὶ
1422 2376 1501 2408 εἰδὼς
1521 2377 1671 2409 ἀδιδάκτως
1700 2379 1793 2406 πάντα
1806 2380 1836 2405 τὰ

211 2426 316 2462 (αὑτοῦ)
338 2427 366 2459 ἐξ
384 2423 414 2453 οὗ
428 2427 474 2453 καὶ
494 2427 522 2452 ἐν
536 2422 614 2461 ᾦπὲρ
627 2427 696 2459 ἐστι,
708 2426 742 2452 τὰ
761 2426 820 2453 θεῖα
834 2427 890 2458 τοῖς
908 2426 960 2460 ἁγία

1085 2428 1206 2455 ιαλύπτει
1220 2431 1367 2466 μυστήρια,
1383 2431 1529 2466 tanquam
1552 2428 1694 2467 Spiritus
1720 2428 1834 2467 ipsius,

210 2474 258 2504 uti
274 2473 362 2504 modo
379 2475 565 2510 dicebamus.
582 2479 610 2505 et
628 2479 662 2504 ut
677 2482 877 2513 cognoscens,
893 2476 1012 2506 nemine
1027 2476 1169 2513 docente,
1186 2477 1288 2507 omnia
1304 2487 1370 2517 qua:
1383 2483 1456 2508 sunt
1473 2479 1550 2519 ejus,
1564 2488 1602 2509 ex
1614 2488 1674 2519 quo
1687 2485 1714 2510 et
1728 2481 1762 2510 in
1777 2487 1836 2519 quo

211 2531 268 2563 est,
283 2525 390 2556 divina
407 2526 524 2556 sanctis
554 2526 702 2564 mysteria
721 2525 885 2564 patefacit.
899 2526 960 2556 Αυ(

1086 2526 1227 2564 holiane,
1237 2527 1266 2560 ἐξ
1279 2525 1308 2554 οὗ
1320 2529 1364 2554 καὶ
1380 2530 1408 2555 ὲν
1421 2527 1497 2564 ᾧπέρ
1508 2531 1574 2562 ἐστι,
1588 2539 1628 2561 ea:
1651 2539 1711 2571 quo
1745 2536 1774 2561 et
1808 2531 1835 2561 in

210 2587 270 2618 quo
282 2582 326 2608 est
341 2588 351 2612 ;
365 2581 396 2608 et
416 2578 520 2609 adhuc
541 2577 717 2608 sustinebis
734 2585 772 2607 ex
783 2585 821 2608 eo
836 2585 899 2608 non
915 2585 998 2614 esse,
1015 2586 1073 2609 seu
1090 2587 1152 2610 non
1175 2581 1371 2618 procedere?

249 2715 288 2751 (a)
304 2716 390 2748 Quam
418 2715 618 2754 rectanCyrillo
636 2716 808 2754 adversatur:
823 2717 996 2754 Tlieopliyla-
1052 2718 1111 2749 τοῦ,
1138 2720 1268 2753 συγγενὲς
1292 2719 1357 2754 γάρ.
1388 2719 1491 2747 Dicitur
1518 2719 1636 2754 Spiritus
1650 2719 1769 2753 Christi.
1788 2728 1834 2747 non

212 2755 285 2791 ctus,
301 2753 369 2791 dum
383 2759 461 2791 noun
479 2751 511 2791 IY
528 2751 565 2778 ait
583 2761 589 2778 :
606 2751 961 2791 Aiystatﬂyet'ipa'xptazu

1083 2755 1116 2780 lia
1130 2762 1162 2780 ea;
1178 2751 1237 2788 ipso
1251 2751 1357 2790 pro/luit
1370 2764 1379 2787 ;
1396 2757 1440 2783 sed
1456 2755 1518 2791 quia
1533 2751 1657 2790 proprius
1682 2751 1768 2784 illius
1782 2762 1832 2787 est,

210 2785 272 2815 ἀλλ’
287 2787 337 2822 οὐχ
355 2786 392 2818 ὡς
408 2787 438 2819 ὲξ
453 2787 558 2813 ἐκεινου
582 2788 688 2821 προῑδν,
713 2787 771 2814 ἀλλ’
786 2785 823 2819 ibi
835 2785 933 2815 οἰκεῖον
947 2797 959 2816 c

681 2806 688 2818 ,
713 2787 771 2814 ἀλλ’
786 2785 823 2819 ibi
835 2785 933 2815 οἰκεῖον
947 2789 998 2816 at).
1052 2785 1178 2824 cognatus
1190 2785 1264 2817 ἐιιὶιὶι
1279 2785 1328 2818 εὲι.
1371 2785 1374 2787 ’
