1897 3052
98 133 142 164 557
508 129 548 159 ΙΝ
570 131 786 167 SEQUENTIA
807 133 842 162 Ti

965 133 1096 163 YIACTI
1112 133 1196 163 SClll
1203 133 1279 163 PTA.
1653 133 1706 165 45,8

131 188 158 216 5.
177 186 305 215 Sanctus
322 183 551 227 Basiliusjliree
577 185 669 216 habet
694 186 746 216 lib.
776 195 810 216 ui
840 196 880 215 co.

981 188 1168 218 Eunomium
1187 199 1195 218 .-
1232 192 1378 227 Ἀξιώματι
1400 192 1450 228 μὲν
1479 193 1649 229 δευτερεύειν
1668 195 1707 230 (τὸ

100 236 210 271 Πνεῦμα)
227 235 367 268 toﬁ-Tim),
385 235 450 270 παρ’
462 235 544 262 αὐτοῦ
558 235 588 261 τὸ
603 234 672 262 εἶναι
700 236 772 271 ἕχον,
799 238 845 264 καὶ
873 238 938 272 παρ’
955 238 1037 264 αὐταῦ
1057 238 1207 274 λχμϐάνον,
1225 240 1272 266 καὶ
1290 233 1458 274 ἆναγγὲλλον
1473 241 1540 275 ἡμῖν
1571 241 1618 267 καὶ
1641 241 1707 269 ὅλως

99 289 142 322 τῆς
161 287 247 318 alsia;
261 288 368 321 ἐκείνης
382 288 536 322 ἐξημμένον
550 287 734 321 παραδίδωσιν
762 288 828 318 ἴσως
842 289 848 314 i

961 288 1010 320 :Ea;
1033 288 1122 323 λόγος,
1135 286 1292 324 Spiritum
1319 291 1461 316 sanctum
1486 286 1641 325 dignitate
1664 296 1710 316 se-

100 336 223 368 cundum
241 345 304 366 esse
319 345 338 365 a
351 334 449 372 Filio,
469 340 504 365 ut
522 336 578 374 qui
594 344 657 365 esse
672 335 779 366 abillo
796 334 921 372 habeat,
939 339 968 365 et
987 335 1025 366 ab
1047 337 1115 375 ipso
1131 337 1279 373 accipiat,
1296 341 1324 366 et
1339 337 1464 367 omnino
1482 346 1522 368 ex
1544 337 1602 368 illa
1616 347 1710 368 causa

98 387 230 427 pendeat,
237 386 365 425 pietatis
380 394 479 415 sermo
491 386 629 424 fortasse
645 385 755 416 tradit.
766 386 812 416 Eu
821 394 916 425 quam
932 385 1015 416 clare
1025 386 1160 425 Magnus
1172 386 1309 416 Basilius
1317 386 1432 425 dogma
1445 387 1630 418 Latinorum
1648 391 1711 417 tra-

101 438 314 478 dit.Equidem
324 438 449 468 Marcus
463 436 646 476 Ephesinus
660 437 691 467 in
709 437 847 468 concilio
860 436 1144 473 Florentino,cum
1160 445 1223 468 non
1239 437 1326 468 aliud
1345 437 1432 477 quod
1447 437 1485 468 ad
1497 437 1634 469 evidens
1649 437 1710 469 hoc

102 487 299 527 responderet
315 487 549 523 testimonium,
568 487 615 517 illi
631 491 829 526 suppeteret,
848 495 961 527 magna
988 486 1195 518 contentione
1215 486 1381 523 sustinuit,
1398 490 1520 518 textum
1544 487 1631 518 hunc
1651 487 1709 519 fal-

101 544 194 572 satum
210 544 240 571 et
259 539 486 577 interpolatum
503 548 586 569 esse.
603 540 663 570 Sed
683 543 801 578 quanta
820 539 956 579 injuria!
975 541 1064 576 Nam,
1086 543 1122 570 ut
1138 541 1279 571 Joannes
1295 540 1403 580 Niger,
1419 541 1477 580 qui
1494 540 1576 571 illud
1591 541 1709 572 attule-

103 597 152 628 rat,
174 591 318 631 regessit,
337 591 437 622 codex
455 592 540 622 unde
557 591 766 630 depromptus
786 594 846 629 est,
877 593 1007 630 Optima;
1023 595 1106 622 nota:
1123 595 1202 628 erat,
1229 591 1510 631 Constantinopoli
1523 599 1541 622 a
1557 593 1709 623 cardinali

101 643 217 673 Cusano
227 641 390 676 advectus,
406 640 436 670 in
455 639 661 676 membranis,
675 640 836 670 Sexcentis
847 643 920 671 ante
937 640 1109 671 concilium
1122 639 1462 677 Florentinumannis,
1479 640 1626 680 adeoque
1637 647 1711 672 ante

102 697 236 723 exortum
252 692 379 722 Graecos
396 691 480 722 inter
492 699 528 722 ac
548 691 676 722 Latinos
697 692 754 722 hac
771 692 810 721 de
841 700 874 722 re
888 691 1077 728 dissidium,
1106 694 1265 722 exaratos.
1284 691 1373 722 Unde
1393 699 1469 730 ergo
1494 692 1712 731 corruptionis

101 743 235 782 suspicio
247 744 261 772 ‘t
277 742 337 772 Sed
354 742 460 780 plures
475 742 604 773 codices
625 742 666 772 ita
679 749 742 772 non
758 741 887 778 habent,
904 741 1086 780 opponebat
1101 741 1295 780 Ephesinus.
1312 741 1397 778 Quid
1411 741 1499 778 inde,
1516 743 1544 772 si
1560 743 1714 774 vetustio-

102 803 145 825 res
160 797 189 824 et
205 797 277 823 ante
289 792 428 823 scliisma
444 792 614 830 conscripti
634 795 755 823 textum
773 796 807 822 ut
831 792 1000 823 attulimus
1017 792 1207 824 exhibeant?
1225 793 1289 823 Alii
1316 802 1403 830 vero,
1423 803 1620 835 quocunque
1648 803 1712 826 nu-

102 851 180 873 mero
195 842 269 879 sint,
284 850 299 872 a
314 842 474 872 Photianis
489 837 776 880 potiusdataopera
790 843 934 880 corrupti
945 842 1076 872 dicendi
1096 846 1184 879 sunt,
1202 851 1240 873 eo
1254 843 1371 883 majore
1389 843 1611 882 fundamento,
1627 848 1712 886 quod

102 898 168 924 sunt
181 902 292 924 omnes
311 896 380 932 post
396 895 543 923 exortum
557 892 696 923 sciiisma
707 893 857 927 confecti,
875 897 905 923 et
923 892 954 922 in
981 893 1147 924 nonnullis
1171 893 1267 924 verba
1288 894 1428 932 dogmati
1444 899 1555 926 nostro
1576 896 1715 927 faventia

101 942 195 973 cultro
211 951 301 973 erasa
314 941 513 980 deprehensa
537 945 624 971 sunt.
642 941 743 977 Adde,
776 944 897 972 textum
919 940 1015 978 hunc,
1033 945 1126 980 prout
1145 949 1166 971 a
1185 941 1278 972 nobis
1291 942 1434 979 alfertur,
1453 942 1532 972 nihil
1549 944 1716 975 continere

102 993 179 1032 quod
199 1001 270 1024 cum
289 991 424 1031 reliquis
441 992 546 1031 Magni
565 991 675 1022 Basilii
693 992 788 1022 dictis
803 996 922 1031 pugnet
943 999 949 1021 :
970 995 1089 1030 pugnat
1110 995 1232 1028 autem,
1248 996 1312 1022 uta
1331 992 1496 1023 Photianis
1522 993 1653 1032 legitur.
1672 996 1716 1026 Ita

102 1044 180 1074 enim
195 1044 308 1083 legunt
322 1043 383 1079 illi,
400 1046 434 1073 ut
454 1050 657 1081 consequens
680 1042 774 1078 foret,
801 1051 875 1074 eum
893 1042 1028 1074 dubium
1046 1043 1190 1078 haesisse,
1206 1051 1245 1074 an
1258 1044 1396 1082 Spiritus
1411 1048 1541 1075 sanctus
1559 1047 1717 1078 dicendus

103 1093 137 1124 sit
152 1093 316 1124 secundus
331 1092 488 1132 dignitate
504 1101 521 1123 a
545 1093 627 1124 Filio
644 1098 674 1124 et
690 1101 706 1123 a
724 1093 812 1123 Patre
829 1093 943 1123 tertius
958 1103 965 1123 :
978 1101 1053 1123 eum
1073 1096 1178 1123 tamen
1198 1093 1399 1131 exploratum
1415 1094 1468 1131 sit,
1486 1095 1591 1134 ipsum
1601 1095 1660 1127 hac
1676 1097 1716 1126 de

101 1153 132 1175 re
146 1143 307 1174 dubitasse
325 1151 509 1183 nunquam;
524 1143 787 1182 quandoquidem
803 1151 876 1173 cum
888 1142 963 1173 aliis
981 1143 1013 1173 in
1030 1142 1123 1179 locis,
1139 1146 1206 1173 tum
1230 1143 1408 1182 praesertim
1427 1144 1458 1174 in
1477 1145 1539 1175 ﬁne
1569 1146 1717 1185 epistolm

102 1193 338 1230 trecentesimae,
352 1193 393 1224 ad
401 1195 578 1230 canonicos,
589 1195 633 1225 ait
643 1193 731 1225 nefas
743 1202 827 1231 esse,
843 1193 1150 1233 Spiritumsanctum
1160 1196 1232 1224 ante
1243 1193 1361 1224 Filium
1375 1193 1542 1231 collocare,
1559 1198 1613 1226 aut
1622 1195 1718 1227 aliter

102 1253 188 1285 quam
209 1244 325 1275 ordine
345 1245 475 1277 tertium
491 1254 508 1276 a
523 1246 613 1276 Patre
631 1255 639 1274 :
656 1244 741 1283 quod
768 1246 800 1274 et
819 1243 874 1274 alii
896 1245 1003 1274 Patres
1022 1243 1214 1274 docuerunt.
1238 1243 1416 1274 Insititium
1433 1243 1533 1283 igitur
1553 1249 1601 1276 est
1634 1245 1715 1277 illud

100 1299 170 1332 ισως,
183 1295 330 1335 fortasse,
345 1298 430 1335 quod
448 1299 518 1335 post
533 1299 726 1335 παραδίδωσιν,
749 1293 847 1326 tradit

968 1298 1072 1332 agunt.
1087 1294 1147 1324 Sed
1158 1294 1185 1324 si
1199 1293 1259 1325 hoc
1271 1297 1372 1324 ratum
1387 1293 1595 1332 babeatur.ut
1608 1295 1717 1330 haberi

102 1347 205 1382 procul
223 1347 322 1378 dubio
340 1346 448 1383 debet,
463 1345 511 1376 vel
534 1354 570 1376 ex
582 1344 644 1376 hoc
655 1344 761 1375 solum
783 1345 1001 1375 V'erosimilius
1018 1344 1062 1378 ﬁt.
1080 1347 1285 1375 controversa
1301 1344 1395 1375 verba
1424 1351 1498 1374 eum
1529 1345 1693 1376 addidisse
1708 1354 1718 1380 ;

99 1403 166 1425 cum
185 1397 230 1427 vel
252 1406 294 1427 ex
318 1396 377 1426 hoc
407 1395 477 1426 solo
491 1395 607 1426 invicta
623 1396 862 1426 demonstretur
889 1394 960 1434 ejus
978 1394 1139 1425 sententia
1156 1393 1259 1424 fuisse
1275 1393 1430 1432 Spiritum
1443 1398 1588 1425 sanctum
1605 1395 1683 1425 item
1700 1402 1718 1424 a

102 1445 179 1476 Filio
200 1447 393 1485 procedere:
412 1454 475 1476 non
493 1446 579 1476 enim
597 1445 662 1476 ulla
676 1445 784 1476 divina
803 1453 940 1484 persona
961 1453 1033 1476 esse
1062 1447 1166 1484 potest
1193 1443 1335 1475 secunda
1368 1444 1416 1475 vel
1445 1445 1537 1476 tertia
1552 1451 1639 1484 τάξει,
1662 1455 1717 1477 or—

102 1494 232 1531 dine,vel
250 1498 398 1532 ἀξιώματι,
417 1495 582 1535 dignitate,
599 1496 637 1526 ab
653 1495 727 1532 alia,
745 1496 807 1526 nisi
823 1497 862 1526 ab
877 1496 946 1535 ipsa
963 1496 1113 1535 procedat
1132 1504 1138 1525 :
1157 1503 1235 1526 sane
1252 1503 1316 1526 non
1334 1495 1434 1526 alium
1449 1496 1596 1527 ordinem
1613 1497 1644 1528 iu
1663 1498 1715 1528 di-

104 1546 181 1576 vinis
197 1551 376 1586 agnoscunt
394 1546 542 1577 catholici
557 1547 703 1577 doctores
716 1550 746 1577 et
759 1547 878 1576 Patres.

137 1598 167 1628 6.
184 1598 214 1628 S.
233 1597 428 1628 Athanasius
448 1597 481 1628 in
492 1596 573 1627 libro
598 1597 643 1626 De
654 1597 788 1627 humana
798 1600 914 1626 natura
928 1600 1072 1636 suscepta
1087 1596 1143 1633 ait,
1160 1596 1279 1627 Filium
1291 1605 1363 1629 esse
1380 1602 1471 1638 πηγὴν
1482 1602 1528 1629 τοῦ
1544 1603 1622 1638 ᾶγϊου
1635 1603 1720 1629 Ilvati-

104 1661 193 1688 ματος,
206 1649 325 1688 fontem
348 1648 489 1686 Spiritus
517 1647 629 1678 sancti.
656 1647 705 1677 Sie
723 1650 754 1677 et
782 1646 836 1677 alii
867 1647 973 1677 Patres
995 1646 1111 1677 'Grteci.
1142 1646 1270 1678 Certum
1295 1651 1403 1678 autem
1425 1652 1474 1679 est
1503 1649 1590 1687 apud
1610 1649 1719 1679 Patres

103 1704 198 1739 πηγὴν,
218 1700 349 1738 fontem,
368 1697 499 1735 perinde
513 1705 585 1728 esse
603 1704 639 1727 ac
655 1701 752 1732 atmv,
773 1697 850 1735 prin

973 1719 979 1726 .
997 1696 1104 1733 Quare
1121 1700 1152 1727 et
1167 1696 1444 1735 Athanasiusipse
1460 1701 1538 1728 orat.
1559 1707 1595 1734 ιι,
1608 1702 1720 1729 contra

104 1751 233 1780 Arianos
265 1750 386 1779 Patrem
414 1751 504 1779 vocat
520 1746 622 1782 πηγὴν,
639 1747 756 1786 fontem
784 1745 880 1782 Filii;
898 1749 930 1776 et
946 1745 1086 1776 Basilius
1103 1746 1251 1777 eumdem
1269 1747 1391 1777 Patrem
1408 1756 1480 1778 esse
1489 1748 1567 1779 dicit
1582 1753 1662 1788 ῥίζαν
1674 1754 1722 1779 καὶ

105 1803 200 1838 πηγὴν,
220 1799 359 1829 radicem
377 1803 404 1828 et
417 1799 546 1837 fontem,
562 1797 700 1836 Spiritus
716 1796 830 1827 sancti.
846 1795 932 1826 Idem
948 1796 979 1826 S.
993 1797 1084 1826 Pater
1112 1797 1146 1827 in
1162 1797 1257 1836 epist.
1274 1797 1316 1827 ad
1328 1798 1600 1837 Serapionem,ait
1615 1800 1718 1839 Spiri-

105 1854 167 1880 tum
183 1854 328 1880 sanctum
345 1849 409 1876 [Gzev
419 1847 489 1875 εἶναι
501 1848 561 1874 κατ’
578 1847 672 1874 οὐσίαν
682 1846 728 1874 τοῦ
738 1846 816 1879 Υἱοῦ,
828 1854 854 1885 ρ

972 1855 997 1876 m
1011 1855 1076 1876 esse
1090 1845 1258 1877 secundum
1271 1847 1482 1879 substantiam
1496 1850 1592 1884 Filii;
1606 1859 1645 1881 ex
1656 1859 1721 1890 quo

107 1901 192 1941 plane
208 1902 431 1941 consequitur,
452 1909 525 1932 eum
548 1904 656 1932 nostro
686 1899 828 1939 dogmati
845 1897 1030 1935 adhtBsisse,
1050 1898 1215 1938 siquidem
1231 1899 1376 1930 oratione
1398 1908 1421 1929 ιι
1439 1899 1539 1939 (juxta
1550 1900 1679 1941 aliquos
1697 1904 1721 1942 ι)
1776 1896 1783 1904 ’

103 1956 211 1982 contra
224 1952 363 1981 Arianos
373 1951 431 1982 hac
448 1951 572 1982 ratione
589 1950 701 1990 probat
714 1949 835 1980 Filium
852 1956 923 1979 esse
941 1957 980 1979 ex
994 1949 1062 1979 Deo
1079 1948 1204 1988 (Patre),
1223 1952 1254 1980 et
1271 1949 1301 1979 in
1324 1951 1402 1980 Deo.
1421 1951 1526 1982 Verba
1538 1952 1609 1991 ejus
1623 1957 1719 1984 sunt:

111 2007 214 2042 Ἐπειδὴ
239 2007 295 2041 γὰρ
308 2007 321 2034 ὁ
346 2006 430 2040 Λόγος
464 2007 537 2033 ἐστὶν
556 2006 621 2037 ἴδιος
643 2007 723 2040 φύσει
739 2006 789 2040 τῆς
810 2007 905 2039 obuia;
937 2005 981 2032 τοῦ
994 2005 1074 2035 Θεοῦ,
1089 2005 1119 2037 EE
1136 2005 1219 2032 αὐτοῦ
1229 2006 1258 2032 τέ
1271 2006 1340 2039 ἐστι,
1356 2007 1403 2033 καὶ
1416 2009 1446 2034 ἐν
1459 2008 1546 2044 αὐτῷ.
1567 2005 1722 2042 Quoniam

105 2053 200 2091 igitur
215 2052 346 2082 Verbum
359 2053 528 2091 proprium
544 2057 587 2082 est
602 2056 719 2082 natura
732 2051 914 2083 substantia:
927 2052 996 2088 Dei,
1018 2056 1046 2082 et
1062 2060 1101 2081 ex
1114 2051 1182 2090 ipso
1201 2056 1257 2088 est,
1274 2057 1302 2082 et
1312 2053 1345 2082 in
1362 2053 1443 2091 ipso.
1463 2054 1524 2084 Sed
1556 2054 1720 2085 Athanasii

104 2111 190 2133 mens
204 2103 310 2133 adhuc
324 2102 443 2133 clarius
464 2102 656 2141 perspicitur
670 2111 707 2132 ex
722 2110 760 2132 eo
777 2103 861 2142 quod
881 2102 1014 2132 homilia
1029 2101 1047 2131 lt
1063 2101 1162 2141 (juxta
1175 2101 1299 2132 Graecos
1317 2101 1346 2141 3)
1364 2108 1476 2132 contra
1503 2104 1639 2134 Ariona:
1651 2105 1694 2136 ait
1713 2117 1720 2136 :

105 2154 183 2187 Δύτδς
202 2154 290 2189 (Υἱὸς)
315 2154 379 2188 γὰρ,
399 2153 492 2188 ὥσπερ
507 2153 668 2188 signum-rb
686 2153 797 2188 Πνεῦμα
819 2153 909 2179 δίδωσι
925 2160 932 2168 ·
952 2152 998 2178 καὶ
1018 2152 1068 2178 ὅσα
1100 2153 1156 2186 ἔχει
1171 2152 1201 2178 τδ
1224 2153 1346 2188 Πνεῦμα,
1367 2153 1455 2180 ταῦτα
1483 2155 1559 2189 παρὰ
1569 2155 1615 2182 τοῦ
1628 2155 1717 2189 Λόγου

105 2202 167 2236 ἔχει,
186 2201 253 2239 ipse
270 2201 347 2230 enim
362 2199 502 2239 (Filius),
517 2204 551 2229 ut
567 2199 684 2229 dictum
706 2203 762 2236 est,
782 2198 836 2229 dat
852 2200 1007 2238 Spiritum
1031 2203 1189 2234 sanctum;
1220 2204 1248 2230 et
1267 2208 1454 2240 quacunque
1469 2201 1560 2232 habet
1580 2202 1722 2243 Spiritus

106 2255 242 2286 sanctus,
271 2259 306 2280 ea
328 2259 347 2279 a
376 2249 473 2280 Verbo
508 2249 638 2288 accipit.
655 2249 733 2280 Cum
761 2257 836 2280 vero
855 2249 992 2287 Spiritus
1021 2253 1150 2281 sanctus
1180 2249 1214 2280 in
1247 2250 1360 2289 primis
1388 2250 1502 2282 habeat
1530 2255 1673 2286 naturam
1691 2261 1722 2286 at

101 2301 288 2336 essentiam,
322 2300 396 2340 quis
424 2299 570 2330 dubitare
606 2303 709 2338 potest
733 2299 813 2339 quin
844 2299 1038 2330 Athanasius
1071 2300 1222 2338 senserit,
1257 2299 1338 2332 hanc
1365 2309 1439 2332 eum
1471 2311 1489 2333 a
1519 2303 1603 2336 Filio
1631 2315 1722 2337 rece-

104 2350 207 2390 pisse?

140 2403 169 2432 7.
190 2403 221 2434 S.
243 2404 384 2433 Joannes
400 2401 661 2440 Chrysostomus,
674 2409 730 2431 seu
747 2401 831 2432 alius
844 2405 990 2432 vetustus
1006 2405 1117 2432 auctOr
1133 2402 1275 2434 homilite
1289 2403 1333 2432 De
1349 2404 1567 2434 incarnatione
1582 2406 1721 2444 Domini,

105 2461 194 2492 quam
223 2453 451 2492 Chrysostomo
478 2453 590 2483 tribuit
618 2453 750 2484 Photius
779 2454 849 2484 cod.

972 2461 1002 2487 '0
1018 2460 1147 2494 Χριστὸς,
1164 2455 1289 2494 inquit,
1323 2459 1424 2486 ἔδωκεν
1451 2462 1516 2495 ἡμῖν
1532 2461 1562 2487 τὸ
1592 2463 1622 2495 ἐξ
1638 2463 1721 2490 αὑτοῦ

106 2505 222 2540 Πνεῦμα,
240 2505 384 2536 Christus
399 2503 484 2533 dedit
499 2503 588 2534 nobis
603 2503 760 2542 Spiritum
774 2509 928 2541 sanctum,
943 2507 998 2545 qui
1013 2515 1053 2536 ex
1069 2506 1138 2545 ipso
1155 2509 1212 2535 est.
1241 2506 1430 2537 Anastasius
1455 2507 1588 2545 Sinaita,
1605 2510 1722 2540 Antio-

105 2556 223 2588 clienus
242 2555 425 2594 episcopus,
438 2554 471 2584 in
486 2554 589 2593 primo
606 2554 648 2583 De
662 2554 757 2584 rectis
771 2554 854 2593 dogn

986 2567 995 2586 :
1011 2561 1066 2587 Καὶ
1083 2560 1137 2594 μὴν
1149 2561 1162 2586 ὁ
1178 2560 1282 2594 Κύριθς
1296 2560 1403 2592 δεικνὺς
1415 2562 1480 2588 αὐτὸ
1492 2561 1520 2594 ὲξ
1535 2562 1617 2589 αὑτοῦ
1633 2563 1721 2599 ὑπάρ-

106 2622 168 2648 χειν,
182 2612 314 2648 ἐμφυσῶν
327 2612 382 2641 τοῖς
398 2610 533 2645 μαθηταῖς
559 2609 646 2643 ἔλεγε.
661 2610 771 2637 Λάϐετε
787 2611 855 2638 Πνεέ

969 2620 1014 2638 ον.
1035 2608 1074 2636 At
1093 2615 1165 2636 vero
1194 2607 1345 2637 Dominus
1371 2609 1535 2638 ostendens
1552 2619 1591 2640 ex
1608 2616 1717 2641 semet-

107 2662 168 2698 ipso
190 2659 347 2698 Spiritum
363 2656 524 2691 exsistere,
538 2656 705 2696 insufﬂans
721 2655 887 2696 discipulis
898 2656 983 2687 dixit
999 2667 1007 2687 :
1024 2668 1037 2683 «
1052 2656 1194 2695 Accipite
1212 2656 1368 2695 Spiritum
1385 2663 1538 2689 sanctum.
1557 2671 1571 2686 »
1585 2660 1720 2692 Demum

105 2712 134 2742 S.
151 2712 290 2750 Symeon
303 2707 532 2746 Metaphrastes
548 2706 579 2736 in
602 2707 755 2745 Martyrio
767 2707 797 2737 S.
817 2707 852 2736 Di

980 2718 986 2736 :
1004 2711 1040 2736 Τὸ
1057 2711 1276 2746 ἐκπορευόμενον
1292 2711 1375 2738 αὑτοῦ
1392 2713 1504 2747 Πνεῦμα
1533 2715 1579 2741 ἐπὶ
1607 2717 1640 2751 τῇ
1666 2716 1720 2743 τῶν

107 2764 225 2791 ἀπίστων
240 2761 324 2788 ἐθνῶν
336 2760 512 2794 καταπέμπει
545 2761 601 2790 τοῖς
619 2758 752 2794 μαθηταῖς
766 2759 856 2794 ὸδηγίς

971 2760 1033 2786 stus
1048 2755 1264 2796 procedentem
1280 2766 1298 2786 a
1311 2766 1342 2787 se
1357 2758 1513 2796 Spiritum
1526 2760 1566 2790 ad
1584 2761 1720 2792 inﬁdeles

106 2808 296 2842 deducendas
314 2810 431 2845 gentes,
448 2806 481 2835 in
496 2804 670 2844 discipulos
691 2805 841 2836 immittit.

278 2861 414 2890 Pa'rnoL.
437 2860 494 2888 Gn.
519 2858 645 2888 cxxv.
1500 2859 1534 2889 ιδ
