1897 3052
166 112 220 145 450
686 114 875 144 BONIFACII
893 113 1046 143 FINETTI
1067 112 1263 142 PRIEFATIO
1743 109 1800 141 460

210 160 356 199 .‘iXXlll.
372 169 441 200 Alia
460 170 551 209 plura
563 171 744 201 Graecorum
762 173 887 202 Patrum
904 170 1087 201 testimonia
1109 170 1161 201 hic
1180 178 1255 200 sane
1283 177 1456 208 ροιιεςρτρῐδθ
1475 176 1614 206 possem,
1631 175 1698 208 quo
1711 176 1797 199 con-

167 223 253 248 stans
271 218 457 249 eorumdem
483 220 609 250 Patrum
641 220 680 250 de
696 220 817 258 Spiritu
844 224 953 250 sancto
978 228 995 249 τι
1016 219 1098 249 Filio
1116 219 1307 257 procedente
1325 218 1487 248 sententia
1507 218 1607 257 magis
1625 217 1797 256 magisque

168 268 377 299 elucesccret.
390 269 452 299 Sed
468 276 506 299 ex
522 268 672 307 superius
687 269 792 299 allatis
814 269 891 298 satis
908 276 1073 307 superque
1089 272 1287 307 compertum
1307 276 1378 298 esse
1390 267 1542 304 arbitror,
1559 276 1655 307 quam
1671 272 1798 298 temere

172 319 457 359 imprudenterque
475 321 645 359 protulerit
659 320 917 359 Theophylactus
934 328 970 351 ea
984 320 1077 350 verba
1097 331 1103 350 :
1121 319 1254 351 Ostende
1281 319 1371 350 nobis
1386 319 1524 355 Patrem,
1539 322 1600 350 etc.
1613 319 1676 349 Nos
1693 318 1799 348 multo

171 369 287 409 potiori
302 370 373 409 jure
390 373 419 400 et
434 369 542 408 ipsum
560 369 834 409 Theophylactum
847 373 877 401 et
893 373 1008 400 nostrae
1028 369 1129 400 aetatis
1150 369 1321 400 Photianos
1342 377 1513 407 provocare
1532 376 1719 408 possumus,
1743 373 1796 397 at-

170 430 233 460 que
252 422 366 451 iterum
382 420 561 460 iterumque
578 426 741 460 repetere:
758 421 918 452 Ostenditc
933 422 1022 452 nobis
1041 421 1266 458 Patres,etiam
1282 429 1321 451 ex
1337 421 1468 457 Grmcis,
1483 421 1537 460 qui
1555 425 1627 451 ante
1640 420 1798 450 Pbotiana

170 476 313 510 tempora
328 471 447 501 diserte
465 472 652 510 negaverint
680 472 834 510 Spiritum
860 475 1006 503 sanctum
1022 481 1037 503 a
1057 472 1142 502 Filio
1160 471 1345 510 procedere.
1363 472 1483 502 Verum
1501 471 1626 502 etiamsi
1645 469 1700 500 diu
1717 469 1800 498 mul-

172 525 294 560 tumque
304 521 489 559 fatigentur,
508 529 569 551 non
582 520 661 550 alios
674 520 826 559 profecto,
841 521 949 560 specie
966 522 1086 561 aliqua,
1105 522 1280 560 producere
1292 525 1428 561 queunt,
1442 530 1538 560 quam
1553 521 1797 551 Theodoretum

172 576 201 602 ct
216 574 445 603 Damascenum
462 581 618 611 :quorum
637 573 717 603 alter
733 573 788 603 hac
802 574 913 604 saltem
929 574 960 604 in
978 583 1010 604 re
1026 573 1180 613 probatus
1199 573 1307 611 procul
1327 573 1426 604 dubio
1443 582 1506 603 non
1523 577 1589 608 est;
1610 581 1680 603 cum
1701 571 1799 603 verba

173 621 265 651 nobis
281 621 402 660 objecta
415 621 446 651 in
464 627 502 650 eo
517 624 644 651 exstent
663 621 773 652 libello
786 630 883 660 quem
903 630 958 660 pro
973 623 1121 652 Nestorio
1135 622 1237 652 edidit
1262 626 1372 653 contra
1391 621 1561 661 Cyrillum,
1578 622 1702 660 quique
1718 629 1800 659 pro-

173 675 280 709 pterea
295 676 443 710 tanquam
462 671 630 703 lucreticus
652 671 691 701 ab
707 671 846 702 Ecclesia
871 671 1070 710 proscriptus
1086 671 1117 702 in
1137 672 1249 711 quinta
1263 673 1388 712 synodo
1405 675 1452 703 est
1470 672 1694 712 (praeterquam
1708 672 1799 711 quod

173 731 238 753 non
254 721 359 752 solum
379 732 418 752 ea:
436 723 533 759 Filio,
552 723 608 752 sed
625 722 720 752 etiam
749 730 808 761 per
824 721 941 752 Filium
956 730 1039 756 esse,
1068 721 1241 760 inliciatur)
1259 732 1266 751 :
1283 722 1363 753 alter
1381 731 1467 758 vero,
1486 723 1612 753 tametsi
1635 723 1750 753 doctus
1768 729 1801 752 et

175 773 258 810 pius,
276 781 347 802 cum
364 773 508 804 ﬂoruerit
524 773 641 803 smculo
657 772 809 802 duntaxat
824 776 946 809 octavo,
964 771 1150 803 nullatenus
1177 776 1224 802 est
1245 782 1316 803 cum
1344 773 1539 810 Athanasiis,
1560 773 1700 810 Basiliis,
1723 774 1801 810 Epi—

176 824 314 862 phaniis,
331 825 461 863 Cyrillis
476 825 616 864 aliisque
633 824 794 860 Patribns,
812 825 867 863 qui
882 823 1024 863 dogmati
1037 828 1145 854 nostro
1172 828 1280 862 aperte
1296 824 1414 860 lavent,
1442 825 1631 855 auctoritate
1663 832 1799 862 compa-

175 875 304 905 randus.
323 876 408 912 Quid
429 884 516 911 vero,
535 875 561 906 si
583 884 622 906 ne
638 875 693 906 ille
709 875 840 914 quidem
859 875 951 906 nobis
970 875 1075 914 reipsa
1091 875 1302 906 adversetur?
1320 876 1478 914 Equidem
1502 875 1557 905 lib.
1575 885 1596 910 ι,
1612 876 1652 904 De
1667 875 1726 914 [ille
1742 883 1798 903 cr-

170 926 327 962 lltodoxa,
343 936 412 966 cap.
429 928 477 962 11,
497 929 561 958 haec
572 927 666 958 habet
689 937 695 958 :
712 932 763 958 Τδν
783 931 812 958 δὲ
830 932 894 958 Yle
908 941 919 958 ο

1052 932 1175 967 λέγομεν,
1189 927 1307 958 Filium
1318 936 1390 957 vero
1409 936 1472 957 non
1491 926 1624 957 dicimus
1637 931 1801 956 auctorem

173 987 234 1009 seu
250 979 458 1018 principium.
480 981 512 1009 Et
525 979 620 1018 paulo
636 983 726 1018 post:
748 985 794 1011 Ἐκ
809 984 856 1011 τοῦ
873 985 920 1011 Υξο

1054 984 1111 1019 ὗμσ.
1126 985 1157 1011 οὗ
1173 985 1300 1021 λέγομεν,
1315 985 1428 1020 Πνεῦμα
1442 985 1469 1011 δὲ
1483 985 1548 1015 Υἱοῦ
1564 985 1748 1022 ὀνομάζομεν,
1759 989 1802 1011 cz

174 1028 260 1058 Filio
275 1034 377 1058 autem
392 1029 547 1068 Spiritum
563 1039 627 1060 non
656 1029 789 1061 dicimus
803 1031 856 1072 (α),
873 1030 926 1060 sed
940 1040 1006 1060 cum
1026 1030 1104 1061 Filii
1118 1031 1277 1070 Spiritum
1294 1032 1507 1063 nominamus.
1524 1035 1562 1064 Et
1582 1042 1650 1071 cap.
1670 1033 1726 1062 l3:
1745 1036 1802 1063 Καὶ

177 1076 241 1103 Tia-3
255 1077 323 1103 δὲτὸ
336 1078 448 1112 Πιεῦμα
464 1078 512 1113 οὐχ
530 1078 568 1110 ὡς
579 1079 608 1112 ἐξ
620 1080 714 1113 αὑτοῦ,
726 1080 784 1107 ἀλλ’
802 1080 838 1112 ὡς
852 1081 886 1107 δι’
902 1080 985 1107 αὑτοῦ
1008 1081 1041 1106 ὲκ
1067 1079 1114 1107 τοῦ
1131 1081 1238 1116 Πατρδς
1261 1082 1480 1116 ἐκπορευόμενον
1494 1091 1500 1097 ·
1520 1083 1601 1118 μόνος
1614 1085 1668 1118 γὰρ
1685 1083 1773 1113 αἴτιος
1786 1082 1803 1107 ὁ

174 1127 282 1162 Πατήρ.
298 1123 358 1154 Sed
373 1129 402 1154 et
417 1125 496 1155 Filii
510 1125 651 1163 Spiritus
663 1131 724 1163 est;
737 1136 800 1157 non
811 1132 958 1167 tanquam
973 1136 1013 1158 ex
1024 1127 1105 1166 ipso,
1127 1127 1181 1157 sed
1194 1127 1277 1167 quod
1287 1137 1344 1167 per
1354 1128 1456 1168 ipsum
1468 1139 1506 1159 ex
1516 1129 1610 1159 Patre
1624 1129 1800 1168 procedat:

174 1172 260 1203 solus
278 1174 360 1204 enim
374 1174 472 1204 Pater
485 1179 598 1206 auctor
612 1185 666 1206 seu
678 1177 876 1216 principium
893 1182 950 1207 cst.

216 1237 364 1268 XXXIV.
382 1238 451 1268 Non
469 1240 665 1277 negaverim,
687 1240 780 1270 verba
798 1240 866 1271 haec
883 1241 975 1272 nobis
996 1242 1028 1273 in
1046 1242 1188 1281 speciem
1209 1250 1279 1273 eSSe
1298 1245 1454 1274 contraria
1478 1255 1485 1274 :
1507 1252 1562 1283 pro
1578 1248 1664 1275 certo
1679 1247 1787 1274 tamen

177 1287 345 1323 habemus,
362 1289 549 1319 Damasceni
579 1293 718 1320 mentem
735 1298 752 1320 a
768 1290 914 1330 dogmate
939 1292 1026 1331 quod
1051 1288 1180 1322 tuemur
1196 1291 1328 1323 minime
1342 1301 1413 1324 esse
1432 1294 1581 1325 alienam.
1604 1294 1681 1324 Nam
1702 1293 1799 1332 juxta

176 1340 336 1370 diversam
357 1340 519 1371 notionem
536 1344 566 1371 et
579 1340 694 1376 ideam,
708 1349 778 1379 quae
794 1341 964 1380 subjicitur
979 1342 1144 1380 particula;
1158 1347 1197 1379 ἐξ,
1214 1351 1263 1374 ex.
1280 1346 1311 1373 et
1337 1343 1461 1373 nomini
1476 1349 1572 1380 αἴτιος,
1586 1343 1801 1382 principium,

176 1389 226 1420 vel
244 1389 391 1420 aﬂirmari
416 1394 530 1430 potest,
549 1390 599 1421 vel
617 1391 711 1422 etiam
743 1392 863 1431 negari,
880 1401 952 1423 cum
967 1392 1122 1431 Spiritum
1154 1396 1299 1424 sanctum
1329 1402 1401 1424 esse
1419 1403 1457 1424 ex
1484 1395 1581 1431 Filio,
1596 1399 1662 1424 tum
1681 1393 1800 1423 Filium

179 1445 278 1478 αἴτιον,
289 1441 489 1480 principium
504 1449 575 1472 esse
591 1441 730 1481 Spiritus
745 1442 858 1472 sancti.
876 1443 953 1473 Nam
969 1443 996 1473 si
1011 1443 1072 1473 vim
1089 1442 1222 1473 istiusce
1241 1443 1326 1473 vocis
1342 1443 1505 1482 inspicias,
1516 1445 1579 1475 duo
1596 1444 1661 1474 haec
1672 1442 1801 1481 signiti-

176 1495 236 1527 cal,
254 1491 376 1521 scilicet
394 1499 464 1521 esse
484 1491 632 1530 primum,
653 1494 684 1522 et
697 1500 767 1522 esse
783 1499 909 1522 causam
926 1492 1070 1528 alterius,
1086 1492 1308 1531 cujuscunque
1320 1492 1360 1523 sit
1375 1493 1502 1532 generis
1521 1502 1628 1524 causa.
1644 1495 1703 1524 Sed
1724 1499 1755 1526 et
1771 1498 1802 1525 τὸ

175 1542 313 1581 primum
324 1543 459 1580 spectari
478 1541 652 1580 dupliciter
668 1545 792 1581 potest;
807 1541 855 1572 vel
873 1542 1025 1579 absolute,
1044 1551 1117 1573 cum
1134 1543 1214 1573 nihil
1232 1544 1265 1574 iu
1279 1551 1316 1574 eo
1338 1552 1456 1582 genere
1478 1544 1568 1583 prius
1586 1553 1658 1575 esse
1675 1545 1800 1575 intelli-

175 1592 278 1630 gitur;
295 1592 344 1623 vel
357 1593 500 1629 relative,
517 1592 667 1622 nimirum
684 1592 717 1622 in
733 1591 847 1622 ordine
875 1593 913 1623 ad
930 1592 1029 1627 aliud,
1052 1592 1137 1631 quod
1156 1601 1194 1622 ex
1211 1592 1269 1623 illo
1296 1598 1469 1632 promanat.
1490 1595 1615 1632 Duplex
1631 1595 1726 1625 etiam
1748 1600 1799 1626 est

176 1646 263 1678 «tcta,
282 1650 378 1672 causa
393 1652 403 1670 :
419 1640 515 1671 altera
530 1640 761 1679 primordialis,
776 1650 834 1672 seu
849 1641 1051 1680 primigenia,
1067 1650 1139 1680 qua:
1156 1643 1352 1680 producendi
1372 1644 1433 1674 vim
1452 1645 1491 1675 ab
1507 1645 1569 1676 alia
1585 1654 1649 1676 non
1670 1647 1800 1685 recipit,

177 1692 233 1722 sed
259 1691 352 1722 habet
377 1699 394 1721 a
423 1699 474 1727 se;
492 1699 626 1729 eamque
651 1691 753 1722 Graeci
781 1691 968 1730 appellitant
984 1698 1246 1732 προκαταρκτικήνς
1265 1694 1327 1725 alia
1344 1703 1418 1725 vero
1438 1696 1585 1732 secunda,
1603 1705 1675 1735 quas
1696 1706 1803 1728 causae

179 1742 315 1782 principi
334 1741 477 1781 subjecta
491 1745 548 1778 est,
564 1745 671 1779 utpote
691 1751 730 1773 ex
746 1751 808 1781 qua
819 1742 935 1782 agendi
957 1743 1019 1773 vim
1046 1743 1180 1780 obtinet,
1203 1749 1233 1774 ct
1250 1753 1387 1784 quacum
1407 1750 1558 1784 operatur
1573 1750 1604 1777 et
1619 1747 1683 1786 agit
1703 1748 1802 1786 quid-

177 1793 253 1832 quid
270 1793 347 1832 agit.
367 1793 404 1823 Ut
421 1794 557 1831 priorem
576 1793 662 1823 illam
678 1792 859 1832 exprimant
875 1793 989 1831 Gnaei,
1003 1793 1206 1832 frequentius
1221 1799 1356 1826 utuntur
1369 1795 1524 1834 particuia
1539 1800 1581 1832 ἐξ,
1595 1805 1654 1830 ex;
1674 1800 1708 1826 ut
1722 1805 1800 1827 vero

177 1843 322 1874 iudicent
339 1842 562 1880 posteriorem,
582 1842 772 1882 plerumque
786 1842 938 1872 adhibent
951 1842 1136 1881 particulam
1151 1842 1206 1879 διὰ,
1217 1852 1285 1882 per.
1304 1844 1341 1874 Et
1359 1843 1407 1874 lue
1420 1843 1551 1883 quidem
1569 1845 1734 1882 particula;
1744 1854 1782 1876 ac

177 1892 443 1924 commodatiores
470 1891 523 1923 tali
539 1892 650 1922 sensui
672 1891 837 1922 fundendo
848 1895 924 1922 sunt
942 1904 948 1923 :
965 1900 1037 1922 nam
1069 1893 1221 1932 particula
1236 1893 1278 1929 ἐξ,
1305 1902 1355 1930 ex,
1373 1892 1454 1923 nihil
1483 1902 1538 1932 per
1553 1902 1587 1924 se
1603 1894 1723 1925 indicat
1746 1898 1802 1925 aut

178 1945 332 1985 supponit
351 1945 493 1976 anterius
514 1953 521 1974 ι
541 1953 650 1975 verum
669 1944 823 1983 particula
841 1948 896 1980 διὰ,
915 1952 982 1982 per,
997 1945 1037 1975 ita
1053 1953 1156 1976 causae
1176 1954 1233 1976 seu
1251 1944 1399 1984 principii
1418 1944 1571 1975 rationem
1588 1945 1749 1984 exprimit.
1769 1950 1802 1975 ut

177 1998 316 2038 priorem
332 1997 427 2028 aliam
445 2001 475 2028 et
491 1996 620 2036 quidem
635 1995 811 2035 principem
837 2005 965 2027 causam
983 1997 1082 2027 menti
1109 1997 1269 2028 exhibeat.
1295 1997 1523 2026 Verumtamen
1554 1995 1689 2026 istarum
1705 2005 1800 2026 usum

179 2048 407 2085 particularum
423 2055 485 2077 non
504 2048 543 2077 ita
559 2047 658 2078 Graeci
687 2050 857 2083 coarctant,
873 2047 950 2085 quin
969 2051 999 2077 et
1016 2047 1169 2086 particula
1184 2046 1223 2079 ἐξ.
1240 2056 1290 2082 ex,
1307 2055 1411 2077 causa)
1425 2046 1579 2082 secundaz,
1597 2050 1626 2077 et
1645 2047 1801 2084 particula

178 2099 233 2136 διὰ,
248 2108 316 2138 per,
335 2097 570 2137 primordialis,
587 2105 645 2138 seu
660 2098 901 2131 προκαταρκτικῆς
916 2106 927 2127 s

1050 2099 1133 2129 indm
1148 2098 1248 2137 gratia
1267 2098 1430 2128 interdum
1447 2100 1594 2132 utantur;
1607 2096 1734 2134 quoties
1751 2097 1799 2126 ni-

179 2151 295 2181 mirum
319 2150 351 2179 in
377 2149 441 2179 illis
466 2149 572 2178 solum
601 2148 780 2186 inspiciunt
796 2148 1062 2187 signiﬁcationem
1081 2149 1180 2185 illam,
1199 2149 1231 2179 in
1244 2157 1307 2186 qua
1331 2149 1431 2179 amba;
1454 2147 1663 2182 conveniunt,
1682 2155 1799 2185 nempe

176 2208 282 2230 causae
307 2198 544 2238 qualiscunque
561 2197 736 2234 rationem;
753 2197 898 2238 adeoque
914 2198 952 2228 ad
969 2207 1134 2230 causarum
1161 2198 1345 2233 discrimen,
1375 2197 1428 2228 cui
1447 2197 1655 2236 signiﬁcando
1684 2196 1734 2226 vel
1752 2196 1800 2227 in-

178 2249 310 2281 nuendo
326 2248 425 2287 magis
438 2248 583 2278 videntur
602 2247 736 2283 idoneae,
755 2247 886 2278 minime
902 2249 1081 2279 attendunt.
1100 2248 1186 2279 Hinc
1207 2256 1283 2279 vero
1302 2247 1510 2286 perspicuum
1530 2247 1799 2285 exploratumque

178 2302 224 2339 lit,
237 2300 330 2340 juxta
343 2299 500 2331 diversam
519 2298 629 2329 barum
649 2298 875 2337 particularum
891 2298 1056 2329 notionem
1066 2297 1211 2329 aiﬁrmari
1227 2306 1333 2337 posse,
1349 2297 1500 2336 Spiritum
1517 2301 1658 2326 sanctum
1680 2305 1745 2326 esse
1761 2305 1801 2326 ca:

178 2351 276 2388 Filio,
290 2355 320 2382 ei
333 2360 396 2381 non
406 2360 471 2381 esse
487 2360 526 2381 ex
541 2350 638 2386 Filio,
657 2359 720 2379 esse
740 2358 779 2379 ea:
801 2349 895 2379 Patre
909 2358 967 2388 per
981 2349 1111 2385 Filium,
1129 2352 1159 2380 et
1176 2358 1239 2379 esse
1259 2357 1318 2388 per
1345 2347 1469 2377 Patrem
1485 2351 1512 2376 ct
1539 2347 1664 2376 Filium.
1682 2346 1802 2384 Reipsa

177 2401 377 2441 multiplices
391 2402 448 2432 has
464 2400 619 2440 loquendi
638 2399 776 2430 rationes
789 2399 822 2430 in
842 2400 959 2430 Graecis
972 2400 1115 2431 Patribus
1131 2399 1277 2439 reperiri,
1300 2408 1338 2430 ει
1356 2407 1466 2430 eorum
1484 2397 1636 2433 textibus,
1653 2404 1737 2433 quos
1752 2401 1801 2426 at-

178 2454 312 2485 tulimus
327 2461 435 2492 supra,
451 2451 650 2490 exploralum
667 2455 725 2482 est.
744 2450 794 2482 Sic
810 2451 918 2490 itaque
945 2454 975 2481 et
996 2450 1185 2482 Damasceni
1203 2449 1297 2480 verba
1319 2449 1412 2480 nobis
1429 2448 1551 2487 objecta
1566 2446 1729 2485 explicare
1748 2454 1802 2484 par

175 2507 237 2540 est,
252 2503 341 2543 quod
360 2510 476 2540 nempe
506 2500 680 2537 inficietur,
697 2500 850 2539 Spiritum
882 2499 924 2530 dit

1053 2508 1117 2529 esse
1146 2508 1185 2529 ea:
1211 2498 1306 2534 Filia,
1324 2502 1475 2537 tanquam
1490 2496 1519 2528 ἐξ
1535 2495 1624 2527 αἰτίας
1639 2501 1801 2530 προκαταρ-

176 2553 284 2586 κτικῆς,
300 2560 317 2582 a
339 2560 432 2582 causa
449 2550 636 2590 primigenia
649 2558 684 2580 ac
697 2549 901 2588 primordiali
915 2549 1088 2588 principio,
1102 2549 1186 2588 quod
1210 2555 1272 2578 non
1289 2547 1328 2578 ab
1351 2547 1413 2577 alio
1431 2545 1627 2586 producendi
1649 2545 1800 2576 virtutem

175 2603 354 2642 acceperit;
370 2606 465 2641 atque
486 2602 543 2631 hac
560 2602 680 2632 ratione
695 2600 800 2631 solum
822 2602 942 2631 Patrem
957 2609 1027 2631 esse
1054 2601 1150 2633 αἴτιον,
1169 2605 1326 2630 auctorem
1342 2599 1411 2630 sive
1433 2598 1631 2638 principium
1656 2597 1754 2636 (quod
1771 2599 1801 2626 et

178 2663 236 2686 nos
254 2653 479 2686 lubentissime
495 2653 674 2684 asserimus
692 2660 727 2684 ac
743 2652 929 2691 probamus)
948 2664 955 2682 :
973 2660 1035 2682 non
1062 2655 1168 2682 autem
1197 2654 1303 2690 neget,
1317 2650 1473 2689 Spiritum
1489 2658 1561 2680 esse
1578 2658 1617 2680 ex
1629 2648 1714 2679 Filio
1730 2653 1799 2679 tan-

212 2758 251 2792 (a)
267 2757 375 2790 Mirum,
386 2756 457 2792 quod
471 2756 592 2791 proferre
608 2756 660 2784 hoc
674 2755 793 2790 potuerit
809 2754 957 2783 Damasccn

219 2793 301 2820 Filio.
314 2797 344 2820 ut
354 2793 482 2820 vidimus.

1052 2760 1083 2779 un
1102 2756 1157 2779 tam
1177 2753 1252 2781 multi
1264 2752 1359 2780 Patres
1385 2755 1449 2780 ante
1477 2759 1540 2780 eum
1574 2750 1706 2783 dixerint,
1741 2757 1801 2778 esse

177 2802 208 2822 ex
219 2793 301 2826 Filio,
314 2797 344 2820 ut
354 2793 482 2820 vidimus.
