1897 3052
86 126 135 157 £61
515 124 555 154 IN
577 98 791 159 SEQUENT‘IA
807 123 1098 155 THEOPHYLACTI
1127 125 1295 157 SCRIPTA.
1655 126 1707 156 £62

89 189 184 219 quam
213 189 251 211 ex
283 187 389 216 causa,
417 186 476 209 seu
500 178 661 217 principio
680 177 879 213 secundario,
903 179 989 217 quod
1026 179 1123 210 simul
1151 188 1223 211 cum
1257 181 1346 210 Patre
1378 181 1527 218 operetur
1545 201 1552 214 ,
1580 185 1610 211 et
1635 176 1708 220 qui-

91 232 161 261 [lem
177 231 289 261 eadem
307 229 407 261 Patris
424 229 542 260 virtute
558 228 620 258 sibi
642 228 886 265 communicata,
904 234 933 260 et
951 229 982 259 in
1002 238 1050 266 se,
1069 234 1226 268 quatenus
1245 235 1292 261 est
1319 239 1414 260 unum
1435 241 1503 262 cum
1529 232 1633 269 Patre,
1656 242 1706 264 re-

90 286 191 320 cepta.
215 281 379 319 producat.

129 330 264 360 XXXV.
282 330 330 360 Ab
349 329 408 359 hoc
423 328 593 359 inﬁciendo
611 328 736 360 alienus
755 329 835 359 adeo
855 329 1036 360 censendus
1060 334 1107 360 est
1133 331 1358 368 Damascenus,
1381 336 1413 362 ut
1433 333 1539 371 potius
1569 334 1601 365 id
1622 343 1710 366 asse-

90 389 159 411 rerc
177 379 410 419 intelligendus
425 378 466 409 sit
483 387 521 409 eo
536 379 606 417 ipso
621 378 707 417 quod
724 378 850 413 subdat,
867 378 1022 417 Spiritum
1049 383 1192 410 sanctum
1214 389 1277 410 esse
1296 389 1353 420 per
1367 381 1496 413 Filium.
1515 383 1599 419 Quid
1621 385 1708 415 enim

90 432 302 466 Damasceno,
320 429 398 468 quid
418 428 540 459 crrteris
562 427 706 458 Patribus
721 427 776 466 qui
793 427 850 458 hac
867 428 1020 467 loquendi
1035 427 1167 461 founula
1186 430 1235 460 usi
1253 429 1353 466 fuere,
1368 429 1524 470 signiticet
1539 430 1639 468 aliud,
1655 437 1710 463 aut

88 481 272 520 signiﬁcare
288 482 384 520 queat
397 483 428 509 τὸ
440 487 498 518 per
525 476 655 514 Filium,
675 486 780 517 neque
804 486 876 516 ego,
892 486 999 517 neque
1027 478 1111 509 alius
1140 479 1299 518 quispiam
1332 479 1500 518 intelliget.
1518 482 1594 511 Cum
1621 482 1708 513 enim

89 531 247 571 particula
263 533 317 567 sti,
333 538 404 569 per,
419 529 477 560 tria
490 529 590 559 valeat
606 528 760 565 indicare,
778 537 892 568 nempe
909 539 1033 560 causam
1048 529 1241 568 efﬁcientem,
1260 531 1436 569 praesertim
1452 539 1524 570 qua;
1549 537 1618 571 agat
1642 532 1707 563 vir-

88 585 155 613 tute
187 581 227 611 ab
246 580 311 611 alio
333 584 475 619 recepta;
496 579 630 618 insuper
645 578 751 608 solum
773 580 1014 609 instrumentum
1036 579 1189 613 inanime;
1205 587 1241 610 ac
1267 580 1398 611 demum
1432 581 1606 612 vehiculum
1624 583 1708 613 iners

88 631 180 662 nulla
199 630 367 669 praeditum
383 629 530 668 energia;
550 628 687 666 primum
701 628 904 659 solummodo
923 632 1025 667 potest
1046 629 1085 659 ab
1114 629 1202 660 omni
1217 628 1461 668 imperfectione
1472 630 1612 670 sejungi,
1630 632 1707 662 reli-

86 689 153 721 qua
168 681 236 711 duo
255 678 454 711 manifestam
470 677 745 718 imperfectionem
770 677 948 708 involvunt.
966 679 1011 708 Ex
1028 686 1092 717 quo
1112 686 1315 718 consequens
1336 683 1394 715 est,
1414 680 1600 718 particulam
1623 680 1709 711 illam

88 731 222 762 nonnisi
247 731 280 760 in
303 738 403 760 sensu
423 729 528 768 priore
553 736 646 767 posse
663 729 696 759 in
718 728 838 758 divinis
858 729 897 759 de
931 729 1017 759 Filio
1048 729 1222 760 enuntiari.
1241 730 1285 759 Ita
1306 729 1405 769 igitur
1426 731 1642 761 Damascanns
1658 731 1708 761 in—

90 782 255 813 tellexerit
272 783 411 819 oportet,
429 779 585 818 Spiritum
601 781 746 809 sanctum
766 779 951 817 procedere,
968 787 1027 809 seu
1051 787 1122 809 esse
1138 787 1194 818 per
1221 778 1348 815 Filium,
1363 779 1443 810 sicut
1461 788 1573 810 omnes
1592 780 1707 811 Catho-

88 836 141 866 lici
158 833 395 872 intelliguntea
409 830 580 868 Scriptura;
598 830 704 866 verba,
722 829 834 860 Omnia
860 838 917 869 per
934 830 1035 868 ipsum
1050 831 1135 868 facta
1163 835 1235 860 sunt
1251 841 1260 860 :
1281 835 1312 861 et
1327 839 1390 870 qua
1408 831 1530 862 ratione
1554 832 1598 862 ait
1613 832 1708 863 etiam

88 885 244 924 Gyrillus,
262 890 335 913 eum
353 881 526 920 procedere
540 889 599 920 per
609 880 746 917 Patrem,
766 883 798 910 ut
813 888 926 919 nempe
942 879 1046 910 Filius
1064 880 1249 911 nullatenus
1265 881 1451 912 excludatur
1467 891 1482 912 a
1497 882 1709 920 productione

87 934 230 973 Spiritus
252 933 365 968 sancti,
391 932 536 970 adeoque
559 931 605 962 sic
633 931 800 963 statuenda
817 939 867 962 res
883 934 931 961 est
947 939 954 961 :
975 931 1065 961 Pater
1078 931 1182 970 primo
1196 936 1223 961 et
1237 932 1472 972 principaliter,
1489 941 1546 963 seu
1564 934 1706 972 primor-

87 983 229 1022 dialitcr,
251 986 499 1021 προκαταρχτικῶς
519 981 670 1020 producit
700 980 853 1020 Spiritum
870 983 1014 1010 sanctum
1038 984 1199 1019 quatenus
1223 985 1337 1020 suapte
1359 982 1475 1013 virtute
1495 991 1511 1013 a
1526 983 1616 1015 nullo
1644 983 1708 1015 alio

90 1041 218 1075 recepta
235 1034 398 1074 producit;
411 1033 557 1071 adeoque
572 1032 710 1070 primum
730 1031 863 1062 omnino
879 1033 937 1067 est,
955 1030 1148 1070 nullumque
1168 1033 1387 1071 praesupponit
1402 1034 1557 1071 anterius,
1574 1043 1609 1066 ac
1638 1045 1711 1067 vero

89 1089 320 1126 προκαταρκτικὴ
334 1089 408 1117 αἰτίαι
427 1084 565 1124 Spiritus
588 1083 699 1114 sancti.
717 1083 838 1113 Produc

963 1090 977 1112 a
999 1091 1056 1121 per
1074 1083 1205 1120 Filium,
1221 1087 1380 1123 quatenus
1397 1085 1499 1117 virtus
1519 1086 1573 1117 illa
1593 1088 1712 1126 produ-

89 1138 171 1168 ctrix
194 1145 256 1168 una
272 1137 449 1175 eademque
477 1139 525 1166 est
541 1143 614 1166 cum
631 1134 741 1164 divina
768 1137 880 1164 natura
896 1133 981 1164 Filio
1008 1133 1242 1165 communicata
1260 1138 1290 1165 et
1316 1135 1348 1165 in
1366 1135 1437 1174 ipso
1450 1141 1588 1176 recepta.
1603 1138 1710 1174 Quare

93 1188 242 1226 producit
265 1188 362 1217 etiam
382 1187 486 1217 Filius
502 1186 533 1216 vi
550 1189 579 1216 et
595 1185 719 1216 actione
734 1193 750 1215 a
772 1186 862 1216 Patre
883 1188 1029 1223 recepta;
1048 1192 1111 1215 non
1130 1184 1278 1223 producit
1303 1194 1379 1217 vero
1395 1187 1513 1217 virtute
1532 1188 1659 1226 propria
1681 1192 1712 1219 et

89 1238 290 1276 primigenia,
307 1245 366 1268 seu
391 1245 488 1276 quam
501 1244 565 1267 non
591 1235 749 1274 receperit
772 1235 811 1265 ab
834 1234 972 1274 ipsomet
988 1236 1089 1270 Patre,
1108 1243 1214 1274 neque
1229 1235 1355 1267 actione
1369 1236 1495 1268 diversa
1513 1240 1544 1268 et
1560 1237 1711 1269 distincta

91 1291 131 1320 ab
143 1292 269 1321 actione
283 1289 393 1320 Patris.
411 1290 494 1320 Hinc
509 1289 536 1319 si
555 1288 655 1319 virtus
669 1291 701 1318 et
716 1287 798 1318 actio
811 1285 879 1324 illa,
897 1295 960 1326 qua
977 1287 1165 1326 producitur
1181 1287 1320 1326 Spiritus
1339 1296 1480 1325 sanctus,
1499 1291 1660 1328 spectetur
1678 1295 1712 1321 ut

90 1349 109 1371 a
122 1341 213 1371 Patre
231 1342 369 1378 recepta,
388 1337 614 1378 propriissime
630 1336 748 1368 dicitur
770 1335 910 1375 Spiritus
929 1337 1103 1375 procedere
1118 1346 1137 1366 α
1154 1336 1251 1366 Patre
1264 1345 1324 1376 per
1338 1337 1475 1372 Filium,-
1494 1342 1524 1369 at
1551 1339 1577 1369 si
1599 1340 1710 1371 eadem

91 1391 195 1421 virtus
211 1393 242 1420 et
257 1389 339 1420 actio
361 1388 583 1419 consideretur
605 1390 640 1418 ut
655 1387 735 1418 facta
758 1386 823 1425 jam
851 1386 978 1425 propria
997 1386 1087 1423 Filii,
1103 1386 1250 1425 adeoque
1264 1387 1383 1417 Filium
1400 1387 1554 1425 alliciens,
1570 1397 1711 1430 eumque

91 1441 293 1472 constituens
309 1443 461 1474 actorem,
478 1439 526 1469 sic
539 1438 603 1468 dici
619 1439 690 1477 jure
707 1437 828 1476 optimo
841 1439 955 1475 potest,
972 1436 1125 1475 Spiritum
1142 1437 1236 1468 etiam
1254 1437 1427 1476 procedere
1443 1447 1493 1472 ex,
1509 1437 1587 1468 vela
1601 1439 1686 1470 Filio
1701 1450 1712 1470 :

91 1494 138 1523 ita
164 1497 270 1523 tamen
289 1495 323 1522 ut
338 1491 367 1522 si
384 1490 549 1531 particulm
565 1500 604 1521 ea:
621 1490 766 1529 illigetur
781 1489 973 1528 signiﬁcatio
985 1488 1181 1528 primigenii,
1201 1496 1259 1519 seu
1282 1489 1380 1528 primi
1399 1489 1530 1520 omnino
1544 1490 1711 1530 principii,

91 1548 339 1585 tpexztapxttxﬁq
354 1546 454 1579 αἰτίας,
477 1549 570 1581 aequo
586 1541 658 1580 jure
675 1539 784 1579 negari
803 1547 840 1578 νο

962 1539 1085 1569 iiritum
1116 1539 1291 1578 procedere
1307 1548 1345 1570 ex
1362 1539 1456 1570 Filio.
1479 1540 1518 1570 Ut
1538 1540 1637 1580 igitur
1653 1550 1711 1581 pax

93 1600 124 1625 et
141 1594 314 1625 consensio
331 1600 387 1623 nes
405 1592 488 1622 inter
501 1596 531 1622 et
547 1593 685 1628 Grmcos,
697 1591 801 1630 quoad
817 1599 955 1629 prtesens
969 1595 1063 1629 caput
1079 1591 1204 1626 attinet,
1223 1591 1471 1630 redintegratur,
1489 1599 1552 1623 non
1570 1593 1660 1624 aliud
1672 1596 1713 1625 ab

91 1648 143 1678 eis
160 1645 360 1685 postulamus
376 1652 470 1684 quam
502 1648 537 1674 ut
555 1643 750 1683 tequissimae
775 1642 851 1673 huic
878 1642 1057 1672 conditioni
1081 1643 1297 1682 acquiescant.
1327 1643 1388 1673 Nos
1416 1651 1487 1673 cum
1517 1644 1714 1679 Damasceno

90 1699 123 1725 οὐ
139 1698 263 1733 λέξομεν,
276 1696 400 1726 minimc
415 1696 562 1731 dicemus,
579 1694 645 1725 imo
667 1694 775 1729 etiam,
792 1694 817 1723 si
834 1692 956 1729 malint,
970 1693 1161 1732 negabimus,
1175 1694 1330 1732 Spiritum
1346 1698 1489 1725 sanctum
1504 1702 1574 1725 esse
1589 1703 1606 1725 a
1617 1695 1713 1730 Filio.

91 1750 245 1784 tanquam
257 1745 379 1776 scilicet
392 1753 431 1776 ex
440 1743 645 1785 primordiali
658 1743 833 1783 principio,

963 1747 1137 1781 εαταρκτικῆς
1153 1747 1254 1780 αἰτίας,
1271 1743 1421 1782 quodque
1433 1748 1584 1782 operetur
1599 1744 1712 1775 virtute

91 1798 123 1825 et
139 1794 267 1825 actione
285 1795 411 1825 diversa
427 1803 443 1825 a
459 1794 578 1825 virtute
597 1797 627 1824 et
654 1793 780 1823 actione
796 1791 909 1828 Patris,
932 1796 964 1823 et
992 1801 1055 1823 non
1071 1792 1110 1823 ab
1131 1793 1246 1824 eodem
1272 1794 1362 1823 Patre
1386 1797 1524 1832 recepta.
1542 1795 1590 1825 Illi
1605 1800 1715 1827 contra

88 1835 265 1882 fateantur,
278 1845 434 1884 Spiritum
461 1853 479 1876 a
508 1844 594 1875 Filio
612 1851 695 1878 esse,
714 1847 864 1881 tanquam
880 1851 896 1873 a
912 1843 1100 1873 secundaria
1127 1851 1235 1880 causa,
1254 1844 1324 1873 sive
1349 1844 1506 1883 principio
1523 1846 1605 1876 Patri
1634 1847 1712 1877 sul)-

86 1892 186 1932 jecto,
201 1895 383 1935 virtuteque
404 1895 442 1925 ab
456 1894 594 1934 ipsemet
615 1894 706 1924 Patre
724 1895 848 1931 recepta
861 1896 1023 1931 operante,
1040 1892 1104 1923 imo
1122 1898 1153 1923 et
1168 1893 1278 1923 eadem
1295 1894 1394 1923 Patris
1411 1894 1536 1925 actione
1556 1895 1617 1925 sibi
1630 1904 1715 1927 com-

92 1945 252 1975 municata
270 1953 331 1976 una
348 1952 421 1975 cum
439 1947 550 1974 natura
566 1942 687 1973 divina.

134 1996 283 2027 XXXVI.
305 1995 354 2026 Nil
371 2003 469 2034 porro
486 1993 720 2033 impedimento
732 2000 803 2023 esse
820 1992 934 2022 merito
951 1995 1064 2030 potest,
1082 1992 1257 2031 quominus
1272 1992 1332 2028 sic,
1344 1997 1447 2023 amota
1463 1993 1590 2024 dissidii
1605 2004 1713 2026 causa.

92 2047 223 2087 tandem
239 2045 413 2085 aliquando
431 2044 569 2075 invicem
596 2043 766 2074 redeamus
782 2042 814 2072 in
831 2041 974 2080 gratiam.
996 2042 1079 2079 Quid
1106 2042 1205 2078 enim,
1221 2045 1275 2072 aut
1300 2050 1395 2081 quam
1411 2042 1453 2073 ob
1476 2051 1541 2074 rem
1567 2045 1712 2078 Photiani

92 2101 240 2138 pugnant
256 2100 365 2128 contra
378 2095 532 2127 Latinos?
551 2103 607 2134 pro
627 2093 808 2132 simplicine
825 2099 901 2122 voce
922 2093 961 2127 ἐξ,
981 2102 1033 2128 ex,
1056 2101 1095 2124 an
1113 2101 1169 2132 pro
1189 2102 1222 2124 re
1250 2092 1429 2132 signiﬁcata
1459 2101 1515 2132 per
1530 2097 1666 2126 vocem?
1681 2097 1712 2127 Si

91 2148 249 2188 primum,
267 2146 346 2177 nihil
364 2146 544 2185 indignius.
558 2145 711 2184 quodque
730 2145 829 2184 magis
844 2146 998 2176 dedeceat
1015 2143 1169 2181 inclytam
1193 2143 1356 2174 nationem
1373 2143 1575 2182 Grtecorum;
1589 2145 1615 2175 si
1631 2145 1712 2176 alte-

92 2204 176 2233 rum,
193 2202 306 2234 quaeso
326 2194 425 2234 igitur
454 2193 627 2232 explicent,
643 2200 705 2231 qua
724 2193 848 2224 ratione
875 2194 964 2223 Pater
981 2201 1039 2231 per
1053 2191 1172 2222 Filium
1201 2192 1354 2231 producat
1373 2193 1527 2232 Spiritum
1556 2198 1712 2233 sanctum,

91 2246 217 2282 absque
230 2251 269 2273 eo
286 2243 372 2282 quod
398 2246 550 2280 operetur
565 2245 596 2272 et
610 2242 714 2272 Filius
730 2242 767 2272 ad
786 2242 1030 2282 productionem
1051 2241 1190 2280 Spiritus
1206 2241 1321 2279 sancti,
1337 2242 1485 2283 adquuc
1509 2244 1613 2284 reipsa
1636 2254 1713 2285 pro-

91 2294 186 2324 ducat
203 2303 212 2325 :
228 2293 260 2323 id
274 2292 357 2322 enim
375 2291 465 2322 nullo
480 2290 594 2321 mentis
610 2294 725 2321 conatu
746 2290 884 2330 intelligi
903 2294 1020 2330 potest.
1035 2291 1188 2321 Praeterea
1201 2290 1229 2321 si
1246 2291 1347 2322 Filius
1364 2293 1596 2332 productricem
1613 2295 1715 2327 Patris

91 2344 253 2375 actionem
270 2335 323 2372 vel
338 2341 443 2372 solum
462 2339 586 2371 deferat
603 2343 752 2380 tanquam
765 2340 952 2376 vehiculum,
975 2340 1022 2372 vel
1042 2340 1072 2371 in
1090 2349 1124 2371 se
1141 2344 1291 2381 tanquam
1312 2343 1556 2374 instrumentum
1573 2346 1714 2385 recipiat,

92 2393 258 2432 explicent
280 2391 373 2421 nobis
386 2391 548 2430 quomodo
574 2397 637 2420 non
658 2398 814 2420 summam
843 2390 875 2421 id
891 2391 1001 2421 all‘erat
1026 2390 1301 2430 imperfectionem
1315 2392 1409 2425 Filio.
1425 2394 1595 2431 Quomodo
1617 2396 1714 2428 etiam

91 2445 185 2474 Pater
202 2441 366 2480 propriam
381 2439 464 2470 Filio
488 2443 644 2476 naturam,
661 2448 719 2470 seu
732 2441 906 2472 essentiam
933 2440 1071 2471 indivise
1095 2440 1348 2480 communicans,
1365 2451 1428 2474 non
1446 2444 1551 2475 eidem
1567 2453 1716 2477 commu—

92 2493 176 2523 nicet
189 2489 419 2531 fecunditatem
437 2494 466 2520 et
482 2490 640 2521 actionem
657 2489 812 2529 spirandi,
831 2498 904 2530 quae
923 2490 1054 2521 minime
1070 2493 1191 2530 pugnat
1209 2499 1282 2521 cum
1305 2492 1424 2523 ratione
1445 2493 1642 2532 hypostatica
1658 2496 1714 2526 Fi-

93 2543 138 2573 lii_
157 2541 342 2580 £11,“an
359 2541 522 2579 quomodo
539 2540 676 2579 Spiritus
688 2544 815 2571 sanctus
833 2541 874 2571 sit
892 2549 1026 2579 persom
1057 2549 1072 2571 a
1101 2539 1184 2570 Filio
1208 2540 1372 2579 distincta,
1389 2543 1430 2580 si,
1449 2545 1595 2583 Nysseno
1611 2544 1715 2584 (cujus

93 2592 188 2624 verba
202 2599 300 2631 supra
313 2589 497 2628 retulimus)
513 2593 603 2626 teste,
628 2590 790 2620 subtracta
804 2591 927 2621 ratione
942 2591 1110 2630 principii,
1125 2591 1212 2621 nulla
1236 2594 1285 2622 est
1312 2592 1344 2623 in
1371 2593 1524 2624 Trinitatc
1537 2595 1715 2628 distinctio.

97 2642 265 2682 Explicent
283 2641 446 2680 quomodo
460 2640 560 2671 Filius
571 2641 674 2671 mittat
688 2640 836 2679 Spiritum
850 2642 1094 2682 sanctum,quin
1109 2642 1238 2673 mittens
1250 2643 1291 2674 sit
1308 2644 1406 2675 misso
1419 2646 1580 2685 superior,
1593 2651 1623 2678 et
1640 2647 1716 2678 mis-

93 2702 148 2725 sus
165 2691 304 2723 mittenti
321 2690 538 2722 ministerium
554 2690 715 2728 exhibeat,
740 2692 767 2723 si
785 2693 896 2724 missio
909 2697 1058 2724 mternam
1076 2693 1321 2732 productionem
1345 2703 1408 2726 non
1423 2698 1578 2735 exprimat
1593 2703 1646 2730 aut
1661 2700 1715 2731 in-

93 2744 200 2775 cludat
215 2753 223 2780 ;
238 2741 510 2782 quemadmodum
527 2742 618 2772 Pater
629 2742 687 2774 hac
706 2743 774 2782 ipsa
793 2745 915 2774 ratione
933 2744 1061 2775 misisse
1080 2743 1197 2775 dicitur
1219 2745 1337 2776 Filium
1353 2745 1386 2776 in
1412 2749 1582 2780 mundum.
1598 2751 1714 2790 Expli-

93 2798 164 2826 cent
178 2792 347 2833 quomodo
364 2791 504 2830 Spiritus
521 2791 571 2822 vel
584 2792 694 2824 audiat
712 2802 729 2824 a
744 2794 839 2830 Filio,
853 2795 901 2826 vel
916 2794 955 2825 de
974 2802 1033 2825 suo
1049 2795 1200 2834 accipiat,
1214 2805 1328 2835 nempe
1346 2797 1429 2837 quod
1447 2803 1494 2829 est
1510 2799 1614 2840 ipsius
1627 2803 1715 2836 Filii.

95 2844 172 2883 quin
195 2841 246 2874 vel
261 2841 414 2880 discipuli
428 2840 584 2872 rationem
601 2842 726 2881 subeat,
745 2844 792 2875 vel
820 2843 1002 2882 indigentis,
1029 2845 1054 2874 si
1072 2844 1102 2874 id
1128 2853 1190 2876 non
1222 2846 1391 2886 signiﬁcet,
1410 2849 1526 2882 habere
1543 2854 1715 2885 essentiam
