1897 3052
173 82 235 130 ιίῦἷὶι
708 82 897 112 BONlFACli
916 83 922 112 ]

1058 82 1068 111 1
1090 81 1284 112 ΡΒεΕΙῗΑΤῘΟ
1751 83 1804 114 464

177 142 208 169 υι
235 142 378 170 naturam
399 146 415 169 a
430 138 525 169 Filio.
544 139 621 168 Cum
638 138 737 177 igitur
750 139 855 169 omnia
870 139 934 169 haec
952 138 1111 176 explicare
1129 138 1314 168 nullatenus
1333 136 1469 176 valeant,
1487 139 1615 169 tandem
1639 139 1805 170 fateantur

179 189 360 224 nobiscum,
378 188 531 227 Spiritum
547 195 617 218 esse
637 192 667 218 et
681 190 855 227 procedere
877 199 895 218 α
911 189 994 219 Filio
1013 193 1043 218 et
1057 196 1114 226 per
1139 188 1268 218 Filium.
1289 188 1348 219 Sed
1375 188 1439 226 jam
1459 188 1498 219 ad
1522 188 1806 230 Theophylactum

180 243 287 270 nostra
305 241 481 269 revertatur
492 237 606 268 oratio.

218 289 384 321 XXXVII.
413 289 515 325 Quam
547 287 722 319 infeliciter
749 289 798 319 illi
828 289 960 320 cesserit
980 288 1061 319 illud
1080 299 1088 319 :
1105 288 1239 319 Ostende
1258 288 1348 319 nobis
1378 289 1515 327 Patrem,
1529 290 1593 329 jam
1623 294 1747 322 constat
1763 300 1806 322 ex

179 339 284 370 dictis.
303 339 393 369 Nunc
408 337 487 367 mihi
504 337 787 369 demonstrandum
803 338 897 375 foret,
910 347 1006 377 quam
1023 338 1185 369 imbecilla
1201 339 1278 374 sint,
1292 342 1444 378 tantoque
1461 339 1594 379 indigna
1609 341 1741 372 doctore
1754 348 1808 372 ar-

178 391 340 429 gumenta,
354 390 449 428 queis
468 388 615 419 Latinum
630 389 744 428 dogma
763 389 911 421 refellere
926 389 1124 428 aggreditur,
1143 389 1206 420 nisi
1227 398 1299 420 cum
1320 389 1430 428 plures
1446 390 1512 426 alii,
1530 394 1598 421 tum
1613 392 1806 430 nuperrime

178 441 219 471 cl.
238 439 366 478 prmviaa
380 439 626 470 Dissertationis
640 443 751 471 auctor
771 448 788 470 a
804 447 893 470 num.
911 439 950 470 75
965 440 1126 470 cumulate
1138 439 1170 470 id
1188 439 1402 478 praestitisset.
1418 441 1580 480 Perpauca
1595 444 1700 473 tamen
1720 442 1808 482 adji-

179 499 250 521 cere
271 490 374 527 liceat,
391 495 424 521 ut
441 490 542 530 magis
562 490 730 530 magisque
743 490 939 530 infringatur
953 490 1044 521 illius
1063 491 1111 521 vis
1131 490 1325 530 argumenti,
1345 491 1430 530 quod
1451 492 1571 530 petitur
1599 500 1638 522 ex
1669 492 1806 524 duobus

181 539 360 578 principiis,
378 547 450 578 quas
465 538 498 570 in
515 539 725 577 productione
741 539 880 578 Spiritus
892 539 992 570 sancti
1009 547 1027 570 a
1043 539 1135 570 nobis
1154 539 1277 571 admitti
1292 539 1475 577 arbitratur,
1495 544 1543 572 vel
1559 541 1671 572 saltem
1692 551 1809 574 neces-

178 591 264 621 sario
284 589 441 630 consequi
461 598 501 621 ex
513 590 660 629 dogmate
680 590 767 629 quod
784 598 1039 629 propugnamus.
1060 590 1180 620 Mirum
1196 599 1286 628 sane,
1303 591 1389 631 quod
1419 591 1469 622 vir
1488 593 1650 630 praestanti
1668 593 1808 632 ingenio

181 641 333 679 praeditus
347 640 380 670 in
397 639 635 671 crassissimum
651 639 736 670 hunc
756 648 897 670 errorem
919 640 1110 678 impegerit;
1127 640 1182 670 sed
1201 640 1292 671 nullo
1307 640 1402 671 modo
1412 640 1593 679 ferendum,
1617 643 1704 682 quod
1722 643 1809 673 Pho-

179 691 259 722 tiani
278 691 482 731 ltuncipsum
495 699 637 722 errorem
654 690 745 721 nobis
761 689 866 720 adhuc
888 688 1028 728 objicere
1046 693 1076 720 et
1094 689 1287 728 exprobrare
1317 699 1380 722 non
1402 691 1561 728 desinant,
1581 697 1750 731 postquam
1775 698 1809 723 et

181 742 315 777 centies,
338 747 368 773 et
383 742 515 779 millies,
529 747 560 773 et
572 741 830 773 luculentissime
845 741 978 780 quidem
996 740 1060 771 haec
1075 749 1092 771 a
1106 741 1224 771 nostris
1241 741 1375 772 contrita
1395 741 1532 781 objectio
1549 747 1608 773 est.
1623 743 1706 779 Quid
1725 751 1806 773 vero

180 793 354 825 dicendum
373 794 413 824 de
436 792 683 832 Epitraimojam
696 791 772 822 alibi
792 795 978 826 memorato,
996 791 1051 831 qui
1069 790 1103 821 in
1126 791 1310 830 praefatione
1328 792 1486 830 praedicta,
1503 801 1567 823 non
1594 793 1688 823 modo
1704 793 1808 832 jacti—

180 847 235 879 tat,
253 851 311 874 nos
328 847 459 882 ἐμπεσεῖν
471 846 509 877 εἰς
524 845 555 871 τὸ
571 844 708 880 βάραθρον
722 844 772 879 τῆς
794 844 929 879 δυαρχίας.

1060 848 1090 869 re
1117 841 1151 870 in
1177 839 1361 870 barathrum
1389 840 1528 880 duplicis
1553 842 1726 882 principii;
1745 843 1809 873 sed

182 895 291 930 etiam,
310 897 345 924 ut
364 893 516 932 majorem
534 891 628 922 nobis
644 891 760 922 conﬂet
787 891 954 928 invidiam,
972 891 1090 928 etIutit,
1108 891 1238 922 Latinos
1257 900 1414 929 asserere,
1429 893 1582 931 Spiritum
1598 898 1745 924 sanctum
1766 903 1810 924 e1:

182 941 266 972 Filio
279 949 350 972 esse
360 945 484 980 ὠςδῆθεν
497 945 536 980 μὴ
553 944 624 979 ἕχον,
639 945 672 971 ὲκ
684 943 732 970 τοῦ
746 943 850 979 Harpe;
864 945 931 970 ὲκπο

1061 943 1102 979 τὴν
1116 944 1283 979 τελειότητα,
1301 942 1376 980 quia
1391 943 1514 972 scilicet
1528 951 1592 972 non
1607 943 1709 979 habet,
1728 952 1810 982 qua-

182 998 271 1023 tenus
286 1001 306 1022 a
320 991 415 1022 Patre
427 990 586 1030 procedit,
602 991 844 1030 perfectionem;
860 990 1006 1029 adeoque
1019 994 1057 1025 ὡς
1071 994 1176 1026 ἀτελὲς,
1191 996 1227 1021 ut
1241 992 1457 1031 imperfectum
1483 995 1656 1032 procedere
1670 993 1770 1024 etiam
1790 1002 1811 1024 a

181 1043 264 1074 Filio
283 1046 327 1073 ἵνα
340 1045 370 1073 τὸ
385 1045 487 1072 τέλειον
503 1045 656 1081 προσλάϐῃ,
671 1045 708 1071 ut
715 1040 930 1080 perfectionem

1060 1045 1095 1071 ιι.
1111 1041 1241 1078 Verum,
1257 1049 1276 1072 o
1300 1042 1395 1080 bone,
1411 1042 1436 1072 si
1459 1051 1498 1073 ex
1518 1043 1678 1074 sententia
1696 1048 1809 1075 nostra

181 1094 405 1134 consequitur,
425 1093 578 1132 Spiritum
595 1096 739 1124 sanctum
757 1101 774 1123 a
793 1093 882 1123 Patre
902 1093 1081 1132 imperfecte
1093 1092 1274 1132 procedere,
1288 1093 1464 1134 quiajuxta
1481 1102 1539 1125 nos
1555 1096 1697 1134 procedit
1710 1094 1809 1126 etiam

181 1155 197 1177 a
213 1145 307 1182 Filio,
322 1153 430 1176 nonne
452 1151 656 1183 consequens
671 1142 732 1174 erit
753 1142 845 1182 juxta
861 1150 931 1180 vos,
949 1143 1074 1173 Patrem
1106 1144 1285 1183 imperfecte
1303 1145 1480 1183 producere
1509 1145 1709 1183 universum,
1731 1146 1811 1184 quia

183 1205 246 1227 non
254 1195 292 1226 ab
301 1203 375 1232 una,
387 1193 443 1225 sed
453 1194 492 1225 ab
500 1193 648 1224 omnibus
661 1192 1017 1232 singulisquepersonis
1032 1192 1236 1232 producitur?
1248 1194 1283 1223 Et
1293 1193 1320 1224 si
1329 1203 1386 1225 nos
1395 1195 1546 1234 Spiritum
1555 1196 1812 1226 sanctumadua-

179 1249 243 1278 bus
255 1245 401 1283 personis
414 1253 484 1275 esse
502 1244 665 1280 docentes,
684 1244 718 1274 in
735 1247 876 1283 δυαρχίας,
887 1242 1020 1273 duorum
1032 1244 1265 1283 principiorum
1275 1253 1416 1276 errorem
1436 1245 1643 1284 prolabimur,
1657 1254 1713 1276 vos
1730 1254 1811 1284 ergo

183 1300 217 1330 in
233 1298 417 1329 barathrum
431 1300 586 1336 τριαρχίας,
606 1296 703 1326 trium
716 1296 951 1334 principiorum
966 1292 1123 1333 inciditis,
1139 1304 1211 1326 cum
1229 1304 1323 1326 nemo
1339 1296 1459 1336 aliquis
1475 1300 1615 1328 vestrum
1633 1298 1809 1334 inﬁcietur,

183 1354 238 1381 aut
254 1349 386 1380 inﬁciari
405 1352 513 1387 queat,
531 1346 633 1378 fuisse
650 1347 808 1377 mundum
827 1354 845 1376 a
865 1346 968 1377 tribus
985 1347 1132 1385 personis
1149 1355 1188 1378 ex
1211 1346 1314 1377 nihilo
1331 1347 1495 1377 eductum.
1514 1347 1683 1386 Quidquid
1708 1348 1811 1387 igitur

176 1401 223 1432 .ad
239 1400 504 1440 propugnandam
517 1398 551 1428 in
569 1397 728 1428 creatione
741 1396 886 1427 universi
904 1400 1065 1436 μοναρχίαν,
1081 1397 1234 1427 unitatem
1244 1397 1403 1436 principii
1414 1397 1534 1428 dictum
1552 1405 1568 1427 a
1585 1397 1676 1428 vobis
1692 1397 1809 1434 fuerit,

183 1453 215 1482 id
232 1451 337 1489 ipsum
354 1456 537 1480 asseremus
553 1451 583 1478 et
598 1454 656 1478 nos
671 1446 709 1477 ad
725 1445 898 1477 totlendam
911 1446 944 1477 in
957 1446 1168 1485 productione
1184 1447 1322 1485 Spiritus
1340 1447 1438 1478 sancti
1451 1452 1499 1487 τῆς
1514 1453 1657 1487 δυαρχίας,
1671 1448 1810 1478 duorum

183 1499 418 1541 principiorum
434 1496 636 1528 exstantiam.
651 1495 737 1532 Quid
757 1495 843 1525 enim
861 1495 952 1526 vobis
968 1495 1055 1526 aliud
1075 1497 1217 1535 suppetit
1233 1497 1418 1535 dicendum,
1433 1497 1495 1528 nisi
1508 1499 1545 1529 ad
1563 1498 1810 1537 multiplicanda

184 1550 357 1582 creationis
389 1548 548 1588 principia
564 1547 642 1578 satis
670 1547 803 1577 minime
831 1555 916 1583 esse,
932 1546 1019 1585 quod
1048 1547 1158 1585 plures
1186 1551 1362 1586 operentur
1388 1557 1548 1587 personae;
1579 1549 1634 1580 sed
1659 1549 1807 1588 insuper,

184 1605 345 1639 oportere,
361 1599 448 1639 quod
466 1603 496 1629 et
514 1597 642 1634 virtute,
663 1601 693 1628 et
705 1597 830 1628 actione
851 1597 988 1634 diversa,
1006 1601 1035 1628 et
1049 1597 1170 1638 absque
1189 1598 1287 1629 unius
1299 1599 1338 1629 ab
1352 1600 1450 1630 altera
1475 1599 1705 1638 dependentia,
1723 1600 1806 1630 sub-

184 1651 389 1683 ordinatione
419 1649 466 1680 vel
490 1648 603 1679 ordine
616 1653 790 1687 Operentur
811 1652 840 1678 et
858 1649 974 1687 agant?
987 1649 1111 1679 Eodem.
1129 1649 1228 1687 igitur
1244 1653 1333 1688 pacto
1355 1654 1385 1681 et
1408 1659 1465 1681 nos
1482 1651 1728 1690 respondemus,
1747 1652 1809 1681 Pa-

182 1709 264 1735 trem
283 1706 313 1734 et
339 1701 457 1732 Filium
483 1708 547 1731 non
576 1700 711 1739 duplex,
735 1700 790 1730 sed
821 1709 918 1730 unum
940 1708 1010 1731 esse
1035 1701 1234 1740 principium
1264 1701 1402 1740 Spiritus
1419 1702 1533 1739 sant-ti,
1549 1703 1625 1742 quia
1645 1702 1732 1734 sicut
1761 1706 1811 1733 est

185 1755 298 1786 eadem
321 1753 493 1792 utriusque
517 1758 630 1784 natura
653 1756 683 1783 et
712 1752 866 1788 essentia,
891 1751 932 1782 ita
956 1756 987 1783 et
1016 1753 1127 1783 eadem
1154 1752 1318 1783 numerica
1336 1753 1448 1789 virtus,
1472 1757 1502 1784 et
1533 1754 1615 1784 actio
1637 1753 1810 1784 individua

185 1806 357 1845 utriusque
377 1813 456 1836 :seu
475 1803 552 1844 quia
571 1803 677 1834 Filius
690 1802 820 1833 nonnisi
848 1802 967 1833 virtute
995 1802 1187 1841 actioneque
1213 1810 1230 1833 a
1250 1804 1339 1833 Patre
1355 1807 1479 1842 recepta
1502 1804 1675 1842 producit:
1692 1807 1725 1834 et
1744 1812 1809 1835 non

186 1861 345 1897 quatenus
362 1855 499 1887 refertur
521 1855 559 1886 ad
577 1856 697 1885 Patrem
714 1854 752 1884 ab
768 1861 873 1893 eoque
889 1853 1119 1893 distinguitur;
1133 1853 1189 1884 sed
1205 1858 1365 1892 quatenus
1381 1863 1477 1884 unum
1493 1854 1644 1893 idemque
1660 1862 1734 1884 cum
1751 1854 1810 1885 illo

186 1911 247 1939 est.
269 1906 547 1945 Quemadmodum
564 1905 662 1945 igitur
678 1905 720 1935 ob
737 1904 893 1935 rationem
913 1903 1039 1934 allatam
1056 1911 1168 1934 omnes
1185 1909 1216 1934 et
1228 1903 1365 1942 singulae
1378 1903 1542 1934 Trinitatis
1560 1912 1705 1943 personae
1733 1909 1810 1935 sunt

184 1968 282 1991 unum
298 1957 472 1990 creationis
491 1955 700 1996 principium,
714 1963 866 1994 unusque
890 1961 998 1983 rerum
1018 1953 1165 1984 omnium
1185 1958 1308 1994 κτιστὴς,
1328 1959 1469 1988 creator;
1491 1955 1532 1986 ita
1557 1959 1587 1985 et
1604 1956 1753 1986 eamdem
1771 1957 1812 1985 ob

184 2019 311 2044 causam
328 2012 420 2041 Pater
436 2013 466 2040 et
483 2009 586 2039 Filius
598 2011 672 2038 sunt
687 2007 815 2037 unicum
825 2005 963 2046 Spiritus
982 2006 1082 2036 sancti
1098 2006 1306 2045 principium,
1325 2008 1505 2046 unicusque
1523 2012 1681 2048 προόθλείις,
1700 2011 1810 2048 spira-

185 2069 236 2094 tor
250 2061 525 2101 simplicissimus.
541 2061 600 2090 Res
618 2067 694 2090 sane
714 2058 883 2098 perspicua
900 2061 931 2089 et
949 2058 1067 2097 cuique
1090 2058 1198 2097 pervia
1228 2062 1285 2089 est.
1309 2059 1415 2095 Quare
1443 2067 1501 2090 nos
1523 2060 1654 2091 minime
1684 2062 1809 2092 asseri-

187 2123 270 2151 mus,
284 2114 357 2145 ideo
372 2112 527 2152 Spiritum
540 2114 682 2141 sanctum
698 2110 793 2141 etiam
807 2117 823 2140 a
836 2109 918 2140 Filio
936 2110 1121 2148 procedere,
1133 2110 1210 2149 quia
1222 2110 1421 2148 imperfectus
1436 2119 1495 2141 seu
1506 2111 1695 2150 imperfecto
1712 2113 1811 2143 modo

182 2165 335 2206 procedat
350 2174 366 2197 a
382 2167 473 2196 Patre
489 2164 588 2204 (quod
604 2162 718 2202 absit);
738 2163 793 2193 sed
811 2162 887 2202 quia
906 2162 966 2193 hoc
989 2162 1071 2202 ipso,
1091 2162 1175 2201 quod
1204 2170 1220 2192 a
1245 2163 1334 2192 Patre
1366 2163 1522 2201 procedit,
1541 2172 1557 2194 a
1573 2164 1656 2194 Filio
1674 2173 1810 2204 quoque

186 2218 359 2257 procedere
377 2225 545 2248 necessum
558 2219 625 2253 est;
640 2224 712 2246 cum
729 2224 792 2246 una
810 2215 987 2254 eademque
1015 2215 1117 2246 virtus
1149 2219 1180 2246 et
1212 2215 1306 2251 actio,
1324 2224 1388 2255 qua
1408 2216 1500 2247 Pater
1531 2217 1688 2255 producit,
1705 2223 1810 2248 exstet

185 2272 280 2302 etiam
300 2270 331 2300 in
349 2267 432 2298 Filio
444 2267 677 2299 communicata
702 2267 741 2298 ab
757 2258 895 2306 ipsemet
925 2268 1014 2297 Patre
1035 2277 1042 2296 :
1062 2258 1333 2306 quemadmodum
1349 2275 1399 2298 res
1424 2271 1550 2302 creatae,
1569 2275 1607 2298 eo
1623 2267 1693 2306 ipso
1719 2270 1808 2308 quod

187 2322 408 2362 producuntur
422 2327 440 2350 a
458 2320 560 2356 Patre,
577 2319 672 2350 etiam
685 2327 702 2349 a
713 2317 798 2349 Filio
814 2321 843 2348 et
859 2326 877 2349 a
891 2318 1013 2356 Spiritu
1029 2320 1139 2348 sancto
1156 2317 1373 2355 producantur
1388 2322 1522 2356 oportet,
1537 2327 1608 2348 cum
1623 2323 1751 2354 neuter,
1769 2321 1807 2350 ad

184 2373 244 2403 hoc
260 2371 345 2411 quod
377 2371 501 2406 attinet,
518 2372 703 2400 secernatur
723 2377 741 2398 a
761 2369 863 2398 Patre.
890 2368 1071 2399 Mirandum
1101 2375 1178 2398 sane
1197 2367 1380 2407 iterumque
1410 2368 1604 2404 mirandum,
1623 2369 1709 2408 quod
1739 2379 1806 2400 rem

185 2423 268 2454 adeo
283 2422 485 2461 perspicuam
501 2420 760 2460 Theophylactus
778 2427 842 2451 non
858 2419 986 2455 viderit,
1004 2419 1115 2459 sicque
1132 2419 1439 2458 argumentationem
1462 2419 1608 2450 instituat
1625 2429 1714 2452 num.
1734 2421 1773 2451 Vi
1794 2430 1801 2451 :

185 2479 216 2505 El
235 2478 285 2513 μὲν
299 2476 346 2504 οὖν
359 2477 373 2503 ὀ
388 2477 451 2508 Υἱὸς
467 2475 513 2502 τοῦ
530 2475 688 2510 Πνεῦματος
703 2475 799 2507 αἴτιος,
815 2475 861 2502 δύο
878 2475 930 2510 ἀρχ

1058 2475 1109 2506 νός.
1125 2470 1159 2500 Si
1174 2471 1277 2509 itaque
1289 2468 1393 2499 Filius
1409 2474 1521 2500 auctor
1536 2475 1580 2500 est
1595 2471 1685 2500 etiam
1699 2470 1807 2509 Spiri-

186 2528 236 2554 tua
251 2521 367 2558 cuncti,
384 2521 445 2550 duo
475 2525 548 2550 sunt
573 2521 668 2550 unius
684 2528 828 2559 persona:
843 2514 1017 2558 principia.
1035 2521 1072 2549 At
1088 2528 1183 2558 quem
1201 2519 1233 2550 in
1248 2522 1468 2550 transversum
1491 2527 1554 2550 non
1571 2524 1663 2559 agant
1686 2521 1807 2552 ﬁrmata

180 2577 247 2618 jam
265 2574 461 2616 praejudicia,
475 2575 508 2603 et
524 2580 640 2609 causae,
654 2580 725 2610 quae
749 2575 978 2609 propugnator,
1003 2570 1178 2610 iniquitas?
1194 2572 1248 2601 Est
1272 2578 1348 2601 vero
1365 2571 1595 2609 perridiculum
1612 2574 1700 2610 (pace
1727 2573 1804 2604 tanti

187 2628 246 2658 viri
268 2624 419 2663 dixerim)
435 2623 520 2663 quod
537 2622 646 2653 subdit
669 2632 676 2651 :
692 2621 783 2658 Quod
796 2626 897 2650 autem
912 2620 1058 2660 pluribus
1075 2620 1242 2660 principiis
1260 2629 1338 2660 opus
1354 2621 1443 2651 habet
1465 2620 1506 2651 ad
1520 2623 1743 2657 exsistrndum,
1760 2623 1808 2653 vel

185 2680 286 2719 majus
298 2679 358 2708 erit
373 2686 404 2706 eo
421 2675 503 2716 quod
517 2684 558 2705 ea:
572 2683 634 2704 uno
652 2673 811 2712 principio
828 2671 916 2702 habet
933 2682 1006 2708 esse,
1024 2672 1070 2702 rel
1085 2673 1212 2711 arquato,
1229 2673 1276 2703 vel
1294 2673 1408 2704 minus.
1426 2673 1486 2704 Sed
1512 2672 1628 2713 wquale
1644 2675 1724 2704 'esse
1741 2684 1806 2705 non

179 2735 299 2770 potest,
317 2729 458 2768 alioquin
472 2731 548 2769 esset
564 2726 597 2757 id
612 2734 730 2765 quoque
753 2734 792 2755 ex
805 2734 868 2754 uno
881 2725 1052 2764 principio.
1070 2725 1179 2754 Restat
1192 2725 1292 2762 igitur
1303 2729 1337 2754 ut
1356 2725 1454 2764 majus
1470 2725 1511 2755 sit
1532 2730 1591 2754 aut-
1606 2733 1720 2756 mmus.
1741 2726 1808 2765 Igi-

185 2788 239 2814 tur
255 2782 346 2812 etiam
360 2780 501 2820 Spiritus
518 2781 645 2808 sanctus
660 2781 715 2806 aut
732 2777 831 2814 major
847 2775 931 2805 Filio
949 2777 1046 2806 erit...
1060 2779 1114 2805 aut
1131 2775 1243 2805 minor.
1262 2776 1342 2812 Quae
1365 2775 1608 2814 argumentandi
1640 2775 1720 2806 ratio
1742 2783 1806 2806 non
