1897 3052
56 185 108 217 865
484 187 525 218 ΙΝ
545 188 759 224 SEQUENTIA
774 190 1062 221 THEOPHYLACTI
1078 192 1246 224 SCRIPTA.
1628 196 1682 228 4(λὸ

59 242 161 273 solum
179 245 289 282 peccat
302 242 336 273 in
355 249 393 274 eo
407 243 493 282 quod
507 245 628 275 Patrem
644 249 675 276 et
692 245 812 276 Filium
832 247 897 277 duo
914 255 984 278 esse
1002 247 1157 288 principia
1182 249 1321 288 Spiritus
1337 251 1436 281 sancti
1450 251 1516 290 jam
1531 259 1675 291 prmsnp-

60 295 165 329 ponat,
182 291 238 322 sed
255 291 290 323 in
310 300 350 323 eo
367 293 582 332 potissimum,
597 295 683 334 quod
701 303 763 326 non
782 296 858 326 satis
877 296 1137 328 animadverterit
1153 299 1424 339 ’I‘heOphylactus,
1443 302 1682 339 processionem

60 341 198 380 Spiritus
218 342 321 373 sancti
342 351 359 374 e
374 343 499 375 duabus
512 345 661 383 personis
677 354 740 376 non
757 355 796 377 ex
812 347 920 388 aliqua
936 348 1027 379 illius
1046 349 1225 389 indigentia
1245 351 1416 389 proﬁcisci,
1430 351 1487 382 sed
1500 360 1540 382 ex
1557 352 1679 383 unitate

59 397 153 430 atque
169 392 340 425 identitate
353 394 481 426 virtutis
498 399 527 426 et
539 396 673 427 actionis
689 398 854 436 Spirantis,
870 407 941 439 quin
955 399 988 430 in
1020 403 1155 439 utraque
1171 409 1309 440 persona
1336 405 1400 439 est;
1420 411 1515 441 quam
1548 403 1589 434 ob
1617 412 1683 434 rem

59 442 136 472 oriri
157 450 223 473 non
240 447 344 482 potest
362 453 377 475 a
395 445 483 476 Patre
499 447 578 485 quin
593 448 688 478 simul
708 448 829 480 oriatur
847 459 863 481 a
884 451 978 487 Filio,
994 452 1265 490 quemadmodum
1285 454 1385 484 creari
1405 454 1543 485 mundus
1559 463 1576 485 a
1595 456 1684 485 Patre

60 503 121 526 non
140 497 338 536 potuitquin
354 502 384 528 et
400 499 469 530 aliae
486 508 633 539 persona:
648 509 879 536 concurrerent
909 506 941 536 in
966 506 1173 536 creationem.
1201 506 1262 536 Sed
1287 506 1373 545 piget
1403 505 1436 536 in
1460 505 1521 543 his,
1541 514 1612 545 quae
1634 506 1683 536 vel

58 545 141 584 ipsis
157 546 330 587 theologia;
344 549 504 581 tironibus
521 551 682 590 explorata
699 558 784 590 sunt,
803 555 926 587 diutius
949 556 1127 589 immorari.

98 597 281 627 XXXVIII.
307 599 585 635 Quemadmodum
611 609 706 640 porro
732 603 827 634 nihili
862 605 1008 637 facienda
1035 612 1094 644 est,
1109 607 1147 638 ad
1172 607 1232 638 hoc
1252 606 1338 647 quod
1363 606 1487 642 attinet,
1513 606 1684 637 auctoritas

59 645 308 686 Theophylacti,
324 652 434 687 utpote
451 649 681 682 infirmissimis
701 656 900 692 argumentis
922 655 1038 694 innixi,
1057 657 1099 688 ita
1120 645 1282 696 probanda
1309 657 1400 688 illius
1416 656 1519 688 animi
1536 656 1684 687 modera-

61 696 219 735 tio.quod
238 706 255 728 a
275 706 411 729 censura
427 699 569 738 qualibet
588 701 782 741 disputando
797 704 1009 741 abstinuerit;
1040 715 1111 737 cum
1141 716 1181 738 ex
1209 707 1377 738 Photianis
1400 706 1500 746 aliqui
1532 709 1682 745 tanquam

61 747 248 785 httreticam,
262 748 317 779 alii
334 753 369 780 ut
388 749 596 790 blasphemam
609 753 643 783 in
655 753 811 793 Spiritum
824 760 966 786 sanctum
985 757 1153 788 traducere
1165 759 1352 789 Latinorum
1369 757 1572 792 sententiam,
1589 760 1685 795 atque

63 798 143 830 adeo
157 800 275 839 dogma
287 801 491 838 catholicum,
510 810 572 833 non
594 809 773 841 vereantur,
792 809 826 836 ut
850 806 1048 838 furibundus
1065 808 1121 839 ille
1144 808 1339 848 sycophanta
1360 807 1562 847 Ephraamus.
1580 806 1685 836 Theo-

63 848 235 887 phylactus
248 854 357 881 contra
374 851 501 882 videtur
517 857 551 883 ut
566 853 676 884 falsam
694 856 915 886 tantummodo
928 856 1118 895 Opinionem
1137 857 1230 897 queis
1249 860 1351 896 potest
1376 856 1574 893 argumentis
1591 854 1686 885 refel-

62 899 136 930 lere.
156 900 241 931 Hinc
256 909 345 932 num.
364 902 403 932 ΙΙΙ
419 906 448 933 τὸ
463 907 591 942 μέγιστον
601 908 724 936 Λατίνων
738 910 809 944 σφάλ

937 907 1051 937 timum
1078 907 1261 938 Latinorum
1276 916 1413 938 errorem
1425 907 1519 938 docet
1536 915 1606 937 esse
1625 913 1686 936 nou

60 951 177 988 ipsam,
194 959 291 989 quam
324 956 461 989 tuemur,
487 955 690 992 sententiam,
715 956 771 986 sed
803 970 809 985 ε

940 961 953 997 ᾖ
969 965 1087 995 πίστεως
1103 963 1233 998 Συμϐόλῳ
1249 963 1438 998 καινοτομίαν,
1472 958 1628 988 invectam
1655 956 1689 986 in

61 1003 132 1042 fidei
145 1005 330 1044 Symbolum
346 1007 590 1046 innovationem,
604 1018 661 1040 seu
678 1009 875 1041 additiouem
893 1012 1067 1051 particula},
1084 1013 1247 1052 Filioque;
1263 1015 1294 1042 et
1310 1020 1398 1042 num.
1415 1011 1490 1042 XIII
1509 1010 1540 1040 in
1566 1007 1689 1047 placitis

63 1057 249 1088 Latinorum
267 1059 354 1090 velut
366 1064 414 1100 τὴν
427 1066 564 1102 πατρίκην
580 1067 671 1094 πίστιν
683 1068 807 1099 σαλεῦον,

942 1066 1124 1096 concutiens
1142 1065 1197 1096 SS.
1214 1065 1357 1101 Patrum,
1375 1063 1480 1093 solum
1507 1061 1598 1092 aiI'ert
1615 1065 1646 1091 τδ
1662 1066 1689 1090 ἐν

61 1113 99 1147 τῷ
110 1114 246 1149 Συμὸὁλῳ
263 1116 325 1150 περὶ
343 1116 391 1143 τοῦ
411 1117 503 1152 Ἀγίου
518 1119 675 1154 Πνεῦματος
693 1121 810 1156 προστιθη

941 1117 971 1153 d,
985 1116 1067 1157 quod
1080 1117 1248 1156 deSpiritu
1261 1120 1368 1146 sancto
1381 1114 1535 1154 adjectum
1549 1116 1591 1142 est
1602 1113 1690 1151 Sym-

61 1159 144 1190 boio.
166 1161 214 1191 Ad
252 1161 337 1192 hunc
349 1169 455 1194 autem
486 1173 621 1195 errorem
644 1165 831 1197 Latinorum
850 1169 1020 1199 maximum
1053 1168 1287 1208 proﬂigandum
1307 1176 1370 1198 non
1385 1166 1448 1196 alio
1466 1164 1565 1195 utitur
1590 1171 1688 1201 argu-

63 1214 185 1247 mento,
210 1220 306 1251 quam
336 1213 395 1245 hoc
415 1225 422 1244 :
444 1219 491 1246 Δεῖ
506 1220 534 1246 δὲ
549 1220 618 1248 εἶναι
628 1222 675 1248 τοῦ
692 1223 788 1249 πιστοῦ
803 1224 833 1250 τὸ
849 1224 984 1258 σύμὸο).ον
1005 1224 1095 1260 πάσης
1113 1223 1306 1259 ἀπηλαγμένον
1320 1222 1534 1257 περιποιήσεως,
1557 1215 1688 1254 Ορονιει

61 1260 143 1290 enim
157 1261 261 1300 ﬁdelis
273 1265 445 1302 symbolum
461 1266 595 1297 immune
612 1277 676 1297 esse
698 1268 735 1298 ab
753 1269 836 1299 omni
849 1269 1080 1300 adulteratione
1096 1274 1123 1300 et
1143 1267 1431 1308 corruptione..5cd
1450 1267 1488 1297 ad
1506 1267 1564 1296 hoc
1581 1264 1688 1295 facilis

63 1311 240 1348 responsio
261 1317 318 1350 est,
336 1322 442 1354 neque
459 1314 743 1355 TheOpbylactum,
761 1318 835 1350 licet
850 1319 913 1349 acri
931 1319 1061 1358 ingenio
1075 1319 1256 1358 praeditum,
1277 1318 1441 1357 probasse,
1463 1325 1569 1356 neque
1586 1315 1686 1346 alium

61 1361 251 1399 quempiam
268 1372 339 1394 esse
354 1373 494 1403 unquam
511 1367 729 1405 probaturum,
747 1367 856 1398 falsam
878 1377 950 1400 esse
984 1369 1167 1400 Latinorum
1195 1368 1371 1400 doctrinam
1399 1368 1505 1405 quoad
1549 1365 1688 1404 Spiritus

62 1410 165 1440 sancti
182 1412 279 1442 etiam
298 1421 316 1443 α
330 1414 413 1445 Filio
431 1417 681 1454 processionem.
693 1419 765 1455 Quo
778 1418 876 1457 igitur
888 1419 961 1458 jure
981 1428 1038 1458 per
1051 1419 1246 1450 additionem
1274 1419 1359 1449 vocis
1385 1417 1528 1456 Filioque
1547 1415 1610 1447 dici
1627 1422 1684 1454 po-

62 1460 138 1490 terit
155 1462 345 1500 Symbolum
369 1465 580 1497 adulteratam
595 1468 663 1500 sive
692 1471 901 1508 corruptum?
917 1470 1070 1501 Caeterum
1101 1470 1141 1501 de
1158 1470 1328 1509 Ephesium
1357 1467 1475 1508 synodi
1498 1466 1681 1501 interdicto,

63 1510 153 1547 quod
170 1513 252 1543 adeo
269 1513 412 1552 jactitant
428 1516 586 1554 Photiani,
601 1523 631 1548 et
650 1527 706 1558 pro
722 1527 786 1559 quo
805 1523 866 1550 tam
882 1520 963 1550 altos
976 1520 1131 1550 clamores
1148 1519 1245 1555 cient,
1262 1527 1328 1558 quo
1343 1526 1461 1557 nempe
1478 1517 1612 1548 vetitum
1626 1523 1689 1554 pu-

62 1564 144 1596 tant,
168 1569 208 1592 ne
223 1564 398 1603 quidquam
415 1566 566 1605 Symbolo
581 1569 628 1599 vel
647 1569 774 1608 majoris
788 1574 910 1601 tantum
930 1570 1156 1609 explicationis
1167 1571 1266 1609 gratia
1281 1569 1453 1600 adderetur
1476 1567 1582 1608 (quasi
1614 1573 1689 1597 vero

65 1611 112 1640 vel
128 1610 189 1642 hac
206 1612 312 1643 solum
329 1614 368 1644 de
383 1623 476 1647 causa
493 1617 667 1656 rejicienda
681 1623 765 1649 esset
782 1623 815 1650 ut
832 1620 931 1659 impia
955 1623 1051 1658 atque
1066 1619 1232 1658 illegitima
1251 1621 1433 1649 memoratas
1450 1615 1616 1656 particula)
1632 1616 1689 1646 nd-

63 1660 172 1699 ditio),
191 1661 317 1692 nullum
333 1663 592 1705 TheOpbylactus
609 1667 739 1698 verbum
752 1668 844 1704 facit;
864 1669 950 1708 quod
973 1668 1050 1698 mihi
1067 1671 1255 1707 argumento
1270 1665 1528 1697 luculentissimo
1544 1667 1603 1700 est,
1623 1672 1690 1702 per-

64 1720 202 1742 suasum
215 1712 263 1742 illi
279 1712 392 1751 fuisse,
405 1714 610 1748 interdictum
624 1718 822 1756 Ephesinum
838 1727 910 1749 esse
925 1718 1031 1755 aliter,
1046 1721 1142 1757 atquc
1154 1725 1171 1748 a
1186 1716 1347 1747 Pbotianis
1363 1716 1492 1750 assolet.
1506 1714 1690 1753 intelligeti-

63 1760 145 1791 dum
166 1771 174 1790 :
191 1762 338 1801 adeoque
351 1764 534 1796 nullatenus
552 1766 732 1806 improbare
759 1767 969 1802 auditionem,
988 1768 1021 1798 in
1040 1776 1136 1807 quam
1165 1767 1213 1797 illi
1231 1767 1312 1798 adeo
1344 1765 1553 1796 conclamant.
1571 1766 1630 1796 Sed
1650 1766 1689 1796 de

63 1810 124 1842 hac
142 1812 263 1842 celebri
277 1812 475 1845 Allocutione
488 1824 527 1846 ne
540 1816 641 1855 plura.
662 1817 829 1856 Quidquid
848 1817 1205 1856 enim'l‘beophylactus
1224 1817 1370 1856 adiungit
1386 1816 1434 1847 vel
1454 1819 1563 1846 contra
1580 1815 1688 1854 legiti-

65 1870 156 1892 mum
187 1870 374 1901 azymorum
390 1873 484 1894 usum
499 1865 531 1895 in
550 1866 755 1896 Eucharisliaa
769 1867 982 1903 confectione,
1000 1866 1049 1897 vel
1064 1870 1170 1897 contra
1188 1865 1545 1904 Latinorumjejunium
1562 1865 1594 1895 in
1615 1864 1690 1895 Sab-

65 1912 152 1948 bato,
168 1911 298 1943 abunde
312 1913 444 1944 refutata
457 1915 519 1952 jam
531 1915 628 1946 habes
649 1917 682 1946 in
701 1916 818 1954 praavia
832 1917 1082 1947 Dissertatione:
1103 1922 1311 1954 praeterquam
1323 1915 1409 1954 quod
1426 1914 1688 1953 TheOphylactus

64 1961 138 2000 ipse
154 1961 286 1999 fatetur,
305 1963 370 1994 duo
383 1963 448 1994 haec
466 1963 543 1994 tanti
571 1965 725 1995 momenti
756 1973 821 1995 non
837 1973 920 2001 esse,
934 1968 968 1995 ut
984 1964 1114 1995 Latinos
1142 1963 1225 1994 inter
1237 1967 1268 1994 et
1285 1964 1410 1994 Graecos
1426 1963 1562 1994 dissidia
1579 1970 1688 2001 parere

65 2011 220 2049 debeant,
245 2013 411 2053 multoque
431 2014 538 2045 minus
551 2015 650 2046 unius
668 2015 816 2046 Ecclesiae
831 2015 870 2045 ab
891 2014 990 2046 altera
1006 2014 1252 2053 separationem.

765 2086 906 2117 SECTIO
918 2085 998 2116 VIII.

362 2158 406 2187 De
427 2158 629 2189 Institutione
645 2157 741 2197 regia,
757 2156 798 2188 ad
814 2157 1056 2189 Constantium"
1071 2159 1392 2199 Porphyrogenitum.

107 2222 261 2252 XXXIX.
280 2220 513 2251 Allocutionem
527 2221 565 2251 de
583 2221 635 2258 iis,
651 2229 732 2260 quos
748 2222 847 2252 Graeci
866 2221 986 2252 Latinis
1013 2221 1180 2262 aﬂingunt,
1197 2222 1361 2254 erroribus
1381 2222 1500 2260 excipit
1526 2222 1688 2252 Institutio

67 2274 158 2313 regia
173 2272 215 2302 ad
228 2272 465 2303 Constantinum
476 2273 796 2312 Porphyrogmt’tum,
814 2274 1018 2314 imperatoris
1035 2275 1130 2306 Ducat
1141 2276 1194 2313 IV,
1205 2278 1235 2305 et
1250 2274 1357 2305 Marim
1372 2282 1411 2304 ex
1427 2274 1539 2304 Iberia)
1560 2273 1690 2311 regibus

69 2328 233 2362 prognatae
249 2322 362 2353 tilium.
380 2323 551 2362 Egregium
568 2331 645 2353 sane
661 2331 755 2362 opus,
770 2328 800 2354 et
813 2324 1043 2363 'l‘heOphylacti
1064 2325 1207 2363 ingenio,
1224 2323 1407 2355 eruditione
1422 2331 1457 2354 ac
1474 2324 1629 2362 sapientia
1643 2324 1690 2353 di-

68 2382 185 2413 gnum.
203 2374 349 2405 Divisum
361 2374 453 2404 estin
471 2378 574 2412 partes
590 2374 688 2411 duas;
705 2383 840 2414 quarum
852 2375 951 2406 altera
969 2375 1002 2405 in
1019 2376 1125 2405 Mariae
1141 2375 1353 2413 imperatricis
1370 2374 1605 2406 eximiisaniuii
1629 2374 1688 2404 d0-

68 2424 173 2460 tibus,
190 2423 337 2462 regiique
350 2424 442 2463 pueri
455 2431 527 2454 cum
543 2424 654 2460 animi,
673 2428 738 2454 tum
756 2425 851 2456 etiam
867 2425 1011 2464 corporis
1026 2424 1229 2463 exponendis
1248 2424 1508 2462 extollendisque
1527 2431 1688 2462 praeroga-

68 2474 147 2504 tivis
165 2478 227 2504 tota
244 2478 305 2504 est.
323 2474 428 2504 Altera
444 2482 520 2504 vero
537 2474 646 2511 multa,
667 2483 769 2514 caque
786 2475 1027 2514 sapientissima
1044 2477 1204 2512 praecepta
1217 2473 1450 2513 complectitur,
1472 2473 1563 2513 queis
1580 2473 1687 2503 Theo-

69 2526 242 2565 phylactus
266 2525 336 2565 ipse
364 2525 622 2562 Constantinum,
641 2526 735 2566 cujus
763 2530 938 2566 praeceptor
959 2529 1037 2560 erat,
1055 2526 1092 2556 ad
1123 2526 1204 2556 bene
1235 2525 1439 2564 feliciterque
1465 2524 1687 2563 imperandum

67 2574 225 2605 instituit.
239 2575 274 2605 Et
289 2583 366 2605 sane
379 2574 410 2605 in
427 2574 485 2606 hac
501 2578 588 2614 parte
616 2575 855 2606 absolutissima
873 2576 1003 2607 functus
1023 2583 1083 2608 suo
1116 2584 1249 2607 munere
1276 2579 1324 2607 est
1342 2586 1349 2606 :
1365 2571 1639 2614 quemadmodum
1657 2574 1688 2604 iu

67 2625 132 2656 alia
148 2625 256 2662 priore
276 2625 386 2656 diserti
403 2625 550 2662 oratoris,
564 2625 698 2657 fortasse
714 2631 743 2656 et
762 2627 854 2664 periti
872 2627 970 2658 aulici
986 2631 1090 2666 partes
1105 2627 1240 2658 solerter
1259 2627 1409 2666 explevit.
1429 2626 1586 2657 Libellum
1603 2626 1689 2656 hunc

68 2685 110 2707 ex
124 2675 319 2707 bibliotheca
336 2677 683 2708 Florentino-Medicea
693 2677 815 2716 primus
825 2679 909 2709 eruit
921 2678 1127 2709 doctissimus
1146 2678 1326 2718 Grmrmque
1341 2677 1458 2716 linguae
1473 2675 1688 2715 peritissimus

67 2727 185 2757 Petrus
201 2726 366 2762 Pessinus,
385 2726 511 2764 inclytae
527 2726 695 2757 Societatis
724 2728 802 2757 Jesu
818 2726 970 2757 alumnus
989 2731 1019 2757 ct
1035 2731 1279 2760 ornamentum:
1297 2735 1438 2770 eumque
1452 2724 1597 2755 libellum
1615 2726 1686 2762 epi-

69 2776 151 2806 stola
169 2775 241 2806 data
253 2777 358 2806 Romae
372 2783 456 2806 anno
471 2775 757 2816 (utvulgodicitur)
772 2780 881 2806 sancto
897 2777 986 2814 1650,
1007 2777 1169 2808 Ludovico
1188 2776 1269 2812 XIV,
1281 2775 1392 2807 Gallia)
1402 2779 1434 2805 et
1449 2776 1594 2806 Navarraa
1607 2774 1686 2811 regi,

69 2830 137 2857 tum
153 2827 258 2858 adhuc
275 2827 485 2864 adolescenti,
501 2831 531 2859 et
547 2828 607 2859 sub
623 2827 732 2858 matris
750 2827 847 2859 tutela
863 2837 996 2866 regnum
1021 2827 1268 2864 administranti,
1287 2825 1495 2865 nuncupavit,
1507 2833 1541 2856 ea
1557 2832 1688 2863 praeser-

71 2878 126 2909 tim
145 2880 192 2918 (ut
209 2880 278 2919 ipse
295 2879 439 2918 testatur)
456 2880 578 2912 ratione
598 2880 724 2917 ductus,
743 2881 828 2919 quod
847 2880 880 2911 in
905 2880 961 2911 hac
980 2879 1086 2918 opella
1104 2879 1241 2911 describi
1259 2879 1296 2910 ad
1314 2878 1467 2910 amussim
1493 2881 1522 2908 et
1537 2875 1687 2916 graphice
