1897 3052
168 135 219 166 467
691 135 883 166 BONIFACII
900 137 1057 168 FlNETTl
1075 138 1272 170 Pii/EFATIO
1744 139 1802 170 468
1839 173 1847 178 ἢ

169 192 335 223 videretur
354 193 489 232 ipsemet
506 192 702 228 Ludovicus,
720 197 750 224 et
765 193 869 233 qualis
889 198 964 225 tunc
980 195 1178 235 essetquoad
1194 196 1337 236 corporis
1353 196 1519 236 animique
1530 197 1634 233 dotes,
1649 200 1680 227 et
1690 196 1799 235 qualis

169 243 265 273 ctiam
282 242 414 273 futurus
431 251 603 282 progressu
623 244 777 283 temporis
794 248 879 274 esset
893 249 946 275 aut
961 253 1032 275 esse
1055 245 1198 276 deberet.
1212 247 1280 277 Etsi
1310 255 1385 278 vero
1406 247 1542 286 epistola
1557 246 1797 286 nuncupatoria

159 294 286 332 _5cripta
305 294 346 324 sit
363 295 470 325 Romae
485 302 582 330 anno,
605 299 637 325 ut
652 295 807 330 diximus,
823 296 911 333 1650,
931 296 1031 327 editio
1048 300 1152 328 tamen
1168 298 1299 329 nonnisi
1319 307 1404 329 anno
1419 298 1614 338 insequente
1628 298 1717 334 1651,
1737 306 1796 328 ea-

168 352 232 382 que
248 351 310 374 non
326 345 445 381 Romae,
464 345 520 386 sed
538 346 672 376 Parisiis
691 351 799 377 secuta
813 350 860 377 est
878 346 963 386 typis
986 347 1097 386 regiis,
1115 348 1292 383 volumine,
1311 353 1345 379 ut
1361 349 1464 384 aiunt,
1479 348 1658 386 iit-quarto.
1672 347 1798 377 Inserta

152 384 375 435 )postmodum
389 399 437 426 est
453 397 578 435 corpori
597 397 778 437 Byzantina;
792 384 948 435 historias,
966 384 1158 438 tomio,juxla
1175 401 1324 432 Venetam
1339 384 1614 437 editionemkx;
1631 401 1706 431 inde
1719 406 1800 430 vero

168 445 201 476 in
220 444 280 475 hoc
298 446 447 477 translata
464 446 615 479 volumen
633 452 693 479 est.
712 450 865 487 Tempus,
882 457 946 487 quo
959 449 1040 481 hanc
1055 449 1314 490 Theophylactus
1330 451 1468 490 opellam
1487 451 1708 482 verosimilius
1724 450 1803 480 elu-

167 495 324 535 cubravit,
341 496 461 527 videsis
473 497 504 528 in
522 498 648 536 praevia:
661 499 902 530 Dissertationis
917 500 1160 530 η.ν111.(;ῐ·ωοο
1177 500 1277 531 textui
1289 500 1470 532 versionem
1487 501 1609 531 addidit
1621 500 1802 539 elegantis-

165 547 279 579 simam
292 547 331 579 ab
348 557 383 579 se
397 548 589 581 elaboratam
601 549 686 581 idem
699 551 872 586 Pessinus;
889 559 984 591 quam
1002 555 1107 583 tamen
1136 556 1303 591 prOpterea
1330 552 1480 583 nonnulli
1494 552 1801 590 reprehendendam

168 602 313 635 censent,
326 599 401 638 quia
417 600 562 632 nitidiori
580 601 771 641 puriorique
786 601 870 640 style
885 601 1029 632 intentus
1041 610 1057 633 a
1072 602 1301 642 Theophylacti
1313 603 1417 634 verbis
1433 602 1529 642 paulo
1545 602 1682 632 liberius
1694 609 1804 641 quan-

167 649 275 689 doque
293 654 434 689 vagatur.
453 651 513 682 Sed
535 660 594 690 ego
610 651 660 682 sin
678 651 811 682 omnino
844 651 1054 690 probandum,
1072 654 1183 684 saltem
1215 653 1434 684 excusandum
1463 660 1582 683 censeo
1612 651 1802 687 Possinum,

166 703 243 734 dum
261 704 458 744 eloquentia)
472 712 550 741 suas,
568 712 631 743 qua
648 703 785 735 maxime
802 703 978 742 praastabat,
994 703 1129 735 ﬂumine
1146 708 1268 743 raptus,
1291 704 1374 735 intra
1390 703 1557 744 rigidioris
1573 703 1733 734 versionis
1756 702 1802 732 li-

168 753 262 784 mites
279 763 351 785 sese
371 753 523 786 cohibere
540 763 604 786 non
621 755 746 793 potuit;
764 755 942 794 maluitque
957 763 1050 786 sensa
1071 755 1206 786 reddere
1230 755 1371 786 ancteris
1386 760 1422 785 ut
1437 759 1558 791 orator,
1575 761 1671 793 quam
1687 757 1723 783 ut
1747 755 1807 784 in-

167 809 287 843 terprea
302 815 311 834 :
325 804 412 842 quod
433 804 517 835 idem
531 805 563 836 in
579 805 727 836 versione
749 805 980 836 Demosthenis
997 805 1185 844 praestitisse
1200 814 1235 837 se
1259 806 1435 846 aliquando
1452 805 1579 837 Tullius
1598 805 1668 843 ipse
1697 807 1803 835 testa-

166 859 231 884 tur.
249 855 326 886 Mihi
342 856 450 895 potius
466 855 711 886 admirationem
725 855 853 895 ingerit,
870 856 956 895 quod
975 856 1006 887 in
1024 856 1201 896 epigraphe
1216 857 1312 888 istius
1331 857 1439 896 operis
1456 857 1735 896 Theophylactum
1748 857 1804 884 τοῦ

166 905 195 931 ὲν
208 905 296 939 ἁγίοις
310 907 416 942 Harpe;
433 909 522 942 ἡμῶν,
537 906 570 936 S.
587 906 695 937 Patris
710 908 814 937 nostri
826 907 915 938 titulo

1050 909 1169 939 :orarit.
1187 908 1284 939 Valde
1300 908 1387 939 enim
1413 908 1538 943 dubito,
1558 911 1668 938 utrum
1685 907 1720 937 in
1742 914 1799 940 eo,

168 959 234 988 quo
253 960 332 983 usus
349 957 408 991 est,
422 955 532 987 codice
554 955 696 996 elogium
712 957 899 997 hujusmodi
915 966 1026 989 revera
1041 962 1144 989 exstet
1158 969 1165 989 :
1179 959 1444 998 quandoquidem
1466 958 1499 989 in
1516 957 1696 993 codicibus,
1710 964 1801 996 quos

170 1001 250 1032 mihi
267 1003 426 1041 inspicere
443 1005 547 1043 licuit,
565 1007 648 1038 nulli
674 1007 779 1046 ipsius
796 1009 889 1048 operi
917 1009 947 1040 id
969 1010 1130 1048 praeﬁxum
1158 1010 1348 1049 reperiatur.
1365 1009 1454 1040 Alias
1473 1017 1550 1040 vero
1572 1008 1730 1040 Pessinus
1764 1007 1802 1037 in

169 1051 398 1092 Theophylacti
418 1054 529 1086 laudes
553 1056 650 1095 paulo
666 1056 831 1088 liberalior
851 1058 989 1095 videtur,
1016 1063 1126 1098 utpote
1142 1060 1197 1099 qui
1213 1060 1308 1092 etiam
1337 1059 1372 1090 in
1389 1059 1532 1099 Epistola
1557 1058 1803 1097 nuncupatoria

168 1103 317 1135 eumdem
331 1114 393 1137 nou
411 1108 678 1146 sapientissimum
692 1109 788 1140 modo
803 1118 838 1141 ac
852 1111 1059 1141 venerabilem
1083 1111 1367 1152 archiepiscopum,
1382 1120 1493 1143 verum
1523 1110 1619 1141 etiam
1646 1110 1804 1140 Ecclesiae

167 1156 326 1188 doctorem
335 1159 492 1198 appellat;
509 1160 594 1200 quod
612 1161 744 1200 quidem
758 1162 905 1193 absolute
919 1167 950 1193 et
973 1163 1042 1194 sine
1058 1162 1166 1203 aliqua
1181 1163 1373 1194 limitatione
1397 1163 1437 1194 de
1461 1171 1500 1194 eo
1515 1166 1599 1193 recte
1617 1162 1681 1193 dici
1700 1170 1802 1201 posse

169 1215 235 1239 non
251 1214 339 1247 pulo.

863 1274 1006 1305 SECTIO
1039 1275 1094 1305 1X.

533 1347 578 1376 De
603 1347 754 1377 Encomio
773 1347 807 1377 in
825 1348 1047 1387 imperatorem
1065 1348 1208 1379 Alexium
1226 1349 1428 1381 Comncnum.

207 1419 514 1459 XLTheophylacti
532 1427 667 1460 operum
688 1429 854 1460 nunquam
871 1421 1027 1453 hactenus
1041 1422 1203 1453 editorum
1220 1430 1322 1454 unum
1338 1427 1387 1454 est
1402 1423 1511 1459 etiam,
1527 1423 1614 1461 quod
1631 1423 1801 1462 sequitur,

167 1469 444 1509 elegantissimum
459 1471 643 1501 Encomium
653 1472 688 1501 in
704 1471 924 1510 imperatorem
941 1471 1090 1503 Alexium
1104 1472 1305 1504 Comuenum.
1318 1473 1477 1504 Dominus
1493 1472 1533 1503 de
1547 1472 1664 1503 OEfeld
1684 1474 1800 1512 (quem

167 1521 302 1553 honoris
319 1530 413 1553 causa
435 1522 594 1562 nomino),
619 1522 837 1554 celeberrima;
861 1523 1064 1554 serenissimi
1088 1523 1181 1555 ducis
1213 1528 1310 1563 atque
1333 1523 1483 1555 electoris
1508 1523 1649 1555 Bavariaa
1672 1523 1799 1555 biblio-

169 1571 272 1602 theca
288 1571 455 1610 praefectus
473 1572 718 1610 meritissimus,
733 1573 813 1604 illud
835 1573 963 1613 propria
983 1582 1078 1605 manu
1096 1573 1295 1612 descriptum
1319 1582 1359 1604 ex
1386 1577 1514 1604 vetusto
1539 1573 1650 1604 codice
1676 1573 1801 1604 biblio-

170 1624 270 1655 thecae
288 1624 447 1663 praedicta!
465 1624 621 1655 editionis
636 1624 733 1664 hujus
747 1624 930 1656 fautoribus
947 1624 1183 1656 humanissime
1197 1625 1433 1663 suppeditavit;
1455 1632 1521 1664 quo
1536 1633 1614 1655 sane
1638 1623 1801 1655 beneﬁcio

170 1683 244 1706 sese
265 1674 437 1706 obstrictos
452 1674 640 1706 fatebuntur
657 1675 680 1706 ii
697 1683 810 1707 omnes
828 1675 885 1715 qui
899 1675 1011 1706 eximii
1029 1674 1126 1714 hujus
1141 1674 1290 1714 opusculi
1309 1675 1509 1714 perjucunda
1525 1674 1662 1705 lectione
1678 1673 1798 1705 fruen-

169 1733 232 1756 tur.
249 1727 319 1764 Quo
343 1725 421 1756 illud
439 1729 582 1764 tempore
599 1726 861 1766 Theophylactus
877 1725 1044 1765 scripserit
1058 1733 1093 1755 ac
1109 1725 1260 1760 recitarit,
1274 1724 1307 1755 in
1327 1725 1559 1756 Dissertatione
1573 1725 1690 1764 praevia
1703 1732 1798 1754 num.

168 1777 236 1807 LVI
248 1776 384 1807 solerter
399 1779 430 1806 et
449 1776 576 1807 erudite
586 1776 773 1816 expeditum
788 1777 853 1816 jam
870 1776 982 1806 habes.
999 1775 1060 1806 Sed
1075 1774 1127 1806 hic
1142 1774 1222 1805 forte
1240 1775 1492 1814 percontaberis,»
1506 1784 1572 1815 quo
1588 1775 1800 1814 potissimum

166 1826 377 1857 fundamento
390 1827 580 1858 Encomium
598 1827 685 1858 istud
702 1827 956 1867 Theophylacto,
976 1826 1070 1865 cujus
1087 1834 1183 1864 opera
1195 1825 1228 1856 in
1242 1825 1302 1856 hoc
1317 1826 1460 1857 eduntur
1476 1826 1654 1863 volumine,
1674 1825 1801 1856 tribua-

168 1882 232 1908 tur.
251 1877 432 1916 Responsio
448 1878 480 1908 in
494 1881 643 1916 promptu
660 1881 719 1914 est,
743 1878 823 1908 illud
841 1876 1081 1916 'l‘heophylacto
1102 1875 1278 1914 ascriptum
1297 1876 1331 1906 in
1359 1880 1484 1908 vetusto
1506 1877 1618 1908 codice
1643 1876 1798 1914 reperiri.

168 1928 249 1967 quin
266 1927 353 1959 ullus
370 1929 411 1959 sit
426 1929 526 1959 codex
543 1929 599 1968 qui
617 1932 787 1967 repugnet.
812 1928 872 1958 Per
890 1927 919 1957 id
938 1935 1014 1958 vero
1034 1926 1188 1966 temporis
1214 1927 1314 1957 alium
1337 1926 1478 1966 aliquem
1504 1926 1799 1965 'l‘heOpbylactum,

168 1983 381 2019 praeterquam
397 1979 555 2018 Bulgaria:
571 1978 864 2018 archiepiscopum,
883 1977 1033 2007 ﬂoruisse
1052 1985 1115 2007 non
1132 1980 1265 2007 constat.
1283 1975 1390 2016 Stylus
1412 1985 1428 2007 a
1449 1976 1534 2016 style
1561 1975 1799 2016 TheOphylacti

166 2030 267 2061 nostri
282 2029 415 2060 minime
428 2029 587 2065 abhorret,
605 2028 729 2059 tametsi
744 2036 800 2066 pro
817 2027 940 2058 ratione
959 2026 1193 2058 encomiasticaa
1208 2026 1363 2057 orationis
1381 2026 1475 2065 paulo
1492 2026 1640 2058 ﬂoridior
1658 2026 1714 2063 sit,
1735 2034 1799 2057 ma-

162 2080 294 2120 jorique
310 2079 439 2118 profana
456 2079 642 2110 eruditione
660 2078 807 2108 refertus.
825 2078 962 2107 Demum
983 2075 1200 2116 bibliographi
1217 2076 1340 2115 quique
1353 2084 1465 2116 magna
1481 2077 1698 2108 consensione
1715 2076 1798 2108 illud

168 2132 355 2171 adjudicant
373 2131 625 2171 Theophylacto,
637 2130 849 2169 Bulgarorum
867 2128 1015 2160 antistiti.

210 2182 294 2212 ΧΗ.
310 2182 470 2217 Attamen,
488 2185 522 2211 ut
537 2181 674 2211 candide
689 2180 789 2210 fatear
802 2179 888 2218 quod
903 2178 1024 2215 sentio,
1043 2178 1109 2209 haec
1134 2178 1213 2208 milii
1237 2183 1425 2217 argumenta
1450 2180 1534 2211 haud
1551 2181 1628 2211 satis
1649 2189 1724 2212 esse
1750 2182 1798 2212 vi-

168 2234 288 2264 dentur
300 2233 338 2262 ad
358 2231 592 2263 dubitationem
606 2239 733 2261 omnem
749 2231 807 2261 hac
822 2230 862 2260 de
878 2238 912 2260 re
927 2229 1147 2260 amovendam.
1164 2229 1326 2260 Praedicta)
1343 2231 1507 2269 siquidem
1524 2232 1663 2262 orationi
1683 2233 1798 2264 insunt

167 2284 321 2316 nonnulla
343 2291 415 2323 qua;
439 2282 678 2321 TheOphylacto
701 2285 810 2312 nostro
832 2281 938 2311 minus
957 2271 1108 2310 videntur
1126 2287 1320 2318 congruere.
1348 2282 1385 2310 Et
1403 2281 1506 2319 primo
1527 2282 1661 2319 quidem
1679 2283 1797 2313 mirum

168 2338 228 2371 est,
245 2334 333 2374 quod
349 2342 421 2364 cum
439 2336 552 2364 caetera
572 2331 807 2371 Theophylacti
824 2339 921 2370 opera
939 2330 1056 2370 (quoad
1077 2329 1157 2360 milii
1176 2330 1284 2360 videre
1302 2329 1405 2369 licuit)
1425 2330 1516 2362 illius
1532 2332 1658 2362 nomini
1680 2334 1797 2373 adjun-

166 2387 245 2414 irtam
262 2383 333 2423 ejus
353 2383 543 2421 dignitatem
557 2380 738 2421 praeferant,
757 2382 902 2412 Encomii
918 2380 1016 2420 hujus
1042 2380 1216 2420 epigraphe
1239 2381 1345 2412 solum
1362 2385 1543 2422 pulumque
1568 2383 1799 2423 Theophylacti

165 2445 284 2467 nonien
299 2435 462 2466 exhibeat.
482 2434 599 2474 Ecquis
614 2437 722 2465 autem
740 2443 885 2465 asserere
902 2438 988 2464 certo
1002 2433 1116 2472 possit,
1136 2441 1200 2464 non
1213 2434 1313 2464 alium
1335 2441 1374 2464 eo
1389 2438 1534 2473 tempore
1555 2435 1586 2465 in
1611 2435 1700 2474 regia
1719 2437 1796 2466 urbe

167 2485 443 2525 'l‘heOphyiactum
459 2484 574 2522 fuisse,
590 2485 647 2525 qui
660 2485 812 2515 Encomio
829 2485 904 2515 huic
923 2484 1148 2515 concinnando
1164 2488 1251 2514 esset
1267 2484 1428 2515 idoneus?
1446 2485 1570 2516 Deinde
1589 2485 1616 2516 si
1637 2485 1739 2517 istius
1754 2487 1799 2516 io-

166 2538 277 2567 timam
299 2535 399 2566 veluti
416 2535 552 2567 formam
569 2541 828 2574 structuramque
844 2535 939 2574 paulo
952 2535 1133 2566 accuratius
1148 2535 1222 2574 quis
1242 2536 1427 2574 expendere
1448 2536 1537 2573 velit,
1551 2537 1744 2575 gravitatem
1764 2535 1796 2565 il-

166 2588 229 2618 lam
247 2591 277 2618 et
294 2588 413 2624 zelum,
428 2588 483 2626 qui
503 2592 660 2626 prevectaa
678 2587 743 2625 jam
761 2586 862 2617 aetatis
879 2585 1159 2624 archiepiscopum
1176 2585 1299 2621 deceat,
1326 2585 1391 2621 vix,
1411 2594 1448 2616 ac
1465 2595 1505 2617 ne
1532 2586 1585 2616 vix
1606 2587 1742 2627 quidem
1767 2587 1794 2617 in

165 2637 224 2668 illo
237 2638 470 2676 deprehendet.
487 2639 525 2668 Et
539 2646 616 2668 sane
629 2637 951 2676 archiepiscopumne
964 2640 995 2666 et
1011 2644 1076 2666 non
1091 2636 1198 2674 potius
1210 2636 1471 2674 aophistamillud
1488 2646 1553 2676 prie
1565 2645 1600 2667 se
1609 2637 1697 2682 ferre
1712 2638 1796 2668 vide-

166 2693 229 2725 tur,
246 2690 334 2728 quod
351 2690 385 2720 in
403 2694 487 2721 tanta
506 2690 712 2730 imperatoris
729 2689 838 2721 latitia
855 2698 917 2720 non
936 2688 1192 2720 ecclesiasticum
1210 2688 1390 2727 quidpiam,
1411 2698 1469 2720 seu
1493 2690 1649 2721 Ecclesiae
1675 2691 1793 2721 utilita‘

165 2741 230 2767 tem
247 2738 436 2777 respiciens,
450 2739 507 2769 sed
524 2738 719 2777 sophistica»
736 2742 871 2774 tantum,
895 2738 954 2768 hoc
967 2742 1027 2773 est,
1043 2737 1216 2767 oratoriam
1228 2745 1263 2768 ac
1272 2737 1479 2778 philologiam
1494 2740 1594 2771 semel
1611 2741 1794 2781 iterumque

169 2789 399 2819 «ommendet?
415 2789 564 2828 Sophista
578 2789 687 2829 igitur,
709 2798 765 2819 seu
786 2789 949 2827 professor
965 2787 1154 2824 rhetorices,
1171 2787 1227 2827 qui
1245 2791 1309 2818 tum
1328 2788 1474 2820 ﬂoruerit
1497 2791 1791 2830 Constantinopoli.

166 2837 262 2877 hujus
275 2842 385 2870 auctor
403 2839 549 2870 Encomii
564 2847 635 2870 esse
651 2839 788 2871 videtur.
807 2838 964 2877 Equidem
982 2838 1008 2868 si
1025 2847 1040 2868 a
1062 2837 1300 2876 Theophylacto
1329 2843 1440 2870 uestro
1467 2840 1572 2872 adhuc
1591 2841 1715 2877 iuvene
1740 2841 1792 2872 ha-
