1897 3052
93 154 143 186 tog
513 152 553 183 IN
567 153 782 189 SEQUENTIA
798 146 842 184 Tn

961 155 1088 185 i'LACI‘I
1112 155 1267 185 SCRIP'I‘A
1275 178 1284 186 .
1658 155 1710 187 470

96 211 154 241 bita
170 209 289 240 fuisset
304 208 412 240 isthtec
429 209 544 246 oratio,
571 219 646 250 quas
664 219 762 250 supra
786 212 967 248 attulimus,
995 212 1120 242 nullum
1140 211 1304 251 negotium
1327 210 1521 242 facesserent
1538 223 1544 242 :
1562 219 1634 242 nam
1654 213 1713 242 ali-

94 260 219 300 quando
236 268 276 291 eo
293 269 426 291 munere
440 259 600 296 functum,
615 269 687 292 cum
706 270 746 292 ex
763 262 838 293 aliis
855 263 1084 298 monumentis,
1102 265 1168 292 tum
1186 263 1360 301 praesertim
1377 270 1416 292 ex
1434 263 1575 294 secunda
1591 271 1628 292 ex
1645 263 1715 302 epi-

95 310 184 341 stolis
203 310 274 341 illis
290 311 419 350 viginti,
435 319 516 350 quas
532 319 619 341 nunc
632 311 771 350 primum
795 314 827 343 in
848 313 953 344 lucem
968 313 1157 349 emittimus,
1182 313 1258 343 satis
1277 312 1440 352 explorata
1462 321 1513 343 res
1539 313 1652 351 estia).
1675 313 1714 343 At

93 360 333 399 Theophylacto
346 361 412 400 jam
431 362 628 399 senescenti,
645 366 676 393 et
690 371 706 393 a
725 363 874 402 pluribus
891 363 984 394 annis
1000 363 1211 402 amplissima)
1237 363 1388 394 Ecclesia)
1410 363 1561 402 regimini
1586 363 1713 394 addicto

95 419 183 449 quam
201 420 315 450 parum
330 413 390 442 ista
411 412 618 448 conveniant,
641 420 735 443 nemo
756 421 819 443 non
838 413 936 444 videt.
956 413 1042 443 Alias
1058 422 1134 444 vero
1147 413 1294 444 Encomii
1313 413 1409 452 hujus
1425 416 1587 444 auctorem
1603 414 1712 452 sophi—

93 465 144 490 stc
156 465 188 491 et
205 460 399 493 scholarchw
414 471 534 493 munus
549 463 836 502 eodemtempore,
858 471 923 502 quo
951 463 1029 494 illud
1050 463 1177 502 publice
1198 464 1353 501 recitavit,
1379 465 1577 498 exercuisse.
1604 469 1712 503 aperto

93 509 257 549 colligitur
271 511 347 550 (nisi
365 519 435 541 mea
450 519 500 541 me
515 511 598 542 fallit
612 512 738 552 opinio)
754 520 793 542 ex
811 513 916 543 verbis
933 513 1022 544 illius
1042 514 1224 551 postremis,
1242 514 1363 553 quibus
1379 523 1457 546 suos
1473 515 1516 545 ita
1533 515 1712 554 discipulos

93 559 210 598 ipsum,
226 564 260 590 ut
276 560 418 597 videtur,
431 561 677 593 circumstantes
690 562 868 602 alloquitur
885 571 892 593 :
913 563 955 594 At
969 572 1043 594 vero
1060 573 1115 603 ego
1131 564 1266 604 quidem,
1282 575 1299 595 ο
1317 568 1421 605 pueri,
1445 565 1554 596 debito!
1575 567 1711 605 impera-

93 613 152 642 tori
162 616 276 642 nostra
291 613 404 652 faustis
415 615 609 653 precationis
624 623 660 645 ac
676 614 780 645 laudis
795 616 862 646 tela
877 621 997 646 stamen
1006 618 1073 656 jam
1088 618 1183 656 posui
1193 627 1202 651 :
1213 627 1268 648 vos
1284 617 1462 657 subtegmen
1487 617 1626 658 adficite.
1647 617 1712 655 Ego

94 661 176 692 cobis
205 667 306 692 artem
326 665 510 701 monstravi,
536 673 596 704 qua
613 664 787 704 elegantius
810 666 899 704 picta
914 670 1005 705 atque
1018 667 1195 706 perfectior
1215 666 1277 696 tela
1298 667 1364 705 ﬁat.
1385 667 1540 697 Caeterum
1566 665 1626 696 etsi
1650 666 1715 696 haec

92 714 195 744 omnia
221 715 444 752 suspicionem
461 715 603 755 aliquam
631 715 779 754 ingerere
796 715 923 755 possint
947 717 987 746 de
1004 725 1156 755 germano
1181 717 1337 748 orationis
1358 717 1455 757 hujus
1472 721 1618 753 auctore,
1640 716 1714 755 jure

93 767 193 794 tamen
212 764 447 802 impedimento
477 765 571 796 nobis
598 774 670 796 esse
699 774 762 796 non
782 766 910 803 debent,
937 767 1112 806 quominus
1132 768 1164 798 in
1188 767 1248 798 hoc
1274 767 1439 798 volumine
1467 776 1529 798 una
1555 775 1626 797 cum
1645 766 1714 796 aliis

93 813 320 854 TheOphylacti
341 816 492 854 Operibus
516 816 627 847 edatur
661 827 668 846 :
689 816 848 847 malumus
873 817 959 847 enim
984 817 1140 848 incertum
1160 817 1207 847 illi
1234 817 1333 848 fetum
1347 818 1498 857 :tribuere
1517 825 1612 856 quam
1634 815 1713 847 forte

95 863 274 904 legitimum
292 865 472 897 detrahere.

794 938 938 969 SECTIO
969 940 1009 969 X.

400 1022 443 1051 De
455 1022 609 1062 Epistolis
624 1024 737 1063 viginti
749 1031 856 1053 recens
872 1024 972 1054 cratis
988 1032 1028 1053 ex
1043 1023 1231 1054 bibliotheca
1249 1023 1409 1053 Vaticana.

131 1092 229 1122 XLII.
247 1093 456 1124 Solertissimi
473 1095 624 1126 editionis
642 1095 738 1134 hujus
751 1098 914 1126 curatores
939 1103 1011 1126 cum
1029 1094 1180 1133 epistolas
1204 1094 1359 1134 quasdam
1379 1094 1518 1125 ineditas
1544 1093 1717 1133 TheOphy-

98 1140 164 1172 lacti
183 1144 286 1174 nostri
306 1143 337 1174 in
355 1144 548 1176 bibliotheca
569 1145 718 1176 Vaticana
733 1145 830 1175 latere
844 1145 1059 1181 inaudissent,
1075 1152 1129 1174 eas
1146 1144 1208 1174 sibi
1226 1143 1442 1182 procurandas
1466 1144 1599 1174 omnino
1625 1147 1718 1182 puta-

97 1195 179 1228 runt,
195 1201 237 1222 ne
255 1192 320 1222 ulla
336 1201 374 1223 ex
392 1198 478 1231 parte
504 1194 670 1225 imminuta
699 1194 841 1232 prodiret
864 1201 1004 1232 prmsens
1022 1193 1135 1224 editio.
1155 1193 1229 1224 Voti
1248 1197 1411 1233 compotes
1428 1193 1532 1225 eﬂ'ccti
1549 1193 1640 1224 fuere
1655 1193 1718 1224 hu-

97 1243 244 1273 manitate
267 1252 390 1274 summa
407 1243 608 1274 celeberrimi
626 1244 684 1275 viri
700 1244 830 1283 Josephi
848 1243 961 1275 Evodii
977 1243 1158 1280 Assemani,
1173 1243 1318 1282 ejusdem
1337 1243 1541 1274 bibliotheca)
1563 1242 1716 1282 praefecti,

97 1293 151 1330 qui
168 1293 286 1331 viginti
304 1294 454 1332 epistolas
471 1303 509 1325 ex
526 1295 675 1333 pluribus
691 1295 841 1326 collectas
857 1294 1036 1331 codicibus,
1047 1298 1144 1333 atque
1159 1294 1282 1333 optimo
1297 1294 1480 1325 charactere
1493 1298 1640 1325 exaratas
1655 1294 1717 1324 huc

101 1342 198 1378 misit,
217 1347 285 1374 uta
304 1343 397 1374 nobis
423 1344 676 1382 producerentur
696 1344 728 1375 in
746 1344 862 1375 lucem.
889 1345 948 1374 Eas
968 1344 1074 1383 reipsa
1096 1343 1198 1374 fuisse
1213 1351 1230 1374 a
1245 1343 1486 1383 Theophylacto
1509 1344 1718 1382 conscriptas,

99 1392 206 1422 nullus
232 1401 303 1424 esse
322 1393 449 1424 videtur
474 1393 657 1432 ambigendi
679 1393 786 1431 locus;
801 1401 872 1424 cum
889 1397 921 1424 et
940 1393 1061 1424 diserte
1088 1392 1257 1432 praeferant
1281 1392 1514 1432 Theophylacti
1539 1400 1670 1428 nomen,
1688 1396 1719 1423 et

97 1445 246 1474 eumdem
265 1445 385 1484 stylum
405 1445 598 1484 easdemque
614 1444 714 1476 ferme
731 1453 793 1481 res,
811 1452 892 1485 quas
908 1444 979 1475 alim
993 1446 1059 1484 jam
1072 1435 1390 1481 editae,contineant.
1406 1444 1513 1481 Quare
1530 1443 1577 1475 nil
1606 1443 1721 1474 dubito

99 1496 276 1534 quominus
304 1496 421 1528 futurae
442 1497 506 1527 sint
529 1497 652 1527 Lectori
673 1497 872 1536 gratissimas.
890 1496 1050 1528 Peculiari
1074 1499 1181 1528 tamen
1201 1495 1364 1534 voluptate
1388 1503 1463 1527 eum
1489 1502 1632 1535 auguror
1651 1493 1721 1525 alli-

99 1549 249 1580 riendum
267 1557 305 1580 ex
322 1549 469 1588 epistolis
485 1548 608 1580 decima
623 1548 901 1587 septima,decima
915 1553 1039 1586 octava,
1060 1551 1091 1580 et
1106 1547 1233 1579 decima
1249 1555 1346 1584 nona,
1364 1555 1437 1587 quae
1455 1546 1600 1578 eamdem
1614 1545 1719 1577 conti-

101 1609 196 1631 nuare
214 1600 334 1631 seriem
350 1600 501 1631 videntur
515 1608 586 1631 cum
603 1600 764 1631 tricesima
786 1599 929 1631 secunda
944 1608 983 1630 ex
999 1599 1096 1630 editis
1112 1607 1129 1630 a
1150 1597 1293 1629 Meursio
1308 1608 1315 1628 :
1332 1597 1387 1629 ubi
1401 1601 1432 1628 et
1444 1597 1720 1636 Theophylactum

102 1651 276 1689 perspicies
289 1651 509 1681 auctoritatem
527 1659 616 1682 suam
635 1651 667 1682 in
679 1652 869 1690 episcopum
886 1650 1054 1681 Triaditzm
1068 1651 1285 1685 exercentem,
1301 1657 1374 1679 cum
1391 1647 1587 1678 humanitate
1604 1650 1721 1683 tamen.

102 1709 172 1748 qua;
190 1701 344 1733 Ecclesiae
359 1702 535 1733 antistitem
549 1703 653 1739 decet,
672 1703 892 1742 coniunctam.
905 1701 948 1732 Ex
965 1700 1106 1732 secunda
1124 1707 1201 1730 vero
1214 1699 1365 1738 inscripta
1378 1697 1497 1729 Joanni
1511 1697 1639 1728 Sebasto
1652 1697 1722 1728 Au-

106 1747 202 1790 gusta
226 1753 337 1792 fratri,
361 1752 594 1791 deprehendet,
617 1752 701 1783 haud
731 1756 854 1783 certum
877 1759 949 1782 esse
972 1751 1018 1787 (ut
1046 1749 1147 1789 aliqui
1172 1748 1295 1788 putant)
1319 1747 1594 1788 TheOphylactum
1623 1748 1722 1786 patria

106 1802 495 1841 ConstantinOpOIitanum
510 1801 628 1833 fuisse.
646 1803 681 1834 In
698 1811 734 1834 ea
749 1802 913 1842 siquidem
931 1800 1180 1839 consanguineos
1210 1802 1239 1828 et
1254 1799 1363 1838 afﬁnes
1381 1807 1466 1834 suos,
1482 1798 1536 1837 qui
1552 1797 1584 1828 in
1599 1797 1722 1836 Euripo

103 1857 186 1889 sunt,
204 1853 344 1892 principi
364 1853 433 1883 vi'ro
449 1853 690 1890 commendans,
710 1860 773 1883 non
790 1851 927 1883 obscure
939 1851 1109 1889 signiﬁcat,
1127 1858 1161 1879 se
1177 1856 1309 1888 quoque
1322 1856 1361 1878 ex
1379 1847 1448 1877 loco
1464 1847 1590 1883 eodem,
1611 1847 1722 1885 pro‘n~

104 1903 206 1941 deque
224 1912 263 1933 ex
278 1902 394 1933 Ειιὺαια
409 1903 586 1933 oriundum
603 1912 674 1934 esse
693 1913 700 1940 ;
719 1903 803 1942 quod
818 1901 981 1941 colligitur
996 1900 1090 1930 etiam
1106 1908 1145 1929 ex
1161 1898 1320 1934 versibus,
1338 1905 1420 1936 quos
1435 1897 1605 1927 Patavinus
1621 1899 1650 1927 S.
1665 1898 1723 1928 Ju<

103 1953 193 1983 atina:
209 1953 309 1983 codex
324 1953 561 1983 vetustissimus
577 1952 733 1988 continet;
746 1960 894 1992 quosque.
914 1950 1020 1980 Latine
1038 1948 1184 1980 redditos
1200 1956 1296 1985 supra
1312 1946 1401 1987 (tom.
1418 1947 1442 1982 l,
1456 1947 1517 1977 col.
1538 1946 1609 1985 137)
1626 1955 1725 1986 appo-

104 2003 228 2032 nendos
247 2002 317 2041 ipse
334 2003 452 2034 curavi.
472 2003 507 2033 In
520 2002 595 2033 aliis
613 2002 760 2041 epistolis
776 2002 873 2032 rudes
890 2004 1098 2039 agrestesque
1113 1997 1325 2036 Bulgarorum
1344 2004 1460 2032 mores,
1478 1996 1534 2035 qui
1549 2002 1615 2026 tum
1633 1997 1723 2035 vige-

105 2053 188 2087 bant,
204 2052 355 2092 graphice
372 2052 544 2091 lepideque
557 2051 736 2090 descriptos
755 2059 772 2081 a
789 2049 1030 2088 Theophylacto
1055 2050 1166 2079 Lector
1183 2046 1324 2078 oﬂendet
1341 2055 1348 2075 :
1365 2046 1421 2085 qui
1438 2049 1469 2076 et
1490 2045 1628 2084 querulo
1653 2046 1724 2077 seni

105 2101 325 2141 hyperbolicis
342 2103 538 2142 quandoque
556 2101 728 2141 phrasibus
743 2109 814 2132 cum
837 2101 896 2130 hac
918 2100 952 2130 in
971 2109 1017 2136 re,
1034 2103 1101 2130 tum
1119 2098 1152 2128 in
1178 2097 1252 2127 aliis
1269 2095 1501 2128 calamitatibus
1518 2095 1725 2135 deplorandis

107 2153 210 2182 utenti
227 2152 367 2189 veniam,
398 2158 431 2183 ut
456 2154 606 2190 arbitror,
623 2153 722 2184 dabit.
742 2152 855 2190 Quoad
884 2151 1018 2191 primam
1040 2158 1115 2181 vero
1131 2149 1244 2181 attinet
1262 2148 1414 2179 adnotare
1442 2147 1494 2178 hic
1518 2147 1620 2184 lubet,
1638 2149 1724 2187 quod

107 2203 252 2242 [vostejus
271 2203 516 2241 impressionem
530 2204 725 2234 accuratiore
742 2203 914 2234 collatione
932 2200 1145 2241 deprehendi,
1164 2209 1278 2239 nempe
1298 2207 1366 2230 eam
1380 2203 1499 2237 partem
1517 2200 1723 2237 posteriorem

106 2252 208 2284 facere
236 2253 381 2292 epistola;
404 2254 554 2285 secundae
576 2263 616 2285 ex
637 2249 733 2285 editis
747 2263 764 2284 a
780 2255 902 2284 Joanne
923 2252 1022 2288 Lami,
1055 2260 1127 2291 quae
1160 2250 1312 2288 inscripta
1334 2253 1383 2280 est
1403 2249 1517 2288 Magno
1543 2249 1722 2282 domestico.

109 2304 401 2336 Animadvertenda
416 2312 493 2335 vero
510 2307 557 2335 est
575 2304 700 2335 varians
719 2304 813 2335 lectio
829 2303 928 2334 unius
944 2302 1044 2338 vocis,
1060 2309 1133 2342 quin
1148 2303 1250 2332 exstat
1266 2299 1298 2329 in
1310 2298 1463 2343 Lamiam!
1487 2298 1652 2330 editione:
1669 2300 1722 2330 ubi

109 2364 163 2394 pro
179 2360 266 2392 νῖκος,
282 2356 428 2388 victoria,
446 2354 531 2394 quod
548 2355 666 2394 legitur
685 2355 715 2386 in
735 2355 882 2394 prmdicta
899 2353 1002 2393 prima
1014 2352 1162 2392 epistola,
1179 2350 1261 2380 inibi
1278 2348 1414 2380 habetur
1429 2349 1527 2385 νεῖκος,
1545 2350 1702 2380 contentio
1716 2360 1726 2380 :

110 2415 203 2445 quam
221 2405 389 2436 lectionem
410 2405 501 2436 alteri
530 2406 770 2444 praeferendam,
797 2406 861 2436 imo
888 2403 988 2435 solam
1009 2411 1114 2434 veram
1140 2410 1212 2432 esse
1238 2403 1316 2440 puto
1332 2409 1339 2428 :
1355 2399 1476 2438 quippe
1498 2407 1570 2437 quae
1593 2408 1724 2430 sensum

110 2456 210 2486 multo
233 2455 400 2486 meliorem
415 2457 638 2495 aptioremque
655 2455 772 2486 fundit.
795 2456 949 2486 Caeterum
966 2453 1061 2484 etiam
1079 2452 1230 2483 Lamiana
1247 2448 1350 2481 editio
1366 2457 1405 2479 ex
1420 2447 1474 2478 illa
1488 2447 1550 2478 alia
1562 2449 1678 2488 corrigi
1694 2454 1726 2480 et

110 2506 253 2544 suppleri
270 2506 477 2545 aliquatenus
496 2511 610 2546 potest,
629 2511 661 2538 ut
679 2507 855 2538 conferenti
874 2505 1002 2545 patebit.

146 2556 257 2586 XLIII.
284 2557 331 2585 An
350 2556 496 2594 epistolae
514 2557 585 2588 aliae
601 2557 746 2597 ejusdem
769 2557 910 2588 auctoris
926 2556 1058 2587 ineditze
1080 2553 1184 2585 adhuc
1198 2552 1322 2583 latitent
1341 2551 1374 2582 in
1397 2549 1615 2588 bibliothecis,
1633 2552 1725 2583 nobis

112 2605 202 2646 plane
219 2607 468 2644 incompertum.
488 2606 556 2644 Hoc
578 2607 652 2646 jure
675 2606 797 2646 optimo
813 2615 957 2637 asserere
975 2612 1157 2644 p055umus,
1175 2603 1256 2634 nulli
1275 2602 1427 2641 percitum
1454 2609 1526 2632 esse
1550 2601 1662 2639 labori,
1679 2606 1725 2639 ut,

113 2656 137 2686 si
154 2665 225 2695 quae
238 2660 360 2692 essent,
378 2657 635 2695 producerentur
654 2659 685 2688 in
700 2657 814 2688 lucem.
833 2657 939 2693 Quare
953 2664 1024 2686 cum
1041 2656 1072 2686 in
1092 2655 1250 2685 librorum
1269 2661 1345 2683 mss.
1363 2651 1504 2691 catalogo
1528 2651 1727 2684 bibliothecas

115 2705 248 2737 publica;
274 2707 472 2743 Augustanm
490 2706 650 2745 legissem,
678 2707 722 2737 ibi
742 2706 885 2738 codicem
909 2704 1045 2744 reperiri
1065 2702 1295 2743 Theophylacti
1321 2700 1473 2742 epistolas
1496 2702 1725 2740 continentem,

147 2797 183 2831 (η)
199 2797 262 2825 Hac
282 2798 355 2824 enim
371 2805 404 2825 eo
418 2797 470 2824 loci
485 2799 565 2824 verba
579 2797 674 2825 habet:
691 2797 738 2829 Τις
753 2797 775 2824 δ’
790 2798 822 2824 ἄν
847 2805 891 2831 μοι

974 2797 1092 2830 ελήρωσα
1105 2804 1114 2829 ;
1128 2796 1194 2828 Quis
1210 2795 1273 2822 milii
1288 2796 1419 2822 rhetorum
1429 2795 1581 2829 naptnxerit
1607 2797 1723 2827 chorum.

115 2831 234 2866 ρητόρων
251 2833 331 2867 χορὸν
347 2833 556 2867 οξδνεκρότηπεν.
574 2833 617 2858 ἵνα
630 2833 730 2858 τούτων
746 2830 864 2867 κορυιρείῖι

995 2832 1101 2858 illorum
1124 2830 1275 2865 cori/pluviis
1294 2831 1398 2867 fartus,
1420 2836 1447 2867 ut
1468 2831 1531 2857 olim
1550 2839 1655 2858 erant...
1674 2840 1723 2858 una

114 2865 267 2902 γινόμενος
279 2867 346 2903 ὅπερ
360 2865 393 2903 ἧν
406 2865 499 2894 τόξευξ
512 2869 588 2903 xor/ﬁ
603 2868 649 2902 τὴν
662 2867 771 2902 λογικὴν
780 2865 863 2902 χηρεῇ

765 2865 890 2902 νχηρεξαν
945 2875 1002 2895 cunt
1016 2867 1052 2894 eis
1065 2866 1183 2893 choreum
1200 2866 1341 2893 oratorium
1361 2866 1514 2893 persoluam.
