1897 3052
153 141 204 175 4⁵11
674 141 865 171 BONlFACl‘I
886 143 902 173 1ΙΙ

1060 142 1255 172 ΡΒᾸΞΕΑΤῙΟ
1727 142 1787 174 472
1796 139 1800 143 ’

153 207 332 238 earumque
350 197 555 237 penultimam
573 200 606 227 ut
623 196 776 228 ineditam
795 198 908 234 notari,
931 198 1099 229 confestim
1116 198 1230 237 scripsi
1251 198 1289 228 ad
1307 197 1346 228 cl.
1368 197 1471 228 virum
1488 205 1523 228 ac
1538 197 1631 229 dictae
1654 198 1780 230 biblio-

154 249 254 280 thecae
267 249 434 280 custodem
459 247 687 286 dignissimum
705 247 887 280 Goti‘ridum
911 249 1140 289 Heckingium,
1166 258 1281 288 rogans
1299 253 1333 279 ut
1349 249 1388 279 de
1415 258 1450 280 ea
1479 249 1615 288 epistola
1633 250 1779 280 notitiam

154 299 233 329 mihi
251 299 392 337 aliquam
407 297 621 328 submitteret.
641 299 680 328 At
698 298 753 329 ille
770 307 833 330 non
852 300 946 330 modo
962 300 1084 339 absque
1100 308 1190 330 mora
1205 307 1358 338 perquam
1373 299 1511 330 humane
1530 300 1706 338 rescripsit,
1721 300 1778 330 sed

152 352 256 389 ipsam
273 351 369 380 etiam
385 348 569 388 epistolam,
587 350 626 380 de
643 358 705 389 qua
721 350 838 381 certior
855 351 921 381 ﬁeri
945 352 1152 390 emptabam.
1170 356 1314 382 accurate
1339 351 1509 390 nitideque
1526 350 1718 389 descriptam
1737 350 1780 380 ad

153 407 210 430 nos
226 397 413 428 transmisit.
434 397 495 428 Vix
510 406 546 428 ca
569 402 695 437 accepta
711 399 924 438 deprehendi,
940 408 1005 432 non
1021 409 1038 431 a
1055 401 1297 440 ’l‘heOphylacto
1314 401 1522 439 Bulgarorum
1539 401 1702 440 episcopo,
1721 399 1780 432 sed

151 450 189 480 ab
200 449 263 480 alio
277 448 518 488 Theophylaeto
533 449 634 480 fuisse
650 450 876 489 conscriptam,
891 451 943 482 cui
959 452 1122 482 Simocotaz
1137 460 1315 492 cognomen
1326 456 1410 487 erat;
1427 452 1551 491 quique
1566 452 1644 482 alias
1661 461 1778 492 quam-

152 499 261 538 plurcs
280 499 314 530 in
329 507 464 530 suorum
484 500 565 530 forte
581 499 817 538 discipulorum
834 509 928 532 usum
946 502 1025 541 (erat
1039 503 1163 542 quippe
1183 501 1384 541 professione
1401 503 1555 542 sophista,
1582 511 1639 533 seu
1658 511 1779 540 prince-

151 553 221 587 ptor
237 549 428 590 rhetorices)
445 549 656 580 elucubravit.
675 550 762 580 Hanc
780 555 888 590 utpote
906 551 1075 589 ineditam,
1093 559 1124 584 et
1137 553 1262 593 alioqui
1277 552 1515 589 brevissimam,
1537 553 1662 583 veniam
1679 553 1782 583 lector

149 598 293 638 Optimus
309 599 409 636 dabit,
429 600 457 631 si
483 599 571 631 velut
587 608 743 639 parergon
768 601 827 632 hoc
847 601 908 632 loci
925 610 1108 641 apposuero
1124 613 1186 634 una
1204 611 1276 635 cum
1300 603 1447 634 versione
1464 603 1575 634 Latina
1592 603 1622 633 in
1641 603 1779 643 gratiam

149 655 263 678 eorum
279 648 335 688 qui
355 647 515 688 ejusmodi
536 649 656 680 studiis
671 649 883 681 delectantur.
901 651 955 681 Est
969 659 1045 683 vero
1060 663 1068 682 :

379 732 553 760 Dtcmotlotas
567 733 708 768 Antigona.

1199 737 1378 772 Δαιμόὃοιίος
1402 738 1430 765 Ἀ
1435 740 1568 772 γῖιγίνῳ.

185 788 213 816 Si
230 788 293 816 vitae
310 787 425 825 pignora
440 788 570 816 Socrates
589 796 644 816 non
658 789 792 824 possidet,
810 791 934 826 paedago-

1033 793 1055 819 El
1071 793 1108 828 μὴ
1129 793 1186 828 βίου
1205 794 1353 828 Σωκράτης
1373 793 1489 829 ἐνέχυρα.
1516 794 1658 828 κέκτηται,
1682 793 1782 820 παιδα-

147 843 198 869 gus
218 835 266 863 lllii
280 837 322 863 tui
343 843 396 864 non
413 836 610 864 constituatur.
624 836 742 872 Pignora
763 838 822 866 vita:
836 839 892 866 intc

1031 838 1078 873 γὺς
1090 838 1136 865 τοῦ
1157 838 1205 865 σοῦ
1225 839 1263 874 μὴ
1287 839 1503 874 προχειριζὲςθω
1524 839 1629 871 παιδός.
1654 839 1780 873 Ἑνέχυ-

147 886 247 915 gantur
260 881 318 910 ﬁlii.
334 882 420 915 Quem
436 881 508 909 enim
523 889 584 910 esse
601 888 705 917 patrem
719 888 817 911 natura
832 885 896 912 doct

1043 884 1071 911 δὲ
1085 885 1159 917 ,βίου
1179 885 1275 917 παῖδες
1288 885 1463 913 νοεῖσθωσιν.
1481 886 1530 912 ’ον
1554 886 1607 921 γὰρ
1631 884 1702 912 εἶναι
1726 894 1780 912 πα.-

149 928 223 955 hunc
246 928 423 964 paedagogum
438 935 511 961 esse,
527 932 742 956 consentaneum
760 934 822 957 est:
837 931 898 966 quip

1031 939 1055 958 to.
1069 931 1151 965 φύσις
1166 931 1281 964 ἐδίδαξε,
1311 932 1406 958 τοῦτον
1432 932 1480 958 καὶ
1503 931 1678 965 παιδαγωγόν
1702 932 1780 957 ἐστιν

147 975 200 1011 qui
219 974 387 1009 experientia
405 974 482 1002 novit
505 975 692 1009 generationis
717 975 887 1005 ati‘ectionem

1030 977 1156 1010 .όπιστον,
1171 978 1268 1012 πεῖραν
1288 978 1459 1012 μανθάνοντα
1474 979 1521 1005 καὶ
1535 979 1670 1012 γενέσεως
1684 978 1779 1013 σχέσιν

148 1018 253 1047 amoris
269 1019 391 1048 dolores.

991 1022 1037 1050 atat
1057 1022 1174 1058 στοργῆς
1187 1022 1346 1058 ἀλγηδόνας.

842 1115 986 1147 SECTIO
1019 1117 1076 1147 XI.

464 1181 507 1212 De
521 1186 682 1220 postrema
693 1186 785 1221 parte
801 1181 936 1212 homiliw
950 1181 1130 1218 undet-imm,
1140 1182 1179 1212 In
1191 1182 1469 1212 resurrectionem.

186 1241 298 1272 XLIV.
315 1242 394 1279 Quae
409 1242 449 1273 de
472 1242 531 1273 hac
549 1247 709 1281 postrema
732 1246 820 1281 parte
846 1241 989 1272 homiliee
1011 1241 1247 1281 Theophylacti
1272 1242 1406 1273 dicenda
1427 1241 1479 1272 hic
1505 1241 1582 1272 mihi
1605 1241 1722 1277 forent,
1739 1241 1774 1271 in

145 1290 387 1324 Dissertatiouis
407 1293 532 1332 praevia)
551 1301 640 1323 num.
674 1294 697 1323 L
717 1295 783 1333 jam
812 1296 1032 1332 praeoccupata
1055 1291 1160 1322 fuere.
1176 1292 1282 1328 Quare
1307 1293 1360 1323 hic
1387 1292 1492 1323 solum
1521 1292 1692 1326 admoneo,
1721 1300 1774 1322 me

145 1341 307 1381 quidquid
324 1350 363 1372 ex
379 1342 514 1374 historia
536 1342 669 1373 Eusebii
687 1342 870 1373 derivatum
886 1342 920 1372 in
942 1350 1011 1372 eam
1028 1345 1088 1378 est,
1105 1349 1176 1372 cum
1193 1341 1331 1380 ipsemet
1346 1341 1435 1373 fonte
1452 1341 1641 1378 contulisse,
1664 1350 1775 1381 eoque

145 1391 208 1422 mei
224 1393 419 1431 exemplaris
445 1392 615 1432 supplesse
631 1392 789 1430 defectus,
815 1396 912 1432 atque
934 1393 1030 1423 etiam
1056 1391 1214 1422 variantes
1243 1392 1397 1423 lectiones
1415 1392 1568 1432 pauculas
1593 1392 1770 1424 addidisse.

145 1441 253 1472 Codex
269 1441 709 1478 Caesareo-Vindobonensis,
725 1441 811 1472 unde
827 1442 893 1472 haec
909 1439 1053 1472 humilia:
1069 1441 1246 1472 undecimae
1261 1450 1332 1477 pars
1348 1441 1514 1480 desumpta
1531 1446 1591 1478 est,
1607 1442 1772 1482 integrum

145 1492 288 1523 continet
303 1491 541 1527 Homiliarium,
557 1500 614 1521 seu
633 1491 664 1521 in
682 1491 782 1522 totius
797 1491 874 1521 anni
893 1491 1068 1529 Evangelia
1085 1490 1250 1530 decerptas
1268 1499 1304 1521 ex
1330 1491 1429 1521 variis
1444 1491 1591 1522 Patribus
1607 1490 1771 1522 homi'lias.

146 1542 192 1571 Ex
209 1549 274 1580 quo
292 1540 370 1571 mihi
388 1540 479 1571 valde
498 1539 680 1571 verosimiie
705 1540 750 1576 iit,
779 1549 865 1577 eum,
882 1541 938 1580 qui
958 1541 1144 1579 praedictum
1164 1541 1369 1572 concinnavit
1390 1541 1626 1578 Eomiliorium,
1645 1546 1773 1580 postre-

145 1598 229 1622 mam
248 1590 330 1621 hanc
343 1590 488 1621 homilite
502 1590 685 1621 undecimis
707 1594 828 1630 partem
844 1599 908 1622 suo
921 1591 1084 1622 addidisse
1099 1591 1264 1627 arbitratu,
1288 1595 1324 1622 ut
1339 1600 1482 1622 errorem
1499 1591 1587 1629 vulgi
1613 1592 1644 1620 in
1669 1589 1772 1628 patria

144 1648 203 1671 sua
217 1640 316 1671 nimis
330 1640 412 1671 forte
430 1641 590 1680 vigentem
604 1641 644 1671 de
658 1641 782 1671 Joanne
797 1641 830 1672 in
843 1641 907 1672 vita
925 1641 1029 1673 adhuc
1042 1642 1229 1680 superstite,
1243 1642 1375 1672 omnino
1388 1641 1514 1672 tolleret
1531 1646 1561 1672 et
1574 1640 1770 1671 eliminaret.

144 1690 222 1722 Ideo
238 1694 346 1735 autem
362 1699 449 1722 nunc
460 1691 567 1722 editur
578 1691 644 1722 haec
659 1690 802 1722 homiliae
812 1700 894 1732 pars,
907 1692 982 1730 quia
998 1693 1208 1724 constitutum
1228 1692 1320 1723 nobis
1337 1697 1395 1726 est.
1413 1691 1491 1723 nihil
1510 1691 1540 1722 in
1558 1691 1615 1722 hac
1629 1690 1771 1722 editione

147 1739 234 1779 quod
254 1740 487 1781 Tbeophylacti
506 1741 639 1774 nomine
657 1741 849 1782 inscriptum
867 1743 921 1780 sit,
940 1744 1116 1783 praeterire.

835 1807 980 1838 SECTIO
997 1808 1069 1837 XII.

312 1869 357 1898 De
374 1868 603 1900 Commentario
616 1871 650 1900 in
662 1870 741 1901 Acta
756 1871 971 1909 apostolorum
988 1879 1028 1901 ea:
1044 1869 1232 1900 bibliotheca
1244 1869 1600 1902 Florentino-Mediocri.

184 1928 281 1959 XLV.
298 1929 532 1970 Theophylacti
550 1931 799 1962 Commentarius
815 1932 848 1962 in
867 1931 948 1962 Acta
963 1931 1178 1970 apostolorum
1195 1939 1212 1961 a
1225 1930 1335 1962 Sifano
1352 1931 1459 1962 editus
1473 1932 1555 1962 adeo
1572 1940 1667 1963 rarus
1690 1940 1770 1963 eva-

142 1978 199 2016 sit,
213 1983 249 2010 ut
265 1987 336 2011 cum
354 1981 509 2012 editionis
525 1981 624 2021 hujus
640 1985 805 2013 curatores
820 1990 895 2012 eum
912 1981 967 2012 diu
988 1981 1230 2020 quaesivissent,
1250 1981 1399 2012 invenire
1415 1981 1530 2012 nullibi
1547 1982 1691 2013 venalem
1710 1992 1769 2021 po-

144 2028 279 2059 tuerint.
302 2029 396 2065 Quod
420 2029 447 2059 si
472 2038 547 2061 eum
574 2029 749 2070 aliquando
774 2030 857 2061 nacti
872 2035 961 2068 sunt,
978 2038 1017 2061 ex
1033 2031 1159 2065 {Graecia
1184 2030 1307 2070 duplici
1335 2031 1491 2062 editionis
1510 2031 1607 2071 hujus
1635 2040 1770 2071 corpore

142 2082 408 2110 commutandum
425 2085 629 2120 receperunt.
646 2081 772 2112 Interea
787 2081 864 2112 dum
877 2081 1002 2120 jamdiu
1018 2090 1289 2121 supervacaneam
1306 2082 1410 2112 eidem
1424 2081 1665 2121 quomodolibet
1678 2090 1769 2112 com-

145 2129 286 2167 parando
300 2133 472 2160 navassent
487 2137 630 2168 operam,
648 2130 754 2169 deque
766 2129 859 2160 exitu
870 2129 990 2175 negptii
1005 2129 1102 2169 hujus
1115 2129 1273 2161 haererent
1288 2129 1416 2167 incerti,
1434 2130 1468 2162 in
1485 2139 1556 2161 eam
1574 2132 1771 2161 sententiam

141 2181 275 2208 ventum
294 2181 353 2213 est,
374 2180 408 2207 ut
423 2176 493 2216 ejus
506 2177 739 2217 apographum,
755 2177 812 2218 qui
828 2178 861 2208 in
885 2177 1074 2209 Florentino
1094 2178 1202 2210 codice
1216 2179 1376 2217 reperitur
1391 2179 1594 2210 bibliothecae
1608 2180 1770 2211 Medicco~

143 2227 381 2263 Laurentinum,
398 2235 562 2267 quemque
575 2228 818 2268 Theophylacto
828 2227 960 2259 ascribit
975 2227 1243 2259 Montefalconius
1260 2229 1294 2260 in
1312 2238 1370 2260 sua
1391 2229 1587 2261 Bibliotheca
1599 2229 1768 2260 bibliothe-

143 2287 265 2316 carum,
279 2278 341 2309 sibi
362 2280 600 2318 procurandum
619 2279 849 2316 existimarint,
865 2279 935 2316 rati,
954 2279 1104 2322 eumdem
1119 2278 1252 2310 omnino
1266 2288 1337 2312 esse
1354 2289 1426 2311 cum
1439 2289 1477 2312 eo
1493 2281 1551 2320 qui
1567 2282 1672 2312 editus
1687 2290 1703 2311 a
1720 2282 1769 2312 Si-

141 2331 217 2362 fauo
237 2335 284 2362 est
302 2342 309 2362 :
329 2335 427 2370 atque
442 2331 710 2371 adeo,quidquid
726 2331 856 2363 demum
876 2332 1057 2369 accidisset,
1074 2333 1233 2363 variantes
1247 2331 1358 2363 saltem
1376 2332 1543 2368 lectiones,
1560 2335 1655 2371 atque
1670 2331 1767 2361 etiam

146 2381 385 2414 correctionum
401 2382 548 2412 subsidia
568 2381 864 2420 suppeditaturum.
881 2384 919 2414 At
938 2390 1001 2414 non
1019 2382 1060 2414 ita
1075 2392 1125 2414 res
1141 2384 1249 2414 cessit.
1267 2383 1312 2414 Eo
1328 2382 1415 2413 enim
1430 2382 1614 2422 apographo
1629 2383 1766 2413 Floren-

142 2430 185 2461 tia
200 2430 294 2462 nobis
311 2430 421 2468 allato,
440 2431 579 2470 primum
605 2432 721 2463 turbati
738 2441 852 2463 sumus
869 2433 992 2464 nullam
1008 2432 1042 2464 in
1064 2441 1103 2464 eo
1118 2433 1322 2464 invenientes
1348 2432 1558 2472 epigraphen,
1576 2442 1639 2472 qua
1662 2433 1767 2465 Theo—

142 2482 290 2522 phylacto
310 2481 522 2521 Bulgarorum
539 2481 786 2523 archiepiSCOpo
799 2483 1033 2520 ascriberetur,
1051 2484 1170 2516 deinde
1187 2493 1260 2515 eum
1279 2484 1373 2515 nobis
1386 2484 1611 2515 evolventibus
1638 2485 1768 2516 nullum

142 2534 292 2573 apparuit
316 2531 488 2567 indicium,
517 2540 574 2562 cur
590 2532 782 2565 tribuendus
797 2533 1039 2574 Theophylacto
1054 2538 1140 2565 esset
1157 2545 1164 2565 :
1179 2535 1325 2573 adeoque
1339 2533 1447 2564 mirari
1460 2534 1627 2573 cmpimus,
1643 2543 1660 2565 a
1676 2536 1769 2566 Mon-

143 2584 320 2615 tefalconio
333 2582 556 2614 indubitanter
570 2582 673 2614 fuisse
690 2583 930 2623 Theophylacto
944 2584 1175 2623 adjudicatum.
1192 2584 1334 2614 Tandem
1355 2584 1406 2613 vix
1424 2583 1487 2614 ulla
1503 2585 1664 2623 superfuit
1677 2585 1770 2616 dubi-

143 2635 232 2672 tatio,
247 2643 321 2666 eum
342 2642 414 2664 esse
434 2632 473 2664 ab
487 2633 642 2672 legitimis
653 2633 885 2673 Theophylacti
902 2634 1052 2673 operibus
1069 2635 1334 2673 expungendum,
1350 2642 1422 2665 cum
1439 2634 1523 2664 inter
1538 2634 1675 2666 aliorum
1701 2644 1762 2667 no-

141 2685 227 2716 mina
241 2685 384 2720 Patrum,
403 2693 477 2723 qum
494 2683 634 2714 citantur
649 2684 681 2714 in
697 2684 856 2724 margine,
870 2684 964 2715 etiam
979 2685 1080 2715 semel
1097 2688 1191 2722 egoen,
1212 2684 1363 2723 Theoph.,
1381 2693 1438 2714 seu
1462 2688 1495 2714 ut
1519 2684 1692 2724 legendum
1715 2686 1766 2717 vi-

142 2735 288 2772 debatur,
304 2738 506 2773 Θεοφύλακτος,
527 2733 775 2772 Theophylactus
791 2735 1003 2770 occurrisset;
1020 2743 1055 2764 ac
1073 2734 1248 2773 praesertim
1265 2739 1430 2772 postquam
1452 2733 1655 2773 inspeximus
1671 2736 1767 2767 verba

143 2789 263 2820 ibidem
279 2787 371 2818 allata
392 2791 516 2816 exstare
530 2786 561 2816 in
578 2786 818 2816 Commentario
834 2787 948 2817 editoa
965 2785 1083 2816 Sifano.
1104 2787 1186 2817 Hinc
1203 2787 1289 2817 enim
1310 2786 1401 2824 plane
1417 2795 1621 2825 consequens
1636 2788 1768 2819 videba-

141 2850 206 2880 ιυῐ,
225 2849 320 2881 opus,
336 2840 371 2870 in
385 2848 449 2880 quo
465 2838 725 2878 Theouhylactus
745 2839 813 2878 ipse
834 2839 959 2876 citetur,
978 2838 1114 2878 ejusque
1133 2839 1382 2871 Louimentarius
1396 2839 1468 2870 aliis
1483 2839 1620 2871 aliorum
1636 2841 1769 2872 Patrum
