1897 3052
29 179 65 212 ι73
418 175 459 206 IN
477 174 693 211 SEQUENTIA
710 175 998 205 THEOPIIYLACTI
1021 175 1187 205 SCRIPTA.
1565 174 1616 206 474

30 231 239 267 commentariis
255 235 497 266 annumeratur,
511 231 699 262 nullatenus
719 231 779 269 ipsi
800 238 871 260 esse
896 230 1157 269 adjudicandum.
1175 230 1294 259 Verum
1311 229 1370 260 hoc
1393 234 1617 269 argumentum

31 287 75 315 vim
90 292 162 321 pene
181 290 312 313 omnem
331 280 476 312 amittere
495 281 600 311 visum
625 284 684 317 est,
704 284 871 320 postquam
896 289 932 310 ex
950 281 1065 310 Catena
1091 279 1272 310 Oxonieusi
1299 279 1349 317 (de
1366 289 1428 318 qua
1454 281 1616 320 superius)

29 333 154 369 intellexi,
170 331 407 370 expositionem
425 329 512 361 illam
541 330 702 361 Theodori
720 329 944 360 Heracleensis
972 337 1057 365 esse,
1074 332 1184 367 utpote
1201 328 1256 368 qui
1284 328 1404 359 diserte
1430 330 1544 360 citatur
1561 339 1615 369 pa-

29 385 83 425 gina
105 383 137 414 58
151 383 222 422 ejus
249 382 383 418 codicis,
404 381 496 421 cujus
523 383 700 420 exemplar,
720 385 755 411 ut
774 381 819 412 rei
839 381 935 420 hujus
955 380 1073 410 certior
1094 380 1215 416 ﬁerem,
1244 380 1401 418 postulavi
1423 386 1453 412 et
1477 382 1616 413 obtinui.

31 435 91 466 Hinc
108 433 187 464 enim
206 432 337 463 suborta
356 432 434 462 mihi
450 431 595 470 suspicio
611 435 670 467 est,
697 431 865 462 oscitantia
891 431 1009 461 veteris
1030 435 1084 461 aut
1103 431 1290 462 rccentioris
1313 431 1518 462 amanuensis
1536 435 1617 463 scri-

30 491 95 526 ptum
111 484 139 514 in
157 482 270 513 codice
289 482 488 518 Florentino,
516 482 564 512 vel
590 486 698 512 nostro
723 489 779 512 exe

865 482 899 511 iri
913 482 1015 512 fuisse
1035 484 1130 518 Θεοφ..
1155 481 1304 520 Τήεοριι.,
1323 489 1379 520 pro
1395 484 1485 514 Θεοδ..
1502 482 1614 513 Theod.

30 536 72 567 Sed
85 534 368 574 quomodocunque
384 541 434 563 res
451 533 511 563 ista
528 541 562 562 se
575 531 698 568 habeat,
711 535 745 563 ut
762 535 886 562 certum
905 536 992 570 puto,
1010 531 1293 562 Montefalconium
1310 540 1373 562 non
1391 532 1454 562 alio
1471 533 1528 563 niti
1545 533 1618 563 fun-

31 587 150 616 damento
176 582 321 621 potuisse
337 582 374 612 ad
397 581 666 612 Commentarium
684 581 770 611 hunc
795 580 1034 620 Theophylacto
1058 581 1282 617 asserendum,
1299 589 1393 620 quam
1417 583 1516 620 quod,
1541 584 1616 613 dum

31 636 119 673 raptim
134 633 223 664 illum
240 632 418 669 evolveret,
440 632 472 662 in
488 631 598 670 aliqua
615 631 766 661 inciderit
779 631 846 662 loca
865 630 1063 661 continentia
1083 630 1162 661 illud
1182 631 1266 661 idem
1282 631 1368 670 quod
1393 636 1465 662 ante
1490 631 1522 661 in
1540 632 1620 662 Sil'a-

29 689 101 719 niauo
115 686 346 717 Commentario
360 685 562 724 perlegisset.
581 684 656 714 Mihi
673 683 785 715 saltem
813 693 876 715 non
892 683 980 714 aliud
1006 683 1115 714 animo
1140 683 1386 714 fundamentum
1409 684 1557 714 Occurrit.
1586 684 1619 714 Id

29 747 85 769 vero
100 746 187 777 quam
205 738 247 768 sit
268 736 466 768 imbecillum
482 737 515 767 in
533 736 790 773 Commentariis,
809 736 865 775 qui
886 735 934 766 vel
954 744 1064 774 puram
1087 737 1213 767 Catenm
1238 736 1394 766 rationem
1420 735 1554 772 habent,
1570 735 1617 767 vel

30 790 56 820 ad
70 789 142 819 illam
159 789 307 828 proxime
323 788 490 824 accedunt,
505 788 654 828 quisquis
670 788 763 820 facile
776 788 942 827 intelligit.

56 841 147 871 XLVI.
163 840 285 870 Verum
305 840 331 870 si
350 848 400 870 res
413 840 454 870 ita
473 848 508 870 se
525 839 630 874 habet,
652 849 709 870 cur
724 839 888 878 igiturhic
902 847 920 869 a
937 839 1030 870 nobis
1111 839 1214 869 lucem
1236 839 1420 870 emittitur?
1435 840 1495 870 Cur
1519 839 1617 870 etiam

29 892 111 922 Grece
123 891 295 922 duntaxat?
309 892 342 922 In
361 891 464 922 lucem
482 891 533 922 hic
551 891 654 922 emitti
668 891 860 930 respondeo,
877 891 1029 930 primum,
1044 890 1130 930 quod
1148 891 1216 922 viro
1233 900 1309 921 sane
1322 890 1509 921 doctissimo
1532 891 1620 920 visus

29 942 184 973 iueritesse
201 941 455 981 Theophylacti;
480 951 585 981 neque
610 946 696 974 certo
718 942 828 982 aliquo
848 942 1082 981 perspicuoque
1101 947 1289 981 argumento
1314 941 1418 972 refelli
1433 941 1533 980 possit
1562 941 1619 970 ist-

29 992 77 1023 liac
89 991 201 1030 opinio.
216 992 248 1023 2.
264 992 345 1028 Quia
365 1000 493 1030 mquum
507 1000 571 1022 non
588 992 715 1028 censui,
732 991 950 1031 apographum
968 991 1054 1022 istud
1071 991 1206 1021 omnino
1222 991 1377 1026 interire;
1396 991 1516 1030 quippe
1533 989 1619 1030 quod

31 1050 82 1071 esse
93 1041 218 1072 fortasse
235 1042 351 1080 poterit
366 1041 464 1073 alicui
485 1042 624 1081 posteris
648 1042 735 1078 usui,
764 1041 1038 1081 quemadmodum
1062 1041 1139 1072 mihi
1161 1050 1224 1072 non
1240 1042 1357 1072 inutile
1370 1041 1443 1077 fuit,
1469 1044 1502 1070 ut
1528 1041 1621 1070 Com-

34 1089 152 1121 mentarii
169 1091 312 1122 Vaticani
337 1091 386 1132 (de
409 1101 474 1131 quo
496 1091 616 1123 dictum
638 1095 686 1123 est
701 1092 814 1131 supra)
838 1092 1003 1131 exemplar
1021 1092 1226 1123 emendarem
1257 1095 1354 1131 atque
1367 1091 1564 1129 supplerem.
1584 1090 1620 1119 Et

29 1142 133 1180 quidem
147 1144 253 1182 quoad
271 1143 341 1183 ejus
352 1144 464 1175 attinet
477 1153 586 1182 usum,
605 1144 745 1175 breviter
761 1143 958 1183 patefaciam,
972 1144 1059 1183 quod
1077 1143 1155 1173 mihi
1173 1151 1248 1174 cum
1266 1141 1466 1181 pereurrenti
1484 1140 1569 1170 venit
1587 1140 1619 1170 in

32 1196 142 1223 mentem
162 1201 170 1223 :
191 1193 344 1223 nimirum
361 1203 400 1224 ex
418 1193 520 1224 tribus
536 1194 624 1225 hisce
642 1195 676 1224 in
690 1194 770 1224 Acta
788 1194 964 1232 apostolica
987 1193 1245 1229 Commentariis,
1269 1201 1350 1231 quos
1367 1192 1515 1222 volumen
1535 1189 1618 1220 istud

31 1243 223 1281 complectitur
242 1244 432 1282 (praesertim
450 1244 479 1274 si
504 1244 723 1283 Clirysostomi
749 1244 847 1275 fOntis
870 1244 1013 1275 omnium
1031 1243 1184 1282 praecipui
1208 1242 1431 1274 adnotationes
1451 1241 1619 1275 addant-ari

31 1295 176 1333 perfectum
191 1296 304 1326 confici
323 1303 430 1334 posse,
451 1296 699 1335 absolutumque
714 1296 747 1326 in
761 1296 869 1327 eadem
888 1296 963 1326 Acta
988 1295 1275 1328 Commentarium:
1291 1303 1363 1325 cum
1387 1293 1507 1332 singuli
1525 1297 1618 1323 cccle-

30 1345 121 1383 roquin
136 1345 217 1376 haud
235 1355 347 1386 parum
365 1346 474 1385 procul
487 1346 552 1377 sint
565 1355 580 1377 a
596 1347 702 1378 debita
719 1346 927 1386 perfectione.
943 1347 1062 1377 Poterit
1076 1346 1172 1385 igitur
1186 1346 1348 1385 quispiam
1368 1354 1407 1376 ex
1424 1345 1560 1384 singulis
1579 1354 1617 1375 ca

31 1405 82 1435 qua:
94 1397 126 1427 ad
143 1406 206 1429 rem
223 1398 361 1429 maxime
377 1397 510 1434 faciunt,
527 1397 687 1437 seligendi
703 1407 812 1429 curam
834 1398 1041 1437 laboremque
1065 1397 1231 1435 suscipere
1249 1409 1256 1428 :
1276 1406 1372 1437 quem
1389 1397 1471 1428 forte
1489 1401 1616 1436 egomet

30 1447 227 1485 suscepissem,
252 1447 315 1477 nisi
342 1447 423 1483 aliae,
440 1447 560 1485 quibus
577 1447 746 1484 distrahor,
764 1456 847 1478 curre
859 1451 890 1478 et
904 1447 1555 1478 valetudinisimbecillitasinhibuissent.
1574 1449 1619 1477 En

30 1496 106 1534 igitur
121 1498 209 1535 ratio,
224 1507 284 1529 cur
300 1498 391 1529 illum
409 1498 577 1530 ediderim.
595 1500 702 1530 Graece
716 1503 822 1530 autem
840 1502 961 1530 tantum
977 1498 1076 1533 edidi,
1093 1498 1168 1537 quia
1185 1507 1222 1529 ex
1241 1507 1302 1529 una
1322 1502 1407 1538 parte
1419 1498 1621 1529 levissimum

29 1548 313 1580 cstfundamentum
330 1550 558 1581 Commentarii
585 1550 682 1590 hujus
706 1550 946 1589 Theophylai-to
968 1549 1177 1589 adjudicandi
1195 1559 1203 1579 :
1221 1559 1260 1581 ex
1277 1549 1374 1581 altera
1400 1550 1621 1588 veroexposi-

29 1597 112 1627 tiones
131 1597 199 1636 ejus
216 1598 378 1637 plerasque
392 1598 425 1629 in
442 1598 595 1630 alterutro
612 1609 652 1630 ex
669 1599 723 1637 iis,
743 1601 800 1640 qui
819 1599 995 1630 voluminis
1016 1599 1115 1639 hujus
1134 1599 1228 1630 initio
1256 1599 1407 1639 impressi
1431 1605 1519 1636 sunt,
1539 1600 1621 1630 Sifa-

30 1645 102 1675 uiano
113 1646 244 1682 scilicet,
261 1652 292 1677 et
305 1645 470 1683 vaticano,
488 1655 550 1678 non
564 1647 659 1679 modo
674 1649 778 1688 quoad
796 1656 943 1684 sensum,
967 1648 1023 1678 sed
1039 1648 1136 1679 etiam
1152 1648 1258 1688 quoad
1275 1649 1372 1679 verba
1399 1657 1623 1688 saepenumero

30 1697 129 1728 insunt.
144 1698 225 1729 Hinc
243 1698 381 1736 pretium
398 1706 504 1738 operte
521 1699 653 1730 minime
675 1708 746 1730 esse
764 1699 889 1736 censui,
909 1707 1029 1730 novum
1044 1700 1130 1731 hunc
1151 1700 1262 1731 subire
1277 1700 1431 1738 laborem,
1450 1705 1480 1732 et
1494 1701 1622 1739 aliquo-

34 1754 87 1777 rum
101 1748 280 1778 accessione
295 1747 448 1779 foliorum
464 1745 553 1779 nu'lla
571 1749 802 1788 propemodum
824 1749 962 1780 utilitate
980 1750 1131 1781 volumen
1150 1750 1210 1781 hoc
1224 1758 1374 1782 onerare.

61 1797 173 1828 XLVII.
189 1797 344 1834 Quamvis
357 1803 463 1829 autem
481 1799 752 1830 Commentarium
777 1799 863 1830 hunc
879 1799 989 1830 Latine
1005 1807 1070 1830 non
1093 1799 1256 1837 verterim,
1276 1809 1340 1831 non
1367 1800 1442 1832 ideo
1463 1804 1565 1832 tamen
1585 1803 1625 1832 ab

33 1847 103 1878 omni
117 1847 146 1878 in
161 1856 198 1879 eo
214 1848 342 1879 edendo
354 1848 461 1880 labore
475 1858 524 1880 me
540 1849 676 1880 absolvi.
694 1850 837 1880 Lacunas
854 1848 954 1885 enim,
969 1848 1090 1888 quibus
1106 1849 1324 1888 apographum
1341 1849 1529 1888 frequenter
1553 1851 1623 1882 hia-

33 1898 71 1927 bat
85 1898 262 1938 (prirsertim
286 1900 348 1930 sub
362 1900 432 1940 ejus
448 1900 591 1940 initium)
608 1901 739 1939 explere
766 1908 823 1940 pro
838 1900 961 1931 viribus
979 1900 1104 1931 studui.
1129 1902 1167 1931 Et
1185 1901 1280 1932 initio
1296 1901 1440 1941 quidem,
1465 1902 1519 1932 ubi
1541 1905 1625 1941 spis-

31 1948 112 1979 siores
125 1949 247 1981 lacuum
262 1955 363 1987 erant,
382 1950 459 1981 mihi
479 1950 512 1981 in
525 1951 606 1981 hanc
623 1959 689 1981 rem
707 1951 908 1982 incumbenti
926 1950 1186 1988 percommodum
1199 1950 1261 1981 fuit
1280 1951 1404 1981 Catenae
1426 1950 1624 1983 Oxoniensis

32 1998 55 2029 in
66 2001 162 2031 eadem
189 2003 265 2032 Acta
288 2001 438 2040 primum,
462 2001 548 2041 quod
574 2001 729 2032 habebam
753 2010 817 2040 prae
835 2001 998 2038 manibus,
1017 2001 1132 2032 folium
1150 2012 1158 2032 :
1179 2010 1252 2032 cum
1279 2002 1345 2039 ipsa
1366 2002 1487 2041 quippe
1508 2003 1624 2033 Catena

31 2049 221 2088 npographum
239 2059 345 2081 meum
366 2051 411 2082 sic
427 2051 509 2081 inibi
524 2051 700 2082 convenire
724 2051 936 2090 deprehendi,
953 2055 987 2081 ut
1014 2051 1099 2081 idem
1123 2060 1192 2081 esse
1209 2060 1291 2090 opus
1310 2051 1484 2088 videretur,
1505 2052 1566 2082 nisi
1584 2062 1623 2083 ex

32 2105 162 2137 pastrema
176 2102 267 2132 illius
284 2107 382 2142 parte,
397 2106 491 2142 atque
508 2111 546 2133 ex
562 2103 692 2134 duobus
708 2103 792 2140 aliis,
808 2112 881 2143 quas
906 2102 984 2133 mihi
1001 2111 1133 2133 cernere
1153 2102 1258 2137 licuit,
1283 2102 1354 2142 ejus
1380 2103 1467 2134 foliis
1491 2103 1623 2134 omnino

32 2153 241 2189 cognovissem,
261 2155 407 2185 Catenam
425 2153 646 2185 Oxonieusem
661 2155 759 2185 multa
778 2153 959 2192 complecti,
976 2162 1048 2193 qum
1069 2153 1103 2184 in
1120 2153 1306 2184 Florentino
1321 2153 1558 2185 Commentario
1569 2154 1626 2185 de-

33 2200 201 2234 sitterantur.
218 2204 380 2234 Posterior
395 2204 455 2235 iste
472 2204 607 2235 fortasse
629 2208 798 2243 excerptus
817 2208 864 2234 est
886 2212 924 2234 ex
940 2203 992 2234 illa
1020 2203 1138 2242 priore.
1163 2203 1210 2233 Ad
1235 2203 1418 2234 sarciendas
1443 2213 1531 2241 vero,
1554 2213 1626 2244 qua)

34 2258 212 2286 oi-currerent
228 2255 262 2286 in
285 2263 469 2294 progressu,
487 2255 617 2286 lacunas
631 2256 785 2286 alterutro
809 2264 848 2286 ex
861 2254 1107 2286 Commentariis
1121 2254 1292 2294 praedictis,
1311 2254 1474 2286 Sifaniano
1489 2255 1624 2290 scilicet,

34 2305 56 2331 et
70 2303 222 2342 Vaticano,
239 2305 295 2335 sed
312 2305 458 2336 omnium
474 2305 738 2345 frequentissime
754 2313 869 2345 magno
887 2305 1116 2344 Chrysostomo
1133 2313 1212 2335 usus
1228 2314 1318 2342 sum;
1332 2309 1363 2336 et
1378 2314 1414 2336 ea
1430 2306 1561 2345 quidem
1575 2305 1624 2335 fe-

36 2351 142 2392 licitate,
162 2362 194 2388 ut
213 2366 254 2388 ex
271 2357 430 2396 plurimis,
447 2366 519 2398 quae
536 2357 661 2388 inerant
677 2361 781 2396 antea,
797 2357 921 2388 lacunis
938 2365 1000 2387 una
1022 2361 1155 2392 tantum,
1173 2357 1222 2387 vel
1243 2356 1341 2387 altera
1363 2357 1523 2395 inexpleta
1549 2355 1628 2386 mihi

36 2408 207 2437 remanserit.
238 2407 343 2438 Verba
368 2416 384 2438 a
408 2409 504 2439 nobis
530 2407 637 2439 addita
663 2416 702 2438 ex
735 2408 852 2446 signis,
876 2407 996 2446 quibus
1021 2407 1068 2437 uti
1092 2407 1124 2437 in
1148 2407 1313 2437 similibus
1336 2407 1492 2443 solemus,
1516 2407 1627 2436 Lector

36 2462 169 2493 agnoscet.
183 2458 232 2489 Ad
249 2458 368 2489 calcem
383 2458 622 2495 Commentarii,
639 2466 678 2488 ne
695 2458 820 2497 integra
839 2457 954 2497 pagina
971 2456 1105 2488 omnino
1123 2465 1217 2487 vacua
1234 2461 1423 2494 remaneret,
1447 2457 1486 2486 ab
1502 2466 1540 2488 co
1557 2457 1627 2489 loco

36 2511 88 2543 Ng-
101 2507 162 2542 629,
178 2507 240 2539 col.
253 2509 285 2546 2,
302 2513 392 2540 Ἐστὶν
403 2511 449 2540 οὖν
459 2514 474 2540 6
489 2515 543 2545 πᾶς
562 2514 667 2550 χρόνος,
686 2513 785 2548 rogati

876 2507 1007 2547 ographi
1027 2507 1128 2547 adjeci
1148 2509 1254 2544 verba,
1273 2507 1393 2547 quibus
1410 2509 1523 2549 Catena
1538 2510 1625 2539 Oxo-

36 2553 133 2587 nieusis
149 2557 337 2589 absolvitur.
354 2560 466 2598 Neque
483 2560 515 2590 id
536 2560 660 2591 Lectori
678 2559 890 2598 injucundum
908 2558 975 2588 fore
986 2558 1110 2588 contido
1127 2558 1193 2588 :sic
1206 2559 1292 2588 cnim
1307 2558 1477 2597 praedictae
1490 2560 1623 2592 Catena);

36 2609 108 2640 quam
119 2608 408 2645 prostantiuimam
423 2609 562 2648 appellat
578 2609 747 2640 Fabricius
761 2609 793 2640 in
811 2608 896 2639 Bibl.
915 2608 1035 2644 θηρία,
1056 2607 1186 2638 initium
1203 2607 1324 2638 tenebit
1343 2611 1373 2638 et
1389 2608 1496 2639 ﬁnem.

693 2659 833 2691 SEC’I‘IO
855 2659 941 2690 XIII.

425 2713 470 2742 De
490 2712 647 2750 Epistolis
670 2721 690 2741 a
712 2713 852 2743 Meursio
877 2711 981 2748 editis,
1005 2717 1033 2742 et
1054 2721 1074 2742 α
1097 2711 1212 2742 Lamia.

68 2758 191 2792 XLVIII.
213 2762 308 2792 Forte
338 2763 506 2794 mirabitur
528 2766 650 2802 Lector,
684 2765 769 2804 quod
802 2764 870 2795 ista?
895 2764 1040 2803 epistola)
1065 2764 1103 2794 ab
1131 2762 1202 2793 aliis
1229 2762 1342 2802 viginti
1367 2763 1521 2803 sejunctae
1552 2762 1627 2794 huic

37 2807 142 2860 editioni
159 2814 277 2844 fuerint
301 2814 445 2852 insertm,
464 2825 538 2847 cum
569 2825 664 2847 nemo
695 2825 757 2847 non
781 2817 897 2852 videat,
915 2815 1092 2846 naturalem
1119 2814 1264 2845 ordinem
1289 2814 1470 2853 postulasse
1496 2819 1529 2846 ut
1545 2823 1622 2846 con-

37 2861 141 2894 iunctim
161 2865 332 2896 ederentur
349 2873 472 2896 omnes.
493 2867 627 2897 Consilii
646 2867 753 2904 itaque
777 2866 876 2897 nostri
903 2866 981 2896 hanc
1006 2866 1159 2896 rationem
1186 2864 1310 2896 habeto,
1340 2864 1498 2904 Principio
1524 2864 1626 2901 fuerat
