1897 3052
222 115 276 146 475
730 112 924 143 BONlFACII
939 112 1099 143 FINE'ITI
1120 113 1330 143 PR1£F.\TIO.
1829 109 1884 141 47t

222 168 499 207 constituturn.hit
519 167 632 206 viginti
655 167 809 198 duntaxat
827 168 1055 208 TheOphylacti
1080 168 1225 207 epistola:
1241 168 1300 198 hoc
1322 168 1354 198 in
1379 167 1545 199 volumine
1560 168 1671 199 sedem
1688 167 1884 199 haberent

221 227 294 257 qum
319 218 461 249 nondum
488 217 648 258 publicam
673 218 774 248 lucem
792 223 999 257 aspexerant;
1025 227 1096 249 cum
1123 227 1167 248 ene
1196 223 1319 249 tantum
1341 218 1418 249 huic
1444 219 1539 248 tertio
1563 218 1740 254 volumini,
1771 224 1884 256 quor

220 267 975 307 iucditis’I‘heopbylactioperibuscxcipiendis
1003 268 1199 299 destinatum
1217 268 1249 298 in
1275 269 1388 306 primis
1414 272 1491 304 erat,
1512 268 1672 307 explendo
1687 268 1770 299 satis
1799 275 1884 298 9554

222 319 418 354 viderentur,
442 318 574 357 adjectis
602 322 706 348 tamen
731 318 859 348 duobus
887 319 1040 357 operibus
1065 320 1170 351 adhuc
1198 319 1339 354 ineditis,
1371 327 1510 358 quorum
1543 319 1682 349 alterum
1707 318 1884 350 Parisiis

222 369 357 399 alterum
379 368 540 398 Florentia
563 368 834 406 praestolabamur.
858 369 917 399 Sed
937 369 1075 408 primum
1094 369 1172 399 illud
1187 378 1271 407 saepe
1286 370 1494 408 promissum,
1515 377 1680 408 nunquam
1697 369 1884 407 perlatun

221 418 260 448 ad
286 427 343 449 nos
366 422 423 448 est.
452 417 595 448 Alterum
625 417 755 457 quidem
773 418 974 457 accepimus;
1005 419 1061 449 sed
1091 419 1172 449 illud
1202 418 1476 457 perpendentibus
1503 418 1596 448 nobis
1626 426 1689 448 non
1711 418 1884 456 suspi:-i<

221 469 385 504 duntaxat,
415 468 470 497 sed
504 472 587 498 certa
612 468 779 506 persuasio
797 468 926 504 insedit,
946 468 984 498 ad
1002 467 1279 507 TheOphylactum
1298 467 1485 498 nullatenus
1510 467 1681 505 pertinere.
1698 467 1763 497 Nos
1793 474 1884 496 νυν(

223 520 254 548 in
280 527 418 549 errorem
443 519 648 557 perduxerat,
678 528 749 559 quae
775 520 860 558 apud
896 519 1183 550 Montefalconium
1211 520 1327 558 legitur
1356 520 1388 549 in
1420 518 1570 550 Biblioth.
1599 519 1884 550 bibliothecarum

221 575 243 600 t.
263 571 287 605 Ι,
309 579 377 608 pag.
398 571 447 607 35,
474 570 642 602 imminuta
670 570 848 609 inscriptio,
871 579 942 610 quae
972 571 1143 610 sequitur:
1168 571 1346 601 Threnodt‘a
1363 579 1459 609 super
1485 569 1579 600 beata
1613 570 1773 599 memoria:
1801 570 1884 598 viro

223 621 262 650 Β.
280 621 523 659 Theophylacto.
540 620 667 651 Scilicet
684 620 844 660 ejusmodi
862 620 976 651 titulus
1005 628 1064 651 nos
1091 624 1237 651 erexerat
1264 620 1295 650 in
1312 629 1415 659 spem,
1437 618 1656 653 Threnodt‘um,
1673 619 1713 648 de
1727 627 1802 655 qua
1828 617 1884 646 lxii

223 679 340 708 sermo,
358 681 460 711 genus
477 671 607 711 aliquod
622 673 777 703 orationis
794 671 940 702 funebris
958 681 1030 703 esse
1046 672 1079 702 in
1098 671 1379 710 Theopbylactum
1396 670 1457 710 jam
1479 673 1657 702 mortuum.
1687 678 1762 709 qua:
1794 669 1884 698 ltuit

227 722 382 753 volumini
406 731 441 754 ea
461 724 584 754 ratione
603 723 699 754 inseri
715 728 836 763 posset,
855 724 939 763 quod
958 723 1066 762 aliqua
1083 732 1121 753 ex
1138 723 1238 761 gestis
1264 722 1505 761 virtutibusque
1538 721 1584 759 (ut
1611 721 1642 751 in
1669 721 1884 759 hujusmotl

222 774 423 805 orationibus
449 776 593 806 accidere
607 776 701 816 solet)
730 776 820 807 illius
847 776 984 806 celebris
1007 775 1242 814 archiepiscopi
1277 774 1557 813 complecteretur.
1586 777 1623 805 At
1663 773 1732 804 sola
1767 772 1884 802 lectic

222 823 414 862 epigraphes
445 825 635 862 exemplaris
665 826 701 855 ad
735 830 793 855 nos
823 824 999 855 transmissi
1046 824 1084 854 ab
1117 825 1205 855 omni
1240 823 1373 854 omnino
1406 833 1462 863 spe
1496 828 1526 854 et
1554 827 1777 862 preecruwepta
1815 832 1884 853 nos

223 873 378 911 opinione
396 875 531 915 dejecit;
551 875 591 905 ita
609 875 694 905 enim
715 884 748 904 se
768 875 863 905 habet
880 886 887 904 :
904 880 972 914 Θρηε,

1135 879 1173 914 τῷ
1197 879 1340 914 μαχαρίτῳ
1355 878 1433 914 κόρῳ
1455 879 1636 914 Singula.sz
1663 879 1701 914 τῷ
1726 879 1883 905 Delta-sa.-

225 928 302 964 μίτῳ,
322 924 517 955 Lumentatio
537 934 633 964 super
649 925 751 965 [elicis
774 925 929 954 memoriae
952 926 1019 956 viro
1049 925 1174 955 domino
1201 925 1431 964 Theophylacto
1461 925 1659 955 Belissarito.
1685 925 1792 955 Porro
1828 925 1884 956 vel

224 976 331 1014 ipsum
356 976 537 1007 Belissaritt'
555 986 732 1015 cognomen
761 978 837 1007 satis
864 977 975 1016 procul
1005 977 1104 1008 dubio
1121 977 1248 1014 fuissirt,
1276 982 1310 1008 ut
1332 977 1605 1016 ThUOphylactum
1627 977 1712 1007 hunc
1744 986 1763 1008 a
1790 975 1884 1006 Bul-

224 1034 373 1064 garorum
392 1026 635 1065 archiepiscopo
653 1035 908 1064 secerneremus,
925 1027 1051 1057 etiamsi
1074 1036 1147 1067 quae
1170 1027 1378 1058 continentur
1403 1028 1436 1057 in
1466 1027 1522 1058 hac
1543 1027 1688 1058 oratione
1720 1027 1882 1065 lugubri

223 1077 334 1116 aliquo
360 1077 455 1108 modo
476 1077 615 1107 fuissent
640 1077 800 1116 ambigua.
817 1078 876 1108 Sed
904 1081 934 1108 et
948 1086 998 1108 res
1024 1079 1055 1109 in
1082 1078 1150 1117 ipsa
1178 1081 1335 1108 contentae
1356 1077 1632 1116 Theophylactum
1656 1077 1826 1108 exhibent
1864 1084 1882 1105 a

225 1130 336 1156 nostro
358 1126 450 1165 plane
470 1126 634 1156 diversum
650 1137 657 1156 :
671 1129 734 1156 tota
754 1125 839 1156 enim
859 1126 1056 1164 impenditur
1070 1126 1104 1157 in
1121 1126 1319 1164 deplorando
1339 1127 1511 1158 immaturo
1533 1128 1666 1165 juvenis
1684 1127 1874 1166 cujusdam

225 1175 344 1206 nobilis
366 1175 510 1211 interitu,
528 1175 582 1214 qui
600 1183 670 1204 cum
689 1175 818 1213 generis
843 1175 1019 1211 nobilitate,
1040 1179 1106 1205 tum
1125 1175 1279 1205 virtutum
1296 1181 1483 1206 ornamento
1507 1178 1673 1215 prmstabat
1694 1189 1702 1207 :
1735 1177 1878 1216 quique

224 1226 300 1256 dum
316 1225 451 1256 Athenis
468 1225 575 1256 studio
591 1234 719 1265 operam
734 1227 832 1263 daret,
853 1227 1000 1258 faucibus
1015 1228 1132 1267 angina
1146 1228 1341 1264 interclusis,
1360 1228 1509 1267 migravit
1529 1239 1545 1259 e
1574 1230 1647 1265 vita,
1673 1230 1759 1259 datis
1784 1234 1870 1260 ante

225 1275 375 1317 pluribus
395 1277 523 1315 pietatis
541 1277 684 1308 indiciis.
712 1279 792 1308 Eum
812 1278 909 1316 igitur
924 1278 1030 1309 solum
1054 1288 1093 1309 ex
1119 1279 1177 1309 hoc
1197 1279 1356 1318 opusculo
1371 1279 1510 1309 fructum
1532 1279 1649 1310 referre
1679 1285 1872 1316 potuerunt

224 1334 389 1359 curatores
407 1328 538 1358 istiusce
551 1328 712 1366 editionis,
731 1333 766 1358 ut
783 1329 881 1367 magis
895 1329 1061 1368 magisque
1077 1333 1271 1368 perspectam
1289 1329 1441 1359 omnibus
1463 1333 1675 1370 testatamque
1688 1330 1876 1362 redderent

225 1380 440 1420 diligentiam,
457 1389 521 1419 qua
547 1379 595 1410 usi
620 1384 708 1415 sunt,
735 1379 901 1409 maximam
930 1379 961 1409 in
990 1379 1224 1418 conquirendis
1247 1379 1404 1419 undique,
1433 1380 1523 1410 nulla
1562 1385 1711 1420 sumptus
1737 1383 1876 1412 ratione

227 1433 344 1466 habita.
364 1430 519 1469 operibus
545 1430 581 1459 ad
606 1428 882 1468 TheOphylactum
909 1433 1054 1459 nostrum
1081 1429 1325 1469 quomodolibet
1368 1431 1617 1469 pertinentibus.
1648 1432 1726 1462 Cum
1767 1433 1874 1471 igitur

226 1482 325 1520 hujus
341 1480 542 1518 alteriusque
559 1479 685 1510 defectu
699 1479 804 1517 operis
824 1487 888 1509 non
910 1487 1008 1517 pauca
1026 1479 1179 1509 deessent
1196 1479 1273 1510 folia
1290 1480 1328 1510 ad
1345 1481 1554 1518 prmstitutam
1570 1480 1669 1521 hujus
1687 1482 1875 1513 voluminis

229 1531 356 1567 molem,
376 1533 550 1561 curatores
583 1527 738 1568 praedicti,
777 1527 945 1567 impressis
978 1528 1042 1567 jam
1070 1528 1216 1567 epistolis
1247 1528 1379 1567 viginti,
1419 1534 1449 1559 et
1480 1530 1588 1561 Graeco
1623 1531 1874 1562 Commentario

227 1580 433 1619 insequente,
460 1578 636 1611 consilium
668 1577 873 1616 capessivere
908 1578 957 1618 (ad
991 1578 1090 1608 alium
1118 1582 1239 1608 tomum
1267 1582 1428 1609 reservato
1459 1587 1574 1619 opere,
1605 1581 1692 1619 quod
1727 1581 1874 1612 Parisiis

229 1630 462 1670 prmstolantur)
479 1628 652 1668 adiiciendi
676 1628 771 1659 etiam
791 1628 944 1667 epistolas
962 1636 979 1658 a
1006 1628 1148 1658 Meursio
1170 1633 1200 1658 et
1224 1627 1333 1658 Lamio
1353 1627 1467 1665 editas,
1490 1637 1529 1660 ne
1547 1633 1654 1660 tomus
1683 1630 1743 1661 iste
1772 1641 1872 1671 ecquo

229 1681 356 1711 brevior
378 1679 545 1716 evaderet;
573 1678 736 1717 simulque
761 1678 923 1709 celeritate
948 1686 1072 1709 summa
1095 1678 1228 1708 curandi
1249 1678 1360 1718 ipsius.
1388 1678 1650 1717 impressionem,
1680 1689 1719 1711 ne
1747 1683 1872 1712 erudi-

230 1735 338 1761 torum
364 1733 435 1760 vota
461 1730 585 1761 diutius
611 1728 835 1769 fatigarentur.
860 1729 944 1760 Hinc
965 1737 1041 1760 vero
1056 1728 1123 1768 lhoc
1148 1728 1253 1759 solum
1278 1729 1474 1760 incommodi
1506 1730 1621 1762 accidit
1645 1731 1745 1770 (quod
1781 1734 1871 1763 enim

228 1782 388 1822 ejusmodi
407 1783 551 1822 epistolae
566 1783 604 1813 ab
620 1781 693 1827 aliis
709 1782 862 1821 sejunctaa
880 1783 1049 1821 prodeant,
1066 1789 1125 1820 pro
1150 1781 1251 1812 nihilo
1280 1781 1460 1812 habendum
1479 1791 1548 1813 esse
1577 1791 1593 1813 a
1620 1784 1698 1814 viris
1720 1786 1872 1822 pruden-

228 1835 316 1865 tibus
333 1834 420 1874 puto)
437 1834 523 1874 quod
540 1834 764 1865 Marinerianze
785 1833 945 1864 versionis
964 1832 1238 1869 emendationem,
1258 1841 1353 1871 quam
1389 1831 1520 1872 aggredi
1546 1842 1582 1864 ac
1607 1835 1760 1872 perficere
1787 1839 1869 1865 stato

229 1891 375 1925 tempore
395 1884 639 1922 constitueram,
664 1888 755 1924 capto
777 1893 794 1914 a
825 1884 1030 1914 curatoribus
1053 1892 1137 1914 novo
1163 1884 1396 1924 inopinatoque
1427 1886 1577 1922 consilio,
1602 1890 1633 1916 et
1668 1895 1701 1916 re
1726 1887 1869 1917 maxime

230 1939 408 1975 properata,
431 1940 580 1974 prmstare
601 1943 664 1966 non
684 1935 855 1973 potuerim.
876 1935 913 1965 At
930 1935 1112 1966 versionem
1137 1934 1221 1965 illam
1240 1935 1440 1966 tolerabilem
1461 1937 1499 1966 ad
1521 1937 1628 1967 minus
1647 1946 1733 1974 esse,
1752 1938 1804 1968 vol
1829 1947 1866 1968 ex

229 1996 268 2019 eo
290 1987 365 2018 mihi
387 1988 577 2027 persuadeo,
601 1987 686 2027 quod
716 1987 857 2023 Lantius,
884 1987 932 2016 vir
959 1987 1181 2023 doctissimus,
1206 1986 1373 2026 Graecique
1396 1987 1558 2018 idiomatis
1570 1988 1805 2026 peritissimus,
1833 1989 1865 2018 in

230 2040 348 2071 celebri
366 2040 507 2072 editione
523 2040 718 2076 Meursiaua,
736 2040 787 2071 cui
804 2043 931 2079 praeest,
949 2048 1017 2070 eam
1046 2039 1206 2074 collocare
1224 2047 1288 2070 non
1305 2039 1472 2070 dubitarit.
1490 2039 1616 2070 Nullam
1638 2039 1739 2078 igitur
1756 2040 1791 2070 in
1818 2040 1865 2070 his

230 2093 364 2123 alendis
382 2093 530 2130 epistolis
548 2093 617 2132 ipse
635 2100 764 2131 operam
783 2091 889 2128 posui,
909 2092 1056 2130 adeoque
1084 2091 1165 2121 nihil
1193 2091 1233 2121 de
1258 2090 1373 2121 iisdem
1396 2095 1544 2129 superest
1570 2091 1649 2120 mihi
1676 2091 1861 2121 dicendum.

230 2145 268 2174 Et
283 2144 349 2175 haec
363 2145 467 2184 quoad
485 2144 630 2184 singulas
646 2144 744 2184 hujus
762 2143 938 2175 voluminis
956 2147 1072 2182 partes.
1092 2144 1184 2174 Nunc
1211 2151 1310 2182 pauca
1337 2143 1376 2173 de
1396 2142 1547 2174 versione
1575 2151 1656 2179 mea,
1679 2142 1863 2181 additisque

232 2195 328 2232 notis,
353 2199 523 2234 antequam
542 2195 761 2227 Praefationem
778 2195 923 2231 absolvo,
939 2194 1078 2233 adjicere
1095 2193 1196 2225 lubet.

272 2256 389 2287 XLIX.
413 2257 496 2287 Usus
512 2265 584 2288 sum
605 2257 753 2288 liberiore
769 2256 930 2287 versionis
955 2264 1091 2295 genere;
1119 2264 1183 2286 non
1204 2255 1349 2295 quidem,
1379 2259 1415 2287 ut
1434 2264 1502 2286 eam
1531 2255 1700 2285 redderem
1731 2257 1862 2294 elegan-

235 2306 361 2345 liorem,
381 2307 434 2338 sed
459 2311 491 2338 ut
507 2307 676 2338 clariorem
694 2307 861 2346 magisque
881 2308 1096 2346 perspicuam.
1116 2307 1242 2338 Etenim
1262 2307 1297 2336 in
1323 2315 1359 2337 ea
1386 2314 1513 2344 semper
1534 2305 1694 2336 sententia
1708 2305 1771 2339 fui,
1792 2311 1860 2334 eum

234 2357 317 2388 haud
337 2357 475 2396 perfecto
500 2358 591 2397 fungi
617 2358 800 2397 interpretis
822 2367 967 2394 munere,
995 2357 1051 2397 qui
1088 2362 1234 2389 accurate
1259 2357 1390 2397 quidem
1413 2358 1510 2388 verba
1535 2356 1708 2387 transferre
1736 2355 1859 2394 satagit,

233 2409 372 2443 auctoris
390 2417 465 2439 vero
481 2418 613 2440 sensum
635 2410 809 2440 obscurum
827 2410 994 2449 relinquit.
1014 2410 1117 2449 Hujus
1143 2410 1304 2449 siquidem
1328 2409 1575 2448 explicationem
1594 2408 1801 2448 potissimum
1824 2407 1858 2437 ad

235 2459 438 2500 interpretem
462 2460 635 2498 pertinere,
663 2464 745 2500 patet
775 2462 824 2491 vel
852 2470 890 2492 ex
922 2469 960 2491 eo
991 2461 1077 2499 quod
1107 2460 1128 2489 ii
1153 2461 1249 2491 etiam
1273 2460 1328 2498 qui
1356 2459 1534 2499 cujuSpiam
1556 2459 1698 2489 auctoris
1728 2466 1857 2490 sensum

235 2509 358 2544 tametsi
371 2505 410 2539 in
440 2510 550 2540 eadem
581 2510 703 2549 lingua,
728 2511 895 2542 clariorem
925 2511 1074 2547 reddunt,
1105 2510 1231 2541 soleant
1258 2511 1448 2549 interpretes
1477 2510 1645 2549 appellari.
1670 2510 1858 2548 Plerumque

237 2559 336 2600 igitur
364 2559 397 2590 in
432 2559 463 2590 id
497 2561 718 2592 tantummodo
753 2561 905 2597 laboravi,
925 2565 958 2590 ut
973 2569 1105 2591 sensum
1122 2568 1219 2599 quem
1235 2559 1377 2590 auctoris
1396 2560 1493 2590 verba
1508 2558 1700 2598 diligentius
1722 2565 1856 2594 expensa

239 2611 405 2642 continere
422 2611 550 2648 censui,
577 2611 699 2650 phrasi,
727 2611 833 2651 quoad
865 2612 967 2651 potui,
998 2610 1146 2646 clariore,
1173 2609 1346 2648 verbisque
1369 2609 1638 2649 aequivalentibus
1665 2608 1856 2639 exhiberem.

238 2659 349 2691 Sicubi
367 2669 441 2691 vero
456 2661 597 2692 auctoris
620 2669 711 2691 mens
733 2661 840 2691 minus
857 2665 940 2692 certa
959 2659 1189 2700 explorataque
1208 2659 1288 2690 mihi
1311 2660 1381 2690 visa
1408 2662 1468 2697 est,
1485 2662 1552 2690 tum
1575 2659 1720 2698 pressius
1745 2659 1856 2689 haerere

240 2711 348 2742 verbis
363 2711 545 2742 consultius
564 2711 759 2747 existimavi,
785 2717 879 2742 acuto
910 2709 1031 2742 Lectori
1049 2712 1236 2748 potestatem
1263 2713 1295 2741 ut
1315 2709 1452 2741 facerem
1468 2718 1505 2741 ea
1523 2713 1557 2740 ut
1581 2710 1642 2740 sibi
1663 2707 1855 2748 probabilius

242 2760 405 2792 videretur
427 2759 670 2800 interpretandi.
697 2761 730 2790 In
757 2759 942 2799 hujusmodi
966 2757 1118 2797 scopulos
1139 2759 1237 2789 semel
1263 2762 1293 2789 et
1325 2759 1441 2790 iterum
1469 2758 1569 2789 incidi
1595 2758 1672 2788 dum
1705 2762 1854 2788 verterem

243 2811 413 2849 Epistolas,
438 2820 511 2850 quae
539 2809 616 2842 mihi
645 2810 765 2850 ubique
789 2809 1080 2847 diliicilcs,alicubi
1109 2809 1186 2840 visae
1213 2814 1287 2840 sunt
1318 2809 1412 2841 etiam
1432 2809 1509 2841 satis
1535 2809 1691 2840 obscurae.
1714 2809 1854 2840 Fortasse
