1897 3052
22 161 76 192 ᾹἿῚ
555 158 766 189 LAURENTlI
784 158 913 188 SlFANI
935 159 1142 189 PILEFATIO.
1610 157 1664 189 ιτξς

24 213 295 254 Theophj‘lactus
329 211 361 244 in
384 213 440 244 -eis
466 212 709 244 conscribendis
737 211 873 243 clariore
895 212 980 252 stylo
1010 222 1088 244 usus
1105 222 1168 244 non
1196 217 1254 250 est,
1272 213 1349 253 quia
1372 214 1409 244 ad
1433 213 1608 246 familiares
1631 218 1662 245 et

26 257 230 296 domesticos
253 266 413 302 scribens,
431 264 550 296 clanius
567 273 639 296 sese
655 265 818 305 explicare
836 269 890 296 aut
903 265 1046 305 neglexit
1067 270 1121 296 aut
1144 266 1261 298 noluit.
1288 267 1323 297 ln
1352 267 1449 297 variis
1469 267 1546 298 tomi
1566 267 1664 306 hujus

28 318 188 356 cperibus
211 327 227 349 a
255 327 308 349 me
325 319 434 349 Latine
470 318 604 349 redditis
634 318 855 349 diversitatem
884 318 1024 358 aliquam
1055 319 1089 349 in
1129 319 1197 358 ipsa
1214 319 1362 350 versione
1388 318 1523 350 fortasse
1553 319 1664 350 Lector

27 372 186 405 offendet,
211 371 254 401 ita
271 375 304 401 ut
321 373 417 401 modo
441 370 554 410 magis,
573 371 668 402 modo
682 372 791 402 minus
808 371 966 402 elaborata
977 371 1005 402 ei
1024 371 1171 402 videatur
1184 376 1279 411 atque
1296 371 1454 410 expolita;
1468 372 1663 410 quandoque

28 422 126 452 etiam
151 421 269 460 magis,
299 421 496 460 quandoque
531 421 639 452 minus
666 421 897 461 Theophylacti
926 420 1032 452 verbis
1064 420 1202 451 astricta.
1236 420 1333 459 Cujus
1371 420 1568 451 diversitatis
1593 428 1662 450 eam

28 480 159 503 causam
185 480 259 503 esse
277 476 367 509 sciat,
383 472 470 511 quod
489 480 548 512 ego
564 480 627 503 non
651 473 866 507 continenter,
880 471 935 502 sed
957 479 1012 510 per
1037 470 1120 501 varia
1139 470 1292 509 temporis
1312 469 1488 507 intervalla,
1517 470 1663 509 adeoque

30 526 59 552 et
84 522 174 552 varia
197 527 293 553 utens
317 522 464 561 corporis
486 523 682 557 valetudine.
711 523 872 562 variiSque
901 523 988 552 curis
1011 524 1084 556 plus
1115 522 1263 552 minusve
1286 521 1461 558 distentus,
1495 519 1661 551 versiones

31 572 221 611 hujusmodi
239 573 455 613 elucubrarim
485 585 494 606 :
523 573 609 604 unde
629 572 770 613 aliquam
800 572 876 612 styli
908 577 1006 612 atque
1035 572 1310 612 interpretationis
1335 571 1555 602 diversitatem
1583 571 1661 601 oriri

31 631 166 654 necesse
186 623 260 654 fuit.
274 612 389 661 Quoad
404 629 494 655 notas
510 625 634 660 attinet,
655 612 783 656 noverit
798 625 922 661 Lector,
939 633 990 656 me
1007 625 1141 656 minime
1157 625 1189 655 id
1211 624 1354 656 muneris
1370 623 1449 654 mihi
1471 623 1660 662 sumpsisse.

31 681 63 705 ut
79 678 170 708 notis
197 677 238 708 de
255 680 342 708 more
359 676 516 717 subjectis
538 676 770 716 Theophyiacti
790 685 887 716 opera
904 677 1101 708 illustrarem
1121 688 1129 708 :
1147 685 1253 716 neque
1270 676 1358 706 enim
1374 684 1508 706 necesse
1534 675 1565 704 id
1585 678 1664 711 erat,

32 737 138 766 neque
157 737 216 767 per
231 727 461 767 occupationes
478 735 566 757 meas
588 732 618 758 et
637 727 783 766 corporis
803 726 1018 758 valetudinem
1036 731 1188 766 prasstare
1202 726 1233 757 id
1263 725 1344 756 mihi
1371 725 1528 756 licuisset.
1553 725 1663 755 Solum

32 779 131 817 i5itur
150 784 244 810 notas
265 779 390 818 aliquas
403 778 557 817 operibus
581 787 598 809 a
618 787 667 809 me
699 777 862 809 translatis
880 777 937 808 hac
956 777 1095 818 illarque
1117 777 1252 817 aspersi,
1279 777 1335 807 ubi
1358 775 1407 807 vel
1437 775 1537 814 major
1556 775 1663 814 aliqua

35 837 151 866 ιιι-ειη
170 829 349 860 necessitas
367 829 549 865 videbatur,
567 829 614 859 vel
633 833 814 868 proruptum
836 828 969 859 omnino
985 833 1062 865 erat,
1079 829 1165 868 quod
1183 829 1380 859 adnotarem.
1403 826 1485 857 Illud
1504 830 1663 865 postremo

35 879 103 908 loco
121 879 323 909 monendum
343 883 507 918 superest,
521 887 619 910 sacra;
634 879 806 918 Seripturea
824 881 931 908 textus
949 877 1038 916 juxta
1054 877 1236 907 versionem
1252 875 1418 914 Vulgatam
1435 874 1581 904 attulisse
1599 883 1662 908 me,

33 936 64 960 ut
80 931 321 962 Catholicorum
348 931 404 970 qui
431 931 461 961 ei
475 933 595 961 assueti
627 934 715 966 sunt,
737 930 908 961 commodo
933 929 1109 969 praesertim
1137 928 1348 964 inservirem;
1372 931 1468 966 atque
1495 935 1558 957 non
1584 926 1664 957 Navi

32 983 199 1018 duntaxat,
230 981 288 1012 sed
314 981 409 1012 etiam
432 981 559 1011 Veteris
583 981 780 1011 Testamenti
809 980 904 1011 verba
935 980 1099 1011 efferendo
1126 990 1132 1010 :
1162 979 1235 1009 licet
1259 977 1530 1018 TlicOphylactus,
1555 981 1665 1015 utpote

32 1033 162 1062 Graccus
191 1035 312 1067 auctor,
330 1030 435 1070 quoad
468 1029 662 1067 secundum,
686 1034 795 1060 utatur
812 1031 962 1061 versione
988 1034 1049 1060 Τῶν
1078 1029 1174 1060 LXX.
1204 1029 1282 1059 Cum
1307 1036 1383 1059 vero
1403 1027 1544 1066 Vulgata;
1571 1027 1665 1058 verba

32 1085 113 1112 adeo
129 1081 298 1112 dill'errent
316 1089 333 1112 a
349 1081 455 1112 Verbis
473 1090 528 1118 per
537 1080 813 1120 Theophyiactum
832 1080 949 1116 allatis,
964 1083 997 1111 ut
1011 1080 1082 1120 ejus
1108 1079 1162 1111 lini
1184 1079 1318 1110 minime
1336 1082 1551 1110 consentanea
1569 1078 1663 1109 vide-

36 1137 159 1169 rentur,
178 1137 252 1162 tunc
266 1131 410 1170 pressius
437 1139 473 1162 ea
491 1135 613 1162 vertere
631 1130 848 1162 necessarium
867 1131 1000 1162 omnino
1018 1131 1122 1161 visum
1142 1133 1202 1160 est.

74 1183 109 1212 L.
133 1183 202 1212 Jam
225 1189 313 1220 vero,
342 1181 440 1212 lector
468 1182 600 1221 optime,
631 1181 729 1212 habes
759 1181 917 1217 omnium,
949 1190 1022 1221 qum
1049 1186 1155 1212 tomus
1184 1181 1244 1211 iste
1269 1179 1502 1219 complectitur,
1529 1187 1664 1218 operum

36 1231 221 1270 laborisque
238 1239 255 1261 a
273 1239 322 1261 me
336 1231 367 1261 in
384 1238 422 1261 eo
439 1230 594 1269 insumpti
614 1230 784 1260 rationem.
800 1230 911 1267 Quoad
929 1229 1091 1269 duplicem
1115 1229 1201 1260 enim
1218 1230 1370 1264 lndicem,
1386 1230 1530 1259 Gram-um
1547 1235 1661 1265 unum.

35 1282 239 1321 alterumque
254 1281 415 1317 Latinum,
431 1289 514 1321 quos
535 1284 696 1319 postremo
723 1279 793 1310 loco
811 1279 925 1318 adieci,
951 1279 1030 1310 niliil
1056 1279 1170 1315 habeo,
1193 1279 1280 1318 quod
1297 1278 1412 1312 dicam.
1432 1277 1493 1308 nisi
1512 1285 1560 1307 me
1575 1277 1606 1307 in
1624 1284 1663 1307 eo

37 1338 199 1370 spectasse
215 1332 374 1363 delectum
394 1332 502 1370 potius
517 1339 612 1371 quam
625 1331 761 1369 copiam.
778 1329 863 1361 Nihil
889 1330 985 1361 etiam
999 1333 1039 1360 de
1064 1330 1287 1369 impressionis
1303 1333 1447 1360 accurata
1464 1326 1664 1360 correction°

37 1383 159 1420 dicam;
172 1383 292 1423 quippe
311 1392 383 1423 quas
404 1383 443 1414 ad
466 1391 516 1414 me
532 1391 596 1413 non
618 1385 752 1421 spectat,
767 1381 826 1412 sed
841 1381 880 1412 ad
895 1389 971 1412 eum
991 1382 1047 1421 qui
1063 1381 1241 1420 speeimina
1265 1382 1419 1412 correxit.
1437 1381 1549 1412 Solum
1567 1379 1666 1420 igitur

36 1442 122 1464 nunc
149 1437 310 1472 superest,
339 1437 374 1464 ut
398 1437 428 1464 te
452 1433 549 1464 etiam
572 1435 670 1472 atque
701 1432 796 1462 etiam
826 1439 948 1470 rogem,
980 1440 1086 1463 meum
1115 1431 1202 1462 hunc
1235 1431 1495 1471 qualemcunque
1523 1431 1664 1461 labOrem

36 1484 110 1514 utsi
131 1483 266 1523 probare
283 1484 416 1515 omnino
430 1491 493 1514 non
524 1483 641 1523 possis,
661 1486 810 1513 conatum
829 1481 942 1513 saltem
974 1490 1080 1513 meum
1105 1490 1198 1522 atque
1214 1487 1369 1522 gratoque
1393 1482 1501 1513 animo
1518 1482 1664 1522 excipere

36 1534 130 1566 velis.

38 1747 218 1781 Nobilibus.
233 1747 399 1785 generosis
417 1749 512 1782 atque
532 1744 864 1785 magniticis‘virisp.
881 1746 987 1776 Marco
1004 1747 1161 1777 etJoanni
1179 1747 1341 1778 FUGGERIS
1352 1745 1517 1785 fratribus,
1533 1743 1666 1785 Antonii

75 1785 163 1822 ﬁliis,
179 1783 386 1824 Kir'chpergte
404 1789 434 1816 et
450 1783 699 1815 Weissenliorni
718 1783 903 1824 baronibus,
920 1789 995 1824 etc.,
1012 1785 1154 1816 dominis
1181 1785 1251 1816 suis
1276 1784 1476 1816 charissimis
1493 1788 1524 1815 et
1554 1783 1666 1815 amicis

75 1825 223 1861 summis,
247 1823 441 1856 Laurentius
458 1824 634 1860 SIFANUS,
647 1823 884 1860 Prunsl‘eldins,
900 1823 930 1854 J.
947 1823 982 1854 U.
1001 1825 1128 1862 Doctor,
1145 1825 1175 1855 ς.
1192 1826 1225 1856 P.
1244 1825 1280 1855 Ι).

81 1941 150 1969 Cum
179 1941 280 1968 abhinc
303 1939 461 1972 triennium,
490 1941 540 1968 viri
569 1941 706 1975 generosi,
726 1941 865 1969 Arnoldus
888 1941 1100 1972 Bircomannus,
1124 1941 1332 1978 Agrippinensis
1356 1939 1514 1974 bibliopola,
1531 1939 1581 1966 hoc
1598 1946 1668 1975 opus

39 1990 207 2017 scholiorum
223 1989 251 2016 in
272 1990 339 2016 Acta
355 1989 506 2024 apostolica
522 1989 576 2016 divi
591 1988 682 2020 Lucae,
700 1997 731 2016 ex
748 1989 859 2017 Austria
881 1997 896 2017 a
919 1989 1074 2017 clarissimo
1091 1989 1149 2016 viro
1170 1989 1201 2016 ι).
1216 1989 1321 2016 Joanne
1345 1989 1482 2015 Sambuco
1501 1988 1534 2014 ad
1553 1996 1581 2014 se
1598 1988 1668 2014 mis-

40 2044 109 2067 sum,
125 2035 193 2062 mihi
210 2035 382 2062 exhibuisset
398 2043 405 2061 :
421 2034 493 2069 quod
511 2039 570 2061 erat
586 2034 728 2068 exemplar
739 2034 904 2067 obsoletum,
920 2039 947 2062 et
970 2034 1131 2069 compendio
1148 2035 1300 2062 litterarum
1330 2034 1398 2061 adeo
1416 2033 1573 2061 intricatum
1585 2037 1668 2068 atque

40 2085 228 2114 obscuratum,
242 2086 273 2110 ιιι
286 2082 320 2110 ab
339 2083 484 2110 admodum
503 2082 597 2118 paucis
611 2081 732 2110 Coloniae
749 2083 800 2117 legi
820 2087 922 2117 posset,
939 2091 1045 2111 mecum
1061 2090 1142 2118 agere
1158 2084 1251 2116 erepit,
1264 2087 1293 2110 ut
1305 2082 1473 2118 susciperem
1487 2082 1546 2117 ejus
1559 2081 1667 2109 descri-

39 2131 116 2157 bendi
131 2130 266 2158 laborem.
281 2130 359 2157 llaud
377 2130 450 2158 enim
470 2131 612 2165 ignorabat
627 2139 669 2158 me
693 2131 758 2157 olim
776 2131 890 2158 Lutetia!
907 2131 1043 2165 ejusmodi
1061 2131 1252 2159 describendis
1268 2131 1385 2158 vetustis
1400 2131 1541 2157 codicibus
1560 2129 1666 2158 Gra'cis

40 2177 228 2209 exercitatum,
246 2176 318 2204 haud
338 2177 452 2204 nmltnm
466 2177 492 2203 in
508 2177 625 2204 lectione
650 2184 711 2204 esse
731 2177 933 2204 laboraturum.
952 2177 1007 2212 Ego
1033 2185 1099 2205 vero
1126 2186 1187 2205 cum
1213 2177 1390 2212 intelligerem
1409 2185 1471 2205 cum
1504 2185 1573 2211 opus
1598 2176 1665 2204 illud

40 2222 129 2249 (hace
144 2222 227 2249 simul
244 2226 272 2249 et
287 2221 382 2249 Latine
403 2223 545 2257 divulgare
568 2224 594 2249 in
613 2223 706 2250 animo
720 2224 831 2256 habere,
860 2223 1003 2258 cupiebam
1020 2224 1129 2259 quidem
1149 2227 1176 2251 et
1193 2224 1230 2251 illi
1243 2231 1292 2258 pro
1310 2223 1431 2250 amicitia
1449 2231 1551 2251 morem
1569 2230 1667 2258 gerere

41 2273 61 2293 et
79 2268 195 2302 publica:
211 2268 326 2295 utilitati
344 2268 491 2296 consulere
507 2277 516 2302 ;
532 2269 578 2296 sed
594 2268 750 2296 deterrebat
767 2278 809 2297 me
825 2278 886 2297 cum
901 2270 1046 2305 scriptura:
1061 2270 1169 2297 exilitas
1186 2270 1274 2297 oculis
1296 2270 1416 2302 inimica,
1434 2274 1491 2296 tmn
1510 2270 1664 2305 exemplum

43 2318 127 2343 minus
143 2316 331 2349 emendatum,
346 2317 497 2351 priescrtim
513 2324 575 2344 cttm
592 2317 702 2345 deesset
715 2318 789 2345 aliud
812 2318 998 2353 apograplium
1018 2320 1090 2346 unde
1112 2318 1211 2353 corrigi
1232 2318 1314 2352 hujus
1328 2322 1409 2353 atque
1431 2317 1571 2345 emendari
1598 2318 1663 2345 vitia

43 2368 157 2393 resse-nt.
174 2362 280 2396 Itaque,
309 2370 466 2398 quanquam
484 2371 565 2398 a'grc,
595 2364 721 2392 concessi
740 2368 829 2391 tamen
854 2365 969 2399 petenti,
987 2370 1014 2392 ct
1041 2373 1096 2392 rem
1113 2365 1223 2400 suscepi
1246 2373 1253 2393 :
1270 2369 1296 2392 et
1312 2373 1373 2392 cum
1399 2365 1515 2391 vitandae
1531 2364 1666 2398 pestifera)

41 2410 206 2444 (antagionis
221 2416 304 2437 causa
319 2417 361 2436 mc
375 2410 402 2436 in
418 2410 533 2444 patriam
547 2417 580 2437 ex
603 2409 670 2437 urbe
685 2410 862 2445 recepissem,
878 2410 950 2445 apud
966 2410 1098 2437 Jacobum
1114 2410 1282 2438 Panhnsium
1297 2410 1420 2437 abbatem
1438 2409 1555 2436 rmnobii
1575 2408 1665 2436 Stein-

42 2455 126 2487 vcldii,
143 2455 233 2481 virum
252 2460 279 2482 et
303 2454 413 2486 litteris,
430 2458 458 2482 et
476 2455 588 2490 pietate,
618 2459 645 2482 ct
669 2455 812 2490 prudentia
837 2455 1055 2488 ornatissimum,
1072 2456 1123 2482 hoc
1138 2464 1206 2490 opus
1223 2456 1292 2483 haud
1311 2456 1371 2483 sine
1390 2455 1511 2482 maxime
1524 2455 1616 2482 labore
1632 2462 1664 2481 ac

43 2503 143 2530 laesione
161 2502 304 2530 oculorum
318 2503 452 2537 descripsi
468 2511 475 2533 :
496 2503 569 2538 quod
588 2503 634 2530 ubi
656 2503 851 2537 transcriptum
870 2503 1052 2530 Bircomanno
1069 2503 1180 2530 tradidi.
1196 2503 1242 2530 Ille
1256 2510 1336 2537 porro
1351 2509 1457 2529 mecum
1473 2510 1551 2537 agere
1570 2501 1665 2537 coepit,

42 2554 67 2575 ut
83 2550 152 2584 quod
165 2550 376 2584 descripserant),
393 2550 474 2577 etiam
490 2555 679 2578 converterem
696 2551 723 2577 in
736 2558 889 2578 sermonem
904 2550 1044 2577 Latinum.
1058 2551 1113 2585 Ego
1129 2558 1192 2577 vero
1208 2549 1299 2585 (quod
1317 2549 1388 2576 haud
1408 2549 1563 2585 ignorabam
1581 2557 1665 2583 quan-

43 2601 127 2629 topere
143 2596 208 2622 mihi
221 2595 394 2622 :cstuandutn
413 2601 497 2630 atque
509 2596 662 2624 sudandum
679 2602 750 2624 esset
766 2597 792 2623 in
809 2604 903 2631 opere,
922 2597 1002 2630 cujus
1016 2604 1100 2623 unum
1118 2597 1251 2623 duntaxat
1265 2599 1386 2623 exstaret
1400 2595 1564 2630 exemplum,
1583 2595 1664 2629 idque

44 2642 127 2669 multis
144 2642 172 2668 in
189 2642 257 2669 locis
274 2641 403 2668 tnutilum
420 2646 502 2676 atque
515 2641 718 2678 depravatum),
733 2643 931 2678 aliquantisper
950 2648 1106 2676 cunctatus,
1125 2643 1233 2670 tandem
1253 2641 1393 2673 Ecclesim,
1406 2642 1432 2668 in
1451 2645 1504 2668 tam
1522 2641 1580 2668 utili
1594 2650 1664 2676 pne-

42 2690 127 2716 sertim
154 2698 185 2717 ac
207 2691 253 2724 pio
270 2697 364 2724 opere.
387 2690 516 2725 juvanda:
537 2691 640 2724 studio,
660 2695 742 2725 atque
764 2692 844 2718 etiam
863 2691 996 2718 tolerabili
1018 2699 1032 2718 a
1053 2690 1236 2718 Bircomanno
1250 2689 1389 2725 proposita
1416 2689 1583 2722 conditione,
1605 2697 1661 2717 rem

43 2742 179 2769 aggressus
197 2742 258 2762 sum
278 2744 286 2762 :
303 2743 334 2762 ac
360 2735 404 2762 vix
434 2735 542 2762 tandem
558 2735 673 2764 absolvi.
693 2735 759 2763 Nam
777 2744 976 2772 saepenumero,
999 2737 1062 2764 dum
1084 2737 1111 2763 in
1127 2736 1187 2764 loca
1204 2736 1298 2763 mutila
1313 2739 1394 2770 atque
1410 2741 1535 2770 corrupta
1559 2735 1661 2762 incide-

44 2780 106 2812 bant,
120 2781 201 2808 tacdio
225 2781 328 2808 laboris
353 2781 511 2817 frequenter
536 2783 618 2815 irriti,
633 2791 665 2811 ac
686 2785 884 2819 propemodum
911 2784 1102 2819 desperatione
1119 2785 1156 2811 rei
1184 2783 1300 2810 feliciter
1323 2783 1496 2810 absolvenda'
1513 2782 1595 2818 (cum
1612 2790 1661 2810 nec

44 2834 138 2862 semper
154 2827 244 2855 otium
260 2828 355 2863 esset),
372 2829 407 2856 ab
419 2836 501 2864 opere
516 2830 634 2862 cessavi,
646 2830 718 2865 quod
736 2831 897 2866 plerumque
912 2831 994 2858 ctiam
1012 2830 1101 2858 facere
1116 2831 1201 2863 soleo,
1214 2830 1258 2858 tibi
1277 2830 1342 2857 milii
1360 2830 1416 2864 ipse
1430 2837 1483 2856 non
1503 2828 1658 2857 satisfacio:

45 2882 85 2903 nec
97 2875 168 2904 enim
181 2875 250 2903 milii
267 2877 432 2912 persuadere
447 2885 572 2914 pGSsum,
594 2878 628 2906 ab
643 2879 704 2907 aliis
716 2879 860 2915 probatum
877 2879 921 2911 iri,
937 2879 1008 2914 quod
1026 2879 1203 2914 miliiinctipsi
1213 2879 1362 2914 displiceat.
1379 2877 1472 2913 Itaque
1483 2885 1543 2905 cum
1561 2885 1657 2913 perpe-
