1897 3052
180 140 233 172 4³19
699 138 908 170 LAURENTII
934 138 1062 169 SIFANI
1079 139 1286 169 PRAEFATIO.
1753 136 1844 170 ‘80

180 203 254 224 tuum
272 195 299 222 in
317 194 503 223 convertendo
523 202 624 223 morem
640 203 749 224 servare
761 196 846 228 soleo,
857 201 948 223 utnon
965 199 1027 223 ante
1043 203 1151 231 pergam
1167 204 1248 231 opere
1260 197 1394 228 instituto,
1410 204 1491 232 quam
1505 197 1604 231 prioris
1621 197 1674 224 dici
1697 197 1842 224 labores

181 249 376 276 recognovcro.
395 246 422 270 et
437 250 524 277 usque
538 249 570 270 eo
587 250 742 276 correxero,
756 247 785 270 ιιι
802 243 893 270 animo
910 250 969 270 meo
985 243 1075 277 aliquo
1091 243 1172 270 modo
1189 244 1314 271 satisﬁat.
1336 243 1374 270 Ac
1389 251 1543 278 quanquam
1559 243 1623 270 mihi
1637 250 1690 270 non
1704 243 1842 277 ubique

180 288 299 316 satisfeci
334 289 391 323 (qui
412 289 483 315 enirn
500 289 649 323 potuissem
665 289 691 316 in
710 290 743 318 iis
761 290 841 322 locis,
855 289 900 316 ubi
917 294 1046 324 corrupto
1061 291 1168 324 penitus
1183 297 1215 317 ac
1229 290 1353 316 mutilata
1368 289 1524 324 apographo
1536 289 1712 323 conjecturas
1728 284 1840 322 sequi

182 343 295 363 necesse
310 335 392 362 habui
406 335 440 371 ?),
456 335 539 362 malui
556 339 646 362 tamen
664 343 693 363 re
706 341 833 371 suscepta
851 336 929 363 [idem
942 343 1031 363 meam
1048 337 1176 368 liberare.
1191 344 1242 364 nec
1253 337 1393 364 hominum
1407 336 1642 371 exspectatioriem
1659 333 1818 363 frustrari
1830 360 1839 366 _

183 385 210 408 ct
229 381 332 416 aliquid
348 383 439 417 potius
452 381 478 408 in
498 385 576 415 parte
591 382 693 416 operis,
707 382 779 417 quod
797 381 943 416 aliquando
959 382 1105 415 sarciatur,
1133 382 1225 409 minus
1239 381 1360 416 probari.
1374 388 1455 416 quam
1473 385 1560 408 totum
1575 388 1644 415 opus
1664 380 1711 407 diu
1732 378 1840 406 desi-

185 429 287 455 derari.
304 427 416 455 Habetis
436 428 517 455 simul
535 428 679 455 consilium
697 436 786 454 meum
800 428 828 454 in
845 427 1019 462 suscipienda
1033 435 1072 460 re,
1089 433 1114 455 et
1134 435 1163 454 re
1178 431 1317 462 suscepta,
1332 434 1445 454 causam
1460 435 1509 454 cur
1524 431 1579 454 tam
1596 434 1659 454 sero
1672 433 1743 460 opus
1762 424 1843 450 ab-

182 474 301 502 solutum
330 478 411 508 atque
428 473 578 508 perfectura
601 473 714 508 prodeat
742 473 770 500 in
797 475 895 500 lucem.
920 473 987 499 Cum
1004 473 1088 508 igitur
1105 473 1180 508 operi
1194 473 1249 508 jam
1269 473 1464 507 propemodum
1482 472 1546 500 ﬁnis
1560 472 1707 507 itnpositus
1724 473 1839 502 esset,

185 524 267 554 atque
282 526 332 553 ego
348 525 453 545 mecum
466 518 645 545 deliberarem
659 523 740 552 atque
752 518 937 545 consultarem
953 525 1034 553 quem
1053 519 1095 545 bis
1115 518 1256 545 laboribus
1272 518 1340 546 meis
1354 518 1530 552 potissimum
1552 517 1708 552 deligeretu-
1717 521 1841 550 patro-

184 573 260 595 num,
278 562 373 590 amicis
389 562 450 589 aliis
470 563 660 597 alios,eosque
675 562 858 597 amplissimos
869 563 979 597 quidem
995 563 1078 595 viros,
1094 563 1141 591 sed
1156 563 1319 596 quibuscum
1337 563 1402 590 mihi
1414 563 1487 589 nulla
1498 562 1694 597 propemodum
1712 561 1838 588 notitia

184 611 379 642 intercederet,
411 611 649 645 proponentihus:
679 617 729 645 ego
755 618 817 638 cum
849 611 970 644 ineptum
991 614 1019 638 et
1034 611 1219 645 importunum
1237 617 1298 637 esse
1319 610 1487 645 judicabam,
1505 617 1666 644 magnorum
1685 610 1837 636 virorunr

182 666 333 693 eorumque
347 658 513 692 ignotorum,
527 661 553 684 et
567 657 600 684 ad
617 665 686 692 quos
702 657 806 684 nullum
827 657 889 692 quis
903 657 1005 684 aditum
1024 657 1130 689 habeat,
1150 657 1285 684 amicitias
1302 661 1439 692 appetere,
1455 664 1487 684 ac
1504 664 1564 684 sese
1582 664 1637 684 non
1654 656 1739 683 modo
1753 663 1841 683 ser-

183 703 282 735 viliter,
298 710 390 729 verum
410 703 493 730 etiam
511 703 683 738 impudenter
697 704 840 730 insinuare
858 707 934 730 :tum
952 711 1019 730 mea:
1036 708 1141 730 naturae
1156 707 1238 738 atque
1263 703 1371 738 ingenio
1387 703 1512 730 videbam
1532 709 1589 729 rem
1613 710 1674 730 esse
1692 703 1840 729 maxime

184 752 328 779 adversam
343 756 369 779 et
383 752 534 780 inimicam.
549 752 639 787 Atque
656 753 729 780 haud
746 753 905 788 ignorabam
917 760 974 785 eos,
993 753 1093 787 quibus
1114 753 1215 787 ignotis
1234 752 1366 787 ejusmodi
1383 752 1471 780 Itonos
1488 752 1617 783 habetur,
1633 759 1688 777 non
1705 751 1839 785 absque

184 808 268 828 causa
281 800 416 835 suspicari
432 800 521 828 solere
537 808 615 828 suam
627 800 662 828 ab
677 800 837 828 hominibus
851 801 1016 835 importunis
1032 800 1247 828 muniﬁcentiam
1265 804 1347 835 atque
1361 800 1550 827 liberalitatem
1574 798 1716 826 sollicitari
1737 806 1744 825 :
1767 796 1837 824 sed

185 846 207 872 si
223 847 285 881 qttis
303 847 434 874 beneﬁcio
450 846 564 874 atfectus
577 846 660 873 animi
681 847 725 874 sui
742 847 936 881 gratitudittem
951 847 1093 875 declarare
1104 847 1222 879 studeat,
1232 854 1294 874 eum
1315 854 1369 874 non
1388 846 1468 873 modo
1486 854 1540 873 non
1555 845 1704 876 oﬁ‘endere,
1717 850 1835 871 verunl

185 892 267 919 etiam
282 892 400 926 laudem,
415 892 438 919 si
448 892 517 919 nihil
529 892 601 920 aliud
619 892 750 927 proﬁciat,
765 893 798 920 ab
816 893 973 920 hominibus
986 892 1057 920 ferre
1071 893 1169 920 solere.
1185 892 1251 925 Quae
1265 900 1327 919 cum
1341 892 1433 919 animo
1443 892 1586 926 agitarem,
1604 896 1686 926 atque
1703 890 1837 925 perple—

186 946 238 966 xus
255 939 384 967 haererem
400 939 444 966 cui
461 939 510 967 hos
528 947 604 967 meos
630 939 740 967 labores
755 939 858 974 absque
870 939 1023 968 offensione
1051 945 1133 975 atque
1158 940 1358 967 obtrectatione
1372 940 1532 974 cuiusquam
1561 939 1717 967 dedicarem
1745 938 1830 973 (non

186 984 259 1010 cnim
277 983 423 1011 convenire
437 991 486 1012 nec
499 985 627 1020 expedire
641 984 794 1017 videbatur,
804 985 905 1012 librum
917 985 1021 1021 absque
1036 990 1151 1020 patrono
1161 991 1242 1020 atque
1255 985 1400 1013 defensore
1410 985 1541 1020 judicium
1552 985 1691 1012 hominum
1705 984 1830 1012 subire.

188 1033 340 1066 praesertim
356 1032 436 1067 cujus
455 1037 552 1060 auctor
566 1033 649 1060 etiant
664 1040 739 1060 nunc
753 1037 910 1068 superesset
925 1042 931 1060 :
956 1035 1057 1069 quippe
1071 1041 1133 1061 cum
1160 1033 1213 1061 vivi
1241 1034 1329 1068 magis
1352 1041 1432 1068 qttam
1457 1034 1556 1060 mortui
1574 1033 1683 1060 invidiae
1699 1033 1829 1060 obnoxii

186 1079 273 1106 simus
286 1083 313 1105 et
326 1079 545 1106 obtrectantibus
558 1079 728 1115 opportuni),
747 1087 795 1107 vos
810 1079 875 1106 mihi
888 1080 915 1106 in
932 1081 1040 1115 primis,
1053 1085 1083 1108 ut
1096 1088 1146 1116 par
1160 1085 1213 1112 est,
1228 1081 1255 1107 in
1270 1086 1390 1107 utentem
1402 1080 1528 1112 venistis,
1546 1079 1645 1114 quibus
1661 1087 1716 1106 non
1733 1080 1831 1107 modo

188 1128 300 1160 propter
314 1131 417 1158 vetera,
430 1133 524 1152 verum
542 1126 625 1153 etiam
643 1126 679 1154 ob
695 1126 814 1153 recentia
833 1127 941 1158 merita,
967 1128 1025 1155 imo
1047 1135 1114 1154 vero
1130 1131 1242 1162 propter
1259 1132 1418 1162 perpetuam
1441 1134 1505 1161 erga
1529 1133 1571 1153 me
1601 1125 1828 1153 beneficentiam

188 1175 268 1205 atque
283 1170 480 1203 liberalitatem,
496 1172 617 1198 omnium
633 1171 710 1206 longe
725 1172 874 1207 plurimum
897 1171 1034 1199 deberem.
1049 1172 1108 1200 Non
1135 1180 1177 1199 me
1200 1172 1331 1207 praeterit,
1362 1171 1478 1199 auribus
1508 1171 1605 1198 vestris
1629 1171 1767 1206 ingratam
1794 1174 1829 1196 et

188 1216 365 1251 injucundam
385 1224 447 1244 esse
476 1217 649 1244 immodicam
669 1225 701 1245 ac
715 1218 826 1246 nimiam
847 1218 1019 1246 liberalitatis
1033 1223 1131 1245 vestra:
1161 1218 1380 1253 praedicationem
1401 1226 1407 1244 :
1429 1224 1522 1244 verum
1539 1217 1610 1248 date,
1625 1223 1727 1251 quaso,
1744 1216 1829 1242 hanc

188 1262 296 1289 veniam
312 1262 389 1294 mihi,
406 1262 450 1289 cui
468 1263 535 1290 nihil
553 1271 671 1298 unquam
688 1265 788 1299 petenti
804 1265 971 1300 denegastis,
986 1264 1033 1291 sed
1054 1265 1171 1298 plurima
1194 1271 1248 1291 non
1265 1264 1366 1298 petenti
1383 1264 1527 1295 tribuistis,
1542 1267 1572 1289 ttt
1586 1262 1745 1290 summatim
1761 1262 1823 1289 sat-

189 1312 243 1335 tem
257 1309 283 1335 in
304 1316 346 1336 me
358 1309 457 1336 collata
476 1310 608 1338 beneficia
624 1316 713 1338 vestra
730 1319 899 1347 percurram.
915 1311 982 1339 Nam
1007 1312 1092 1346 patris
1110 1312 1204 1344 vestri,
1229 1311 1388 1346 amplissimi
1406 1315 1487 1346 atque
1502 1310 1597 1345 optimi
1628 1310 1691 1342 viri,
1717 1310 1745 1336 in
1776 1317 1829 1336 mc

190 1361 297 1381 stnnma
311 1355 410 1381 collata
427 1355 570 1387 beneﬁcia,
590 1357 643 1384 alio
664 1357 723 1384 l0ro
740 1357 847 1384 abunde
864 1357 932 1384 satis
947 1358 1170 1390 commemoravi,
1189 1364 1245 1392 quo
1261 1358 1313 1384 vita
1331 1356 1470 1388 defuncto,
1488 1364 1537 1384 vos
1553 1363 1607 1382 non
1623 1355 1705 1382 modo
1728 1354 1828 1381 facul-

189 1406 275 1428 tatum
288 1407 315 1429 et
330 1410 412 1437 opum
426 1403 499 1430 illius
514 1403 636 1430 hmrcdcs
653 1405 808 1436 exstitistis,
823 1412 918 1431 verum
934 1404 1015 1430 etiam
1032 1404 1164 1431 virtutum
1188 1409 1215 1431 et
1239 1404 1410 1431 liberalitatis
1433 1403 1459 1430 in
1480 1403 1576 1438 primis
1595 1402 1750 1429 imitatores
1767 1401 1829 1427 fui-

190 1447 241 1474 stis
260 1456 267 1475 :
284 1456 344 1482 qua:
356 1452 431 1475 tanta
447 1450 550 1476 exstitit
573 1458 637 1485 erga
658 1458 711 1481 me.
734 1455 763 1477 ιιι
784 1451 857 1478 illius
876 1451 976 1478 mortui
996 1450 1188 1478 liberalitatem
1211 1456 1293 1485 atque
1318 1450 1531 1477 muniﬁcentiam
1554 1449 1626 1476 haud
1651 1455 1829 1483 magnopere

191 1495 383 1522 desiderarim.
399 1496 479 1530 Nam,
495 1501 523 1523 ut
536 1498 676 1532 superiora
697 1503 867 1532 prtcteream,
886 1506 946 1532 qua:
972 1498 1125 1533 frequentia
1150 1504 1231 1532 atque
1254 1497 1374 1533 ingentia
1399 1497 1519 1530 fuerunt,
1543 1496 1661 1532 primum
1684 1502 1733 1522 vos
1756 1497 1828 1520 ante

192 1540 345 1574 biennium,
368 1549 429 1568 cum
457 1543 484 1569 in
509 1544 560 1570 hoc
581 1551 663 1579 opere
689 1553 821 1576 versarer,
847 1546 914 1572 nihil
929 1545 981 1572 tale
997 1554 1052 1572 non
1069 1545 1149 1572 modo
1169 1545 1278 1579 petenti,
1297 1552 1389 1571 rerum
1406 1545 1487 1571 etiam
1507 1551 1540 1571 ne
1554 1542 1685 1578 cogitanti
1706 1541 1826 1576 quidem

193 1586 291 1613 bonam
310 1587 431 1620 pecunia:
458 1595 592 1615 summam
616 1589 680 1616 mihi
709 1590 878 1624 suppeditari
904 1598 936 1617 ac
963 1590 1170 1618 subministrari
1200 1590 1317 1616 curastis
1336 1598 1343 1616 :
1363 1589 1470 1621 deinde,
1487 1588 1614 1622 cumjam
1627 1587 1826 1613 liberalitatem

191 1635 311 1659 vestram
324 1633 406 1660 citius
423 1633 562 1668 fatigatam
574 1641 635 1661 esse
646 1635 803 1669 suspicatus
827 1635 949 1667 fuissom,
966 1642 1048 1669 quam
1080 1635 1183 1668 aliquid
1208 1634 1343 1669 ejusmodi
1359 1641 1481 1668 sperare,
1502 1633 1601 1660 nedum
1617 1637 1720 1666 petere,
1734 1638 1827 1658 ausus

192 1686 293 1710 essent,
310 1683 373 1705 ante
390 1686 493 1713 paucos
506 1686 615 1707 menses
626 1681 780 1714 pra-teritos
792 1689 869 1716 aeque
884 1689 981 1715 magna
995 1685 1075 1715 atque
1092 1681 1203 1708 biennio
1220 1685 1284 1708 ante
1297 1689 1340 1708 me
1353 1688 1457 1708 summa
1472 1678 1742 1719 pecunimldonastis.
1759 1678 1827 1710 Quo

193 1724 326 1751 beneﬁcio
349 1729 472 1758 tempore
501 1727 763 1760 opportunissimoa
779 1728 857 1755 vobis
871 1732 994 1763 accepto,
1014 1735 1075 1754 cum
1093 1727 1219 1753 videlicet
1246 1727 1424 1754 deliberarem
1453 1734 1533 1760 quem
1564 1725 1737 1765 potissimum
1758 1726 1826 1752 huic

192 1769 282 1803 partui
299 1777 360 1797 meo
380 1774 496 1798 tutorem
513 1779 545 1799 ac
565 1772 735 1800 defensorem
756 1781 893 1809 pararem,
914 1775 1005 1801 omnis
1030 1774 1165 1800 dubitatio
1187 1774 1381 1808 cuuctatioque
1399 1773 1465 1800 mihi
1483 1771 1678 1807 propemodum
1693 1777 1824 1806 exempta

192 1819 235 1841 est
253 1823 260 1841 :
277 1823 339 1842 nam
356 1816 476 1844 restabat
492 1818 574 1845 etiam
589 1826 663 1847 nunc
681 1820 827 1855 scrupulus
845 1828 925 1848 unus.
947 1819 1079 1852 Quoniam
1096 1819 1177 1846 etiam
1195 1818 1325 1850 sciebam,
1343 1826 1397 1853 quo
1414 1819 1504 1845 minus
1519 1817 1658 1852 appetitis,
1677 1824 1710 1844 eo
1727 1817 1828 1851 plures

193 1861 269 1888 vobis
277 1861 392 1889 honores
403 1863 512 1896 deferri,
521 1871 552 1904 a_c
562 1865 661 1893 multos
673 1865 897 1894 bominesdoctos
903 1867 981 1893 vobis
990 1873 1054 1894 suos
1065 1865 1170 1892 labores
1183 1870 1264 1900 atque
1276 1865 1478 1892 lucubrationes
1491 1865 1642 1897 dedicasse,
1652 1864 1827 1891 subverebar

195 1914 230 1934 ne
249 1908 355 1935 animos
371 1912 476 1936 vestros
494 1910 593 1938 talibus
605 1911 692 1945 epulis
707 1913 822 1939 satiatos
836 1917 918 1946 atque
935 1912 1053 1946 repletos
1065 1911 1254 1945 intempestiva
1265 1911 1451 1938 benevolentia
1463 1911 1627 1938 oﬁ‘enderem
1641 1910 1724 1937 citius
1738 1917 1825 1944 quam

194 1951 247 1978 hoc
261 1959 360 1986 genere
373 1953 453 1980 oflicii
470 1956 584 1988 gratiam
601 1963 615 1982 a
634 1956 712 1984 vobis
728 1956 838 1984 inirem.
851 1956 906 1984 Sed
923 1961 1012 1984 tamen
1033 1963 1094 1983 cum
1108 1956 1176 1983 liber
1184 1956 1287 1990 absque
1301 1961 1418 1991 patrono
1430 1956 1542 1983 omnino
1559 1963 1612 1982 non
1626 1956 1825 1990 divulgandus,

198 2005 249 2024 nec
265 1998 404 2025 hominum
417 1999 523 2034 judicio
538 2001 710 2036 objiciendus
723 2010 786 2030 csse
803 2003 950 2034 videretur,
964 2007 990 2029 et
1006 2010 1060 2029 non
1073 2002 1141 2029 satis
1153 2001 1197 2031 pie
1216 2008 1265 2028 nec
1282 2006 1356 2029 recte
1370 2009 1412 2029 me
1427 2001 1562 2028 facturum
1582 2008 1643 2028 esse
1653 2001 1826 2034 judicaretur,

201 2044 223 2070 si
238 2044 315 2071 vobis
333 2046 478 2078 pta-teritis
495 2047 563 2074 alios
577 2047 642 2074 mihi
657 2051 787 2082 patronos
800 2056 950 2082 qua-rerum
966 2050 1030 2082 (non
1047 2050 1120 2076 enim
1136 2054 1297 2076 cancrorum
1313 2047 1452 2074 hominum
1468 2046 1562 2074 cadent
1581 2054 1641 2080 qua:
1653 2051 1745 2073 vestra
1760 2052 1828 2074 sunt

206 2091 303 2124 udicia')
315 2091 396 2119 malui
407 2093 431 2119 in
445 2093 513 2119 banc
527 2097 628 2128 partem
639 2102 759 2128 peccare,
770 2102 850 2129 quam
858 2095 984 2129 cuiquam
995 2095 1083 2122 minus
1093 2095 1216 2130 prudenti
1226 2103 1277 2122 non
1292 2095 1359 2122 satis
1370 2099 1464 2128 gratus
1480 2093 1577 2120 videri.
1588 2092 1647 2120 Non
1661 2093 1734 2120 enim
1746 2093 1828 2120 video

196 2144 245 2164 nec
266 2145 374 2172 sperare
386 2146 494 2172 possunt
514 2139 572 2166 fore
585 2140 733 2174 aliquando
746 2144 862 2174 tempus,
881 2148 935 2174 quo
947 2141 1000 2167 alio
1012 2141 1091 2168 oﬁicii
1111 2149 1210 2175 genere
1224 2144 1305 2175 atque
1321 2140 1382 2171 hoc,
1397 2144 1487 2167 vestra
1504 2139 1634 2166 beneficia
1653 2141 1826 2166 remunerari

195 2184 310 2217 possint,
343 2184 444 2218 quippe
463 2193 524 2211 eum
548 2186 614 2212 nihil
633 2186 699 2212 tnihi
728 2190 852 2220 suppetat
883 2191 981 2220 prteter
1007 2187 1185 2214 voluntatem.
1214 2185 1273 2212 Huc
1293 2186 1398 2212 accedit
1417 2185 1490 2220 quod
1510 2185 1635 2212 videbam
1654 2185 1727 2212 haud
1743 2184 1826 2211 facile

196 2228 266 2255 alios
290 2236 323 2256 ex
354 2237 468 2256 numero
486 2232 635 2257 amicorum
658 2236 756 2264 pra'ter
773 2239 821 2257 vos
840 2240 881 2258 me
899 2233 1018 2267 reperire
1040 2240 1131 2267 posse,
1155 2232 1200 2266 qui
1219 2239 1279 2258 cuin
1300 2235 1409 2265 propter
1421 2231 1564 2265 utriusque
1580 2231 1677 2265 linguae
1694 2230 1825 2265 peritiam

198 2276 268 2304 haud
288 2278 424 2312 vulgaretur
441 2279 543 2313 optime
569 2279 603 2306 de
628 2279 784 2312 hujusmodi
814 2280 923 2314 scriptis
948 2279 1074 2314 judicare
1090 2283 1210 2314 possent,
1237 2283 1294 2305 tum
1321 2277 1436 2305 candide
1449 2283 1531 2312 atque
1549 2278 1657 2305 sincere
1671 2277 1824 2311 judicaturi

199 2327 299 2350 essent.
315 2324 498 2357 Quamobrem
513 2334 528 2352 a
543 2325 619 2352 vobis
637 2333 685 2360 pro
702 2330 791 2352 vestra
810 2326 837 2352 in
859 2334 900 2353 tne
916 2331 1045 2360 perpetua
1059 2333 1090 2351 ac
1108 2325 1224 2352 maxima
1237 2324 1423 2352 benevolentia
1438 2323 1569 2358 majorem
1589 2323 1615 2349 itt
1636 2323 1748 2349 modum
1763 2326 1826 2356 peto

197 2377 354 2406 quaesoque,
371 2376 398 2398 ut
411 2371 483 2398 ltunc
500 2379 611 2405 parvum
624 2376 651 2398 et
665 2372 792 2405 exiguum
810 2375 928 2405 partum,
943 2378 1023 2405 quem
1037 2371 1114 2397 Vobis
1131 2371 1157 2397 in
1174 2370 1326 2397 clientelam
1342 2373 1369 2396 ct
1386 2369 1464 2396 fidem
1481 2368 1653 2400 Commendo,
1669 2368 1704 2396 ab
1724 2368 1826 2397 invidis

198 2416 271 2444 omni
292 2424 344 2451 ope
357 2417 439 2449 tueri,
453 2425 468 2443 a
483 2417 729 2444 calumniatoribus
743 2421 769 2443 et
783 2416 1015 2444 obtrectatoribus
1033 2415 1162 2443 omnibus
1180 2416 1283 2442 viribus
1299 2415 1446 2442 defendere
1462 2414 1552 2442 velitis
1572 2423 1580 2441 :
1597 2414 1645 2449 qui
1663 2414 1685 2441 si
1708 2421 1724 2440 a
1747 2415 1826 2441 vobis

198 2463 296 2498 dignus
322 2462 458 2497 judicatus
487 2462 567 2489 fuerit
591 2469 670 2497 quem
695 2462 906 2496 amplectamini,
931 2469 1012 2495 quem
1043 2461 1070 2488 in
1094 2461 1224 2488 familiam
1253 2466 1370 2488 vestram
1407 2460 1546 2494 recipiatis
1560 2464 1643 2494 atque
1657 2459 1786 2492 foveatis,
1802 2460 1824 2486 si

201 2511 360 2538 hominibus
381 2511 433 2544 piis
448 2516 472 2537 ct
485 2510 618 2537 studiosis
633 2509 782 2544 aliquando
799 2509 874 2536 utilis
895 2508 987 2540 fuerit,
1005 2508 1073 2536 nihil
1091 2508 1158 2535 mihi
1183 2509 1245 2535 istic
1269 2508 1423 2539 vindicabo,
1452 2507 1480 2534 in
1498 2514 1547 2534 vos
1566 2514 1663 2534 omnes
1677 2513 1770 2533 meum
1780 2506 1825 2541 jus

199 2557 346 2587 transfero,
360 2563 477 2589 quorum
494 2555 593 2590 opibus
608 2556 719 2590 adjutus
735 2560 761 2581 et
776 2559 956 2587 sustentatus,
976 2554 1049 2581 hunc
1065 2553 1158 2582 foetum
1176 2553 1291 2588 produxi
1319 2562 1326 2580 :
1354 2553 1401 2587 qui
1416 2552 1505 2580 sicubi
1522 2552 1674 2580 deformior
1698 2553 1825 2579 minusve

200 2603 335 2638 perfectus
352 2606 379 2628 et
406 2601 431 2628 in
454 2601 543 2635 aliqua
563 2607 638 2635 parte
655 2601 696 2629 sui
718 2600 828 2630 inutilns
844 2606 875 2626 ac
889 2599 1053 2635 depravatus
1070 2599 1237 2634 apparuerit,
1261 2598 1312 2625 hoc
1327 2599 1424 2633 partim
1441 2598 1517 2624 vitiis
1528 2598 1623 2625 matris
1635 2597 1746 2629 Graecae,
1763 2604 1825 2632 qua:

200 2650 266 2677 mihi
281 2649 353 2676 haud
368 2650 525 2684 incorrupta
535 2649 680 2676 conciliata
696 2651 747 2679 est,
761 2647 935 2674 atlribuitotc
953 2655 960 2672 :
978 2646 1078 2681 partim
1095 2654 1161 2673 mea:
1174 2645 1344 2672 inbecillitati
1357 2645 1535 2680 assignatote,
1554 2653 1569 2672 a
1594 2652 1659 2679 quo,
1677 2648 1824 2678 superante

201 2696 272 2722 nuan
287 2696 358 2722 vires
378 2699 404 2722 et
421 2695 558 2729 ingenium
576 2694 700 2724 artiﬁcis,
717 2693 808 2720 omnia
839 2692 939 2727 corrigi
966 2696 993 2718 ct
1021 2690 1160 2718 ctucndari
1182 2698 1234 2717 non
1263 2695 1420 2725 potuerunt.
1439 2690 1506 2717 Nam
1523 2691 1544 2718 si
1561 2692 1623 2725 quis
1652 2690 1773 2724 iniquior
1797 2697 1824 2717 et

203 2741 350 2774 malignior
366 2739 449 2774 judet‘
472 2742 539 2771 lucc,
554 2747 613 2773 qua:
632 2738 666 2765 de
683 2738 778 2765 tuatris
794 2736 893 2764 Grzecaz
912 2737 984 2763 vitiis
999 2737 1070 2767 dico,
1091 2737 1181 2763 minus
1200 2736 1307 2763 sincera
1323 2741 1404 2770 atque
1419 2735 1524 2770 integra
1540 2735 1592 2763 ﬁde
1611 2743 1626 2762 a
1651 2743 1693 2762 me
1707 2735 1821 2769 proferri

203 2788 398 2822 suspicabitur.
414 2787 560 2821 producam
587 2794 680 2814 eorum
696 2793 756 2820 qua:
772 2785 834 2811 dico
852 2784 1097 2819 locupletissimum
1117 2787 1224 2815 testem,
1255 2783 1437 2810 clarissimum
1465 2782 1710 2815 doetissimumque
1736 2781 1821 2807 virutn

204 2834 232 2861 ι).
251 2833 382 2861 Joannem
401 2833 565 2861 Sambucum
585 2833 751 2860 Pannonium
771 2842 774 2856 :
808 2831 834 2858 in
850 2831 908 2865 rju:
922 2830 993 2857 cnim
1018 2833 1152 2864 potestate
1169 2830 1262 2857 matris
1286 2829 1364 2856 istius
1382 2833 1505 2863 parentes
1525 2833 1597 2861 sunt,
1617 2832 1642 2855 ct
1657 2827 1819 2858 clarissima,
