1897 3052
50 136 90 169 tat
557 131 766 162 LaunENTtt
782 129 909 160 SlFANl
924 131 1131 163 PREFATIO.
1601 134 1655 166 432

51 190 192 225 gravissima
209 189 420 224 flt'n'iissimaque
431 192 539 216 exstant
556 194 662 218 eorum,
677 192 737 219 qua:
752 184 824 217 dico,
847 185 925 219 signa
941 189 1022 219 atque
1045 185 1218 213 documenta.
1234 185 1296 214 ila‘e
1311 194 1359 215 vos
1386 187 1489 214 idcirco
1505 190 1654 216 monendos

52 245 102 265 esse
111 237 238 271 judicavi,
254 241 283 263 ut
299 236 491 263 instructiores
506 234 568 262 sitis
585 232 718 259 adversus
733 239 779 258 cos
798 231 843 265 qui
860 231 943 258 istum
959 230 1054 258 fetum
1075 233 1213 259 voluerint
1232 233 1390 268 impugnare
1404 253 1410 264 ,
1433 241 1496 260 nam
1522 240 1652 269 quantum

50 284 71 310 in
85 291 122 309 me
137 282 197 313 fuit,
212 282 281 309 nulli
300 290 350 310 nec
363 281 449 309 labori
466 289 516 308 nce
533 279 680 314 diligentite
695 279 722 305 in
738 286 769 305 eo
789 277 915 313 ﬁngendo
930 282 1012 312 atque
1030 278 1173 306 formando
1187 287 1305 314 unquam
1323 280 1440 314 peperci.
1460 279 1529 312 Quid
1548 280 1655 315 przesti-

50 329 114 355 terrm
141 327 240 361 quidve
267 332 412 355 assecutus
435 327 498 358 sim,
521 326 652 361 quoniam
676 328 785 352 exstant.
814 324 979 351 documenta
1008 324 1101 352 Graace
1129 329 1212 360 alque
1241 325 1346 357 Latine,
1379 331 1460 361 atque
1488 327 1556 354 adeo
1575 330 1656 354 crete-

51 380 127 399 rorum
141 372 283 399 hominum
301 373 446 408 utriusque
459 372 558 407 lingute
571 372 732 406 peritorum,
747 369 770 396 si
786 369 914 397 vitiorum
927 369 1009 397 modo
1019 373 1176 397 memorata:
1185 370 1280 398 matris
1289 369 1390 398 Cratere
1403 370 1534 397 rationem
1553 370 1656 398 habue-

51 421 107 453 ritis,
120 419 221 454 judicio
242 421 380 455 permitto.

77 465 145 497 Quod
162 465 261 493 attinet
275 465 309 492 ad
323 465 457 493 rationem
474 469 639 500 temporum,
664 465 765 501 quibus
782 464 878 491 vixerit
893 462 1115 500 Theophylactus
1133 463 1266 498 Bulgaria:
1282 464 1515 500 archiepiscopus,
1531 464 1653 492 nondum

51 511 103 538 mihi
129 511 193 538 satis
210 516 339 538 constare
364 511 450 545 potuit
466 521 473 538 ε
491 515 521 538 ut
543 513 615 539 enim
643 511 780 545 conjicere
802 517 924 544 possum.
948 510 1040 545 plures
1056 510 1108 538 hoc
1130 511 1239 538 nomine
1252 510 1371 538 fuerunt.
1392 511 1458 538 Nam
1474 511 1655 546 Nicephorus,

52 556 229 582 Ecduiastictz
247 556 375 584 Historia
391 557 437 584 lib.
455 565 509 588 xtv,
524 565 584 592 cap.
603 558 647 589 39,
664 557 709 584 ubi
723 557 756 584 de
769 556 949 584 translatione
963 556 1066 590 aliquot
1079 556 1268 592 episcoporum
1293 557 1358 591 agit,
1376 557 1477 584 Basilio
1497 554 1654 591 Porpher-

51 608 146 636 gennela
162 602 401 638 Constantinopoli
420 605 582 639 imperante,
601 604 834 640 'l‘heophylactum
857 604 1002 638 quemdam
1021 603 1153 632 Sebastiae
1175 604 1345 639 episcopum-
1359 603 1469 631 Rosiam
1490 604 1653 630 translatum

51 656 99 676 esse
111 649 212 676 scril-it.
226 649 394 678 Wilbelmus
408 650 560 681 Lindanus,
575 657 660 678 sacrae
675 649 818 684 theologia:
834 649 975 684 professor
988 649 1178 682 Lovaniensis,
1196 650 1222 676 in
1238 650 1415 684 chronologia
1434 657 1515 685 quam
1536 649 1568 675 ad
1582 648 1656 676 fron-

51 701 94 723 t~m
105 702 154 722 suat
169 695 310 730 Panoplia!
322 697 458 731 apposuit,
473 695 704 730 Theophylactum
716 695 873 731 quemdam,
890 703 970 730 quem
992 695 1019 722 in
1034 695 1078 722 illa
1093 702 1142 722 sua
1159 694 1289 728 Pauoplia
1301 695 1372 722 inter
1387 700 1500 722 (δίεισι-ος
1517 699 1653 722 auctorem

52 745 144 769 secutus
159 742 205 774 sit,
229 750 303 770 anno
327 750 341 769 a
365 744 507 771 nativitate
524 744 630 770 Domini
649 743 892 778 septingentesimo
917 742 1020 770 vixisse
1042 743 1188 778 signiﬁcat,
1209 742 1257 769 sed
1279 742 1359 776 cujus
1374 742 1494 769 civitatis
1508 741 1652 776 episcopus

54 787 128 819 fuerit,
143 794 195 814 non
212 788 320 823 adjicit.
334 788 381 816 Est
399 793 488 816 autent
502 789 662 821 verisimile,
678 789 807 824 quoniam
825 789 928 816 nullius
943 788 1069 821 alterius,
1083 788 1155 823 quod
1167 787 1292 823 equidem
1309 788 1404 820 sciam,
1420 788 1521 822 scripta
1535 792 1655 820 exstant.

54 832 110 859 hunc
119 833 353 869 archiepiscopum
368 834 500 869 Bulgaria:
516 834 551 861 ab
565 834 610 861 illo
623 834 786 869 signiﬁcari,
805 841 885 868 quem
904 834 986 860 etiam
1004 833 1135 861 Erasmus
1151 833 1336 868 Chrysostomi
1362 832 1578 860 abbreviatorem
1595 841 1656 860 esse

55 878 116 910 dixit,
133 884 158 906 et
172 879 269 907 titulus
287 880 370 915 hujus
387 881 477 915 operis
495 881 545 907 hoe
557 888 612 914 pra:
627 888 657 908 se
671 880 732 907 fert.
748 879 814 906 Nam
836 888 890 907 non
912 880 1000 907 solum
1017 887 1049 906 ex
1068 878 1175 906 Joanne
1193 879 1401 914 Chrysostomo,
1414 887 1507 906 verum
1526 879 1607 906 etiam
1622 887 1654 906 ex

53 924 144 957 Basilio,
167 924 281 960 Cyrillo.
312 925 425 959 Severo,
436 932 468 954 et
483 927 622 955 nonnullis
636 927 708 958 aliis,
723 933 784 961 quae
797 926 830 953 ad
851 926 1020 960 propositum
1037 931 1063 954 et
1085 933 1140 952 rem
1161 926 1312 953 institutam
1328 926 1465 960 pertinere
1484 925 1655 958 viderentur,

53 971 181 1005 desumpsit
194 975 222 998 et
236 971 264 998 in
278 979 363 998 unum
377 979 477 1008 corpus
492 973 628 1000 contraxit
646 981 653 1000 :
675 979 755 1007 quant
769 979 824 998 rem
842 978 895 998 non
912 971 993 998 tuodo
1011 979 1096 1005 genus
1109 970 1229 1001 dicendi,
1254 970 1276 998 si
1292 970 1354 1005 quis
1378 971 1498 997 animum
1523 971 1657 1004 atlendat,

54 1023 129 1042 verum
143 1017 223 1044 etiam
244 1018 355 1045 nomina
372 1024 511 1046 auctorum
528 1018 556 1046 in
569 1018 691 1053 margine
707 1020 838 1044 annotata
853 1017 1008 1050 signiﬁcant
1028 1020 1108 1051 atque
1125 1016 1273 1043 declarant.
1286 1016 1406 1044 Joannes
1418 1016 1658 1052 OEeolatupadius,

53 1069 74 1100 in
86 1061 230 1095 prolatione
244 1071 327 1098 quam
344 1065 470 1099 apposuit
484 1063 677 1100 Theophylacti
691 1068 806 1098 quatuor
822 1062 1026 1098 Evangeliorum
1044 1063 1207 1097 cxplieation
1221 1063 1271 1090 btts
1284 1061 1318 1090 ab
1345 1070 1405 1090 sese
1424 1064 1574 1094 conversis.
1590 1063 1658 1090 nihl

54 1109 111 1135 aliud
123 1117 197 1142 quam
215 1110 292 1137 illum
311 1111 382 1138 inter
393 1111 500 1139 Grmcos
513 1111 652 1146 theologos
665 1113 842 1137 recentiorem
852 1109 937 1136 fuisse
945 1109 1090 1143 signiﬁcat,
1114 1109 1160 1136 sed
1176 1109 1248 1135 haud
1266 1108 1341 1135 falsis
1353 1116 1414 1136 eum
1426 1109 1552 1137 laudibus
1566 1115 1657 1142 ornat,

54 1161 107 1188 quas
119 1155 139 1182 si
155 1155 215 1189 quis
233 1156 359 1191 requirit,
376 1163 408 1182 ne
421 1155 454 1182 ah
469 1155 530 1183 aliis
541 1156 609 1183 bene
624 1155 696 1182 dicta
717 1154 782 1181 mihi
798 1161 860 1181 cum
870 1153 979 1181 fastidio
996 1154 1142 1188 legentium
1157 1159 1278 1188 repetere
1294 1162 1404 1181 necesse
1419 1155 1464 1187 sit,
1482 1156 1555 1182 illine
1574 1161 1657 1190 petat,

56 1205 120 1234 atque
130 1201 207 1227 etiam
224 1209 256 1228 ex
273 1201 434 1236 pracfatione
445 1201 548 1228 Nicolai
566 1201 682 1232 Beraldi,
697 1208 757 1236 qum
774 1201 919 1235 praeposita
937 1204 979 1227 est
997 1198 1210 1227 Commentariis
1226 1200 1298 1228 illitis
1315 1200 1341 1227 in
1353 1200 1486 1235 Epittolas
1496 1202 1550 1228 divi
1564 1202 1656 1235 Pauli,

54 1254 64 1271 a
77 1245 262 1281 Christophoro
280 1247 411 1280 Porsena,
424 1247 558 1279 Romano,
577 1247 604 1274 in
618 1247 746 1274 Latinum
764 1254 916 1274 sermonem
931 1246 1073 1272 conversis
1087 1255 1094 1272 :
1115 1246 1161 1280 qui
1176 1246 1185 1281 (
1201 1246 1273 1281 quod
1291 1247 1428 1281 prteterire
1441 1256 1494 1275 IIOII
1519 1256 1629 1283 possum
1648 1250 1658 1283 )

58 1299 65 1314 ‹
82 1290 158 1318 Unum
182 1292 244 1325 hor,
271 1293 369 1328 inquit,
401 1293 467 1320 satis
496 1298 614 1326 constat,
638 1293 665 1320 in
684 1293 726 1320 his
742 1292 954 1320 Commentariis
970 1292 1014 1326 pia
1029 1299 1090 1320 esse
1105 1293 1199 1319 omnia
1214 1298 1241 1320 et
1261 1293 1414 1320 orthodoxa
1429 1293 1562 1329 longeque
1577 1296 1611 1321 ah
1624 1294 1658 1322 iis

55 1338 194 1365 diSsidenIia
212 1346 275 1372 qua:
291 1339 478 1374 theologorum
491 1339 586 1373 vulgus
603 1339 724 1374 quotidie
742 1346 842 1373 magno
861 1338 1010 1372 supercilio
1031 1338 1147 1365 indoctae
1165 1339 1250 1372 plebis
1272 1339 1385 1367 auribus
1406 1340 1536 1367 inculcat.
1552 1340 1658 1376 Ubique

58 1385 117 1412 enim
130 1386 310 1420 apostolicqu
330 1391 424 1421 pectus
451 1394 504 1412 non
521 1386 603 1412 modo
629 1385 747 1420 explicat
773 1384 864 1419 operis
881 1385 964 1419 hujus
982 1389 1090 1417 auctor,
1102 1384 1150 1412 scd
1166 1385 1248 1411 etiam
1264 1385 1357 1417 refert,
1376 1385 1446 1420 sapit
1465 1393 1496 1412 ac
1508 1386 1605 1420 spirat,
1631 1387 1657 1413 itl

56 1432 115 1465 quod
129 1439 206 1466 quam
224 1432 321 1467 paucis
337 1432 434 1458 merito
449 1431 623 1458 tribuendum
641 1432 688 1463 sit,
714 1431 793 1458 facile
822 1431 967 1466 intelliget,
1000 1431 1047 1465 qui
1074 1431 1192 1458 novitios
1209 1431 1348 1465 thc010gos
1366 1431 1486 1466 antiquis
1503 1431 1566 1464 illis,
1595 1440 1657 1459 eum

57 1476 144 1503 Latinis
164 1484 218 1504 tum
236 1477 350 1510 Graecis,
367 1478 562 1512 composuerit.
583 1489 591 1503 ι
614 1478 676 1504 Haec
692 1477 832 1505 Hert-ldus.
847 1478 1074 1513 (Ecolampadius
1090 1478 1222 1513 prolixius
1235 1485 1265 1505 ac
1281 1477 1438 1513 singulatim
1464 1477 1658 1513 Theuphylaeti

57 1523 153 1550 virlnles
174 1524 347 1558 persequitur
364 1527 446 1558 atque
474 1527 607 1556 recenset.
626 1522 841 1558 Christophorus
853 1523 984 1556 Porsena,
1002 1524 1029 1550 in
1045 1531 1093 1551 sua
1108 1523 1269 1550 Prmfatioue
1283 1523 1316 1550 ad
1331 1522 1438 1550 Sixtum
1453 1523 1486 1550 IV
1503 1524 1658 1559 pottliﬁcrnt

58 1568 200 1601 Romanum,
230 1569 429 1605 Theophylaeli
464 1572 616 1604 temporum
647 1569 748 1597 nullam
782 1569 847 1597 facit
876 1570 1054 1596 mentionem.
1087 1568 1159 1596 Misit
1187 1569 1219 1595 ad
1251 1576 1300 1596 nos
1318 1568 1350 1595 D.
1367 1569 1486 1596 Joannes
1507 1569 1659 1597 Sambucus

57 1617 186 1644 orationem
201 1616 324 1645 Graecam
341 1617 390 1644 hac
404 1617 582 1652 inscriptione
599 1626 606 1644 :
623 1617 806 1652 Θεοφυλάκτοι

923 1618 962 1649 εἰς
988 1617 1034 1643 τὸν
1052 1617 1243 1652 αὐτοκρατορα
1264 1617 1359 1652 κύριον
1395 1617 1512 1649 Ἀλέξων
1538 1618 1584 1644 τὶν
1609 1619 1660 1645 Κο‹

59 1665 149 1699 μνηνόν.
163 1664 239 1698 Quod
254 1666 277 1692 si
296 1665 320 1693 is
329 1669 372 1692 est
392 1670 485 1692 noster
505 1665 735 1700 Thcophylactus,
746 1672 844 1700 nempe
856 1665 1081 1700 archiepiscopus
1098 1664 1242 1699 Bulgarite,
1257 1664 1314 1699 jam
1335 1672 1389 1691 non
1412 1665 1527 1700 amplius
1547 1664 1659 1692 dubium

57 1716 106 1736 esse
121 1715 201 1744 potest
217 1719 272 1746 quo
287 1714 407 1746 tempore
419 1704 526 1738 vixerit.
536 1710 690 1738 Nihilaliud
706 1718 754 1745 ego
766 1717 854 1745 neque
868 1710 902 1737 de
915 1711 968 1737 vita
985 1718 1072 1745 neque
1084 1711 1117 1738 de
1129 1711 1299 1745 temporibus
1314 1710 1396 1745 hujus
1411 1712 1496 1738 nostri
1516 1710 1660 1745 Theophy-

59 1755 109 1782 lacti
135 1758 276 1792 diligenter
293 1758 443 1785 scrutando
458 1763 540 1793 atque
554 1758 717 1793 inquirendo
733 1758 808 1793 potui
835 1758 968 1784 invenire.
990 1757 1068 1790 Quod
1095 1759 1228 1792 reliquum
1249 1762 1301 1791 est,
1317 1766 1364 1785 vos
1381 1758 1462 1786 etiam
1479 1763 1561 1793 atque
1577 1759 1660 1785 etiam

61 1812 114 1837 rogo
128 1813 156 1833 ac
172 1806 348 1834 vehementer
364 1809 438 1841 peto,
452 1810 481 1833 ut
497 1807 548 1833 hoc
562 1805 689 1841 exiguum
711 1810 794 1840 atque
809 1805 876 1833 adeo
890 1805 1080 1832 tenuissimum
1108 1806 1312 1838 munusculum,
1337 1807 1415 1834 vobis
1438 1806 1502 1833 licet
1518 1806 1659 1842 indignum

59 1853 190 1887 vestrisque
209 1854 235 1880 in
253 1861 297 1881 me
312 1853 427 1881 summis
443 1853 583 1880 beneﬁciis
596 1859 628 1880 ac
645 1852 752 1879 meritis
768 1851 943 1886 impar,tequi
960 1855 1049 1878 tamen
1064 1850 1153 1878 facere
1166 1852 1285 1886 bonique
1298 1852 1451 1883 consulere,
1464 1857 1491 1879 ct
1507 1858 1534 1879 ut
1555 1853 1588 1879 ab
1600 1851 1661 1878 ani-
1710 1871 1711 1874 η

59 1897 86 1922 mi
99 1898 277 1927 benevolentia
292 1904 373 1934 atque
390 1899 556 1935 gratitudiuc
570 1898 734 1934 profectum,
755 1897 836 1925 hilari
853 1898 928 1925 vultu
943 1898 1057 1931 laetaque
1069 1897 1158 1924 fronte
1173 1898 1297 1932 accipere
1312 1898 1412 1924 velitis.
1432 1897 1487 1924 lloe
1501 1898 1524 1924 si
1546 1905 1560 1924 a
1582 1898 1660 1924 vobis

59 1950 202 1973 consecutus
227 1945 317 1979 fuero,
344 1945 452 1974 abunde
479 1945 546 1972 satis
573 1951 685 1979 magnos
712 1944 838 1972 laborum
866 1951 910 1971 me
937 1943 1044 1970 frui-tus
1067 1943 1176 1976 cepisse
1203 1941 1377 1971 existimabo.
1397 1942 1467 1970 Bene
1483 1943 1579 1976 valeto,
1609 1944 1660 1971 viri

59 1992 211 2025 amplissimi.

87 2072 118 2100 Et
132 2076 295 2104 monasterio
314 2075 488 2104 Steiuweldio
502 2083 539 2103 xu
556 2075 692 2103 Kalendas
704 2073 884 2110 Septembris,
903 2081 976 2101 anno
988 2073 1094 2100 Domini
1110 2072 1187 2101 l567.

62 2276 222 2307 Clarissimo
240 2276 581 2315 excellentissimoque
597 2276 678 2311 viro,
714 2277 748 2306 ι).
774 2274 902 2315 Joannii
916 2276 1087 2315 Saunvco,
1105 2275 1282 2311 Pannonio.
1310 2275 1460 2306 Cresaer
1486 2275 1660 2314 Majeslatis

102 2317 215 2347 medico
232 2321 263 2347 et
280 2314 552 2355 historiograpbo,
568 2314 761 2346 Laurentius
773 2314 951 2350 SIFANUS,
970 2314 1208 2352 Pruust‘eldius,
1231 2317 1259 2346 J.
1277 2315 1312 2345 U.
1331 2316 1454 2351 Doctor,
1472 2315 1503 2346 S.
1519 2316 1550 2345 P.
1568 2315 1606 2344 Ι).

91 2417 121 2444 Eu
135 2419 218 2452 prodit
231 2420 340 2448 tandem
355 2421 382 2448 in
394 2421 544 2456 publicum,
561 2421 603 2449 vir
613 2421 774 2453 clarissime.
789 2421 1010 2457 Theophylactus
1023 2425 1086 2448 tuus
1108 2421 1220 2448 Graecus
1230 2428 1244 2447 a
1263 2429 1305 2447 me
1321 2420 1411 2447 factus
1435 2419 1548 2446 Latinus
1561 2428 1568 2446 :
1582 2422 1658 2446 tuum
1694 2433 1697 2435 »

65 2461 122 2495 dico,
137 2473 187 2498 quo
200 2473 368 2498 careremus,
385 2468 438 2495 nisi
454 2473 482 2495 tu
500 2467 572 2502 quod
587 2467 733 2502 separatim
747 2467 849 2495 habere
864 2468 910 2495 tibi
922 2467 1060 2502 proprium
1078 2467 1185 2499 licebat,
1199 2474 1343 2494 commune
1356 2474 1388 2493 ac
1405 2465 1540 2500 publicqu
1557 2465 1658 2492 bonum

67 2516 114 2537 esse
127 2513 272 2542 maluisses.
291 2514 378 2542 Causa
394 2522 442 2542 cur
456 2519 511 2542 tam
529 2522 591 2542 sero
614 2515 744 2550 prodeat,
760 2520 789 2542 ut
806 2515 888 2542 etiam
908 2515 1012 2543 librarii
1038 2515 1145 2550 culpam
1163 2514 1292 2549 recipiam
1315 2515 1341 2540 in
1360 2522 1412 2544 me,
1429 2514 1486 2540 hate
1511 2517 1563 2543 est,
1585 2511 1658 2548 quod

64 2555 114 2582 dum
128 2558 168 2585 ille
178 2559 210 2586 de
227 2568 270 2587 me
286 2560 392 2593 Latine,
406 2569 456 2595 ego
467 2561 501 2589 de
515 2561 562 2588 illo
595 2561 687 2589 Graece
703 2561 811 2589 discere
828 2562 994 2594 nitebamur,
1009 2562 1054 2589 ubi
1075 2562 1145 2589 alter
1164 2563 1278 2588 alterunt
1309 2561 1400 2587 minus
1430 2559 1658 2594 intelligebamus,

65 2607 114 2629 Cum
126 2603 253 2640 interpres
267 2607 376 2641 utrique
391 2606 510 2640 deesset,
526 2611 608 2642 atque
621 2608 693 2636 haud
706 2607 874 2643 incorruptis
889 2608 1024 2636 ministris
1040 2612 1192 2639 uteremur,
1210 2607 1376 2640 coniecturis
1392 2606 1492 2641 quibus
1509 2606 1577 2632 alter
1592 2606 1659 2632 aue-

65 2646 110 2675 rius
123 2656 196 2678 sensa
222 2659 442 2688 assequeremur,
459 2653 551 2680 tuultis
574 2653 600 2680 in
624 2653 690 2680 locis
710 2654 748 2680 uti
765 2653 911 2681 habuimus
936 2661 1057 2681 necesse.
1084 2653 1168 2689 Cujus
1195 2653 1232 2680 rei
1257 2653 1386 2688 quoniam
1404 2653 1476 2679 clara
1494 2653 1658 2680 documenta

66 2698 115 2720 sunt
125 2697 148 2722 in
162 2702 297 2734 promptu,
317 2706 351 2726 ne
362 2699 455 2734 inepta
471 2699 627 2734 prolixitate
639 2700 786 2726 verborum
805 2699 975 2734 typugrapho
991 2699 1129 2726 festinanti
1144 2699 1194 2726 sim
1208 2699 1234 2726 in
1252 2706 1337 2728 mora,
1353 2703 1377 2725 te
1388 2698 1468 2726 etiam
1483 2703 1564 2732 atque
1575 2699 1656 2725 etiam

67 2744 126 2774 '080,
137 2747 163 2770 ut
179 2744 234 2772 haec
245 2745 303 2780 ipsa
319 2753 380 2780 quae
393 2745 455 2773 dico
470 2745 632 2772 documenta
654 2745 805 2773 scrutando
826 2749 907 2780 atque
921 2745 1115 2777 examinanda,
1137 2753 1246 2780 aequum
1268 2751 1291 2772 te
1307 2745 1371 2772 mihi
1385 2744 1504 2779 judicent
1521 2749 1602 2779 atque
1617 2744 1658 2771 fa-

68 2791 154 2815 ventem
166 2791 293 2824 praebere,
308 2794 336 2819 et
347 2791 428 2819 istam
445 2798 556 2826 operam
572 2799 652 2826 quam
673 2791 786 2826 priestiti
803 2791 872 2826 aequi
891 2791 1008 2825 bonique
1034 2791 1123 2821 facere
1142 2791 1218 2818 velis.
1236 2791 1311 2824 Quod
1326 2790 1459 2825 reliquum
1473 2794 1527 2823 est,
1547 2797 1659 2826 magnas

68 2831 104 2859 tibi
114 2837 135 2861 et
149 2835 249 2871 agimus
264 2840 291 2865 et
307 2836 438 2866 habemus
453 2837 567 2873 gratias,
585 2838 630 2873 qui
649 2837 722 2866 istud
739 2838 904 2872 mancipium
921 2837 1035 2872 publicte
1051 2837 1176 2865 utilitatis
1190 2837 1334 2869 inservire,
1345 2845 1424 2872 quam
1438 2837 1508 2864 domi
1524 2837 1658 2872 privatum
