  <div class='ocr_page' id='page_1' title='image "/cluster/home/n/w/nwhite01/storage/ocr_20150623/125/njp.32101010942736/423.png"; bbox 0 0 1897 3052; ppageno 0'>
   <div class='ocr_carea' id='block_1_1' title="bbox 160 160 1803 195">
    <p class='ocr_par' dir='ltr' id='par_1_1' title="bbox 160 160 1803 195">
     <span class='ocr_line' id='line_1_1' title="bbox 160 160 1803 195; baseline 0.002 -6"><span class='ocrx_word' id='word_1_1' title='bbox 160 161 212 195; x_wconf 66' lang='grc' dir='ltr'><strong>ΠΙ</strong></span> <span class='ocrx_word' id='word_1_2' title='bbox 681 160 872 190; x_wconf 75' lang='lat' dir='ltr'><strong>BONlFACi‘I</strong></span> <span class='ocrx_word' id='word_1_3' title='bbox 893 161 1045 191; x_wconf 76' lang='lat' dir='ltr'><strong>FlNETTl</strong></span> <span class='ocrx_word' id='word_1_4' title='bbox 1067 161 1262 191; x_wconf 64' lang='lat' dir='ltr'><strong>PREFATIO</strong></span> <span class='ocrx_word' id='word_1_5' title='bbox 1737 160 1803 193; x_wconf 18' lang='lat' dir='ltr'><strong>L727</strong></span> 
     </span>
    </p>
   </div>
   <div class='ocr_carea' id='block_1_2' title="bbox 161 216 1787 258">
    <p class='ocr_par' dir='ltr' id='par_1_2' title="bbox 161 216 1787 258">
     <span class='ocr_line' id='line_1_2' title="bbox 161 216 1787 258; baseline 0.001 -11"><span class='ocrx_word' id='word_1_6' title='bbox 161 226 339 258; x_wconf 81' lang='lat' dir='ltr'><strong>earumque</strong></span> <span class='ocrx_word' id='word_1_7' title='bbox 358 217 563 256; x_wconf 65' lang='lat' dir='ltr'><strong>penultimam</strong></span> <span class='ocrx_word' id='word_1_8' title='bbox 580 219 613 246; x_wconf 93' lang='lat' dir='ltr'><strong>ut</strong></span> <span class='ocrx_word' id='word_1_9' title='bbox 631 216 783 248; x_wconf 83' lang='lat' dir='ltr'><strong>ineditam</strong></span> <span class='ocrx_word' id='word_1_10' title='bbox 802 217 916 254; x_wconf 88' lang='lat' dir='ltr'><strong>notari,</strong></span> <span class='ocrx_word' id='word_1_11' title='bbox 938 217 1106 248; x_wconf 82' lang='lat' dir='ltr'><strong>confestim</strong></span> <span class='ocrx_word' id='word_1_12' title='bbox 1123 217 1238 256; x_wconf 76' lang='lat' dir='ltr'><strong>scripsi</strong></span> <span class='ocrx_word' id='word_1_13' title='bbox 1259 217 1296 247; x_wconf 85' lang='lat' dir='ltr'><strong>ad</strong></span> <span class='ocrx_word' id='word_1_14' title='bbox 1315 216 1354 247; x_wconf 86' lang='lat' dir='ltr'><strong>cl.</strong></span> <span class='ocrx_word' id='word_1_15' title='bbox 1375 216 1479 246; x_wconf 87' lang='lat' dir='ltr'><strong>virum</strong></span> <span class='ocrx_word' id='word_1_16' title='bbox 1495 225 1531 247; x_wconf 88' lang='lat' dir='ltr'><strong>ac</strong></span> <span class='ocrx_word' id='word_1_17' title='bbox 1546 216 1639 248; x_wconf 80' lang='lat' dir='ltr'><strong>dictae</strong></span> <span class='ocrx_word' id='word_1_18' title='bbox 1662 217 1787 248; x_wconf 85' lang='lat' dir='ltr'><strong>biblio-</strong></span> 
     </span>
    </p>
   </div>
   <div class='ocr_carea' id='block_1_3' title="bbox 161 266 1786 308">
    <p class='ocr_par' dir='ltr' id='par_1_3' title="bbox 161 266 1786 308">
     <span class='ocr_line' id='line_1_3' title="bbox 161 266 1786 308; baseline 0.001 -10"><span class='ocrx_word' id='word_1_19' title='bbox 161 269 262 300; x_wconf 72' lang='lat' dir='ltr'><strong>thecae</strong></span> <span class='ocrx_word' id='word_1_20' title='bbox 275 268 441 299; x_wconf 87' lang='lat' dir='ltr'><strong>custodem</strong></span> <span class='ocrx_word' id='word_1_21' title='bbox 466 266 694 306; x_wconf 76' lang='lat' dir='ltr'><strong>dignissimum</strong></span> <span class='ocrx_word' id='word_1_22' title='bbox 712 267 894 299; x_wconf 83' lang='lat' dir='ltr'><strong>Gotl‘ridutn</strong></span> <span class='ocrx_word' id='word_1_23' title='bbox 919 269 1147 308; x_wconf 77' lang='lat' dir='ltr'><strong>Hockingiuni,</strong></span> <span class='ocrx_word' id='word_1_24' title='bbox 1174 277 1288 307; x_wconf 73' lang='lat' dir='ltr'><strong>rogans</strong></span> <span class='ocrx_word' id='word_1_25' title='bbox 1307 272 1340 298; x_wconf 90' lang='lat' dir='ltr'><strong>ut</strong></span> <span class='ocrx_word' id='word_1_26' title='bbox 1357 268 1396 298; x_wconf 85' lang='lat' dir='ltr'><strong>de</strong></span> <span class='ocrx_word' id='word_1_27' title='bbox 1423 276 1457 298; x_wconf 88' lang='lat' dir='ltr'><strong>ea</strong></span> <span class='ocrx_word' id='word_1_28' title='bbox 1487 268 1623 306; x_wconf 83' lang='lat' dir='ltr'><strong>epistola</strong></span> <span class='ocrx_word' id='word_1_29' title='bbox 1641 269 1786 300; x_wconf 85' lang='lat' dir='ltr'><strong>notitiam</strong></span> 
     </span>
    </p>
   </div>
   <div class='ocr_carea' id='block_1_4' title="bbox 161 316 1785 358">
    <p class='ocr_par' dir='ltr' id='par_1_4' title="bbox 161 316 1785 358">
     <span class='ocr_line' id='line_1_4' title="bbox 161 316 1785 358; baseline 0.001 -10"><span class='ocrx_word' id='word_1_30' title='bbox 161 319 241 350; x_wconf 87' lang='lat' dir='ltr'><strong>mihi</strong></span> <span class='ocrx_word' id='word_1_31' title='bbox 259 318 399 357; x_wconf 79' lang='lat' dir='ltr'><strong>aliquam</strong></span> <span class='ocrx_word' id='word_1_32' title='bbox 414 316 628 347; x_wconf 73' lang='lat' dir='ltr'><strong>submitteret.</strong></span> <span class='ocrx_word' id='word_1_33' title='bbox 649 319 687 347; x_wconf 82' lang='lat' dir='ltr'><strong>At</strong></span> <span class='ocrx_word' id='word_1_34' title='bbox 706 318 761 348; x_wconf 88' lang='lat' dir='ltr'><strong>ille</strong></span> <span class='ocrx_word' id='word_1_35' title='bbox 777 327 840 349; x_wconf 90' lang='lat' dir='ltr'><strong>non</strong></span> <span class='ocrx_word' id='word_1_36' title='bbox 859 319 954 350; x_wconf 81' lang='lat' dir='ltr'><strong>modo</strong></span> <span class='ocrx_word' id='word_1_37' title='bbox 970 319 1091 358; x_wconf 77' lang='lat' dir='ltr'><strong>absque</strong></span> <span class='ocrx_word' id='word_1_38' title='bbox 1107 327 1197 349; x_wconf 84' lang='lat' dir='ltr'><strong>mora</strong></span> <span class='ocrx_word' id='word_1_39' title='bbox 1213 327 1366 357; x_wconf 77' lang='lat' dir='ltr'><strong>perquam</strong></span> <span class='ocrx_word' id='word_1_40' title='bbox 1380 318 1518 348; x_wconf 85' lang='lat' dir='ltr'><strong>humane</strong></span> <span class='ocrx_word' id='word_1_41' title='bbox 1538 319 1716 358; x_wconf 78' lang='lat' dir='ltr'><strong>rescripsit,</strong></span> <span class='ocrx_word' id='word_1_42' title='bbox 1730 319 1785 350; x_wconf 90' lang='lat' dir='ltr'><strong>sed</strong></span> 
     </span>
    </p>
   </div>
   <div class='ocr_carea' id='block_1_5' title="bbox 160 368 1786 409">
    <p class='ocr_par' dir='ltr' id='par_1_5' title="bbox 160 368 1786 409">
     <span class='ocr_line' id='line_1_5' title="bbox 160 368 1786 409; baseline 0 -9"><span class='ocrx_word' id='word_1_43' title='bbox 160 371 264 408; x_wconf 83' lang='lat' dir='ltr'><strong>ipsam</strong></span> <span class='ocrx_word' id='word_1_44' title='bbox 281 370 377 400; x_wconf 87' lang='lat' dir='ltr'><strong>etiam</strong></span> <span class='ocrx_word' id='word_1_45' title='bbox 393 368 576 408; x_wconf 70' lang='lat' dir='ltr'><strong>epistolam,</strong></span> <span class='ocrx_word' id='word_1_46' title='bbox 594 369 633 400; x_wconf 90' lang='lat' dir='ltr'><strong>de</strong></span> <span class='ocrx_word' id='word_1_47' title='bbox 650 377 713 409; x_wconf 87' lang='lat' dir='ltr'><strong>qua</strong></span> <span class='ocrx_word' id='word_1_48' title='bbox 729 369 846 400; x_wconf 80' lang='lat' dir='ltr'><strong>certior</strong></span> <span class='ocrx_word' id='word_1_49' title='bbox 862 370 929 400; x_wconf 83' lang='lat' dir='ltr'><strong>ﬁeri</strong></span> <span class='ocrx_word' id='word_1_50' title='bbox 953 372 1160 409; x_wconf 76' lang='lat' dir='ltr'><strong>exoptabam.</strong></span> <span class='ocrx_word' id='word_1_51' title='bbox 1177 375 1322 401; x_wconf 88' lang='lat' dir='ltr'><strong>accurate</strong></span> <span class='ocrx_word' id='word_1_52' title='bbox 1346 370 1517 409; x_wconf 89' lang='lat' dir='ltr'><strong>nitideque</strong></span> <span class='ocrx_word' id='word_1_53' title='bbox 1533 369 1727 408; x_wconf 81' lang='lat' dir='ltr'><strong>descriptam</strong></span> <span class='ocrx_word' id='word_1_54' title='bbox 1747 370 1786 400; x_wconf 87' lang='lat' dir='ltr'><strong>ad</strong></span> 
     </span>
    </p>
   </div>
   <div class='ocr_carea' id='block_1_6' title="bbox 160 417 1787 459">
    <p class='ocr_par' dir='ltr' id='par_1_6' title="bbox 160 417 1787 459">
     <span class='ocr_line' id='line_1_6' title="bbox 160 417 1787 459; baseline 0.001 -11"><span class='ocrx_word' id='word_1_55' title='bbox 160 427 218 449; x_wconf 91' lang='lat' dir='ltr'><strong>nos</strong></span> <span class='ocrx_word' id='word_1_56' title='bbox 234 417 420 448; x_wconf 85' lang='lat' dir='ltr'><strong>transmisit.</strong></span> <span class='ocrx_word' id='word_1_57' title='bbox 441 417 502 448; x_wconf 89' lang='lat' dir='ltr'><strong>Vix</strong></span> <span class='ocrx_word' id='word_1_58' title='bbox 518 425 553 448; x_wconf 82' lang='lat' dir='ltr'><strong>ea</strong></span> <span class='ocrx_word' id='word_1_59' title='bbox 576 422 702 457; x_wconf 86' lang='lat' dir='ltr'><strong>accepta</strong></span> <span class='ocrx_word' id='word_1_60' title='bbox 718 418 931 458; x_wconf 85' lang='lat' dir='ltr'><strong>deprehendi,</strong></span> <span class='ocrx_word' id='word_1_61' title='bbox 947 427 1013 452; x_wconf 89' lang='lat' dir='ltr'><strong>non</strong></span> <span class='ocrx_word' id='word_1_62' title='bbox 1028 428 1045 450; x_wconf 88' lang='lat' dir='ltr'><strong>a</strong></span> <span class='ocrx_word' id='word_1_63' title='bbox 1062 419 1305 459; x_wconf 84' lang='lat' dir='ltr'><strong>Theophylacto</strong></span> <span class='ocrx_word' id='word_1_64' title='bbox 1321 419 1530 458; x_wconf 75' lang='lat' dir='ltr'><strong>Bulgarorum</strong></span> <span class='ocrx_word' id='word_1_65' title='bbox 1547 419 1711 458; x_wconf 85' lang='lat' dir='ltr'><strong>episcopo,</strong></span> <span class='ocrx_word' id='word_1_66' title='bbox 1730 419 1787 450; x_wconf 84' lang='lat' dir='ltr'><strong>sed</strong></span> 
     </span>
    </p>
   </div>
   <div class='ocr_carea' id='block_1_7' title="bbox 158 468 1785 511">
    <p class='ocr_par' dir='ltr' id='par_1_7' title="bbox 158 468 1785 511">
     <span class='ocr_line' id='line_1_7' title="bbox 158 468 1785 511; baseline 0.002 -12"><span class='ocrx_word' id='word_1_67' title='bbox 158 469 198 499; x_wconf 85' lang='lat' dir='ltr'><strong>ab</strong></span> <span class='ocrx_word' id='word_1_68' title='bbox 208 468 271 499; x_wconf 87' lang='lat' dir='ltr'><strong>alio</strong></span> <span class='ocrx_word' id='word_1_69' title='bbox 285 468 526 508; x_wconf 82' lang='lat' dir='ltr'><strong>Theophylacto</strong></span> <span class='ocrx_word' id='word_1_70' title='bbox 540 469 642 500; x_wconf 70' lang='lat' dir='ltr'><strong>fuisse</strong></span> <span class='ocrx_word' id='word_1_71' title='bbox 658 470 883 508; x_wconf 85' lang='lat' dir='ltr'><strong>conscriptam,</strong></span> <span class='ocrx_word' id='word_1_72' title='bbox 899 471 951 501; x_wconf 88' lang='lat' dir='ltr'><strong>cui</strong></span> <span class='ocrx_word' id='word_1_73' title='bbox 966 471 1129 502; x_wconf 72' lang='lat' dir='ltr'><strong>Simoenta:</strong></span> <span class='ocrx_word' id='word_1_74' title='bbox 1144 479 1322 511; x_wconf 80' lang='lat' dir='ltr'><strong>cognomen</strong></span> <span class='ocrx_word' id='word_1_75' title='bbox 1334 475 1417 506; x_wconf 85' lang='lat' dir='ltr'><strong>erat;</strong></span> <span class='ocrx_word' id='word_1_76' title='bbox 1434 471 1559 510; x_wconf 84' lang='lat' dir='ltr'><strong>quique</strong></span> <span class='ocrx_word' id='word_1_77' title='bbox 1574 471 1652 501; x_wconf 88' lang='lat' dir='ltr'><strong>alias</strong></span> <span class='ocrx_word' id='word_1_78' title='bbox 1669 480 1785 510; x_wconf 35' lang='lat' dir='ltr'><strong>quam‘</strong></span> 
     </span>
    </p>
   </div>
   <div class='ocr_carea' id='block_1_8' title="bbox 160 518 1786 561">
    <p class='ocr_par' dir='ltr' id='par_1_8' title="bbox 160 518 1786 561">
     <span class='ocr_line' id='line_1_8' title="bbox 160 518 1786 561; baseline 0.002 -12"><span class='ocrx_word' id='word_1_79' title='bbox 160 518 269 558; x_wconf 84' lang='lat' dir='ltr'><strong>plures</strong></span> <span class='ocrx_word' id='word_1_80' title='bbox 289 519 322 549; x_wconf 90' lang='lat' dir='ltr'><strong>in</strong></span> <span class='ocrx_word' id='word_1_81' title='bbox 338 527 472 550; x_wconf 83' lang='lat' dir='ltr'><strong>suorum</strong></span> <span class='ocrx_word' id='word_1_82' title='bbox 491 519 573 550; x_wconf 80' lang='lat' dir='ltr'><strong>forte</strong></span> <span class='ocrx_word' id='word_1_83' title='bbox 589 519 824 558; x_wconf 85' lang='lat' dir='ltr'><strong>discipulorum</strong></span> <span class='ocrx_word' id='word_1_84' title='bbox 842 529 935 552; x_wconf 89' lang='lat' dir='ltr'><strong>usum</strong></span> <span class='ocrx_word' id='word_1_85' title='bbox 954 521 1033 560; x_wconf 87' lang='lat' dir='ltr'><strong>(erat</strong></span> <span class='ocrx_word' id='word_1_86' title='bbox 1046 522 1170 561; x_wconf 88' lang='lat' dir='ltr'><strong>quippe</strong></span> <span class='ocrx_word' id='word_1_87' title='bbox 1191 520 1392 560; x_wconf 79' lang='lat' dir='ltr'><strong>professione</strong></span> <span class='ocrx_word' id='word_1_88' title='bbox 1409 521 1564 561; x_wconf 72' lang='lat' dir='ltr'><strong>sophista,</strong></span> <span class='ocrx_word' id='word_1_89' title='bbox 1590 530 1648 552; x_wconf 90' lang='lat' dir='ltr'><strong>seu</strong></span> <span class='ocrx_word' id='word_1_90' title='bbox 1666 530 1786 559; x_wconf 63' lang='grc' dir='ltr'><strong>[ιι-αποθ-</strong></span> 
     </span>
    </p>
   </div>
   <div class='ocr_carea' id='block_1_9' title="bbox 158 568 1788 612">
    <p class='ocr_par' dir='ltr' id='par_1_9' title="bbox 158 568 1788 612">
     <span class='ocr_line' id='line_1_9' title="bbox 158 568 1788 612; baseline 0.003 -16"><span class='ocrx_word' id='word_1_91' title='bbox 158 573 229 607; x_wconf 83' lang='lat' dir='ltr'><strong>pter</strong></span> <span class='ocrx_word' id='word_1_92' title='bbox 244 568 436 609; x_wconf 84' lang='lat' dir='ltr'><strong>rhetorices)</strong></span> <span class='ocrx_word' id='word_1_93' title='bbox 452 569 664 600; x_wconf 82' lang='lat' dir='ltr'><strong>elucubravit.</strong></span> <span class='ocrx_word' id='word_1_94' title='bbox 682 570 770 600; x_wconf 85' lang='lat' dir='ltr'><strong>Hanc</strong></span> <span class='ocrx_word' id='word_1_95' title='bbox 787 574 896 609; x_wconf 88' lang='lat' dir='ltr'><strong>utpote</strong></span> <span class='ocrx_word' id='word_1_96' title='bbox 914 571 1083 608; x_wconf 81' lang='lat' dir='ltr'><strong>ineditam,</strong></span> <span class='ocrx_word' id='word_1_97' title='bbox 1101 577 1131 602; x_wconf 88' lang='lat' dir='ltr'><strong>et</strong></span> <span class='ocrx_word' id='word_1_98' title='bbox 1145 571 1269 612; x_wconf 83' lang='lat' dir='ltr'><strong>alioqui</strong></span> <span class='ocrx_word' id='word_1_99' title='bbox 1285 571 1523 608; x_wconf 83' lang='lat' dir='ltr'><strong>brevissimam,</strong></span> <span class='ocrx_word' id='word_1_100' title='bbox 1545 572 1669 602; x_wconf 88' lang='lat' dir='ltr'><strong>veniam</strong></span> <span class='ocrx_word' id='word_1_101' title='bbox 1687 571 1788 602; x_wconf 80' lang='lat' dir='ltr'><strong>lector</strong></span> 
     </span>
    </p>
   </div>
   <div class='ocr_carea' id='block_1_10' title="bbox 157 617 1785 662">
    <p class='ocr_par' dir='ltr' id='par_1_10' title="bbox 157 617 1785 662">
     <span class='ocr_line' id='line_1_10' title="bbox 157 617 1785 662; baseline 0.003 -15"><span class='ocrx_word' id='word_1_102' title='bbox 157 617 301 657; x_wconf 75' lang='lat' dir='ltr'><strong>Optimus</strong></span> <span class='ocrx_word' id='word_1_103' title='bbox 317 619 417 656; x_wconf 84' lang='lat' dir='ltr'><strong>dabit,</strong></span> <span class='ocrx_word' id='word_1_104' title='bbox 437 620 464 650; x_wconf 88' lang='lat' dir='ltr'><strong>si</strong></span> <span class='ocrx_word' id='word_1_105' title='bbox 490 619 578 651; x_wconf 91' lang='lat' dir='ltr'><strong>velut</strong></span> <span class='ocrx_word' id='word_1_106' title='bbox 595 628 751 659; x_wconf 79' lang='lat' dir='ltr'><strong>parergon</strong></span> <span class='ocrx_word' id='word_1_107' title='bbox 775 620 835 651; x_wconf 89' lang='lat' dir='ltr'><strong>hoc</strong></span> <span class='ocrx_word' id='word_1_108' title='bbox 854 620 916 652; x_wconf 90' lang='lat' dir='ltr'><strong>loci</strong></span> <span class='ocrx_word' id='word_1_109' title='bbox 933 630 1115 660; x_wconf 88' lang='lat' dir='ltr'><strong>apposuero</strong></span> <span class='ocrx_word' id='word_1_110' title='bbox 1132 632 1193 653; x_wconf 88' lang='lat' dir='ltr'><strong>una</strong></span> <span class='ocrx_word' id='word_1_111' title='bbox 1211 630 1284 654; x_wconf 83' lang='lat' dir='ltr'><strong>cum</strong></span> <span class='ocrx_word' id='word_1_112' title='bbox 1308 622 1456 652; x_wconf 76' lang='lat' dir='ltr'><strong>versione</strong></span> <span class='ocrx_word' id='word_1_113' title='bbox 1472 622 1583 652; x_wconf 90' lang='lat' dir='ltr'><strong>Latina</strong></span> <span class='ocrx_word' id='word_1_114' title='bbox 1600 622 1631 652; x_wconf 92' lang='lat' dir='ltr'><strong>in</strong></span> <span class='ocrx_word' id='word_1_115' title='bbox 1650 622 1785 662; x_wconf 76' lang='lat' dir='ltr'><strong>gratiam</strong></span> 
     </span>
    </p>
   </div>
   <div class='ocr_carea' id='block_1_11' title="bbox 157 667 1076 707">
    <p class='ocr_par' dir='ltr' id='par_1_11' title="bbox 157 667 1076 707">
     <span class='ocr_line' id='line_1_11' title="bbox 157 667 1076 707; baseline 0.004 -10"><span class='ocrx_word' id='word_1_116' title='bbox 157 674 271 698; x_wconf 90' lang='lat' dir='ltr'><strong>eorum</strong></span> <span class='ocrx_word' id='word_1_117' title='bbox 287 667 343 707; x_wconf 90' lang='lat' dir='ltr'><strong>qui</strong></span> <span class='ocrx_word' id='word_1_118' title='bbox 363 667 522 707; x_wconf 73' lang='lat' dir='ltr'><strong>ejusmodi</strong></span> <span class='ocrx_word' id='word_1_119' title='bbox 544 668 663 700; x_wconf 87' lang='lat' dir='ltr'><strong>studiis</strong></span> <span class='ocrx_word' id='word_1_120' title='bbox 679 669 891 701; x_wconf 87' lang='lat' dir='ltr'><strong>delectantur.</strong></span> <span class='ocrx_word' id='word_1_121' title='bbox 909 671 962 700; x_wconf 80' lang='lat' dir='ltr'><strong>Est</strong></span> <span class='ocrx_word' id='word_1_122' title='bbox 977 678 1053 702; x_wconf 80' lang='lat' dir='ltr'><strong>vero</strong></span> <span class='ocrx_word' id='word_1_123' title='bbox 1068 682 1076 701; x_wconf 91' lang='lat'><strong>:</strong></span> 
     </span>
    </p>
   </div>
   <div class='ocr_carea' id='block_1_12' title="bbox 387 751 1136 791">
    <p class='ocr_par' dir='ltr' id='par_1_12' title="bbox 387 751 716 788">
     <span class='ocr_line' id='line_1_12' title="bbox 387 751 716 788; baseline 0.006 -10"><span class='ocrx_word' id='word_1_124' title='bbox 387 751 561 779; x_wconf 74' lang='lat' dir='ltr'><strong>Da&#39;modocus</strong></span> <span class='ocrx_word' id='word_1_125' title='bbox 575 752 716 788; x_wconf 79' lang='lat' dir='ltr'><strong>Antigono.</strong></span> 
     </span>
    </p>
   </div>
   <div class='ocr_carea' id='block_1_13' title="bbox 827 751 1576 791">
    <p class='ocr_par' dir='ltr' id='par_1_13' title="bbox 1207 756 1576 791">
     <span class='ocr_line' id='line_1_13' title="bbox 1207 756 1576 791; baseline 0 -9"><span class='ocrx_word' id='word_1_126' title='bbox 1207 756 1386 791; x_wconf 71' lang='grc' dir='ltr'><strong>Δαιμόὸοπος</strong></span> <span class='ocrx_word' id='word_1_127' title='bbox 1410 757 1576 790; x_wconf 75' lang='grc' dir='ltr'><strong>Ἀντιγόνῳ.</strong></span> 
     </span>
    </p>
   </div>
   <div class='ocr_carea' id='block_1_14' title="bbox 193 807 942 848">
    <p class='ocr_par' dir='ltr' id='par_1_14' title="bbox 193 807 942 846">
     <span class='ocr_line' id='line_1_14' title="bbox 193 807 942 846; baseline 0.004 -11"><span class='ocrx_word' id='word_1_128' title='bbox 193 807 221 835; x_wconf 88' lang='lat' dir='ltr'><strong>Si</strong></span> <span class='ocrx_word' id='word_1_129' title='bbox 238 807 301 836; x_wconf 73' lang='lat' dir='ltr'><strong>vitae</strong></span> <span class='ocrx_word' id='word_1_130' title='bbox 318 807 433 844; x_wconf 70' lang='lat' dir='ltr'><strong>pignora</strong></span> <span class='ocrx_word' id='word_1_131' title='bbox 447 807 578 836; x_wconf 83' lang='lat' dir='ltr'><strong>Socrates</strong></span> <span class='ocrx_word' id='word_1_132' title='bbox 597 816 652 836; x_wconf 91' lang='lat' dir='ltr'><strong>non</strong></span> <span class='ocrx_word' id='word_1_133' title='bbox 666 809 800 844; x_wconf 81' lang='lat' dir='ltr'><strong>possidet,</strong></span> <span class='ocrx_word' id='word_1_134' title='bbox 818 811 942 846; x_wconf 62' lang='lat' dir='ltr'><strong>pit-dego-</strong></span> 
     </span>
    </p>
   </div>
   <div class='ocr_carea' id='block_1_15' title="bbox 1039 807 1788 848">
    <p class='ocr_par' dir='ltr' id='par_1_15' title="bbox 1039 811 1788 848">
     <span class='ocr_line' id='line_1_15' title="bbox 1039 811 1788 848; baseline 0.001 -11"><span class='ocrx_word' id='word_1_135' title='bbox 1039 812 1063 838; x_wconf 81' lang='lat' dir='ltr'><strong>Ei</strong></span> <span class='ocrx_word' id='word_1_136' title='bbox 1078 812 1116 847; x_wconf 85' lang='grc' dir='ltr'><strong>μὴ</strong></span> <span class='ocrx_word' id='word_1_137' title='bbox 1137 811 1193 847; x_wconf 71' lang='grc' dir='ltr'><strong>βίον</strong></span> <span class='ocrx_word' id='word_1_138' title='bbox 1213 812 1360 847; x_wconf 75' lang='grc' dir='ltr'><strong>Σωκράτης</strong></span> <span class='ocrx_word' id='word_1_139' title='bbox 1381 812 1497 848; x_wconf 65' lang='grc' dir='ltr'><strong>ἐνέχυρα</strong></span> <span class='ocrx_word' id='word_1_140' title='bbox 1524 813 1666 847; x_wconf 81' lang='grc' dir='ltr'><strong>κέκτηται,</strong></span> <span class='ocrx_word' id='word_1_141' title='bbox 1690 812 1788 839; x_wconf 80' lang='grc' dir='ltr'>παιδα-</span> 
     </span>
    </p>
   </div>
   <div class='ocr_carea' id='block_1_16' title="bbox 155 855 904 893">
    <p class='ocr_par' dir='ltr' id='par_1_16' title="bbox 155 855 900 892">
     <span class='ocr_line' id='line_1_16' title="bbox 155 855 900 892; baseline 0.004 -10"><span class='ocrx_word' id='word_1_142' title='bbox 155 862 206 888; x_wconf 69' lang='lat' dir='ltr'><strong>gus</strong></span> <span class='ocrx_word' id='word_1_143' title='bbox 226 855 274 882; x_wconf 83' lang='lat' dir='ltr'><strong>lilii</strong></span> <span class='ocrx_word' id='word_1_144' title='bbox 288 856 330 883; x_wconf 88' lang='lat' dir='ltr'><strong>tni</strong></span> <span class='ocrx_word' id='word_1_145' title='bbox 351 863 405 883; x_wconf 93' lang='lat' dir='ltr'><strong>non</strong></span> <span class='ocrx_word' id='word_1_146' title='bbox 420 855 618 883; x_wconf 81' lang='lat' dir='ltr'><strong>constituatur.</strong></span> <span class='ocrx_word' id='word_1_147' title='bbox 632 856 750 892; x_wconf 82' lang='lat' dir='ltr'><strong>Pignora</strong></span> <span class='ocrx_word' id='word_1_148' title='bbox 771 857 830 885; x_wconf 74' lang='lat' dir='ltr'><strong>vita:</strong></span> <span class='ocrx_word' id='word_1_149' title='bbox 845 858 900 886; x_wconf 84' lang='lat' dir='ltr'><strong>intc</strong></span> 
     </span>
    </p>
   </div>
   <div class='ocr_carea' id='block_1_17' title="bbox 1037 855 1786 893">
    <p class='ocr_par' dir='ltr' id='par_1_17' title="bbox 1037 857 1786 893">
     <span class='ocr_line' id='line_1_17' title="bbox 1037 857 1786 893; baseline 0.003 -10"><span class='ocrx_word' id='word_1_150' title='bbox 1037 857 1085 892; x_wconf 61' lang='grc' dir='ltr'>ηγὺς</span> <span class='ocrx_word' id='word_1_151' title='bbox 1098 857 1144 883; x_wconf 80' lang='grc' dir='ltr'><strong>τοῦ</strong></span> <span class='ocrx_word' id='word_1_152' title='bbox 1166 857 1213 884; x_wconf 82' lang='grc' dir='ltr'><strong>σοῦ</strong></span> <span class='ocrx_word' id='word_1_153' title='bbox 1233 858 1271 893; x_wconf 86' lang='grc' dir='ltr'><strong>μὴ</strong></span> <span class='ocrx_word' id='word_1_154' title='bbox 1295 858 1511 893; x_wconf 74' lang='grc' dir='ltr'><strong>προχειριζὲςοω</strong></span> <span class='ocrx_word' id='word_1_155' title='bbox 1533 858 1637 890; x_wconf 68' lang='grc' dir='ltr'><strong>παιδός.</strong></span> <span class='ocrx_word' id='word_1_156' title='bbox 1662 858 1786 893; x_wconf 82' lang='grc' dir='ltr'><strong>Ἐνέχυ-</strong></span> 
     </span>
    </p>
   </div>
   <div class='ocr_carea' id='block_1_18' title="bbox 155 901 904 940">
    <p class='ocr_par' dir='ltr' id='par_1_18' title="bbox 155 901 904 936">
     <span class='ocr_line' id='line_1_18' title="bbox 155 901 904 936; baseline 0.005 -9"><span class='ocrx_word' id='word_1_157' title='bbox 155 905 255 935; x_wconf 76' lang='lat' dir='ltr'><strong>gantur</strong></span> <span class='ocrx_word' id='word_1_158' title='bbox 267 901 325 929; x_wconf 79' lang='lat' dir='ltr'><strong>lilii.</strong></span> <span class='ocrx_word' id='word_1_159' title='bbox 342 901 428 935; x_wconf 83' lang='lat' dir='ltr'><strong>Quem</strong></span> <span class='ocrx_word' id='word_1_160' title='bbox 444 901 516 929; x_wconf 89' lang='lat' dir='ltr'><strong>enim</strong></span> <span class='ocrx_word' id='word_1_161' title='bbox 531 908 592 929; x_wconf 88' lang='lat' dir='ltr'><strong>esse</strong></span> <span class='ocrx_word' id='word_1_162' title='bbox 610 907 713 936; x_wconf 83' lang='lat' dir='ltr'><strong>patrem</strong></span> <span class='ocrx_word' id='word_1_163' title='bbox 727 907 825 930; x_wconf 86' lang='lat' dir='ltr'><strong>natura</strong></span> <span class='ocrx_word' id='word_1_164' title='bbox 840 903 904 931; x_wconf 73' lang='grc' dir='ltr'><strong>ᾶοει</strong></span> 
     </span>
    </p>
   </div>
   <div class='ocr_carea' id='block_1_19' title="bbox 1038 901 1787 940">
    <p class='ocr_par' dir='ltr' id='par_1_19' title="bbox 1050 903 1787 940">
     <span class='ocr_line' id='line_1_19' title="bbox 1050 903 1787 940; baseline 0.001 -10"><span class='ocrx_word' id='word_1_165' title='bbox 1050 903 1079 930; x_wconf 80' lang='grc' dir='ltr'><strong>δὲ</strong></span> <span class='ocrx_word' id='word_1_166' title='bbox 1093 903 1166 936; x_wconf 81' lang='grc' dir='ltr'><strong>βίου</strong></span> <span class='ocrx_word' id='word_1_167' title='bbox 1187 904 1283 936; x_wconf 81' lang='grc' dir='ltr'><strong>παῖδες</strong></span> <span class='ocrx_word' id='word_1_168' title='bbox 1296 904 1471 931; x_wconf 71' lang='grc' dir='ltr'><strong>νοεῖσθωσιν.</strong></span> <span class='ocrx_word' id='word_1_169' title='bbox 1489 905 1537 931; x_wconf 84' lang='grc' dir='ltr'><strong>’ον</strong></span> <span class='ocrx_word' id='word_1_170' title='bbox 1561 905 1615 940; x_wconf 73' lang='grc' dir='ltr'><strong>γὰρ</strong></span> <span class='ocrx_word' id='word_1_171' title='bbox 1640 903 1710 931; x_wconf 73' lang='grc' dir='ltr'>εἶναι</span> <span class='ocrx_word' id='word_1_172' title='bbox 1734 913 1787 931; x_wconf 78' lang='grc' dir='ltr'><strong>πα-</strong></span> 
     </span>
    </p>
   </div>
   <div class='ocr_carea' id='block_1_20' title="bbox 157 947 906 985">
    <p class='ocr_par' dir='ltr' id='par_1_20' title="bbox 157 947 906 985">
     <span class='ocr_line' id='line_1_20' title="bbox 157 947 906 985; baseline 0.005 -12"><span class='ocrx_word' id='word_1_173' title='bbox 157 947 230 974; x_wconf 83' lang='lat' dir='ltr'><strong>ininc</strong></span> <span class='ocrx_word' id='word_1_174' title='bbox 254 947 431 983; x_wconf 61' lang='lat' dir='ltr'><strong>pedagogum</strong></span> <span class='ocrx_word' id='word_1_175' title='bbox 446 954 519 980; x_wconf 84' lang='lat' dir='ltr'><strong>esse,</strong></span> <span class='ocrx_word' id='word_1_176' title='bbox 536 951 750 975; x_wconf 81' lang='lat' dir='ltr'><strong>consentaneum</strong></span> <span class='ocrx_word' id='word_1_177' title='bbox 768 953 810 977; x_wconf 89' lang='lat' dir='ltr'><strong>est</strong></span> <span class='ocrx_word' id='word_1_178' title='bbox 823 959 830 975; x_wconf 93' lang='lat'>:</span> <span class='ocrx_word' id='word_1_179' title='bbox 845 950 906 985; x_wconf 83' lang='lat' dir='ltr'><strong>quip</strong></span> 
     </span>
    </p>
   </div>
   <div class='ocr_carea' id='block_1_21' title="bbox 1037 947 1786 985">
    <p class='ocr_par' dir='ltr' id='par_1_21' title="bbox 1037 950 1786 984">
     <span class='ocr_line' id='line_1_21' title="bbox 1037 950 1786 984; baseline 0 -8"><span class='ocrx_word' id='word_1_180' title='bbox 1037 958 1062 976; x_wconf 68' lang='lat' dir='ltr'><strong>ia</strong></span> <span class='ocrx_word' id='word_1_181' title='bbox 1077 950 1159 984; x_wconf 74' lang='grc' dir='ltr'>φύσις</span> <span class='ocrx_word' id='word_1_182' title='bbox 1174 950 1289 983; x_wconf 67' lang='grc' dir='ltr'><strong>ἐδίδαξε,</strong></span> <span class='ocrx_word' id='word_1_183' title='bbox 1319 951 1414 977; x_wconf 76' lang='grc' dir='ltr'><strong>τοῦτον</strong></span> <span class='ocrx_word' id='word_1_184' title='bbox 1440 951 1488 978; x_wconf 75' lang='grc' dir='ltr'><strong>καὶ</strong></span> <span class='ocrx_word' id='word_1_185' title='bbox 1511 950 1686 984; x_wconf 72' lang='grc' dir='ltr'><strong>παιδαγωγόν</strong></span> <span class='ocrx_word' id='word_1_186' title='bbox 1711 951 1786 977; x_wconf 72' lang='grc' dir='ltr'><strong>ἐστιν</strong></span> 
     </span>
    </p>
   </div>
   <div class='ocr_carea' id='block_1_22' title="bbox 155 993 904 1032">
    <p class='ocr_par' dir='ltr' id='par_1_22' title="bbox 155 993 895 1030">
     <span class='ocr_line' id='line_1_22' title="bbox 155 993 895 1030; baseline 0.005 -10"><span class='ocrx_word' id='word_1_187' title='bbox 155 994 208 1030; x_wconf 61' lang='lat' dir='ltr'><strong>qui</strong></span> <span class='ocrx_word' id='word_1_188' title='bbox 227 993 395 1029; x_wconf 81' lang='lat' dir='ltr'><strong>experientia</strong></span> <span class='ocrx_word' id='word_1_189' title='bbox 413 993 490 1022; x_wconf 87' lang='lat' dir='ltr'><strong>novit</strong></span> <span class='ocrx_word' id='word_1_190' title='bbox 514 994 702 1029; x_wconf 72' lang='lat' dir='ltr'><strong>generationis</strong></span> <span class='ocrx_word' id='word_1_191' title='bbox 725 994 895 1024; x_wconf 73' lang='lat' dir='ltr'><strong>affectionem</strong></span> 
     </span>
    </p>
   </div>
   <div class='ocr_carea' id='block_1_23' title="bbox 1037 993 1786 1032">
    <p class='ocr_par' dir='ltr' id='par_1_23' title="bbox 1037 996 1786 1032">
     <span class='ocr_line' id='line_1_23' title="bbox 1037 996 1786 1032; baseline 0.001 -10"><span class='ocrx_word' id='word_1_192' title='bbox 1037 996 1164 1029; x_wconf 64' lang='grc' dir='ltr'><strong>ιόπιστον,</strong></span> <span class='ocrx_word' id='word_1_193' title='bbox 1178 997 1276 1030; x_wconf 73' lang='grc' dir='ltr'><strong>πεῖραν</strong></span> <span class='ocrx_word' id='word_1_194' title='bbox 1296 997 1466 1031; x_wconf 71' lang='grc' dir='ltr'><strong>μανθάνοντα</strong></span> <span class='ocrx_word' id='word_1_195' title='bbox 1482 997 1529 1024; x_wconf 77' lang='grc' dir='ltr'><strong>καὶ</strong></span> <span class='ocrx_word' id='word_1_196' title='bbox 1543 997 1678 1031; x_wconf 80' lang='grc' dir='ltr'><strong>γενέσεως</strong></span> <span class='ocrx_word' id='word_1_197' title='bbox 1692 997 1786 1032; x_wconf 80' lang='grc' dir='ltr'><strong>σχέσιν</strong></span> 
     </span>
    </p>
   </div>
   <div class='ocr_carea' id='block_1_24' title="bbox 156 1037 905 1077">
    <p class='ocr_par' dir='ltr' id='par_1_24' title="bbox 156 1037 399 1067">
     <span class='ocr_line' id='line_1_24' title="bbox 156 1037 399 1067; baseline 0.008 -2"><span class='ocrx_word' id='word_1_198' title='bbox 156 1037 260 1066; x_wconf 79' lang='lat' dir='ltr'><strong>amoris</strong></span> <span class='ocrx_word' id='word_1_199' title='bbox 277 1037 399 1067; x_wconf 72' lang='lat' dir='ltr'><strong>dolores.</strong></span> 
     </span>
    </p>
   </div>
   <div class='ocr_carea' id='block_1_25' title="bbox 606 1037 1355 1077">
    <p class='ocr_par' dir='ltr' id='par_1_25' title="bbox 998 1040 1355 1077">
     <span class='ocr_line' id='line_1_25' title="bbox 998 1040 1355 1077; baseline 0.003 -9"><span class='ocrx_word' id='word_1_200' title='bbox 998 1040 1044 1068; x_wconf 69' lang='grc' dir='ltr'><strong>καὶ</strong></span> <span class='ocrx_word' id='word_1_201' title='bbox 1064 1041 1182 1077; x_wconf 76' lang='grc' dir='ltr'><strong>στοργῆς</strong></span> <span class='ocrx_word' id='word_1_202' title='bbox 1196 1041 1355 1077; x_wconf 66' lang='grc' dir='ltr'><strong>ἀλγηδόνας.</strong></span> 
     </span>
    </p>
   </div>
   <div class='ocr_carea' id='block_1_26' title="bbox 850 1134 1084 1166">
    <p class='ocr_par' dir='ltr' id='par_1_26' title="bbox 850 1134 1084 1166">
     <span class='ocr_line' id='line_1_26' title="bbox 850 1134 1084 1166; baseline -0.004 0"><span class='ocrx_word' id='word_1_203' title='bbox 850 1134 994 1166; x_wconf 81' lang='lat' dir='ltr'><strong>SECTIO</strong></span> <span class='ocrx_word' id='word_1_204' title='bbox 1027 1136 1084 1166; x_wconf 71' lang='lat' dir='ltr'><strong>XI.</strong></span> 
     </span>
    </p>
   </div>
   <div class='ocr_carea' id='block_1_27' title="bbox 471 1199 1477 1239">
    <p class='ocr_par' dir='ltr' id='par_1_27' title="bbox 471 1199 1477 1239">
     <span class='ocr_line' id='line_1_27' title="bbox 471 1199 1477 1239; baseline 0 -9"><span class='ocrx_word' id='word_1_205' title='bbox 471 1200 515 1230; x_wconf 78' lang='lat' dir='ltr'><strong>De</strong></span> <span class='ocrx_word' id='word_1_206' title='bbox 529 1205 689 1239; x_wconf 74' lang='lat' dir='ltr'><strong>postrema</strong></span> <span class='ocrx_word' id='word_1_207' title='bbox 701 1205 792 1239; x_wconf 78' lang='lat' dir='ltr'><strong>parte</strong></span> <span class='ocrx_word' id='word_1_208' title='bbox 808 1199 944 1231; x_wconf 75' lang='lat' dir='ltr'><strong>humilia:</strong></span> <span class='ocrx_word' id='word_1_209' title='bbox 958 1199 1138 1237; x_wconf 77' lang='lat' dir='ltr'><strong>undecimae,</strong></span> <span class='ocrx_word' id='word_1_210' title='bbox 1148 1201 1187 1230; x_wconf 80' lang='lat' dir='ltr'><strong>In</strong></span> <span class='ocrx_word' id='word_1_211' title='bbox 1199 1201 1477 1231; x_wconf 77' lang='lat' dir='ltr'><strong>resurrectionem.</strong></span> 
     </span>
    </p>
   </div>
   <div class='ocr_carea' id='block_1_28' title="bbox 193 1260 1783 1300">
    <p class='ocr_par' dir='ltr' id='par_1_28' title="bbox 193 1260 1783 1300">
     <span class='ocr_line' id='line_1_28' title="bbox 193 1260 1783 1300; baseline -0.001 -10"><span class='ocrx_word' id='word_1_212' title='bbox 193 1260 306 1291; x_wconf 82' lang='lat' dir='ltr'><strong>XLIV.</strong></span> <span class='ocrx_word' id='word_1_213' title='bbox 323 1261 402 1298; x_wconf 69' lang='lat' dir='ltr'><strong>Qua)</strong></span> <span class='ocrx_word' id='word_1_214' title='bbox 417 1261 457 1292; x_wconf 89' lang='lat' dir='ltr'><strong>de</strong></span> <span class='ocrx_word' id='word_1_215' title='bbox 480 1261 539 1291; x_wconf 87' lang='lat' dir='ltr'><strong>hac</strong></span> <span class='ocrx_word' id='word_1_216' title='bbox 557 1265 717 1300; x_wconf 87' lang='lat' dir='ltr'><strong>postrema</strong></span> <span class='ocrx_word' id='word_1_217' title='bbox 740 1265 827 1300; x_wconf 90' lang='lat' dir='ltr'><strong>parte</strong></span> <span class='ocrx_word' id='word_1_218' title='bbox 854 1260 997 1291; x_wconf 73' lang='lat' dir='ltr'><strong>homilias</strong></span> <span class='ocrx_word' id='word_1_219' title='bbox 1019 1260 1255 1299; x_wconf 74' lang='lat' dir='ltr'><strong>&#39;l‘heophylacti</strong></span> <span class='ocrx_word' id='word_1_220' title='bbox 1280 1261 1414 1292; x_wconf 87' lang='lat' dir='ltr'><strong>dicenda</strong></span> <span class='ocrx_word' id='word_1_221' title='bbox 1435 1260 1487 1291; x_wconf 91' lang='lat' dir='ltr'><strong>hic</strong></span> <span class='ocrx_word' id='word_1_222' title='bbox 1513 1260 1590 1290; x_wconf 86' lang='lat' dir='ltr'><strong>mihi</strong></span> <span class='ocrx_word' id='word_1_223' title='bbox 1613 1260 1731 1296; x_wconf 79' lang='lat' dir='ltr'><strong>forent,</strong></span> <span class='ocrx_word' id='word_1_224' title='bbox 1748 1260 1783 1290; x_wconf 92' lang='lat' dir='ltr'><strong>in</strong></span> 
     </span>
    </p>
   </div>
   <div class='ocr_carea' id='block_1_29' title="bbox 153 1309 1784 1351">
    <p class='ocr_par' dir='ltr' id='par_1_29' title="bbox 153 1309 1784 1351">
     <span class='ocr_line' id='line_1_29' title="bbox 153 1309 1784 1351; baseline 0.001 -12"><span class='ocrx_word' id='word_1_225' title='bbox 153 1309 394 1342; x_wconf 86' lang='lat' dir='ltr'><strong>Dissertationis</strong></span> <span class='ocrx_word' id='word_1_226' title='bbox 415 1311 540 1350; x_wconf 66' lang='lat' dir='ltr'><strong>praevias</strong></span> <span class='ocrx_word' id='word_1_227' title='bbox 558 1320 648 1342; x_wconf 87' lang='lat' dir='ltr'><strong>num.</strong></span> <span class='ocrx_word' id='word_1_228' title='bbox 682 1312 705 1342; x_wconf 90' lang='lat' dir='ltr'><strong>L</strong></span> <span class='ocrx_word' id='word_1_229' title='bbox 725 1313 791 1351; x_wconf 86' lang='lat' dir='ltr'><strong>jam</strong></span> <span class='ocrx_word' id='word_1_230' title='bbox 820 1315 1039 1350; x_wconf 68' lang='lat' dir='ltr'><strong>prmoccnpata</strong></span> <span class='ocrx_word' id='word_1_231' title='bbox 1063 1310 1168 1341; x_wconf 86' lang='lat' dir='ltr'><strong>fuere.</strong></span> <span class='ocrx_word' id='word_1_232' title='bbox 1184 1311 1290 1347; x_wconf 84' lang='lat' dir='ltr'><strong>Quare</strong></span> <span class='ocrx_word' id='word_1_233' title='bbox 1315 1311 1367 1342; x_wconf 92' lang='lat' dir='ltr'><strong>hic</strong></span> <span class='ocrx_word' id='word_1_234' title='bbox 1394 1311 1500 1343; x_wconf 77' lang='lat' dir='ltr'><strong>soluat</strong></span> <span class='ocrx_word' id='word_1_235' title='bbox 1529 1311 1700 1345; x_wconf 82' lang='lat' dir='ltr'><strong>admoneo,</strong></span> <span class='ocrx_word' id='word_1_236' title='bbox 1730 1319 1784 1341; x_wconf 90' lang='lat' dir='ltr'><strong>me</strong></span> 
     </span>
    </p>
   </div>
   <div class='ocr_carea' id='block_1_30' title="bbox 153 1359 1783 1400">
    <p class='ocr_par' dir='ltr' id='par_1_30' title="bbox 153 1359 1783 1400">
     <span class='ocr_line' id='line_1_30' title="bbox 153 1359 1783 1400; baseline 0.001 -10"><span class='ocrx_word' id='word_1_237' title='bbox 153 1359 313 1400; x_wconf 85' lang='lat' dir='ltr'><strong>quidquid</strong></span> <span class='ocrx_word' id='word_1_238' title='bbox 331 1369 370 1391; x_wconf 85' lang='lat' dir='ltr'><strong>ex</strong></span> <span class='ocrx_word' id='word_1_239' title='bbox 387 1361 521 1392; x_wconf 85' lang='lat' dir='ltr'><strong>historia</strong></span> <span class='ocrx_word' id='word_1_240' title='bbox 544 1361 678 1392; x_wconf 86' lang='lat' dir='ltr'><strong>Eusebii</strong></span> <span class='ocrx_word' id='word_1_241' title='bbox 696 1361 878 1392; x_wconf 89' lang='lat' dir='ltr'><strong>derivatum</strong></span> <span class='ocrx_word' id='word_1_242' title='bbox 894 1361 928 1391; x_wconf 89' lang='lat' dir='ltr'><strong>in</strong></span> <span class='ocrx_word' id='word_1_243' title='bbox 950 1369 1018 1391; x_wconf 89' lang='lat' dir='ltr'><strong>eam</strong></span> <span class='ocrx_word' id='word_1_244' title='bbox 1035 1364 1096 1396; x_wconf 90' lang='lat' dir='ltr'><strong>est,</strong></span> <span class='ocrx_word' id='word_1_245' title='bbox 1113 1368 1184 1390; x_wconf 86' lang='lat' dir='ltr'><strong>eum</strong></span> <span class='ocrx_word' id='word_1_246' title='bbox 1201 1360 1339 1399; x_wconf 85' lang='lat' dir='ltr'><strong>ipsemet</strong></span> <span class='ocrx_word' id='word_1_247' title='bbox 1354 1359 1443 1392; x_wconf 82' lang='lat' dir='ltr'><strong>fonte</strong></span> <span class='ocrx_word' id='word_1_248' title='bbox 1460 1360 1649 1397; x_wconf 84' lang='lat' dir='ltr'><strong>contulisse,</strong></span> <span class='ocrx_word' id='word_1_249' title='bbox 1672 1369 1783 1400; x_wconf 89' lang='lat' dir='ltr'><strong>e0que</strong></span> 
     </span>
    </p>
   </div>
   <div class='ocr_carea' id='block_1_31' title="bbox 153 1410 1780 1451">
    <p class='ocr_par' dir='ltr' id='par_1_31' title="bbox 153 1410 1780 1451">
     <span class='ocr_line' id='line_1_31' title="bbox 153 1410 1780 1451; baseline 0.002 -11"><span class='ocrx_word' id='word_1_250' title='bbox 153 1410 216 1440; x_wconf 75' lang='lat' dir='ltr'><strong>t&#39;nei</strong></span> <span class='ocrx_word' id='word_1_251' title='bbox 232 1411 426 1450; x_wconf 80' lang='lat' dir='ltr'><strong>exemplaris</strong></span> <span class='ocrx_word' id='word_1_252' title='bbox 452 1411 623 1451; x_wconf 86' lang='lat' dir='ltr'><strong>supplesse</strong></span> <span class='ocrx_word' id='word_1_253' title='bbox 639 1411 797 1448; x_wconf 82' lang='lat' dir='ltr'><strong>defectus,</strong></span> <span class='ocrx_word' id='word_1_254' title='bbox 823 1415 920 1450; x_wconf 87' lang='lat' dir='ltr'><strong>atque</strong></span> <span class='ocrx_word' id='word_1_255' title='bbox 942 1411 1038 1441; x_wconf 86' lang='lat' dir='ltr'><strong>etiam</strong></span> <span class='ocrx_word' id='word_1_256' title='bbox 1064 1410 1222 1441; x_wconf 80' lang='lat' dir='ltr'><strong>variantes</strong></span> <span class='ocrx_word' id='word_1_257' title='bbox 1251 1411 1404 1442; x_wconf 87' lang='lat' dir='ltr'><strong>lectiones</strong></span> <span class='ocrx_word' id='word_1_258' title='bbox 1422 1411 1576 1450; x_wconf 83' lang='lat' dir='ltr'><strong>pauculas</strong></span> <span class='ocrx_word' id='word_1_259' title='bbox 1601 1411 1780 1443; x_wconf 82' lang='lat' dir='ltr'><strong>addidisse.</strong></span> 
     </span>
    </p>
   </div>
   <div class='ocr_carea' id='block_1_32' title="bbox 153 1458 1782 1500">
    <p class='ocr_par' dir='ltr' id='par_1_32' title="bbox 153 1458 1782 1500">
     <span class='ocr_line' id='line_1_32' title="bbox 153 1458 1782 1500; baseline 0.001 -9"><span class='ocrx_word' id='word_1_260' title='bbox 153 1460 261 1491; x_wconf 76' lang='lat' dir='ltr'><strong>Codex</strong></span> <span class='ocrx_word' id='word_1_261' title='bbox 277 1460 717 1497; x_wconf 60' lang='lat' dir='ltr'><strong>CaesaremVindobonensis,</strong></span> <span class='ocrx_word' id='word_1_262' title='bbox 733 1460 819 1490; x_wconf 86' lang='lat' dir='ltr'><strong>unde</strong></span> <span class='ocrx_word' id='word_1_263' title='bbox 834 1460 901 1491; x_wconf 68' lang='lat' dir='ltr'><strong>hinc</strong></span> <span class='ocrx_word' id='word_1_264' title='bbox 917 1458 1061 1490; x_wconf 64' lang='lat' dir='ltr'><strong>humilia:</strong></span> <span class='ocrx_word' id='word_1_265' title='bbox 1077 1460 1254 1491; x_wconf 70' lang='lat' dir='ltr'><strong>undecimae</strong></span> <span class='ocrx_word' id='word_1_266' title='bbox 1269 1468 1340 1496; x_wconf 88' lang='lat' dir='ltr'><strong>pars</strong></span> <span class='ocrx_word' id='word_1_267' title='bbox 1356 1461 1521 1499; x_wconf 82' lang='lat' dir='ltr'><strong>desumpta</strong></span> <span class='ocrx_word' id='word_1_268' title='bbox 1539 1465 1598 1497; x_wconf 86' lang='lat' dir='ltr'><strong>est,</strong></span> <span class='ocrx_word' id='word_1_269' title='bbox 1615 1461 1782 1500; x_wconf 76' lang='lat' dir='ltr'><strong>integrum</strong></span> 
     </span>
    </p>
   </div>
   <div class='ocr_carea' id='block_1_33' title="bbox 152 1509 1781 1548">
    <p class='ocr_par' dir='ltr' id='par_1_33' title="bbox 152 1509 1781 1548">
     <span class='ocr_line' id='line_1_33' title="bbox 152 1509 1781 1548; baseline -0.002 -7"><span class='ocrx_word' id='word_1_270' title='bbox 152 1511 296 1542; x_wconf 77' lang='lat' dir='ltr'><strong>continet</strong></span> <span class='ocrx_word' id='word_1_271' title='bbox 310 1510 549 1546; x_wconf 81' lang='lat' dir='ltr'><strong>Homiliarium,</strong></span> <span class='ocrx_word' id='word_1_272' title='bbox 565 1518 622 1540; x_wconf 91' lang='lat' dir='ltr'><strong>seu</strong></span> <span class='ocrx_word' id='word_1_273' title='bbox 642 1510 672 1539; x_wconf 89' lang='lat' dir='ltr'><strong>in</strong></span> <span class='ocrx_word' id='word_1_274' title='bbox 690 1509 790 1540; x_wconf 86' lang='lat' dir='ltr'><strong>totius</strong></span> <span class='ocrx_word' id='word_1_275' title='bbox 805 1509 882 1540; x_wconf 89' lang='lat' dir='ltr'><strong>anni</strong></span> <span class='ocrx_word' id='word_1_276' title='bbox 900 1509 1076 1548; x_wconf 81' lang='lat' dir='ltr'><strong>Evangelia</strong></span> <span class='ocrx_word' id='word_1_277' title='bbox 1092 1509 1258 1548; x_wconf 90' lang='lat' dir='ltr'><strong>decerptas</strong></span> <span class='ocrx_word' id='word_1_278' title='bbox 1275 1518 1312 1540; x_wconf 87' lang='lat' dir='ltr'><strong>ex</strong></span> <span class='ocrx_word' id='word_1_279' title='bbox 1338 1510 1436 1540; x_wconf 84' lang='lat' dir='ltr'><strong>variis</strong></span> <span class='ocrx_word' id='word_1_280' title='bbox 1452 1510 1599 1541; x_wconf 87' lang='lat' dir='ltr'><strong>Patribus</strong></span> <span class='ocrx_word' id='word_1_281' title='bbox 1615 1509 1781 1541; x_wconf 79' lang='lat' dir='ltr'><strong>homilias.</strong></span> 
     </span>
    </p>
   </div>
   <div class='ocr_carea' id='block_1_34' title="bbox 153 1557 1784 1599">
    <p class='ocr_par' dir='ltr' id='par_1_34' title="bbox 153 1557 1784 1599">
     <span class='ocr_line' id='line_1_34' title="bbox 153 1557 1784 1599; baseline -0.001 -9"><span class='ocrx_word' id='word_1_282' title='bbox 153 1561 200 1590; x_wconf 80' lang='lat' dir='ltr'><strong>Ex</strong></span> <span class='ocrx_word' id='word_1_283' title='bbox 216 1567 281 1598; x_wconf 84' lang='lat' dir='ltr'><strong>quo</strong></span> <span class='ocrx_word' id='word_1_284' title='bbox 299 1559 378 1589; x_wconf 81' lang='lat' dir='ltr'><strong>mihi</strong></span> <span class='ocrx_word' id='word_1_285' title='bbox 395 1559 487 1590; x_wconf 85' lang='lat' dir='ltr'><strong>valde</strong></span> <span class='ocrx_word' id='word_1_286' title='bbox 505 1557 688 1590; x_wconf 84' lang='lat' dir='ltr'><strong>verosi-miie</strong></span> <span class='ocrx_word' id='word_1_287' title='bbox 714 1558 758 1595; x_wconf 80' lang='lat' dir='ltr'><strong>tit,</strong></span> <span class='ocrx_word' id='word_1_288' title='bbox 787 1568 873 1596; x_wconf 89' lang='lat' dir='ltr'><strong>eum,</strong></span> <span class='ocrx_word' id='word_1_289' title='bbox 890 1559 945 1599; x_wconf 91' lang='lat' dir='ltr'><strong>qui</strong></span> <span class='ocrx_word' id='word_1_290' title='bbox 966 1560 1152 1598; x_wconf 70' lang='lat' dir='ltr'><strong>prmdietum</strong></span> <span class='ocrx_word' id='word_1_291' title='bbox 1172 1559 1376 1590; x_wconf 86' lang='lat' dir='ltr'><strong>concinnavit</strong></span> <span class='ocrx_word' id='word_1_292' title='bbox 1397 1560 1634 1597; x_wconf 83' lang='lat' dir='ltr'><strong>Homiliarium,</strong></span> <span class='ocrx_word' id='word_1_293' title='bbox 1653 1565 1784 1599; x_wconf 78' lang='lat' dir='ltr'><strong>postre-</strong></span> 
     </span>
    </p>
   </div>
   <div class='ocr_carea' id='block_1_35' title="bbox 153 1608 1782 1648">
    <p class='ocr_par' dir='ltr' id='par_1_35' title="bbox 153 1608 1782 1648">
     <span class='ocr_line' id='line_1_35' title="bbox 153 1608 1782 1648; baseline -0.001 -8"><span class='ocrx_word' id='word_1_294' title='bbox 153 1616 237 1640; x_wconf 79' lang='lat' dir='ltr'><strong>mam</strong></span> <span class='ocrx_word' id='word_1_295' title='bbox 256 1608 337 1640; x_wconf 88' lang='lat' dir='ltr'><strong>hanc</strong></span> <span class='ocrx_word' id='word_1_296' title='bbox 351 1609 495 1640; x_wconf 71' lang='lat' dir='ltr'><strong>homiliaa</strong></span> <span class='ocrx_word' id='word_1_297' title='bbox 510 1609 692 1640; x_wconf 63' lang='lat' dir='ltr'><strong>undecima;</strong></span> <span class='ocrx_word' id='word_1_298' title='bbox 715 1612 835 1648; x_wconf 87' lang='lat' dir='ltr'><strong>partem</strong></span> <span class='ocrx_word' id='word_1_299' title='bbox 852 1617 916 1640; x_wconf 88' lang='lat' dir='ltr'><strong>suo</strong></span> <span class='ocrx_word' id='word_1_300' title='bbox 929 1609 1092 1640; x_wconf 88' lang='lat' dir='ltr'><strong>addidisse</strong></span> <span class='ocrx_word' id='word_1_301' title='bbox 1107 1610 1271 1646; x_wconf 87' lang='lat' dir='ltr'><strong>arbitratu,</strong></span> <span class='ocrx_word' id='word_1_302' title='bbox 1296 1614 1332 1641; x_wconf 90' lang='lat' dir='ltr'><strong>ut</strong></span> <span class='ocrx_word' id='word_1_303' title='bbox 1347 1619 1490 1641; x_wconf 84' lang='lat' dir='ltr'><strong>errorem</strong></span> <span class='ocrx_word' id='word_1_304' title='bbox 1507 1609 1594 1648; x_wconf 70' lang='lat' dir='ltr'><strong>vulgi</strong></span> <span class='ocrx_word' id='word_1_305' title='bbox 1620 1610 1652 1639; x_wconf 87' lang='lat' dir='ltr'><strong>in</strong></span> <span class='ocrx_word' id='word_1_306' title='bbox 1678 1609 1782 1648; x_wconf 84' lang='lat' dir='ltr'><strong>patria</strong></span> 
     </span>
    </p>
   </div>
   <div class='ocr_carea' id='block_1_36' title="bbox 152 1658 1781 1699">
    <p class='ocr_par' dir='ltr' id='par_1_36' title="bbox 152 1658 1781 1699">
     <span class='ocr_line' id='line_1_36' title="bbox 152 1658 1781 1699; baseline 0 -9"><span class='ocrx_word' id='word_1_307' title='bbox 152 1667 211 1690; x_wconf 84' lang='lat' dir='ltr'><strong>sua</strong></span> <span class='ocrx_word' id='word_1_308' title='bbox 225 1658 324 1690; x_wconf 84' lang='lat' dir='ltr'><strong>nitnis</strong></span> <span class='ocrx_word' id='word_1_309' title='bbox 338 1658 420 1690; x_wconf 81' lang='lat' dir='ltr'><strong>forte</strong></span> <span class='ocrx_word' id='word_1_310' title='bbox 438 1660 598 1699; x_wconf 81' lang='lat' dir='ltr'><strong>vigentem</strong></span> <span class='ocrx_word' id='word_1_311' title='bbox 612 1659 651 1690; x_wconf 92' lang='lat' dir='ltr'><strong>de</strong></span> <span class='ocrx_word' id='word_1_312' title='bbox 666 1660 789 1690; x_wconf 81' lang='lat' dir='ltr'><strong>Joanne</strong></span> <span class='ocrx_word' id='word_1_313' title='bbox 805 1660 839 1691; x_wconf 87' lang='lat' dir='ltr'><strong>in</strong></span> <span class='ocrx_word' id='word_1_314' title='bbox 851 1659 914 1691; x_wconf 88' lang='lat' dir='ltr'><strong>vita</strong></span> <span class='ocrx_word' id='word_1_315' title='bbox 933 1660 1036 1691; x_wconf 86' lang='lat' dir='ltr'><strong>adhuc</strong></span> <span class='ocrx_word' id='word_1_316' title='bbox 1050 1661 1237 1699; x_wconf 86' lang='lat' dir='ltr'><strong>superstite,</strong></span> <span class='ocrx_word' id='word_1_317' title='bbox 1251 1661 1383 1691; x_wconf 91' lang='lat' dir='ltr'><strong>omnino</strong></span> <span class='ocrx_word' id='word_1_318' title='bbox 1397 1660 1521 1691; x_wconf 87' lang='lat' dir='ltr'><strong>tolleret</strong></span> <span class='ocrx_word' id='word_1_319' title='bbox 1538 1665 1569 1691; x_wconf 86' lang='lat' dir='ltr'><strong>et</strong></span> <span class='ocrx_word' id='word_1_320' title='bbox 1582 1659 1781 1690; x_wconf 81' lang='lat' dir='ltr'><strong>eliminaret.</strong></span> 
     </span>
    </p>
   </div>
   <div class='ocr_carea' id='block_1_37' title="bbox 152 1709 1781 1754">
    <p class='ocr_par' dir='ltr' id='par_1_37' title="bbox 152 1709 1781 1754">
     <span class='ocr_line' id='line_1_37' title="bbox 152 1709 1781 1754; baseline 0 -14"><span class='ocrx_word' id='word_1_321' title='bbox 152 1709 230 1740; x_wconf 72' lang='lat' dir='ltr'><strong>ideo</strong></span> <span class='ocrx_word' id='word_1_322' title='bbox 245 1713 353 1754; x_wconf 81' lang='lat' dir='ltr'><strong>autem</strong></span> <span class='ocrx_word' id='word_1_323' title='bbox 370 1718 456 1741; x_wconf 88' lang='lat' dir='ltr'><strong>nunc</strong></span> <span class='ocrx_word' id='word_1_324' title='bbox 467 1710 574 1741; x_wconf 86' lang='lat' dir='ltr'><strong>editur</strong></span> <span class='ocrx_word' id='word_1_325' title='bbox 585 1710 651 1740; x_wconf 60' lang='lat' dir='ltr'><strong>haec</strong></span> <span class='ocrx_word' id='word_1_326' title='bbox 667 1709 810 1741; x_wconf 86' lang='lat' dir='ltr'><strong>homiliae</strong></span> <span class='ocrx_word' id='word_1_327' title='bbox 819 1719 902 1750; x_wconf 87' lang='lat' dir='ltr'><strong>pars,</strong></span> <span class='ocrx_word' id='word_1_328' title='bbox 914 1711 988 1750; x_wconf 87' lang='lat' dir='ltr'><strong>quia</strong></span> <span class='ocrx_word' id='word_1_329' title='bbox 1006 1711 1216 1742; x_wconf 81' lang='lat' dir='ltr'><strong>constitutum</strong></span> <span class='ocrx_word' id='word_1_330' title='bbox 1236 1711 1328 1742; x_wconf 90' lang='lat' dir='ltr'><strong>nobis</strong></span> <span class='ocrx_word' id='word_1_331' title='bbox 1344 1716 1403 1745; x_wconf 85' lang='lat' dir='ltr'><strong>est.</strong></span> <span class='ocrx_word' id='word_1_332' title='bbox 1421 1710 1499 1742; x_wconf 86' lang='lat' dir='ltr'><strong>nihil</strong></span> <span class='ocrx_word' id='word_1_333' title='bbox 1515 1710 1548 1741; x_wconf 91' lang='lat' dir='ltr'><strong>in</strong></span> <span class='ocrx_word' id='word_1_334' title='bbox 1566 1710 1623 1741; x_wconf 88' lang='lat' dir='ltr'><strong>hac</strong></span> <span class='ocrx_word' id='word_1_335' title='bbox 1637 1709 1781 1741; x_wconf 82' lang='lat' dir='ltr'><strong>editione</strong></span> 
     </span>
    </p>
   </div>
   <div class='ocr_carea' id='block_1_38' title="bbox 154 1759 1124 1801">
    <p class='ocr_par' dir='ltr' id='par_1_38' title="bbox 154 1759 1124 1801">
     <span class='ocr_line' id='line_1_38' title="bbox 154 1759 1124 1801; baseline 0.004 -12"><span class='ocrx_word' id='word_1_336' title='bbox 154 1759 242 1797; x_wconf 81' lang='lat' dir='ltr'><strong>quod</strong></span> <span class='ocrx_word' id='word_1_337' title='bbox 261 1759 494 1800; x_wconf 75' lang='lat' dir='ltr'><strong>Theop-hylacti</strong></span> <span class='ocrx_word' id='word_1_338' title='bbox 514 1760 647 1793; x_wconf 86' lang='lat' dir='ltr'><strong>nomine</strong></span> <span class='ocrx_word' id='word_1_339' title='bbox 665 1760 857 1801; x_wconf 88' lang='lat' dir='ltr'><strong>inscriptum</strong></span> <span class='ocrx_word' id='word_1_340' title='bbox 874 1762 928 1799; x_wconf 89' lang='lat' dir='ltr'><strong>sit,</strong></span> <span class='ocrx_word' id='word_1_341' title='bbox 948 1763 1124 1801; x_wconf 72' lang='lat' dir='ltr'><strong>praeterire.</strong></span> 
     </span>
    </p>
   </div>
   <div class='ocr_carea' id='block_1_39' title="bbox 842 1825 1077 1856">
    <p class='ocr_par' dir='ltr' id='par_1_39' title="bbox 842 1825 1077 1856">
     <span class='ocr_line' id='line_1_39' title="bbox 842 1825 1077 1856; baseline -0.009 0"><span class='ocrx_word' id='word_1_342' title='bbox 842 1825 988 1856; x_wconf 82' lang='lat' dir='ltr'><strong>SECTlO</strong></span> <span class='ocrx_word' id='word_1_343' title='bbox 1005 1826 1077 1856; x_wconf 79' lang='grc' dir='ltr'><strong>ΧΠ.</strong></span> 
     </span>
    </p>
   </div>
   <div class='ocr_carea' id='block_1_40' title="bbox 319 1887 1608 1928">
    <p class='ocr_par' dir='ltr' id='par_1_40' title="bbox 319 1887 1608 1928">
     <span class='ocr_line' id='line_1_40' title="bbox 319 1887 1608 1928; baseline 0.002 -11"><span class='ocrx_word' id='word_1_344' title='bbox 319 1887 364 1917; x_wconf 83' lang='lat' dir='ltr'><strong>De</strong></span> <span class='ocrx_word' id='word_1_345' title='bbox 382 1887 611 1919; x_wconf 77' lang='lat' dir='ltr'><strong>Commentario</strong></span> <span class='ocrx_word' id='word_1_346' title='bbox 624 1889 658 1918; x_wconf 78' lang='lat' dir='ltr'><strong>in</strong></span> <span class='ocrx_word' id='word_1_347' title='bbox 671 1889 748 1919; x_wconf 80' lang='lat' dir='ltr'><strong>Acta</strong></span> <span class='ocrx_word' id='word_1_348' title='bbox 763 1889 979 1928; x_wconf 79' lang='lat' dir='ltr'><strong>apostolorum</strong></span> <span class='ocrx_word' id='word_1_349' title='bbox 996 1898 1036 1919; x_wconf 74' lang='lat' dir='ltr'><strong>ea:</strong></span> <span class='ocrx_word' id='word_1_350' title='bbox 1052 1887 1239 1919; x_wconf 81' lang='lat' dir='ltr'><strong>bibliotheca</strong></span> <span class='ocrx_word' id='word_1_351' title='bbox 1251 1888 1608 1920; x_wconf 63' lang='lat' dir='ltr'><strong>Florentino-Mediocri.</strong></span> 
     </span>
    </p>
   </div>
   <div class='ocr_carea' id='block_1_41' title="bbox 193 1947 1778 1989">
    <p class='ocr_par' dir='ltr' id='par_1_41' title="bbox 193 1947 1778 1989">
     <span class='ocr_line' id='line_1_41' title="bbox 193 1947 1778 1989; baseline 0.003 -11"><span class='ocrx_word' id='word_1_352' title='bbox 193 1947 289 1978; x_wconf 79' lang='lat' dir='ltr'><strong>XLV.</strong></span> <span class='ocrx_word' id='word_1_353' title='bbox 306 1948 540 1989; x_wconf 80' lang='lat' dir='ltr'><strong>TheOphylacti</strong></span> <span class='ocrx_word' id='word_1_354' title='bbox 558 1949 806 1981; x_wconf 82' lang='lat' dir='ltr'><strong>Commentarius</strong></span> <span class='ocrx_word' id='word_1_355' title='bbox 823 1950 856 1980; x_wconf 82' lang='lat' dir='ltr'><strong>in</strong></span> <span class='ocrx_word' id='word_1_356' title='bbox 875 1949 956 1980; x_wconf 83' lang='lat' dir='ltr'><strong>Acta</strong></span> <span class='ocrx_word' id='word_1_357' title='bbox 970 1949 1186 1988; x_wconf 74' lang='lat' dir='ltr'><strong>apostolorum</strong></span> <span class='ocrx_word' id='word_1_358' title='bbox 1203 1957 1220 1980; x_wconf 89' lang='lat' dir='ltr'><strong>a</strong></span> <span class='ocrx_word' id='word_1_359' title='bbox 1233 1949 1343 1980; x_wconf 78' lang='lat' dir='ltr'><strong>Silano</strong></span> <span class='ocrx_word' id='word_1_360' title='bbox 1359 1949 1467 1981; x_wconf 88' lang='lat' dir='ltr'><strong>editus</strong></span> <span class='ocrx_word' id='word_1_361' title='bbox 1481 1951 1562 1981; x_wconf 80' lang='lat' dir='ltr'><strong>adeo</strong></span> <span class='ocrx_word' id='word_1_362' title='bbox 1580 1959 1675 1982; x_wconf 88' lang='lat' dir='ltr'><strong>rarus</strong></span> <span class='ocrx_word' id='word_1_363' title='bbox 1698 1959 1778 1982; x_wconf 85' lang='lat' dir='ltr'><strong>eva-</strong></span> 
     </span>
    </p>
   </div>
   <div class='ocr_carea' id='block_1_42' title="bbox 151 1997 1778 2040">
    <p class='ocr_par' dir='ltr' id='par_1_42' title="bbox 151 1997 1778 2040">
     <span class='ocr_line' id='line_1_42' title="bbox 151 1997 1778 2040; baseline 0.002 -11"><span class='ocrx_word' id='word_1_364' title='bbox 151 1997 208 2035; x_wconf 75' lang='lat' dir='ltr'><strong>sit,</strong></span> <span class='ocrx_word' id='word_1_365' title='bbox 222 2001 257 2029; x_wconf 87' lang='lat' dir='ltr'><strong>ut</strong></span> <span class='ocrx_word' id='word_1_366' title='bbox 273 2007 345 2030; x_wconf 90' lang='lat' dir='ltr'><strong>cum</strong></span> <span class='ocrx_word' id='word_1_367' title='bbox 362 1999 518 2031; x_wconf 89' lang='lat' dir='ltr'><strong>editionis</strong></span> <span class='ocrx_word' id='word_1_368' title='bbox 534 1999 632 2039; x_wconf 87' lang='lat' dir='ltr'><strong>hujus</strong></span> <span class='ocrx_word' id='word_1_369' title='bbox 647 2004 812 2031; x_wconf 87' lang='lat' dir='ltr'><strong>curatores</strong></span> <span class='ocrx_word' id='word_1_370' title='bbox 827 2008 902 2031; x_wconf 89' lang='lat' dir='ltr'><strong>eum</strong></span> <span class='ocrx_word' id='word_1_371' title='bbox 920 2000 975 2030; x_wconf 90' lang='lat' dir='ltr'><strong>diu</strong></span> <span class='ocrx_word' id='word_1_372' title='bbox 995 1999 1238 2038; x_wconf 74' lang='lat' dir='ltr'><strong>qumsivissent,</strong></span> <span class='ocrx_word' id='word_1_373' title='bbox 1258 1999 1406 2031; x_wconf 86' lang='lat' dir='ltr'><strong>invenire</strong></span> <span class='ocrx_word' id='word_1_374' title='bbox 1423 1999 1538 2030; x_wconf 91' lang='lat' dir='ltr'><strong>nullibi</strong></span> <span class='ocrx_word' id='word_1_375' title='bbox 1555 2001 1699 2032; x_wconf 84' lang='lat' dir='ltr'><strong>venalem</strong></span> <span class='ocrx_word' id='word_1_376' title='bbox 1719 2011 1778 2040; x_wconf 87' lang='lat' dir='ltr'><strong>po-</strong></span> 
     </span>
    </p>
   </div>
   <div class='ocr_carea' id='block_1_43' title="bbox 153 2047 1779 2090">
    <p class='ocr_par' dir='ltr' id='par_1_43' title="bbox 153 2047 1779 2090">
     <span class='ocr_line' id='line_1_43' title="bbox 153 2047 1779 2090; baseline 0.003 -13"><span class='ocrx_word' id='word_1_377' title='bbox 153 2047 287 2078; x_wconf 91' lang='lat' dir='ltr'><strong>tuerint.</strong></span> <span class='ocrx_word' id='word_1_378' title='bbox 311 2047 404 2084; x_wconf 88' lang='lat' dir='ltr'><strong>Quod</strong></span> <span class='ocrx_word' id='word_1_379' title='bbox 428 2048 456 2078; x_wconf 92' lang='lat' dir='ltr'><strong>si</strong></span> <span class='ocrx_word' id='word_1_380' title='bbox 480 2057 555 2079; x_wconf 86' lang='lat' dir='ltr'><strong>eum</strong></span> <span class='ocrx_word' id='word_1_381' title='bbox 582 2048 756 2088; x_wconf 82' lang='lat' dir='ltr'><strong>aliquando</strong></span> <span class='ocrx_word' id='word_1_382' title='bbox 781 2049 865 2080; x_wconf 89' lang='lat' dir='ltr'><strong>nacti</strong></span> <span class='ocrx_word' id='word_1_383' title='bbox 879 2053 968 2086; x_wconf 92' lang='lat' dir='ltr'><strong>sunt,</strong></span> <span class='ocrx_word' id='word_1_384' title='bbox 985 2057 1024 2079; x_wconf 84' lang='lat' dir='ltr'><strong>ex</strong></span> <span class='ocrx_word' id='word_1_385' title='bbox 1041 2049 1166 2083; x_wconf 64' lang='lat' dir='ltr'><strong>Graecia</strong></span> <span class='ocrx_word' id='word_1_386' title='bbox 1192 2049 1315 2089; x_wconf 89' lang='lat' dir='ltr'><strong>duplici</strong></span> <span class='ocrx_word' id='word_1_387' title='bbox 1343 2050 1498 2081; x_wconf 86' lang='lat' dir='ltr'><strong>editionis</strong></span> <span class='ocrx_word' id='word_1_388' title='bbox 1518 2050 1614 2090; x_wconf 86' lang='lat' dir='ltr'><strong>hujus</strong></span> <span class='ocrx_word' id='word_1_389' title='bbox 1642 2059 1779 2089; x_wconf 84' lang='lat' dir='ltr'><strong>corpore</strong></span> 
     </span>
    </p>
   </div>
   <div class='ocr_carea' id='block_1_44' title="bbox 151 2099 1777 2140">
    <p class='ocr_par' dir='ltr' id='par_1_44' title="bbox 151 2099 1777 2140">
     <span class='ocr_line' id='line_1_44' title="bbox 151 2099 1777 2140; baseline 0.001 -11"><span class='ocrx_word' id='word_1_390' title='bbox 151 2101 416 2129; x_wconf 80' lang='lat' dir='ltr'><strong>commutannum</strong></span> <span class='ocrx_word' id='word_1_391' title='bbox 434 2103 637 2138; x_wconf 87' lang='lat' dir='ltr'><strong>receperunt.</strong></span> <span class='ocrx_word' id='word_1_392' title='bbox 653 2100 780 2131; x_wconf 82' lang='lat' dir='ltr'><strong>interea</strong></span> <span class='ocrx_word' id='word_1_393' title='bbox 795 2099 871 2130; x_wconf 89' lang='lat' dir='ltr'><strong>dum</strong></span> <span class='ocrx_word' id='word_1_394' title='bbox 884 2099 1009 2139; x_wconf 87' lang='lat' dir='ltr'><strong>jamdiu</strong></span> <span class='ocrx_word' id='word_1_395' title='bbox 1026 2108 1296 2139; x_wconf 85' lang='lat' dir='ltr'><strong>supervacaneam</strong></span> <span class='ocrx_word' id='word_1_396' title='bbox 1314 2101 1418 2131; x_wconf 90' lang='lat' dir='ltr'><strong>eidem</strong></span> <span class='ocrx_word' id='word_1_397' title='bbox 1431 2100 1673 2140; x_wconf 88' lang='lat' dir='ltr'><strong>quomodolibet</strong></span> <span class='ocrx_word' id='word_1_398' title='bbox 1686 2109 1777 2132; x_wconf 86' lang='lat' dir='ltr'><strong>com-</strong></span> 
     </span>
    </p>
   </div>
   <div class='ocr_carea' id='block_1_45' title="bbox 153 2147 1779 2193">
    <p class='ocr_par' dir='ltr' id='par_1_45' title="bbox 153 2147 1779 2193">
     <span class='ocr_line' id='line_1_45' title="bbox 153 2147 1779 2193; baseline 0.002 -16"><span class='ocrx_word' id='word_1_399' title='bbox 153 2149 294 2187; x_wconf 81' lang='lat' dir='ltr'><strong>parando</strong></span> <span class='ocrx_word' id='word_1_400' title='bbox 309 2152 480 2178; x_wconf 84' lang='lat' dir='ltr'><strong>navassent</strong></span> <span class='ocrx_word' id='word_1_401' title='bbox 495 2156 638 2187; x_wconf 88' lang='lat' dir='ltr'><strong>operam,</strong></span> <span class='ocrx_word' id='word_1_402' title='bbox 656 2149 762 2188; x_wconf 87' lang='lat' dir='ltr'><strong>deque</strong></span> <span class='ocrx_word' id='word_1_403' title='bbox 774 2148 866 2179; x_wconf 84' lang='lat' dir='ltr'><strong>exitu</strong></span> <span class='ocrx_word' id='word_1_404' title='bbox 878 2147 998 2193; x_wconf 80' lang='lat' dir='ltr'><strong>negplii</strong></span> <span class='ocrx_word' id='word_1_405' title='bbox 1012 2148 1110 2187; x_wconf 84' lang='lat' dir='ltr'><strong>hujus</strong></span> <span class='ocrx_word' id='word_1_406' title='bbox 1122 2148 1281 2179; x_wconf 70' lang='lat' dir='ltr'><strong>haererent</strong></span> <span class='ocrx_word' id='word_1_407' title='bbox 1297 2148 1424 2186; x_wconf 89' lang='lat' dir='ltr'><strong>incerti,</strong></span> <span class='ocrx_word' id='word_1_408' title='bbox 1441 2149 1475 2180; x_wconf 89' lang='lat' dir='ltr'><strong>in</strong></span> <span class='ocrx_word' id='word_1_409' title='bbox 1493 2158 1563 2180; x_wconf 87' lang='lat' dir='ltr'><strong>eam</strong></span> <span class='ocrx_word' id='word_1_410' title='bbox 1582 2151 1779 2180; x_wconf 84' lang='lat' dir='ltr'><strong>sententiam</strong></span> 
     </span>
    </p>
   </div>
   <div class='ocr_carea' id='block_1_46' title="bbox 149 2195 1778 2236">
    <p class='ocr_par' dir='ltr' id='par_1_46' title="bbox 149 2195 1778 2236">
     <span class='ocr_line' id='line_1_46' title="bbox 149 2195 1778 2236; baseline 0.001 -8"><span class='ocrx_word' id='word_1_411' title='bbox 149 2200 283 2228; x_wconf 86' lang='lat' dir='ltr'><strong>ventum</strong></span> <span class='ocrx_word' id='word_1_412' title='bbox 302 2200 362 2232; x_wconf 82' lang='lat' dir='ltr'><strong>est,</strong></span> <span class='ocrx_word' id='word_1_413' title='bbox 383 2199 416 2226; x_wconf 90' lang='lat' dir='ltr'><strong>ut</strong></span> <span class='ocrx_word' id='word_1_414' title='bbox 431 2195 500 2235; x_wconf 87' lang='lat' dir='ltr'><strong>ejus</strong></span> <span class='ocrx_word' id='word_1_415' title='bbox 514 2196 747 2236; x_wconf 76' lang='lat' dir='ltr'><strong>apographum,</strong></span> <span class='ocrx_word' id='word_1_416' title='bbox 763 2195 820 2236; x_wconf 91' lang='lat' dir='ltr'><strong>qui</strong></span> <span class='ocrx_word' id='word_1_417' title='bbox 835 2196 869 2226; x_wconf 90' lang='lat' dir='ltr'><strong>in</strong></span> <span class='ocrx_word' id='word_1_418' title='bbox 892 2195 1083 2228; x_wconf 87' lang='lat' dir='ltr'><strong>Florentino</strong></span> <span class='ocrx_word' id='word_1_419' title='bbox 1101 2197 1210 2228; x_wconf 90' lang='lat' dir='ltr'><strong>codice</strong></span> <span class='ocrx_word' id='word_1_420' title='bbox 1223 2197 1383 2235; x_wconf 90' lang='lat' dir='ltr'><strong>reperitur</strong></span> <span class='ocrx_word' id='word_1_421' title='bbox 1399 2198 1601 2229; x_wconf 82' lang='lat' dir='ltr'><strong>bibliothecae</strong></span> <span class='ocrx_word' id='word_1_422' title='bbox 1615 2199 1778 2230; x_wconf 75' lang='lat' dir='ltr'><strong>Mediceo-</strong></span> 
     </span>
    </p>
   </div>
   <div class='ocr_carea' id='block_1_47' title="bbox 151 2246 1777 2287">
    <p class='ocr_par' dir='ltr' id='par_1_47' title="bbox 151 2246 1777 2287">
     <span class='ocr_line' id='line_1_47' title="bbox 151 2246 1777 2287; baseline 0.001 -10"><span class='ocrx_word' id='word_1_423' title='bbox 151 2246 389 2282; x_wconf 75' lang='lat' dir='ltr'><strong>Laurentianae,</strong></span> <span class='ocrx_word' id='word_1_424' title='bbox 406 2255 569 2287; x_wconf 89' lang='lat' dir='ltr'><strong>quemque</strong></span> <span class='ocrx_word' id='word_1_425' title='bbox 583 2247 825 2286; x_wconf 85' lang='lat' dir='ltr'><strong>Theophylacto</strong></span> <span class='ocrx_word' id='word_1_426' title='bbox 836 2246 967 2277; x_wconf 88' lang='lat' dir='ltr'><strong>ascribit</strong></span> <span class='ocrx_word' id='word_1_427' title='bbox 982 2246 1251 2278; x_wconf 83' lang='lat' dir='ltr'><strong>Montefalconius</strong></span> <span class='ocrx_word' id='word_1_428' title='bbox 1267 2247 1302 2278; x_wconf 89' lang='lat' dir='ltr'><strong>in</strong></span> <span class='ocrx_word' id='word_1_429' title='bbox 1319 2256 1377 2278; x_wconf 90' lang='lat' dir='ltr'><strong>sua</strong></span> <span class='ocrx_word' id='word_1_430' title='bbox 1398 2248 1595 2280; x_wconf 78' lang='lat' dir='ltr'><strong>Bibliotheca</strong></span> <span class='ocrx_word' id='word_1_431' title='bbox 1607 2248 1777 2280; x_wconf 78' lang='lat' dir='ltr'><strong>bibliothe-</strong></span> 
     </span>
    </p>
   </div>
   <div class='ocr_carea' id='block_1_48' title="bbox 151 2297 1777 2341">
    <p class='ocr_par' dir='ltr' id='par_1_48' title="bbox 151 2297 1777 2341">
     <span class='ocr_line' id='line_1_48' title="bbox 151 2297 1777 2341; baseline 0.001 -13"><span class='ocrx_word' id='word_1_432' title='bbox 151 2306 272 2335; x_wconf 86' lang='lat' dir='ltr'><strong>carum,</strong></span> <span class='ocrx_word' id='word_1_433' title='bbox 287 2297 348 2328; x_wconf 83' lang='lat' dir='ltr'><strong>sibi</strong></span> <span class='ocrx_word' id='word_1_434' title='bbox 370 2299 607 2337; x_wconf 89' lang='lat' dir='ltr'><strong>procurandum</strong></span> <span class='ocrx_word' id='word_1_435' title='bbox 627 2297 856 2334; x_wconf 80' lang='lat' dir='ltr'><strong>existimarint,</strong></span> <span class='ocrx_word' id='word_1_436' title='bbox 873 2297 943 2334; x_wconf 88' lang='lat' dir='ltr'><strong>rati,</strong></span> <span class='ocrx_word' id='word_1_437' title='bbox 962 2298 1111 2341; x_wconf 79' lang='lat' dir='ltr'><strong>eumdem</strong></span> <span class='ocrx_word' id='word_1_438' title='bbox 1127 2297 1259 2329; x_wconf 87' lang='lat' dir='ltr'><strong>omnino</strong></span> <span class='ocrx_word' id='word_1_439' title='bbox 1274 2307 1345 2330; x_wconf 91' lang='lat' dir='ltr'><strong>esse</strong></span> <span class='ocrx_word' id='word_1_440' title='bbox 1361 2308 1433 2330; x_wconf 92' lang='lat' dir='ltr'><strong>cum</strong></span> <span class='ocrx_word' id='word_1_441' title='bbox 1447 2308 1484 2330; x_wconf 92' lang='lat' dir='ltr'><strong>eo</strong></span> <span class='ocrx_word' id='word_1_442' title='bbox 1501 2299 1558 2339; x_wconf 92' lang='lat' dir='ltr'><strong>qui</strong></span> <span class='ocrx_word' id='word_1_443' title='bbox 1574 2301 1679 2331; x_wconf 86' lang='lat' dir='ltr'><strong>editus</strong></span> <span class='ocrx_word' id='word_1_444' title='bbox 1694 2309 1710 2330; x_wconf 93' lang='lat' dir='ltr'><strong>a</strong></span> <span class='ocrx_word' id='word_1_445' title='bbox 1728 2301 1777 2331; x_wconf 74' lang='lat' dir='ltr'><strong>Si-</strong></span> 
     </span>
    </p>
   </div>
   <div class='ocr_carea' id='block_1_49' title="bbox 149 2350 1775 2390">
    <p class='ocr_par' dir='ltr' id='par_1_49' title="bbox 149 2350 1775 2390">
     <span class='ocr_line' id='line_1_49' title="bbox 149 2350 1775 2390; baseline 0 -10"><span class='ocrx_word' id='word_1_446' title='bbox 149 2350 226 2381; x_wconf 81' lang='lat' dir='ltr'><strong>fano</strong></span> <span class='ocrx_word' id='word_1_447' title='bbox 245 2354 293 2381; x_wconf 89' lang='lat' dir='ltr'><strong>est</strong></span> <span class='ocrx_word' id='word_1_448' title='bbox 310 2361 317 2380; x_wconf 88' lang='lat'><strong>:</strong></span> <span class='ocrx_word' id='word_1_449' title='bbox 337 2354 434 2390; x_wconf 86' lang='lat' dir='ltr'><strong>atque</strong></span> <span class='ocrx_word' id='word_1_450' title='bbox 450 2351 542 2388; x_wconf 89' lang='lat' dir='ltr'><strong>adeo,</strong></span> <span class='ocrx_word' id='word_1_451' title='bbox 556 2350 717 2390; x_wconf 91' lang='lat' dir='ltr'><strong>quidquid</strong></span> <span class='ocrx_word' id='word_1_452' title='bbox 734 2350 864 2381; x_wconf 89' lang='lat' dir='ltr'><strong>demum</strong></span> <span class='ocrx_word' id='word_1_453' title='bbox 884 2350 1064 2387; x_wconf 79' lang='lat' dir='ltr'><strong>accidisset,</strong></span> <span class='ocrx_word' id='word_1_454' title='bbox 1082 2351 1241 2381; x_wconf 86' lang='lat' dir='ltr'><strong>variantes</strong></span> <span class='ocrx_word' id='word_1_455' title='bbox 1255 2350 1365 2382; x_wconf 81' lang='lat' dir='ltr'><strong>saltem</strong></span> <span class='ocrx_word' id='word_1_456' title='bbox 1383 2351 1550 2387; x_wconf 88' lang='lat' dir='ltr'><strong>lectiones,</strong></span> <span class='ocrx_word' id='word_1_457' title='bbox 1567 2354 1662 2390; x_wconf 86' lang='lat' dir='ltr'><strong>atque</strong></span> <span class='ocrx_word' id='word_1_458' title='bbox 1678 2350 1775 2380; x_wconf 89' lang='lat' dir='ltr'><strong>etiam</strong></span> 
     </span>
    </p>
   </div>
   <div class='ocr_carea' id='block_1_50' title="bbox 154 2400 1774 2441">
    <p class='ocr_par' dir='ltr' id='par_1_50' title="bbox 154 2400 1774 2441">
     <span class='ocr_line' id='line_1_50' title="bbox 154 2400 1774 2441; baseline 0.001 -11"><span class='ocrx_word' id='word_1_459' title='bbox 154 2401 393 2432; x_wconf 76' lang='lat' dir='ltr'><strong>correctionum</strong></span> <span class='ocrx_word' id='word_1_460' title='bbox 409 2400 556 2431; x_wconf 85' lang='lat' dir='ltr'><strong>subsidia</strong></span> <span class='ocrx_word' id='word_1_461' title='bbox 576 2400 871 2439; x_wconf 84' lang='lat' dir='ltr'><strong>suppeditaturum.</strong></span> <span class='ocrx_word' id='word_1_462' title='bbox 889 2402 927 2432; x_wconf 86' lang='lat' dir='ltr'><strong>At</strong></span> <span class='ocrx_word' id='word_1_463' title='bbox 946 2409 1009 2432; x_wconf 88' lang='lat' dir='ltr'><strong>non</strong></span> <span class='ocrx_word' id='word_1_464' title='bbox 1026 2401 1067 2432; x_wconf 87' lang='lat' dir='ltr'><strong>ita</strong></span> <span class='ocrx_word' id='word_1_465' title='bbox 1083 2410 1133 2432; x_wconf 92' lang='lat' dir='ltr'><strong>res</strong></span> <span class='ocrx_word' id='word_1_466' title='bbox 1148 2402 1257 2433; x_wconf 90' lang='lat' dir='ltr'><strong>cessit.</strong></span> <span class='ocrx_word' id='word_1_467' title='bbox 1275 2402 1320 2432; x_wconf 88' lang='lat' dir='ltr'><strong>Eo</strong></span> <span class='ocrx_word' id='word_1_468' title='bbox 1335 2401 1422 2432; x_wconf 88' lang='lat' dir='ltr'><strong>enim</strong></span> <span class='ocrx_word' id='word_1_469' title='bbox 1437 2401 1621 2441; x_wconf 82' lang='lat' dir='ltr'><strong>apographo</strong></span> <span class='ocrx_word' id='word_1_470' title='bbox 1637 2401 1774 2432; x_wconf 87' lang='lat' dir='ltr'><strong>Floren-</strong></span> 
     </span>
    </p>
   </div>
   <div class='ocr_carea' id='block_1_51' title="bbox 151 2449 1775 2491">
    <p class='ocr_par' dir='ltr' id='par_1_51' title="bbox 151 2449 1775 2491">
     <span class='ocr_line' id='line_1_51' title="bbox 151 2449 1775 2491; baseline 0.002 -12"><span class='ocrx_word' id='word_1_471' title='bbox 151 2449 193 2480; x_wconf 91' lang='lat' dir='ltr'><strong>tia</strong></span> <span class='ocrx_word' id='word_1_472' title='bbox 209 2449 302 2480; x_wconf 91' lang='lat' dir='ltr'><strong>nobis</strong></span> <span class='ocrx_word' id='word_1_473' title='bbox 319 2449 428 2487; x_wconf 90' lang='lat' dir='ltr'><strong>allato,</strong></span> <span class='ocrx_word' id='word_1_474' title='bbox 447 2450 586 2489; x_wconf 88' lang='lat' dir='ltr'><strong>primum</strong></span> <span class='ocrx_word' id='word_1_475' title='bbox 613 2450 728 2481; x_wconf 85' lang='lat' dir='ltr'><strong>turbati</strong></span> <span class='ocrx_word' id='word_1_476' title='bbox 746 2459 859 2482; x_wconf 85' lang='lat' dir='ltr'><strong>sumus</strong></span> <span class='ocrx_word' id='word_1_477' title='bbox 877 2452 1000 2482; x_wconf 88' lang='lat' dir='ltr'><strong>nullam</strong></span> <span class='ocrx_word' id='word_1_478' title='bbox 1015 2451 1049 2482; x_wconf 92' lang='lat' dir='ltr'><strong>in</strong></span> <span class='ocrx_word' id='word_1_479' title='bbox 1071 2459 1110 2482; x_wconf 94' lang='lat' dir='ltr'><strong>eo</strong></span> <span class='ocrx_word' id='word_1_480' title='bbox 1126 2451 1329 2482; x_wconf 82' lang='lat' dir='ltr'><strong>invenientes</strong></span> <span class='ocrx_word' id='word_1_481' title='bbox 1356 2451 1565 2491; x_wconf 82' lang='lat' dir='ltr'><strong>epigraphen,</strong></span> <span class='ocrx_word' id='word_1_482' title='bbox 1584 2461 1646 2491; x_wconf 88' lang='lat' dir='ltr'><strong>qua</strong></span> <span class='ocrx_word' id='word_1_483' title='bbox 1669 2452 1775 2484; x_wconf 84' lang='lat' dir='ltr'><strong>Theo—</strong></span> 
     </span>
    </p>
   </div>
   <div class='ocr_carea' id='block_1_52' title="bbox 151 2500 1775 2541">
    <p class='ocr_par' dir='ltr' id='par_1_52' title="bbox 151 2500 1775 2541">
     <span class='ocr_line' id='line_1_52' title="bbox 151 2500 1775 2541; baseline 0.002 -9"><span class='ocrx_word' id='word_1_484' title='bbox 151 2501 298 2541; x_wconf 83' lang='lat' dir='ltr'><strong>phylacto</strong></span> <span class='ocrx_word' id='word_1_485' title='bbox 318 2500 529 2540; x_wconf 81' lang='lat' dir='ltr'><strong>Bulgarorum</strong></span> <span class='ocrx_word' id='word_1_486' title='bbox 547 2500 794 2541; x_wconf 82' lang='lat' dir='ltr'><strong>archiepiscopo</strong></span> <span class='ocrx_word' id='word_1_487' title='bbox 807 2502 1040 2538; x_wconf 88' lang='lat' dir='ltr'><strong>ascriberetur,</strong></span> <span class='ocrx_word' id='word_1_488' title='bbox 1058 2503 1178 2534; x_wconf 86' lang='lat' dir='ltr'><strong>deinde</strong></span> <span class='ocrx_word' id='word_1_489' title='bbox 1195 2511 1268 2533; x_wconf 89' lang='lat' dir='ltr'><strong>eum</strong></span> <span class='ocrx_word' id='word_1_490' title='bbox 1286 2503 1380 2533; x_wconf 91' lang='lat' dir='ltr'><strong>nobis</strong></span> <span class='ocrx_word' id='word_1_491' title='bbox 1393 2503 1619 2534; x_wconf 87' lang='lat' dir='ltr'><strong>evolventibus</strong></span> <span class='ocrx_word' id='word_1_492' title='bbox 1646 2504 1775 2535; x_wconf 86' lang='lat' dir='ltr'><strong>nullum</strong></span> 
     </span>
    </p>
   </div>
   <div class='ocr_carea' id='block_1_53' title="bbox 150 2550 1777 2592">
    <p class='ocr_par' dir='ltr' id='par_1_53' title="bbox 150 2550 1777 2592">
     <span class='ocr_line' id='line_1_53' title="bbox 150 2550 1777 2592; baseline 0.002 -10"><span class='ocrx_word' id='word_1_493' title='bbox 150 2553 300 2592; x_wconf 88' lang='lat' dir='ltr'><strong>apparuit</strong></span> <span class='ocrx_word' id='word_1_494' title='bbox 323 2551 496 2585; x_wconf 88' lang='lat' dir='ltr'><strong>indicium,</strong></span> <span class='ocrx_word' id='word_1_495' title='bbox 525 2558 582 2580; x_wconf 86' lang='lat' dir='ltr'><strong>t-ur</strong></span> <span class='ocrx_word' id='word_1_496' title='bbox 598 2550 790 2583; x_wconf 87' lang='lat' dir='ltr'><strong>tribuendus</strong></span> <span class='ocrx_word' id='word_1_497' title='bbox 805 2551 1046 2592; x_wconf 84' lang='lat' dir='ltr'><strong>Theophylacto</strong></span> <span class='ocrx_word' id='word_1_498' title='bbox 1062 2556 1147 2583; x_wconf 89' lang='lat' dir='ltr'><strong>esset</strong></span> <span class='ocrx_word' id='word_1_499' title='bbox 1165 2564 1172 2583; x_wconf 92' lang='lat'><strong>:</strong></span> <span class='ocrx_word' id='word_1_500' title='bbox 1186 2553 1332 2592; x_wconf 86' lang='lat' dir='ltr'><strong>adeoque</strong></span> <span class='ocrx_word' id='word_1_501' title='bbox 1346 2551 1454 2583; x_wconf 89' lang='lat' dir='ltr'><strong>mirari</strong></span> <span class='ocrx_word' id='word_1_502' title='bbox 1467 2553 1634 2592; x_wconf 72' lang='lat' dir='ltr'><strong>cmpimus,</strong></span> <span class='ocrx_word' id='word_1_503' title='bbox 1651 2562 1668 2584; x_wconf 92' lang='lat' dir='ltr'><strong>a</strong></span> <span class='ocrx_word' id='word_1_504' title='bbox 1684 2555 1777 2585; x_wconf 77' lang='lat' dir='ltr'><strong>Mon-</strong></span> 
     </span>
    </p>
   </div>
   <div class='ocr_carea' id='block_1_54' title="bbox 151 2600 1777 2642">
    <p class='ocr_par' dir='ltr' id='par_1_54' title="bbox 151 2600 1777 2642">
     <span class='ocr_line' id='line_1_54' title="bbox 151 2600 1777 2642; baseline 0.002 -10"><span class='ocrx_word' id='word_1_505' title='bbox 151 2603 327 2634; x_wconf 79' lang='lat' dir='ltr'><strong>tefalconio</strong></span> <span class='ocrx_word' id='word_1_506' title='bbox 341 2601 563 2633; x_wconf 82' lang='lat' dir='ltr'><strong>indubitanter</strong></span> <span class='ocrx_word' id='word_1_507' title='bbox 578 2600 680 2632; x_wconf 83' lang='lat' dir='ltr'><strong>fuisse</strong></span> <span class='ocrx_word' id='word_1_508' title='bbox 698 2601 938 2642; x_wconf 83' lang='lat' dir='ltr'><strong>Theophylacto</strong></span> <span class='ocrx_word' id='word_1_509' title='bbox 952 2601 1182 2641; x_wconf 80' lang='lat' dir='ltr'><strong>adjudicatum.</strong></span> <span class='ocrx_word' id='word_1_510' title='bbox 1200 2603 1341 2633; x_wconf 80' lang='lat' dir='ltr'><strong>Tandem</strong></span> <span class='ocrx_word' id='word_1_511' title='bbox 1363 2602 1414 2632; x_wconf 89' lang='lat' dir='ltr'><strong>vix</strong></span> <span class='ocrx_word' id='word_1_512' title='bbox 1431 2602 1495 2633; x_wconf 90' lang='lat' dir='ltr'><strong>ulla</strong></span> <span class='ocrx_word' id='word_1_513' title='bbox 1510 2603 1671 2641; x_wconf 83' lang='lat' dir='ltr'><strong>superfuit</strong></span> <span class='ocrx_word' id='word_1_514' title='bbox 1685 2604 1777 2635; x_wconf 89' lang='lat' dir='ltr'><strong>dubi-</strong></span> 
     </span>
    </p>
   </div>
   <div class='ocr_carea' id='block_1_55' title="bbox 151 2651 1770 2692">
    <p class='ocr_par' dir='ltr' id='par_1_55' title="bbox 151 2651 1770 2692">
     <span class='ocr_line' id='line_1_55' title="bbox 151 2651 1770 2692; baseline 0.002 -9"><span class='ocrx_word' id='word_1_515' title='bbox 151 2654 241 2691; x_wconf 89' lang='lat' dir='ltr'><strong>tatio,</strong></span> <span class='ocrx_word' id='word_1_516' title='bbox 255 2662 329 2685; x_wconf 87' lang='lat' dir='ltr'><strong>eum</strong></span> <span class='ocrx_word' id='word_1_517' title='bbox 349 2660 421 2683; x_wconf 89' lang='lat' dir='ltr'><strong>esse</strong></span> <span class='ocrx_word' id='word_1_518' title='bbox 442 2651 481 2682; x_wconf 87' lang='lat' dir='ltr'><strong>ab</strong></span> <span class='ocrx_word' id='word_1_519' title='bbox 495 2651 892 2691; x_wconf 81' lang='lat' dir='ltr'><strong>legitimisTheophylacti</strong></span> <span class='ocrx_word' id='word_1_520' title='bbox 910 2652 1060 2690; x_wconf 90' lang='lat' dir='ltr'><strong>operibus</strong></span> <span class='ocrx_word' id='word_1_521' title='bbox 1076 2654 1342 2692; x_wconf 82' lang='lat' dir='ltr'><strong>expungendum,</strong></span> <span class='ocrx_word' id='word_1_522' title='bbox 1357 2661 1429 2683; x_wconf 90' lang='lat' dir='ltr'><strong>cum</strong></span> <span class='ocrx_word' id='word_1_523' title='bbox 1446 2653 1530 2683; x_wconf 86' lang='lat' dir='ltr'><strong>inter</strong></span> <span class='ocrx_word' id='word_1_524' title='bbox 1546 2653 1683 2685; x_wconf 86' lang='lat' dir='ltr'><strong>aliorum</strong></span> <span class='ocrx_word' id='word_1_525' title='bbox 1708 2663 1770 2686; x_wconf 85' lang='lat' dir='ltr'><strong>no-</strong></span> 
     </span>
    </p>
   </div>
   <div class='ocr_carea' id='block_1_56' title="bbox 150 2702 1773 2742">
    <p class='ocr_par' dir='ltr' id='par_1_56' title="bbox 150 2702 1773 2742">
     <span class='ocr_line' id='line_1_56' title="bbox 150 2702 1773 2742; baseline 0.001 -8"><span class='ocrx_word' id='word_1_526' title='bbox 150 2704 235 2735; x_wconf 90' lang='lat' dir='ltr'><strong>mina</strong></span> <span class='ocrx_word' id='word_1_527' title='bbox 249 2705 392 2739; x_wconf 82' lang='lat' dir='ltr'><strong>Patrum,</strong></span> <span class='ocrx_word' id='word_1_528' title='bbox 411 2711 485 2742; x_wconf 69' lang='lat' dir='ltr'><strong>qum</strong></span> <span class='ocrx_word' id='word_1_529' title='bbox 502 2702 642 2732; x_wconf 85' lang='lat' dir='ltr'><strong>citantur</strong></span> <span class='ocrx_word' id='word_1_530' title='bbox 657 2702 689 2732; x_wconf 92' lang='lat' dir='ltr'><strong>in</strong></span> <span class='ocrx_word' id='word_1_531' title='bbox 706 2702 864 2742; x_wconf 75' lang='lat' dir='ltr'><strong>margine,</strong></span> <span class='ocrx_word' id='word_1_532' title='bbox 877 2702 971 2733; x_wconf 87' lang='lat' dir='ltr'><strong>etiam</strong></span> <span class='ocrx_word' id='word_1_533' title='bbox 988 2703 1087 2734; x_wconf 87' lang='lat' dir='ltr'><strong>semel</strong></span> <span class='ocrx_word' id='word_1_534' title='bbox 1105 2706 1199 2740; x_wconf 57' lang='lat'><strong>9:09.,</strong></span> <span class='ocrx_word' id='word_1_535' title='bbox 1220 2703 1370 2742; x_wconf 82' lang='lat' dir='ltr'><strong>Theoph.,</strong></span> <span class='ocrx_word' id='word_1_536' title='bbox 1388 2711 1445 2733; x_wconf 89' lang='lat' dir='ltr'><strong>seu</strong></span> <span class='ocrx_word' id='word_1_537' title='bbox 1469 2707 1502 2732; x_wconf 91' lang='lat' dir='ltr'><strong>ut</strong></span> <span class='ocrx_word' id='word_1_538' title='bbox 1527 2703 1699 2742; x_wconf 83' lang='lat' dir='ltr'><strong>legendum</strong></span> <span class='ocrx_word' id='word_1_539' title='bbox 1722 2705 1773 2736; x_wconf 87' lang='lat' dir='ltr'><strong>vi-</strong></span> 
     </span>
    </p>
   </div>
   <div class='ocr_carea' id='block_1_57' title="bbox 149 2751 1775 2792">
    <p class='ocr_par' dir='ltr' id='par_1_57' title="bbox 149 2751 1775 2792">
     <span class='ocr_line' id='line_1_57' title="bbox 149 2751 1775 2792; baseline 0.001 -7"><span class='ocrx_word' id='word_1_540' title='bbox 149 2754 296 2792; x_wconf 85' lang='lat' dir='ltr'><strong>debatur,</strong></span> <span class='ocrx_word' id='word_1_541' title='bbox 312 2757 513 2792; x_wconf 68' lang='grc' dir='ltr'><strong>Θεοφύλακτος,</strong></span> <span class='ocrx_word' id='word_1_542' title='bbox 535 2751 783 2790; x_wconf 80' lang='lat' dir='ltr'><strong>Theophylactus</strong></span> <span class='ocrx_word' id='word_1_543' title='bbox 799 2753 1011 2789; x_wconf 80' lang='lat' dir='ltr'><strong>occurrisset;</strong></span> <span class='ocrx_word' id='word_1_544' title='bbox 1028 2761 1063 2783; x_wconf 90' lang='lat' dir='ltr'><strong>ac</strong></span> <span class='ocrx_word' id='word_1_545' title='bbox 1080 2753 1255 2791; x_wconf 75' lang='lat' dir='ltr'><strong>prtesertim</strong></span> <span class='ocrx_word' id='word_1_546' title='bbox 1272 2758 1437 2792; x_wconf 84' lang='lat' dir='ltr'><strong>postquam</strong></span> <span class='ocrx_word' id='word_1_547' title='bbox 1459 2752 1662 2792; x_wconf 88' lang='lat' dir='ltr'><strong>inspeximus</strong></span> <span class='ocrx_word' id='word_1_548' title='bbox 1678 2755 1775 2786; x_wconf 87' lang='lat' dir='ltr'><strong>verba</strong></span> 
     </span>
    </p>
   </div>
   <div class='ocr_carea' id='block_1_58' title="bbox 151 2804 1776 2844">
    <p class='ocr_par' dir='ltr' id='par_1_58' title="bbox 151 2804 1776 2844">
     <span class='ocr_line' id='line_1_58' title="bbox 151 2804 1776 2844; baseline -0.001 -5"><span class='ocrx_word' id='word_1_549' title='bbox 151 2809 270 2840; x_wconf 85' lang='lat' dir='ltr'><strong>ibidem</strong></span> <span class='ocrx_word' id='word_1_550' title='bbox 287 2807 378 2838; x_wconf 88' lang='lat' dir='ltr'><strong>allata</strong></span> <span class='ocrx_word' id='word_1_551' title='bbox 399 2810 524 2836; x_wconf 85' lang='lat' dir='ltr'><strong>exstare</strong></span> <span class='ocrx_word' id='word_1_552' title='bbox 538 2805 569 2834; x_wconf 91' lang='lat' dir='ltr'><strong>in</strong></span> <span class='ocrx_word' id='word_1_553' title='bbox 586 2804 825 2835; x_wconf 81' lang='lat' dir='ltr'><strong>Commentario</strong></span> <span class='ocrx_word' id='word_1_554' title='bbox 842 2805 955 2835; x_wconf 89' lang='lat' dir='ltr'><strong>editoa</strong></span> <span class='ocrx_word' id='word_1_555' title='bbox 973 2804 1090 2835; x_wconf 84' lang='lat' dir='ltr'><strong>Sit‘ano.</strong></span> <span class='ocrx_word' id='word_1_556' title='bbox 1111 2806 1193 2836; x_wconf 85' lang='lat' dir='ltr'><strong>Hinc</strong></span> <span class='ocrx_word' id='word_1_557' title='bbox 1210 2806 1297 2836; x_wconf 86' lang='lat' dir='ltr'><strong>enim</strong></span> <span class='ocrx_word' id='word_1_558' title='bbox 1318 2805 1408 2843; x_wconf 77' lang='lat' dir='ltr'><strong>plane</strong></span> <span class='ocrx_word' id='word_1_559' title='bbox 1424 2814 1628 2844; x_wconf 82' lang='lat' dir='ltr'><strong>consequens</strong></span> <span class='ocrx_word' id='word_1_560' title='bbox 1643 2807 1776 2838; x_wconf 77' lang='lat' dir='ltr'><strong>videba-</strong></span> 
     </span>
    </p>
   </div>
   <div class='ocr_carea' id='block_1_59' title="bbox 149 2856 1777 2900">
    <p class='ocr_par' dir='ltr' id='par_1_59' title="bbox 149 2856 1777 2900">
     <span class='ocr_line' id='line_1_59' title="bbox 149 2856 1777 2900; baseline -0.001 -8"><span class='ocrx_word' id='word_1_561' title='bbox 149 2870 213 2900; x_wconf 81' lang='lat' dir='ltr'><strong>tur,</strong></span> <span class='ocrx_word' id='word_1_562' title='bbox 233 2868 328 2900; x_wconf 68' lang='lat' dir='ltr'><strong>opus,</strong></span> <span class='ocrx_word' id='word_1_563' title='bbox 343 2859 378 2890; x_wconf 89' lang='lat' dir='ltr'><strong>in</strong></span> <span class='ocrx_word' id='word_1_564' title='bbox 393 2868 457 2899; x_wconf 87' lang='lat' dir='ltr'><strong>quo</strong></span> <span class='ocrx_word' id='word_1_565' title='bbox 472 2856 733 2896; x_wconf 72' lang='lat' dir='ltr'><strong>Theonltylattus</strong></span> <span class='ocrx_word' id='word_1_566' title='bbox 753 2857 821 2896; x_wconf 83' lang='lat' dir='ltr'><strong>ipse</strong></span> <span class='ocrx_word' id='word_1_567' title='bbox 842 2857 967 2894; x_wconf 67' lang='lat' dir='ltr'><strong>citetur,</strong></span> <span class='ocrx_word' id='word_1_568' title='bbox 985 2857 1122 2896; x_wconf 75' lang='lat' dir='ltr'><strong>ejusque</strong></span> <span class='ocrx_word' id='word_1_569' title='bbox 1140 2858 1389 2890; x_wconf 62' lang='lat' dir='ltr'><strong>commentarius</strong></span> <span class='ocrx_word' id='word_1_570' title='bbox 1404 2859 1475 2890; x_wconf 86' lang='lat' dir='ltr'><strong>aliis</strong></span> <span class='ocrx_word' id='word_1_571' title='bbox 1491 2858 1628 2891; x_wconf 82' lang='lat' dir='ltr'><strong>aliorum</strong></span> <span class='ocrx_word' id='word_1_572' title='bbox 1643 2860 1777 2891; x_wconf 80' lang='lat' dir='ltr'><strong>Patrum</strong></span> 
     </span>
    </p>
   </div>
  </div>
