1897 3052
15 179 65 212 na
439 178 479 209 ΙΝ
497 177 713 214 SEQUENTIA
730 177 1019 208 TIlEOPIlYLAC‘I‘I
1040 179 1207 208 SCRIPTA.
1584 177 1636 209 674

18 235 259 268 commentariis
275 238 518 270 annumeratur,
531 234 719 265 nullatenus
739 233 799 272 ipsi
820 241 891 264 esse
916 233 1176 271 ailjudicandum.
1195 233 1313 262 Verum
1331 232 1390 263 hoc
1412 236 1637 272 argumentqu

18 287 80 317 vim
98 294 181 323 pene
200 293 331 316 omnem
351 284 496 315 amittere
515 284 619 314 visum
644 287 704 320 est,
724 287 892 323 postquam
916 291 953 313 ex
971 283 1086 313 Catena
1112 282 1292 313 Oxoniensi
1318 283 1369 321 (de
1385 292 1447 322 qua
1474 284 1636 323 superius)

14 336 173 372 intellexi,
189 334 427 373 expositionem
446 333 533 364 illam
561 333 722 364 Theodori
740 332 964 363 Heracleensis
992 340 1076 368 esse,
1094 335 1204 370 utpote
1220 331 1276 370 qui
1303 332 1423 362 diserte
1449 333 1563 363 citatur
1580 342 1635 372 pa-

15 386 90 426 gina
117 386 155 417 58
170 386 242 425 ejus
269 385 403 421 codicis,
424 384 516 424 cujus
544 386 720 423 exemplar,
741 388 775 415 ut
794 384 839 415 rei
859 384 955 423 hujus
975 383 1092 413 certior
1114 383 1235 419 ﬁerem,
1264 384 1420 421 postulavi
1442 389 1472 415 et
1497 385 1636 416 obtinui.

18 437 100 467 Hinc
121 436 208 467 enim
227 435 357 466 suborta
377 435 454 465 mihi
470 435 615 474 suspicio
631 439 691 470 est,
717 435 885 465 oscitantia
911 434 1029 464 veteris
1050 438 1104 464 aut
1123 434 1309 464 recentioris
1333 435 1538 466 amanuensis
1556 437 1636 466 scri-

17 492 106 526 ptum
125 487 158 517 in
177 485 289 517 codice
309 485 509 521 Florentino,
536 485 584 515 vel
610 489 718 515 nostro
743 493 766 515 e'

884 485 920 514 ινί
934 485 1035 515 fuisse
1055 487 1150 520 Θεοφ.,
1175 484 1324 522 ΤΙιεοῃΙι..
1342 492 1399 523 pro
1415 487 1504 517 9:06..
1522 485 1633 516 Thcod.

17 538 76 569 Sed
92 537 389 576 quomodocunque
404 544 454 566 res
470 536 531 566 ista
548 544 582 565 se
595 534 719 571 habeat,
731 538 766 566 ut
783 538 906 566 certum
925 538 1013 573 puto,
1031 533 1313 565 Montefalconium
1330 543 1393 565 non
1411 535 1474 565 alio
1491 536 1548 566 niti
1565 535 1638 566 fun-

18 588 170 618 damento
196 585 342 624 potuisse
357 585 394 615 ad
417 584 686 615 Commentarium
704 584 790 615 hunc
815 583 1054 623 TheOphylacto
1079 583 1301 619 asserendum,
1319 592 1413 623 quam
1437 585 1536 623 quod,
1561 587 1636 616 dum

19 638 134 676 raptim
152 636 244 666 illum
261 634 439 672 evolveret,
460 635 493 665 in
509 634 618 673 aliqua
635 634 786 664 inciderit
799 633 866 665 loca
885 633 1083 664 continentia
1103 633 1182 664 illud
1202 633 1286 664 idem
1302 634 1388 673 quod
1413 639 1485 664 ante
1510 634 1542 664 in
1560 635 1640 665 επη-

16 690 113 720 niano
130 689 366 720 Commentario
381 688 582 727 perlegisset.
600 687 677 718 Mihi
694 687 805 718 saltem
833 696 896 718 non
912 686 1001 717 aliud
1026 686 1135 716 animo
1161 686 1406 717 fundamentum
1428 687 1577 717 occurrit.
1605 687 1639 717 ιιι

16 749 93 771 vero
112 749 209 780 quam
227 741 268 770 sit
288 739 487 771 imbecillum
503 739 536 769 in
554 739 810 775 Commentariis,
829 739 886 778 qui
907 738 954 768 vel
974 747 1084 777 puram
1108 739 1234 769 Catenae
1258 739 1413 769 rationem
1440 738 1574 775 habent,
1591 738 1638 769 vel

17 793 54 822 ad
73 791 162 822 illam
181 792 327 831 proxime
343 791 510 826 accedunt,
526 791 674 830 quisquis
691 791 783 822 facile
797 791 961 830 intelligit.

53 843 168 874 XLVI.
185 843 305 873 Verum
325 843 351 872 si
369 842 475 873 resita
494 851 528 873 se
545 842 651 877 habet,
673 851 729 873 cur
745 841 907 880 igiturhic
922 850 940 872 a
957 841 1050 872 nobis
1132 841 1235 872 lucem
1256 842 1439 872 emittitur?
1455 842 1516 873 Cur
1539 842 1637 872 etiam

15 895 124 924 Graece
138 894 315 925 duntaxat?
329 895 362 924 In
381 894 484 925 lucem
502 893 554 924 hic
572 894 673 924 emitti
689 894 880 933 respondeo,
898 893 1049 933 primum,
1063 893 1149 932 quod
1168 894 1236 924 viro
1252 902 1329 924 sane
1342 893 1529 924 doctissimo
1552 893 1639 923 visus

14 944 116 975 fuerit
132 953 206 976 esse
224 945 475 984 Theophylacti;
500 953 605 984 neque
631 949 716 976 certo
738 945 848 984 aliquo
868 945 1102 984 perspicueque
1121 950 1309 984 argumento
1334 944 1437 975 refelli
1452 944 1553 984 possit
1582 944 1638 973 ist-

15 995 80 1025 Iizec
96 994 223 1033 opinio.
238 995 268 1025 2.
284 994 365 1031 Quia
385 1003 513 1033 aequum
528 1002 592 1025 non
609 994 735 1031 censui,
752 994 970 1034 apographum
986 994 1074 1024 istud
1091 994 1225 1024 omnino
1242 994 1396 1029 interire;
1415 994 1536 1033 quippe
1553 993 1638 1032 quod

18 1053 88 1074 csse
102 1044 241 1075 fortasse
257 1045 371 1082 poterit
386 1044 485 1075 alicui
506 1045 644 1084 posteris
669 1045 756 1080 usui,
785 1044 1058 1084 quemadmodum
1081 1043 1159 1074 mihi
1181 1052 1243 1075 non
1260 1045 1376 1075 inutile
1390 1043 1462 1080 fuit,
1489 1047 1522 1073 ut
1548 1044 1640 1073 Cum-

20 1092 173 1124 meutarii
192 1094 332 1125 Vaticani
357 1093 407 1134 (de
429 1103 495 1134 quo
517 1093 637 1125 dictum
658 1098 707 1125 est
722 1094 834 1133 supra)
858 1094 1023 1133 exemplar
1041 1095 1246 1125 emendarem
1277 1098 1374 1133 atque
1387 1093 1584 1132 supplerem.
1603 1093 1640 1122 Et

14 1145 152 1184 quidem
168 1146 274 1185 quoad
291 1146 361 1186 ejus
373 1146 485 1177 attinet
498 1155 606 1184 usum,
626 1146 765 1177 breviter
781 1146 978 1185 patefaciam,
992 1146 1079 1186 quod
1097 1146 1175 1176 mihi
1193 1154 1268 1177 eum
1286 1144 1487 1184 percurrenti
1504 1143 1589 1174 venit
1607 1143 1639 1173 in

17 1199 163 1226 mentem
183 1204 192 1226 :
214 1196 366 1226 nimirum
382 1205 421 1226 ex
438 1196 540 1227 tribus
557 1197 645 1228 hisce
663 1197 696 1227 in
710 1197 790 1227 Acta
809 1196 984 1235 apostolica
1007 1196 1265 1232 Commentariis,
1289 1204 1370 1235 quos
1386 1195 1535 1225 volumen
1556 1193 1639 1223 istud

16 1246 245 1285 complectitur
264 1246 452 1285 (praesertim
470 1247 499 1277 si
525 1247 743 1285 Chrysostomi
770 1247 867 1277 fOntis
890 1247 1034 1277 omnium
1052 1246 1204 1285 praecipui
1228 1246 1451 1277 adnotationes
1471 1244 1639 1279 addant-ar)

16 1298 198 1338 perfectum
214 1298 324 1330 confici
344 1306 450 1337 posse,
471 1298 720 1338 absolutumque
736 1299 767 1329 in
781 1299 889 1329 eadem
909 1299 984 1329 Acta
1009 1297 1296 1331 Commentarium:
1312 1306 1383 1328 cum
1407 1297 1527 1335 singuli
1545 1300 1638 1326 cmte-

15 1349 137 1388 roquin
156 1348 241 1380 haud
257 1358 367 1389 parum
385 1348 495 1388 procul
507 1349 573 1379 sint
585 1358 601 1379 a
617 1349 723 1380 debila
740 1349 947 1388 perfectione.
964 1349 1082 1380 Poterit
1096 1349 1193 1388 igitur
1207 1349 1369 1388 quispiam
1389 1357 1427 1379 ex
1444 1349 1581 1387 singulis
1599 1357 1637 1378 ea

15 1410 87 1440 quae
103 1401 143 1431 ad
163 1410 229 1432 rem
245 1401 382 1432 maxime
397 1400 531 1437 faciunt,
548 1399 707 1440 seligendi
723 1409 832 1432 curam
855 1401 1061 1441 laboremque
1085 1401 1251 1438 suscipere
1269 1412 1277 1432 :
1297 1409 1393 1440 quem
1410 1400 1491 1431 forte
1510 1403 1637 1439 egomet

15 1450 249 1489 suscepissem,
272 1450 336 1480 nisi
362 1450 444 1486 alim,
460 1450 580 1488 quibus
597 1450 767 1487 distrahor,
784 1459 867 1481 curm
880 1454 910 1481 et
925 1451 1118 1482 valetudinis
1131 1450 1575 1482 imbecillitasinhibuissent.
1594 1451 1639 1480 Eu

13 1501 120 1539 igitur
137 1502 231 1538 ratio,
246 1510 304 1532 cur
321 1501 412 1532 illum
429 1501 597 1533 ediderim.
616 1503 722 1533 Graece
736 1505 843 1532 autem
861 1505 982 1532 tantum
997 1501 1096 1536 edidi,
1113 1501 1188 1541 quia
1205 1511 1243 1532 ex
1261 1510 1323 1532 una
1342 1505 1427 1540 parte
1440 1501 1641 1532 levissimum

13 1555 64 1582 cst
79 1551 333 1583 fundamentum
351 1553 578 1584 Commentarii
605 1553 703 1593 hujus
727 1552 966 1592 Theophylacto
989 1552 1198 1592 adjudicandi
1216 1563 1223 1582 :
1241 1562 1280 1584 ex
1297 1553 1395 1584 altera
1420 1553 1641 1591 veroexposi-

13 1602 126 1632 tiones
150 1601 221 1640 ejus
239 1601 399 1640 pleraeque
413 1602 446 1632 in
463 1602 616 1633 alterutro
633 1611 672 1633 ex
690 1602 743 1640 iis,
763 1603 820 1643 qui
841 1602 1016 1633 voluminis
1037 1601 1136 1642 hujus
1155 1603 1249 1634 initio
1276 1603 1428 1642 impressi
1451 1607 1539 1639 sunt,
1559 1603 1640 1634 Sifa-

14 1650 115 1680 niano
129 1649 264 1685 scilicet,
281 1655 313 1680 et
327 1649 490 1686 V’aticano,
509 1658 571 1681 non
585 1651 680 1682 modo
695 1651 799 1691 quoad
817 1659 964 1687 sensum,
989 1650 1044 1681 sed
1060 1651 1156 1681 etiam
1173 1651 1279 1690 quoad
1296 1652 1392 1683 verba
1419 1661 1643 1691 saepenumero

14 1703 147 1733 insunt.
164 1701 247 1732 Hinc
263 1701 402 1740 pretium
419 1709 525 1741 operta
541 1701 673 1733 minime
695 1711 767 1734 esse
784 1703 910 1739 censui,
930 1711 1050 1733 novum
1064 1703 1151 1734 hunc
1171 1703 1282 1734 subire
1298 1704 1450 1741 laborem,
1469 1708 1500 1735 et
1514 1704 1641 1742 aliquo-

20 1760 96 1783 rum
113 1751 301 1782 accessione
317 1750 468 1782 foliorum
485 1749 574 1782 nu'lla
592 1753 823 1791 propemodum
845 1752 983 1783 utilitate
1000 1753 1151 1783 volumen
1170 1752 1230 1784 hoc
1245 1761 1394 1785 onerare.

60 1800 195 1832 XLVII.
212 1800 364 1837 Quamvis
378 1806 484 1832 autem
502 1802 773 1833 Commentarium
798 1802 883 1833 hunc
900 1802 1009 1832 Latine
1026 1809 1090 1832 non
1114 1802 1276 1839 verterim,
1296 1812 1360 1834 non
1387 1803 1462 1834 ideo
1482 1807 1585 1835 tamen
1605 1807 1645 1836 ab

17 1851 115 1883 omni
133 1852 166 1882 in
182 1859 220 1882 eo
237 1851 362 1882 edendo
375 1851 482 1883 labore
497 1861 545 1883 me
561 1851 696 1882 absolvi.
715 1853 857 1882 Lacunas
874 1852 974 1888 enim,
990 1851 1110 1890 quibus
1127 1851 1344 1890 apographum
1361 1852 1548 1891 frequenter
1572 1854 1642 1886 hia-

18 1905 74 1934 bat
93 1903 283 1942 (prrrsertim
306 1903 368 1933 sub
383 1903 454 1942 ejus
469 1903 611 1943 initium)
628 1903 759 1942 explere
787 1911 843 1942 pro
858 1903 981 1934 viribus
999 1903 1124 1933 studui.
1150 1905 1187 1934 Et
1205 1903 1300 1934 initio
1317 1904 1460 1944 quidem,
1485 1906 1539 1936 ubi
1562 1909 1645 1945 spis-

14 1954 127 1984 siores
144 1953 267 1984 lacunae
282 1957 384 1990 erant,
403 1953 481 1984 mihi
500 1953 533 1984 in
546 1953 626 1984 hanc
644 1962 710 1984 rem
729 1953 929 1984 incumbeuti
947 1953 1206 1992 percommodum
1220 1953 1282 1984 fuit
1300 1954 1424 1985 Catenae
1446 1953 1644 1986 Oxoniensis

15 2005 51 2036 in
67 2004 184 2035 eadem
211 2005 286 2034 Acta
309 2004 459 2043 primum,
483 2004 569 2043 quod
595 2004 749 2035 habebam
774 2013 837 2043 praa
856 2004 1019 2042 manibus,
1038 2004 1152 2035 folium
1171 2015 1178 2035 :
1200 2013 1272 2036 cum
1300 2005 1366 2043 ipsa
1386 2006 1507 2045 quippe
1528 2007 1644 2037 Catena

14 2052 242 2094 apogrephum
260 2062 366 2083 meum
387 2053 433 2084 sic
448 2053 529 2084 inibi
545 2054 720 2085 convenire
745 2053 957 2093 deprehendi,
974 2059 1008 2085 ut
1034 2054 1120 2085 idem
1144 2063 1213 2085 esse
1229 2063 1312 2093 opus
1331 2055 1505 2091 videretur,
1525 2057 1586 2087 nisi
1604 2067 1643 2088 ex

15 2110 184 2145 postrema
199 2104 288 2135 illius
305 2109 402 2144 parte,
418 2108 512 2144 atque
529 2114 567 2136 ex
583 2105 713 2137 duobus
729 2106 813 2143 aliis,
829 2115 902 2145 quae
928 2106 1005 2136 mihi
1022 2115 1154 2137 cernere
1175 2105 1278 2141 licuit,
1304 2106 1374 2145 ejus
1400 2106 1487 2137 foliis
1511 2108 1644 2139 omnino

15 2156 262 2195 cognovissem,
281 2157 428 2187 Catenam
445 2155 666 2187 Oxoniensem
682 2158 780 2188 multa
799 2156 980 2195 complecti,
997 2165 1069 2196 qum
1091 2157 1123 2188 in
1139 2156 1326 2187 Florentino
1342 2157 1578 2189 Commentario
1590 2159 1646 2189 de-

14 2207 223 2237 siderantur.
240 2206 401 2237 Posterior
416 2207 476 2237 iste
494 2206 628 2238 fortasse
650 2211 820 2246 excerptus
838 2211 886 2237 est
907 2215 945 2237 ex
961 2206 1013 2236 illa
1041 2207 1159 2245 priore.
1184 2206 1230 2236 Ad
1255 2206 1438 2237 sarciendas
1463 2216 1551 2245 vero,
1574 2217 1646 2248 qua)

16 2261 234 2288 cucurrerent
249 2257 283 2288 in
306 2265 491 2297 progressu,
508 2257 638 2288 lucunas
652 2258 806 2289 alterutro
830 2266 869 2288 ex
881 2257 1127 2288 Commentariis
1142 2257 1312 2296 praedictis,
1331 2257 1494 2288 Silaniano
1509 2258 1644 2293 scilicet,

17 2312 52 2339 et
71 2308 243 2344 Vaticano,
260 2307 316 2338 sed
333 2307 479 2338 omnium
495 2307 760 2348 frequentissime
775 2315 890 2347 magno
908 2307 1137 2346 Chrysostomo
1154 2317 1232 2338 usus
1248 2317 1338 2345 sum;
1352 2312 1382 2339 et
1398 2317 1434 2339 ea
1449 2309 1581 2348 quidem
1595 2308 1644 2338 fe-

20 2359 162 2396 licitate,
184 2364 217 2390 ut
235 2369 275 2391 ex
292 2360 452 2399 plurimis,
468 2369 540 2400 quae
557 2360 682 2391 inerant
698 2364 802 2398 antea,
819 2359 942 2391 lacunis
959 2368 1020 2390 una
1042 2363 1176 2395 tantum,
1194 2361 1242 2391 vel
1263 2360 1361 2391 altera
1383 2360 1543 2398 inexpleta
1569 2359 1647 2389 mihi

19 2410 230 2442 remanserit.
259 2410 363 2441 Verba
389 2419 405 2441 a
430 2411 525 2442 nobis
551 2410 659 2441 addita
684 2419 723 2441 ex
757 2411 873 2449 signis,
897 2409 1017 2449 quibus
1042 2409 1088 2440 uti
1112 2410 1144 2440 iu
1169 2410 1333 2441 similibus
1357 2411 1512 2446 solemus,
1535 2411 1647 2440 Lector

19 2464 192 2500 agnoscet.
206 2460 253 2491 Ad
271 2461 388 2492 calcem
404 2461 644 2498 Commentarii,
660 2469 700 2491 ne
716 2460 841 2500 integra
860 2460 976 2500 pagina
992 2459 1126 2490 omnino
1144 2468 1238 2490 vacua
1255 2465 1444 2498 remaneret,
1467 2461 1506 2491 ab
1522 2470 1559 2492 co
1578 2460 1647 2493 loco

19 2520 95 2549 pag.
112 2510 184 2544 629,
201 2510 262 2542 col.
274 2511 306 2548 2,
323 2515 413 2543 Ἐστὶν
424 2513 495 2543 οὖνὸ
510 2517 564 2548 πᾶς
583 2517 689 2552 χρόνος,
707 2519 768 2550 I‘Ogt

897 2510 1028 2550 ographi
1047 2510 1149 2550 adjeci
1169 2512 1275 2547 verba,
1293 2513 1413 2551 quibus
1431 2513 1543 2554 Catena
1558 2513 1646 2544 Oxu-

18 2560 152 2591 nieusis
169 2559 358 2592 absolvitur.
375 2563 487 2601 Neque
505 2562 537 2593 id
557 2563 681 2594 Lectori
700 2562 911 2601 injucundum
928 2562 996 2592 fore
1007 2561 1130 2592 contido
1148 2561 1213 2591 :sic
1227 2562 1313 2592 cnim
1328 2563 1497 2601 praedicta)
1510 2565 1643 2597 Catenae;

18 2617 121 2649 quam
134 2611 430 2649 praetontiuimam
444 2611 583 2651 appellat
599 2612 769 2643 Fabricius
782 2611 814 2642 in
832 2611 917 2642 Bibl.
935 2611 1056 2648 erca,
1076 2611 1206 2642 initium
1223 2611 1345 2642 tenebit
1363 2616 1394 2643 et
1409 2613 1516 2645 ﬁnem.

713 2662 854 2694 SEC'I'IO
876 2662 961 2694 XIII.

446 2715 491 2744 De
511 2715 668 2753 Epistolis
691 2724 710 2744 α
733 2715 873 2746 Meursio
898 2715 1001 2752 editis,
1025 2720 1054 2746 ct
1075 2725 1095 2745 α
1117 2715 1233 2745 Lamia.

68 2764 214 2794 XLVIII.
236 2764 330 2795 Ferte
360 2765 527 2797 mirabitur
549 2768 671 2804 Lector,
705 2768 790 2806 quod
823 2767 891 2798 ista?
915 2767 1060 2806 epistolae
1085 2768 1124 2798 ab
1151 2767 1223 2797 aliis
1250 2765 1363 2806 viginti
1388 2767 1542 2807 sejunctas
1573 2768 1648 2800 huic

17 2815 159 2846 editioni
181 2816 300 2846 fuerint
323 2816 467 2854 inserta),
485 2827 559 2849 cum
590 2827 684 2849 nemo
716 2828 778 2850 non
802 2819 917 2855 videat,
935 2819 1112 2849 naturalem
1140 2818 1285 2848 ordinem
1311 2817 1490 2857 postulasse
1516 2824 1550 2850 ut
1565 2828 1643 2850 cou-

11 2865 159 2905 juuctlm
181 2866 354 2897 ederentur
371 2875 493 2899 omnes.
515 2869 649 2900 Consilii
668 2869 774 2907 itaque
798 2869 896 2900 nostri
924 2870 1001 2900 hanc
1026 2869 1179 2900 rationem
1207 2869 1330 2900 habeto.
1361 2868 1518 2907 Principio
1544 2868 1646 2906 fuerat
