1897 3052
231 117 266 148 75
720 113 914 144 ΒΟΝΙΕΛΕΠ
929 113 1088 144 ἘΙΝΕΤΤΙ
1111 113 1320 144 ΡΒΑΕΡΛΤΙΟ.
1818 109 1882 141 476

213 169 490 208 εοηεῑῖιυιυιη,ξυι
509 167 623 207 viginti
644 167 799 198 duntaxat
817 169 962 209 Τὴεομιη

1130 169 1216 199 stolae
1231 169 1290 199 hoc
1312 169 1344 198 in
1370 168 1535 200 volumine
1550 169 1661 200 sedem
1678 168 1879 199 haberent:

212 229 285 259 qua)
309 220 451 250 nondum
478 218 638 258 publicam
663 218 765 248 lucem
782 223 990 258 aspexerant;
1015 228 1086 250 cum
1114 228 1158 249 ere
1187 223 1309 249 tantum
1332 219 1408 250 huic
1434 219 1530 249 tertio
1555 219 1734 255 volumini,
1767 217 1880 257 quod

211 270 343 302 ineditis
357 268 586 307 Theophylacti
600 267 753 306 operibus
765 269 966 307 excipiendis
993 269 1190 300 destinatum
1207 269 1240 299 in
1265 269 1378 307 primis
1403 272 1482 304 erat.
1502 269 1662 308 explendo
1678 269 1766 300 satis
1791 276 1875 298 esse

213 321 408 355 viderentur,
431 319 564 358 adjectis
592 322 696 349 tamen
721 319 849 349 duobus
877 320 1030 358 operibus
1054 321 1160 352 adhuc
1188 320 1330 355 ineditis,
1361 328 1500 359 quorum
1534 320 1672 350 alterum
1697 318 1880 355 Parisiis,

212 370 347 400 alterum
368 369 530 399 Florentia
553 369 824 407 priestolabamur.
848 370 907 400 Sed
927 370 1065 409 primum
1084 370 1163 400 illud
1177 379 1261 408 srepe
1277 371 1484 408 promissum,
1506 378 1670 408 nunquam
1687 369 1879 408 perlatum

211 419 249 449 ad
276 427 332 449 nos
355 423 413 449 est.
442 418 586 449 Alterum
615 418 745 458 quidem
763 419 965 458 accepimus;
995 420 1051 450 sed
1081 419 1162 450 illud
1192 419 1466 458 perpendentibus
1494 419 1586 449 nobis
1616 427 1680 449 non
1701 418 1812 456 δυεμί
1834 419 1880 446 ’ἱο

210 469 375 505 duntaxat,
405 469 460 498 scd
494 473 577 499 certa
603 469 769 507 persuasio
787 469 916 505 insedit,
937 469 974 499 ad
992 468 1269 508 Theophylactum
1288 468 1476 498 nullatenus
1500 468 1672 506 pertinere.
1688 468 1756 498 Nos
1784 475 1879 497 vero

213 520 244 549 iu
269 528 408 550 errorem
433 520 639 558 perduxerat,
668 529 740 560 quas
766 521 850 559 apud
887 520 1174 551 Montefalconium
1201 521 1318 559 legitur
1346 521 1379 550 in
1410 519 1561 551 Biblioth.
1589 519 1880 550 bibliothecarum

210 575 233 601 ι.
253 572 278 606 l,
299 580 368 610 pag.
388 572 438 608 35,
465 571 632 602 imminuta
660 571 838 610 inscriptio,
862 580 932 610 quae
962 571 1134 611 sequitur:
1159 572 1336 602 Threnodia
1353 579 1450 610 super
1475 570 1570 600 beatae
1604 571 1765 600 mcmoria‘
1790 570 1877 599 viro

213 622 252 650 Ι).
270 622 514 660 Theophylacto.
531 621 657 652 Scilicet
674 621 834 660 ejusmodi
852 621 966 652 titulus
996 629 1054 652 nos
1081 625 1227 652 erexerat
1255 621 1286 651 in
1303 629 1406 660 spem,
1428 618 1646 654 Threnodi'um,
1663 620 1702 650 de
1719 627 1790 656 qua
1816 618 1880 647 hic

213 681 330 709 sermo,
349 682 450 712 genus
467 672 598 712 aliquod
613 674 768 704 orationis
785 673 931 703 funebris
949 681 1020 703 esse
1037 673 1070 703 in
1088 671 1369 711 'l‘heophylactum
1387 671 1448 710 iam
1470 674 1647 704 mOrtuutu,
1677 679 1756 710 qua:
1783 669 1881 699 liuic

217 723 373 754 volumini
396 733 431 755 ea
452 725 574 754 ratione
593 724 689 755 inseri
706 729 826 764 posset,
845 725 930 764 quod
948 724 1057 763 aliqua
1073 732 1111 754 ex
1129 723 1228 762 gestis
1255 723 1495 762 virtutibusque
1529 722 1574 760 (ut
1602 721 1633 752 in
1659 721 1878 760 huiusmodi

213 775 414 806 orationibus
440 777 583 807 accidere
597 777 692 817 solet)
719 777 810 808 illius
837 777 974 808 celebris
997 775 1232 814 archiepiscopi
1268 775 1547 814 complecteretur.
1575 777 1614 805 At
1654 774 1722 804 sola
1760 773 1878 803 lectio

213 823 405 863 epigraphes
435 826 626 863 exemplaris
655 827 692 856 ad
725 831 783 856 nos
814 825 989 856 transmissi
1036 824 1075 854 ab
1108 825 1195 855 omni
1230 825 1364 855 omnino
1396 834 1453 864 spe
1486 829 1516 855 et
1545 829 1766 863 praict'inCepta
1802 832 1873 853 nos

212 874 368 912 opinione
387 876 522 916 dejecit;
540 876 582 906 ita
600 876 685 906 enim
705 885 738 905 se
759 875 853 906 habet
871 887 877 905 :
895 881 961 915 991p

1125 880 1163 915 τῷ
1187 880 1331 915 μακαρίτῳ
1346 879 1423 915 κὺρῳ
1445 879 1626 915 Θεοᾳυὶάκτῳ
1653 880 1691 914 τῷ
1716 880 1874 906 Baltasa-

215 929 292 964 ρίτῳ,
313 925 507 956 Lamentatio
527 935 623 964 super
640 926 741 966 felicis
764 926 919 955 memoria
942 926 1009 957 viro
1039 925 1164 956 domino
1191 925 1421 965 Theophylacto
1452 925 1649 956 Belissarito.
1675 927 1780 956 Porro
1815 926 1875 956 vel

214 976 321 1015 ipsum
347 977 528 1008 Belissaritt’
546 986 722 1016 cognomen
751 979 828 1008 satis
854 977 965 1016 procul
995 978 1094 1008 dubio
1112 977 1237 1015 fuisset,
1266 983 1300 1009 ut
1322 978 1596 1017 Tha-ophylactum
1617 979 1703 1008 hunc
1734 987 1753 1008 a
1777 976 1875 1007 Bul-

215 1034 364 1065 garorum
383 1027 626 1066 archiepiscopo
643 1036 898 1065 secerneremus,
915 1027 1042 1058 etiamsi
1065 1037 1137 1068 qua)
1161 1028 1368 1058 continentur
1394 1029 1425 1058 in
1456 1028 1513 1059 hac
1534 1028 1678 1059 oratione
1710 1028 1871 1066 lugubri

213 1077 324 1117 aliquo
351 1077 445 1108 modo
467 1077 606 1108 fuissent
630 1077 790 1117 ambigua.
807 1079 866 1108 Sed
894 1082 925 1109 et
938 1087 989 1109 res
1014 1079 1045 1109 in
1072 1079 1140 1118 ipsa
1168 1082 1326 1109 contentae
1347 1078 1622 1117 Theophylactum
1646 1078 1814 1109 exhibent
1854 1084 1873 1106 δ

214 1130 326 1157 nostro
348 1126 440 1166 plane
461 1126 624 1157 diversum
641 1129 724 1156 :tota
744 1126 829 1156 enim
849 1127 1045 1164 impenditur
1060 1127 1094 1157 in
1111 1127 1310 1165 deplorando
1329 1128 1501 1158 immaturo
1523 1129 1655 1165 juvenis
1675 1128 1864 1167 cujusdam

215 1176 334 1206 nobilis
357 1175 500 1212 interitu,
519 1176 572 1215 qui
590 1183 661 1205 cum
680 1175 808 1214 generis
833 1175 1009 1212 nobilitate,
1030 1179 1096 1206 tum
1115 1176 1269 1206 virtutum
1286 1181 1474 1207 ornamento
1497 1179 1663 1216 praestabat
1684 1190 1691 1208 :
1726 1178 1870 1217 quique

214 1227 290 1257 dum
307 1226 441 1257 Athenis
458 1226 565 1257 studio
581 1235 709 1265 operam
724 1228 823 1263 daret,
843 1227 991 1259 faucibus
1005 1228 1122 1268 angina
1136 1229 1332 1265 interclusis,
1350 1229 1499 1268 migravit
1520 1241 1535 1260 e
1563 1231 1638 1266 vita,
1663 1231 1748 1260 datis
1772 1236 1862 1261 ante

215 1276 365 1317 pluribus
385 1278 514 1316 pietatis
531 1277 674 1309 indiciis.
701 1280 783 1309 Eum
802 1279 899 1318 igitur
914 1279 1020 1310 solum
1044 1288 1083 1310 ex
1109 1280 1168 1310 hoc
1188 1280 1347 1319 opusculo
1361 1279 1500 1310 fructum
1522 1280 1639 1311 referre
1669 1286 1865 1317 potuerunt

214 1334 380 1360 curatores
397 1329 528 1359 istiusce
542 1329 703 1367 editionis,
721 1333 756 1359 ut
773 1330 872 1368 magis
886 1329 1051 1368 magisque
1067 1335 1261 1369 perspectam
1279 1330 1431 1360 omnibus
1454 1335 1664 1371 testatamque
1678 1331 1870 1363 redderent

215 1381 430 1421 diligentiam,
448 1389 511 1420 qua
538 1380 586 1410 usi
611 1384 698 1416 sunt,
725 1380 892 1410 maximam
921 1380 952 1410 in
980 1380 1214 1420 conquirendis
1237 1380 1394 1420 undique,
1424 1381 1513 1412 nulla
1553 1386 1701 1421 sumptus
1727 1383 1868 1413 ratione

217 1433 334 1467 habita,
355 1431 509 1470 operibus
535 1431 571 1460 ad
596 1430 872 1469 Theophylactum
900 1434 1044 1460 nostrum
1071 1430 1316 1470 quomodolibet
1358 1431 1608 1470 pertinentibus.
1638 1433 1716 1463 Cum
1755 1434 1869 1472 igitur

216 1483 315 1521 hujus
332 1481 532 1519 alteriusque
549 1479 676 1511 defectu
689 1480 795 1518 operis
815 1488 878 1510 non
901 1488 998 1518 pauca
1017 1480 1169 1510 deessent
1186 1480 1263 1511 folia
1280 1481 1318 1511 ad
1336 1481 1544 1519 praestitutam
1561 1481 1659 1521 hujus
1677 1483 1868 1514 voluminis

219 1532 346 1568 molem,
366 1534 540 1562 curatores
573 1529 728 1568 praedicti,
767 1528 935 1567 impressis
969 1529 1032 1568 jam
1060 1529 1207 1568 epistolis
1237 1529 1370 1568 viginti,
1409 1534 1439 1560 et
1470 1531 1578 1562 Graeco
1613 1532 1869 1564 Commentario

217 1581 423 1620 insequente,
450 1579 626 1612 consilium
659 1578 863 1617 capessivere
898 1579 947 1618 (ad
981 1579 1080 1610 alium
1109 1583 1229 1609 tomum
1257 1583 1418 1610 reservato
1449 1588 1563 1620 opere,
1595 1582 1681 1620 quod
1716 1582 1868 1614 Parisiis

219 1631 453 1670 priestolantur)
470 1629 642 1668 adjiciendi
667 1629 761 1659 etiam
781 1629 934 1667 epistolas
953 1637 969 1659 a
996 1629 1138 1659 Meursio
1161 1633 1191 1659 et
1214 1629 1323 1659 Lamio
1343 1628 1457 1666 editas,
1480 1638 1520 1660 ne
1538 1633 1644 1661 tonius
1673 1632 1733 1662 iste
1761 1642 1868 1673 aequo

219 1682 346 1712 brevior
368 1681 535 1717 evaderet;
563 1679 727 1718 simulque
752 1679 913 1710 celeritate
938 1687 1062 1710 summa
1085 1679 1218 1709 curandi
1239 1679 1351 1718 ipsius.
1379 1679 1640 1718 impressionem,
1669 1690 1708 1712 ne
1737 1685 1868 1714 erudi-

221 1736 328 1762 torum
354 1735 425 1761 vota
452 1730 576 1762 diutius
602 1729 824 1770 fatigarentur.
851 1730 934 1760 Hinc
955 1737 1031 1760 vero
1046 1729 1114 1769 ,hoc
1138 1729 1244 1760 solum
1269 1730 1464 1761 incommodi
1495 1731 1611 1762 accidit
1635 1732 1734 1771 (quod
1768 1735 1867 1765 enim

219 1783 378 1823 ejusmodi
397 1783 541 1823 epistolae
556 1784 595 1814 ab
611 1783 683 1814 aliis
700 1783 852 1822 sejunctae
869 1784 1040 1822 prodeant,
1056 1790 1116 1822 pro
1140 1781 1242 1813 nihilo
1270 1782 1450 1814 habendum
1469 1791 1539 1814 esse
1567 1793 1584 1814 a
1610 1785 1687 1815 viris
1710 1787 1867 1823 pruden-

219 1836 307 1866 tibus
323 1835 410 1876 puto)
427 1835 513 1875 quod
530 1825 754 1866 Marineriante
775 1834 934 1865 versionis
955 1833 1228 1870 emendationem,
1248 1842 1343 1873 quam
1379 1834 1510 1873 aggredi
1536 1843 1572 1866 ac
1597 1835 1750 1874 perficere
1774 1840 1864 1867 stato

220 1891 365 1927 tempore
385 1885 630 1923 constitueram,
654 1889 745 1924 capto
767 1893 784 1915 a
815 1885 1020 1916 curatoribus
1043 1893 1127 1915 novo
1154 1885 1386 1925 inopinatoque
1417 1887 1567 1923 consilio,
1593 1891 1623 1917 et
1658 1897 1690 1918 re
1716 1888 1864 1919 maxime

220 1941 398 1975 properata,
421 1941 570 1975 praestare
591 1944 654 1967 non
674 1936 846 1974 potuerim.
866 1936 902 1965 At
920 1936 1102 1967 versionem
1126 1935 1212 1966 illam
1230 1937 1430 1967 tolerabilem
1452 1938 1489 1968 ad
1511 1938 1617 1968 minus
1637 1947 1723 1975 esse,
1741 1939 1792 1970 Vel
1820 1949 1863 1970 ex

219 1997 258 2020 eo
280 1988 356 2019 mihi
377 1989 568 2028 persuadeo,
591 1988 677 2028 quod
706 1987 848 2024 Lamius,
874 1987 922 2017 vir
950 1987 1171 2024 doctissimus,
1196 1987 1363 2027 Graecique
1387 1988 1548 2019 idiomatis
1561 1989 1794 2027 peritissimus,
1824 1992 1861 2021 in

220 2041 338 2072 celebri
356 2041 497 2072 editione
513 2041 708 2077 Meursiana,
727 2041 777 2071 cui
794 2043 921 2080 praeest,
939 2048 1007 2071 eam
1036 2040 1196 2076 collocare
1215 2048 1279 2071 non
1296 2040 1462 2072 dubitarit.
1481 2040 1606 2071 Nullam
1628 2040 1729 2080 igitur
1745 2041 1780 2071 in
1807 2042 1861 2072 his

220 2094 355 2124 edendis
373 2093 521 2131 epistolis
538 2094 607 2132 ipse
625 2101 754 2131 operam
773 2092 879 2129 posui,
900 2092 1047 2132 adeoque
1074 2092 1155 2123 nihil
1183 2092 1223 2122 de
1248 2091 1363 2122 iisdem
1386 2096 1535 2130 superest
1560 2091 1639 2122 mihi
1666 2092 1858 2123 dicendum.

221 2147 258 2175 Et
273 2145 339 2176 hinc
353 2145 458 2185 quoad
475 2145 620 2185 singulas
636 2145 734 2185 hujus
752 2145 928 2176 voluminis
946 2149 1062 2184 partes.
1082 2146 1174 2175 Nunc
1202 2152 1300 2183 pauca
1328 2144 1366 2174 de
1387 2143 1537 2175 versione
1566 2152 1646 2180 mea,
1669 2143 1860 2183 additisque

223 2196 319 2234 notis,
343 2199 513 2235 antequam
532 2196 751 2227 Praefationem
768 2195 913 2232 absolvo,
929 2195 1067 2235 adjicere
1085 2195 1186 2226 lubet.

262 2258 380 2288 XLIX.
404 2258 486 2288 Usus
503 2267 574 2289 sum
595 2258 743 2289 liberiore
759 2257 921 2289 versionis
945 2266 1081 2297 genere;
1109 2265 1173 2288 non
1195 2257 1339 2296 quidem,
1370 2261 1405 2288 ut
1424 2265 1493 2288 eam
1521 2257 1690 2287 redderem
1721 2257 1860 2295 elegan-

225 2307 351 2346 tiorem,
371 2308 424 2338 sed
448 2313 481 2339 ut
497 2308 666 2339 clariorem
684 2309 852 2348 magisque
872 2310 1086 2348 perSpicuam.
1106 2308 1232 2338 Etenim
1252 2308 1287 2338 in
1313 2316 1350 2338 ea
1376 2316 1503 2346 semper
1524 2307 1683 2337 sententia
1699 2306 1760 2340 fui,
1781 2315 1859 2336 eum

224 2359 307 2390 haud
327 2358 465 2397 perfecte
490 2359 582 2398 fungi
607 2359 790 2398 interpretis
812 2368 957 2394 munere,
985 2359 1042 2398 qui
1079 2363 1224 2390 accurate
1249 2359 1381 2398 quidem
1403 2359 1500 2389 verba
1525 2357 1698 2388 transferre
1726 2358 1856 2396 satagit,

223 2411 362 2444 auctoris
381 2418 456 2440 vero
471 2419 604 2441 sensum
625 2411 799 2442 obscurum
818 2411 984 2451 relinquit.
1005 2412 1107 2450 Hujus
1133 2411 1294 2450 siquidem
1319 2410 1565 2449 explicationem
1584 2409 1792 2449 potissimum
1817 2411 1856 2440 ad

225 2461 428 2500 interpretem
452 2461 625 2499 pertinere,
652 2466 735 2500 patet
765 2463 813 2492 vel
842 2471 880 2493 ex
912 2470 951 2492 eo
981 2462 1067 2500 quod
1096 2461 1118 2491 ii
1144 2462 1239 2492 etiam
1264 2461 1319 2500 qui
1346 2461 1525 2501 cujuspiam
1547 2460 1689 2490 auctoris
1719 2468 1855 2491 sensum

224 2511 348 2546 tametsi
361 2506 400 2540 tu
430 2511 541 2541 eadem
571 2511 694 2550 lingua,
718 2512 886 2543 clariorem
916 2512 1065 2548 reddunt,
1095 2511 1221 2543 soleant
1249 2512 1438 2550 interpretes
1467 2511 1635 2550 appellari.
1660 2512 1857 2550 Plerumque

226 2561 326 2601 igitur
354 2561 386 2591 in
422 2561 453 2591 id
487 2562 708 2593 tantummodo
742 2562 895 2598 laboravi,
915 2566 948 2592 ut
963 2570 1095 2592 sensum
1112 2569 1208 2600 quem
1225 2561 1367 2591 auctoris
1386 2561 1483 2592 verba
1497 2560 1690 2600 diligentius
1713 2568 1855 2596 expensa

229 2612 395 2643 continere
412 2612 540 2650 censui,
567 2613 689 2652 phrasi,
717 2613 823 2652 quoad
855 2613 957 2652 potui,
988 2612 1136 2648 clariore,
1163 2610 1336 2650 verbisque
1359 2611 1628 2650 tequivalentibus
1655 2609 1855 2641 exhiberem.

228 2660 338 2692 Sicubi
357 2670 431 2693 vero
446 2662 586 2693 auctoris
610 2671 701 2693 mens
724 2662 830 2692 minus
847 2666 931 2693 certa
949 2661 1180 2701 explorataque
1199 2660 1278 2691 mihi
1302 2662 1371 2692 visa
1398 2664 1458 2698 est,
1475 2664 1542 2691 tum
1566 2660 1710 2699 pressius
1736 2660 1855 2690 haerere

230 2712 337 2742 verbis
353 2712 535 2743 consultius
554 2712 749 2748 existimavi,
775 2719 869 2744 acuto
900 2711 1022 2743 Lectori
1039 2714 1226 2750 potestatem
1253 2715 1285 2742 ut
1305 2711 1442 2743 facerem
1459 2719 1496 2742 ea
1513 2715 1547 2742 ut
1571 2711 1632 2741 sibi
1653 2709 1856 2749 probabilius

232 2761 395 2792 videretur
417 2761 660 2801 interpretandi.
687 2763 720 2792 ln
747 2761 933 2801 hujusmodi
957 2759 1108 2799 scopulos
1129 2761 1228 2791 semel
1253 2764 1283 2790 et
1315 2761 1431 2791 iterum
1459 2759 1560 2791 incidi
1584 2759 1663 2790 dum
1696 2763 1855 2790 verterem

233 2811 403 2850 Epistolas,
428 2821 501 2852 quea
529 2810 606 2843 mihi
635 2811 755 2852 ubique
779 2811 1070 2849 ditliciles,alicubi
1099 2811 1176 2842 visa:
1203 2815 1277 2842 sunt
1308 2810 1402 2842 etiam
1422 2811 1499 2842 satis
1525 2811 1681 2842 obscurae.
1705 2810 1855 2842 Fortasse
