1897 3052
30 143 85 174 477
564 142 776 172 LAURENTII
793 141 922 172 SIFANI
944 142 1151 173 Pii/EFATIO.
1619 141 1672 173 478

31 197 304 237 Theophylactus
339 195 371 228 in
394 197 450 227 reis
475 196 719 227 conscribendis
746 195 882 227 clariore
905 196 990 236 stylo
1019 205 1097 228 usus
1114 205 1177 227 non
1205 201 1263 234 est,
1282 197 1358 237 quia
1381 198 1419 228 ad
1443 197 1617 229 familiares
1639 202 1672 229 et

33 240 240 280 domesticos
262 249 422 286 scribens,
440 248 560 280 clarius
577 257 649 280 sese
665 249 827 288 explicare
846 253 900 280 aut
913 249 1055 288 neglexit
1076 254 1130 280 aut
1153 249 1270 281 noluit.
1298 251 1332 281 lu
1362 250 1459 281 variis
1478 251 1555 282 tomi
1575 250 1673 290 hujus

34 302 199 340 operibus
221 311 237 333 a
264 311 317 333 me
335 302 444 333 Latine
480 302 614 333 redditis
643 302 864 333 diversitatem
893 302 1033 342 aliquam
1064 302 1097 333 in
1137 302 1206 341 ipsa
1223 302 1371 333 versione
1398 301 1533 334 fortasse
1562 303 1673 333 Lector

33 355 196 389 offendet.
222 355 264 385 ita
281 359 314 385 ut
331 356 426 385 modo
451 354 564 394 magis,
582 355 678 386 modo
692 356 800 386 minus
818 355 975 386 elaborata
986 355 1014 385 ei
1033 355 1181 385 videatur
1193 360 1288 394 atque
1306 354 1464 394 expolita;
1477 355 1672 394 quandoque

34 405 137 435 etiam
163 405 278 444 magis,
308 405 505 444 quandoque
541 405 649 436 minus
676 405 907 444 Thcophylacti
935 404 1041 435 verbis
1073 404 1210 434 astricta.
1245 403 1343 443 Cujus
1381 403 1577 434 diversitatis
1602 411 1672 434 eam

34 464 170 487 causam
196 464 269 486 esse
287 460 377 493 sciat,
393 456 480 495 quod
499 463 558 495 ego
574 463 637 486 non
661 456 875 490 continenter,
889 455 945 485 sed
966 463 1021 494 per
1046 454 1129 485 varia
1149 454 1302 492 temporis
1322 453 1497 491 intervalla,
1526 453 1672 492 adeoque

35 509 67 535 et
93 506 185 536 varia
208 510 302 537 utens
327 506 473 545 corporis
496 506 692 540 valetudine,
721 505 881 546 variisque
910 506 997 536 curis
1021 507 1093 540 plus
1124 505 1273 536 minusve
1295 504 1470 542 distentus,
1504 503 1671 534 versiones

36 556 231 595 hujusrnodi
249 556 464 587 elucubrarim
495 568 503 589 :
532 557 619 587 unde
638 555 780 596 aliquam
809 555 886 595 styli
918 560 1016 596 atque
1045 555 1320 596 interpretationis
1345 554 1565 585 diversitatem
1592 554 1670 585 oriri

36 615 177 638 necesse
196 607 270 638 fuit.
284 596 399 644 Quoad
414 612 503 639 notas
520 608 644 643 attinet,
665 608 792 638 noverit
808 609 932 645 Lector,
949 617 999 639 me
1016 608 1150 639 minime
1167 608 1198 639 id
1220 607 1364 639 muneris
1380 607 1459 638 mihi
1480 606 1670 645 sumpsisse,

36 663 71 688 ul
89 662 181 692 notis
207 661 247 691 de
264 664 352 692 more
369 659 525 699 subjectis
548 659 779 699 TheOphylacti
800 667 897 699 opera
914 659 1111 691 illustrarem
1131 671 1138 691 :
1157 668 1262 699 neque
1280 659 1368 690 enim
1384 667 1517 690 necesse
1543 658 1575 688 id
1595 662 1673 695 erat,

37 720 150 749 neque
169 721 226 751 per
241 710 470 750 occupationes
487 719 575 741 meas
598 716 628 741 et
647 709 793 749 corporis
812 709 1028 741 valetudinem
1046 714 1198 750 praastare
1211 709 1243 740 id
1273 709 1354 740 mihi
1381 708 1537 740 licuisset.
1563 708 1672 739 Solum

38 761 144 801 io'itur
162 768 254 794 notas
275 763 400 802 aliquas
413 762 567 801 operibus
590 770 608 793 a
627 770 676 792 me
709 761 871 792 translatis
889 761 947 792 hac
965 761 1105 801 illarque
1127 761 1261 800 aSpersi,
1289 761 1344 791 ubi
1368 759 1417 790 vel
1447 759 1546 798 major
1565 759 1672 798 aliqua

41 820 163 849 urgt-re
180 812 359 843 necessitas
377 812 558 849 videbatur,
577 812 623 842 vel
643 816 824 851 promptum
845 811 979 842 omnino
995 817 1072 848 erat,
1089 812 1175 851 quod
1193 812 1389 842 adnotarem.
1412 810 1495 841 Illud
1513 813 1672 849 postremo

40 861 115 891 loco
134 862 333 892 monendum
354 866 516 901 superest,
531 871 628 893 sacrae
644 862 815 901 Scriptura;
834 864 941 892 textus
959 861 1048 900 juxta
1064 860 1245 890 versionem
1261 859 1428 898 Vulgalam
1445 858 1591 889 attulisse
1609 866 1672 891 me,

38 919 73 943 ut
89 914 331 945 Catholicorum
358 914 415 953 qui
441 914 471 944 ei
485 916 604 945 assueti
637 917 724 949 sunt.
747 914 917 944 commodo
943 912 1118 952 prtesertim
1147 911 1357 947 inservirem;
1381 915 1477 950 atque
1504 919 1567 941 non
1593 910 1673 941 Novi

36 966 209 1002 duntaxat,
239 965 297 995 Sed
324 965 419 995 etiam
442 965 569 995 Veteris
592 964 790 995 Testamenti
819 964 913 994 verba
944 963 1109 995 atterendo
1135 974 1142 993 :
1172 963 1245 993 licet
1269 961 1540 1001 TlteOphyIaetus,
1564 964 1674 999 utpote

36 1017 172 1046 Graecus
200 1019 322 1050 auctor,
340 1013 445 1053 quoad
478 1013 671 1050 secundum,
695 1017 805 1044 utatur
822 1014 971 1044 versione
998 1017 1059 1044 Τῶν
1087 1013 1185 1043 LXX.
1214 1013 1292 1043 Cum
1317 1020 1393 1042 vero
1412 1011 1554 1050 Vulgata:
1580 1011 1674 1041 verba

37 1067 124 1096 adeo
139 1064 308 1095 differrent
326 1073 344 1095 a
360 1064 466 1095 verbis
482 1073 538 1102 per
547 1064 823 1104 TheOphylactum
842 1063 959 1100 allatis,
974 1067 1007 1094 ut
1022 1063 1092 1103 ejus
1118 1063 1172 1094 fini
1194 1062 1328 1093 minime
1346 1066 1561 1093 consentanea
1579 1062 1672 1093 vide-

40 1120 169 1152 rentur,
188 1120 262 1146 tunc
275 1115 420 1154 pressius
447 1122 483 1145 ea
501 1119 622 1145 vertere
641 1113 858 1145 necessarium
877 1114 1011 1145 omnino
1029 1114 1132 1144 visum
1151 1117 1212 1144 est.

82 1166 119 1195 L.
142 1166 212 1196 Jam
235 1173 323 1203 vero,
352 1165 450 1196 lector
478 1165 609 1204 optime,
641 1164 739 1195 habes
769 1164 927 1200 omnium,
959 1173 1032 1204 qua:
1060 1169 1165 1195 tomus
1193 1164 1254 1195 iste
1279 1163 1512 1203 complectitur,
1540 1171 1673 1202 operum

41 1213 231 1254 laborisque
248 1222 265 1245 a
283 1222 332 1244 me
346 1214 378 1244 in
395 1222 433 1245 eo
449 1213 604 1253 insumpti
624 1213 794 1244 rationem.
810 1213 921 1250 Quoad
939 1213 1101 1252 duplicem
1125 1213 1211 1243 enim
1229 1213 1381 1247 Iudicem,
1396 1213 1539 1242 Graecum
1558 1220 1671 1249 unum,

39 1265 249 1304 alterumque
264 1264 425 1300 Latinum,
442 1272 524 1304 quos
545 1267 706 1302 postremo
732 1262 803 1294 loco
820 1263 935 1302 adjeci,
961 1263 1040 1294 nihil
1066 1262 1180 1298 habeo,
1203 1263 1291 1301 quod
1308 1262 1422 1295 dicam.
1442 1261 1503 1291 nisi
1521 1269 1570 1291 me
1585 1261 1615 1290 in
1634 1269 1672 1291 eo

40 1322 209 1354 spectasse
226 1316 384 1346 delectum
405 1315 512 1354 potius
527 1323 621 1354 quam
635 1315 771 1352 copiam.
787 1313 873 1344 Nihil
900 1314 994 1344 etiam
1010 1316 1049 1344 de
1075 1313 1298 1353 impressionis
1313 1315 1457 1344 accurata
1474 1309 1673 1343 correctione

41 1366 168 1404 dicam;
182 1367 302 1406 quippe
322 1375 394 1406 quin
414 1367 453 1397 ad
476 1375 526 1397 me
542 1374 605 1396 non
628 1368 762 1404 spectat,
777 1365 836 1395 sed
851 1364 889 1395 ad
906 1373 981 1396 eum
1001 1365 1057 1404 qui
1074 1365 1251 1404 specimina
1275 1365 1428 1396 correxit.
1447 1365 1558 1395 Solum
1576 1363 1676 1403 igitur

39 1425 131 1448 nunc
159 1420 320 1455 superest,
349 1420 384 1447 ut
409 1420 438 1447 te
463 1416 559 1447 etiam
582 1419 680 1455 atque
711 1415 806 1446 etiam
836 1422 958 1454 rogem,
990 1423 1096 1446 meum
1125 1415 1212 1446 hunc
1245 1414 1505 1454 qualemcunque
1533 1414 1673 1445 laborem

39 1472 75 1498 ut
91 1467 119 1497 si
141 1467 276 1506 probare
293 1467 426 1498 omnino
441 1475 504 1498 non
535 1467 651 1506 possis,
672 1470 820 1496 conatum
839 1465 951 1496 saltem
984 1473 1090 1496 meum
1115 1473 1208 1505 aequo
1224 1470 1379 1506 gratoque
1403 1466 1511 1497 animo
1527 1465 1674 1506 excipere

40 1518 139 1550 velis.

40 1730 228 1765 Nobilibus,
243 1730 409 1769 generosis
426 1732 522 1765 atque
542 1727 874 1769 Inagniticisvirisp.
891 1729 997 1759 Marco
1014 1730 1171 1760 ethanni
1188 1731 1350 1769 Fuaeenrs
1362 1728 1527 1769 fratribus,
1543 1727 1675 1769 Antonii

82 1769 174 1806 ﬁliis,
190 1766 396 1808 Kirchpergze
414 1773 444 1799 et
460 1766 709 1808 Weissenliorni
727 1766 1004 1808 baronibusteth
1022 1769 1164 1800 dominis
1191 1768 1261 1799 suis
1286 1767 1485 1799 charissimis
1503 1771 1533 1798 et
1563 1767 1675 1798 amicis

81 1809 233 1845 summis,
256 1806 451 1839 Laurentius
468 1807 644 1844 SlFANUS,
658 1806 894 1843 Prunsfeldius,
910 1807 939 1837 J.
957 1807 992 1838 U.
1011 1807 1138 1846 Doctor,
1155 1809 1185 1839 ς.
1202 1810 1234 1839 Ρ.
1254 1808 1289 1838 D.

89 1925 161 1953 Cum
189 1925 289 1952 abhinc
312 1924 470 1956 triennium,
499 1924 550 1951 viri
580 1925 717 1958 generosi,
736 1924 875 1952 Arnoldus
899 1924 1109 1956 Bireomannus,
1133 1924 1342 1962 Agrippinensis
1366 1923 1523 1958 bibliopola,
1540 1923 1590 1950 hoc
1608 1930 1677 1959 opus

41 1974 217 2002 sclioliorum
233 1973 260 2000 in
281 1974 348 2001 Acta
365 1973 516 2008 apostolica
532 1972 586 2000 divi
601 1972 692 2004 Lucae,
710 1980 741 2000 ex
758 1973 869 2001 Austria
891 1981 906 2000 a
929 1973 1084 2000 clarissimo
1100 1973 1160 2000 viro
1181 1972 1211 2000 D.
1226 1973 1332 2001 Joanne
1355 1973 1492 1999 Sambuco
1511 1973 1544 1998 ad
1562 1980 1591 1999 se
1607 1972 1678 1999 mis-

42 2027 119 2050 sum,
136 2019 203 2046 mihi
221 2019 392 2046 exhibuisset
408 2027 414 2046 :
430 2018 504 2053 quod
521 2023 580 2045 erat
596 2017 738 2052 exemplar
749 2018 915 2051 obsoletum,
931 2023 958 2046 et
980 2018 1141 2053 compendio
1158 2019 1310 2046 litterarum
1340 2019 1408 2046 adeo
1426 2018 1583 2046 intricatum
1595 2023 1678 2052 atque

41 2068 238 2098 obscuratum,
252 2070 282 2094 ut
295 2066 329 2094 ab
348 2067 493 2094 admodum
512 2066 607 2101 paucis
621 2065 742 2094 Colonia:
759 2066 810 2100 legi
830 2071 933 2101 posset,
950 2074 1055 2094 mecum
1071 2074 1152 2102 agere
1168 2067 1261 2100 carpit,
1275 2071 1303 2094 ut
1316 2067 1484 2102 susciperem
1498 2067 1556 2102 ejus
1569 2066 1677 2094 descri-

41 2114 126 2141 beudi
143 2114 276 2141 laborem.
291 2114 368 2141 llaud
386 2113 460 2142 enim
479 2114 622 2149 ignorabat
637 2122 679 2141 me
703 2114 768 2141 olim
787 2114 900 2142 Lutetiae
917 2114 1053 2149 ejusmodi
1071 2115 1262 2143 describendis
1278 2116 1396 2143 vetustis
1411 2116 1551 2142 codicibus
1571 2114 1676 2142 Grzecis

42 2160 238 2192 exercitatum,
256 2160 327 2187 haud
347 2161 462 2187 multum
475 2161 502 2187 in
517 2160 635 2188 lectione
660 2168 721 2188 esse
741 2161 943 2188 laboraturum.
962 2161 1017 2196 Ego
1042 2169 1108 2189 vero
1136 2169 1197 2189 cum
1223 2161 1401 2195 intelligerent
1419 2170 1481 2189 eum
1514 2169 1582 2196 opus
1608 2161 1675 2188 illud

43 2206 141 2232 Graece
156 2206 238 2232 simul
253 2209 281 2232 et
297 2205 392 2233 Latine
413 2206 555 2241 divulgare
578 2208 604 2233 in
622 2207 716 2234 animo
731 2207 842 2239 habere,
870 2207 1013 2242 cupiebam
1030 2208 1138 2243 quidem
1159 2211 1186 2234 et
1203 2207 1240 2234 illi
1253 2215 1302 2242 pro
1321 2208 1441 2234 amicitia
1459 2216 1561 2235 morem
1579 2215 1676 2243 gerere

44 2256 67 2277 et
88 2251 206 2285 publica:
222 2251 335 2278 utilitati
354 2252 500 2280 consulere
517 2261 525 2286 ;
542 2253 588 2280 sed
604 2253 760 2280 deterrebat
777 2261 820 2281 me
835 2261 897 2280 cum
912 2255 1056 2289 scriptura:
1070 2254 1179 2281 exilitas
1196 2254 1284 2281 oculis
1305 2253 1426 2287 inimica,
1445 2258 1501 2280 tum
1520 2255 1673 2289 exemplum

45 2301 138 2326 minus
154 2299 340 2333 emendatum,
356 2300 507 2335 praesertim
523 2308 584 2328 cum
602 2301 712 2329 deesset
726 2301 800 2328 aliud
822 2302 1009 2337 apngraplium
1028 2303 1100 2329 unde
1122 2301 1221 2336 corrigi
1242 2301 1324 2336 hujus
1338 2305 1419 2336 atque
1442 2301 1581 2328 emendari
1608 2302 1673 2330 vitia

45 2351 168 2378 lassent.
186 2346 290 2380 Itaque,
319 2354 476 2382 quanquam
494 2355 574 2382 :rgre,
605 2348 731 2376 concessi
750 2352 839 2375 tamen
864 2349 979 2383 petenti,
997 2354 1024 2376 et
1051 2357 1107 2376 rem
1124 2349 1233 2384 suscepi
1256 2357 1262 2377 :
1280 2353 1306 2376 et
1322 2356 1383 2376 cum
1409 2348 1524 2375 vitanda:
1541 2349 1675 2382 pestifer-ir

43 2393 216 2427 contagionis
231 2399 314 2420 causa
329 2401 371 2420 me
385 2394 412 2419 in
428 2394 543 2428 patriam
556 2401 590 2421 ex
612 2393 680 2421 urbe
695 2394 872 2428 recepissem,
889 2393 961 2428 apud
977 2394 1108 2421 Jacobum
1125 2394 1292 2422 Panlmsium
1307 2394 1430 2421 abbatem
1448 2394 1565 2420 rmnobii
1585 2393 1675 2420 Stein-

44 2438 137 2470 veldii,
154 2438 244 2464 virum
262 2443 290 2465 et
314 2437 423 2470 litteris,
440 2442 467 2465 et
486 2439 598 2473 pietate,
628 2443 655 2466 et
679 2439 822 2473 prudentia
847 2439 1065 2471 ornatissimum,
1082 2440 1134 2467 hoc
1148 2448 1217 2475 opus
1233 2440 1303 2468 haud
1320 2440 1381 2467 sine
1401 2439 1520 2466 maxime
1534 2439 1626 2466 labore
1642 2447 1674 2466 ar,

44 2486 154 2513 laesione
172 2485 315 2513 oculorum
328 2486 462 2520 descripsi
478 2495 485 2516 :
506 2486 579 2521 quod
598 2487 644 2513 ubi
666 2486 861 2521 transcriptum
880 2487 1063 2514 Bircomanno
1079 2487 1190 2514 tradidi.
1207 2488 1253 2514 Ille
1266 2495 1346 2522 porro
1362 2494 1467 2514 mecum
1482 2494 1561 2521 agere
1580 2486 1675 2522 ςαψίί⁸

43 2537 72 2558 ut
90 2532 164 2566 quod
177 2533 386 2567 descripserant,
403 2533 484 2560 etiam
500 2538 689 2561 converterem
706 2534 732 2561 in
746 2541 899 2562 sermonem
914 2534 1054 2561 Latinum.
1068 2535 1124 2569 Ego
1140 2541 1203 2560 vero
1219 2535 1310 2570 (quod
1327 2535 1399 2562 haud
1417 2533 1573 2570 ignorabam
1590 2542 1675 2568 quan-

44 2584 138 2612 topere
154 2578 219 2604 mihi
232 2579 403 2606 testuauduin
422 2584 507 2614 atque
519 2580 673 2607 sudandqu
689 2586 760 2608 esset
776 2581 802 2607 in
819 2588 913 2615 opere,
932 2581 1012 2615 cujus
1026 2588 1110 2607 urmm
1128 2580 1262 2607 duntaxat
1275 2585 1396 2608 exstaret
1410 2579 1573 2615 exernplnm,
1593 2579 1674 2614 idque

46 2624 138 2652 niuhis
156 2625 183 2651 in
199 2625 267 2652 locis
284 2625 413 2652 mutilum
430 2629 512 2660 atque
525 2625 728 2662 depravatum),
744 2627 941 2662 aliquantisper
960 2632 1117 2660 cunctatus,
1135 2627 1243 2654 tandem
1263 2627 1403 2659 Ecclesiae,
1416 2627 1442 2654 in
1461 2631 1513 2653 tam
1532 2626 1590 2654 utili
1605 2634 1674 2661 pra:-

43 2673 138 2700 sertim
165 2681 197 2700 ac
218 2674 264 2708 pio
281 2681 374 2708 opere,
397 2673 526 2708 juvantis:
547 2675 650 2708 studio,
671 2679 752 2709 atque
774 2676 854 2702 etiam
873 2675 1006 2703 tolerabili
1028 2683 1042 2702 a
1063 2675 1247 2702 Bircomanno
1261 2675 1399 2709 proposita
1426 2674 1593 2708 conditione,
1615 2682 1671 2702 rem

44 2725 190 2752 aggressus
208 2726 269 2746 sum
289 2728 296 2746 :
313 2726 345 2746 ac
370 2719 414 2746 vix
443 2719 553 2746 tandem
569 2719 684 2747 absolvi.
703 2719 770 2747 Nam
787 2728 986 2756 sapenumcro,
1009 2721 1072 2748 dum
1095 2721 1121 2748 in
1138 2720 1197 2747 lora
1215 2720 1308 2747 mutila
1323 2723 1404 2754 atque
1420 2727 1546 2755 corrupta
1570 2720 1672 2748 incide-

44 2764 115 2796 bam,
130 2764 212 2791 tmdio
236 2765 337 2792 laboris
363 2765 521 2801 frequenter
547 2767 628 2799 irriti,
643 2775 675 2795 ac
696 2769 895 2803 propemodum
921 2768 1112 2803 desperatione
1130 2768 1167 2795 rei
1195 2767 1310 2795 feliciter
1333 2766 1506 2794 absolvendar
1523 2767 1605 2802 (cum
1622 2775 1671 2796 nec

43 2818 149 2846 semper
165 2810 254 2838 otium
270 2812 365 2847 esset),
382 2812 416 2840 ab
429 2820 512 2848 opere
526 2814 645 2846 cessavi,
656 2814 728 2848 quod
746 2815 907 2850 plerumque
922 2815 1004 2842 etiam
1022 2814 1111 2842 faccrc
1126 2814 1211 2846 soleo,
1223 2814 1268 2842 ubi
1287 2813 1352 2841 milii
1370 2814 1426 2848 ipse
1440 2821 1493 2840 non
1514 2813 1668 2842 satisfacio;

43 2867 91 2888 nec
105 2859 179 2888 enim
193 2859 261 2887 mihi
278 2861 442 2896 persuadere
456 2869 582 2898 possunt,
605 2862 638 2890 ab
653 2862 714 2891 aliis
727 2862 870 2898 probatura
887 2863 931 2895 iri,
947 2863 1018 2898 quod
1035 2862 1214 2898 tniliimctipsi
1223 2862 1372 2898 displiceat.
1389 2861 1482 2896 itaque
1493 2869 1553 2889 cum
1571 2869 1667 2898 perpe-
