1897 3052
193 141 246 173 ΗΘ
713 139 922 170 LAURENTII
949 139 1076 169 SIFANI
1095 139 1301 170 PREFATIO.
1776 137 1855 171 480

193 203 269 224 tuum
286 195 314 223 in
331 195 517 224 convertendo
537 203 638 224 morem
654 203 764 224 servare
776 197 861 229 soleo,
872 201 963 223 utnon
979 200 1042 224 ante
1057 204 1165 232 pergam
1182 205 1263 232 opere
1275 197 1409 230 instituto,
1425 205 1506 232 quam
1520 197 1618 232 prioris
1635 198 1688 225 dici
1711 198 1854 225 labores

195 249 391 277 recognovcro,
409 247 436 270 et
451 251 538 278 usque
552 250 584 270 eo
601 251 756 277 corrcxero,
771 248 800 270 ut
816 243 908 271 animo
924 251 984 271 meo
999 244 1090 278 aliquo
1105 244 1186 271 modo
1203 245 1329 272 satisﬁat.
1351 244 1388 271 Ac
1404 251 1558 279 quanquam
1574 244 1637 271 mihi
1651 251 1704 271 non
1718 244 1855 277 ubique

194 289 314 317 satisfeci
348 290 405 324 (qui
426 289 497 316 cnitn
514 289 663 324 potuissem
679 290 706 317 in
725 290 758 318 iis
775 291 855 322 locis,
869 290 914 317 ubi
931 295 1061 325 corrupto
1076 292 1183 324 penitus
1198 298 1230 318 ac
1244 291 1368 317 mutilato
1383 290 1540 325 apographo
1550 290 1725 324 conjecturas
1741 286 1852 322 sequi

196 343 309 363 necesse
324 336 406 363 habui
420 336 453 371 ?),
471 336 554 363 malui
570 340 661 363 tamen
678 344 707 364 re
720 342 847 372 suscepta
865 337 943 364 ﬁdem
957 344 1045 364 meam
1063 337 1191 369 liberare,
1206 345 1256 365 nec
1267 338 1408 365 hominum
1422 337 1656 372 exspectationem
1673 334 1835 365 frustrari
1845 361 1853 367 ,

197 385 224 409 et
243 382 345 416 aliquid
362 383 453 418 potius
466 382 492 408 in
513 386 590 416 parte
605 382 708 416 operis,
722 383 793 417 quod
811 382 958 418 aliquando
973 383 1119 415 sarciatur,
1147 383 1240 410 minus
1254 382 1375 417 probari,
1389 389 1470 417 quam
1488 385 1574 409 totum
1589 389 1658 416 opus
1677 381 1725 408 diu
1746 379 1854 407 desi-

199 429 302 456 derari.
318 428 429 456 Habetis
451 429 531 456 simul
550 429 694 456 consilium
711 436 801 455 meum
815 428 842 455 in
859 428 1033 463 suscipienda
1047 436 1087 461 re,
1104 433 1129 456 et
1149 436 1178 456 re
1193 432 1332 463 suscepta,
1347 435 1460 455 causam
1475 436 1524 455 cur
1539 433 1593 455 tam
1611 435 1673 455 sero
1686 434 1758 462 opus
1784 425 1856 451 ab—

196 475 316 503 solutum
344 479 426 508 atque
442 474 593 510 perfectum
615 473 729 509 prodeat
757 474 784 501 in
811 475 910 501 lucem.
934 473 1002 500 Cum
1019 474 1102 509 igitur
1119 474 1194 508 operi
1209 474 1264 509 jam
1283 473 1479 508 propemodum
1496 473 1560 501 ﬁnis
1574 473 1721 508 impositus
1737 474 1853 503 esset,

199 525 281 555 atque
296 527 346 554 ego
363 527 467 546 tnecum
481 519 659 546 deliberarem
673 524 754 554 atque
767 519 951 546 consultarem
968 526 1048 553 quem
1067 519 1109 546 his
1129 519 1271 546 laboribus
1287 519 1354 546 meis
1369 519 1545 553 potissimum
1566 518 1722 554 deligerent-
1731 522 1855 552 patr-c-

198 574 274 595 nmn,
292 563 388 591 amicis
403 563 464 590 aliis
484 564 675 598 alios,cosque
689 563 873 598 amplissimos
883 563 993 598 quidem
1009 564 1093 596 viros,
1108 564 1155 592 sed
1171 564 1334 598 quibuscum
1351 563 1417 590 mihi
1429 564 1501 590 nulla
1512 563 1707 598 propemodum
1726 562 1852 590 notitia

198 611 393 643 intercederet,
426 612 663 646 proponentibus:
693 618 743 647 ego
770 619 832 638 cum
864 612 984 645 ineptum
1006 615 1033 639 et
1049 612 1234 646 importunum
1252 618 1313 638 esse
1334 611 1502 646 judicabam,
1519 619 1680 645 magnorum
1699 611 1852 638 virorum

196 667 348 694 eorumque
362 659 527 694 ignotorum,
541 662 568 685 et
582 658 614 685 ad
632 666 701 693 quos
716 659 820 685 nullum
841 658 903 693 quis
917 658 1019 685 aditum
1039 658 1145 690 habeat,
1165 658 1299 685 amicitias
1317 662 1453 693 appetere,
1470 665 1502 685 ac
1518 665 1579 685 sese
1596 665 1651 685 non
1669 657 1753 684 modo
1768 664 1854 684 ser-

198 704 296 736 viliter,
313 711 404 730 verum
425 704 507 731 etiam
525 704 697 739 impudenter
711 705 855 731 insinuare
872 713 878 730 :
892 709 949 731 tum
966 712 1033 731 mea:
1050 708 1156 730 natura!
1170 708 1253 739 atque
1278 704 1386 739 ingenio
1402 704 1527 731 videbam
1547 711 1603 730 rem
1627 711 1688 731 esse
1705 704 1854 731 maxime

199 753 342 780 adversam
357 757 384 780 ct
398 753 549 781 inimicam.
564 753 653 788 Atque
671 753 743 781 haud
760 754 919 789 ignorabam
931 761 988 786 eos,
1007 754 1107 789 quibus
1129 754 1230 789 ignotis
1249 753 1381 788 ejusmodi
1398 753 1486 780 Itonos
1503 753 1631 785 habetur,
1647 759 1701 778 non
1719 752 1853 786 absque

199 809 282 828 causa
295 801 431 835 suspicari
446 801 535 829 solere
552 809 630 829 suam
642 802 676 828 ab
692 801 851 829 [nominibus
865 801 1030 836 importunis
1047 801 1262 828 muniﬁcentiam
1279 805 1362 836 atque
1375 801 1564 828 liberalitatem
1588 799 1730 827 sollicitari
1750 807 1758 826 :
1785 797 1851 825 sed

199 847 222 873 si
237 848 299 882 quis
317 847 449 875 beneficio
464 847 578 875 affectus
591 848 675 874 animi
696 847 739 876 sui
757 848 950 882 gratitudinem
966 848 1107 876 declarare
1119 847 1309 880 studeat,eum
1330 855 1384 875 non
1402 847 1483 874 modo
1501 855 1555 874 non
1569 846 1718 878 offendere,
1731 851 1850 872 verum

199 893 281 920 etiam
296 893 415 927 laudent,
430 893 452 921 si
463 893 531 920 nihil
544 893 616 921 aliud
634 893 765 928 proficiat,
779 894 813 921 ab
830 894 987 921 hominibus
1000 894 1071 921 ferre
1086 894 1184 921 solere.
1200 892 1266 926 Quae
1280 901 1342 920 cum
1356 893 1448 920 anitno
1458 893 1600 928 agitarem,
1618 897 1700 927 atque
1716 891 1851 926 perple-

200 947 252 967 xus
270 940 399 968 hmrerem
415 940 459 967 cui
476 940 525 968 hos
543 948 618 968 meos
645 940 755 968 labores
769 940 873 975 absque
885 941 1038 969 offensione
1066 946 1148 976 atque
1172 941 1372 968 obtrectatione
1387 941 1547 975 cujusquam
1575 941 1731 968 dedicarem
1758 940 1846 974 (nor)

200 985 274 1011 enim
291 985 438 1012 convenire
451 992 501 1013 nec
513 985 641 1021 expedire
656 986 808 1018 videbatur,
818 986 919 1013 librum
931 986 1036 1022 absque
1051 991 1166 1022 patrono
1175 991 1256 1021 atquc
1269 986 1414 1014 defensore
1424 986 1555 1021 judicium
1566 986 1705 1013 hominum
1719 986 1845 1013 subire.

202 1033 354 1067 praesertim
371 1033 450 1068 cujus
470 1038 566 1061 auctor
580 1034 663 1061 etiam
679 1041 753 1061 nunc
767 1037 924 1069 superesset
939 1043 946 1061 :
970 1035 1071 1070 quippe
1085 1042 1147 1062 cum
1175 1035 1228 1062 vivi
1256 1035 1344 1070 magis
1367 1042 1447 1069 quam
1471 1035 1571 1062 mortui
1588 1034 1697 1061 invidias
1712 1033 1844 1061 obnoxii

201 1079 287 1107 simus
300 1084 328 1106 et
340 1080 559 1108 obtrectantibus
572 1081 743 1116 opportuni),
761 1088 810 1108 vos
824 1081 889 1108 mihi
903 1081 930 1108 in
946 1081 1054 1116 primis,
1068 1086 1097 1109 ut
1111 1089 1160 1117 par
1173 1086 1227 1113 est,
1242 1082 1269 1108 in
1285 1087 1404 1109 mentem
1417 1081 1543 1114 venistis,
1560 1081 1659 1116 quibus
1675 1088 1730 1108 non
1747 1081 1846 1108 modo

202 1129 315 1161 propter
329 1132 431 1159 vetera,
445 1134 538 1153 verum
557 1127 639 1154 etiam
658 1127 693 1154 ob
709 1128 828 1155 recentia
847 1128 955 1159 merita,
982 1129 1039 1156 imo
1061 1136 1128 1156 vero
1144 1132 1256 1163 propter
1274 1133 1433 1163 perpetuam
1456 1135 1519 1162 erga
1543 1135 1585 1154 tne
1615 1127 1843 1154 beneficentiam

203 1177 282 1206 atque
297 1172 495 1204 liberalitatem,
511 1173 631 1199 omnium
647 1173 724 1207 longe
740 1173 888 1208 plurimum
911 1173 1049 1200 deberem.
1064 1173 1123 1201 Non
1149 1181 1192 1201 me
1214 1173 1345 1208 praaterit,
1376 1172 1493 1200 auribus
1522 1173 1619 1200 vestris
1643 1173 1781 1207 ingratam
1811 1175 1843 1198 et

202 1217 379 1252 injucundam
400 1225 462 1245 esse
491 1218 664 1245 immodicam
683 1226 715 1246 ac
730 1219 840 1246 nimiam
862 1219 1033 1248 liberalitatis
1048 1224 1145 1247 vestrae
1175 1219 1394 1254 prmdicationem
1415 1227 1422 1245 :
1444 1226 1537 1245 verum
1553 1218 1624 1250 date,
1638 1225 1740 1252 qumso,
1758 1217 1844 1243 hanc

203 1263 311 1291 veniam
327 1263 404 1296 mihi,
420 1264 465 1290 cui
482 1264 549 1291 nihil
568 1273 686 1299 unquam
702 1267 803 1300 petenti
818 1266 985 1301 denegastis.
1000 1265 1047 1293 sed
1069 1266 1185 1300 plurima
1209 1273 1262 1292 non
1279 1265 1381 1300 petenti
1397 1265 1541 1296 tribuistis,
1557 1269 1586 1291 ut
1600 1263 1759 1292 summatim
1775 1263 1838 1290 sal-

203 1313 257 1336 tem
271 1310 297 1336 in
319 1317 361 1337 me
372 1311 471 1337 collata
490 1311 622 1338 beneﬁcia
639 1317 728 1339 vestra
745 1321 913 1348 percurram.
930 1313 997 1340 Nam
1021 1313 1106 1348 patris
1124 1313 1219 1344 vestri,
1243 1313 1403 1347 amplissimi
1421 1317 1501 1347 atque
1516 1312 1611 1347 optimi
1642 1311 1704 1343 viri,
1731 1312 1759 1338 in
1791 1318 1844 1337 me

204 1362 312 1382 summa
325 1356 424 1382 collata
442 1357 584 1388 beneﬁcia.
605 1358 658 1385 alio
679 1358 737 1385 loco
755 1358 862 1386 abunde
879 1358 946 1385 satis
962 1359 1184 1391 commemoravi,
1204 1366 1259 1393 quo
1275 1359 1328 1385 vita
1346 1357 1484 1390 defuncto,
1503 1366 1551 1385 vos
1566 1364 1620 1384 non
1636 1356 1718 1383 modo
1741 1356 1843 1383 facul-

204 1407 290 1429 tatum
303 1407 329 1430 et
345 1411 426 1438 opum
440 1403 514 1432 illius
529 1404 650 1432 hmrcdes
667 1405 823 1437 exstitistis,
837 1413 932 1432 verum
949 1405 1029 1432 etiam
1046 1405 1178 1432 virtutum
1203 1410 1230 1432 et
1253 1405 1424 1432 liberalitatis
1447 1405 1473 1431 in
1494 1404 1590 1439 primis
1609 1404 1763 1430 imitatores
1782 1403 1844 1429 fui—

205 1448 256 1475 stis
275 1457 282 1476 :
299 1457 359 1483 qua:
370 1453 446 1476 tanta
461 1451 565 1478 exstitit
588 1459 652 1486 erga
673 1459 725 1483 me,
749 1456 778 1478 ιιι
798 1451 871 1479 illius
891 1453 991 1479 mortui
1011 1451 1202 1479 liberalitatem
1225 1457 1308 1487 atque
1333 1451 1545 1479 munilicentiam
1569 1451 1641 1478 haud
1665 1457 1843 1484 magnopere

205 1496 398 1523 desiderarim.
414 1497 493 1531 Nam,
509 1499 690 1533 utsnperiora
711 1504 881 1533 prtetcrcam,
901 1507 961 1534 qua:
986 1499 1139 1534 frequentia
1164 1506 1246 1534 atque
1269 1499 1388 1534 ingentia
1413 1498 1533 1531 fuerunt,
1557 1498 1674 1533 primum
1697 1504 1746 1523 vos
1769 1499 1843 1521 ante

206 1541 359 1575 biennium,
383 1551 444 1570 cutn
471 1545 498 1571 in
523 1545 574 1572 hoc
595 1552 677 1580 opere
703 1554 836 1578 versarer,
861 1547 928 1573 nihil
943 1547 995 1573 tale
1012 1555 1066 1574 non
1084 1547 1164 1573 modo
1184 1547 1293 1581 petenti,
1311 1553 1404 1573 verum
1420 1547 1501 1573 etiam
1522 1553 1554 1572 ne
1568 1544 1698 1580 cogitanti
1719 1543 1839 1577 quidem

207 1587 305 1614 bonam
324 1588 446 1621 pecunia:
472 1597 606 1616 summam
630 1591 694 1617 mihi
723 1591 892 1626 suppeditari
919 1599 950 1618 ac
977 1592 1184 1619 subministrari
1214 1591 1332 1618 curastis
1350 1599 1357 1618 '.
1378 1591 1485 1623 deinde,
1502 1588 1840 1623 cumjamliberalitatcm

206 1637 325 1660 vestram
339 1634 420 1661 citius
437 1634 576 1669 fatigatam
589 1642 649 1662 esse
661 1636 818 1670 suspicatus
841 1636 964 1668 fuissem,
981 1644 1062 1671 quam
1094 1636 1197 1670 aliquid
1223 1635 1357 1670 ejusmodi
1374 1643 1495 1670 sperare,
1517 1634 1614 1661 nedum
1631 1639 1733 1668 petere,
1746 1640 1840 1660 auSuS

206 1687 308 1711 essem,
325 1684 388 1706 ante
404 1687 508 1714 paucos
520 1688 629 1708 menses
641 1682 794 1716 praeteritos
806 1690 883 1717 aeque
898 1690 995 1717 magna
1009 1686 1090 1717 atque
1106 1682 1217 1709 biennio
1235 1687 1298 1709 ante
1312 1690 1354 1710 mc
1367 1689 1472 1709 summa
1487 1680 1755 1721 pecttniasdonastis.
1772 1680 1840 1712 Quo

207 1725 340 1752 beneflcio
363 1730 486 1760 tempore
516 1728 778 1762 opportunissimoa
794 1730 871 1756 vobis
886 1733 1009 1764 accepto,
1028 1737 1090 1756 cum
1107 1729 1234 1755 videlicet
1260 1728 1438 1756 deliberarem
1468 1736 1548 1762 quem
1578 1726 1750 1761 potissimum
1770 1727 1839 1754 huic

207 1770 297 1804 partui
314 1779 374 1798 meo
394 1775 511 1800 tutorem
527 1780 559 1800 ac
579 1773 750 1802 defensorem
770 1783 907 1810 pararem,
928 1776 1019 1803 omnis
1045 1775 1180 1802 dubitatio
1202 1776 1396 1810 euuctatioquc
1414 1775 1479 1801 mihi
1497 1773 1692 1809 propemodum
1706 1778 1836 1808 exempta

207 1821 249 1842 est
267 1825 274 1843 :
291 1824 354 1843 nam
370 1818 490 1845 restabat
506 1819 589 1846 etiam
604 1828 677 1848 nunc
695 1821 842 1856 scrupulus
859 1829 940 1849 unus.
961 1821 1094 1854 Quoniam
1110 1821 1192 1848 etiam
1209 1821 1339 1852 sciebam,
1357 1828 1412 1855 quo
1428 1821 1519 1847 minus
1534 1819 1672 1854 appetitis,
1690 1826 1723 1846 eo
1739 1819 1839 1853 plures

207 1862 283 1890 vobis
291 1863 407 1890 honores
417 1864 527 1898 deferri,
535 1873 566 1906 ac
576 1867 675 1894 multus
688 1867 811 1896 homines
817 1868 912 1896 doctos
918 1869 995 1895 vobis
1004 1874 1069 1895 suos
1079 1866 1185 1894 labores
1198 1872 1278 1902 atque
1290 1867 1493 1894 lucubrationes
1506 1867 1656 1899 dedicasse,
1665 1865 1838 1893 subverehar

210 1915 245 1935 ne
263 1909 370 1936 animos
385 1914 491 1938 vestros
508 1911 608 1939 talibus
619 1913 706 1947 epulis
722 1914 837 1941 satiatos
851 1919 932 1948 atque
949 1913 1068 1948 repletos
1079 1913 1269 1946 intempestiva
1280 1913 1466 1940 benevolentia
1477 1912 1641 1940 offenderem
1655 1912 1737 1939 citius
1750 1919 1835 1946 quam

207 1953 261 1980 hoc
275 1961 375 1987 genere
388 1954 467 1982 officii
484 1957 599 1990 gratiam
616 1965 630 1983 a
648 1958 726 1985 vobis
743 1958 853 1986 inirem.
866 1958 919 1986 Sed
937 1963 1027 1985 tamen
1047 1966 1109 1985 cum
1123 1958 1190 1985 liber
1199 1958 1302 1992 absque
1316 1963 1433 1993 patrono
1445 1958 1557 1985 omnino
1574 1965 1626 1984 non
1641 1957 1835 1992 divulgandns,

213 2007 263 2026 nec
279 1999 419 2026 Itotninum
432 2000 537 2035 judicio
553 2002 724 2037 objiciendus
738 2011 800 2031 esse
817 2004 964 2036 videretur,
978 2008 1004 2031 et
1021 2012 1074 2031 nou
1087 2004 1155 2031 satis
1168 2003 1212 2033 pie
1231 2011 1280 2030 nec
1296 2008 1370 2031 recte
1385 2011 1427 2031 me
1441 2003 1576 2030 facturum
1595 2003 1836 2036 essejudicarem.

215 2046 237 2072 si
252 2046 329 2072 vobis
347 2047 492 2080 pratoritis
509 2048 578 2075 alios
591 2049 657 2075 mihi
672 2053 801 2084 patronos
815 2058 965 2084 qumrcrctn
980 2052 1044 2084 (non
1062 2051 1134 2078 enim
1151 2056 1311 2078 cteterorum
1328 2049 1467 2076 hominum
1483 2048 1576 2076 cadent
1595 2056 1655 2083 quae
1667 2053 1756 2075 vestra
1770 2053 1837 2076 sunt

220 2092 317 2126 udicia)
329 2093 410 2120 malui
421 2094 446 2121 in
459 2094 528 2121 hanc
541 2098 642 2130 partem
653 2103 773 2130 peccare,
785 2104 864 2131 quam
873 2097 998 2131 cuiquam
1009 2097 1097 2124 minus
1107 2097 1230 2132 prudenti
1240 2105 1292 2124 non
1307 2097 1374 2124 satis
1385 2101 1478 2130 gratus
1495 2094 1592 2122 videri.
1602 2094 1661 2122 Non
1674 2095 1746 2122 enim
1758 2095 1836 2121 video

209 2146 259 2166 nec
280 2147 388 2173 sperare
401 2148 508 2174 possunt
528 2140 586 2168 fore
600 2141 748 2176 aliquando
760 2146 877 2176 tempus,
895 2150 950 2177 quo
962 2143 1015 2170 alio
1027 2143 1106 2170 oﬁicii
1126 2151 1224 2177 genere
1238 2146 1320 2177 atque
1335 2143 1398 2173 hoc.
1412 2146 1501 2169 vestra
1519 2142 1649 2168 beneficia
1667 2142 1835 2168 remunerari

209 2185 324 2219 possim,
357 2185 458 2220 quippe
478 2195 539 2214 cum
562 2187 628 2214 nihil
648 2188 713 2214 mihi
742 2192 867 2222 suppetat
897 2193 995 2222 [ll'iElCl‘
1021 2189 1200 2216 voluntatem.
1229 2188 1287 2215 lluc
1308 2188 1413 2214 accedit
1432 2188 1504 2222 quod
1524 2187 1650 2214 videbam
1668 2186 1739 2214 haud
1755 2186 1835 2213 facile

210 2230 280 2257 alios
304 2238 337 2257 ex
368 2239 482 2259 uumcro
500 2233 650 2259 amicorum
672 2238 770 2266 pra'ter
787 2241 835 2260 vos
854 2242 895 2260 me
914 2235 1033 2269 reperire
1055 2242 1145 2269 posse,
1169 2235 1214 2269 qui
1233 2241 1294 2260 cum
1315 2238 1424 2268 propter
1436 2233 1578 2268 utriusque
1594 2233 1691 2267 linguae
1708 2232 1834 2267 peritiam

212 2278 282 2306 haud
302 2280 438 2314 vulgarem
455 2281 557 2315 optimc
583 2281 617 2308 dc
643 2281 798 2314 hujusmndi
828 2282 937 2316 scriptis
963 2282 1088 2317 judicare
1105 2285 1224 2316 possent,
1252 2285 1308 2308 tum
1335 2280 1451 2308 candide
1463 2286 1545 2315 atque
1564 2281 1671 2307 sincere
1685 2278 1834 2313 iudicaturi

213 2329 314 2352 rsscnt.
330 2326 512 2359 Quamobrem
528 2336 542 2354 a
557 2327 633 2355 vobis
651 2336 699 2362 pro
717 2333 805 2355 vostra
825 2328 852 2355 in
873 2336 914 2355 mc
930 2333 1059 2362 perpetua
1073 2335 1105 2354 ac
1123 2327 1239 2354 maxima
1251 2327 1438 2355 benevolentia
1453 2326 1583 2360 majorem
1603 2325 1630 2352 in
1650 2325 1760 2352 modum
1774 2328 1835 2358 peto

211 2379 368 2408 qnzcsoqnc,
385 2378 412 2400 ut
425 2373 497 2401 hunc
514 2381 625 2408 parvutn
639 2378 666 2400 et
679 2374 806 2407 exiguum
825 2377 942 2408 partum,
957 2381 1038 2408 quem
1051 2373 1128 2400 vobis
1145 2373 1172 2400 iu
1188 2373 1341 2400 clientelam
1357 2376 1383 2399 et
1401 2371 1479 2399 fidem
1496 2371 1667 2402 commendo,
1683 2371 1717 2398 ab
1737 2370 1835 2399 invidis

212 2419 286 2446 omni
306 2426 358 2453 ope
372 2420 453 2452 tueri,
468 2427 482 2446 a
497 2419 743 2446 calumniatoribus
758 2424 783 2446 et
797 2419 1029 2447 obtrectatoribus
1048 2418 1177 2446 omnibus
1194 2419 1297 2446 viribus
1314 2417 1461 2445 defendere
1477 2417 1566 2444 velitis
1587 2425 1594 2443 :
1612 2417 1659 2451 qui
1676 2416 1698 2443 si
1722 2423 1737 2443 a
1759 2417 1834 2443 vohis

212 2466 310 2501 dignus
336 2464 472 2500 judicatus
501 2465 581 2492 fuerit
605 2472 684 2499 quem
709 2465 920 2499 amplectamim',
945 2471 1027 2498 quem
1058 2464 1084 2491 in
1108 2463 1238 2491 familiam
1268 2469 1384 2492 vestram
1421 2462 1561 2497 recipiatis
1575 2466 1656 2496 atque
1671 2461 1797 2494 foveatis,
1813 2462 1833 2488 si

215 2513 375 2540 hominibus
395 2514 447 2547 piis
462 2519 486 2540 et
499 2513 633 2540 studiosis
647 2512 796 2548 aliquando
813 2513 889 2540 utilis
909 2511 1002 2543 fuerit,
1019 2512 1087 2539 nihil
1105 2512 1172 2539 mihi
1197 2512 1260 2538 istic
1283 2511 1438 2542 vindicabo,
1467 2510 1495 2537 in
1512 2517 1562 2537 vos
1580 2516 1677 2537 omnes
1690 2508 1834 2542 meumjus

213 2559 360 2590 transfero,
375 2566 491 2592 quorum
508 2558 607 2593 opibus
623 2559 734 2593 adjutus
749 2564 776 2585 et
790 2562 971 2590 sustentatus,
991 2557 1064 2585 hunc
1080 2557 1173 2586 fretum
1191 2557 1306 2591 produxi
1334 2565 1340 2583 :
1368 2556 1415 2590 qui
1431 2555 1520 2583 sicubi
1537 2555 1687 2583 deformior
1711 2555 1835 2582 minusve

214 2605 350 2640 perfectus
366 2609 393 2631 et
421 2605 446 2631 in
468 2604 557 2638 aliqua
577 2609 652 2638 parte
669 2604 711 2632 sui
732 2603 842 2633 nmtilus
858 2610 889 2630 ac
904 2602 1067 2638 depravatus
1084 2603 1252 2637 apparuerit,
1275 2601 1326 2629 hoc
1342 2602 1439 2636 partim
1456 2601 1531 2628 vitiis
1543 2601 1638 2628 matris
1649 2600 1759 2632 Graecas,
1776 2605 1835 2634 qua:

214 2653 280 2680 mihi
296 2652 367 2679 haud
383 2653 539 2687 incorrupta
549 2652 694 2680 conciliata
711 2654 761 2682 est,
775 2650 949 2677 attribuitote
968 2659 974 2676 :
992 2650 1091 2685 partim
1110 2657 1175 2676 mea:
1188 2648 1358 2676 inbecillitati
1372 2649 1550 2684 assignatote,
1569 2656 1584 2675 a
1609 2655 1673 2682 quo,
1690 2650 1834 2680 superante

215 2699 286 2725 malo
301 2699 372 2725 vires
392 2703 418 2725 et
435 2698 572 2733 ingenium
590 2697 714 2728 artificis,
732 2697 823 2723 omnia
853 2695 954 2731 corrigi
981 2700 1007 2722 et
1036 2694 1174 2722 emendari
1196 2703 1248 2721 non
1278 2699 1435 2729 potuerunt.
1454 2694 1521 2720 Nam
1537 2694 1560 2722 si
1575 2694 1637 2728 quis
1666 2693 1786 2727 iniquior
1810 2698 1834 2719 et

217 2743 364 2776 malignior
380 2743 463 2777 judex
486 2745 553 2775 lucc,
568 2751 628 2776 quae
647 2742 680 2770 dc
698 2742 792 2768 tnatris
809 2741 908 2768 Graecm
927 2741 998 2767 vitiis
1013 2740 1084 2771 dico,
1105 2741 1195 2768 minus
1215 2740 1321 2767 sincera
1338 2745 1419 2775 atque
1434 2739 1538 2774 integra
1555 2739 1606 2766 fide
1626 2746 1640 2765 a
1665 2746 1706 2764 mc
1721 2737 1832 2772 proferri

218 2791 412 2826 suspicabitur.
428 2791 574 2824 producam
601 2798 695 2818 eorum
710 2797 770 2824 qua:
787 2790 848 2816 dico
866 2788 1112 2823 locupletissimum
1132 2792 1238 2820 testem,
1270 2787 1452 2814 clarissimatu
1480 2786 1724 2818 doetissimumque
1749 2784 1833 2810 virum

219 2837 246 2863 ι).
265 2836 396 2864 Joannem
415 2837 579 2865 Samhucuni
599 2838 766 2864 Pannonium
784 2846 788 2861 :
822 2836 849 2863 in
865 2835 922 2869 ejus
937 2834 1007 2862 enim
1033 2838 1166 2869 putt-state
1183 2834 1276 2862 matris
1301 2834 1379 2861 istius
1397 2837 1521 2868 parentes
1540 2836 1612 2864 sunt,
1631 2835 1657 2858 ct
1671 2830 1831 2861 clarissima,
