1897 3052
48 137 89 170 i8l
556 132 764 164 LAURENTll
781 130 908 161 SlFANl
924 131 1130 163 PREFATIO.
1600 135 1654 167 432

49 191 191 227 gravissima
208 190 419 226 llrmissimaque
429 194 538 217 exstant
555 196 661 219 eorum,
675 193 736 221 qua:
750 185 823 218 dico,
846 186 924 220 signa
940 189 1022 220 atque
1045 186 1218 214 documenta.
1233 187 1296 215 llaec
1311 195 1358 216 vos
1385 187 1488 221 ideirco
1505 191 1654 217 monendos

50 238 237 273 essejudicati,
252 243 283 264 ut
299 237 490 265 instructiores
505 235 566 263 sitis
584 233 716 260 adversus
731 240 778 260 eos
797 232 842 266 qui
859 233 942 259 istum
959 231 1054 259 fimum
1075 233 1212 260 voluerint
1231 234 1390 269 impugnare
1403 254 1410 265 ,
1432 242 1495 261 nam
1521 241 1651 270 quantum

49 285 70 312 in
85 292 122 310 me
137 284 197 315 fuit,
211 284 281 311 nulli
299 291 348 311 nec
362 283 448 310 labori
465 290 515 309 nec
531 281 678 316 diligentite
693 280 720 306 in
736 287 768 306 eo
787 279 914 314 ﬁngendo
929 283 1012 314 atque
1029 279 1172 307 formando
1187 288 1305 315 unquam
1323 281 1440 315 peperci.
1459 280 1529 314 Quid
1547 281 1654 316 pra'sti-

48 330 114 356 teritn
141 329 239 363 quidve
266 334 410 357 assecutus
433 329 497 360 sim,
520 327 651 362 quoniam
675 330 784 353 exstant
813 326 979 352 documenta
1007 325 1101 353 Grzcce
1128 331 1211 362 alque
1241 326 1346 358 Latine,
1378 331 1460 362 atque
1487 327 1555 354 adeo
1574 331 1655 354 caete-

49 382 127 401 rorum
141 374 283 401 hominum
300 375 444 410 utriusque
458 374 556 409 lingua:
570 373 731 408 peritorum,
745 371 768 398 si
785 370 913 399 vitiorum
927 370 1008 398 modo
1019 374 1176 398 memorata:
1185 371 1279 399 matris
1289 371 1389 399 Grecae
1403 371 1534 398 rationem
1553 371 1655 398 habue-

49 423 107 454 ritis,
121 422 221 456 judicio
241 422 379 457 permitto.

76 467 145 499 Quod
163 467 260 495 attinet
274 467 308 494 ad
322 468 455 495 rationem
473 470 638 502 temporum,
663 467 764 503 quibus
781 466 878 493 vixerit
892 464 1114 501 Theophylactus
1132 464 1266 499 Bulgaria:
1282 465 1515 500 archiepiscopus,
1531 464 1652 492 nondum

49 513 103 540 mihi
129 513 193 540 satis
210 518 339 540 constare
362 513 472 546 potuit:
490 517 520 540 ut
543 515 613 540 enim
641 513 779 546 conjicere
801 519 923 546 possum.
947 511 1040 546 plures
1056 512 1107 539 hoc
1129 512 1238 539 nomine
1251 511 1370 539 fuerunt.
1391 512 1458 539 Nam
1474 511 1655 547 Nicephorum

51 557 229 584 Ecduiauica:
246 558 374 586 Historia
390 559 436 586 lib.
454 567 508 590 xiv.
523 567 583 594 cap.
602 560 646 591 39.
663 559 708 586 ubi
722 559 755 586 de
769 558 948 585 translatione
962 557 1065 592 aliquot
1078 557 1268 593 episcoporum
1292 558 1358 592 agit,
1376 558 1476 585 Basilio
1496 554 1654 592 Porpher-

49 610 147 638 g-‘nneta
163 604 400 640 Constantinopoli
419 606 582 640 imperante,
600 606 833 641 Theophylaclum
856 605 1001 640 quemdam
1020 605 1153 632 Sebastiaa
1174 605 1345 640 episcopum-
1359 604 1469 632 Rosiam
1489 604 1652 631 translatum

49 658 99 678 esse
112 651 213 678 serit-it.
227 650 393 679 Wilbelmus
408 652 559 683 Lindanus.
573 659 659 679 sacra;
674 651 818 686 theologia
834 651 974 685 professor
988 650 1177 683 Lovanicnsis.
1195 651 1222 678 in
1237 650 1414 685 chronologia
1433 658 1515 685 quam
1536 650 1567 676 ad
1581 649 1655 676 lion-

49 703 94 725 tvm
105 704 155 723 sum
171 696 309 731 Panopr
322 698 457 732 apposuit,
473 697 703 732 Theophylactum
715 697 873 733 quemdam.
890 704 969 732 quem
992 697 1018 723 in
1033 696 1077 723 illa
1093 704 1140 723 sua
1158 695 1289 730 Pauoplia
1301 697 1371 723 inter
1387 701 1500 723 caeteros
1516 699 1653 722 auctorem

51 747 145 770 seruttts
160 743 206 776 sit,
229 751 303 771 anno
326 751 341 771 a
364 745 506 772 nativitate
523 745 629 772 Domini
649 745 891 780 septingentesimo
916 743 1019 771 vix-isse
1042 744 1187 779 significat,
1209 743 1256 770 sed
1278 743 1358 777 c'ujus
1374 743 1493 770 civitatis
1507 742 1652 776 episeOpus

53 788 129 820 fuerit.
144 796 196 815 non
212 789 320 824 adjicit.
334 789 380 818 Est
399 795 488 818 autetu
501 790 661 822 verisimile,
677 790 807 825 quoniam
824 790 927 817 nullius
943 789 1068 821 alterius,
1083 789 1154 824 quod
1166 789 1291 824 equidem
1308 789 1404 822 sciam,
1420 789 1521 822 scripta
1535 793 1654 820 exstant,

52 833 110 860 hunc
119 834 352 870 archiepiscopum
368 835 499 870 Bulgaria:
516 836 550 862 ab
564 835 610 862 illo
623 835 786 870 significari.
805 843 885 869 quem
904 835 986 861 etiam
1003 834 1135 862 Erasmus
1150 834 1336 870 Chrysostomi
1362 833 1577 861 abbreviatorem
1594 841 1655 860 esse

53 879 117 912 dixit,
134 885 159 907 et
173 881 271 909 titulus
288 881 370 917 hujus
386 883 477 917 operis
495 883 544 908 hoc
556 889 612 916 pra:
627 889 656 909 se
670 881 731 908 fert.
747 880 814 908 Nam
836 889 890 908 non
911 881 1000 908 solum
1016 888 1049 907 ex
1067 879 1174 907 Joanne
1192 880 1400 915 Chrysostomo,
1413 887 1507 906 verum
1525 880 1606 910 etiam
1621 887 1653 907 ex

51 925 145 958 Basilio,
167 925 282 961 Cyrillo.
312 927 424 960 Severo,
435 933 467 955 et
483 929 621 956 nonnullis
635 928 708 959 aliis,
723 935 784 962 qua:
797 927 830 954 ad
851 927 1019 962 propositum
1036 932 1062 955 et
1084 935 1139 953 rem
1161 927 1312 954 institutam
1328 926 1464 960 pertinere
1484 926 1655 959 viderentur,

50 972 182 1006 desumpsit
195 976 223 1000 et
237 973 266 1000 in
279 981 363 1000 unum
376 981 477 1009 corpus
492 975 628 1002 contraxit
645 982 652 1001 :
674 981 755 1008 quant
768 980 823 999 rem
842 979 895 999 non
912 972 993 999 modo
1011 980 1096 1006 genus
1109 971 1229 1002 dicendi.
1253 971 1276 998 si
1292 971 1354 1006 quis
1377 971 1498 998 animum
1522 972 1656 1004 attendat,

51 1024 129 1044 verum
143 1019 224 1045 etiam
245 1019 355 1046 nomina
371 1025 511 1047 auctorum
528 1019 556 1047 in
569 1019 691 1054 margine
707 1022 838 1045 annotata
853 1018 1008 1051 significant
1028 1021 1108 1052 atque
1125 1017 1273 1044 declarant.
1286 1017 1406 1044 Joannes
1418 1016 1658 1052 OEcolampadius,

51 1070 72 1101 in
85 1063 231 1097 pm'falione
245 1073 327 1100 quam
344 1066 470 1100 apposuit
484 1065 676 1101 Theophylaeti
690 1069 806 1100 quatuor
821 1063 1026 1099 Evangeliorum
1044 1064 1206 1098 explication
1220 1063 1271 1090 bus
1284 1062 1318 1090 ab
1345 1071 1405 1090 sese
1423 1064 1573 1095 conversis,
1589 1063 1657 1090 nih.l

51 1110 110 1137 aliud
124 1118 198 1144 quam
216 1112 292 1138 illum
311 1113 382 1139 inter
393 1112 499 1140 Gratcos
512 1112 651 1147 theologos
664 1114 841 1139 recentiorem
852 1111 936 1137 fuisse
945 1110 1090 1144 signiﬁcat,
1113 1109 1160 1136 sed
1175 1109 1248 1136 baud
1266 1109 1341 1136 falsis
1353 1117 1414 1136 eum
1426 1109 1552 1138 laudibus
1566 1116 1657 1142 ornat,

51 1163 107 1190 quas
119 1157 139 1183 si
156 1157 216 1191 quis
234 1148 359 1192 requirit,
376 1165 409 1183 ne
421 1157 455 1183 ah
469 1157 530 1184 aliis
541 1157 609 1184 bene
624 1156 696 1184 dicta
717 1156 782 1183 mihi
799 1163 860 1183 eum
870 1154 979 1182 fastidio
995 1155 1142 1190 legentium
1157 1160 1278 1189 repetere
1294 1163 1404 1182 necesse
1419 1156 1464 1187 sit,
1482 1156 1555 1182 illinc
1574 1161 1657 1190 petat,

53 1206 120 1235 atque
129 1203 208 1229 etiam
225 1211 259 1230 ex
274 1203 434 1238 przefatione
446 1202 548 1230 Nicolai
566 1203 682 1233 Beraldi.
697 1210 757 1237 qum
775 1202 919 1236 praeposita
938 1206 980 1228 est
996 1200 1210 1228 Commentariis
1225 1201 1298 1229 illius
1315 1201 1340 1228 in
1352 1201 1487 1236 Epistolas
1496 1202 1550 1229 divi
1565 1202 1656 1235 Pauli,

51 1255 62 1273 a
76 1247 265 1283 Christophoro
281 1249 411 1281 Porsena,
425 1248 558 1281 Romano,
578 1248 604 1276 in
618 1247 745 1275 Latinum
764 1255 916 1275 sermonem
931 1247 1073 1273 conversis
1087 1256 1093 1274 :
1115 1247 1161 1281 qui
1175 1247 1185 1282 (
1201 1247 1273 1282 quod
1291 1248 1427 1282 praeterire
1442 1256 1494 1275 non
1519 1256 1629 1283 possunt
1648 1250 1658 1283 )

55 1301 62 1316 ε
80 1291 158 1320 Unum
182 1294 246 1327 hor,
272 1295 370 1329 inquit,
401 1295 467 1322 satis
496 1299 614 1327 constat,
638 1294 665 1321 in
684 1295 726 1322 his
742 1293 954 1322 Commentariis
970 1293 1013 1327 pia
1029 1300 1090 1320 esse
1105 1294 1199 1320 omnia
1213 1299 1241 1322 et
1261 1294 1413 1321 orthodoxa
1429 1294 1562 1330 longeque
1577 1295 1658 1322 abiis

52 1339 194 1366 dissidentia
213 1348 276 1374 qua:
290 1340 477 1375 theologorum
490 1341 586 1374 vulgus
603 1340 724 1375 quotidie
743 1347 842 1374 magno
862 1338 1010 1373 supercilio
1031 1338 1146 1366 indocta:
1165 1340 1250 1373 plebis
1271 1340 1384 1367 auribus
1405 1341 1536 1368 inculcat.
1553 1341 1658 1376 Ubique

55 1386 116 1413 enim
130 1387 311 1422 apostolicum
330 1392 424 1422 pectus
450 1395 504 1413 non
521 1387 603 1413 modo
629 1386 748 1421 explicat
773 1385 865 1420 operis
882 1386 963 1420 hujus
981 1391 1089 1417 auctor,
1102 1385 1149 1412 scd
1166 1386 1248 1412 etiam
1263 1386 1357 1417 refert,
1376 1386 1446 1420 sapit
1465 1394 1496 1412 ac
1509 1387 1606 1421 spirat,
1631 1387 1657 1414 id

53 1433 114 1466 quod
129 1441 207 1467 qttatu
225 1433 321 1468 paucis
337 1433 434 1460 merito
449 1433 623 1460 tribuendum
641 1433 688 1464 sit,
715 1432 793 1459 facile
823 1432 968 1467 intelliget,
1000 1432 1047 1466 qui
1073 1432 1191 1459 novitios
1209 1431 1348 1466 theologos
1366 1432 1486 1466 antiquis
1503 1432 1567 1464 illis,
1595 1440 1657 1460 cum

54 1478 143 1505 Latinis
164 1485 218 1506 tum
238 1479 351 1511 Circeis,
367 1479 562 1514 composuerit.
583 1490 591 1504 1
614 1479 676 1505 liae
692 1478 833 1506 Beraldus.
848 1479 1074 1514 (Ecolampadius
1090 1479 1222 1514 prolixius
1235 1485 1265 1505 ac
1281 1478 1438 1513 singulatim
1464 1477 1658 1513 Theophylacti

54 1525 153 1552 virtutes
174 1525 347 1560 persequitur
364 1529 446 1560 atque
474 1529 607 1558 recenset.
626 1523 842 1559 Christophorus
853 1524 985 1556 Porsena,
1002 1525 1029 1551 in
1045 1531 1093 1552 sua
1108 1523 1268 1551 Praefatione
1283 1523 1316 1550 ad
1331 1524 1438 1550 Sixtum
1453 1523 1486 1550 ιγ
1503 1525 1658 1559 pontificem

54 1569 200 1603 Romanum,
232 1571 430 1607 Theophylacti
464 1574 616 1605 temporum
647 1570 748 1598 nullam
783 1570 848 1598 facit
876 1571 1054 1597 mentionem.
1086 1569 1159 1597 Misit
1187 1570 1219 1596 ad
1251 1577 1300 1597 nos
1319 1569 1350 1596 D.
1366 1569 1486 1597 Joannes
1507 1570 1660 1597 Sambucus

53 1619 186 1646 orationem
201 1618 324 1646 Graecam
341 1619 390 1646 hac
404 1618 582 1653 inscriptione
599 1627 607 1646 :
623 1618 802 1653 Θεοφυλάχτοι

923 1618 963 1649 εἰς
988 1618 1034 1644 τὸν
1053 1618 1243 1653 αὐτοκρατορα
1264 1618 1359 1653 κύριον
1394 1617 1512 1650 Ἀλέξων
1539 1619 1584 1644 τὸν
1609 1619 1660 1646 Ko-

55 1666 150 1700 μνηνόν.
163 1666 242 1700 Quod
257 1667 278 1694 si
296 1667 320 1694 is
330 1671 372 1693 est
392 1671 486 1693 noster
504 1665 735 1701 Theophylactus,
746 1673 844 1700 nempe
857 1665 1082 1700 archiepiscopus
1098 1665 1242 1700 Bulgariin.
1257 1665 1313 1700 jam
1336 1673 1388 1692 non
1412 1665 1528 1700 amplius
1547 1665 1660 1692 dubium

54 1717 105 1738 esse
120 1717 202 1746 potest
218 1720 273 1747 quo
287 1716 407 1746 tempore
419 1705 526 1739 vixerit.
537 1711 690 1739 Nihilaliud
706 1719 755 1746 ego
766 1718 854 1746 neque
868 1711 902 1738 de
915 1711 969 1738 vita
986 1719 1072 1746 neque
1084 1711 1117 1738 de
1129 1711 1298 1746 temporibus
1314 1711 1396 1746 hujus
1411 1712 1497 1739 nostri
1516 1711 1660 1745 Thcophy-

56 1757 108 1784 laeti
134 1759 276 1794 diligenter
293 1759 443 1786 scrutando
459 1764 541 1794 atque
554 1759 717 1794 inquirendo
733 1759 809 1794 potui
836 1759 968 1786 invenire.
991 1759 1068 1791 Quod
1095 1759 1228 1793 reliquum
1249 1763 1300 1792 est,
1317 1767 1364 1786 vos
1382 1759 1462 1786 etiam
1479 1763 1561 1794 atque
1578 1760 1660 1786 etiam

59 1814 113 1839 rogo
128 1815 157 1835 ac
172 1808 348 1836 vehementer
365 1811 438 1842 peto,
452 1811 481 1834 ut
497 1807 548 1834 hoc
562 1807 690 1842 exiguum
712 1811 794 1842 atqtte
809 1806 877 1834 adeo
891 1806 1080 1833 tenuissimum
1109 1807 1312 1839 munusculum,
1337 1808 1415 1834 vobis
1438 1807 1502 1834 liect
1517 1807 1660 1842 indignum

56 1854 191 1889 vestrisque
210 1855 237 1881 in
255 1863 297 1882 me
312 1854 428 1882 summis
444 1854 583 1881 beneﬁciis
597 1861 629 1880 ae
646 1853 752 1880 meritis
768 1852 944 1887 impunequi
960 1856 1050 1879 tamen
1064 1851 1154 1879 facere
1166 1853 1285 1887 bonique
1298 1853 1451 1884 consulere,
1465 1858 1492 1880 et
1507 1859 1535 1880 ιιι
1555 1854 1588 1880 ab
1601 1852 1662 1879 ani-
1710 1871 1712 1874 μ

56 1899 84 1924 ιιιὶ
97 1900 277 1929 benevolentia
292 1906 373 1936 atque
390 1900 557 1936 gratitudinc
571 1899 735 1935 profectum,
755 1899 836 1926 hilari
853 1899 929 1926 vultu
944 1899 1058 1932 laetaque
1070 1898 1159 1924 fronte
1173 1898 1297 1932 accipere
1312 1899 1412 1925 velitis.
1431 1898 1487 1925 lloc
1502 1899 1524 1925 si
1547 1906 1561 1925 a
1582 1899 1661 1925 \obis

55 1951 203 1974 consecutus
230 1947 318 1980 fuero,
344 1947 452 1974 abunde
479 1946 546 1974 satis
573 1952 686 1980 tnagnos
713 1945 839 1973 laborum
867 1952 911 1972 me
938 1943 1045 1971 fructus
1068 1943 1176 1977 cepisse
1203 1942 1378 1972 existimabo.
1397 1943 1467 1971 Bene
1484 1944 1579 1977 valete,
1609 1945 1662 1972 \‘iri

56 1994 213 2026 amplissimi.

85 2074 116 2101 Et
131 2077 296 2105 monasterio
315 2077 488 2105 Steinvveldio
503 2085 540 2104 xtt
557 2076 693 2104 Kalendas
705 2075 885 2110 Septembris,
904 2081 977 2102 anno
990 2073 1094 2101 Domini
1111 2073 1188 2101 l567.

58 2278 224 2309 Clarissimo
242 2277 582 2316 excellentissimoque
598 2277 680 2312 viro.
715 2277 749 2307 D.
776 2275 904 2316 Joannii
917 2277 1087 2316 Sauuvco,
1105 2276 1283 2316 Pannonio,
1311 2276 1461 2306 Cmsarem
1480 2275 1660 2316 rMajcslatis

99 2319 216 2349 tnedico
234 2321 265 2348 et
281 2315 553 2356 historiographo,
569 2316 762 2347 Laurentius
775 2315 952 2351 SIFANUS,
971 2315 1209 2353 Prunst‘eldius,
1232 2317 1260 2346 .l.
1279 2316 1313 2346 U.
1331 2316 1456 2351 Doctor,
1473 2315 1504 2346 S.
1520 2316 1552 2345 P.
1569 2315 1607 2344 Ι).

87 2419 118 2446 En
133 2421 219 2454 prodit
233 2421 340 2450 tandem
356 2422 383 2449 in
395 2423 544 2457 publicum,
562 2422 604 2450 vir
614 2421 776 2453 clarissime.
791 2421 1011 2458 Thcophylactus
1024 2426 1088 2449 tuus
1109 2422 1221 2449 Grtecus
1231 2429 1245 2448 a
1264 2429 1306 2448 mc
1321 2421 1412 2448 factus
1436 2420 1549 2448 Latinus
1562 2429 1569 2447 :
1583 2423 1659 2447 tuum
1695 2434 1698 2437 -

59 2463 120 2497 dico,
136 2475 187 2500 quo
200 2475 369 2499 careremus,
385 2469 439 2496 nisi
455 2473 483 2496 ttt
501 2468 573 2503 quod
588 2468 735 2503 separatim
749 2467 850 2496 habere
865 2469 912 2496 tibi
923 2468 1062 2503 proprium
1079 2468 1185 2500 licebat,
1200 2474 1344 2495 commune
1357 2474 1389 2494 ac
1405 2466 1542 2501 publicum
1559 2466 1659 2493 bonunt

61 2518 111 2539 esse
124 2515 274 2543 maluisses.
291 2515 379 2543 Causa
395 2523 444 2543 cur
458 2520 512 2543 tam
530 2523 592 2544 sero
615 2516 745 2551 prodeat,
762 2521 790 2543 ut
807 2516 889 2543 etiam
909 2516 1013 2543 librarii
1039 2516 1146 2551 culpam
1164 2515 1292 2550 recipiam
1315 2515 1342 2541 in
1360 2522 1413 2545 me,
1430 2515 1487 2541 lucc
1513 2518 1564 2544 est,
1586 2513 1659 2548 quod

58 2557 111 2585 dum
126 2560 166 2587 ille
177 2561 210 2588 de
228 2569 271 2588 me
286 2561 393 2594 Latine,
407 2570 458 2596 ego
468 2562 502 2590 de
516 2562 563 2590 illo
596 2561 689 2590 Graece
704 2562 812 2590 discere
829 2562 995 2594 nitebamur,
1010 2562 1055 2590 ubi
1076 2563 1147 2589 alter
1165 2564 1279 2588 alterum
1310 2561 1401 2588 minus
1431 2560 1659 2594 iutelligebamus,

60 2609 110 2631 cum
123 2605 253 2642 interpres
267 2607 377 2642 utrique
391 2607 511 2640 deesset,
528 2613 609 2643 atque
623 2608 695 2636 haud
707 2609 876 2643 incorruptis
891 2609 1026 2637 ministris
1041 2613 1193 2640 uteremur,
1210 2607 1376 2641 coniecturis
1393 2607 1493 2642 quibus
1511 2607 1578 2633 alter
1593 2607 1661 2633 alte-

59 2648 106 2677 rius
120 2658 195 2679 scnsa
222 2660 443 2688 assequeremnr,
460 2654 552 2681 multis
575 2654 601 2681 in
625 2654 691 2682 locis
711 2655 749 2681 uti
766 2654 913 2682 habuimus
938 2661 1058 2682 necesse.
1085 2654 1169 2689 Cujus
1196 2654 1233 2681 rei
1258 2654 1388 2688 quoniam
1405 2654 1478 2680 clara
1496 2653 1659 2680 documenta

59 2700 111 2722 sunt
121 2699 145 2724 in
160 2703 298 2734 promptu,
317 2707 351 2727 ne
363 2700 456 2734 inepta
472 2700 628 2735 prolixitate
641 2701 787 2727 verborum
806 2700 977 2735 typographo
993 2699 1130 2727 festinanti
1145 2700 1196 2727 sim
1209 2700 1235 2726 in
1253 2707 1338 2729 mora.
1354 2704 1378 2726 te
1389 2699 1470 2726 etiam
1485 2704 1566 2733 atque
1576 2700 1658 2726 etiam

60 2746 122 2776 rogo,
133 2749 161 2772 ut
177 2746 234 2774 haec
245 2746 304 2781 ipsa
320 2753 380 2782 qua:
394 2747 456 2774 dico
472 2746 634 2774 documenta
656 2747 806 2774 scrutando
828 2750 909 2780 atque
923 2746 1116 2778 examinando,
1139 2754 1246 2780 aequum
1269 2752 1292 2773 te
1309 2745 1373 2772 mihi
1386 2745 1506 2779 judicent
1523 2750 1604 2781 atque
1619 2745 1660 2772 fa-

61 2793 151 2818 ventem
163 2792 294 2826 praebere,
309 2796 337 2820 et
348 2792 429 2820 istam
447 2799 557 2827 operam
574 2800 654 2828 quam
674 2792 787 2827 praestiti
804 2791 874 2827 arqui
892 2792 1010 2826 bonique
1035 2791 1124 2821 facere
1143 2792 1220 2818 velis.
1237 2791 1312 2824 Quod
1327 2791 1460 2825 reliquum
1475 2795 1528 2823 est,
1548 2798 1660 2826 magnas

61 2833 99 2861 tibi
110 2840 132 2864 et
146 2837 250 2873 agimus
265 2841 292 2866 et
308 2837 440 2866 habemus
455 2838 568 2874 gratias,
586 2839 632 2874 qui
651 2838 723 2866 istud
741 2839 906 2873 mancipium
923 2838 1036 2872 publica:
1053 2838 1178 2865 utilitatis
1192 2838 1335 2869 insorvire,
1346 2845 1425 2872 quam
1439 2837 1510 2864 domi
1525 2838 1660 2872 privatum
