1897 3052
188 163 239 194 ιὸἵ
709 163 902 194 ΒΟΝΙΕΑΟΗ
919 165 1075 195 ΕΙΝΕΤΤΙ
1094 165 1291 196 ΡΠᾸΞΕΑΤΙΟ
1750 167 1795 198 408
1816 203 1821 208 _

189 220 355 251 videretur
373 221 508 260 ipsemet
526 220 721 257 Ludovicus,
739 225 769 252 et
784 221 888 261 qualis
908 225 982 252 tunc
999 222 1198 262 essetquoad
1213 223 1357 263 corporis
1372 223 1538 263 animique
1549 223 1652 259 dotes,
1667 224 1794 262 etqualis

189 271 284 301 etiam
301 270 433 301 futurus
451 279 622 310 progressu
642 271 796 311 temporis
813 275 898 302 esset
913 276 965 303 aut
980 281 1051 303 esse
1074 272 1217 304 deberet.
1231 274 1299 304 Etsi
1329 282 1404 305 vero
1425 274 1561 313 epistola
1577 274 1793 312 nuncupatoria

179 322 306 361 ,scripta
324 322 365 351 sit
383 323 490 353 Romae
504 330 601 358 anno,
624 327 656 352 ut
672 323 826 358 diximus,
842 324 930 360 1650,
950 323 1050 354 editio
1067 327 1171 355 tamen
1187 325 1318 356 nonnisi
1338 334 1423 356 anno
1439 325 1632 364 insequente
1646 325 1729 361 1651,
1747 333 1793 355 ca-

188 380 251 411 que
267 380 330 402 non
346 373 465 409 Romae,
483 374 539 414 sed
557 374 691 404 Parisiis
711 379 818 405 secuta
832 378 879 404 est
897 374 982 414 typis
1005 374 1116 413 regiis,
1134 375 1312 412 volumine,
1330 380 1364 406 ut
1380 376 1483 411 aiunt,
1499 375 1675 413 iri-quarto.
1688 374 1794 404 Inserta

172 413 394 463 ipostmodum
409 427 457 454 est
473 426 598 464 corpori
615 425 797 466 Byzantina;
811 413 966 463 historiae,
985 427 1178 465 tomo,juxta
1194 428 1344 459 Venetam
1358 427 1633 463 editionem,Xx;
1650 427 1720 457 inde
1732 434 1796 458 vero

187 473 220 504 in
240 472 299 503 hoc
318 474 467 506 translata
484 475 635 507 volumen
652 480 712 507 est.
731 478 884 516 Tempus,
901 485 965 515 quo
978 477 1059 508 hanc
1074 477 1333 517 Theophylactus
1350 478 1488 517 opellam
1507 477 1722 508 verosimilius
1736 477 1797 507 elu-

186 523 344 563 rubravit,
360 524 480 555 videsis
492 524 524 556 in
541 526 667 565 praevia;
681 527 921 557 Dissertationis
937 527 1180 558 n.VllI.Graaco
1196 527 1296 558 textui
1309 527 1490 559 versionem
1508 528 1629 558 addidit
1640 527 1797 566 elegantis-

185 575 299 607 simam
312 575 350 607 ab
368 585 402 607 se
416 576 705 609 elaboratamidem
718 579 891 613 Possinus;
909 587 1004 618 quam
1021 583 1127 610 tamen
1156 583 1323 618 propterea
1350 579 1500 610 nonnulli
1514 579 1797 617 reprehendendam

188 630 333 663 censent,
346 626 420 666 quia
437 628 582 659 nitidiori
600 629 790 669 puriorique
806 629 890 668 style
904 629 1048 660 intentus
1060 637 1077 660 a
1091 629 1320 669 Theophylacti
1333 629 1437 662 verbis
1452 629 1549 669 paulo
1565 628 1698 659 liberius
1710 636 1800 667 quan-

187 677 295 716 doque
313 682 454 717 vagatur.
473 679 533 709 Sed
555 687 613 718 ego
630 679 680 710 sin
697 679 831 710 omnino
863 679 1074 718 probandum,
1092 681 1203 711 saltem
1235 680 1454 711 excusandum
1483 686 1602 710 censeo
1631 677 1798 713 Possinum,

186 731 263 762 dum
281 731 477 772 eloquentiae
491 740 570 769 sum,
588 740 650 771 qua
667 732 804 763 maxime
822 731 997 770 prastabat,
1014 731 1149 762 ﬂumine
1166 736 1289 770 raptus,
1312 731 1394 762 intra
1410 730 1577 770 rigidioris
1593 729 1747 760 versionis
1765 728 1799 758 li-

188 782 282 812 mites
298 790 371 812 sese
390 782 542 814 cohibere
560 791 625 814 non
641 783 766 822 potuit;
784 783 962 822 maluitque
976 791 1071 814 sensa
1090 782 1226 814 reddere
1250 782 1392 814 auctoris
1406 787 1442 813 ut
1457 786 1579 817 orator,
1595 788 1689 820 quam
1704 783 1737 809 ut
1757 781 1802 810 in-

187 837 307 871 terpres
322 843 332 862 :
345 832 432 870 quod
453 832 537 863 idem
550 833 583 863 in
599 833 747 864 versione
770 832 1000 863 Demosthenis
1017 832 1205 872 praestitisse
1220 841 1255 864 se
1280 833 1456 873 aliquando
1472 833 1600 864 Tullius
1619 831 1686 870 ipse
1714 834 1800 862 testa-

185 887 250 912 tur.
269 882 346 914 Mihi
362 883 470 922 potius
486 883 731 914 admirationem
744 884 873 923 ingerit,
889 884 976 923 quod
994 883 1027 914 in
1045 883 1221 924 epigraphe
1236 884 1332 915 istius
1351 883 1459 923 operis
1476 883 1748 922 Theophylactum
1759 883 1801 910 τοῦ

186 933 215 959 ὲν
228 933 316 967 ἁγίοις
331 935 437 969 Harpe;
454 937 543 970 ἡμῶν,
558 934 590 964 S.
607 933 715 965 Patris
730 935 834 965 nostri
846 934 939 965 titulo
954 935 1189 966 condecorarit.
1207 935 1305 966 Valde
1320 936 1407 966 enim
1433 935 1559 970 dubito,
1579 937 1687 964 utrum
1703 933 1735 963 in
1756 940 1799 966 eo.

188 987 254 1016 quo
273 988 352 1011 usus
369 985 428 1018 est,
442 983 552 1015 codice
575 983 716 1023 elogium
733 984 920 1024 hujusmodi
934 994 1046 1016 revera
1062 989 1164 1016 exstet
1178 997 1185 1016 :
1199 986 1464 1026 Quandoquidem
1486 985 1519 1016 in
1536 984 1714 1019 codicibus,
1726 989 1800 1022 quos

190 1028 270 1060 mihi
287 1030 447 1069 inspicere
464 1033 567 1070 licuit,
586 1035 668 1065 nulli
693 1035 799 1074 ipsius
817 1036 909 1075 operi
936 1036 967 1067 id
989 1037 1150 1076 praefixum
1178 1037 1368 1076 reperiatur.
1385 1037 1474 1068 Alias
1494 1044 1570 1067 vero
1593 1034 1745 1066 Possinus
1773 1033 1801 1062 in

189 1078 419 1119 TheOphylacti
438 1081 550 1114 laudes
574 1084 670 1122 paulo
686 1083 851 1116 liberalior
871 1085 1009 1122 videtur,
1036 1090 1146 1125 utpote
1163 1087 1218 1126 qui
1233 1087 1328 1120 etiam
1358 1086 1392 1118 in
1409 1086 1553 1126 Epistola
1578 1083 1802 1123 nuncupatoria

188 1131 338 1162 eumdem
351 1141 414 1164 non
431 1135 698 1174 sapientissimum
712 1137 808 1168 modo
823 1145 858 1168 ac
872 1138 1080 1168 renerabilem
1103 1139 1388 1178 archiepiscopum,
1401 1146 1514 1170 verum
1544 1137 1640 1168 etiam
1667 1137 1803 1167 Ecclesiw

188 1183 346 1215 doctorem
355 1186 513 1226 appellat;
529 1187 615 1228 quod
632 1188 764 1228 quidem
778 1189 925 1220 absolute
940 1193 971 1220 et
993 1191 1063 1221 sine
1079 1189 1188 1230 aliqua
1202 1190 1394 1221 limitatione
1418 1190 1458 1221 de
1481 1198 1520 1222 eo
1536 1193 1620 1220 recte
1639 1188 1701 1219 dici
1718 1195 1802 1227 posse

189 1243 255 1266 non
272 1240 360 1274 puto.

884 1301 1028 1332 SECTIO
1059 1302 1115 1332 ΙΧ.

553 1375 598 1404 De
624 1374 775 1404 Encomio
794 1375 828 1405 in
846 1376 1068 1414 imperatorem
1086 1375 1229 1406 Alexium
1247 1375 1448 1407 Comiienum.

227 1445 535 1485 XL.Theophylacti
553 1455 688 1486 operum
709 1456 875 1487 nunquam
892 1447 1048 1480 hactenus
1062 1449 1224 1480 editorum
1241 1457 1342 1480 unum
1359 1453 1408 1480 est
1423 1449 1532 1485 etiam,
1548 1450 1637 1488 quod
1653 1448 1803 1488 sequitur.

188 1496 465 1536 elegantissimum
479 1497 665 1528 Encomium
674 1499 708 1528 in
724 1499 945 1537 imperatorem
962 1499 1111 1530 Alexium
1125 1499 1326 1530 Comnenum.
1338 1499 1498 1530 Dominus
1514 1499 1554 1530 de
1569 1498 1686 1530 OEfeld
1704 1500 1803 1538 (quem

188 1547 323 1578 honoris
340 1556 435 1580 causa
456 1549 615 1589 nomino),
640 1549 858 1582 celeberrima)
883 1550 1085 1582 serenissimi
1109 1550 1202 1582 ducis
1234 1555 1330 1590 atque
1354 1550 1504 1582 electoris
1529 1550 1671 1581 Bavariaa
1693 1549 1803 1580 biblio-

190 1597 294 1628 theca
309 1597 476 1636 prafectus
493 1599 739 1637 meritissimus,
754 1600 834 1631 illud
857 1600 984 1640 propria
1003 1608 1100 1632 manu
1118 1599 1315 1639 descriptum
1341 1608 1380 1631 ex
1407 1603 1534 1631 vetusto
1561 1600 1672 1630 codice
1697 1599 1806 1630 biblio-

191 1650 291 1681 thecas
309 1651 468 1689 praedictae
486 1651 642 1682 editionis
657 1651 754 1692 hujus
768 1651 951 1683 fautoribus
968 1651 1204 1682 humanissime
1218 1651 1454 1690 suppeditavit;
1476 1658 1541 1690 quo
1558 1659 1637 1681 sane
1661 1648 1806 1680 beneﬁcio

191 1710 265 1733 sese
286 1700 458 1732 obstrictos
473 1701 661 1733 fatebuntur
677 1702 701 1733 ii
718 1711 831 1734 omnes
849 1702 906 1742 qui
920 1702 1032 1733 eximii
1050 1701 1147 1741 hujus
1162 1701 1311 1741 opusculi
1330 1701 1530 1741 perjucunda
1547 1700 1684 1732 lectione
1700 1699 1804 1730 fruen-

191 1759 253 1783 tur.
270 1753 341 1790 Quo
364 1752 442 1783 illud
460 1756 603 1791 tempore
620 1753 882 1792 Theophylactus
898 1752 1065 1792 scripserit
1079 1760 1114 1782 ac
1130 1751 1280 1786 recitarit,
1295 1751 1328 1781 in
1348 1751 1580 1782 Dissertatione
1595 1751 1711 1790 praevia
1723 1756 1805 1780 num.

189 1803 256 1834 LVI
269 1803 405 1833 solerter
420 1806 451 1832 et
471 1803 597 1834 erudite
607 1803 795 1842 expeditum
809 1803 874 1842 jam
892 1803 1003 1833 habes.
1021 1802 1081 1832 Sed
1095 1801 1148 1832 hic
1163 1801 1243 1832 forte
1261 1801 1513 1840 percontaberis,
1527 1810 1593 1841 quo
1611 1800 1806 1840 potissimum

187 1853 398 1883 fundamento
411 1853 601 1886 Encomium
619 1853 706 1884 istud
723 1853 978 1893 Theophylacto,
997 1853 1091 1892 cujus
1107 1860 1204 1891 opera
1216 1852 1248 1882 in
1264 1851 1323 1882 hoc
1338 1851 1481 1883 eduntur
1497 1852 1677 1889 volumine,
1696 1851 1809 1881 tribua-

190 1909 253 1934 tur.
272 1904 453 1943 Responsio
468 1904 501 1934 in
516 1908 664 1943 promptu
682 1907 740 1940 est,
764 1904 844 1935 illud
862 1903 1102 1942 Theophylacto
1124 1902 1299 1940 ascriptum
1319 1902 1353 1932 in
1380 1905 1505 1933 vetusto
1527 1903 1641 1934 codice
1666 1900 1806 1940 reperiri.

189 1955 270 1993 quin
287 1954 374 1986 ullus
392 1955 433 1985 sit
447 1955 548 1986 codex
564 1955 620 1994 qui
639 1959 808 1994 repugnet.
833 1955 893 1984 Per
911 1954 940 1984 id
959 1961 1035 1984 vero
1055 1952 1209 1992 temporis
1235 1952 1334 1983 alium
1358 1953 1499 1991 aliquem
1525 1952 1808 1991 TheOphylactum.

189 2010 402 2046 praeterquam
418 2005 576 2044 Bulgaria:
592 2005 885 2044 archiepiscopum,
903 2003 1055 2034 ﬂoruisse
1073 2011 1136 2033 non
1153 2005 1286 2033 constat.
1304 2001 1411 2042 Stylus
1433 2011 1450 2033 a
1471 2002 1555 2042 style
1582 1999 1809 2040 Tbeophylacti

187 2057 288 2088 nostri
303 2056 436 2086 minime
449 2056 609 2092 abhorret,
627 2054 751 2085 tametsi
765 2062 822 2093 pro
839 2054 961 2084 ratione
980 2052 1214 2084 encomiasticae
1229 2051 1384 2083 orationis
1403 2052 1496 2091 paulo
1512 2052 1664 2083 ﬂoridior
1682 2051 1734 2087 sit,
1753 2058 1810 2080 ma-

183 2107 315 2147 jorique
331 2106 460 2145 profana
477 2105 663 2136 eruditione
682 2104 828 2134 refertus.
846 2105 983 2134 Demum
1004 2101 1221 2141 bibliographi
1238 2102 1361 2141 quique
1373 2110 1486 2142 magna
1502 2103 1720 2133 consensione
1735 2100 1809 2131 illud

189 2159 376 2198 adjudicant
393 2157 647 2196 Theophylacto,
659 2156 870 2195 Bulgarorum
889 2155 1036 2186 antistiti.

230 2209 314 2239 XLL
332 2209 491 2242 Attamen,
510 2211 543 2237 ut
558 2206 696 2237 candide
711 2206 810 2237 fatear
823 2205 909 2245 quod
924 2205 1045 2241 sentio,
1064 2204 1131 2235 haec
1156 2204 1234 2234 milii
1259 2209 1446 2242 argumenta
1472 2205 1556 2236 haud
1571 2207 1653 2236 satis
1674 2214 1744 2236 esse
1767 2205 1810 2235 vi-

189 2260 309 2291 dentur
322 2259 360 2288 ad
379 2257 614 2288 dubitationem
627 2265 754 2287 omnem
770 2257 828 2287 hac
843 2256 883 2286 de
900 2265 933 2286 re
948 2255 1168 2303 amovendam.
1186 2255 1346 2286 Prmdictae
1365 2256 1528 2294 siquidem
1545 2258 1687 2288 orationi
1706 2258 1811 2288 insunt

187 2309 343 2342 nonnulla
365 2317 436 2349 qum
461 2308 700 2347 Theopbylacto
723 2311 831 2338 nostro
853 2308 959 2338 minus
977 2306 1130 2336 videntur
1147 2313 1341 2344 congruere.
1369 2307 1406 2336 Et
1424 2306 1527 2344 primo
1548 2307 1686 2344 quidem
1702 2307 1810 2338 mirum

189 2364 249 2397 est,
267 2360 354 2400 quod
371 2367 442 2390 cum
460 2362 573 2390 cmtera
593 2357 829 2398 Tbeophylacti
845 2365 942 2396 opera
960 2355 1077 2395 (quoad
1098 2355 1178 2385 mibi
1198 2355 1306 2386 videre
1322 2354 1426 2394 licuit)
1446 2355 1537 2387 illius
1553 2357 1683 2388 nomini
1704 2357 1811 2396 adjun-

188 2414 267 2439 ctam
284 2409 354 2448 ejus
375 2408 564 2447 dignitatem
578 2407 759 2447 prmferant,
778 2408 923 2438 Encamii
940 2406 1037 2445 hujus
1063 2406 1237 2445 epigraphe
1260 2406 1366 2437 solum
1383 2410 1564 2447 putumque
1589 2406 1814 2448 Theophyiacti

186 2470 306 2493 nomen
321 2461 483 2492 exhibeat.
503 2461 620 2500 Ecquis
635 2463 743 2491 autem
761 2469 907 2491 asserere
923 2464 1009 2490 certo
1024 2458 1137 2497 possit,
1158 2467 1222 2489 non
1234 2459 1334 2489 alium
1356 2467 1395 2489 eo
1411 2463 1555 2498 tempore
1576 2460 1610 2490 in
1635 2461 1723 2499 regia
1739 2460 1811 2490 urbe

189 2511 464 2550 'l'heOphylactum
480 2511 594 2548 fuisse,
611 2511 668 2551 qui
682 2511 834 2541 Encomio
851 2511 926 2540 buic
944 2509 1170 2540 concinnando
1185 2513 1272 2539 esset
1289 2510 1449 2540 idoneus?
1467 2510 1592 2541 Deinde
1612 2511 1640 2541 si
1662 2510 1758 2541 istius
1772 2509 1814 2539 in-

189 2564 298 2592 timam
321 2561 420 2592 veluti
438 2561 573 2593 formam
590 2566 850 2600 structuramque
865 2561 961 2599 paulo
974 2560 1154 2591 accuratius
1169 2560 1243 2599 quis
1264 2560 1448 2598 expendere
1469 2561 1559 2597 velit,
1573 2562 1762 2600 gravitatem
1781 2558 1813 2588 il-

188 2614 250 2644 lam
268 2617 298 2643 et
316 2613 435 2649 zelum,
450 2613 505 2652 qui
524 2617 681 2652 provectae
699 2612 764 2650 jam
782 2611 884 2642 aetatis
900 2610 1180 2649 archiepiscopum
1198 2610 1320 2646 deceat,
1347 2609 1412 2646 vix,
1433 2619 1469 2641 ac
1486 2620 1527 2642 ne
1553 2612 1607 2642 vix
1630 2611 1761 2652 quidem
1784 2609 1812 2639 in

187 2663 245 2694 illo
259 2663 492 2702 deprehendet.
509 2664 546 2694 Et
561 2671 638 2693 sane
650 2662 972 2701 archiepiscopumne
985 2665 1016 2692 et
1032 2669 1098 2692 non
1113 2660 1219 2699 potius
1231 2661 1492 2699 sophistamillud
1511 2670 1575 2701 prae
1587 2671 1624 2692 se
1633 2663 1719 2693 ferre
1733 2660 1814 2691 vide-

188 2719 250 2750 tur,
268 2715 356 2753 quod
373 2715 407 2745 in
425 2719 509 2746 tanta
528 2715 734 2754 imperatoris
751 2714 860 2746 laetitia
877 2723 939 2745 non
957 2713 1213 2745 ecclesiasticum
1231 2713 1411 2752 quidpiam,
1432 2723 1491 2745 seu
1515 2705 1673 2746 Ecclesiae
1699 2714 1812 2746 utilita-

187 2766 252 2792 tem
269 2763 458 2802 respiciens,
473 2763 529 2793 sed
546 2763 740 2801 sophisticen
758 2766 892 2799 tantum,
916 2763 975 2793 hoc
988 2766 1049 2798 est,
1065 2762 1237 2792 oratoriam
1250 2770 1285 2792 ac
1293 2762 1501 2802 philologiam
1516 2765 1617 2796 semel
1635 2766 1812 2803 iterumque

191 2814 422 2844 (ommendet?
437 2813 709 2853 Sophistaigitur,
731 2822 786 2843 seu
807 2813 970 2851 professor
986 2812 1175 2849 rhetorices,
1192 2812 1248 2852 qui
1267 2815 1331 2842 tum
1350 2812 1497 2845 ﬂoruerit
1520 2815 1811 2854 ConstantinOpoli.

187 2861 284 2903 hujus
296 2868 407 2894 auctor
425 2863 570 2894 Encomii
585 2872 656 2895 esse
673 2864 810 2895 videtur.
829 2863 985 2901 Equidem
1003 2863 1030 2893 si
1047 2872 1062 2893 δ
1083 2862 1322 2902 Tlieophylacto
1351 2868 1462 2895 uestro
1489 2866 1594 2897 adhuc
1614 2866 1737 2902 iuvene
1761 2864 1813 2895 ha-
