1897 3052
97 136 149 168 m9
526 135 566 165 IN
580 136 794 172 SEQUENTIA
810 129 1100 169 THEOPHYLACI‘I
1124 140 1295 170 SCRIPTA.
1670 142 1722 174 470

99 192 160 223 bita
176 190 301 222 fuisset
316 190 424 221 ἤδη]ωο
441 191 556 229 oratio,
583 201 658 232 quas
676 202 774 233 supra
797 196 978 232 attulimus,
1006 196 1132 226 nullum
1151 196 1316 235 negotium
1339 195 1533 227 facesserent
1549 208 1556 228 :
1573 205 1645 228 nam
1666 199 1725 229 ali—

97 242 227 282 quando
245 250 288 273 eo
305 250 438 273 munere
453 241 611 278 functum,
627 252 699 274 cum
718 253 757 275 ex
775 246 849 276 aliis
867 246 1095 282 monumentis,
1113 249 1180 276 tum
1198 247 1372 285 praesertim
1389 255 1428 277 ex
1446 248 1587 278 secunda
1603 257 1640 278 ex
1656 249 1726 287 epi-

98 291 190 323 stolis
210 292 285 322 illis
301 292 430 332 viginti,
447 301 528 332 quas
545 301 631 324 nunc
644 294 783 332 primum
806 298 838 326 in
859 296 964 328 lucem
979 297 1169 333 emittimus,
1193 297 1270 327 satis
1288 297 1452 336 explorata
1474 305 1525 327 res
1551 302 1598 328 est
1611 298 1664 336 (α).
1687 299 1725 329 At

97 341 344 381 Theophylacto
357 342 424 382 jam
443 345 639 382 senescenti,
656 349 686 375 et
701 354 717 376 a
737 346 885 384 pluribus
901 347 994 378 annis
1011 347 1222 386 amplissima;
1248 347 1400 378 Ecclesia;
1421 348 1572 387 regimini
1598 349 1724 379 addicto

98 400 189 430 quam
208 401 325 432 parum
340 394 402 424 ista
421 394 629 430 conveniant,
651 402 746 426 nemo
767 404 830 426 non
849 397 947 427 videt.
967 396 1052 427 Alias
1069 406 1145 428 vero
1157 397 1305 427 Encomii
1324 396 1420 436 hujus
1436 401 1598 429 auctorem
1614 399 1724 438 sophi-

96 446 149 471 sta:
163 446 195 473 et
211 442 411 474 scholarchw
425 452 545 475 munus
560 444 674 475 eodem
691 450 847 485 tempore,
869 455 934 485 quo
960 447 1040 477 illud
1060 447 1188 486 publice
1209 448 1364 486 recitavit,
1390 450 1588 484 exercuisse.
1615 454 1723 488 aperte

97 490 266 530 colligitur
281 492 357 531 (nisi
375 500 445 522 mea
461 501 511 523 me
526 493 608 524 fallit
623 494 748 534 opinio)
765 503 804 525 ex
821 495 926 526 verbis
942 496 1032 527 illius
1052 497 1235 535 postremis,
1252 498 1374 537 quibus
1390 508 1468 531 suos
1484 500 1526 530 ita
1544 500 1723 539 discipulos

97 541 217 578 ipsum,
233 545 269 571 ut
285 541 429 579 videtur,
442 542 687 575 circumstantes
700 545 878 584 alloquitur
895 554 903 576 :
923 546 965 577 At
979 556 1052 577 vero
1070 557 1125 587 ego
1141 548 1276 588 quidem,
1293 559 1309 580 ο
1327 553 1432 590 pueri,
1455 551 1565 581 debita".
1585 552 1722 591 impera-

97 594 158 623 tori
168 597 285 622 nostra
301 595 414 633 fausta
426 597 620 634 precationis
635 606 671 626 ac
687 597 790 627 laudis
806 599 872 628 tela:
887 604 1007 630 stamen
1015 601 1083 640 jam
1097 602 1278 640 posuiwo:
1294 602 1473 642 subtegmen
1497 603 1636 643 adficite.
1658 603 1723 642 Ego

98 642 183 673 vobis
212 648 316 672 artem
335 646 521 682 monstravi,
546 655 606 685 qua
623 645 797 686 elegantius
820 649 909 687 picta
923 653 1014 688 atque
1028 651 1205 690 perfectior
1224 651 1286 681 tela
1308 652 1373 690 ﬁat.
1395 642 1550 683 Caeterum
1575 651 1636 682 etsi
1659 651 1725 682 haec

96 694 202 725 omnia
228 695 454 732 suspicionem
471 696 613 736 aliquam
641 697 789 736 ingerere
806 698 932 737 possint
957 699 996 729 de
1013 708 1166 738 germano
1190 702 1346 733 orationis
1367 702 1464 742 hujus
1481 706 1627 739 auctore,
1649 702 1723 742 jure

97 748 199 774 tamen
219 745 457 783 impedimento
487 746 581 776 nobis
608 755 680 778 esse
708 756 772 778 non
791 748 919 785 debent,
947 750 1121 788 quominus
1141 752 1173 782 in
1197 751 1257 782 hoc
1283 752 1447 783 volumine
1475 761 1538 783 una
1563 761 1634 783 cum
1654 752 1723 782 aliis

97 794 329 835 TheOphylacti
349 796 502 834 Operibus
526 797 637 828 edatur
671 809 678 827 :
699 798 858 829 malumus
882 799 968 829 enim
994 799 1149 831 incertum
1169 800 1215 831 illi
1243 801 1506 842 fetum'ltrihuere
1525 811 1621 842 quam
1642 801 1722 833 forte

99 844 283 884 legitimum
301 845 482 878 detrahere.

803 920 946 951 SECTIO
977 922 1017 952 X.

408 1003 452 1032 De
464 1002 618 1042 Epistolis
632 1004 746 1044 viginti
757 1013 864 1035 recens
880 1006 979 1036 armis
996 1014 1036 1035 ex
1051 1005 1238 1037 bibliotheca
1256 1006 1416 1037 Vaticana.

136 1073 234 1104 XLII.
253 1074 465 1104 Solertissimi
481 1075 632 1106 editionis
651 1076 747 1115 hujus
759 1080 922 1108 curatores
947 1085 1018 1108 cum
1037 1077 1188 1116 epistolas
1211 1077 1366 1117 quasdam
1386 1079 1524 1110 ineditas
1551 1079 1724 1119 Theophy-

102 1121 169 1153 lacti
188 1124 294 1155 nostri
313 1124 344 1154 in
362 1125 558 1156 bibliotheca
577 1126 727 1157 Vaticana
742 1126 838 1157 latere
853 1127 1066 1164 inaudissent,
1083 1135 1136 1158 eas
1153 1127 1215 1158 sibi
1233 1128 1449 1166 procurandas
1472 1130 1606 1160 omnino
1631 1133 1724 1168 puta-

101 1176 184 1210 runt,
201 1182 242 1203 ne
261 1173 327 1203 ulla
343 1182 381 1203 ex
399 1178 487 1211 parte
513 1175 679 1206 imminuta
707 1176 849 1214 prodiret
872 1184 1011 1214 prtesens
1029 1176 1142 1207 editio.
1162 1177 1237 1208 Voti
1255 1182 1418 1217 compotes
1435 1179 1539 1209 eﬂ'ccti
1556 1178 1647 1210 fuere
1661 1178 1725 1210 hu-

101 1223 249 1254 manitate
274 1233 397 1254 summa
414 1223 616 1255 celeberrimi
634 1225 693 1255 viri
708 1225 838 1264 Iosephi
856 1226 968 1257 Evodii
984 1227 1165 1264 Assemani,
1181 1227 1325 1266 ejusdem
1344 1227 1548 1259 bibliotheca;
1570 1228 1722 1268 praefecti,

102 1273 156 1312 qui
173 1274 292 1312 viginti
310 1274 461 1313 epistolas
478 1283 517 1305 ex
534 1275 683 1314 pluribus
699 1276 848 1307 collectas
865 1276 1043 1314 codicibus,
1054 1282 1151 1317 atque
1167 1278 1289 1317 optimo
1305 1278 1487 1310 charactere
1499 1284 1646 1311 exaratos
1661 1280 1724 1310 huc

106 1323 203 1359 misit,
222 1328 258 1354 ut
276 1333 292 1354 a
310 1324 404 1354 nobis
430 1325 684 1362 producerentur
703 1325 736 1356 in
754 1325 870 1356 lucem.
896 1327 956 1356 Eas
975 1326 1081 1366 reipsa
1103 1327 1205 1358 fuisse
1219 1335 1237 1358 a
1252 1327 1492 1367 Theophylacto
1515 1330 1724 1369 conscriptas,

104 1373 211 1403 nullus
236 1382 309 1405 esse
328 1374 456 1404 videtur
481 1374 665 1413 ambigendi
686 1374 793 1412 locus;
809 1383 880 1406 cum
897 1378 927 1406 et
947 1375 1068 1407 diserte
1094 1377 1263 1416 praeferant
1288 1377 1520 1417 Theophylacti
1546 1386 1676 1414 nomen,
1694 1382 1725 1409 ct

103 1425 250 1455 eumdem
270 1426 391 1464 stylum
411 1425 605 1465 easdemque
621 1425 721 1457 ferme
738 1435 800 1463 res,
818 1434 898 1466 quas
915 1426 985 1458 alia:
1000 1429 1065 1466 jam
1078 1419 1397 1466 edita-contineant.
1413 1429 1519 1466 Quare
1536 1429 1583 1460 nil
1612 1429 1726 1460 dubito

105 1477 281 1515 quominus
309 1477 427 1508 futura)
448 1477 513 1508 sint
536 1478 659 1508 Lectori
679 1478 878 1518 gratissima).
897 1478 1056 1510 Peculiari
1080 1482 1187 1511 tamen
1207 1480 1371 1519 voluptate
1394 1489 1469 1512 eum
1495 1488 1637 1520 auguror
1656 1479 1726 1511 aﬂi-

105 1530 252 1560 riendum
272 1538 310 1560 ex
328 1529 475 1569 epistolis
491 1529 615 1560 decima
630 1530 907 1568 septima,decima
921 1535 1045 1568 octava,
1066 1534 1098 1562 et
1112 1531 1238 1562 decima
1255 1540 1353 1569 nona,
1370 1540 1443 1572 quas
1461 1532 1605 1563 eamdem
1619 1531 1724 1563 conti-

107 1590 201 1612 nuare
218 1581 339 1612 seriem
355 1581 508 1612 videntur
522 1589 593 1612 cum
609 1581 770 1612 tricesima
792 1581 935 1613 secunda
950 1590 989 1612 ex
1005 1581 1102 1612 editis
1118 1589 1135 1612 a
1155 1582 1320 1613 Meursio:
1337 1582 1392 1614 ubi
1407 1586 1438 1614 et
1449 1582 1725 1622 Theophylactum

107 1631 281 1670 perspicies
294 1632 516 1662 auctoritatem
533 1640 623 1662 suam
640 1632 673 1663 in
685 1633 874 1671 epi500pum
891 1632 1060 1663 Triaditzaa
1074 1635 1290 1669 exercentem,
1307 1641 1380 1664 cum
1396 1633 1592 1665 humanitate
1609 1636 1726 1669 tamen,

107 1690 178 1721 qum
194 1682 349 1714 Ecclesiae
365 1683 541 1714 antistitem
555 1684 659 1721 decet,
678 1685 897 1723 coniunctam.
910 1684 954 1715 Ex
971 1683 1112 1714 secunda
1130 1690 1206 1713 vero
1219 1683 1369 1722 inscripta
1383 1683 1502 1714 Joanni
1516 1683 1643 1714 Sebaslo
1656 1683 1726 1713 Au-

112 1722 206 1771 .guslw
229 1734 341 1774 fratri,
367 1733 599 1772 deprehendet,
623 1733 707 1764 haud
737 1722 859 1764 certum
883 1742 954 1765 esse
977 1734 1024 1770 (ut
1052 1732 1152 1772 aliqui
1177 1731 1300 1771 putant)
1324 1733 1599 1773 Theopbylactum
1626 1734 1726 1772 patria

111 1783 501 1822 ConstantinOpOIitanum
516 1781 633 1814 fuisse.
651 1784 686 1814 In
704 1792 740 1814 ea
755 1784 918 1824 siquidem
936 1783 1185 1822 consanguineos
1215 1786 1243 1812 et
1259 1783 1368 1821 afﬁnes
1386 1792 1470 1820 suos,
1487 1784 1541 1822 qui
1556 1783 1589 1813 in
1603 1783 1726 1822 Euripo

109 1838 190 1870 sunt,
208 1834 350 1873 principi
369 1834 438 1864 viro
454 1834 695 1871 commendans,
714 1841 778 1864 non
796 1833 932 1865 obscure
944 1833 1114 1872 signiﬁcat,
1131 1841 1165 1863 se
1181 1839 1313 1872 quoque
1327 1840 1365 1861 ex
1384 1831 1452 1862 loco
1468 1833 1594 1869 eodem,
1615 1833 1726 1871 pro‘n-

110 1884 210 1923 deque
227 1893 268 1915 ex
283 1883 399 1914 Euba'a
414 1884 591 1914 oriundum
608 1893 679 1914 esse
698 1894 705 1921 ;
724 1884 808 1924 quod
823 1884 986 1924 colligitur
1001 1883 1095 1913 etiam
1111 1891 1148 1913 ex
1165 1882 1324 1918 versibus,
1343 1890 1424 1920 quos
1440 1883 1609 1913 Pataviuus
1625 1885 1654 1913 S.
1669 1884 1727 1913 Ju-

110 1934 197 1965 stinze
213 1934 314 1964 codex
329 1933 566 1964 vetustissimus
582 1934 737 1970 continet;
751 1942 898 1973 quosque
919 1933 1025 1964 Latine
1043 1932 1188 1963 redditos
1204 1939 1300 1969 supra
1316 1930 1405 1970 (tom.
1422 1932 1446 1968 ι,
1460 1933 1521 1963 col.
1542 1932 1612 1972 137)
1630 1941 1728 1972 appo-

111 1985 230 2014 nentlos
251 1983 321 2022 ipse
338 1984 457 2015 curavi.
476 1984 512 2014 In
525 1983 599 2013 aliis
618 1983 765 2022 epistolis
781 1984 877 2013 rudes
895 1987 1102 2022 agrestesque
1117 1981 1329 2020 Bulgarorum
1347 1989 1464 2017 mores,
1482 1982 1538 2022 qui
1553 1989 1619 2013 tum
1637 1983 1727 2022 vige-

111 2033 192 2069 bant,
207 2033 358 2073 graphice
376 2033 549 2072 lepidcquo
562 2032 740 2071 descriptos
760 2041 777 2063 a
793 2032 1034 2071 TheOphylacto
1059 2034 1170 2063 Lector
1186 2030 1327 2062 oifendet
1345 2040 1351 2060 :
1369 2031 1425 2069 qui
1441 2035 1472 2061 et
1493 2032 1632 2070 querulo
1656 2032 1727 2064 seni

111 2082 329 2122 hyperbolicis
346 2084 542 2123 quandoque
560 2083 732 2122 phrasibus
747 2091 819 2113 cum
841 2083 900 2113 hac
923 2083 956 2113 in
975 2092 1020 2120 re,
1039 2087 1105 2114 tum
1123 2083 1156 2113 in
1182 2081 1255 2112 aliis
1272 2081 1505 2111 calamitatibus
1522 2082 1728 2121 deplorandis

113 2134 213 2164 utenti
230 2133 370 2170 veniam,
401 2139 435 2164 ut
460 2135 610 2172 arbitror,
628 2135 726 2166 dabit.
747 2134 859 2171 Quoad
888 2134 1021 2173 primam
1044 2143 1119 2165 vero
1135 2134 1248 2164 attinet
1266 2131 1418 2163 adnotare
1444 2131 1496 2162 hic
1521 2132 1622 2171 lubet,
1642 2136 1727 2173 quod

114 2185 256 2223 |:ostejus
275 2185 520 2223 impressionem
534 2185 729 2216 accuratiore
746 2184 918 2215 collatione
936 2184 1148 2222 deprehendi,
1167 2192 1282 2223 nempe
1301 2191 1368 2213 eam
1383 2187 1502 2221 partem
1519 2186 1726 2221 posteriorem

112 2233 210 2266 facere
239 2235 384 2274 epistolae
407 2236 558 2266 secundae
580 2244 619 2266 ex
641 2231 737 2266 editis
751 2244 767 2266 a
783 2236 906 2266 Joanne
927 2235 1025 2270 Lami,
1059 2244 1130 2274 qua;
1163 2234 1315 2272 inscripta
1337 2236 1386 2264 est
1406 2233 1519 2271 Magno
1545 2234 1724 2268 domestico.

115 2285 404 2317 Animadvertenda
420 2294 496 2316 vero
513 2289 560 2317 est
577 2286 703 2317 varians
723 2285 816 2316 lectio
832 2285 932 2316 unius
949 2284 1047 2320 vocis.
1063 2292 1136 2324 quae
1151 2287 1254 2315 exstat
1269 2283 1301 2314 in
1313 2282 1465 2328 ‘Lamiana
1489 2281 1654 2315 editione:
1671 2286 1725 2316 ubi

116 2345 168 2375 pro
183 2342 268 2374 νῖκος,
285 2337 432 2370 victoria,
449 2337 534 2376 quod
552 2336 669 2376 legitur
688 2337 718 2367 in
739 2336 886 2376 praedicta
903 2335 1005 2374 prima
1018 2335 1165 2374 epistola,
1182 2334 1264 2364 inibi
1281 2333 1417 2364 habetur
1431 2333 1529 2369 νεῖκος,
1547 2336 1704 2366 contentio
1717 2346 1727 2366 :

117 2396 205 2426 quam
224 2387 392 2418 lectionem
413 2387 504 2418 alteri
532 2387 773 2426 praeferendam,
800 2387 864 2418 imo
891 2385 991 2416 solam
1012 2394 1116 2416 veram
1143 2394 1215 2416 esse
1241 2389 1318 2424 puto
1334 2394 1342 2414 :
1357 2384 1477 2424 quippe
1500 2391 1571 2422 quae
1594 2393 1725 2417 sensum

117 2437 212 2467 multo
236 2437 402 2468 meliorem
419 2439 640 2477 aptioremque
657 2437 775 2468 fundit.
798 2438 951 2468 Caeterum
969 2435 1064 2466 etiam
1081 2436 1232 2466 Lamiana
1250 2434 1352 2466 editio
1368 2443 1408 2465 ex
1422 2433 1476 2464 illa
1491 2432 1551 2464 alia
1564 2435 1679 2474 corrigi
1696 2441 1727 2466 et

118 2488 256 2526 suppleri
272 2488 479 2528 aliquatenus
498 2493 612 2527 potest,
631 2494 663 2520 ut
681 2489 857 2521 conferenti
877 2488 1005 2527 patebit.

152 2538 260 2568 XLIII.
286 2539 333 2568 An
352 2538 498 2576 epistolze
516 2539 587 2570 aliae
602 2539 748 2579 ejusdem
772 2540 912 2570 auctoris
929 2539 1060 2570 ineditaa
1082 2537 1186 2568 adhuc
1200 2537 1324 2568 lalitent
1343 2537 1376 2568 in
1400 2537 1616 2574 bibliothecis,
1634 2539 1726 2569 nobis

119 2586 205 2627 plane
223 2588 469 2626 incompertum.
490 2589 558 2627 Hoc
580 2589 654 2629 jure
676 2589 799 2629 optimo
815 2597 959 2620 asserere
977 2596 1159 2628 possumus,
1177 2587 1258 2618 nulli
1277 2588 1430 2626 parcitum
1456 2597 1528 2619 esse
1551 2588 1663 2627 labori,
1679 2593 1725 2625 ut,

121 2638 143 2667 si
159 2647 228 2678 quae
241 2642 361 2675 essent,
379 2639 636 2678 producerentur
655 2641 686 2671 in
701 2640 816 2671 lucem.
835 2640 941 2676 Quare
955 2648 1026 2669 cum
1043 2638 1074 2669 in
1094 2638 1251 2669 librorum
1271 2646 1347 2668 mss.
1365 2637 1506 2677 catalogo
1530 2639 1728 2671 bibliothecas

122 2687 250 2719 publicae
276 2689 472 2726 Augustanm
490 2688 651 2728 legissem,
679 2690 723 2720 ibi
743 2689 886 2720 codicem
911 2687 1046 2727 reperiri
1066 2687 1296 2728 Theophylacti
1323 2686 1474 2727 epistolas
1498 2690 1726 2726 continentem,

106 2734 109 2745 ι

152 2778 188 2813 (n)
202 2780 264 2807 Haec
283 2781 355 2808 enim
372 2788 405 2808 eo
419 2781 470 2808 loci
485 2782 565 2807 verba
579 2780 674 2809 habet:
691 2781 739 2813 Τις
754 2781 776 2808 δ’
791 2781 823 2808 ἄν
848 2789 893 2814 μοι

976 2781 1092 2814 ;λήρωσα
1107 2788 1114 2813 ;
1129 2781 1195 2813 Quis
1211 2781 1274 2807 mihi
1289 2781 1420 2808 rhetorum
1430 2781 1582 2815 depinxerit
1608 2784 1725 2813 chorum.

122 2812 236 2851 ρητρρων
252 2815 332 2850 κημὸν
348 2816 556 2851 σρνεκρότησεν,
574 2817 616 2842 ἵνα
630 2816 731 2842 τούτων
746 2812 871 2851 κορυιρθίίε

996 2812 1111 2842 ill-vrttth
1125 2812 1276 2850 coryphth
1303 2816 1400 2850 fndus,
1422 2821 1448 2842 ut
1464 2812 1532 2842 olim
1552 2825 1656 2846 erant...
1675 2827 1726 2845 tum

121 2849 263 2884 γινόμενθς,
279 2851 346 2886 ὅπερ
360 2849 393 2886 ἧν
406 2849 498 2878 τό’τε..ζ
512 2853 588 2887 κηιυῇ
603 2852 649 2886 τὴν
663 2849 870 2887 λογικὴνγορείο

766 2849 891 2887 μγορείαν
946 2860 1002 2879 cum
1017 2851 1053 2878 (is
1066 2849 1184 2878 (heremi:
1201 2849 1342 2878 oratorium
1361 2851 1515 2879 vcrsolvam.
