1897 3052
149 161 201 194 Ui
669 160 860 190 BONIFACiI
882 161 1033 190 Fl‘NETTl
1055 160 1251 190 PREFATIO
1723 158 1794 192 ιτῖ

150 225 328 257 earumque
346 216 551 256 penultimam
569 219 602 246 ut
619 215 771 247 ineditam
791 217 904 252 notari,
926 217 1094 248 confestim
1112 217 1226 255 scripsi
1247 216 1284 246 ad
1303 215 1342 246 cl.
1363 215 1466 246 virum
1483 224 1519 246 ac
1534 215 1626 247 dictat
1649 216 1774 248 biblio-

150 269 250 299 theam
263 267 430 298 custodem
455 266 682 305 dignissimum
701 266 883 299 Gott‘ridum
906 268 1136 307 Hcckingium,
1162 276 1276 306 rogans
1294 272 1328 297 ut
1345 267 1384 298 de
1410 276 1445 298 ea
1475 268 1611 306 epistola
1628 268 1772 298 notitiam

150 318 228 349 mihi
247 318 388 356 aliquam
403 316 617 346 submitteret.
637 318 675 346 At
693 317 749 348 ille
766 326 828 348 non
848 319 942 349 modo
958 318 1079 358 absque
1095 326 1186 349 mora
1201 326 1353 357 perquam
1368 317 1506 348 humane
1526 318 1703 357 rescripsit,
1717 318 1772 348 sed

149 370 252 408 ipsam
269 369 365 399 etiam
381 367 565 407 epistolam,
582 368 622 399 de
638 377 701 408 qua
717 368 834 399 certior
850 369 917 400 ﬁeri
941 371 1148 409 exoptabam.
1165 374 1309 400 accurate
1334 370 1505 409 nitideque
1521 369 1714 407 descriptam
1734 369 1773 399 ad

149 426 206 449 nos
222 416 409 447 transmisit.
429 417 491 447 Vix
506 425 542 447 ea
564 421 691 456 accepta
707 418 919 457 deprehendi,
935 427 1000 450 non
1016 427 1033 450 a
1050 418 1293 459 'l‘heophylacto
1310 419 1518 458 Bulgarorum
1534 419 1698 458 episcopo,
1717 418 1775 450 sed

147 468 186 498 ab
197 467 259 498 alio
273 467 514 508 Theophylacto
529 468 630 499 fuisse
646 469 871 507 conscriptam,
887 470 939 500 cui
954 470 1117 501 Simocatw
1132 478 1311 510 cognomen
1322 474 1405 505 erat;
1423 470 1546 510 quique
1561 470 1640 501 alias
1656 479 1771 509 quam-

148 517 257 556 plurcs
277 518 310 548 in
326 526 460 549 suorum
480 519 561 549 forte
577 518 813 556 discipulorum
830 528 924 550 usum
942 520 1021 559 (erat
1034 521 1158 560 quippe
1179 519 1380 559 professione
1397 521 1551 560 sophista,
1577 529 1635 550 seu
1654 529 1772 559 przece-

146 571 217 606 ptor
233 567 424 608 rhetorices)
441 568 652 600 elucubravit.
670 569 758 599 Hanc
776 573 884 608 utpote
903 570 1071 607 incditam,
1089 577 1120 602 et
1133 571 1257 611 ali0qui
1273 570 1511 607 brevissimam,
1533 571 1657 601 veniam
1674 570 1776 601 lector

145 617 289 656 optimus
305 618 405 655 dabit,
425 619 453 649 si
479 618 567 650 velut
583 627 739 658 parergon
764 619 824 650 hoc
843 619 904 650 loci
922 629 1103 659 apposuero
1120 631 1181 652 una
1200 629 1272 653 cum
1296 621 1443 652 versione
1460 621 1571 652 Latina
1588 621 1618 651 in
1638 621 1773 661 gratiam

145 673 259 697 eorum
275 666 332 707 qui
351 666 510 706 ejusmodi
532 667 651 699 studiis
667 668 879 700 delectantur.
898 670 950 700 Est
965 677 1064 701 vero:

376 750 549 778 Dwmodotu:
563 751 704 787 Antigono.

1195 755 1374 790 Δαιμόὸοιίος
1398 756 1563 790 Ἀντιγόνῳ.

181 806 209 834 Si
227 807 290 834 vitae
307 806 421 843 pignora
436 806 566 835 Socrates
585 815 640 835 non
654 807 788 843 possidet,
806 810 930 844 pzcdagm

1028 811 1051 837 Ei
1067 811 1105 846 μὴ
1125 810 1182 846 βίον
1201 811 1348 846 Σωκράτης
1369 811 1485 846 ἐνέχυρα
1511 812 1654 846 κέκτηται,
1678 811 1777 838 παιδει-

144 861 195 886 gus
214 854 263 881 lilii
277 855 319 881 tui
340 862 393 882 non
409 855 607 882 constituatur.
621 855 738 890 Pignora
759 856 819 884 vitae
832 857 893 884 inte

1027 856 1074 891 γδς
1086 856 1132 882 τοῦ
1154 856 1201 883 σοῦ
1221 857 1259 891 μὴ
1283 857 1499 892 προχειριζὲσοω
1520 857 1624 888 παιδός.
1650 857 1776 891 Ἐνέχυ-

143 904 243 933 gantur
256 899 314 928 lilii.
330 900 416 933 Quem
432 900 504 928 enim
520 907 581 928 esse
598 906 701 935 patrem
716 906 813 929 natura
828 903 890 930 doct

1038 902 1067 929 δὲ
1081 903 1155 935 ,βίου
1175 903 1271 935 παῖδες
1284 903 1459 930 νοεῖσθωσπν.
1476 904 1525 930 ’ον
1549 904 1603 939 γὰρ
1627 902 1697 930 εἶναι
1722 912 1776 930 πα.-

146 946 219 973 liunc
242 946 420 982 paedagogum
434 953 508 979 esse,
524 950 739 975 consentaneum
757 952 819 975 est:
833 949 895 984 quip

1027 957 1050 975 ia
1065 949 1147 983 φύσις
1163 949 1277 982 ἐδίδαξε,
1307 949 1402 976 τοῦτον
1428 950 1476 976 καὶ
1499 949 1673 983 παιδαγωγόν
1698 949 1776 975 ἐστιν

143 993 196 1029 qui
215 992 383 1027 experientia
401 992 479 1020 novit
502 992 691 1028 generationis
713 993 884 1022 ati'ectionem

1026 995 1152 1027 ύπιστον,
1167 996 1265 1029 πεῖραν
1284 996 1454 1030 μανθάνοντα
1470 996 1516 1023 καὶ
1531 996 1665 1030 γενέσεως
1679 996 1775 1030 σχέσιν

144 1036 248 1064 amoris
265 1036 388 1066 dolores.

987 1039 1033 1067 καὶ
1053 1039 1170 1076 στοργῆς
1184 1040 1342 1076 ἀλγηδόνας.

838 1133 982 1164 SECTIO
1016 1135 1072 1165 ΧΙ.

460 1199 504 1230 Bc
517 1203 678 1238 postrema
689 1204 781 1238 parte
797 1198 931 1230 homiliw
946 1198 1126 1236 undecimw,
1136 1199 1175 1229 In
1187 1199 1465 1230 resurrectionem.

182 1259 294 1290 XLIV.
311 1259 390 1296 Quae
405 1260 445 1290 de
469 1259 527 1290 hac
545 1264 705 1299 postrema
728 1263 816 1298 parte
842 1258 985 1289 homiliaa
1007 1259 1243 1298 Theophylacti
1267 1259 1402 1290 dicenda
1423 1259 1475 1289 hic
1501 1259 1578 1289 mihi
1601 1258 1718 1295 forent,
1735 1259 1771 1288 in

141 1307 383 1341 Dissertationis
403 1310 528 1349 praevias
547 1319 636 1341 num.
670 1311 694 1341 L
713 1312 779 1350 jam
808 1313 1027 1349 prmoccupata
1051 1309 1156 1340 fuero.
1172 1310 1277 1346 Quare
1303 1310 1355 1341 hic
1382 1309 1488 1341 solum
1516 1310 1687 1344 admoneo,
1716 1317 1770 1340 me

141 1358 302 1398 quidquid
320 1368 359 1389 ex
375 1359 510 1391 historia
532 1359 666 1390 Eusebii
684 1359 866 1390 derivatum
882 1359 916 1390 in
938 1367 1007 1390 eam
1024 1363 1084 1395 est,
1101 1367 1172 1389 cum
1190 1359 1327 1398 ipsomet
1342 1358 1431 1390 fonte
1448 1359 1636 1396 contulisse,
1659 1367 1771 1399 eoque

142 1409 204 1439 mei
220 1410 415 1448 exemplaris
441 1409 611 1449 supplesse
627 1409 786 1447 defectus,
812 1414 908 1449 atque
930 1410 1026 1440 etiam
1052 1409 1210 1440 variantes
1239 1409 1393 1440 lectiones
1410 1409 1563 1449 pauculas
1588 1410 1766 1441 addidisse.

141 1458 249 1489 Codex
265 1458 705 1495 Cmsareo-Vindobonensis,
721 1459 807 1489 unde
823 1459 889 1489 haec
906 1457 1049 1489 homiliae
1065 1459 1242 1489 undecimae
1257 1467 1328 1494 pars
1343 1459 1509 1497 desumpta
1527 1463 1586 1495 est,
1602 1460 1768 1499 integrum

141 1509 284 1540 con-tinet
299 1508 538 1544 Homiliarium,
553 1517 611 1538 seu
630 1509 661 1538 in
679 1508 778 1539 totius
794 1508 870 1539 anni
889 1508 1064 1547 Evangelia
1081 1508 1246 1547 decerptas
1263 1517 1301 1539 ex
1327 1509 1424 1538 variis
1440 1509 1586 1539 Patribus
1602 1507 1767 1539 homilias.

142 1559 189 1588 Ex
205 1565 270 1596 quo
288 1557 366 1587 mihi
384 1557 476 1588 valde
494 1557 677 1588 verosimiie
702 1557 746 1594 tit,
775 1566 861 1594 eum,
878 1558 934 1597 qui
955 1558 1140 1597 prtedictum
1160 1558 1364 1589 concinnavit
1386 1559 1622 1595 Homiliarium,
1641 1563 1769 1597 postre-

141 1614 225 1638 mam
245 1607 326 1638 hanc
339 1607 484 1638 homilim
499 1607 681 1639 undecimae
704 1611 824 1647 partem
841 1616 903 1639 suo
917 1608 1080 1639 addidisse
1095 1609 1260 1644 arbitratu,
1284 1611 1320 1639 ut
1335 1617 1478 1639 errorem
1495 1608 1582 1647 vulgi
1609 1609 1640 1638 in
1665 1607 1768 1646 patria

141 1665 199 1688 sua
214 1656 313 1688 nimis
327 1656 409 1688 ferte
427 1657 586 1697 vigentem
601 1658 640 1688 de
654 1659 778 1689 Joanne
794 1659 827 1689 in
839 1658 903 1689 vita
921 1658 1025 1690 adhuc
1038 1659 1225 1698 superstite,
1239 1659 1371 1690 omnino
1384 1659 1510 1690 tolleret
1526 1663 1557 1689 et
1570 1657 1766 1688 eliminaret.

141 1707 218 1738 ideo
234 1711 342 1753 autem
359 1716 445 1739 nunc
456 1708 563 1739 editur
574 1708 640 1739 haec
655 1708 798 1740 homiliae
808 1717 890 1749 pars,
903 1709 977 1748 quia
994 1710 1204 1740 constitutum
1223 1709 1316 1741 nobis
1332 1715 1391 1743 est.
1409 1709 1487 1740 nihil
1506 1709 1536 1739 in
1553 1709 1610 1739 hac
1625 1707 1768 1739 editione

143 1757 230 1796 quod
250 1757 483 1798 Tbeophylacti
502 1759 635 1791 nomine
653 1759 845 1799 inscriptum
862 1760 916 1798 sit,
936 1761 1112 1800 praeterire.

831 1823 976 1855 SECTIO
993 1825 1065 1854 XII.

308 1886 353 1916 Dc
370 1885 599 1917 Commentario
612 1888 646 1917 in
658 1887 737 1918 Acta
752 1887 967 1926 apostolorum
984 1897 1024 1918 ex
1040 1886 1228 1917 bibliotheca
1239 1887 1596 1919 Florentino-Medicari.

181 1945 278 1976 XLV.
294 1946 528 1987 Theophylacti
546 1947 794 1979 Commentarius
810 1949 844 1978 in
863 1948 943 1979 Acta
959 1948 1174 1987 apostolorum
1191 1956 1207 1978 a
1221 1947 1332 1979 Sifauo
1348 1948 1455 1979 editus
1469 1949 1550 1980 adeo
1568 1957 1662 1980 rarus
1685 1957 1766 1980 eva-

139 1995 196 2033 sit,
209 1999 245 2027 ut
261 2005 332 2028 cum
350 1998 505 2029 editionis
521 1997 620 2038 hujus
636 2003 800 2030 curatores
816 2007 891 2029 eum
908 1998 963 2028 diu
983 1998 1226 2037 quaesivissent,
1246 1998 1394 2030 invenire
1411 1998 1526 2029 nullibi
1543 1999 1686 2029 venalem
1706 2009 1766 2038 po-

140 2045 276 2076 tuerint.
298 2046 392 2082 Quod
416 2046 443 2076 si
468 2055 542 2077 eum
570 2047 745 2087 aliquando
769 2047 853 2078 nacti
867 2052 956 2084 sunt,
973 2056 1013 2078 ex
1029 2048 1155 2083 .Grtzecia
1180 2048 1303 2086 duplici
1331 2048 1486 2080 editionis
1506 2048 1602 2088 hujus
1630 2057 1767 2087 corpore

138 2099 404 2127 commutandum
422 2102 625 2136 receperunt.
642 2098 768 2129 Interea
783 2098 859 2128 dum
872 2098 998 2137 jamdiu
1013 2107 1285 2138 supervacaneam
1301 2099 1406 2130 eidem
1419 2098 1661 2138 quomodolibet
1673 2107 1766 2130 com-

141 2146 281 2184 parando
296 2150 468 2177 navassent
483 2155 626 2185 operam,
644 2146 750 2186 deque
762 2146 855 2178 exitu
866 2146 986 2186 negotii
1001 2147 1098 2186 hujus
1110 2147 1269 2178 haererent
1284 2147 1412 2184 incerti,
1430 2147 1464 2178 iu
1481 2156 1551 2178 eam
1570 2149 1768 2178 sententiam

137 2198 272 2226 ventum
290 2198 349 2230 est,
370 2197 404 2224 ut
419 2193 488 2232 ejus
502 2184 735 2234 apographum,
751 2194 808 2235 qui
823 2194 857 2225 in
881 2184 1069 2226 Florentino
1089 2195 1198 2226 codice
1212 2195 1372 2234 reperitur
1387 2195 1589 2227 bibliothecm
1604 2197 1767 2228 Mediceo-

139 2245 376 2280 Laurentianae,
394 2253 558 2284 quemque
571 2245 814 2284 ’l‘hcophylacto
824 2244 955 2275 ascribit
970 2244 1239 2276 Montefalconius
1256 2245 1290 2276 in
1307 2254 1365 2277 sua
1386 2246 1582 2278 Bibliotheca
1595 2246 1766 2278 bibliothe-

139 2304 260 2333 carum,
275 2295 336 2326 sibi
358 2297 596 2335 procurandum
615 2295 844 2333 existimarinl,
861 2296 931 2333 rati,
950 2297 1099 2339 eumdem
1115 2295 1247 2327 omnino
1262 2305 1333 2328 esse
1349 2306 1421 2328 cum
1435 2306 1473 2329 eo
1489 2298 1546 2337 qui
1562 2298 1667 2328 editus
1682 2307 1698 2328 a
1715 2299 1766 2328 Si-

137 2347 214 2379 fano
233 2352 280 2378 est
298 2359 305 2378 :
325 2352 422 2388 atque
438 2348 531 2385 adeo,
544 2348 705 2388 quidquid
722 2348 852 2379 demum
872 2348 1053 2386 accidisset,
1070 2349 1229 2380 variantes
1243 2348 1353 2380 saltem
1372 2349 1538 2385 lectiones,
1555 2352 1650 2388 atque
1665 2348 1763 2378 etiam

142 2399 381 2430 correctionum
397 2398 544 2429 subsidia
564 2398 859 2437 suppeditaturum.
877 2401 915 2430 At
933 2407 997 2431 non
1014 2400 1055 2430 ita
1071 2409 1121 2431 res
1137 2400 1245 2431 cessit.
1262 2401 1308 2430 Eo
1323 2399 1410 2430 enim
1426 2399 1609 2438 apographo
1625 2399 1762 2430 Floren—

138 2447 180 2478 tia
196 2447 290 2478 nobis
307 2447 416 2484 allato,
435 2447 575 2486 primum
601 2449 716 2479 turbati
734 2458 848 2480 sumus
865 2450 987 2480 nullam
1004 2449 1037 2480 in
1059 2457 1098 2480 eo
1114 2450 1318 2481 invenientes
1344 2449 1553 2488 epigraphen,
1571 2458 1634 2489 qua
1657 2450 1764 2481 Theo-

139 2499 286 2539 phylacto
306 2498 518 2538 Bulgarorum
535 2498 781 2540 archiepiscopo
795 2501 1028 2537 ascriberetur,
1046 2501 1166 2532 deinde
1183 2510 1256 2532 eum
1275 2500 1368 2531 nobis
1381 2501 1607 2531 evolventibus
1633 2502 1764 2533 nullum

138 2550 288 2589 apparuit
311 2548 484 2584 indicium,
512 2557 570 2579 cur
585 2549 777 2581 tribuendus
793 2550 1034 2591 Theophylacto
1050 2555 1135 2582 esset
1153 2562 1160 2581 :
1174 2551 1320 2590 adeoque
1334 2549 1442 2581 mirari
1456 2551 1622 2589 coepimus,
1638 2559 1655 2582 a
1671 2553 1766 2583 Mon-

139 2601 315 2632 tefalconio
328 2599 551 2630 indubitanter
566 2599 668 2630 fuisse
686 2599 925 2640 Tbeophyiacto
940 2600 1170 2639 adjudicatum.
1188 2600 1329 2631 Tandem
1351 2600 1402 2630 vix
1419 2600 1483 2631 ulla
1498 2601 1659 2639 superfuit
1673 2602 1766 2633 dubi-

139 2651 228 2688 tatio,
242 2660 317 2682 eum
338 2659 409 2681 esse
430 2649 469 2680 ab
483 2650 638 2689 legitimis
649 2650 880 2690 Theophylacti
898 2651 1048 2689 operibus
1064 2651 1330 2690 expungendum,
1345 2659 1417 2681 cum
1434 2651 1518 2681 inter
1534 2650 1671 2682 aliorum
1696 2661 1757 2684 no-

138 2702 223 2732 mina
237 2702 380 2737 Patrum,
399 2709 472 2740 quae
489 2700 630 2730 citantur
644 2700 677 2730 in
693 2701 851 2740 margine,
865 2701 959 2731 etiam
975 2701 1075 2732 semel
1093 2704 1187 2738 θεοφ,,
1208 2701 1358 2739 Theoph.,
1377 2709 1434 2730 seu
1457 2704 1490 2730 ut
1515 2701 1687 2740 legendum
1710 2703 1761 2733 vi-

137 2751 284 2789 debatur,
300 2755 501 2790 Θεοφύλακτος,
522 2749 770 2789 Theophylactus
786 2751 999 2787 occurrisset;
1016 2759 1051 2781 ac
1068 2751 1243 2790 praesertim
1261 2756 1425 2789 postquam
1447 2749 1650 2789 inspeximus
1666 2752 1762 2784 verba

139 2805 258 2836 ibidem
275 2804 366 2835 allata
387 2808 511 2834 exstare
525 2803 556 2832 iu
574 2803 813 2833 Commentario
829 2803 943 2834 editoa
960 2802 1078 2833 Sifano.
1099 2804 1182 2834 Hinc
1198 2803 1284 2833 enim
1306 2803 1396 2840 plane
1412 2811 1615 2841 consequens
1632 2805 1763 2836 videba-

137 2867 201 2897 tur,
221 2866 316 2898 opus,
331 2857 367 2888 in
381 2865 445 2896 quo
460 2855 721 2894 'l‘heonbylacius
740 2856 808 2894 ipse
829 2856 954 2893 citetur,
973 2855 1110 2894 ejusque
1128 2856 1377 2887 tonimentarius
1391 2855 1463 2886 aliis
1479 2855 1616 2887 aliorum
1631 2857 1764 2888 Patrum
