1897 3052
31 179 70 211 473
422 176 462 206 IN
481 175 697 211 SEQUENTIA
713 176 1001 206 TIlEOPIlYLACTI
1023 177 1190 206 SCRIPTA.
1567 175 1619 207 474

32 215 245 267 commentariis
259 235 501 267 annumeratur,
514 232 702 262 nullatenus
721 231 782 270 ipsi
803 239 874 261 esse
898 230 1159 269 adjudicandum.
1178 230 1297 260 Verum
1314 229 1373 260 hoc
1395 234 1620 269 argumentum

33 286 80 315 vim
96 291 168 321 pene
187 291 314 313 omnem
334 281 479 312 amittere
498 281 602 311 visum
627 285 687 318 est,
707 285 874 320 postquam
899 289 935 311 ex
953 281 1068 311 Catena
1094 280 1275 311 Oxoniensi
1301 280 1353 318 (de
1369 289 1431 319 qua
1457 281 1619 320 superius)

29 333 160 370 intellexi,
175 331 410 370 expositionem
429 330 516 361 illam
544 330 705 362 Theodori
722 329 946 361 Heracleensis
974 337 1059 365 esSe,
1076 332 1187 368 utpote
1203 329 1259 368 qui
1287 329 1407 360 diserte
1433 330 1547 360 citatut‘
1564 339 1618 370 pa-

30 385 87 425 gina
110 383 144 414 58
157 383 226 422 ejus
253 382 386 419 codicis,
407 382 499 421 cujus
526 383 702 420 exemplar,
723 385 758 412 ut
776 382 822 412 rei
842 381 938 420 hujus
957 381 1075 411 certior
1096 381 1217 417 ﬁerem,
1246 381 1404 419 postulavi
1425 387 1455 413 et
1479 382 1619 414 obtinui.

32 435 96 466 Hinc
113 433 193 464 enim
211 432 339 463 suborta
359 432 437 462 mihi
452 432 598 471 suspicio
614 436 673 468 est,
699 432 867 462 oscitantia
893 432 1011 462 veteris
1033 436 1086 462 aut
1105 431 1292 462 rcceutioris
1316 433 1521 463 amanuensis
1538 435 1620 464 scri-

31 491 100 525 ptum
116 484 145 514 in
163 482 273 514 codice
292 482 491 518 Florentino,
518 482 567 512 vel
593 486 701 512 nostro
726 490 829 520 exemi
845 481 902 512 lari
916 482 1017 513 fuisse
1037 485 1132 518 Θεοφ..
1157 482 1307 521 Theoph.,
1325 490 1382 521 pro
1397 485 1487 515 Θεοδ..
1505 483 1617 514 Theod.

31 535 75 567 Sed
90 533 371 574 quomodocunque
387 541 437 563 res
453 533 514 563 ista
531 541 565 562 se
577 531 701 568 habeat,
714 536 748 563 ut
765 536 888 563 certum
907 536 995 571 puto.
1013 531 1295 563 Montefalconium
1313 541 1376 563 non
1393 533 1457 563 alio
1474 534 1530 564 niti
1548 533 1621 564 fun-

32 587 156 615 damento
181 582 324 621 potuisse
341 582 377 612 ad
399 581 668 612 Commentarium
687 581 773 612 hunc
797 581 1037 620 TheOphylacto
1061 581 1283 618 asserendum,
1301 590 1395 621 quam
1419 584 1518 622 quod,
1543 585 1619 614 dum

33 635 124 673 raptim
139 633 227 664 illum
243 632 421 669 evolveret,
442 631 475 663 in
491 631 600 670 aliqua
618 631 769 662 inciderit
782 631 848 662 loca
867 631 1065 662 continentia
1085 631 1164 661 illud
1185 631 1268 662 idem
1284 632 1370 671 quod
1395 637 1468 663 ante
1492 632 1525 662 in
1542 633 1623 663 Sii‘a-

30 688 106 718 niano
120 686 349 717 Commentario
363 685 564 724 perlegisset.
583 684 660 715 Mihi
676 684 787 715 saltem
816 693 879 716 non
895 683 983 715 aliud
1008 684 1117 714 animo
1143 684 1388 715 fundamentum
1411 685 1559 716 occurrit.
1587 685 1621 715 Id

31 746 89 769 vero
104 746 192 777 quam
209 738 250 768 sit
271 736 469 768 imbecillum
485 737 518 767 in
536 737 793 773 Commentariis,
811 736 868 776 qui
888 736 937 766 vel
956 745 1066 774 puram
1089 737 1216 767 Catenae
1240 737 1396 768 rationem
1422 737 1556 774 habent,
1573 736 1620 767 vel

31 790 58 820 ad
73 789 147 818 illam
163 788 310 828 proxime
326 788 493 823 accedunt,
508 788 656 828 quisquis
673 788 766 820 facile
779 788 943 827 intelligit.

58 840 152 871 XLVI.
168 840 288 870 Verum
308 840 334 869 si
352 848 402 870 res
415 839 457 870 ita
476 848 510 870 se
528 839 634 874 habet,
655 849 712 871 cur
727 839 826 878 igitur
837 839 890 870 hic
905 847 922 870 a
939 839 1032 870 nobis
1114 839 1217 870 lucem
1238 840 1421 870 emittitur?
1438 841 1497 871 Cur
1521 840 1619 871 etiam

30 891 115 922 Grmce
126 891 298 922 duntaxat?
312 892 345 922 In
364 891 467 922 lucem
485 891 536 922 hic
554 891 655 922 emitti
671 891 862 930 respondeo,
880 891 1031 930 primum,
1046 891 1132 930 quod
1150 891 1218 922 viro
1235 900 1311 922 sane
1324 891 1511 922 doctissimo
1534 891 1621 921 visus

29 941 187 972 iueritesse
205 941 457 981 Theophylacti;
483 950 588 981 neque
613 946 699 974 certo
721 942 830 982 aliquo
850 942 1084 982 perspicuoque
1103 947 1292 982 argumento
1316 942 1419 972 refelli
1435 942 1535 981 possit
1564 942 1621 971 ist-

29 991 80 1022 haec
92 991 204 1030 opinio.
219 991 250 1022 2.
267 991 347 1028 Quia
367 1000 495 1030 aequum
510 1000 574 1022 non
590 991 718 1028 censui,
735 991 952 1031 apographum
969 991 1056 1022 istud
1073 991 1208 1022 omnino
1225 991 1379 1027 interire;
1398 991 1518 1030 quippe
1535 990 1620 1030 quod

31 1049 86 1071 esse
97 1041 221 1072 fortasse
237 1042 354 1080 poterit
369 1041 467 1072 alicui
488 1042 627 1081 pesteris
651 1042 738 1079 usui,
767 1041 1040 1081 quemadmodum
1064 1041 1142 1071 mihi
1162 1050 1225 1072 non
1243 1041 1444 1077 inutilcfuit,
1471 1044 1504 1071 ut
1530 1041 1622 1071 Com-

34 1089 155 1121 mentarii
173 1090 315 1122 Vaticani
340 1090 389 1132 (de
411 1100 477 1131 quo
499 1090 619 1123 dictum
641 1095 689 1122 est
704 1092 816 1130 supra)
840 1092 1005 1131 exemplar
1022 1092 1228 1123 emendarem
1260 1095 1356 1131 atque
1369 1091 1566 1129 supplerem.
1586 1091 1622 1119 Et

30 1142 136 1180 quidem
151 1143 255 1182 quoad
274 1143 343 1183 ejus
354 1143 467 1174 attinet
480 1153 588 1181 usum,
608 1144 747 1174 breviter
762 1143 960 1183 patefaciam,
974 1143 1061 1183 quod
1079 1143 1158 1173 mihi
1175 1151 1250 1174 eum
1268 1142 1469 1182 percurrenti
1486 1141 1571 1171 venit
1589 1140 1621 1170 in

32 1196 145 1223 mentem
165 1201 172 1222 :
193 1193 348 1223 nimirum
364 1202 403 1224 ex
420 1193 522 1224 tribus
539 1194 627 1225 hisce
644 1195 678 1224 in
692 1194 772 1224 Acta
791 1194 966 1232 apostolica
989 1193 1247 1229 Commentariis,
1271 1201 1352 1232 quos
1368 1192 1518 1222 volumen
1538 1190 1620 1220 istud

31 1243 226 1281 complectitur
244 1243 434 1282 (praesertim
452 1244 481 1274 si
506 1244 725 1282 Cbrysoslomi
751 1244 849 1275 fOntis
872 1244 1016 1275 omnium
1034 1243 1186 1282 praecipui
1210 1243 1432 1274 adnotationes
1453 1241 1621 1276 addant-ur)

31 1294 178 1332 perfectum
194 1295 306 1326 confici
326 1303 431 1334 posse,
453 1295 702 1335 absolutumque
717 1296 749 1326 in
763 1296 871 1326 eadem
891 1296 965 1326 Acta
991 1295 1278 1328 Commentarium;
1294 1303 1365 1325 cum
1389 1294 1508 1332 singuli
1527 1297 1620 1324 caete-

30 1345 123 1383 roquin
138 1345 219 1376 haud
237 1354 349 1385 parum
367 1345 477 1384 procul
489 1346 554 1376 sint
567 1355 582 1376 a
598 1346 705 1377 debita
722 1345 929 1386 perfectione.
945 1346 1064 1377 Poterit
1078 1346 1175 1385 igitur
1189 1346 1350 1385 quispiam
1370 1354 1409 1376 ex
1426 1346 1562 1384 singulis
1581 1354 1618 1376 ea

31 1405 83 1435 qua:
95 1397 128 1427 ad
146 1406 209 1428 rem
225 1397 364 1428 maxime
379 1397 513 1434 faciunt,
529 1397 689 1437 seligendi
705 1407 814 1429 curam
836 1398 1043 1437 laboremque
1067 1398 1233 1435 suscipere
1251 1408 1258 1429 :
1279 1406 1374 1437 quem
1391 1397 1472 1428 forte
1492 1401 1618 1436 egomet

30 1446 229 1484 suscepissem,
253 1446 317 1477 nisi
344 1447 425 1483 alim,
442 1447 562 1485 quibus
579 1447 749 1483 distrahor,
766 1456 849 1478 curm
861 1451 892 1478 et
906 1447 1100 1478 valetudinis
1112 1447 1315 1478 imbecillitas
1327 1447 1557 1478 inhibuissent.
1576 1449 1621 1478 Eu

29 1496 108 1534 igitur
122 1498 210 1535 ratio,
226 1507 286 1529 cur
303 1498 394 1528 illum
411 1498 579 1530 ediderim.
597 1499 704 1530 Grmce
718 1503 824 1529 autem
843 1503 963 1529 tantum
979 1498 1077 1533 edidi,
1095 1498 1170 1537 quia
1187 1507 1224 1529 ex
1242 1507 1304 1529 una
1323 1502 1409 1537 parte
1422 1498 1622 1529 levissimum

29 1550 65 1576 cst
76 1547 315 1580 fundamentum
332 1549 560 1580 Commentarii
587 1550 685 1589 hujus
708 1549 948 1589 Theophylacto
970 1549 1178 1589 adjudicandi
1197 1559 1205 1579 :
1222 1559 1262 1581 ex
1278 1550 1376 1581 altera
1402 1550 1623 1588 veros-xposi-

29 1597 113 1627 tiones
133 1597 201 1636 ejus
217 1598 381 1637 pleraeque
395 1598 427 1628 in
444 1598 597 1630 alterutro
614 1608 654 1630 ex
671 1599 725 1637 iis,
745 1600 802 1639 qui
821 1599 997 1630 voluminis
1018 1599 1117 1639 hujus
1137 1599 1230 1630 initio
1257 1600 1409 1639 impressi
1433 1604 1520 1637 sunt,
1541 1600 1622 1630 Sifa-

29 1645 104 1675 uiano
115 1645 244 1682 scilicet,
263 1651 294 1676 et
308 1645 471 1683 vaticano,
490 1654 552 1677 non
567 1647 661 1678 modo
676 1648 781 1687 quoad
798 1656 945 1684 sensum,
970 1647 1025 1678 sed
1042 1648 1138 1678 etiam
1154 1648 1260 1688 quoad
1277 1649 1373 1679 verba
1401 1657 1624 1688 saepenumero

30 1697 129 1727 insunt.
146 1697 226 1728 Hinc
243 1697 384 1736 pretium
401 1705 507 1737 operte
523 1698 655 1729 minime
677 1707 748 1730 esse
765 1699 891 1736 censui,
912 1707 1031 1730 novum
1046 1700 1132 1730 hunc
1153 1700 1263 1732 subire
1279 1700 1432 1738 laborem,
1451 1705 1481 1732 et
1496 1701 1623 1740 aliquo-

33 1754 87 1777 rum
101 1747 282 1778 accessione
298 1746 450 1778 foliorum
467 1745 555 1778 nu'lla
574 1749 804 1787 propemodum
826 1749 964 1780 utilitate
982 1749 1133 1780 volumen
1151 1749 1211 1781 hoc
1226 1758 1375 1782 onerare.

61 1797 175 1827 XLVII.
191 1796 346 1833 Quamvis
360 1802 465 1828 autem
483 1798 754 1830 Commentarium
779 1798 864 1829 hunc
882 1798 991 1829 Latine
1007 1806 1072 1829 non
1095 1799 1258 1837 verterim,
1278 1808 1342 1831 non
1369 1800 1443 1832 ideo
1464 1804 1567 1832 tamen
1587 1803 1626 1833 ab

31 1847 103 1877 omni
118 1847 147 1878 in
162 1855 200 1878 eo
215 1847 344 1879 edendo
356 1847 464 1879 labore
478 1857 526 1879 me
542 1848 677 1879 absolvi.
697 1849 839 1879 Lacunas
856 1848 956 1884 enim,
971 1847 1091 1887 quibus
1108 1848 1326 1887 apograpbum
1342 1849 1530 1888 frequenter
1554 1851 1624 1882 bia-

32 1898 71 1927 bat
85 1898 264 1937 (prresertim
287 1899 349 1930 sub
364 1900 435 1939 ejus
450 1899 592 1939 initium)
610 1900 741 1938 explere
768 1907 824 1938 pro
839 1899 963 1930 viribus
980 1899 1106 1930 studui.
1131 1901 1169 1930 Et
1186 1900 1282 1930 initio
1298 1901 1441 1940 quidem,
1467 1902 1520 1932 ubi
1543 1905 1626 1942 spis-

29 1948 113 1979 siores
127 1949 247 1980 lacuna;
263 1954 365 1986 erant,
385 1949 462 1980 mihi
481 1949 514 1980 in
527 1950 608 1981 hanc
625 1959 690 1980 rem
710 1949 910 1981 incumbenti
927 1950 1187 1988 percommodum
1201 1949 1262 1980 fuit
1281 1950 1406 1981 Catenae
1427 1950 1625 1982 Oxoniensis

30 1998 55 2029 in
66 1999 164 2030 eadem
191 2001 267 2031 Acta
289 2000 440 2039 primum,
464 2001 550 2040 quod
576 2001 730 2032 habebam
755 2009 818 2040 prae
837 2000 999 2038 manibus,
1019 2000 1133 2032 folium
1152 2012 1159 2031 :
1181 2009 1253 2032 cum
1281 2001 1346 2039 ipsa
1367 2001 1488 2041 quippe
1509 2003 1625 2033 Catena

29 2048 222 2087 apographum
240 2058 347 2080 meum
367 2050 413 2080 sic
428 2050 511 2080 inibi
526 2051 702 2082 convenire
726 2051 937 2090 deprehendi,
955 2055 989 2081 ut
1015 2051 1101 2081 idem
1125 2059 1194 2082 esse
1210 2060 1293 2089 opus
1312 2051 1486 2087 videretur,
1506 2053 1567 2082 nisi
1585 2063 1625 2083 ex

30 2104 164 2136 postrema
179 2101 268 2132 illius
286 2105 383 2141 parte,
399 2105 493 2141 atque
510 2110 548 2132 ex
564 2102 693 2134 duobus
710 2103 793 2140 aliis,
809 2112 882 2143 quae
909 2102 985 2133 mihi
1003 2111 1134 2133 cernere
1155 2102 1259 2137 licuit,
1285 2102 1355 2142 ejus
1380 2103 1468 2134 foliis
1492 2103 1625 2134 omnino

29 2152 242 2188 cognovissem,
262 2153 409 2183 Catenam
427 2152 647 2184 Oxoniensem
663 2155 762 2184 multa
779 2153 961 2192 complecti,
978 2161 1050 2192 qum
1071 2153 1104 2184 in
1120 2153 1307 2184 Florentino
1323 2153 1559 2185 Commentario
1571 2154 1627 2185 de-

30 2199 203 2233 siderantur.
219 2203 382 2233 Posterior
397 2203 457 2233 iste
474 2203 609 2234 fortasse
630 2207 800 2242 excerptus
819 2207 866 2234 est
888 2211 926 2233 ex
942 2203 994 2233 illa
1022 2203 1140 2242 priore.
1165 2202 1211 2233 Ad
1235 2203 1419 2234 sarciendas
1444 2212 1532 2241 vero,
1555 2212 1627 2244 qum

31 2257 214 2284 occurrerent
229 2254 263 2284 in
286 2262 471 2293 progressu,
490 2253 619 2285 lacunas
633 2255 787 2285 alterutro
811 2263 849 2285 ex
862 2254 1108 2284 Commentariis
1122 2254 1293 2293 praedictis,
1312 2254 1474 2285 Silaniano
1490 2254 1625 2289 scilicet,

32 2304 55 2330 et
70 2303 223 2341 Vaticano,
240 2303 297 2334 sed
314 2304 459 2334 omnium
476 2304 740 2344 frequentissime
756 2312 871 2344 magno
888 2304 1117 2343 Chrysoslomo
1134 2313 1213 2335 usus
1229 2313 1319 2341 sum;
1333 2308 1363 2335 et
1379 2313 1415 2336 ea
1431 2305 1562 2344 quidem
1576 2304 1625 2335 fe-

34 2351 144 2391 licitate,
164 2360 196 2386 ut
214 2365 255 2388 ex
273 2356 432 2395 plurimis,
449 2365 521 2396 qua:
537 2356 663 2387 inerant
679 2360 783 2394 antea,
800 2356 923 2388 lacunis
940 2365 1001 2386 uua
1023 2360 1157 2392 tantum,
1174 2357 1223 2387 vel
1243 2355 1341 2386 altera
1364 2356 1524 2394 inexpleta
1550 2355 1629 2386 mihi

34 2406 209 2436 remanserit.
240 2406 344 2437 Verba
370 2415 386 2437 a
410 2407 506 2438 nobis
531 2407 639 2438 addita
665 2415 703 2437 ex
737 2407 854 2445 signis,
877 2406 997 2445 quibus
1023 2406 1069 2436 uti
1093 2407 1125 2437 in
1149 2406 1313 2437 similibus
1337 2406 1492 2443 solemus,
1516 2407 1628 2436 Lector

34 2460 172 2492 agnoscet.
186 2456 233 2487 Ad
251 2457 370 2488 calcem
384 2457 624 2494 Commentarii,
641 2465 680 2487 ne
697 2457 822 2496 integra
841 2456 956 2496 pagina
972 2455 1106 2487 omnino
1124 2465 1219 2487 vacua
1235 2461 1424 2494 remaneret,
1448 2457 1486 2486 ab
1503 2466 1540 2488 eo
1558 2457 1627 2489 loco

34 2511 88 2542 pag.
101 2506 164 2540 629,
181 2507 242 2538 col.
254 2507 286 2544 2,
304 2511 394 2539 Ἐστὶν
405 2509 475 2539 οὖνὸ
490 2513 545 2544 πᾶς
563 2513 669 2548 χρόνος,
688 2512 797 2546 rogatu
819 2506 1009 2546 typograpbi
1028 2506 1130 2545 adjeci
1149 2509 1255 2544 verba,
1274 2508 1394 2548 quibus
1411 2509 1524 2550 Catena
1539 2510 1627 2540 Oxo-

34 2552 135 2585 nieusis
150 2555 338 2588 absolvitur.
357 2559 467 2597 Neque
485 2559 517 2589 id
537 2559 662 2589 Lectori
680 2558 891 2598 injucundum
908 2557 976 2587 fore
987 2556 1110 2587 conlido
1129 2558 1194 2587 :sic
1208 2559 1293 2588 enim
1309 2559 1478 2597 prmdiclm
1491 2560 1624 2593 Catenae;

34 2609 109 2639 quam
119 2607 410 2644 prwslantissimam
425 2607 564 2646 appellat
580 2608 749 2639 Fabricius
763 2607 795 2638 in
812 2607 898 2637 Bibl.
916 2606 1036 2643 Graeca,
1057 2606 1187 2637 initium
1204 2608 1325 2638 tenebit
1344 2612 1374 2639 et
1390 2608 1497 2641 ﬁnem.

694 2658 834 2689 SECTIO
857 2657 942 2689 XIII.

426 2711 471 2740 De
492 2711 648 2749 Epistolis
671 2721 691 2740 a
713 2711 854 2742 Mcursio
878 2711 982 2747 editis,
1006 2716 1034 2741 ct
1055 2720 1075 2740 a
1098 2710 1213 2740 Lamia.

67 2757 193 2790 XLVIII.
216 2760 310 2791 Forte
340 2761 507 2793 mirabitur
530 2764 652 2800 Lector,
685 2764 770 2802 quod
804 2763 871 2793 ista?
896 2763 1040 2802 epistolae
1065 2763 1104 2793 ab
1132 2761 1203 2792 aliis
1230 2761 1343 2801 viginti
1369 2762 1522 2802 sejunctae
1553 2763 1628 2795 huic

34 2805 143 2840 Edilioni
162 2812 279 2842 fuerint
303 2812 447 2850 insertm,
466 2823 540 2845 cum
570 2824 665 2845 nemo
696 2824 758 2846 non
782 2815 897 2850 videat,
916 2814 1093 2844 naturalem
1120 2813 1265 2844 ordinem
1291 2813 1471 2852 postulasse
1497 2819 1530 2845 ut
1546 2823 1623 2845 cou-

32 2853 142 2892 iunctlm
162 2862 334 2893 ederentur
350 2871 473 2894 omnes.
495 2865 629 2896 Consilii
648 2865 754 2903 itaque
778 2865 877 2896 nostri
904 2865 982 2895 hanc
1007 2865 1159 2895 rationem
1187 2864 1310 2895 habeto.
1341 2863 1499 2902 Principio
1524 2863 1627 2900 fuerat
