1897 3052
229 114 283 146 475
738 111 931 142 BONIFACII
946 111 1106 142 tFlNETTI
1128 112 1337 142 PREFATIO.
1829 108 1888 140 476

230 169 507 207 ςοηειὶιυιυιηΛΜ
527 166 640 206 viginti
662 166 816 197 duntaxat
834 167 1063 208 Theopbylacti
1088 168 1233 206 epistolae
1249 168 1308 198 hoc
1329 168 1362 198 in
1387 167 1552 199 volumine
1568 167 1679 198 sedem
1696 167 1888 198 haberent-

230 227 303 258 quaa
327 219 468 249 nendum
495 217 655 256 publicam
681 217 782 247 lucem
800 223 1007 256 aspexerant;
1033 227 1104 249 cum
1131 227 1175 248 ea:
1204 222 1327 248 tantum
1349 217 1424 249 huic
1451 218 1546 248 tertio
1571 218 1748 253 volumini,
1783 216 1888 255 quod

229 268 361 300 ineditis
375 266 982 306 Theophylactioperibusexcipiendis
1011 267 1207 298 destinatum
1224 268 1257 298 in
1283 268 1395 306 primis
1421 271 1498 303 erat,
1519 268 1680 307 explendo
1695 268 1783 298 satis
1806 274 1884 297 esse

231 319 425 353 viderentur,
449 317 581 356 adjectis
610 321 713 347 tamen
739 318 866 348 duobus
894 319 1048 357 operibus
1072 319 1178 350 adhuc
1205 319 1347 354 ineditis,
1378 327 1518 358 quorum
1551 319 1689 348 alterum
1716 317 1888 355 Parisiis,

230 369 364 399 alterum
385 367 547 397 Florentia
571 367 842 405 praestolabamur.
865 368 924 398 Sed
945 369 1082 408 primum
1102 369 1180 399 illud
1194 378 1278 407 stepe
1294 369 1501 407 proniissum,
1522 377 1687 407 nunquam
1705 367 1888 407 perlatum

229 417 267 448 ad
293 426 350 448 nos
373 422 431 448 est.
459 417 603 447 Alterum
632 417 763 456 quidem
780 418 982 456 accepimus;
1013 419 1068 449 sed
1099 418 1179 449 illud
1209 418 1484 456 perpendentibus
1511 417 1603 448 nobis
1634 425 1698 448 non
1719 417 1827 455 suspi
1847 417 1888 445 riu

228 467 393 503 duntaxat,
423 467 478 497 sed
511 472 594 497 certa
620 468 786 505 persuasio
804 467 934 503 insedit,
954 467 992 498 ad
1010 467 1286 507 TheOphylactum
1305 466 1492 498 nullatenus
1517 466 1689 504 pertinere.
1707 467 1774 496 Nos
1802 473 1888 495 vero

230 519 261 547 in
287 526 426 548 errorem
450 519 656 557 perduxerat,
685 527 757 558 quae
783 519 867 557 apud
904 519 1190 549 Montefalconium
1218 519 1335 558 legitur
1363 519 1396 549 in
1427 518 1578 549 Bibliolh.
1606 518 1888 548 bibliothecarum

228 574 251 599 t.
271 571 295 604 Ι,
317 578 385 608 pag.
406 570 455 606 35,
482 570 650 601 imminuta
677 570 856 608 inscriptio,
879 579 950 609 quas
979 570 1151 609 sequitur:
1174 571 1353 600 Threnodt’a
1371 578 1467 608 super
1492 569 1587 599 beatae
1621 569 1785 598 memoria:
1809 569 1888 597 tiro

231 620 270 649 D.
288 620 531 658 Theophylacto.
548 619 675 651 Scilicet
691 619 852 659 ejusmodi
869 619 983 650 titulus
1013 628 1071 650 nos
1098 623 1244 650 erexerat
1272 619 1303 650 in
1320 628 1423 658 spem,
1444 617 1663 653 'l'hrenodt'am,
1681 618 1721 648 de
1735 626 1809 655 qua
1832 617 1888 646 hic

230 679 348 707 seruio,
366 680 468 710 genus
485 670 616 710 aliquod
630 672 785 702 orationis
802 671 948 702 funebris
966 671 1087 702 essein
1105 670 1387 710 Theophylactum
1404 669 1464 709 jam
1487 673 1664 703 mai-tuum.
1695 678 1774 708 qua;
1803 668 1888 698 huic

235 721 391 752 volumini
413 731 449 753 ea
469 723 592 753 ratione
611 722 707 753 inseri
723 727 843 763 posset,
863 723 947 762 quod
965 722 1074 761 aliqua
1091 731 1129 752 ex
1146 722 1245 760 gestis
1271 721 1512 760 virtutibusque
1545 720 1591 758 (ut
1618 720 1649 750 in
1677 719 1888 758 iiujU‘l’ltOtit

230 773 431 804 orationibus
457 775 601 805 accidere
615 775 709 815 solet)
737 775 828 806 illius
854 775 991 806 celebris
1014 774 1250 813 archiepiscopi
1285 774 1564 812 complecteretur.
1593 776 1631 804 At
1671 772 1740 803 sola
1777 771 1888 801 lectio

230 821 422 861 cpigraphes
453 824 643 861 exemplaris
673 825 710 854 ad
742 832 801 854 nos
831 823 1006 854 transmissi
1054 823 1092 853 ab
1125 824 1212 854 omni
1247 823 1381 854 omnino
1414 832 1470 862 spe
1503 828 1533 853 et
1561 827 1785 862 praeconcepta
1821 831 1884 852 nos

231 872 386 910 opinione
404 874 540 914 dejecit;
558 874 600 904 ita
618 874 702 904 enim
722 883 756 903 se
776 874 871 904 habet
888 885 895 903 :
912 879 980 914 θρηι,

1142 878 1181 913 τῷ
1204 878 1348 914 μακαρῖτῳ
1363 877 1440 914 κόρῳ
1462 878 1644 913 Θεοφυὶάκτῳ
1736 878 1884 904 Baltasa-

233 927 310 963 ρῑτῳ,
331 923 525 954 Lamentatio
545 933 641 962 super
657 924 758 964 felicis
782 925 936 954 memoria
959 925 1027 955 viro
1056 924 1181 954 domino
1208 924 1438 963 Theophylacto
1468 923 1666 954 Belissarito.
1693 925 1800 954 Porro
1832 924 1886 954 vel

232 975 340 1013 ipsum
364 975 545 1006 Belissariti
563 984 740 1014 cognomen
768 977 845 1006 satis
872 975 983 1015 procul
1013 976 1112 1007 dubio
1130 976 1255 1013 fuissot,
1283 981 1318 1007 ut
1340 976 1612 1015 Theophylactum
1634 977 1720 1006 hunc
1754 985 1773 1006 a
1798 974 1885 1005 Bul-

232 1032 381 1063 garorum
401 1025 643 1064 archiepiscopo
660 1034 916 1063 secerneremus,
932 1025 1059 1056 etiamsi
1082 1035 1155 1066 quae
1178 1026 1385 1057 continentur
1411 1027 1443 1056 in
1473 1026 1530 1057 hac
1550 1026 1695 1056 oratione
1729 1026 1882 1064 lugubri

231 1075 341 1115 aliquo
368 1075 463 1106 modo
484 1075 623 1106 fuissent
648 1076 808 1115 ambigua.
824 1077 884 1107 Sed
912 1080 942 1107 et
956 1085 1006 1107 res
1031 1077 1063 1107 in
1089 1077 1157 1116 ipsa
1186 1080 1342 1107 contentae
1363 1076 1639 1115 TheOpbylactum
1663 1075 1831 1107 exhibent
1866 1082 1883 1104 a

233 1128 344 1155 nostro
366 1124 458 1164 plane
478 1125 642 1155 diversum
658 1135 665 1154 :
679 1127 742 1154 tota
762 1124 847 1154 enim
867 1125 1063 1162 impenditur
1077 1125 1111 1156 in
1129 1125 1327 1163 deplorando
1346 1126 1518 1156 immaturo
1540 1127 1672 1163 juvenis
1692 1126 1877 1164 cujusdam

233 1173 352 1204 nobilis
373 1173 518 1210 interitu,
536 1174 590 1213 qui
607 1181 678 1203 cum
697 1174 826 1212 generis
851 1173 1026 1210 nobilitate,
1047 1177 1114 1204 tum
1132 1174 1286 1204 virtutum
1303 1179 1491 1205 ornamento
1514 1177 1679 1214 praestabat
1701 1188 1708 1206 :
1746 1176 1880 1215 quique

232 1225 308 1255 dum
325 1224 458 1255 Athenis
475 1224 582 1255 studio
599 1233 726 1263 operam
742 1226 840 1262 daret,
861 1225 1008 1256 faucibus
1022 1226 1140 1266 angina
1154 1227 1349 1263 interclusis,
1368 1227 1517 1266 migravit
1537 1239 1553 1258 ρ
1581 1229 1654 1264 vita,
1679 1228 1769 1258 datis
1793 1233 1874 1258 ante

233 1274 383 1315 pluribus
403 1276 531 1314 pietatis
549 1275 692 1306 indiciis.
719 1278 800 1307 Eum
820 1277 916 1316 igitur
932 1277 1038 1308 solum
1062 1286 1101 1308 ex
1126 1278 1185 1308 hoc
1205 1278 1364 1316 opusculo
1378 1277 1517 1308 fructum
1539 1278 1656 1310 referre
1686 1284 1876 1315 potuerunt

232 1332 397 1357 curatores
415 1327 546 1357 istiusce
559 1327 720 1365 editionis,
739 1331 774 1357 ut
791 1327 889 1366 magis
903 1328 1069 1366 magisque
1084 1332 1278 1367 perspectam
1296 1328 1448 1358 omnibus
1471 1332 1681 1368 testataniquc
1695 1329 1881 1360 redderent

233 1379 448 1418 diligentiam,
465 1387 529 1417 qua
555 1378 603 1408 usi
628 1382 716 1414 sunt,
742 1378 909 1408 maximam
938 1378 969 1408 in
997 1378 1231 1417 conquirendis
1255 1378 1412 1418 undique,
1441 1379 1530 1409 nulla
1569 1384 1718 1418 sumptus
1746 1381 1879 1411 ratione

235 1431 352 1465 habita,
372 1428 527 1468 operibus
553 1429 589 1458 ad
614 1427 889 1467 TheOpbylactum
917 1432 1062 1458 nostrum
1089 1428 1333 1467 quomodolibet
1375 1429 1624 1468 pertinentibus.
1655 1431 1732 1461 Cum
1776 1432 1880 1470 igitur

234 1480 333 1519 hujus
350 1479 550 1517 alteriusque
567 1477 693 1508 defectu
706 1477 812 1515 operis
833 1485 896 1508 non
918 1485 1015 1516 pauca
1034 1477 1186 1508 deessent
1203 1478 1280 1509 folia
1297 1479 1335 1509 ad
1353 1479 1561 1516 praestitutam
1579 1479 1676 1519 hujus
1694 1481 1879 1511 voluminis

237 1530 364 1565 molem,
384 1532 558 1560 curatores
591 1526 746 1566 praedicti,
784 1525 953 1565 impressis
987 1526 1050 1565 jam
1078 1527 1224 1565 epistolis
1255 1527 1387 1566 viginti,
1426 1532 1457 1558 et
1487 1529 1596 1559 Graeco
1630 1530 1879 1561 Commentario

234 1578 441 1617 insequente,
468 1577 643 1609 consilium
676 1576 881 1615 capessivere
916 1577 964 1616 (ad
998 1577 1098 1607 alium
1126 1581 1246 1607 tomum
1274 1581 1435 1608 reservato
1467 1586 1580 1618 Opere,
1612 1580 1698 1618 quod
1733 1580 1879 1612 Parisiis

236 1629 470 1668 praestolamur)
487 1627 660 1666 adjiciendi
684 1627 778 1657 etiam
799 1626 951 1665 epistolas
970 1635 986 1657 a
1013 1627 1156 1657 Meursio
1178 1631 1208 1657 et
1231 1626 1340 1657 Lamio
1361 1626 1474 1664 editas,
1497 1636 1537 1658 ne
1555 1631 1661 1658 tonius
1690 1629 1752 1660 iste
1779 1640 1879 1670 aequo

237 1679 364 1709 brevior
386 1678 553 1714 evaderet;
580 1677 744 1715 simulque
769 1677 930 1707 celeritate
955 1685 1079 1707 summa
1103 1677 1236 1707 curandi
1257 1677 1368 1716 ipsius.
1396 1677 1657 1716 impressionem,
1686 1688 1725 1709 ne
1756 1682 1879 1711 erudi-

238 1733 345 1759 torum
372 1732 443 1758 vota
469 1728 593 1759 diutius
620 1727 842 1767 fatigarentur.
867 1727 951 1758 Hinc
972 1735 1048 1758 vero
1064 1726 1131 1766 ,hoc
1155 1726 1261 1758 solum
1286 1727 1482 1759 incommodi
1513 1729 1628 1760 aecidit
1652 1729 1753 1769 (quod
1787 1733 1878 1762 enim

236 1780 395 1820 ejusmodi
415 1781 559 1820 epistolze
574 1781 612 1811 ab
628 1780 701 1811 aliis
717 1780 870 1819 sejunctze
887 1781 1057 1820 prodeant,
1074 1787 1133 1819 pro
1157 1779 1259 1811 nihilo
1288 1779 1468 1811 habendum
1486 1789 1556 1812 esse
1584 1790 1601 1812 a
1627 1782 1705 1812 viris
1727 1785 1878 1821 pruden-

236 1833 324 1863 tibus
340 1833 428 1872 puto)
444 1833 530 1872 quod
548 1822 772 1863 Marin'erianae
793 1831 952 1863 versionis
972 1831 1245 1868 emendationem,
1265 1840 1360 1870 quam
1396 1832 1527 1870 aggredi
1554 1840 1589 1863 ac
1614 1833 1768 1871 perﬁcere
1793 1838 1876 1864 stato

238 1888 382 1923 tempore
403 1882 647 1920 constitueram,
672 1886 763 1922 capto
785 1891 801 1912 a
832 1882 1037 1913 curatoribus
1060 1891 1144 1912 novo
1171 1882 1404 1922 inopinatoque
1434 1884 1584 1921 consilio,
1610 1888 1640 1915 et
1675 1894 1707 1915 re
1732 1886 1876 1916 maxime

238 1937 416 1972 properata,
439 1938 588 1972 prmstare
609 1941 672 1964 non
691 1933 863 1971 potuerim.
883 1934 920 1963 At
937 1933 1119 1964 versionem
1144 1933 1229 1963 illam
1247 1934 1448 1964 tolerabilem
1469 1935 1506 1965 ad
1528 1935 1635 1966 minus
1654 1945 1740 1973 esse,
1759 1937 1811 1967 vel
1838 1946 1875 1967 ex

237 1994 276 2017 eo
298 1985 373 2016 mihi
395 1986 585 2025 persuadeo,
609 1985 696 2025 quod
723 1985 865 2021 Lamius,
891 1985 940 2014 vir
967 1985 1189 2022 doctissimus,
1213 1985 1380 2024 Graecique
1404 1985 1565 2017 idiomatis
1578 1986 1812 2025 peritissimus,
1842 1989 1873 2017 in

237 2038 355 2069 celebri
373 2038 515 2070 editione
531 2038 725 2074 Meursiana,
744 2038 795 2068 cui
811 2041 938 2077 przeest,
956 2046 1025 2068 eam
1053 2037 1213 2073 collocare
1231 2046 1296 2068 non
1313 2037 1479 2069 dubitarit.
1498 2037 1623 2068 Nullam
1645 2038 1745 2077 igitur
1762 2039 1798 2068 in
1827 2040 1873 2069 his

238 2091 372 2121 edendis
390 2091 538 2128 epistolis
556 2091 625 2129 ipse
643 2098 772 2129 operam
791 2089 896 2126 posui,
917 2090 1064 2129 adeoque
1091 2089 1172 2120 nihil
1200 2089 1240 2120 de
1265 2089 1381 2119 iisdem
1403 2094 1551 2128 superest
1577 2089 1656 2119 mihi
1683 2089 1870 2119 dicendum.

238 2143 276 2172 Et
291 2142 356 2173 base
370 2143 475 2182 quoad
492 2142 638 2182 singulas
654 2142 752 2182 hujus
770 2142 945 2173 voluminis
963 2145 1079 2181 partes.
1099 2143 1191 2172 Nunc
1219 2149 1318 2180 pauca
1345 2141 1383 2171 de
1403 2140 1554 2172 versione
1583 2149 1663 2177 utea,
1685 2141 1872 2180 additisque

240 2193 336 2230 notis,
361 2197 530 2232 antequam
550 2193 768 2224 Prtefalionem
786 2193 930 2229 absolvo,
946 2192 1085 2232 adjicere
1103 2191 1203 2223 lubet.

280 2254 397 2285 XLIX.
422 2255 504 2285 Usus
520 2263 592 2286 sum
612 2255 761 2286 liberiore
777 2254 938 2285 versionis
962 2263 1098 2293 genere;
1127 2262 1190 2285 non
1212 2254 1356 2293 quidem,
1387 2258 1422 2285 ut
1441 2262 1510 2285 eam
1538 2254 1707 2284 redderem
1737 2255 1871 2293 elegan-

243 2304 369 2343 liorcm,
389 2305 442 2335 sed
466 2309 499 2335 ut
515 2305 683 2336 clariorem
701 2305 869 2344 magisque
889 2306 1104 2344 perspicuam.
1123 2306 1249 2336 Etenim
1269 2305 1304 2335 in
1331 2313 1366 2335 ea
1393 2313 1520 2343 semper
1541 2304 1700 2334 sententia
1715 2303 1776 2336 fui,
1799 2311 1870 2333 eum

242 2355 325 2386 haud
344 2355 483 2394 perfecte
508 2355 599 2394 fungi
625 2356 808 2395 interpretis
830 2365 975 2391 munere,
1003 2355 1059 2395 qui
1096 2360 1241 2387 accurate
1266 2356 1398 2395 quidem
1420 2357 1517 2386 verba
1542 2355 1714 2386 transferre
1742 2356 1868 2393 satagit,

241 2407 380 2440 auctoris
399 2415 473 2437 vero
488 2415 621 2438 sensum
643 2407 816 2438 obscurum
835 2408 1002 2447 relinquit.
1022 2408 1124 2447 Hujus
1150 2408 1311 2447 siquidem
1335 2407 1582 2446 explicationem
1601 2406 1809 2447 potissimum
1833 2407 1867 2437 ad

242 2457 446 2497 interpretem
470 2458 643 2496 pertinere,
670 2462 753 2497 patet
782 2460 831 2489 vel
860 2468 898 2489 ex
929 2467 968 2489 eo
999 2458 1085 2497 quod
1114 2458 1135 2487 ii
1161 2458 1256 2489 etiam
1281 2458 1336 2496 qui
1363 2458 1542 2498 cujuspiam
1564 2457 1705 2487 auctoris
1735 2465 1866 2488 sensum

242 2502 418 2541 iametsi‘fn
448 2507 558 2538 eadem
589 2508 711 2547 lingua,
736 2509 903 2540 clariorem
933 2509 1082 2545 reddunt,
1113 2508 1238 2539 soleant
1266 2509 1455 2548 interpretes
1485 2508 1652 2547 appellari.
1677 2509 1867 2547 Plerumque

245 2557 343 2597 igitur
372 2557 404 2587 in
440 2557 471 2587 id
505 2559 726 2589 tantummodo
760 2559 912 2595 laboravi,
932 2563 965 2588 ut
981 2566 1113 2589 sensum
1129 2566 1226 2597 quem
1242 2558 1384 2588 auctoris
1404 2558 1500 2588 verba
1515 2557 1706 2596 diligentius
1729 2565 1866 2592 expensa

247 2609 413 2640 continere
430 2609 558 2646 censui,
584 2609 706 2648 phrasi,
735 2609 840 2648 quoad
872 2610 974 2648 potui,
1006 2608 1153 2645 clariore,
1180 2607 1353 2647 verbisque
1376 2608 1644 2647 tequivalentibus
1672 2606 1866 2637 exhiberem.

246 2656 357 2688 Sicubi
375 2667 449 2688 vero
464 2658 604 2689 auctoris
629 2667 719 2689 mens
741 2659 848 2689 minus
864 2663 948 2689 certa
966 2658 1197 2698 explorataque
1216 2657 1294 2688 mihi
1319 2658 1389 2689 visa
1415 2660 1475 2695 est,
1491 2660 1559 2688 tum
1583 2657 1727 2696 pressius
1752 2657 1866 2687 haerere

248 2708 355 2739 verbis
371 2708 552 2739 consultius
572 2708 766 2744 existimavi,
793 2715 886 2740 acuto
917 2707 1039 2740 Lectori
1056 2710 1244 2746 potestatem
1270 2711 1302 2739 ut
1322 2708 1460 2740 facerem
1476 2716 1512 2739 ea
1530 2712 1564 2738 ut
1588 2708 1649 2738 sibi
1670 2706 1866 2746 probabilius

250 2757 413 2788 videretur
435 2757 678 2797 interpretandi.
703 2759 738 2788 In
765 2757 950 2797 hujusmodi
973 2756 1125 2795 scopulos
1146 2757 1245 2788 semel
1270 2761 1300 2787 et
1332 2757 1448 2788 iterum
1476 2756 1577 2787 incidi
1601 2756 1679 2786 dum
1713 2760 1866 2787 verterem

251 2807 421 2846 Epistolas,
446 2817 518 2848 quae
547 2807 624 2839 mihi
652 2807 772 2848 ubique
797 2807 1088 2844 ditliciles,alicubi
1116 2807 1193 2838 visa:
1219 2812 1294 2838 sunt
1325 2807 1419 2839 etiam
1439 2808 1516 2839 satis
1542 2808 1698 2838 obscurae.
1722 2807 1866 2839 Fortasse
