1897 3052
53 149 94 180 477
548 145 760 175 ΙΛυΒΕΝΤΙΙ
777 145 907 175 SlFANI
929 146 1135 176 PRIEFATIO.
1603 143 1657 175 478

54 200 289 241 'l‘lteophylactns
323 198 356 230 in
378 199 434 230 'eis
460 199 703 230 conscribendis
731 198 867 230 clariore
889 199 974 238 stle
1004 208 1081 230 usus
1099 208 1161 230 non
1189 203 1247 237 est,
1266 200 1342 240 quia
1365 200 1403 231 ad
1427 199 1602 232 familiares
1624 204 1656 231 et

54 244 226 285 domesticos
249 252 407 289 scribens.
425 251 544 283 clarius
561 260 634 283 sese
649 252 811 292 explicare
830 252 1039 291 autneglexit
1060 257 1114 283 aut
1138 253 1254 284 noluit.
1282 253 1316 284 In
1346 253 1443 283 variis
1462 253 1538 284 tomi
1560 253 1657 292 hujus

55 305 186 345 operibus
207 313 223 336 a
250 313 302 336 me
319 305 428 336 Latine
465 305 598 335 redditis
628 305 849 336 diversitatem
877 305 1017 345 aliquam
1049 305 1082 336 in
1122 305 1190 344 ipsa
1207 305 1356 336 versione
1382 304 1517 336 fortasse
1546 306 1658 336 Lector

53 359 182 392 attenuet,
207 357 249 388 ita
266 361 298 388 ut
316 359 411 387 modo
435 357 548 396 magis,
567 358 662 389 modo
677 359 785 388 minus
801 358 959 389 elaborata
971 358 998 388 ei
1017 357 1165 388 videatur
1177 363 1272 397 atque
1290 357 1657 397 expolita;qnandoque

53 410 130 440 etiam
151 407 263 446 magis,
293 408 490 446 quandoque
525 408 633 438 minus
660 408 890 447 Theophylacti
919 407 1025 438 verbis
1057 407 1195 438 astricta.
1229 406 1326 446 Cujus
1365 406 1561 438 diversitatis
1586 414 1656 436 eam

53 467 158 490 causam
181 466 253 489 esse
271 462 361 496 serat,
377 459 464 498 quod
483 466 542 498 ego
559 466 622 489 non
645 459 859 494 continenter,
874 458 929 488 sed
951 466 1006 496 per
1030 457 1114 488 varia
1132 456 1286 495 temporis
1306 455 1482 494 intervalla,
1510 457 1656 496 adeoque

53 514 76 539 et
96 508 171 539 varia
192 512 287 539 utens
311 509 458 548 corporis
480 509 676 543 valetudine.
705 509 865 549 variisque
894 509 981 538 curis
1005 510 1077 543 plus
1108 509 1257 538 minusve
1280 507 1454 544 distentus,
1488 506 1654 537 versiones

53 558 214 598 hnjusmodi
232 559 449 599 elucubrarim
479 571 487 592 :
516 559 603 590 unde
622 558 764 599 aliquam
793 558 869 598 styli
902 563 1000 599 atque
1029 558 1304 598 interpretationis
1329 557 1549 588 diversitatem
1576 557 1654 587 oriri

53 618 163 640 necesse
180 610 253 640 fuit.
267 598 383 647 Quoad
397 615 487 641 notas
504 611 628 646 attinet,
649 610 777 642 noverit
792 612 916 648 Lector,
933 619 984 642 me
1001 611 1134 642 minime
1150 611 1183 641 id
1205 610 1348 642 muneris
1364 609 1443 641 mihi
1465 609 1654 648 sumpsisse,

53 667 78 691 ut
91 664 166 694 notis
190 663 230 694 de
247 666 337 694 more
353 662 509 702 subjectis
532 662 764 702 Theophylacti
784 671 881 702 opera
899 662 1095 694 illustrarem
1115 674 1122 694 :
1140 671 1247 702 neque
1264 662 1352 692 enim
1367 671 1501 692 necesse
1527 661 1558 692 id
1579 665 1657 698 erat,

53 723 139 752 neque
155 723 208 753 per
223 713 455 752 occupationes
471 721 559 744 meas
582 719 612 744 et
631 713 777 752 (tm-poris
796 712 1012 744 valetudinem
1031 717 1182 753 praestare
1196 712 1227 743 id
1257 712 1338 742 mihi
1364 711 1521 743 licuisset.
1547 711 1656 742 Solum

54 765 133 803 igitur
148 769 237 795 notas
257 765 384 804 aliquas
397 764 551 804 operibus
574 773 592 795 a
611 773 661 795 me
693 763 856 795 translatis
873 763 930 794 hac
949 763 1089 803 illarque
1111 763 1246 803 aspersi,
1272 763 1328 794 ubi
1352 762 1401 793 vel
1431 762 1530 801 major
1549 762 1656 801 aliqua

55 823 108 852 urg:
120 823 149 845 re
165 815 343 846 necessitas
361 815 543 851 videbatur,
561 815 608 845 vel
627 819 808 854 promptum
829 814 963 845 omnino
979 819 1056 851 erat,
1073 815 1159 854 quod
1177 815 1373 845 adnotarem.
1397 813 1478 844 lllud
1497 816 1656 852 postremo

54 864 109 894 loco
123 865 317 894 monendum
337 869 501 903 superest,
515 873 613 895 sacrm
628 865 800 904 Scriptura;
818 867 924 894 textus
942 863 1031 902 juxta
1048 863 1229 893 versionem
1246 861 1412 901 Vulgatam
1428 861 1574 891 attulisse
1592 870 1655 895 me,

53 922 78 945 ut
91 916 315 947 Catholicomm
342 917 398 956 qui
425 917 454 947 ei
469 918 589 947 assueti
620 920 708 952 sunt,
731 917 901 947 commodo
927 915 1102 955 praesertim
1131 915 1341 951 inservirem;
1365 918 1461 953 atque
1488 922 1551 944 non
1577 913 1657 944 Novi

51 968 191 1004 duntaxat,
221 967 281 998 sed
308 967 403 998 etiam
427 967 553 997 Veteris
576 967 774 997 Testamenti
803 966 897 998 verba
928 966 1093 997 aﬂ'erendo
1119 977 1126 996 :
1156 965 1229 996 licet
1253 964 1523 1004 TlteOphylactus,
1548 968 1657 1002 utpote

51 1019 157 1048 Graecus
183 1020 306 1053 auctor,
324 1015 429 1056 quoad
462 1015 655 1053 secundum,
680 1020 789 1046 utatur
806 1017 955 1047 versione
982 1020 1043 1047 Τῶν
1071 1016 1168 1046 LXX.
1198 1015 1276 1046 Cum
1301 1023 1377 1045 vero
1396 1013 1538 1053 Vulgata)
1563 1014 1658 1045 verba

51 1070 116 1098 adeo
129 1066 292 1097 diirerrent
310 1075 328 1097 a
343 1066 450 1097 verbis
467 1075 522 1104 per
531 1066 807 1106 TheOphylactum
826 1066 942 1102 allatis,
958 1070 991 1097 ut
1005 1066 1076 1106 ejus
1102 1065 1156 1097 ﬁni
1178 1065 1312 1096 mininte
1330 1069 1544 1096 consentanea
1562 1065 1656 1096 vide-

53 1122 153 1154 rentur,
170 1122 243 1148 tunc
258 1117 404 1156 pressius
431 1125 468 1147 ea
485 1121 606 1147 vertere
625 1116 842 1148 necessarium
861 1117 995 1148 omnino
1012 1117 1116 1148 visum
1135 1119 1195 1146 est.

84 1167 111 1197 [ι.
131 1167 194 1198 .lam
216 1175 308 1205 vero,
336 1167 435 1198 lector
462 1167 594 1207 Optime,
625 1167 723 1198 habes
752 1167 911 1203 omnium,
943 1176 1015 1207 quae
1044 1172 1149 1198 tomus
1177 1167 1238 1198 iste
1263 1166 1496 1206 complectitur,
1523 1174 1656 1204 operum

54 1215 212 1255 laborisque
229 1224 247 1247 a
266 1225 317 1247 me
329 1216 361 1246 in
378 1224 417 1247 eo
433 1215 588 1255 insumpti
608 1215 778 1246 rationem.
793 1216 905 1253 Quoad
923 1215 1086 1255 duplicem
1109 1215 1195 1246 enim
1212 1216 1364 1251 Iudicem,
1379 1217 1523 1246 Gnarum
1541 1222 1654 1251 unum,

52 1266 231 1306 alterumque
246 1267 409 1302 Latinum,
426 1275 508 1306 quos
529 1270 690 1305 postremo
717 1265 787 1296 loco
805 1265 919 1305 adieci,
945 1265 1024 1296 nihil
1050 1265 1164 1300 habeo,
1187 1266 1274 1305 quod
1291 1265 1406 1299 dicam.
1425 1264 1487 1294 nisi
1506 1272 1554 1294 me
1568 1263 1599 1294 in
1617 1271 1656 1294 eo

53 1323 191 1355 spectasse
207 1318 368 1349 delectum
388 1317 496 1356 potius
511 1325 606 1357 quam
619 1317 755 1355 copiam.
772 1315 857 1347 Nihil
883 1316 978 1346 etiam
993 1319 1033 1347 de
1059 1316 1281 1355 impressionis
1297 1319 1441 1347 accurata
1457 1312 1657 1346 correctione

53 1367 153 1405 dicam;
166 1369 286 1408 quippe
306 1378 378 1409 quas
398 1369 436 1400 ad
460 1378 509 1400 me
526 1376 590 1399 non
612 1371 746 1407 spectat,
761 1367 820 1398 sed
835 1367 873 1398 ad
889 1375 965 1398 eum
985 1368 1041 1407 qui
1057 1368 1234 1406 specimina
1259 1368 1412 1399 correxit.
1431 1368 1542 1398 Solum
1560 1366 1659 1406 igitur

52 1427 121 1449 nunc
144 1423 305 1457 superest,
333 1422 369 1449 ut
393 1422 422 1449 te
446 1419 543 1450 etiam
566 1421 664 1457 atque
695 1418 790 1448 etiam
820 1425 942 1456 rogem,
974 1427 1079 1449 meum
1109 1417 1195 1448 hunc
1229 1417 1488 1457 qualemcunque
1517 1417 1657 1448 laborem

51 1469 111 1498 utsi
129 1469 259 1508 probare
278 1469 410 1500 omnino
425 1477 487 1500 non
518 1469 634 1508 possis,
655 1472 804 1499 conatum
823 1468 935 1499 saltem
968 1477 1074 1499 meum
1099 1476 1192 1508 aequo
1207 1473 1362 1508 gratoque
1386 1469 1494 1500 animo
1510 1468 1658 1509 excipere

52 1519 128 1550 velis.

51 1731 210 1771 Nobilibus,
225 1732 393 1771 generosis
410 1735 506 1767 atque
525 1729 858 1771 magniticisvirisp.
875 1731 981 1762 Marco
997 1733 1154 1762 etJoanni
1172 1733 1334 1764 Fueceats
1345 1731 1510 1767 fratribus,
1525 1729 1658 1771 Antonii

81 1770 158 1807 ﬁliis,
172 1769 380 1810 Kirchpergte
398 1775 428 1801 et
444 1770 693 1810 Weissenliorui
711 1769 988 1810 barouibusteth
1005 1771 1148 1801 dominis
1175 1771 1245 1802 suis
1269 1770 1469 1802 cbarissimis
1486 1774 1517 1801 et
1547 1769 1659 1801 amicis

81 1811 214 1847 summis,
239 1808 435 1841 Laurentius
452 1809 628 1846 SlFANUS,
642 1808 878 1845 Prunsfeldins,
893 1809 923 1839 J.
941 1809 976 1840 U.
995 1810 1122 1848 Doctor,
1138 1811 1169 1841 ς.
1185 1812 1218 1842 Ρ.
1237 1811 1273 1841 D.

86 1925 146 1954 Cum
172 1927 274 1954 abhinc
297 1925 454 1957 triennium,
484 1926 534 1953 viri
563 1927 700 1960 generosi,
720 1927 859 1954 Arnoldns
882 1926 1093 1958 Bircomannus,
1117 1926 1325 1964 Agrippinensis
1349 1925 1507 1961 bibliopola,
1524 1926 1574 1954 hoc
1591 1933 1661 1962 opus

51 1974 199 2002 scitoliorum
216 1975 243 2002 in
265 1976 332 2002 Acta
348 1975 500 2010 apostolica
516 1974 570 2001 divi
585 1973 676 2006 Lucae.
694 1982 725 2002 es
742 1975 852 2003 Anstria
874 1983 889 2002 a
913 1975 1068 2002 clarissimo
1083 1975 1143 2002 viro
1163 1975 1194 2002 D.
1209 1974 1315 2002 Joanne
1338 1975 1476 2002 Santbuco
1495 1976 1527 2001 ad
1546 1983 1574 2002 se
1592 1975 1661 2002 mis—

51 2027 110 2051 sunt,
123 2021 186 2047 mihi
203 2021 376 2048 exhibuisset
391 2028 398 2047 :
414 2019 487 2054 quod
505 2025 563 2046 erat
580 2020 721 2054 exemplar
733 2020 898 2053 obsoletum,
914 2025 941 2048 ct
963 2020 1125 2055 compendio
1142 2021 1293 2048 litterarum
1324 2020 1391 2048 adeo
1410 2020 1567 2047 intricatum
1579 2026 1661 2056 atque

51 2067 220 2100 obscuratum,
235 2072 266 2095 nt
279 2068 313 2095 ab
332 2068 478 2095 admodum
496 2067 591 2103 paucis
605 2067 726 2096 Coloniae
743 2068 794 2102 legi
814 2073 916 2103 posset,
933 2077 1038 2096 mecum
1055 2076 1135 2104 agerc
1151 2069 1244 2102 erepit,
1257 2073 1286 2096 ut
1299 2068 1467 2104 susciperem
1481 2068 1540 2103 ejus
1553 2069 1660 2096 descri-

51 2113 115 2141 beudi
130 2115 259 2143 laborem.
274 2115 352 2143 Haud
370 2115 444 2143 enim
463 2115 606 2150 ignorabat
620 2123 663 2142 me
687 2116 752 2142 olim
770 2116 884 2144 Lutetiae
901 2117 1036 2151 ejusmodi
1054 2117 1245 2145 describendis
1261 2118 1379 2144 vetustis
1394 2117 1534 2144 codicibus
1553 2116 1660 2145 Grmcis

51 2161 221 2195 exercitatum,
238 2162 311 2189 haud
331 2162 446 2189 multum
459 2162 486 2189 in
501 2162 619 2190 lectione
644 2169 705 2190 esse
724 2162 926 2190 laboraturutn.
945 2163 1001 2198 Ego
1026 2171 1092 2190 vero
1118 2171 1180 2191 cum
1206 2163 1384 2197 intelligerent
1403 2171 1465 2190 cum
1497 2171 1566 2198 opus
1591 2163 1658 2190 illud

51 2205 127 2233 (ἐκίνεε
141 2207 220 2234 simul
237 2211 264 2234 et
281 2207 376 2245 Latine
396 2208 539 2242 divulgare
562 2210 588 2235 in
606 2208 700 2235 animo
714 2209 825 2240 habere,
853 2209 996 2244 cupiebam
1013 2210 1122 2244 quidem
1142 2213 1169 2236 et
1186 2210 1223 2236 illi
1236 2217 1285 2244 pro
1303 2209 1424 2236 amicitia
1442 2217 1544 2236 morem
1562 2216 1660 2244 gerere

52 2255 69 2274 el
85 2252 188 2284 publica:
204 2253 319 2280 utilitati
337 2254 484 2281 consulere
501 2263 509 2288 ;
525 2254 572 2281 sed
588 2253 744 2282 dcterrehut
760 2262 804 2282 me
819 2262 880 2282 cum
895 2256 1039 2290 scriptura:
1054 2256 1162 2283 exilitas
1179 2256 1267 2283 oculis
1289 2255 1409 2289 inimica,
1427 2260 1484 2282 tum
1503 2257 1656 2291 exctnplum

53 2300 126 2327 minus
139 2301 325 2334 emendatum,
340 2302 490 2336 praesertim
506 2309 568 2329 cum
585 2302 696 2330 deesset
710 2302 783 2329 aliud
806 2303 992 2338 apograpltutn
1012 2305 1084 2331 unde
1105 2303 1204 2338 corrigi
1225 2303 1307 2338 hujus
1321 2308 1402 2338 atque
1425 2303 1564 2330 emendari
1591 2303 1656 2331 vitia

53 2351 152 2374 Iossrnt.
168 2347 274 2381 itaque,
303 2355 459 2383 quanquam
477 2356 558 2384 a'grc,
588 2349 714 2377 concessi
734 2353 823 2376 tamen
848 2350 962 2384 petenti,
981 2355 1007 2377 et
1034 2359 1090 2378 rem
1106 2350 1215 2385 suscepi
1239 2359 1246 2379 :
1263 2355 1289 2378 et
1305 2358 1366 2378 cum
1392 2350 1507 2377 vitanda:
1524 2350 1658 2384 pestifera-

51 2393 198 2428 (satagionis
214 2401 298 2421 causa
312 2402 355 2421 me
368 2395 395 2421 in
411 2395 526 2429 patriam
539 2402 573 2422 ex
595 2395 664 2422 urbe
679 2395 856 2430 recepissem,
872 2395 944 2430 apud
960 2395 1091 2422 Jacobnm
1107 2396 1275 2424 Panhnsinnt
1289 2395 1413 2423 abbatem
1431 2396 1548 2422 cmnobii
1568 2394 1658 2421 Stein-

52 2436 125 2469 teldii,
140 2439 226 2466 virum
245 2444 273 2466 et
297 2439 406 2471 litteris,
423 2443 451 2466 et
469 2440 582 2474 pietate,
611 2444 638 2467 ct
663 2440 806 2475 prudentia
830 2440 1048 2473 ornatissimum,
1065 2441 1116 2468 hoc
1131 2450 1200 2476 opus
1216 2442 1286 2469 haud
1304 2442 1364 2469 sine
1383 2441 1503 2468 maximo
1516 2441 1608 2468 labore
1625 2448 1657 2467 ac

52 2483 140 2512 laesione
156 2487 298 2514 oculorum
312 2487 445 2522 descripsi
461 2496 468 2518 ;
489 2488 562 2522 quod
581 2488 627 2515 ubi
650 2487 845 2522 transcriptum
864 2488 1046 2515 Bircomunno
1062 2489 1173 2515 tradidi.
1190 2489 1236 2516 llle
1249 2497 1329 2524 porro
1345 2496 1450 2516 mecum
1465 2495 1544 2523 agere
1563 2487 1658 2523 coepit,

52 2534 74 2555 υι
87 2533 149 2565 quod
161 2534 370 2568 descripserant,
387 2534 468 2561 etiam
484 2540 672 2563 converterent
690 2535 716 2562 in
729 2543 882 2563 sermonem
898 2535 1037 2562 Latinum.
1051 2536 1106 2570 Ego
1122 2543 1186 2562 vero
1201 2536 1292 2571 (quod
1311 2537 1382 2564 baud
1401 2536 1556 2572 ignorabam
1573 2543 1658 2569 quan-

51 2581 127 2609 Inpere
141 2579 202 2606 mihi
215 2580 387 2607 aestuandum
406 2586 490 2615 atque
503 2581 656 2608 sudandqu
672 2587 743 2609 esset
760 2581 786 2608 in
802 2589 896 2616 opere,
915 2582 995 2616 cujus
1009 2589 1093 2608 unutn
1111 2581 1244 2608 duntaxat
1258 2586 1379 2609 exstaret
1393 2581 1557 2617 exctttplum,
1575 2581 1657 2615 idque

53 2624 127 2650 audtis
142 2625 167 2652 in
183 2626 251 2654 locis
268 2626 397 2653 tnutilnm
413 2631 495 2660 atque
508 2626 711 2662 depravatum),
727 2628 925 2662 aliquantisper
944 2633 1099 2661 cunctatus,
1117 2628 1226 2656 tandem
1247 2628 1386 2660 Ecclesiae,
1399 2629 1425 2655 in
1445 2633 1497 2655 tant
1515 2628 1573 2655 utili
1587 2636 1658 2663 prte-

51 2671 127 2698 sertim
151 2681 181 2700 ac
201 2675 248 2708 pio
264 2682 358 2709 opere.
381 2674 509 2709 juvandm
530 2675 633 2708 studio,
654 2680 735 2710 atque
757 2677 837 2703 etiam
856 2677 989 2704 tolerabili
1011 2684 1025 2703 a
1046 2675 1230 2703 Bircomanno
1244 2675 1382 2710 proposita
1409 2676 1577 2709 conditione,
1598 2684 1654 2704 rem

52 2721 175 2749 aggressus
192 2727 253 2746 sum
272 2729 279 2746 :
296 2727 328 2747 ac
353 2720 397 2746 vix
427 2720 536 2747 tandem
551 2720 667 2748 absolvi.
686 2720 753 2748 Nam
770 2729 969 2757 saepenumero,
992 2722 1056 2749 dunt
1078 2722 1104 2748 in
1120 2721 1180 2748 loca
1198 2720 1291 2748 mutila
1306 2724 1387 2755 atque
1403 2728 1529 2757 corrupta
1553 2722 1655 2749 incide-

52 2759 196 2793 lnm.ttcdio
220 2766 321 2793 laboris
347 2766 505 2801 frequenter
530 2768 611 2800 irriti,
627 2775 658 2796 ac
680 2770 878 2804 propemodum
904 2769 1095 2804 desperatione
1112 2769 1149 2796 rei
1177 2768 1293 2796 feliciter
1316 2768 1489 2795 absolvendas
1507 2768 1589 2804 (cum
1605 2777 1654 2797 nrc

51 2813 138 2842 semper
153 2811 238 2838 otium
254 2813 349 2847 esset),
366 2813 400 2840 ab
413 2820 495 2848 opere
509 2814 628 2847 cessavi,
639 2815 711 2850 quod
729 2816 890 2851 plerumque
906 2816 987 2843 etiam
1005 2815 1094 2843 facere
1109 2815 1194 2848 soleo,
1206 2815 1251 2843 tibi
1270 2815 1335 2842 mihi
1353 2815 1409 2849 ipse
1423 2821 1476 2841 non
1496 2814 1651 2843 satisfacio:

51 2861 89 2884 nec
101 2857 166 2886 enim
178 2859 245 2888 mihi
261 2862 426 2897 persuadere
441 2869 565 2898 possunt,
587 2863 621 2891 ab
637 2863 697 2892 aliis
710 2863 854 2899 probatum
870 2864 915 2896 iri,
930 2864 1001 2899 quod
1018 2863 1196 2899 miltitnctipsi
1206 2863 1355 2899 displiceat.
1372 2862 1464 2897 itaque
1476 2870 1536 2889 cum
1553 2870 1650 2898 perpe-
