1897 3052
186 142 241 174 4⁵19
707 141 917 172 LAURENTII
944 141 1071 172 SIFANI
1089 141 1296 172 PREFATIO.
1784 136 1847 170 ‘80

187 204 264 227 tuum
282 198 309 226 in
326 197 512 227 convertendo
532 205 633 225 morem
649 205 759 226 servare
771 199 856 231 soleo,
867 203 958 225 utnon
974 202 1037 226 ante
1052 206 1161 234 pergam
1177 207 1258 234 opere
1269 200 1404 232 instituto,
1419 207 1500 234 quant
1514 199 1612 234 prioris
1630 199 1688 227 diei
1717 197 1848 225 labores

190 253 386 281 recognovcro,
404 250 431 273 et
446 252 533 280 usque
547 251 579 272 eo
596 252 751 279 corrcxcro,
766 250 795 272 ut
812 245 903 273 animo
919 252 980 273 meo
995 245 1085 280 aliquo
1101 246 1182 273 tnodo
1199 247 1324 274 satisﬁat.
1345 246 1383 273 Ac
1399 253 1552 281 quanquam
1568 245 1632 272 mihi
1646 252 1709 272 non
1725 243 1848 277 ubique

189 292 309 320 satisfeci
343 293 400 326 (qui
421 291 492 318 cnitn
509 291 658 326 pontissem
675 292 701 318 in
720 292 754 320 iis
771 293 850 324 locis,
864 292 910 319 ubi
926 297 1056 326 corrupto
1071 294 1178 326 penitus
1193 300 1225 320 ac
1239 293 1363 319 mutilato
1378 292 1534 327 apographo
1544 292 1735 326 conjecturas
1755 286 1848 322 seQU‘

192 347 304 366 necesse
319 338 401 365 habui
414 338 448 373 ?),
466 338 548 365 malui
565 342 656 365 tamen
674 346 703 366 re
716 343 843 374 suscepta
860 339 938 366 lidetn
952 346 1041 365 meam
1058 340 1186 371 liberare,
1201 347 1251 367 nec
1263 339 1402 366 hominum
1417 338 1651 374 exspectationem
1668 333 1848 367 frustrari,

192 389 220 412 et
239 385 340 418 aliqttid
357 385 448 419 potius
461 384 487 411 in
508 388 586 418 parte
600 384 703 419 operis,
717 385 788 420 qttod
807 384 953 419 aliquando
969 384 1115 417 sarciatur,
1142 385 1235 412 minus
1249 384 1370 419 probari,
1384 391 1464 418 quam
1483 387 1569 410 totum
1583 390 1654 417 opus
1672 382 1734 409 diu
1759 379 1851 407 desi-

194 431 296 458 derari.
312 430 424 458 Habetis
445 431 526 458 simul
545 431 690 458 consilium
707 438 796 457 mctnn
811 430 837 457 in
854 430 1028 464 suscipienda
1042 438 1082 463 re,
1099 435 1124 458 et
1143 438 1173 457 re
1188 434 1326 464 suscepta,
1341 436 1454 457 causam
1469 437 1518 456 cur
1533 434 1587 456 tam
1605 436 1668 456 sero
1682 433 1773 461 opus
1795 424 1853 450 ab-

190 477 310 505 solutum
339 481 421 511 atque
437 477 589 512 perfectttm
610 476 724 511 prodeat
752 476 780 503 in
807 477 905 502 lucem.
929 475 997 502 Cum
1014 476 1098 511 igitur
1114 476 1189 510 operi
1204 475 1259 510 jam
1278 475 1473 510 propemodum
1491 474 1555 502 ﬁnis
1569 474 1728 509 impositus
1748 474 1851 503 esset,

193 527 275 557 atque
291 529 341 556 ego
358 529 463 548 tnecum
476 521 655 548 deliberarem
669 526 750 556 atque
762 521 946 548 consultarem
963 528 1043 556 quem
1062 521 1104 548 his
1124 520 1266 548 laboribus
1282 520 1349 548 meis
1364 520 1540 555 potissimum
1561 520 1730 554 deligerem»
1740 521 1853 551 patra—

192 575 268 598 num,
287 566 384 593 amicis
399 565 460 593 aliis
480 566 559 597 alios,
569 573 671 600 eosque
684 565 868 600 amplissimos
878 565 989 600 quidem
1004 566 1088 598 viros,
1103 565 1150 594 sed
1166 566 1328 600 quibuscum
1346 565 1412 592 mihi
1423 565 1496 592 nulla
1507 564 1710 600 propemodum
1733 561 1851 590 notitia

193 614 389 645 intercederet,
421 614 659 649 proponentibus:
689 621 739 648 ego
765 621 827 640 cutn
859 614 980 647 ineptum
1001 618 1028 641 et
1044 614 1228 648 importunutn
1247 620 1307 640 esse
1328 613 1496 648 judicabam,
1514 620 1676 646 magnorum
1698 611 1852 638 virorum

191 669 343 696 eorumque
357 661 523 696 ignotorum,
537 664 563 688 et
578 661 610 687 ad
627 668 696 695 quos
712 660 815 687 nullum
836 660 898 695 quis
912 660 1015 687 aditum
1033 660 1140 692 habeat,
1159 660 1294 687 amicitias
1311 663 1448 694 appetere,
1465 666 1497 686 ac
1512 667 1574 686 sese
1591 667 1646 686 non
1665 657 1765 685 modo
1783 663 1855 683 ser-

193 707 293 738 viliter,
308 714 400 732 verum
420 706 503 733 etiam
521 706 693 741 impudenter
707 707 850 733 insinuare
867 714 874 732 τ
888 710 944 733 tum
961 714 1028 733 mete
1045 711 1150 732 naturae
1165 710 1248 741 atque
1273 706 1380 741 ingenio
1396 705 1522 732 videbam
1542 712 1598 732 rem
1622 712 1684 732 esse
1704 703 1854 731 maxime

194 755 338 782 adversam
353 759 379 783 ct
393 755 545 783 inimicam.
559 755 649 790 Atque
667 755 738 783 haud
756 755 914 791 ignorabam
926 763 983 788 eos,
1003 756 1102 790 quibus
1124 755 1225 790 ignotis
1243 755 1376 790 ejusmodi
1392 755 1481 782 bonus
1497 755 1626 786 habetur,
1642 761 1698 780 non
1721 752 1854 786 absque

194 811 278 831 causa
291 803 426 838 suspicari
442 803 531 830 solere
547 811 625 831 suam
637 803 672 830 ab
688 803 846 831 hominibus
861 803 1026 838 importunis
1042 803 1257 830 muniﬁcentiam
1274 808 1356 837 atque
1370 803 1559 830 liberalitatem
1583 800 1735 829 sollicitari
1760 808 1769 827 :
1797 797 1853 825 sed

195 849 217 875 si
233 851 295 884 quis
313 850 444 877 beneflcio
460 849 574 877 allectus
587 849 670 876 anitni
691 849 734 877 sui
752 849 945 883 gratitudinem
961 850 1103 878 declarare
1114 849 1231 882 studeat,
1242 857 1304 877 eutn
1324 857 1379 876 non
1397 848 1478 876 modo
1495 857 1550 876 non
1564 847 1719 879 offendere,
1736 851 1851 872 verum

195 895 278 922 etiam
292 895 411 929 laudem,
426 895 448 922 si
458 895 526 922 nihil
539 895 611 922 aliud
629 895 760 930 proﬁciat,
774 895 808 922 ab
825 895 983 923 hominibus
996 895 1067 923 ferre
1081 896 1179 923 solere.
1195 894 1260 928 Qua:
1275 903 1336 921 cum
1351 895 1442 922 animo
1453 895 1595 929 agitarem,
1613 898 1695 928 atque
1717 891 1852 926 perple-

196 949 248 969 xus
266 942 395 970 haererem
411 942 454 969 cui
471 942 520 970 hos
538 949 614 970 meos
640 942 750 969 labores
765 942 868 977 absqtte
880 942 1033 971 oﬁ'ensione
1061 948 1143 978 atqtte
1167 943 1367 970 obtrectatione
1382 943 1542 977 cujusquam
1570 942 1734 969 dedicarem
1768 940 1848 975 (n0n

197 987 270 1014 enim
287 987 433 1014 convenire
447 994 496 1014 nec
509 987 637 1022 expedire
651 987 804 1020 videbatur,
814 987 914 1015 librum
927 988 1031 1024 absque
1046 992 1161 1023 patrono
1171 993 1252 1023 atque
1265 988 1409 1016 defensore
1419 988 1550 1022 judicium
1561 988 1700 1015 hominum
1718 986 1848 1014 subire.

198 1035 350 1069 praesertim
367 1035 446 1069 cujus
465 1040 562 1062 auctor
575 1036 659 1062 etiam
674 1043 749 1063 nunc
763 1039 919 1070 superesset
935 1045 941 1063 :
966 1037 1066 1072 quippe
1081 1044 1143 1063 cum
1170 1036 1223 1063 vivi
1251 1037 1338 1071 magis
1362 1044 1441 1071 quam
1466 1036 1566 1063 mortui
1583 1035 1692 1062 invidia:
1709 1034 1846 1062 obnoxii

197 1082 283 1108 simus
296 1086 323 1108 et
336 1081 555 1109 obtrectantibus
568 1082 738 1117 opportuni),
757 1089 806 1109 vos
820 1082 885 1109 tuilti
899 1082 925 1109 in
941 1083 1049 1118 primis,
1063 1088 1092 1110 ut
1107 1091 1155 1118 par
1169 1088 1222 1115 est,
1238 1083 1265 1110 in
1280 1088 1399 1110 utentem
1412 1082 1537 1115 venistis,
1555 1082 1654 1117 quibus
1670 1089 1731 1109 non
1752 1081 1848 1108 modo

198 1132 310 1163 propter
325 1133 427 1160 vetera,
441 1136 534 1156 verum
553 1129 635 1156 etiam
654 1129 689 1156 ob
705 1129 824 1156 recentia
843 1130 951 1161 merita,
977 1131 1035 1157 imo
1057 1137 1124 1157 vero
1140 1133 1252 1165 propter
1269 1134 1428 1164 perpetuam
1451 1136 1514 1163 erga
1539 1136 1581 1156 me
1610 1127 1845 1155 beneﬁcentiam

198 1179 278 1208 atque
293 1174 490 1206 liberalitatem,
506 1175 628 1201 omnium
643 1174 720 1209 longe
736 1175 884 1210 plurimum
907 1173 1045 1202 deberem.
1059 1175 1118 1202 Non
1145 1183 1187 1202 me
1209 1175 1341 1209 praeterit,
1371 1173 1488 1201 auribus
1517 1174 1614 1201 vestris
1638 1173 1789 1208 ingratam
1817 1175 1845 1198 et

198 1219 375 1254 lnjucundam
395 1227 457 1247 esse
487 1220 660 1247 immodicam
679 1228 711 1248 ac
726 1221 836 1248 nimiam
857 1221 1030 1248 liberalitatis
1043 1225 1141 1248 vestrae
1171 1221 1390 1256 praedicationem
1410 1228 1417 1246 :
1439 1227 1532 1246 verum
1548 1219 1620 1250 date,
1634 1226 1742 1253 quaeso,
1763 1218 1846 1244 hanc

198 1266 307 1292 veniam
323 1265 399 1298 mihi,
417 1265 461 1292 cui
478 1266 546 1293 nihil
564 1274 682 1301 unquam
698 1268 799 1302 petenti
814 1267 981 1302 denegastis.
996 1267 1043 1294 sed
1064 1267 1181 1301 plurima
1205 1274 1257 1293 non
1275 1266 1376 1301 petenti
1393 1266 1537 1297 tribuistis,
1553 1270 1582 1292 ut
1595 1264 1763 1292 summatim
1781 1263 1839 1290 sal‘

199 1315 253 1338 tem
267 1312 293 1338 in
314 1319 357 1339 me
368 1313 467 1339 collata
487 1312 618 1340 beneﬁcia
635 1319 723 1340 vestra
740 1323 909 1350 percurram.
925 1314 993 1341 Nam
1017 1315 1102 1349 patris
1120 1314 1215 1346 vestri,
1238 1314 1398 1348 amplissimi
1416 1318 1497 1348 atque
1512 1313 1607 1348 optimi
1638 1312 1700 1344 viri,
1729 1313 1763 1338 in
1798 1318 1845 1337 nte

200 1364 308 1384 summa
321 1358 420 1384 collata
438 1359 580 1390 beneﬁcia,
601 1360 654 1386 alio
674 1360 733 1386 looo
750 1360 858 1387 abunde
875 1360 942 1387 satis
958 1360 1180 1392 commemoravi,
1199 1367 1254 1394 quo
1270 1360 1323 1386 vita
1341 1358 1480 1390 defuncto,
1498 1366 1547 1386 vos
1563 1365 1616 1384 non
1632 1357 1713 1384 modo
1742 1356 1843 1383 facul-

199 1409 286 1431 tatum
299 1409 326 1432 ct
341 1413 422 1440 opum
436 1405 510 1433 illius
525 1406 646 1433 heredes
663 1407 818 1439 cxstitistis,
833 1415 928 1434 verum
944 1407 1025 1433 etiam
1042 1407 1174 1434 virtutum
1198 1412 1225 1434 et
1249 1406 1420 1434 liberalitatis
1443 1406 1469 1432 in
1490 1405 1586 1440 primis
1605 1404 1766 1431 imitatores
1786 1403 1845 1429 fui—

201 1450 252 1477 stis
271 1459 278 1478 :
295 1459 355 1485 qua:
366 1455 442 1478 tanta
457 1453 561 1479 exstitit
584 1461 647 1488 erga
669 1461 722 1484 me,
744 1458 774 1480 ut
794 1454 868 1481 illius
887 1454 987 1480 mortui
1007 1453 1198 1480 liberalitaletn
1221 1459 1303 1488 atque.
1328 1452 1541 1480 muniﬁcentiam
1565 1451 1636 1479 haud
1661 1457 1842 1486 magnopere

201 1498 394 1526 desiderarim.
410 1499 490 1532 Nam,
506 1501 686 1535 utsnperiora
707 1506 877 1535 prteteream,
896 1509 957 1535 quae
982 1501 1135 1535 frequentia
1160 1507 1241 1535 atquc
1265 1500 1384 1535 ingentia
1409 1499 1529 1532 fuerunt,
1552 1498 1670 1534 primum
1693 1505 1746 1524 vos
1771 1499 1842 1522 ante

203 1543 355 1577 biennium,
379 1552 439 1572 cum
468 1546 495 1572 in
520 1547 571 1573 hoc
591 1554 673 1582 opere
699 1556 832 1579 versarer,
858 1548 924 1574 nihil
939 1548 991 1575 tale
1008 1556 1062 1575 non
1080 1548 1160 1575 modo
1179 1548 1289 1582 petenti,
1307 1555 1400 1574 verum
1416 1547 1497 1574 etiam
1518 1554 1550 1573 tte
1564 1545 1694 1580 cogitanti
1715 1543 1839 1578 quidem

203 1589 302 1616 bonam
321 1591 442 1623 pecunia:
469 1599 603 1618 summam
627 1592 691 1619 tnihi
719 1593 888 1628 suppeditari
915 1601 946 1620 ac
973 1593 1179 1620 subministrari
1210 1593 1327 1619 cnrastis
1346 1600 1353 1619 ε
1374 1591 1481 1623 deinde,
1498 1590 1624 1624 eumjam
1637 1589 1839 1616 liberalitatem

202 1639 322 1662 vestram
335 1635 417 1663 citius
434 1635 573 1670 fatigatam
585 1644 646 1664 esse
657 1638 814 1671 suspicatus
837 1637 960 1669 fuissem,
977 1645 1058 1672 quam
1090 1637 1193 1671 aliquid
1219 1636 1353 1672 ejusmodi
1370 1644 1492 1671 sperare,
1513 1635 1610 1662 nedum
1627 1640 1729 1668 petere,
1744 1640 1839 1660 ausus

203 1689 304 1713 essem,
321 1686 384 1708 ante
401 1689 504 1716 paucos
517 1690 626 1710 menses
637 1684 790 1718 prseteritos
802 1692 879 1718 aeque
895 1691 992 1718 magna
1006 1687 1086 1718 atque
1103 1683 1213 1710 biennio
1231 1688 1294 1710 ante
1308 1691 1350 1710 me
1363 1690 1467 1710 summa
1482 1680 1754 1716 pecunitedonastis.
1772 1680 1838 1712 Quo

204 1727 337 1754 beneﬁcio
361 1732 482 1761 tempore
512 1730 774 1763 opportunissimoa
790 1731 868 1757 vobis
882 1735 1005 1765 accepto,
1025 1738 1086 1757 cum
1104 1730 1229 1756 videlicet
1256 1729 1434 1756 deliberarem
1464 1736 1544 1763 quem
1573 1717 1748 1762 potissimum
1769 1727 1837 1754 huic

203 1772 293 1806 partui
310 1780 371 1800 meo
390 1777 507 1801 tutorem
524 1782 556 1802 ac
576 1775 747 1803 defensorem
767 1784 904 1811 pararem,
925 1777 1016 1804 omnis
1041 1776 1176 1804 dubitatio
1198 1777 1392 1810 cunctatioque
1410 1775 1475 1802 mihi
1493 1764 1688 1809 propemodum
1702 1778 1834 1808 exempta

203 1822 246 1844 est
264 1826 271 1844 :
288 1826 350 1845 nam
367 1819 487 1846 restabat
503 1821 585 1848 etiarn
600 1829 674 1849 nunc
692 1822 838 1857 scrupulus
856 1830 936 1850 unus.
958 1821 1090 1855 Quoniam
1106 1822 1187 1848 etiam
1206 1821 1335 1852 sciebam,
1354 1829 1408 1855 quo
1424 1821 1515 1848 minus
1530 1819 1668 1855 appetitis,
1687 1826 1720 1846 eo
1735 1819 1836 1853 plures

204 1863 403 1892 vobishonores
413 1865 523 1898 deferri,
532 1874 563 1907 ac
573 1868 672 1896 multus
685 1868 808 1896 homines
814 1869 908 1897 doctos
914 1869 992 1896 vobis
1001 1876 1065 1896 suos
1076 1868 1181 1895 labores
1194 1872 1275 1902 atque
1286 1867 1489 1894 lucubrationes
1502 1866 1652 1899 dedicasse,
1662 1865 1835 1893 subverehar

206 1917 241 1937 ne
260 1911 366 1938 animos
382 1915 487 1939 vestros
505 1912 604 1940 talibus
616 1914 703 1948 epulis
719 1915 833 1942 satiatos
847 1919 929 1949 atque
946 1914 1064 1949 repletos
1076 1913 1265 1947 intempestiva
1276 1913 1461 1941 benevolentia
1473 1913 1637 1940 oﬂ'enderem
1652 1912 1734 1939 citius
1747 1918 1832 1946 quant

205 1954 258 1981 ltoc
272 1962 371 1989 genere
385 1956 464 1983 ofﬁcii
481 1958 596 1991 gratiam
612 1965 626 1985 a
645 1959 724 1986 vobis
740 1957 850 1987 inirem.
862 1959 916 1987 Sed
934 1963 1024 1987 tamen
1044 1967 1106 1986 cum
1119 1959 1186 1986 liber
1195 1959 1297 1993 absque
1312 1964 1429 1993 patrono
1441 1958 1553 1986 omnino
1570 1965 1623 1984 non
1637 1957 1832 1992 divulgandns,

210 2008 260 2028 nec
275 2001 415 2028 hominum
428 2002 534 2036 judicio
549 2004 721 2038 objiciendus
734 2013 796 2033 esse
814 2006 961 2037 videretur,
975 2009 1001 2032 et
1017 2013 1071 2032 non
1084 2004 1152 2031 satis
1164 2003 1208 2034 [tie
1227 2011 1276 2030 nec
1293 2009 1367 2031 recte.
1381 2012 1423 2031 me
1438 2003 1572 2030 facturum
1592 2011 1653 2030 esse
1664 2003 1832 2036 judicaretur,

211 2047 234 2074 si
249 2047 326 2074 vobis
344 2049 489 2081 pra-teritis
506 2049 574 2077 alios
588 2050 654 2076 mihi
669 2054 798 2085 patronos
811 2059 962 2085 qua‘rcrcm
976 2053 1041 2085 (non
1058 2052 1131 2079 enim
1147 2057 1308 2078 cmterorum
1324 2050 1463 2076 hominum
1479 2048 1573 2076 eadem
1591 2056 1652 2083 qua:
1664 2053 1753 2075 vestra
1768 2052 1833 2076 sunt

217 2094 314 2127 ndicia)
326 2095 407 2122 malui
417 2095 443 2122 in
456 2095 524 2122 hanc
538 2100 639 2131 partem
650 2104 770 2131 peccare,
781 2105 861 2132 quam
869 2098 995 2131 cuiquam
1005 2097 1094 2124 minus
1104 2098 1227 2132 prudenti
1237 2105 1288 2125 non
1303 2097 1370 2124 satis
1381 2101 1475 2131 gratus
1491 2095 1588 2122 videri.
1599 2095 1658 2122 Non
1671 2095 1743 2122 enim
1755 2095 1832 2122 video

207 2147 256 2167 nec
277 2149 385 2175 sperare
397 2149 505 2175 possunt
525 2141 583 2168 fore
597 2142 744 2176 aliquando
757 2147 873 2177 tempus,
892 2151 946 2178 quo
958 2143 1011 2170 alio
1024 2143 1102 2170 ofﬁcii
1122 2151 1221 2178 genere
1235 2146 1316 2177 atque
1331 2143 1394 2173 hoc,
1408 2145 1498 2169 vestra
1516 2142 1645 2168 beneficia
1663 2141 1830 2168 remunerari

207 2187 321 2220 possim,
354 2187 455 2221 quippe
475 2195 536 2213 ctttn
559 2188 626 2214 nihil
645 2189 710 2214 mihi
739 2193 864 2223 suppetat
894 2193 992 2223 praeter
1018 2189 1197 2216 voluntatem.
1226 2188 1284 2216 Huc
1305 2188 1410 2215 accedit
1429 2188 1500 2222 qttod
1521 2187 1646 2213 videbam
1665 2187 1737 2213 haud
1753 2185 1831 2213 facile

207 2231 277 2258 alios
301 2239 335 2258 ex
365 2239 480 2258 numero
497 2234 647 2259 amicorum
669 2239 767 2267 pra‘ter
784 2242 832 2260 vos
851 2242 892 2260 me
910 2235 1030 2269 reperire
1051 2242 1142 2269 posse,
1166 2235 1211 2269 qui
1229 2242 1290 2260 cum
1311 2238 1420 2268 propter
1433 2233 1574 2267 utriusque
1590 2233 1688 2267 lingua}
1704 2232 1829 2267 peritiam

209 2279 280 2306 haud
300 2280 436 2315 vulgarent
452 2281 554 2315 optimc
581 2281 614 2308 de
640 2281 795 2315 bujttsmodi
825 2283 934 2316 scriptis
960 2282 1085 2316 judicare
1101 2285 1221 2316 possent,
1249 2286 1305 2308 tum
1332 2280 1448 2308 candide
1461 2285 1542 2314 atque
1560 2280 1667 2307 sincere
1681 2278 1829 2312 judicmuﬁ

210 2330 311 2352 essent.
327 2326 510 2359 Quamobrem
525 2336 539 2355 a
554 2328 630 2355 vobis
648 2336 697 2363 pro
714 2333 802 2355 vestra
822 2329 848 2355 in
870 2336 911 2356 me
927 2333 1056 2362 perpetua
1070 2335 1101 2354 ac
1119 2328 1235 2354 maxima
1248 2326 1434 2355 benevolentia
1450 2326 1580 2360 tnajorem
1599 2325 1626 2351 in
1647 2324 1758 2351 modum
1772 2327 1830 2358 peto

209 2379 366 2408 qnmsoque,
382 2378 410 2400 ut
422 2373 494 2401 hunc
512 2381 622 2408 parvum
636 2379 663 2401 ct
677 2374 803 2407 exiguum
822 2378 939 2408 partum,
954 2381 1034 2408 qttetn
1048 2373 1125 2400 vobis
1142 2373 1168 2400 itt
1185 2373 1338 2400 clientelam
1353 2375 1380 2399 et
1397 2371 1476 2399 ﬁdem
1492 2370 1664 2402 commendo,
1680 2370 1715 2397 ab
1735 2369 1830 2397 invidis

209 2419 283 2446 omni
304 2427 355 2453 ope
369 2419 450 2452 tueri,
464 2428 480 2446 a
494 2419 740 2447 calumniatoribus
755 2424 781 2446 et
794 2419 1026 2446 obtrectatoribus
1045 2418 1173 2446 omnibus
1191 2419 1294 2445 viribus
1311 2417 1458 2445 defendere
1473 2417 1563 2444 velitis
1584 2424 1591 2443 :
1608 2416 1656 2450 qui
1673 2416 1696 2443 si
1719 2423 1734 2442 a
1757 2416 1829 2442 vobis

209 2466 307 2501 dignus
333 2464 470 2499 judicatus
498 2466 578 2492 fuerit
602 2472 681 2500 quem
706 2464 917 2499 amplectamitu',
943 2471 1024 2498 quem
1055 2464 1081 2490 in
1105 2463 1235 2490 familiam
1264 2469 1381 2491 vestram
1418 2462 1557 2497 recipiatis
1571 2466 1654 2496 atque
1667 2461 1793 2493 foveatis,
1808 2461 1828 2486 si

212 2513 372 2541 hominibus
392 2514 444 2548 piis
459 2519 483 2540 et
497 2513 630 2540 stmliosis
645 2512 793 2547 aliquando
810 2512 886 2539 utilis
906 2511 998 2543 fuerit,
1016 2511 1085 2538 nihil
1102 2511 1169 2538 mihi
1194 2511 1256 2538 istic
1280 2510 1434 2542 vindicabo,
1463 2510 1492 2536 in
1509 2516 1558 2536 vos
1577 2516 1674 2536 omnes
1687 2507 1828 2542 meumjus

211 2559 358 2590 transfero,
372 2566 488 2592 qttornm
505 2558 605 2593 opibus
620 2559 731 2592 adjutus
747 2563 772 2584 et
788 2561 968 2590 sustentatus,
988 2557 1061 2584 hunc
1077 2556 1170 2585 fcetunt
1187 2556 1303 2590 produxi
1330 2564 1337 2582 :
1365 2556 1413 2590 qui
1427 2555 1517 2583 sicubi
1533 2554 1684 2582 deformior
1709 2554 1829 2581 minusve

211 2605 347 2640 perfectus
363 2609 390 2631 ct
418 2604 443 2630 in
466 2604 555 2638 aliqua
575 2609 650 2638 parte
667 2603 708 2631 sui
729 2602 839 2633 nmtilns
855 2609 886 2629 ac
901 2602 1064 2637 depravatus
1081 2602 1249 2636 apparuerit,
1272 2601 1323 2628 hoc
1338 2601 1436 2636 partim
1453 2600 1528 2627 vitiis
1540 2599 1635 2627 matris
1645 2599 1757 2631 Graecae.
1773 2604 1828 2633 qua:

212 2653 277 2680 ntilti
293 2652 364 2679 haud
380 2653 536 2686 incorrupta
547 2651 691 2679 conciliata
708 2654 759 2682 est,
773 2649 946 2676 attribuitotc
965 2658 971 2675 :
990 2649 1089 2684 partim
1107 2656 1172 2675 toea:
1185 2647 1355 2675 inbecillitati
1369 2648 1547 2683 assignatote,
1566 2655 1580 2674 a
1605 2654 1671 2681 quo,
1687 2649 1828 2679 superante

213 2698 284 2725 maio
298 2698 370 2725 vires
389 2702 416 2724 et
432 2697 570 2732 ingenium
587 2697 712 2727 artificis,
729 2696 820 2722 omnia
850 2695 951 2729 corrigi
977 2699 1004 2721 ct
1033 2693 1172 2721 emendari
1193 2701 1245 2720 non
1274 2697 1432 2728 potuerunt.
1451 2693 1518 2720 Nam
1534 2693 1556 2720 si
1572 2693 1634 2727 quis
1663 2692 1783 2726 iniquior
1805 2696 1828 2718 et

214 2743 361 2776 malignior
377 2742 461 2776 judex
483 2744 551 2774 lucc,
566 2750 625 2775 quae
644 2741 678 2768 de
695 2741 790 2768 matris
806 2740 905 2767 Grzcca:
924 2740 996 2766 vitiis
1010 2739 1082 2770 dico,
1102 2739 1192 2766 minus
1211 2739 1318 2766 sincera
1335 2744 1416 2773 atque
1430 2738 1535 2772 integra
1551 2737 1603 2765 ﬁde
1622 2745 1636 2764 a
1662 2745 1703 2764 mc
1719 2736 1826 2771 proferri

215 2790 410 2825 suspicabitur,
425 2790 571 2824 producam
599 2797 692 2816 eorum
707 2796 767 2823 quae
784 2789 845 2815 dico
863 2787 1109 2821 locupletissimum
1129 2790 1235 2818 testem,
1267 2786 1449 2813 clarissimum
1476 2784 1722 2818 doetissimumque
1747 2783 1826 2809 viruut

216 2836 244 2863 ι).
262 2836 394 2863 Joannem
413 2836 577 2863 Santi-neunt
596 2836 763 2863 Pannonium
782 2845 785 2859 :
820 2834 845 2861 in
862 2834 919 2868 ejus
934 2833 1005 2860 enim
1030 2836 1164 2867 poti-state
1180 2833 1273 2860 ntali-7s
1297 2832 1376 2860 istius
1394 2836 1517 2866 parentes
1537 2835 1609 2863 sunt,
1628 2834 1654 2857 ct
1669 2829 1825 2859 clarissima,
