1897 3052
60 129 99 163 481
559 125 767 156 LAURENTII
784 122 911 154 SIFANI
926 124 1132 156 PREFATIO.
1602 127 1656 159 482

61 183 198 219 gravissima
214 182 422 218 llrmissimaque
433 186 541 209 exstant
558 188 664 211 eorum,
679 186 739 213 qua:
753 177 826 210 dico,
849 178 926 213 signa
943 182 1024 212 atque
1047 178 1220 206 documenta.
1236 178 1298 207 llaec
1313 187 1360 208 vos
1388 180 1490 208 idcirco
1506 183 1656 209 monendos

62 230 242 265 essejudicavi,
257 234 286 256 ut
301 229 493 257 instructiores
508 227 570 255 sitis
587 226 720 252 adversus
734 232 781 251 eos
800 225 845 258 qui
862 225 944 251 istum
961 223 1056 251 fretum
1077 226 1214 252 voluerint
1233 226 1392 261 impugnare
1405 246 1412 257 ,
1434 234 1497 253 nam
1524 233 1654 262 quantum

61 278 81 304 in
95 284 130 302 nte
145 275 203 307 fuit,
217 276 284 302 nulli
302 283 352 302 nec
366 275 451 302 labori
468 282 518 302 nec
535 273 681 308 diligentia!
697 272 723 298 itt
739 279 771 298 eo
791 271 917 306 fingendo
932 275 1014 305 atque
1031 271 1174 298 formando
1189 279 1307 306 unquam
1325 273 1442 307 peperci.
1461 272 1531 305 Quid
1549 273 1656 308 pra-sti-

60 322 122 348 teritn
149 320 244 355 quidve
269 325 414 348 assecutus
437 321 500 352 sim,
523 319 654 354 quoniam
678 322 787 345 exstant
816 318 981 344 documenta
1009 317 1103 345 Grmce
1131 323 1213 353 alque
1243 318 1348 350 Latine.
1381 323 1461 353 alque
1489 319 1557 346 adeo
1576 323 1658 346 caste-

61 374 135 393 roruru
149 365 286 392 hominum
304 366 448 401 utriusque
462 365 560 400 lingua:
574 365 734 399 peritorum,
748 362 771 390 si
787 362 915 390 vitiorum
929 362 1011 390 modo
1021 366 1177 390 memoratae
1187 363 1281 390 matris
1291 362 1391 390 Graeca:
1405 363 1536 390 rationetn
1555 363 1657 390 habue-

61 414 115 446 ritis.
128 413 226 448 judicio
245 414 383 448 permitto.

86 458 152 490 Quod
169 458 264 486 attinet
277 457 311 485 ad
326 459 460 486 rationem
476 462 642 493 temporum,
666 458 767 494 quibus
783 457 880 484 vixerit
895 456 1117 492 Theophylactus
1134 455 1268 491 Bulgaria;
1283 457 1517 492 archiepiscopus,
1533 456 1654 484 nondum

60 504 111 531 mibi
136 505 198 531 satis
215 509 342 531 constare
366 505 476 538 potuit:
493 508 523 531 ut
546 506 617 532 enitn
645 504 782 538 conjicere
804 510 926 537 possum,
950 503 1042 538 plures
1058 503 1109 530 hoc
1132 503 1240 531 nomine
1253 503 1373 531 fuerunt.
1394 503 1460 530 Nam
1476 503 1657 538 Nicephorm,

62 549 233 576 Ειειεεὸαιιὶεω
250 549 378 577 Historic
394 550 440 577 lib.
457 558 511 581 xtv,
526 558 586 585 cap.
605 551 649 582 59,
666 550 711 576 tibi
725 550 758 576 de
772 549 951 576 translatione
964 549 1067 583 aliquot
1081 549 1270 584 episcoporum
1294 549 1360 584 agit,
1378 549 1478 576 Basilio
1498 546 1655 584 Porpher-

60 602 153 630 gvnneta
168 595 404 631 Constantinopoli
422 597 585 632 imperante,
603 597 836 632 Theophylaclum
859 596 1004 631 quemdam
1023 596 1155 624 Sebastite
1176 597 1347 631 episcopum-
1362 595 1471 623 Rosiam
1491 595 1654 622 translatum

60 650 107 669 esse
119 642 217 670 scribit.
230 641 395 670 Wilhelmus
411 643 562 674 Lindanus,
577 650 662 671 sacrae
677 642 821 677 theologia?
836 641 976 676 professor
990 641 1179 674 Lovanicnsis.
1198 642 1224 668 in
1240 642 1416 676 chronologia
1435 649 1516 676 quam
1538 641 1570 667 ad
1584 641 1658 667 fron-

60 694 101 716 tvm
112 696 160 715 sua'
174 688 312 723 Pauoplt'w
325 689 460 724 apposuit,
475 688 707 723 Tlteophylactum
719 688 875 724 quemdam,
892 695 972 723 quem
994 687 1020 714 in
1036 687 1080 714 illa
1095 694 1143 714 sua
1161 686 1291 721 Paitoplia
1303 688 1373 714 inter
1389 692 1502 714 caeteros
1519 691 1655 714 auctorem

61 739 151 762 sortitus
165 735 210 767 sit,
232 743 307 762 anno
330 743 344 762 a
367 737 509 764 nativitate
526 736 632 763 Domini
652 735 894 771 septingentesimo
919 734 1022 762 vixisse
1044 734 1190 770 signiﬁcat,
1211 734 1259 761 sed
1280 734 1360 769 cujus
1376 734 1496 762 civitatis
1510 733 1654 768 cpiscopus

63 780 134 812 luerit,
149 787 199 807 non
216 781 323 816 adjicit.
337 781 383 809 Est
401 786 491 809 autetu
504 781 664 814 verisimile,
681 782 810 816 qttoniam
827 781 930 808 nullius
945 780 1071 812 alterius,
1085 780 1157 815 quod
1168 779 1294 815 equidem
1311 780 1406 812 sciam,
1422 780 1523 814 scripta
1537 784 1656 812 exstant.

63 825 117 852 hunc
125 826 355 862 archiepiscopum
371 827 502 862 Bulgaria:
519 827 553 854 ab
567 826 613 853 illo
626 826 788 861 signiﬁcari,
807 834 888 861 quem
906 826 988 852 etiam
1005 825 1137 854 Erasmus
1153 825 1338 860 Cbrysostomi
1364 824 1580 852 abbreviatorem
1597 832 1657 852 esse

62 871 122 903 dixit,
140 877 164 898 et
178 872 272 900 titulus
291 873 372 908 hujus
389 874 480 908 operis
497 874 547 900 hoc
559 880 614 907 pra:
629 881 659 900 se
673 873 734 899 fert.
750 871 816 899 Nam
839 880 892 899 non
914 872 1002 899 solum
1019 879 1051 898 cx
1070 870 1176 898 Joanne
1195 871 1402 906 Chrysostomo,
1416 878 1509 897 verum
1528 871 1609 902 etiam
1623 879 1656 898 ex

61 917 150 950 Basilio,
172 917 285 953 Cyrillo.
314 918 427 952 Severo,
438 925 470 947 et
485 920 624 948 nottnullis
638 919 711 950 aliis,
726 926 786 954 qua:
799 918 833 945 ad
853 918 1022 953 propositum
1038 923 1065 946 et
1087 925 1142 945 rem
1163 917 1314 945 institutam
1329 917 1467 952 pertinere
1486 917 1657 949 viderentur,

61 964 187 998 desumpsit
199 969 226 991 et
239 965 267 992 in
282 973 365 992 unttm
379 973 480 1000 corpus
495 966 631 993 contraxit
649 974 655 993 :
677 972 758 1000 quain
771 971 826 990 rem
845 970 897 990 non
915 963 996 990 modo
1013 971 1098 997 genus
1111 962 1232 993 dicendi.
1256 962 1278 990 si
1294 962 1356 997 quis
1380 962 1501 989 animum
1525 963 1658 995 attendat,

62 1016 135 1036 verum
149 1011 227 1036 etiam
247 1011 357 1038 nomina
374 1017 514 1038 auctorum
531 1011 558 1039 in
572 1011 693 1045 margine
709 1013 841 1036 annotata
856 1009 1010 1042 signiﬁcant
1031 1013 1110 1044 atque
1127 1008 1276 1035 declarant.
1289 1007 1408 1035 Joannes
1421 1007 1660 1044 OEcolatupadius,

61 1062 81 1092 in
94 1055 234 1088 prailatione
247 1064 329 1091 quam
346 1057 473 1092 apposuit
487 1056 679 1092 Tltcophylacti
693 1060 809 1091 quatuor
824 1054 1029 1090 Evangeliorum
1047 1055 1209 1089 cxplication
1223 1055 1273 1082 bus
1286 1054 1320 1082 ab
1347 1062 1407 1082 sese
1426 1055 1575 1086 conversis,
1592 1054 1660 1082 uth

61 1102 117 1128 aliud
130 1110 201 1135 quam
219 1103 295 1129 illuni
313 1104 384 1130 inter
395 1103 502 1131 Gratcos
515 1103 654 1138 theologos
667 1104 844 1130 recentiorem
855 1102 939 1128 fuisse
947 1101 1092 1135 signiﬁcat,
1115 1101 1162 1128 sed
1178 1101 1250 1127 haud
1268 1100 1343 1128 falsis
1355 1108 1416 1127 eum
1428 1100 1554 1129 laudibus
1569 1107 1659 1133 ornat,

61 1154 114 1181 quas
125 1148 144 1174 si
161 1148 219 1182 quis
236 1140 361 1183 requirit,
379 1156 411 1175 ne
423 1148 457 1174 ab
472 1148 533 1176 aliis
544 1148 611 1176 bene
626 1147 698 1175 dieta
719 1147 785 1174 ntibi
801 1154 862 1174 eum
872 1145 982 1174 fastidio
998 1146 1144 1180 legentium
1159 1152 1280 1180 repetere
1295 1154 1406 1174 necesse
1421 1147 1466 1179 sit,
1484 1147 1557 1174 illinc
1576 1152 1660 1181 petat,

63 1198 126 1226 atque
135 1193 211 1220 etiam
228 1202 260 1221 ex
276 1194 436 1228 prmfatione
448 1193 551 1221 Nicolai
569 1194 685 1224 Beraldi.
700 1201 760 1228 qua:
777 1193 922 1228 praeposita
940 1197 982 1219 est
999 1191 1212 1219 Commentariis
1227 1193 1300 1220 illitis
1316 1192 1343 1219 iu
1355 1191 1489 1227 Epistolas
1498 1194 1552 1220 divi
1567 1193 1658 1226 Pauli,

61 1246 71 1263 a
84 1238 266 1274 Christophoro
284 1240 414 1273 Porsena,
427 1239 561 1272 Romano,
580 1240 606 1266 in
621 1239 748 1266 Latinutn
767 1246 919 1266 sertnonem
934 1238 1075 1265 conversis
1090 1247 1096 1264 :
1118 1238 1163 1272 qui
1177 1238 1186 1273 (
1203 1238 1275 1274 quod
1293 1239 1429 1273 prtcterire
1443 1248 1497 1266 non
1521 1247 1631 1274 possunt
1650 1241 1660 1274 )

64 1292 70 1307 ι
88 1283 163 1311 Unum
186 1285 247 1318 hoc,
275 1285 372 1320 inquit,
403 1286 470 1313 satis
499 1290 616 1318 constat,
641 1285 668 1313 in
687 1286 729 1313 his
745 1284 956 1313 Commentariis
972 1284 1016 1318 pia
1032 1291 1093 1312 esse
1108 1285 1201 1311 omnia
1216 1290 1243 1312 et
1263 1285 1415 1312 orthodoxa
1431 1285 1564 1321 longeque
1580 1287 1614 1312 ab
1626 1286 1660 1313 iis

62 1331 198 1357 diSsidentia
216 1339 279 1365 qua:
293 1332 480 1366 theologorum
493 1332 589 1365 vulgus
606 1331 727 1366 quotidie
745 1338 845 1365 magno
864 1330 1012 1364 supercilio
1033 1329 1149 1357 indoctae
1167 1331 1252 1364 plebis
1273 1331 1387 1359 auribus
1408 1332 1538 1359 inculcat.
1555 1332 1660 1368 Ubique

64 1378 122 1404 enim
135 1379 314 1412 apostolicum
333 1383 427 1413 pectus
453 1386 508 1404 non
524 1378 605 1404 modo
631 1378 750 1412 explicat
775 1376 867 1412 operis
884 1377 966 1411 hujus
984 1381 1092 1408 auctor,
1104 1375 1152 1403 sed
1169 1377 1250 1403 etiam
1266 1377 1359 1408 refert,
1378 1377 1448 1412 sapit
1467 1385 1498 1404 ac
1511 1378 1608 1412 spirat,
1633 1378 1659 1405 id

62 1424 120 1457 quod
135 1432 210 1459 qnam
227 1425 324 1459 paucis
340 1424 436 1450 merito
452 1424 625 1451 tribuendum
644 1424 690 1455 sit,
717 1423 796 1450 facile
825 1423 970 1458 intelliget,
1002 1423 1049 1457 qui
1077 1423 1194 1450 novitios
1212 1423 1350 1457 theologos
1368 1423 1488 1457 antiquis
1506 1423 1569 1456 illis,
1597 1432 1659 1451 cuin

63 1469 148 1496 Latinis
168 1476 221 1497 tutu
239 1470 354 1502 Gtmcis,
370 1470 565 1505 composuerit.
585 1481 593 1495 ι
617 1470 679 1496 llaec
694 1469 835 1497 Bcraldus.
850 1470 1077 1505 (Ecolampadius
1092 1470 1224 1504 prolixius
1237 1477 1268 1496 ac
1283 1470 1441 1504 singulatitn
1466 1469 1660 1504 Tlieuphylacti

63 1516 157 1543 virtutes
177 1516 350 1551 persequitur
367 1520 448 1551 atqtte
478 1520 610 1549 recenset.
629 1514 844 1550 Christopborus
855 1515 987 1548 Porsena,
1005 1516 1031 1542 in
1047 1522 1096 1542 sua
1110 1514 1271 1542 Praefatione
1286 1514 1318 1542 ad
1334 1514 1440 1542 Sixtum
1455 1515 1487 1542 ιν
1505 1516 1660 1551 pontiﬁci-tn

63 1561 203 1594 Romanum,
233 1561 432 1598 Theopbylacti
467 1565 619 1596 temporum
650 1561 750 1589 nullam
785 1561 850 1589 facit
879 1562 1056 1588 mentionem.
1089 1559 1162 1588 Misit
1190 1560 1222 1586 ad
1253 1568 1303 1588 nos
1321 1559 1488 1588 D.Joanncs
1509 1561 1662 1588 Sambucus

63 1609 190 1636 orationem
204 1609 327 1637 Graecam
344 1610 394 1636 hac
407 1609 585 1644 inscriptione
602 1619 609 1636 :
626 1609 812 1644 Θεοφυλὰκτου

926 1609 966 1640 εἰς
991 1609 1036 1635 τὸν
1055 1609 1246 1644 αὑτοκρατορα
1267 1609 1362 1644 κύριον
1397 1609 1514 1641 Ἀλέξων
1541 1610 1586 1636 τὸν
1611 1611 1662 1637 Ko-

64 1657 153 1692 μνηνόν.
167 1657 242 1690 Quod
257 1659 280 1685 si
299 1658 322 1686 is
333 1661 375 1684 est
395 1662 488 1684 noster
508 1657 738 1692 Thcophylactus,
749 1664 846 1692 nempe
859 1656 1084 1691 archiepiscopus
1101 1655 1245 1691 Bulgariai,
1260 1656 1316 1690 jam
1338 1663 1391 1683 non
1414 1657 1530 1692 amplius
1549 1656 1661 1683 dnbiuut

63 1709 111 1729 esse
125 1707 205 1737 potest
220 1711 276 1738 quo
290 1707 410 1738 tempore
422 1696 529 1730 vixerit.
539 1702 693 1730 Nihilaliud
709 1709 758 1737 ego
769 1709 857 1737 neque
871 1701 904 1729 de
917 1702 971 1728 vita
988 1710 1075 1737 neque
1086 1702 1120 1729 de
1132 1702 1302 1736 temporibus
1317 1701 1399 1736 hujus
1414 1703 1499 1730 nostri
1518 1701 1662 1736 Theopby-

65 1748 113 1775 lacti
139 1750 279 1785 diligenter
296 1750 446 1777 scrutando
462 1755 543 1785 atque
557 1750 720 1785 inquirendo
736 1750 812 1785 potui
838 1749 971 1777 invenire.
993 1750 1070 1782 Quod
1098 1750 1231 1784 reliquum
1252 1754 1304 1783 est,
1319 1758 1367 1777 vos
1384 1750 1464 1777 etiam
1481 1754 1563 1784 atque
1580 1750 1662 1776 etiam

66 1805 118 1830 rogo
132 1806 160 1826 ac
175 1798 352 1826 vehementer
367 1802 441 1834 peto,
455 1803 484 1825 ut
500 1799 550 1825 hoc
565 1797 692 1832 exiguum
715 1802 796 1832 atque
811 1797 879 1825 adeo
893 1797 1082 1825 tenuissinmm
1111 1797 1315 1830 munusculum,
1340 1798 1418 1825 vobis
1441 1797 1505 1825 licet
1520 1797 1662 1833 indignum

64 1846 194 1880 vestrisque
212 1846 238 1872 iu
256 1854 300 1873 tne
315 1845 430 1873 sutnmis
447 1844 586 1872 beneficiis
599 1851 631 1871 ac
648 1844 755 1871 meritis
771 1843 869 1878 impar,
877 1843 946 1877 astuti
963 1847 1052 1870 tamen
1067 1842 1156 1870 facere
1169 1844 1288 1878 bonique
1301 1844 1453 1875 consulere,
1467 1848 1494 1871 et
1509 1849 1537 1870 ut
1557 1844 1590 1870 ab
1603 1843 1663 1870 aui-
1712 1862 1713 1865 η

65 1890 90 1915 mi
103 1892 279 1920 benevolentia
295 1897 376 1926 atque
393 1890 559 1927 gratitudiue
574 1890 738 1925 profectum,
758 1889 839 1917 hilari
856 1890 931 1917 vultu
947 1890 1060 1923 laetaque
1072 1889 1161 1915 fronte
1176 1889 1300 1923 accipere
1315 1889 1415 1916 velitis.
1434 1888 1489 1916 lloc
1504 1889 1526 1916 si
1549 1897 1563 1915 a
1585 1890 1663 1916 vobis

64 1943 206 1965 consecutus
231 1938 320 1971 fuero,
347 1937 455 1965 abunde
482 1937 549 1965 satis
575 1943 688 1971 magnos
716 1936 841 1964 laborum
869 1943 913 1963 me
940 1935 1047 1962 fructus
1071 1934 1179 1968 cepisse
1205 1933 1380 1962 existimabo.
1399 1933 1470 1962 Bene
1486 1934 1582 1968 valeto,
1611 1935 1663 1962 viri

65 1985 215 2017 amplissimi.

92 2065 122 2092 Et
136 2069 298 2096 monasterio
318 2068 492 2096 Steinwcldlo
505 2075 542 2095 xu
559 2067 695 2095 Kalendas
708 2065 887 2102 Sepicmbris,
906 2073 979 2093 anno
992 2064 1097 2092 Domini
1113 2064 1190 2092 l56'l.

67 2269 226 2299 Clarissimo
243 2268 584 2307 exrcilentissimoque
601 2268 682 2303 viro,
717 2268 751 2297 D.
778 2266 1091 2307 ,Ιοδηιίἱηὲιηςιδυίιο,Δ
1108 2266 1286 2307 Pannonio,
1313 2266 1463 2297 Ciesareae
1488 2266 1662 2307 Majesnttis

106 2310 218 2340 medico
235 2313 267 2339 et
284 2305 556 2347 historiograpbo,
572 2306 764 2338 Laurentius
777 2306 954 2342 SIFANUS,
972 2305 1212 2343 Pruusfeldius,
1234 2308 1262 2336 J.
1281 2307 1315 2336 U.
1334 2307 1458 2342 Doctor,
1475 2306 1506 2337 S.
1522 2307 1554 2336 P.
1571 2306 1609 2335 Ι).

95 2409 124 2436 En
138 2411 221 2444 prodit
234 2412 344 2440 tandem
359 2413 386 2440 in
398 2414 547 2448 publicum,
565 2413 607 2441 vir
617 2412 778 2444 clarissime,
793 2412 1013 2449 Theophylactus
1026 2415 1090 2439 tuus
1112 2412 1223 2439 Grrecus
1234 2419 1248 2438 a
1267 2419 1308 2438 me
1324 2411 1415 2438 factus
1438 2410 1552 2438 Latinus
1564 2419 1571 2437 :
1585 2413 1661 2437 tuum
1697 2424 1700 2427 -

69 2453 126 2487 dico,
141 2465 191 2490 quo
204 2465 372 2489 careremus.
388 2459 442 2487 nisi
458 2464 486 2486 ιιι
504 2459 576 2494 quod
591 2459 737 2493 separatim
751 2458 852 2486 habere
867 2460 914 2486 tibi
925 2459 1064 2493 propriunt
1081 2458 1188 2490 licebat,
1203 2465 1347 2485 commune
1360 2464 1391 2484 ac
1408 2456 1544 2491 publicum
1561 2456 1660 2483 bonum

71 2509 118 2530 esse
131 2506 276 2534 maluisses.
295 2506 382 2533 Causa
398 2514 446 2534 cur
460 2510 515 2534 tam
533 2514 595 2534 sero
619 2506 747 2542 prodeat,
764 2511 792 2533 ut
810 2507 892 2534 etiam
912 2506 1016 2534 librarii
1042 2506 1149 2541 culpam
1166 2506 1295 2540 recipiam
1318 2505 1344 2531 in
1363 2513 1416 2535 me,
1433 2505 1490 2532 huic
1515 2509 1567 2535 est,
1589 2503 1661 2539 quod

68 2547 117 2575 dum
132 2550 171 2577 ille
182 2552 214 2578 de
230 2560 274 2579 me
289 2551 396 2584 Latine,
410 2560 460 2587 ego
471 2553 505 2580 de
519 2552 566 2580 illo
598 2552 691 2580 Grace
707 2552 815 2580 discere
831 2553 997 2585 nitebamur,
1012 2552 1058 2580 ubi
1079 2553 1149 2580 alter
1167 2554 1282 2579 alterum
1312 2551 1404 2578 minus
1433 2551 1661 2585 intelligebamus,

70 2600 118 2621 cura
130 2596 256 2632 interpres
270 2598 380 2633 utrique
394 2598 513 2631 deesset,
531 2603 612 2634 atqtte
625 2599 697 2626 haud
710 2599 878 2634 incorruptis
893 2599 1028 2627 ministris
1044 2603 1195 2630 uteremur,
1213 2597 1379 2631 coniecturis
1395 2597 1495 2632 quibus
1513 2597 1580 2623 alter
1595 2597 1662 2623 alte-

69 2638 114 2667 rius
127 2648 199 2670 sensa
225 2651 446 2679 assequeremur,
463 2644 555 2672 multis
578 2644 604 2671 in
627 2644 694 2672 locis
714 2645 752 2671 uti
769 2644 915 2672 habuimus
940 2651 1060 2672 necesse.
1088 2644 1172 2679 Cujus
1199 2644 1236 2671 rei
1260 2644 1390 2678 quoniatn
1407 2643 1480 2670 clara
1498 2643 1661 2670 documenta

70 2690 151 2714 suntin
166 2693 301 2725 prompttt,
321 2698 355 2718 ne
366 2690 459 2725 inepta
475 2690 631 2725 prolixitate
643 2691 789 2718 verborum
809 2690 979 2725 typograpbo
995 2690 1133 2717 festinanti
1148 2690 1198 2717 sim
1212 2690 1238 2716 in
1256 2696 1340 2719 mora.
1356 2694 1380 2716 te
1391 2689 1472 2716 etiam
1487 2694 1568 2723 atque
1578 2690 1660 2716 etiam

71 2737 129 2766 |“030,
140 2739 167 2762 ut
182 2736 307 2772 bascipsa
323 2744 384 2772 qua:
397 2737 458 2764 diro
474 2737 636 2764 documenta
659 2737 809 2764 scrutando
830 2740 911 2770 atque
925 2736 1119 2768 examinanda,
1141 2743 1249 2770 aequum
1271 2742 1295 2763 te
1311 2736 1375 2762 mihi
1388 2735 1508 2769 judiccm
1525 2740 1606 2770 atque
1621 2735 1662 2762 fa-

71 2783 157 2808 tentem
169 2783 297 2816 praebere,
312 2786 340 2810 et
351 2782 431 2810 istam
449 2790 560 2818 operam
576 2790 657 2818 quam
677 2782 789 2818 prmstiti
806 2781 876 2817 tequi
895 2782 1012 2815 hortique
1037 2781 1127 2811 facere
1145 2782 1223 2808 velis.
1239 2782 1315 2815 Quod
1330 2781 1462 2816 reliquum
1477 2785 1530 2813 est,
1550 2788 1662 2816 magnas

72 2824 108 2851 tibi
118 2830 139 2854 ct
152 2827 253 2863 agimus
268 2832 295 2857 et
310 2828 443 2857 habetnus
457 2828 571 2864 gratias,
589 2829 634 2864 qui
653 2829 726 2856 istud
743 2828 908 2863 mancipium
925 2828 1038 2863 publica:
1054 2828 1180 2855 utilitatis
1194 2828 1427 2863 ittscrvire,quam
1441 2827 1512 2854 domi
1527 2828 1662 2862 privatum
