1897 3052
156 159 207 192 471
675 157 866 187 BONIFACl‘I
887 157 905 186 [³

1061 156 1256 186 PREFATIO
1728 154 1795 187 L12.

156 221 333 253 earumque
351 213 557 252 penultimam
575 216 608 243 ut
625 213 778 244 ineditam
796 213 909 249 notari,
931 212 1100 244 confestim
1117 212 1231 251 scripsi
1252 211 1289 242 ad
1308 211 1347 242 cl.
1368 211 1471 242 virum
1488 219 1524 242 ac
1539 211 1631 243 dictae
1654 211 1779 243 biblio-

156 265 256 295 thecas
269 263 436 295 custodem
461 263 689 302 dignissimum
707 263 888 295 Gotfriduni
912 264 1141 303 Hcckingium,
1167 272 1281 302 rogans
1300 267 1333 293 ut
1350 263 1389 294 de
1415 271 1450 293 ea
1480 263 1615 301 epistola
1633 263 1778 294 notitiam

156 314 234 345 mihi
253 314 394 353 aliquam
409 313 623 344 submitteret.
643 315 681 344 At
699 314 754 344 ille
771 322 834 344 non
853 315 948 345 modo
964 315 1085 354 absque
1101 322 1191 344 mora
1206 321 1359 352 perquam
1374 313 1511 344 humane
1530 313 1708 352 rescripsit,
1722 314 1776 343 sed

154 367 258 404 ipsam
275 366 371 396 etiam
387 365 571 405 epistolam,
589 365 628 396 de
645 373 707 404 qua
723 365 839 395 certior
856 366 923 396 fieri
946 367 1154 405 exoptabam,
1170 370 1314 396 accurate
1339 365 1510 404 nitideque
1526 363 1719 403 descriptam
1739 364 1778 394 ad

154 422 212 445 nos
228 414 416 445 transmisit.
436 414 497 444 Vix
513 422 548 444 ea
571 418 697 452 accepta
712 414 925 453 deprehendi,
941 423 1006 446 non
1022 424 1038 446 a
1056 414 1298 454 'l‘heophylacto
1314 415 1523 453 Bulgarorum
1540 413 1703 453 episcopo,
1721 413 1779 444 sed

153 465 192 496 ab
203 464 266 496 alio
280 465 520 505 Theophylacto
535 465 635 496 fuisse
652 465 877 504 conscriptam,
892 466 944 496 cui
960 467 1123 497 Simocataa
1138 474 1316 506 cognomen
1327 470 1410 501 erat;
1428 465 1551 505 quique
1567 465 1645 496 alias
1661 474 1777 505 quam-

154 515 264 554 plurcs
284 515 316 546 in
333 523 466 546 suorum
486 515 567 545 forte
583 514 818 553 discipulorum
835 524 929 546 usum
947 516 1026 555 (erat
1040 517 1164 556 quippe
1184 515 1385 555 professione
1402 516 1556 555 sophista,
1582 524 1640 546 seu
1659 524 1778 553 pmice-

153 569 224 604 ptor
240 564 430 605 rhetorices)
447 564 658 595 elucubravit.
676 565 763 595 Hanc
781 569 890 604 utpote
907 565 1077 603 ineditam,
1095 573 1125 597 et
1139 567 1263 607 alioqui
1279 565 1517 602 brevissimam,
1537 566 1662 596 veniam
1679 566 1781 596 lector

153 615 295 654 optimus
312 615 411 651 dabit,
430 615 458 646 si
484 614 573 645 velut
589 623 744 654 parergon
769 615 829 646 hoc
848 615 909 647 loci
927 625 1110 655 apposuero
1125 627 1187 648 una
1205 625 1277 649 cum
1301 616 1449 647 versione
1466 616 1576 647 Latina
1592 616 1623 646 in
1643 616 1778 656 gratiam

152 671 265 694 eorum
281 663 337 703 qui
357 662 516 703 ejusmodi
538 663 657 695 studiis
673 664 884 696 delectantur.
903 666 956 695 Est
970 673 1070 697 vero:

381 746 555 774 Dmmodocus
569 747 709 783 Antigono.

1201 751 1380 786 Δαιμόὸοκος
1403 752 1569 785 Ἀντιγόνῳ.

187 804 216 831 Si
233 803 296 832 vitae
313 802 427 839 pignora
442 802 571 831 Socrates
590 811 645 831 non
660 804 794 839 possidet,
812 806 936 840 paedago-

1032 807 1110 842 Εἰμὴ
1130 806 1187 842 βίον
1207 807 1354 842 Σωκράτης
1375 807 1490 842 ἐνέχυρα
1517 807 1659 842 κέκτηται,
1683 806 1781 833 παιδα-

150 858 201 884 ιιυε
220 851 269 878 lilii
283 851 324 878 tui
345 858 399 878 non
415 850 612 879 constituatur.
626 851 744 886 Pignora
764 852 824 880 vita!
838 854 899 880 ἰηιυὲ

1031 852 1079 886 ηγὺς
1092 851 1138 878 τοῦ
1159 851 1207 879 σοῦ
1227 853 1264 887 μὴ
1288 853 1505 888 προχειριζὲσθω
1526 853 1630 884 παιδός.
1655 852 1780 886 Ἐγὲχυ-

149 901 249 930 gantur
261 896 319 924 lilii.
336 897 422 930 Quem
437 896 510 924 enim
525 903 586 924 esse
603 902 707 931 patrem
721 902 819 925 natura
834 899 898 926 doct

1044 898 1073 925 δὲ
1087 898 1160 930 ,βίου
1181 899 1276 930 παῖδες
1290 899 1464 926 νοεῖσθωσιν.
1482 899 1531 925 Ὃν
1555 899 1608 934 γὰρ
1632 897 1703 925 εἶναι
1728 907 1780 925 πα-

151 943 225 970 lmnc
248 942 425 978 paedagogum
439 949 513 976 esse,
529 946 745 970 consentaneum
762 948 824 971 est:
839 945 900 980 quin

1031 953 1056 971 ia
1071 944 1152 978 φύσις
1169 945 1283 978 ἐδίδαξε,
1312 945 1408 972 τοῦτον
1434 945 1482 972 καὶ
1505 944 1679 978 παιδαγωγόν
1704 945 1780 970 ἐστιν

149 989 202 1026 qui_
221 989 389 1024 experientia
407 989 484 1017 novit
507 989 695 1024 generationis
719 989 890 1018 atl'ectionem

1031 991 1158 1023 ιόπιστον,
1173 992 1270 1025 πείραν
1290 991 1460 1026 μανθάνοντα
1475 992 1522 1018 καὶ
1537 992 1671 1025 γενέσεως
1685 991 1780 1026 σχέσιν

151 1033 254 1061 amoris
271 1033 393 1063 dolores.

993 1035 1039 1063 καὶ
1059 1035 1176 1072 στοργῆς
1190 1036 1348 1072 ἀλγηδόνας.

845 1129 988 1161 SECTIO
1021 1131 1078 1161 XI.

467 1195 510 1226 De
524 1200 685 1235 postrema
695 1200 787 1235 parte
803 1194 938 1226 homilt‘ce
952 1194 1132 1232 undecimw,
1142 1196 1181 1225 In
1193 1195 1471 1225 resurrectionem.

189 1256 302 1287 XLIV.
318 1257 396 1294 Quae
412 1257 452 1287 de
475 1256 534 1287 hac
552 1261 712 1295 postrema
735 1259 822 1295 parte
848 1255 991 1285 homiliaa
1014 1255 1249 1294 Theophylacti
1273 1255 1408 1286 dicenda
1429 1254 1480 1285 hic
1507 1254 1584 1284 mihi
1607 1253 1725 1289 forent,
1742 1253 1776 1283 in

148 1305 390 1338 Dissertationis
410 1307 535 1346 praevia;
553 1315 643 1337 num.
677 1307 700 1337 L
720 1308 786 1346 jam
814 1309 1033 1345 prmoccupata
1057 1305 1162 1336 fuere.
1178 1305 1284 1342 Quare
1309 1306 1361 1336 hic
1388 1305 1494 1336 soluat
1523 1305 1694 1339 admoneo,
1724 1312 1777 1334 me

148 1355 309 1395 quidquid
327 1365 366 1387 ex
382 1356 516 1388 historia
539 1355 673 1387 Eusebii
691 1356 873 1386 derivatum
889 1355 922 1386 in
944 1363 1013 1386 eam
1030 1359 1090 1391 est,
1107 1363 1179 1385 cum
1196 1355 1333 1393 ipsomet
1348 1353 1437 1386 fonte
1454 1354 1642 1390 contulisse,
1666 1362 1776 1393 ecquo

149 1406 212 1436 mei
227 1407 422 1446 exemplaris
448 1406 618 1446 supplesse
634 1406 792 1444 defectus,
818 1410 914 1446 atque
936 1406 1032 1437 etiam
1058 1405 1216 1436 variantes
1245 1405 1399 1436 lectiones
1416 1404 1570 1444 pauculas
1595 1405 1773 1436 addidisse.

149 1455 256 1487 Codex
273 1455 712 1492 Cwsareo-Vindobonensis,
727 1455 813 1486 unde
830 1455 896 1486 haac
912 1453 1055 1485 humilia;
1071 1455 1248 1485 undecimae
1263 1463 1334 1490 pars
1349 1455 1515 1492 desumpta
1533 1458 1593 1490 est,
1609 1455 1774 1494 integrum

148 1506 291 1538 continet
306 1506 544 1542 Homiliarium,
560 1514 618 1536 seu
637 1506 667 1535 iu
686 1505 784 1536 totius
799 1505 876 1535 anni
895 1504 1070 1543 Evangelia
1087 1504 1253 1542 decerptas
1270 1512 1307 1534 ex
1333 1504 1430 1534 variis
1446 1503 1593 1534 Patribus
1609 1502 1774 1534 homilias.

149 1557 196 1586 Ex
212 1563 277 1594 quo
295 1554 374 1585 mihi
391 1554 482 1585 valde
500 1553 683 1586 verosimile
709 1554 752 1590 ﬁt,
781 1563 867 1591 eum,
885 1555 940 1594 qui
961 1554 1147 1593 praedictum
1167 1553 1370 1585 concinnavit
1392 1554 1628 1590 Homiliarium,
1647 1558 1776 1592 postre-

149 1612 232 1636 mam
251 1604 333 1636 hanc
346 1604 491 1636 homilite
505 1604 687 1636 undecima:
710 1608 830 1643 partem
847 1613 910 1635 suo
923 1604 1086 1635 addidisse
1102 1604 1266 1640 arbitratu,
1291 1607 1326 1634 ut
1341 1612 1484 1635 errorem
1501 1603 1589 1642 vulgi
1615 1604 1646 1632 in
1672 1601 1775 1641 patria

148 1663 206 1686 sua
221 1655 319 1686 nimis
334 1654 416 1685 ferte
434 1655 593 1694 vigentem
607 1654 646 1685 de
661 1655 784 1685 Joanne
801 1655 834 1686 in
846 1655 910 1686 vita
928 1655 1031 1686 adhuc
1044 1655 1232 1693 superstite,
1245 1654 1378 1685 omnino
1391 1653 1516 1685 tolleret
1533 1658 1563 1684 et
1576 1652 1775 1683 elitninaret.

148 1705 226 1736 ldeo
242 1709 349 1751 autem
365 1714 452 1737 nunc
463 1705 570 1736 editur
581 1705 646 1736 haec
662 1705 805 1736 homiliae
814 1714 897 1745 pars,
909 1706 984 1744 quia
1001 1705 1211 1736 constitutum
1230 1705 1322 1736 nobis
1339 1710 1397 1738 est.
1415 1703 1494 1735 nihil
1513 1704 1543 1734 in
1560 1703 1617 1734 hac
1632 1702 1777 1734 editione

150 1755 237 1794 quod
257 1755 491 1796 Tbeophylarti
510 1756 641 1788 nomine
660 1755 852 1796 inscriptum
870 1757 924 1793 sit,
943 1757 1119 1796 praeterire.

838 1819 983 1851 SECTIO
999 1820 1072 1850 XII.

315 1884 361 1913 De
378 1883 606 1914 Commentario
619 1885 653 1914 in
665 1884 744 1915 Acta
759 1883 974 1923 apostolorum
992 1892 1032 1914 ex
1048 1882 1235 1913 bibliotheca
1246 1882 1602 1914 Florentino-Mediam.

189 1943 286 1974 XLV.
302 1944 536 1984 TheOphylacti
553 1945 802 1976 Commentarius
818 1945 851 1975 in
871 1944 951 1975 Acta
966 1944 1182 1983 apostolorum
1198 1952 1215 1974 a
1228 1943 1338 1974 Sifano
1355 1943 1461 1974 editus
1476 1945 1557 1974 adeo
1575 1952 1669 1975 rarus
1693 1952 1775 1975 eva-

147 1994 204 2032 sit,
218 1998 253 2025 ut
269 2003 341 2026 cum
359 1995 513 2026 editionis
529 1995 627 2035 hujus
643 1999 808 2026 curatores
824 2003 898 2026 eum
915 1994 970 2025 diu
991 1993 1234 2034 qumsivissent,
1253 1993 1402 2025 invenire
1418 1993 1534 2024 nullibi
1550 1994 1694 2025 venalem
1714 2004 1774 2033 po-

149 2043 284 2074 tuerint.
307 2043 401 2080 Quod
425 2043 452 2074 si
476 2052 550 2075 eum
577 2044 752 2084 aliquando
776 2044 861 2074 nacti
875 2047 964 2081 sunt,
981 2052 1021 2074 ex
1037 2043 1162 2078 Graecia
1188 2043 1310 2082 duplici
1339 2043 1494 2074 editionis
1514 2043 1610 2083 hujus
1637 2053 1775 2082 corpore

147 2097 412 2125 commutandum
430 2099 632 2134 receperunt.
649 2095 775 2126 Interea
791 2094 867 2125 dum
880 2094 1006 2134 jamdiu
1022 2102 1292 2133 supervacaneam
1309 2094 1413 2124 eidem
1427 2093 1669 2133 quomodolibet
1681 2102 1773 2124 com-

150 2145 291 2183 parando
305 2147 476 2174 navassent
491 2152 633 2182 operam,
652 2144 758 2183 deque
770 2143 863 2174 exitu
874 2142 994 2188 negplii
1008 2143 1105 2182 hujus
1119 2142 1276 2173 hmrerent
1293 2142 1420 2179 incerti,
1437 2143 1471 2173 in
1488 2151 1559 2173 eam
1578 2144 1776 2173 sententiam

146 2196 280 2224 ventum
299 2196 357 2228 est,
378 2195 412 2222 ut
426 2192 496 2231 ejus
510 2191 743 2231 apographum,
759 2191 815 2232 qui
831 2191 864 2222 in
888 2191 1079 2222 Florentino
1097 2191 1206 2222 codice
1220 2191 1380 2229 reperitur
1395 2191 1597 2222 bibliothecm
1611 2192 1775 2222 Mediceo—

147 2243 384 2279 Laurentinum,
401 2251 566 2282 quemque
579 2242 822 2282 ’l‘heopbylacto
832 2241 963 2272 ascribit
978 2241 1247 2272 Montefalconius
1264 2241 1297 2272 in
1315 2249 1373 2272 sua
1394 2241 1591 2273 Bibliotheca
1603 2241 1773 2272 bibliothe-

147 2303 268 2332 carum,
283 2293 344 2325 sibi
366 2294 604 2334 procurandum
623 2293 852 2330 existimarinl,
869 2292 939 2329 rati,
959 2293 1108 2335 eumdem
1123 2291 1256 2323 omnino
1270 2301 1341 2324 esse
1357 2301 1429 2323 cum
1443 2301 1481 2324 eo
1497 2293 1554 2332 qui
1570 2293 1675 2324 editus
1690 2302 1706 2322 a
1723 2294 1774 2324 SE-

146 2346 221 2377 fano
241 2351 289 2377 est
305 2357 313 2377 :
333 2351 430 2386 atque
446 2346 539 2382 adeo,
552 2345 713 2385 quidquid
730 2345 860 2376 demum
880 2344 1061 2381 accidisset,
1079 2345 1237 2375 variantes
1251 2343 1362 2375 saltem
1380 2344 1547 2380 lectiones,
1563 2347 1658 2382 atque
1674 2343 1771 2373 etiam

151 2397 389 2429 correctionum
405 2396 552 2427 subsidia
572 2395 868 2435 suppeditaturum.
885 2397 923 2427 At
943 2403 1006 2427 non
1024 2396 1064 2426 ita
1080 2404 1130 2426 res
1145 2396 1253 2426 cessit.
1271 2396 1316 2426 Eo
1332 2394 1418 2425 enim
1434 2394 1617 2434 apographo
1633 2394 1771 2425 Floren-

147 2446 188 2476 tia
204 2446 299 2477 nobis
315 2445 425 2483 allato,
444 2445 583 2484 primum
609 2446 724 2477 turbati
743 2455 856 2476 sumus
873 2446 996 2477 nullam
1013 2446 1046 2476 in
1068 2453 1107 2476 eo
1123 2445 1326 2476 invenientes
1352 2444 1561 2484 epigraphen,
1580 2453 1643 2484 qua
1665 2445 1772 2476 Theo-

148 2497 294 2538 phylacto
315 2496 526 2536 Bulgarorum
543 2496 790 2537 archiepiscopo
804 2497 1037 2533 ascriberetur,
1055 2497 1174 2528 deinde
1192 2505 1265 2527 eum
1283 2495 1376 2527 nobis
1390 2496 1615 2526 evolventibus
1642 2497 1772 2527 nullum

147 2549 296 2588 apparuit
319 2547 492 2582 indicium,
521 2555 578 2576 (-ur
594 2546 786 2578 tribuendus
802 2546 1043 2587 Theophylacto
1059 2550 1144 2577 esset
1162 2557 1169 2576 :
1183 2546 1330 2585 adeoque
1343 2545 1450 2576 mirari
1464 2546 1630 2584 coepimus,
1647 2554 1664 2576 a
1680 2547 1774 2577 Mon-

148 2599 324 2630 tei‘alconio
338 2596 560 2629 indubitanter
576 2596 677 2627 fuisse
695 2596 934 2637 Theophylacto
948 2596 1179 2635 adiudicatum.
1197 2596 1338 2626 Tandem
1360 2595 1410 2625 vix
1428 2595 1491 2626 ulla
1507 2596 1668 2634 superfuit
1680 2596 1774 2628 dubi-

147 2649 237 2687 talio,
252 2658 326 2681 eum
347 2656 418 2679 esse
439 2646 478 2678 ab
492 2647 647 2685 legitimis
658 2647 889 2687 Theophylacti
906 2646 1057 2686 operibus
1073 2647 1339 2686 expungendum,
1354 2653 1426 2676 cum
1444 2645 1526 2676 inter
1543 2645 1680 2677 aliorum
1704 2655 1765 2678 n0-

147 2699 232 2731 mina
246 2701 388 2734 Patrum,
408 2706 480 2737 quae
499 2697 639 2728 citantur
654 2698 685 2728 in
702 2698 860 2737 margine,
874 2697 968 2728 etiam
984 2697 1084 2728 semel
1102 2700 1196 2734 Θεοφ.,
1217 2696 1368 2734 Theoph.,
1385 2704 1443 2725 seu
1467 2699 1499 2725 ut
1524 2695 1696 2735 legendum
1717 2697 1769 2728 vi-

146 2750 294 2788 debatur,
309 2752 511 2787 Θεοφύλακτος,
533 2746 779 2786 Theophylactus
795 2748 1008 2784 occurrisset;
1025 2755 1060 2777 ac
1078 2746 1253 2785 praesertim
1269 2751 1434 2784 postquam
1456 2744 1658 2784 inspeximus
1674 2747 1771 2778 verba

148 2804 268 2835 ibidem
284 2802 375 2834 allata
396 2805 520 2831 exstare
534 2801 566 2830 in
583 2799 822 2830 Commentario
838 2800 924 2830 edito
936 2808 952 2829 a
970 2799 1088 2829 Sit‘ano.
1108 2799 1191 2829 Hinc
1207 2799 1294 2829 enim
1315 2798 1406 2836 plane
1422 2806 1624 2836 consequens
1640 2799 1772 2830 videba-

146 2865 211 2896 iur,
231 2863 325 2896 opus,
341 2854 376 2885 in
390 2863 454 2894 quo
469 2852 730 2893 Theonhylactus
749 2854 818 2892 ipse
838 2853 964 2889 citatur,
982 2852 1119 2891 ejusque
1137 2851 1386 2883 commentarius
1401 2850 1473 2882 aliis
1488 2850 1625 2882 aliorum
1640 2852 1773 2883 Patrum
