1897 3052
28 177 76 210 473
448 177 487 207 IN
506 176 721 212 SEQUENTIA
738 176 1026 206 TIIEOPIIYLACTI
1048 176 1215 206 SCRIPTA.
1592 175 1644 206 474

30 232 268 266 commentariis
283 237 526 268 annumeratur,
539 233 727 263 nullatenus
746 232 807 270 ipsi
828 239 898 262 esse
924 231 1184 270 adjudicandum.
1203 230 1321 260 Verum
1339 229 1398 260 hoc
1421 234 1645 269 argumentum

31 285 90 315 vim
109 291 191 321 pene
210 291 339 314 omnem
359 282 504 313 amittere
523 282 628 312 visum
653 286 712 319 est,
733 285 900 321 postquam
924 290 961 311 ex
978 281 1094 311 Catena
1120 280 1300 311 Oxoniensi
1327 279 1378 318 (dc
1394 289 1456 319 qua
1482 281 1643 320 superius)

26 333 183 370 intellexi,
199 332 435 371 expositionem
454 331 541 362 illam
570 331 730 363 Theodori
748 330 972 361 Heracleensis
1000 338 1084 365 esse,
1101 332 1212 368 utpote
1228 328 1284 368 qui
1312 329 1432 360 diserte
1458 330 1572 360 citatur
1588 339 1643 369 pa-

27 384 99 424 gina
127 383 165 415 58
180 384 251 423 ejus
278 383 412 420 codicis,
432 383 525 422 cujus
552 383 728 421 exemplar,
749 386 783 412 ut
802 382 848 413 rei
867 382 963 421 hujus
983 381 1100 412 certior
1122 381 1243 417 ﬁerem,
1272 381 1429 419 postulavi
1451 387 1481 413 et
1505 382 1644 413 obtinui.

30 434 109 465 Hinc
131 434 217 464 enim
237 433 366 464 suborta
385 433 463 463 mihi
478 433 623 472 suspicio
640 437 699 468 est,
725 433 893 463 oscitantia
920 431 1037 462 veteris
1058 436 1112 462 aut
1131 431 1317 462 rccentioris
1342 432 1546 462 amanuensis
1564 435 1645 463 scri-

28 490 115 525 ptum
135 485 167 515 in
187 483 298 514 codice
317 483 517 518 Florentino,
544 483 592 513 vel
618 487 726 513 nostro
751 491 777 513 ετ

893 483 928 512 iri
942 483 1043 513 fuisse
1063 485 1158 518 θεοφ.,
1183 482 1332 520 1⁷1ιεοῃ1ι.,
1351 490 1408 521 pro
1423 484 1513 514 θεοδ..
1530 482 1642 514 Theod.

27 535 84 566 Sed
101 535 397 575 quomodocumque
413 542 463 564 res
479 534 539 564 ista
557 542 590 563 se
603 532 727 569 habeat,
740 537 773 564 ut
790 536 914 563 certum
933 536 1020 571 puto,
1039 531 1321 563 Montcfalconium
1338 541 1401 562 non
1419 532 1482 562 alio
1499 533 1556 563 niti
1574 533 1646 563 fun-

29 586 179 616 damento
206 583 350 622 potuisse
366 583 402 613 ad
426 582 694 613 Commentarium
713 582 798 612 hunc
823 581 1063 621 TheOphylacto
1086 581 1309 617 asserendum,
1327 590 1421 621 quam
1445 583 1544 620 quod,
1569 585 1645 613 dum

30 636 145 674 raptim
162 634 254 664 illum
269 633 447 670 evolveret,
468 633 501 663 in
517 632 626 671 aliqua
644 631 794 662 inciderit
808 631 874 663 loca
893 631 1091 662 continentia
1111 631 1190 662 illud
1210 631 1294 662 idem
1310 631 1396 670 quod
1421 636 1493 662 ante
1518 631 1550 662 in
1568 632 1649 662 Sifa-

27 688 122 719 niano
141 686 376 718 Commentario
389 686 590 725 perlegisset.
609 685 685 715 Mihi
702 684 813 716 saltem
842 694 905 716 non
920 684 1010 715 aliud
1034 684 1143 714 animo
1168 683 1414 715 fundamentum
1437 684 1585 715 occurrit.
1614 684 1647 714 Id

28 747 102 770 vero
120 747 218 778 quam
236 739 277 769 sit
296 737 495 768 imbecillum
511 738 544 768 in
562 737 819 773 Commentariis,
837 737 894 776 qui
915 736 962 766 vel
983 745 1092 774 puram
1116 737 1242 767 Catenm
1267 737 1422 767 rationem
1449 736 1582 773 habent,
1599 735 1645 767 vel

27 790 63 820 ad
82 789 172 820 illam
190 789 336 829 proxime
351 789 519 824 accedunt,
534 789 683 828 quisquis
699 789 792 820 facile
805 788 970 827 intelligit.

62 841 177 872 XLVI.
195 841 314 871 Verum
334 840 360 871 si
378 849 428 871 res
442 840 483 871 ita
502 849 537 871 se
554 840 660 875 habet,
681 849 738 871 cur
754 840 852 878 igitur
864 839 916 870 hic
931 847 948 870 a
965 839 1059 870 nobis
1140 839 1243 870 lucem
1264 839 1447 870 emittitur?
1463 840 1524 870 Cur
1547 840 1644 870 etiam

25 892 136 923 Graece
149 892 324 923 duntaxat?
338 893 371 922 In
390 892 493 923 lucem
511 891 562 922 hic
580 892 682 922 emitti
697 891 889 931 respondeo,
906 891 1057 930 primum,
1072 891 1158 930 quod
1176 891 1244 922 viro
1261 900 1337 922 sane
1350 891 1537 921 doctissimo
1560 891 1648 921 visus

23 942 125 974 fuerit
143 951 215 974 esse
233 943 484 982 Theophylacti;
509 951 614 982 neque
639 947 725 974 certo
747 942 857 982 aliquo
877 942 1110 982 perspicuoque
1129 947 1318 981 argumento
1342 941 1446 972 refelli
1461 941 1561 980 possit
1590 942 1647 971 ist-

24 992 90 1023 liaec
105 992 232 1032 opinio.
247 993 277 1023 2.
293 992 374 1029 Quia
394 1001 522 1031 aequum
537 1000 600 1023 non
617 992 744 1029 censui,
761 991 979 1031 apographum
996 991 1083 1022 istud
1100 991 1234 1022 omnino
1251 991 1405 1027 interire;
1424 991 1545 1030 quippe
1561 990 1646 1030 quod

27 1051 97 1072 esse
111 1042 250 1073 fortasse
266 1043 380 1081 poterit
395 1042 493 1073 alicui
515 1042 654 1082 posteris
677 1042 764 1079 usui,
794 1041 1067 1082 quemadmodum
1090 1041 1168 1072 milii
1189 1050 1252 1072 non
1269 1041 1470 1077 inutilcfuit,
1497 1044 1530 1070 ut
1556 1041 1649 1070 Cum-

29 1090 182 1122 mentarii
201 1092 341 1123 Vaticani
366 1091 415 1132 (de
438 1101 504 1132 quo
525 1091 646 1123 dictum
668 1096 716 1123 est
731 1092 843 1131 supra)
867 1091 1032 1131 exemplar
1049 1092 1254 1123 emendarem
1286 1095 1382 1130 atque
1395 1091 1592 1129 supplerem.
1611 1090 1648 1119 Et

24 1143 161 1182 quidem
177 1144 282 1183 quoad
300 1144 370 1184 ejus
381 1144 494 1175 attinet
506 1153 615 1182 usum,
634 1144 774 1175 breviter
790 1143 987 1183 patefaciam,
1001 1143 1088 1183 quod
1106 1143 1184 1174 milii
1202 1152 1277 1174 eum
1295 1141 1495 1182 percurrenti
1512 1141 1597 1171 venit
1616 1140 1647 1170 in

26 1197 171 1224 mentem
193 1202 201 1224 :
222 1194 374 1224 nimirum
390 1203 429 1224 ex
447 1194 549 1225 tribus
566 1195 654 1226 hisce
672 1195 705 1225 in
720 1195 799 1224 Acta
817 1194 993 1232 apostolica
1016 1193 1274 1229 Commentariis,
1297 1201 1378 1232 quos
1395 1193 1544 1222 volumen
1564 1190 1647 1220 istud

24 1244 254 1283 complectitur
273 1244 461 1283 (praesertim
479 1245 508 1275 si
533 1244 752 1283 Ctirysostomi
779 1244 876 1275 fOntis
899 1244 1043 1275 omnium
1061 1244 1213 1282 prwcipui
1237 1243 1459 1274 adnotationes
1479 1241 1647 1276 addant-ar)

24 1296 207 1335 perfectum
223 1297 333 1327 conﬁci
353 1304 458 1335 posse,
480 1296 729 1336 absolutumque
744 1297 776 1327 in
790 1296 898 1327 eadem
918 1296 993 1326 Acta
1018 1295 1305 1329 Commentarium;
1321 1303 1392 1325 cum
1416 1294 1535 1333 singuli
1554 1297 1647 1324 cmte-

24 1347 147 1385 roquin
164 1346 249 1377 haud
265 1355 376 1386 parum
395 1346 503 1385 procul
516 1346 581 1377 sint
594 1356 609 1377 a
626 1347 732 1378 debita
749 1346 956 1386 perfectione.
972 1347 1091 1377 Poterit
1105 1346 1202 1385 igitur
1216 1346 1377 1385 quispiam
1397 1354 1436 1377 ex
1453 1346 1589 1384 singulis
1607 1354 1645 1376 ea

23 1407 94 1437 quas
110 1398 151 1429 ad
172 1407 238 1430 rem
254 1399 391 1429 maxime
406 1398 540 1435 faciunt,
557 1398 716 1438 seligendi
733 1407 841 1430 curam
864 1398 1070 1437 laboremque
1094 1397 1260 1435 suscipere
1278 1408 1286 1429 :
1306 1407 1401 1437 quem
1418 1397 1499 1429 forte
1519 1401 1645 1436 egomet

23 1448 258 1487 suscepissem,
281 1447 344 1478 nisi
371 1447 452 1484 alim,
469 1447 589 1485 quibus
606 1447 776 1484 distrahor,
793 1456 876 1478 curae
888 1451 919 1478 et
933 1448 1127 1478 valetudinis
1140 1447 1342 1478 imbecillitas
1354 1447 1583 1478 inhibuissent.
1603 1449 1648 1477 En

22 1499 128 1537 igitur
145 1499 240 1536 ratio,
255 1508 313 1530 cur
330 1499 421 1529 illum
438 1499 606 1530 ediderim.
625 1500 731 1530 Grmce
745 1503 852 1530 autem
869 1503 990 1530 tantum
1006 1498 1105 1534 edidi,
1122 1498 1197 1538 quia
1214 1507 1251 1529 ex
1270 1507 1331 1529 uua
1350 1503 1436 1538 parte
1448 1498 1649 1529 levissimum

22 1552 71 1579 cst
86 1549 342 1581 fundamentum
360 1551 587 1581 Commentarii
615 1551 712 1590 hujus
736 1550 975 1589 Theophylarto
997 1549 1206 1589 adjudicandi
1225 1560 1232 1579 :
1250 1559 1289 1581 ex
1306 1550 1403 1581 altera
1428 1550 1649 1588 veroexposi-

22 1600 134 1630 tiones
157 1598 230 1637 ejus
248 1599 408 1638 pleraeque
422 1599 455 1629 in
472 1599 625 1631 alterutro
642 1609 681 1631 ex
699 1600 752 1637 iis,
773 1601 829 1640 qui
849 1599 1024 1630 voluminis
1046 1599 1145 1639 hujus
1164 1599 1258 1630 initio
1285 1600 1436 1639 impressi
1460 1605 1548 1637 sunt,
1568 1600 1649 1630 Sifa-

22 1648 123 1678 niano
136 1647 273 1683 scilicct,
291 1652 321 1677 et
335 1646 499 1684 Vaticano,
518 1655 580 1678 non
594 1648 689 1679 modo
703 1649 808 1688 quoad
825 1656 973 1684 sensum,
997 1648 1052 1679 sed
1069 1649 1165 1679 etiam
1181 1648 1287 1688 quoad
1304 1649 1401 1679 verba
1428 1657 1652 1687 saepenumero

22 1700 154 1730 insunt.
173 1698 257 1729 Hinc
273 1698 411 1737 pretium
428 1707 534 1738 operm
551 1699 682 1730 minime
705 1708 776 1731 esse
793 1699 918 1736 censui,
939 1708 1058 1730 novum
1073 1700 1160 1731 hunc
1180 1701 1291 1732 subire
1306 1700 1459 1738 laborem,
1478 1705 1508 1732 et
1523 1701 1650 1740 aliquo-

27 1758 101 1781 rum
120 1749 310 1780 accessione
325 1747 477 1780 foliorum
494 1746 583 1779 nu'lla
601 1750 832 1788 propemodum
853 1749 992 1780 utilitate
1009 1750 1160 1781 volumen
1178 1750 1239 1781 hoc
1254 1758 1402 1781 onerare.

65 1798 204 1829 XLVII.
222 1797 374 1834 Quamvis
387 1803 493 1829 autem
511 1799 782 1830 Commentarium
807 1799 892 1830 hunc
909 1799 1018 1830 Latine
1035 1807 1099 1829 non
1122 1800 1285 1837 verterim,
1305 1809 1369 1831 non
1396 1800 1470 1832 ideo
1491 1804 1594 1831 tamen
1614 1803 1653 1832 ab

25 1850 122 1881 omni
140 1849 176 1879 in
192 1856 230 1880 eo
245 1848 372 1880 edendo
384 1848 491 1880 labore
506 1858 554 1880 me
570 1848 706 1879 absolvi.
724 1850 867 1880 Lacunas
884 1849 983 1885 enim,
999 1848 1118 1888 quibus
1136 1849 1353 1888 apograplium
1370 1849 1557 1888 frequenter
1581 1851 1651 1882 hia-

25 1902 79 1932 bat
99 1900 292 1940 (praesertim
316 1900 377 1931 sub
392 1901 463 1940 ejus
478 1900 621 1940 initium)
638 1900 769 1939 explere
796 1908 852 1940 pro
868 1900 990 1931 viribus
1008 1900 1132 1930 studui.
1158 1902 1196 1931 Et
1214 1901 1309 1931 initio
1325 1901 1469 1941 quidem,
1494 1902 1548 1932 ubi
1570 1905 1654 1942 spis-

21 1952 134 1982 siores
151 1951 277 1981 lacuum
292 1955 393 1987 erant,
413 1950 489 1981 mihi
509 1950 542 1981 in
556 1950 636 1981 hanc
653 1959 719 1981 rem
739 1951 938 1981 incumbenti
956 1950 1215 1989 percommodum
1229 1950 1290 1981 fuit
1309 1951 1434 1982 Catenae
1455 1950 1653 1983 Oxoniensis

23 2003 56 2034 in
72 2002 194 2033 eadem
221 2002 295 2032 Acta
318 2001 468 2040 primum,
492 2001 579 2041 quod
604 2001 759 2032 habebam
783 2010 847 2040 PMB
865 2001 1027 2038 manibus,
1047 2001 1161 2032 folium
1179 2012 1187 2032 :
1208 2010 1281 2033 cum
1309 2002 1374 2040 ipsa
1395 2003 1516 2042 quippe
1537 2004 1653 2034 Catena

20 2050 252 2092 apograpbum
269 2059 376 2081 meum
396 2051 442 2081 sic
457 2051 539 2081 inibi
555 2051 730 2082 convenire
754 2051 966 2090 deprehendi,
984 2056 1018 2082 ut
1044 2051 1129 2081 idem
1153 2060 1222 2082 esse
1238 2061 1320 2090 opus
1339 2052 1514 2088 videretur,
1534 2053 1595 2083 nisi
1613 2063 1652 2084 ex

22 2108 194 2142 pOstrema
208 2102 297 2133 illius
314 2106 412 2142 parte,
428 2106 521 2141 atque
539 2111 577 2133 ex
593 2103 722 2134 duobus
738 2103 822 2140 aliis,
838 2112 911 2142 qum
937 2103 1014 2133 mihi
1031 2111 1162 2134 cernere
1183 2102 1287 2137 licuit,
1313 2103 1383 2142 ejus
1409 2103 1496 2134 foliis
1520 2103 1653 2135 omnino

21 2154 271 2194 cognovissem,
291 2154 438 2184 Catenam
455 2153 676 2184 Oxoniensem
691 2155 790 2184 multa
808 2153 989 2192 complecti,
1006 2163 1079 2193 qum
1100 2154 1133 2184 in
1149 2153 1335 2184 Florentino
1350 2154 1587 2186 Commentario
1599 2155 1655 2185 de-

22 2205 233 2235 siderantur.
249 2203 410 2234 Posterior
426 2204 486 2234 iste
503 2203 638 2235 fortasse
659 2207 829 2242 excerptus
848 2207 895 2234 est
917 2211 955 2233 ex
970 2203 1023 2233 illa
1051 2204 1169 2242 priore.
1194 2203 1239 2233 Ad
1264 2203 1447 2234 sarciendas
1472 2213 1559 2242 vero,
1583 2213 1656 2244 qum

23 2258 245 2286 oitcurrerent
260 2255 292 2286 in
315 2263 500 2294 progressu,
518 2254 648 2286 lacunas
661 2255 816 2286 alterutro
839 2263 878 2285 ex
891 2254 1137 2285 Commentariis
1151 2254 1321 2293 praedictis,
1340 2254 1502 2285 Sit‘auiano
1518 2255 1652 2289 scilicet,

23 2310 55 2337 et
75 2305 253 2341 Vaticano,
270 2305 326 2335 sed
343 2305 488 2336 omnium
505 2305 770 2344 frequentissime
785 2312 900 2344 magno
917 2304 1146 2343 Chrysostomo
1163 2313 1242 2335 usus
1258 2309 1391 2341 sum;et
1407 2313 1443 2336 ea
1459 2305 1590 2345 quidem
1604 2305 1653 2335 fe-

24 2357 173 2393 licitate,
194 2361 227 2387 ut
245 2366 284 2388 ex
302 2357 461 2396 plurimis,
478 2366 550 2397 qum
567 2357 692 2388 inerant
708 2361 813 2394 antea,
829 2356 952 2387 lacunis
969 2365 1030 2386 uua
1052 2360 1186 2392 tantum,
1203 2357 1252 2387 vel
1273 2356 1370 2387 altera
1392 2357 1552 2395 inexpleta
1578 2355 1656 2386 mihi

25 2407 240 2440 remanserit.
270 2407 373 2438 Verba
399 2415 415 2438 a
439 2408 535 2439 nobis
561 2407 668 2438 addita
694 2416 733 2438 cx
766 2407 883 2446 signis,
907 2406 1027 2445 quibus
1052 2406 1098 2436 uti
1122 2406 1154 2436 in
1178 2407 1342 2438 similibus
1366 2407 1521 2443 solemus,
1545 2407 1656 2437 Lector

24 2461 202 2499 agnoscet.
217 2458 263 2488 Ad
281 2457 399 2489 calcem
414 2457 654 2494 Commentarii,
670 2465 709 2488 ne
726 2457 851 2497 integra
870 2457 985 2497 pagina
1001 2455 1135 2487 omnino
1153 2465 1248 2487 vacua
1264 2462 1453 2495 remaneret,
1477 2457 1515 2487 ab
1531 2466 1569 2488 co
1587 2457 1656 2489 loco

24 2518 103 2548 pag.
120 2507 194 2542 629,
211 2507 271 2539 col.
284 2508 316 2545 2,
333 2512 423 2540 Ἐστὶν
434 2510 504 2539 οὖνὸ
520 2513 573 2545 πᾶς
593 2513 698 2549 χρόνος,
717 2516 772 2547 rog

907 2506 1037 2546 ographi
1057 2507 1159 2546 adjeci
1179 2509 1284 2544 verba,
1303 2509 1423 2548 quibus
1441 2510 1553 2550 Catena
1568 2510 1654 2540 Oxu-

23 2558 162 2589 niensis
179 2557 368 2589 absolvitur.
386 2560 496 2598 Neque
515 2559 547 2589 id
566 2559 691 2590 Lectori
709 2558 921 2598 injucundum
938 2558 1005 2588 fore
1016 2557 1140 2587 conlido
1157 2557 1223 2588 :sir.
1236 2559 1323 2588 enim
1338 2559 1507 2598 prmdiclae
1520 2561 1652 2593 Catena;

23 2615 130 2647 quam
143 2608 439 2647 prastantissimam
454 2608 593 2647 appellat
609 2609 778 2640 Fabricius
792 2608 824 2639 in
842 2607 927 2638 Bibl.
945 2607 1066 2643 Greca,
1086 2606 1216 2638 initium
1233 2607 1354 2638 tenebit
1373 2612 1403 2639 et
1419 2609 1526 2641 ﬁnem.

723 2659 863 2690 SECTIO
886 2658 971 2690 XIII.

456 2711 501 2741 De
522 2711 677 2750 Epistolis
701 2721 720 2740 α
742 2712 883 2742 Meurst'o
908 2711 1011 2748 editis,
1035 2716 1063 2741 et
1085 2721 1104 2740 α
1127 2711 1242 2741 Lamia.

71 2762 223 2793 XLVIII.
246 2761 340 2792 Ferte
370 2762 537 2793 mirabitur
559 2765 681 2801 Lector,
715 2764 800 2803 quod
833 2763 900 2794 istm
925 2763 1070 2802 epistolis
1095 2763 1133 2793 ab
1161 2761 1232 2792 aliis
1259 2761 1373 2800 viginti
1398 2762 1551 2802 sejunctae
1582 2763 1657 2795 huic

21 2813 169 2844 editioni
189 2814 309 2843 fuerint
333 2813 477 2851 insertm,
496 2824 569 2845 cum
600 2824 694 2846 nemo
725 2824 788 2846 non
812 2816 927 2850 rideat,
945 2814 1122 2845 naturalem
1149 2813 1294 2844 ordinem
1320 2813 1500 2852 postulasse
1526 2819 1559 2845 ut
1575 2823 1652 2845 cou-

17 2863 168 2903 juuctim
190 2864 364 2894 ederentur
381 2872 503 2895 omnes.
525 2866 658 2896 Consilii
678 2866 783 2903 itaque
807 2865 906 2896 nostri
934 2865 1011 2896 lianc
1036 2865 1189 2896 rationem
1217 2863 1340 2895 habeto,
1370 2864 1528 2903 Principio
1554 2863 1656 2901 fuerat
