1897 3052
250 117 284 148 75
739 113 933 145 BONlFAClI
948 115 999 144 ,ΕΗ

1129 114 1338 145 PREFATIO.
1823 111 1875 142 47G

231 169 508 209 constitututn,lut
528 168 641 207 viginti
663 167 818 199 duntaxat
835 169 1065 210 TbeOphylacti
1089 170 1234 209 epistolae
1250 170 1309 200 hoc
1330 170 1363 199 in
1388 169 1552 201 volumine
1568 169 1679 200 sedem
1695 169 1875 200 haberent-

231 229 304 260 quae
328 220 469 250 nondum
497 218 656 258 publicam
682 219 784 248 lucem
801 225 1008 258 aspexerant;
1034 229 1105 251 cum
1132 229 1176 250 eae
1205 224 1328 250 tantum
1349 220 1426 251 huic
1452 220 1547 250 tertio
1571 220 1749 256 volumini,
1781 220 1876 258 quod

230 270 362 302 ineditis
376 268 771 308 Theophylactioperibus
784 270 984 308 vxcipiendis
1012 270 1208 300 destinatum
1225 270 1258 300 in
1283 270 1396 308 primis
1421 273 1499 305 erat.
1519 270 1679 308 explendo
1695 270 1782 300 satis
1802 277 1873 299 esse

232 321 426 355 viderentur,
450 319 582 358 adjectis
611 323 715 349 tamen
740 320 868 350 duobus
895 321 1048 358 operibus
1073 321 1179 352 adhuc
1206 321 1348 356 ineditis,
1379 329 1518 360 quorum
1551 321 1688 350 alterum
1714 319 1879 356 Parisiis,

231 371 366 401 alterum
386 369 549 399 Florentia
572 369 843 407 praestolabamur.
866 371 926 400 Sed
946 371 1084 409 primum
1103 371 1181 401 illud
1195 380 1279 409 saepe
1295 371 1502 409 promissum,
1523 379 1687 409 nunquam
1705 369 1879 408 perlatum

230 419 267 450 ad
294 427 351 449 nos
374 423 432 449 est.
460 418 604 449 Alterum
634 419 764 458 quidem
781 420 983 458 accepimus;
1013 421 1069 451 sed
1100 421 1180 451 illud
1210 420 1484 458 perpendentihus
1511 419 1603 450 nobis
1634 427 1697 449 non
1718 419 1881 456 suspi-io

229 470 393 505 duntaxat,
424 469 478 499 sed
513 473 595 499 certa
621 470 788 507 persuasio
806 469 935 506 insedit,
955 469 992 500 ad
1011 469 1287 508 TheOpbylactum
1306 469 1493 500 nullatenus
1518 468 1689 506 pertinere.
1706 469 1774 498 Nos
1799 476 1880 496 vero

231 521 262 550 in
288 528 427 550 errorem
451 520 658 559 perduxerat,
687 529 758 560 quas
784 521 868 559 apud
905 521 1191 552 Montefalconium
1219 521 1336 560 legitur
1364 521 1396 550 in
1428 519 1579 551 Biblioth.
1607 520 1882 550 bibliothecarum

229 576 252 601 t.
272 573 296 606 Ι,
317 580 387 610 pag.
407 572 457 608 35,
483 572 651 603 imminuta
679 572 857 611 inscriptio,
880 581 950 611 quae
981 572 1152 611 sequitur:
1177 573 1354 602 Threnodia
1372 580 1468 610 super
1493 571 1588 601 beatw
1622 571 1784 600 memoria?
1806 572 1878 599 tiro

232 622 271 651 D.
289 622 533 660 Theophylacto.
549 621 675 652 Scilicet
692 621 853 661 ejusmodi
870 621 984 652 titulus
1014 630 1072 652 nos
1099 625 1245 652 erexerat
1272 621 1304 652 in
1321 630 1423 660 spem.
1446 619 1664 654 Threnodz’um,
1681 620 1722 650 de
1736 628 1806 657 qua
1828 619 1882 648 hic

231 681 349 709 sermo,
367 682 470 712 genus
486 673 616 712 aliquod
631 674 786 704 orationis
803 673 949 704 funebris
967 673 1088 703 essein
1107 672 1388 712 'l‘beopbylactum
1405 672 1465 711 jam
1487 675 1665 703 mortuum.
1695 680 1773 710 qua:
1801 670 1882 700 huic

236 723 392 754 volumini
414 733 449 755 ea
470 725 593 755 ratione
612 724 707 755 inseri
724 729 844 764 posset,
863 725 948 764 quod
966 724 1075 764 aliqua
1092 733 1129 754 ex
1147 724 1246 763 gestis
1273 724 1513 762 virtutibusque
1546 722 1592 760 (ut
1619 722 1650 752 in
1677 722 1882 760 huju-‘modi

231 775 432 806 orationibus
458 777 601 807 accidere
616 777 710 816 solet)
738 777 828 808 illius
855 777 992 808 celebris
1015 776 1250 815 archiepiscopi
1285 776 1565 814 complecteretur.
1593 778 1632 806 At
1672 774 1740 805 sola
1776 773 1882 803 lectio

231 823 423 863 epigraphes
453 826 643 863 exemplaris
673 827 710 856 ad
742 833 802 856 nos
832 825 1007 856 transmissi
1055 825 1093 855 ab
1126 826 1213 856 omni
1249 825 1382 856 omnino
1415 835 1471 865 spe
1504 830 1534 856 et
1562 829 1786 864 praeertneepta
1819 833 1878 853 nos

232 874 387 912 opinione
405 876 540 916 dejecit;
558 876 600 906 ita
618 876 702 906 enim
723 885 756 905 se
777 875 871 906 habet
888 887 896 905 :
913 881 981 916 Θρηκ,

1143 881 1182 916 τῷ
1205 881 1349 916 μακαρίτῳ
1364 880 1441 916 κῦρῳ
1463 880 1644 915 Θεοφυὶάκτῳ
1671 880 1710 915 τῷ
1736 881 1878 906 Balteu-

234 929 311 964 ρίτῳ,
332 925 525 956 Lamentalio
545 935 641 965 super
658 926 759 966 felicis
782 926 937 955 memerita
960 927 1028 957 viro
1057 926 1182 956 domino
1209 926 1439 965 Theophylactu
1469 926 1667 956 Belissarilo.
1693 927 1799 956 Porro
1831 926 1879 956 vel

234 977 340 1015 ipsum
366 977 545 1008 Belissariti
563 986 741 1016 cognomen
769 979 846 1008 satis
873 978 984 1017 procul
1014 978 1113 1009 dubio
1130 978 1256 1015 ftiis5n.-t,
1285 984 1318 1009 ut
1340 978 1613 1017 Theophylactum
1635 979 1722 1008 hunc
1753 987 1772 1008 a
1797 976 1880 1007 Bul-

233 1035 382 1065 garorum
401 1027 643 1066 archiepiscopo
661 1036 917 1065 secerneremus,
933 1028 1060 1059 etiamsi
1083 1037 1156 1068 quae
1179 1028 1386 1059 continentur
1412 1029 1443 1058 in
1474 1029 1531 1059 hac
1552 1029 1696 1059 oratione
1730 1028 1877 1066 lugubri

232 1078 342 1117 aliquo
369 1078 464 1109 modo
485 1077 624 1108 fuissent
649 1077 809 1116 ambigua.
825 1079 884 1108 Sed
913 1082 943 1109 el
957 1087 1007 1109 res
1032 1079 1063 1109 in
1091 1079 1158 1118 ipsa
1186 1083 1344 1109 contente:
1365 1078 1640 1118 Theopbylactum
1663 1077 1830 1109 exhibent
1864 1084 1878 1106 a

234 1131 345 1158 nostro
367 1127 459 1166 plane
479 1127 643 1157 diversum
659 1137 666 1156 :
680 1129 742 1156 tota
763 1126 847 1156 enim
867 1127 1064 1164 impenditur
1078 1128 1112 1158 in
1129 1127 1328 1165 deplorando
1347 1128 1519 1159 immaturo
1541 1129 1674 1165 juvenis
1693 1128 1871 1166 cujusdam

234 1176 353 1207 nobilis
375 1175 519 1212 interitu,
538 1176 591 1215 qui
609 1183 680 1205 cum
698 1175 827 1214 generis
851 1175 1027 1212 nobilitate,
1048 1179 1114 1206 tum
1133 1176 1288 1206 virtutum
1304 1181 1491 1207 ornamento
1515 1179 1681 1216 prmstabat
1703 1190 1709 1208 :
1745 1178 1876 1217 quique

233 1227 309 1257 dum
326 1226 460 1257 Athenis
477 1226 584 1257 studio
600 1235 727 1265 operam
743 1228 841 1264 daret,
861 1227 1009 1259 faucibus
1023 1229 1140 1268 angina
1154 1229 1350 1265 interclusis,
1369 1230 1518 1269 migravit
1537 1241 1554 1260 e
1581 1231 1655 1266 vita,
1681 1231 1766 1261 datis
1795 1235 1870 1260 ante

234 1277 384 1318 pluribus
404 1278 533 1316 pietatis
550 1277 693 1308 indiciis.
720 1279 801 1309 Eum
821 1279 917 1317 igftur
933 1279 1038 1310 solum
1062 1289 1102 1310 ex
1127 1280 1186 1310 hoc
1206 1281 1365 1319 opusculo
1380 1280 1518 1311 fructum
1540 1281 1657 1312 referre
1687 1286 1873 1317 potuerunt

233 1334 399 1360 curatores
416 1329 547 1359 istiusce
561 1329 721 1367 editionis,
740 1333 775 1359 ut
792 1329 890 1368 magis
904 1330 1070 1369 magisque
1085 1335 1279 1370 perspectam
1297 1331 1449 1361 omnibus
1472 1335 1682 1370 teslalamque
1696 1331 1876 1362 redderent

235 1381 449 1421 diligentiam,
467 1389 530 1419 qua
556 1380 604 1410 usi
629 1384 717 1416 sunt,
743 1381 910 1410 maximam
939 1380 970 1410 in
998 1380 1232 1420 conquirendis
1256 1381 1412 1420 undique,
1442 1381 1530 1411 nulla
1570 1386 1719 1420 sumptus
1747 1383 1876 1413 ratione

236 1433 354 1467 habita.
374 1430 528 1470 operibus
553 1431 590 1461 ad
615 1429 890 1470 Theophylactum
918 1434 1063 1460 nostrum
1090 1430 1334 1470 quomodolibet
1377 1431 1626 1470 pertinentibus.
1656 1433 1735 1463 Cum
1773 1434 1875 1472 igitur

236 1482 335 1521 hujus
351 1481 551 1519 alteriusque
568 1480 694 1511 defectu
707 1480 813 1518 operis
833 1488 897 1510 non
919 1488 1016 1518 pauca
1035 1480 1187 1510 deessent
1204 1480 1282 1511 folia
1298 1480 1336 1511 ad
1354 1481 1562 1518 prtestitulam
1579 1481 1677 1521 hujus
1695 1483 1876 1513 voluminis

238 1532 365 1568 molem,
386 1534 559 1562 .curatores
591 1528 746 1569 praedicti,
785 1528 954 1568 impressis
988 1529 1051 1568 jam
1079 1529 1225 1567 epistolis
1255 1529 1388 1568 viginti,
1427 1534 1458 1559 et
1489 1531 1597 1561 Graeco
1631 1532 1877 1563 Commentario

236 1581 442 1620 insequente,
470 1580 644 1612 consilium
677 1578 882 1618 capessivere
917 1579 965 1618 (ad
999 1579 1099 1610 alium
1127 1583 1248 1609 tomum
1275 1583 1436 1610 reservato
1467 1588 1582 1620 opere,
1613 1582 1700 1619 quod
1735 1582 1876 1613 Palisiis

238 1631 471 1670 prmstolantur)
488 1629 661 1669 adjiciendi
685 1630 779 1660 etiam
799 1629 953 1668 epistolas
971 1637 988 1659 a
1015 1629 1157 1659 Meursio
1179 1633 1209 1659 et
1232 1629 1342 1659 Lamio
1362 1628 1475 1666 editas,
1499 1638 1538 1660 ne
1556 1633 1662 1660 tomus
1691 1631 1753 1662 iste
1779 1642 1876 1672 a‘quo

239 1682 366 1712 brevior
388 1681 554 1717 evaderet;
581 1679 745 1718 simulque
770 1679 932 1710 celeritate
957 1687 1081 1710 summa
1104 1679 1237 1709 curandi
1258 1679 1368 1718 ipsius.
1397 1679 1658 1718 impressionem,
1688 1690 1727 1712 ne
1758 1683 1876 1713 erudi-

240 1736 347 1762 torum
374 1735 444 1761 vota
471 1731 594 1762 diutius
620 1729 843 1770 fatigarentur.
869 1730 952 1760 Hinc
973 1737 1049 1761 vero
1065 1729 1132 1768 _boc
1157 1729 1262 1760 solum
1287 1729 1483 1761 incommodi
1514 1731 1629 1762 accidit
1653 1731 1755 1771 (quod
1788 1735 1875 1764 enini

238 1783 397 1823 ejusmodi
416 1783 560 1822 epistolae
575 1784 613 1814 ab
629 1783 702 1814 aliis
718 1783 871 1822 sejunch
888 1784 1058 1822 prodeant,
1076 1790 1135 1821 pro
1159 1781 1260 1813 nihilo
1289 1781 1469 1814 habendum
1488 1791 1557 1814 esse
1585 1792 1602 1814 a
1629 1784 1707 1814 viris
1729 1786 1876 1823 pruden-

238 1836 325 1866 tibus
342 1835 429 1875 puto)
446 1835 532 1875 quod
550 1825 772 1866 Maritieriante
793 1833 954 1865 versionis
973 1833 1246 1870 emendationem,
1267 1842 1362 1873 quam
1397 1834 1529 1873 aggredi
1555 1842 1591 1865 ac
1615 1835 1771 1873 perﬁcere
1796 1840 1874 1865 stan

239 1891 384 1926 tempore
404 1885 648 1923 constitueram,
673 1889 764 1924 capto
786 1893 802 1915 a
833 1884 1038 1915 curatoribus
1062 1893 1146 1915 novo
1173 1884 1405 1924 inopinathue
1436 1887 1586 1923 consilio,
1610 1891 1641 1917 et
1676 1896 1710 1917 re
1735 1887 1874 1918 maxime

238 1940 417 1975 properata,
441 1941 589 1975 prmstare
610 1944 673 1966 non
693 1935 864 1974 potuerim.
885 1936 922 1965 At
939 1935 1121 1966 versionem
1146 1935 1230 1966 illam
1249 1935 1449 1967 tolerabilem
1470 1937 1508 1967 ad
1529 1938 1636 1968 minus
1655 1946 1743 1974 esse,
1763 1939 1815 1970 vel
1839 1948 1873 1969 ex

238 1997 277 2020 eo
299 1988 374 2018 mihi
396 1989 586 2028 persuadeo,
609 1988 696 2027 quod
724 1987 866 2024 Lamius,
892 1987 941 2017 vir
968 1987 1190 2023 doctissimus,
1215 1987 1382 2027 Graecique
1406 1988 1566 2019 idiomatis
1579 1988 1817 2027 peritissimus,
1843 1990 1871 2019 in

238 2041 357 2072 celebri
374 2041 515 2072 editione
532 2040 727 2076 Meursiana,
745 2040 796 2071 cui
813 2043 940 2080 prmest,
958 2048 1026 2070 eam
1055 2040 1215 2075 collocare
1233 2048 1297 2070 non
1315 2039 1481 2071 dubitarit.
1500 2039 1624 2070 Nullam
1646 2040 1750 2079 igitur
1769 2041 1804 2071 in
1828 2042 1872 2071 his

239 2093 373 2124 edendis
391 2094 539 2131 epistolis
557 2093 626 2132 ipse
644 2101 773 2131 operam
792 2092 898 2129 posui,
919 2092 1065 2131 adeoque
1093 2091 1174 2122 nihil
1202 2092 1242 2122 de
1267 2090 1382 2122 iisdem
1405 2096 1553 2130 superest
1579 2091 1658 2121 mihi
1685 2092 1868 2122 dicendum.

239 2146 277 2175 Et
292 2145 358 2175 hinc
372 2145 476 2184 quoad
494 2145 640 2184 singulas
655 2145 753 2184 hujus
771 2144 947 2175 voluminis
965 2148 1080 2183 partes.
1101 2145 1193 2175 Nunc
1220 2151 1320 2182 pauca
1347 2143 1385 2174 de
1405 2143 1556 2174 versione
1584 2151 1665 2179 mea,
1687 2143 1869 2182 additisque

242 2195 338 2232 notis,
363 2199 533 2234 antequam
552 2195 770 2226 Praefationem
787 2195 932 2232 absolvo,
948 2194 1086 2234 adjicere
1105 2194 1205 2225 lubet.

281 2256 399 2287 XLlX.
424 2257 506 2287 Usus
523 2265 593 2287 sum
614 2257 763 2288 liberiore
778 2257 940 2288 versionis
964 2265 1100 2296 genere;
1129 2264 1192 2287 non
1214 2256 1358 2295 quidem,
1388 2260 1424 2287 ut
1443 2264 1512 2287 eam
1539 2256 1710 2286 redderem
1742 2257 1870 2295 elegan-

244 2306 371 2345 tiorem,
391 2307 444 2336 sed
468 2311 500 2337 ut
517 2307 685 2338 clariorem
703 2308 871 2346 magisque
891 2309 1106 2347 perspicuam.
1125 2307 1251 2338 Etenim
1270 2307 1306 2337 in
1332 2315 1368 2337 ea
1395 2315 1522 2345 semper
1542 2306 1703 2336 sententia
1719 2305 1784 2339 fui,
1806 2313 1869 2335 eum

243 2357 326 2388 haud
346 2357 485 2395 perfecte
510 2357 600 2397 fungi
627 2358 810 2398 interpretis
831 2367 976 2393 munere,
1004 2358 1061 2397 qui
1098 2362 1243 2388 accurate
1268 2358 1400 2397 quidem
1422 2359 1519 2388 verba
1544 2357 1718 2388 transferre
1747 2357 1868 2395 satagit,

243 2409 382 2442 auctoris
400 2417 475 2439 vero
489 2418 623 2440 sensum
644 2410 818 2441 obscurum
837 2410 1004 2450 relinquit.
1024 2411 1126 2449 Hujus
1152 2410 1313 2449 siquidem
1338 2409 1584 2448 explicationem
1602 2408 1817 2448 potissimum
1837 2408 1867 2438 ad

244 2459 447 2499 interpretem
471 2460 644 2498 pertinere,
672 2464 754 2499 patet
784 2462 833 2491 vel
861 2470 900 2492 ex
931 2469 970 2491 eo
1000 2461 1086 2499 quod
1116 2460 1137 2489 ii
1163 2460 1258 2491 etiam
1282 2460 1338 2499 qui
1365 2460 1543 2500 cujuSpiam
1565 2459 1708 2489 auctoris
1740 2467 1866 2490 sensum

244 2509 367 2543 tametsi
381 2503 420 2539 ’ἷτι
450 2510 559 2540 eadem
590 2510 712 2549 lingua,
738 2511 906 2542 clariorem
935 2511 1084 2547 reddunt,
1114 2510 1240 2541 soleant
1268 2511 1456 2550 interpretes
1486 2510 1653 2549 appellari.
1679 2510 1868 2550 Plerumque

245 2559 345 2599 igitur
373 2559 406 2589 in
441 2559 472 2589 id
506 2561 727 2591 tantummodo
762 2561 914 2597 laboravi,
933 2565 967 2591 ut
983 2569 1114 2591 sensum
1131 2568 1228 2599 quem
1243 2560 1386 2591 auctoris
1406 2560 1502 2590 verba
1517 2558 1710 2598 diligentius
1733 2567 1866 2595 expensa

249 2611 415 2642 continere
431 2611 559 2648 censui,
586 2611 708 2650 phrasi,
737 2611 843 2650 quoad
875 2611 976 2650 potui,
1007 2610 1155 2647 clariore,
1182 2610 1355 2649 verbisque
1378 2609 1646 2649 tequivalentibus
1674 2609 1866 2640 exhiberem.

248 2659 357 2690 Sicubi
376 2668 450 2691 vero
465 2660 606 2691 auctoris
630 2669 721 2691 mens
743 2661 850 2691 minus
867 2665 950 2692 certa
968 2660 1198 2699 explorataque
1218 2659 1296 2690 mihi
1321 2660 1390 2690 visa
1417 2662 1477 2697 est,
1493 2662 1560 2690 tum
1583 2659 1731 2698 pressius
1758 2659 1866 2690 brerere

250 2710 356 2740 verbis
372 2710 554 2741 consultius
574 2710 768 2746 existimavi.
795 2717 888 2741 acuto
918 2709 1041 2742 Lectori
1058 2712 1246 2748 potestatem
1272 2713 1304 2741 ut
1324 2710 1461 2742 facerem
1477 2718 1514 2741 ea
1531 2713 1566 2740 ut
1590 2709 1651 2739 sibi
1671 2709 1866 2747 probabilius

252 2759 415 2789 videretur
436 2759 680 2799 interpretandi.
706 2761 741 2790 In
767 2759 952 2799 hujusmodi
976 2758 1127 2796 scepulos
1148 2759 1247 2789 semel
1272 2763 1302 2789 et
1334 2759 1450 2790 iterum
1478 2758 1578 2789 incidi
1603 2758 1682 2788 dum
1715 2763 1866 2789 verterem

254 2809 423 2846 Epistolas,
448 2818 520 2849 quas
550 2809 626 2841 mihi
655 2809 774 2850 ubique
799 2809 1090 2847 dilliciles,alicubi
1119 2809 1195 2840 visae
1222 2813 1296 2840 sunt
1327 2808 1421 2840 etiam
1441 2809 1518 2841 satis
1544 2809 1701 2840 obscurae.
1725 2809 1866 2841 Fortasse
