1897 3052
27 166 79 197 ᾹΠ
561 165 772 195 LAURENTlI
790 164 919 194 SJFANI
941 165 1147 196 PIUEFATIO.
1615 163 1669 195 ιτξς

28 219 302 259 'l'heophylaclns
335 217 368 250 in
392 219 447 250 eis
473 219 716 250 conscribendis
743 218 879 250 clariore
902 219 986 258 stylo
1016 228 1094 250 usus
1111 228 1173 250 non
1202 223 1260 257 est,
1278 219 1354 259 quia
1377 220 1416 251 ad
1439 219 1614 252 lamiliares
1636 224 1668 252 et

30 262 238 302 domesticos
260 271 419 308 scribens,
438 271 557 302 clarius
573 279 646 302 sese
662 271 824 311 explicare
842 275 896 302 aut
909 271 1052 311 neglexit
1073 276 1127 303 aut
1150 273 1267 304 noluit.
1294 273 1329 303 lu
1358 273 1455 304 variis
1474 274 1552 304 tomi
1572 273 1669 313 hujus

32 324 195 362 cperibus
220 333 237 354 a
263 333 314 355 me
332 324 441 355 Latine
477 324 611 355 redditis
640 325 861 356 diversitatem
890 325 1030 364 aliquam
1061 325 1094 356 in
1134 325 1203 364 ipsa
1220 325 1368 356 versione
1395 324 1530 356 fortasse
1558 326 1670 356 Lector

30 377 191 411 offendet,
220 376 261 407 ita
279 381 311 407 ul
328 379 424 407 modo
448 376 561 416 magis,
579 377 674 408 modo
689 378 797 408 minus
814 377 972 409 elaborata
983 377 1011 408 ei
1030 377 1178 408 videatur
1190 382 1285 416 atque
1302 377 1460 416 expolita;
1474 378 1669 416 quandoque

32 428 128 458 etiam
154 427 276 465 magis,
305 427 502 466 ouanquue
538 427 646 458 minus
673 427 903 467 Theophylacti
932 426 1038 458 verbis
1069 426 1207 457 astricta.
1241 426 1339 465 Cujus
1377 426 1573 458 diversitatis
1599 434 1668 457 eam

31 485 162 508 causam
191 486 265 508 esse
284 481 374 515 sciat,
390 478 476 517 quod
496 486 554 517 ego
571 486 634 508 non
658 478 871 513 continenter,
886 478 942 507 sed
963 485 1018 516 per
1042 476 1126 507 varia
1145 476 1298 514 temporis
1318 475 1494 513 intervalla,
1523 476 1669 515 adeoque

33 532 63 557 et
87 527 178 558 varia
203 532 300 558 utens
324 528 470 567 corporis
493 528 688 562 valetudine.
717 528 878 568 variisque
907 528 994 558 curis
1017 530 1090 562 plus
1121 528 1269 558 minusve
1292 527 1467 564 distentus,
1501 526 1668 557 versiones

35 577 228 617 hujusmodi
246 578 461 609 elucubrarim
492 591 500 611 :
529 579 615 609 unde
635 578 777 618 aliquam
806 578 882 618 styli
914 582 1013 618 atque
1042 578 1316 617 interpretationis
1341 577 1561 608 diversitatem
1589 577 1667 607 oriri

36 636 170 659 necasse
190 629 266 660 fuit.
281 617 396 666 Quoad
410 634 500 660 notas
516 631 641 665 attinet,
662 630 789 661 noverit
804 631 928 667 Lector,
946 639 996 662 me
1013 630 1147 662 minime
1163 630 1195 661 id
1217 629 1360 661 muneris
1377 629 1455 660 mihi
1477 629 1666 668 sumpsisse.

36 686 68 710 ut
84 683 173 713 notis
202 682 244 713 de
261 685 350 713 more
366 681 522 722 subjectis
545 682 775 721 TheOphylacti
796 690 893 721 opera
910 682 1107 713 illustrarem
1127 694 1135 713 :
1153 690 1259 722 neque
1276 681 1364 712 enim
1380 690 1514 712 necesse
1540 681 1571 711 id
1591 684 1669 717 erat,

37 742 141 771 neque
161 741 223 772 per
237 732 467 772 occupationes
484 740 572 762 meas
594 738 624 763 et
643 732 789 771 corporis
809 731 1024 763 valetudinem
1042 736 1194 772 praestare
1208 732 1240 762 id
1269 731 1350 762 mihi
1377 731 1534 762 licuisset.
1559 731 1669 761 Solum

38 783 135 822 isitur
154 788 250 815 notas
271 784 396 823 aliquas
410 783 564 822 Operibus
587 792 604 814 a
623 792 673 815 me
705 783 868 814 translatis
885 783 943 814 hac
962 783 1101 823 illacque
1123 783 1258 823 aspersi,
1285 783 1341 814 ubi
1365 782 1413 813 vel
1444 782 1542 820 major
1562 781 1669 820 aliqua

40 842 155 871 urgere
173 834 356 865 necessitas
374 834 555 871 videbatur,
574 834 620 864 vel
639 838 820 873 proruptum
841 834 976 864 omnino
991 839 1068 871 erat,
1085 835 1172 874 quod
1189 835 1386 865 adnotarem.
1409 832 1491 863 Illud
1510 836 1669 871 postremo

40 883 108 913 loco
124 884 329 914 monendum
350 888 513 923 superest,
528 892 625 915 sacrm
640 884 812 923 Scriptum
830 887 937 914 textus
955 883 1044 922 juxta
1061 883 1242 913 versionem
1258 881 1424 920 Vulgalam
1441 880 1587 911 attulisse
1605 889 1668 914 me,

39 941 70 965 ut
85 935 327 966 Catholicorum
355 936 411 975 qui
437 936 466 966 ei
481 938 601 967 assueti
633 940 721 971 sunt,
743 936 913 966 commodo
940 934 1115 974 praesertim
1143 934 1354 970 inservirem;
1378 938 1474 972 atque
1501 941 1564 963 non
1590 932 1670 963 Novi

39 987 204 1023 duntaxat,
235 986 294 1017 sed
320 986 415 1017 etiam
438 986 565 1016 Veteris
589 986 786 1017 Testamenti
815 986 909 1017 verba
940 985 1105 1017 atterendo
1131 996 1138 1016 :
1168 985 1241 1015 licet
1265 983 1536 1023 Thcophylactus,
1561 987 1670 1022 utpote

39 1038 164 1067 Graecus
195 1040 318 1072 auctor,
337 1035 441 1075 quoad
474 1034 668 1072 secundum,
692 1039 802 1066 utatur
818 1036 967 1066 versione
994 1039 1055 1066 Τῶν
1083 1035 1180 1066 LXX.
1210 1035 1289 1065 Cum
1314 1042 1389 1064 vero
1409 1033 1550 1072 Vulgata:
1577 1033 1671 1064 verba

39 1089 117 1117 adeo
132 1085 304 1117 dill’errent
323 1094 341 1117 a
356 1086 462 1117 verbis
479 1094 534 1124 per
544 1085 820 1126 TheoPhylactum
838 1086 955 1122 allatis,
970 1089 1003 1116 ut
1017 1086 1088 1125 ejus
1114 1085 1168 1117 ﬁni
1190 1084 1324 1116 minime
1343 1088 1557 1115 consentanea
1575 1084 1669 1115 vide-

42 1141 161 1174 rentur,
180 1141 258 1167 tunc
272 1137 416 1176 pressius
443 1144 480 1167 ea
497 1140 619 1166 vertere
637 1135 854 1167 necessarium
873 1136 1007 1167 omnino
1024 1136 1128 1166 visum
1148 1139 1208 1166 est.

79 1187 112 1216 L.
135 1187 206 1217 Jam
230 1194 320 1224 vero,
348 1186 447 1217 lector
475 1187 606 1226 optime,
638 1186 736 1217 habes
765 1186 923 1222 omnium,
955 1195 1028 1226 quia
1056 1191 1161 1217 tomus
1189 1186 1250 1217 iste
1275 1185 1509 1225 complectitur,
1536 1193 1669 1224 operum

43 1234 226 1275 laborisque
244 1244 261 1266 a
279 1244 328 1266 me
342 1236 374 1266 in
391 1243 429 1267 eo
445 1235 601 1275 insumpti
620 1235 791 1266 rationem.
806 1235 917 1272 Quoad
935 1235 1097 1274 duplicem
1121 1235 1207 1266 enim
1225 1235 1376 1270 Indicam,
1392 1235 1536 1265 Gram-um
1553 1241 1667 1270 unum,

5 1286 6 1289 “
43 1286 246 1326 alterumque
260 1286 421 1322 Latinum,
438 1294 521 1325 quos
541 1289 702 1324 postremo
729 1284 800 1316 loco
817 1285 932 1324 adjeci,
957 1285 1036 1316 nihil
1062 1285 1176 1321 habeo,
1200 1285 1287 1324 quod
1304 1284 1418 1318 dicam,
1438 1283 1500 1313 nisi
1518 1290 1566 1312 me
1581 1282 1611 1312 in
1630 1290 1668 1313 eo

44 1343 203 1374 spectasse
221 1337 380 1368 delectum
401 1337 508 1376 potius
523 1345 618 1376 quam
631 1337 768 1374 copiam.
785 1335 870 1366 Nihil
896 1336 991 1366 etiam
1006 1338 1045 1366 de
1071 1335 1294 1375 impressionis
1309 1338 1453 1366 accurata
1470 1331 1669 1365 correctione

45 1387 162 1425 dicam;
176 1388 298 1428 quippe
318 1397 390 1428 quae
410 1389 448 1419 ad
472 1397 522 1419 me
538 1395 602 1418 non
624 1390 758 1426 spectat,
774 1386 832 1417 sed
848 1386 886 1418 ad
902 1395 977 1417 eum
997 1387 1054 1427 qui
1069 1387 1247 1426 specimina
1271 1387 1425 1418 correxit.
1443 1387 1555 1417 Solum
1572 1385 1671 1425 igitur

44 1446 126 1468 nunc
152 1442 317 1477 superest,
345 1442 381 1469 ut
405 1442 434 1468 te
459 1438 555 1469 etiam
578 1441 676 1477 atque
708 1438 802 1468 etiam
833 1444 954 1476 rogem,
986 1445 1092 1468 meum
1121 1437 1207 1468 hunc
1241 1437 1500 1476 qualemcunque
1529 1436 1670 1466 laborem

4 1504 8 1507 -
45 1492 76 1518 ut
91 1488 116 1518 si
135 1488 272 1527 probare
290 1489 422 1520 omnino
437 1497 500 1519 non
531 1488 647 1528 possis,
668 1491 816 1518 conatum
836 1487 948 1518 saltem
981 1495 1087 1518 meum
1111 1495 1204 1527 aequo
1220 1492 1375 1528 gratoque
1399 1488 1507 1519 animo
1523 1487 1670 1528 excipere

4 1554 6 1557 -
45 1539 134 1570 velis.

47 1750 224 1792 Nobilibus,
239 1752 406 1792 generosis
423 1749 871 1792 atque,magnilicisvirisp.
888 1751 993 1781 Marco
1010 1752 1167 1792 etJoanni
1184 1752 1346 1792 Fuccents
1358 1750 1522 1792 fratribus,
1539 1748 1671 1792 Antonii

4 1793 9 1807 ί
83 1789 169 1826 ﬁliis,
184 1788 392 1829 Kirﬁhpergm
411 1794 440 1820 et
456 1788 705 1820 Weissenborni
724 1788 909 1829 baronibus,
927 1793 1001 1829 etc.,
1018 1791 1160 1821 dominis
1187 1790 1257 1821 suis
1282 1789 1481 1821 charissimis
1499 1793 1529 1820 et
1559 1788 1671 1820 amicis

83 1830 229 1866 summis,
252 1827 447 1861 Lduréntius
465 1828 640 1866 SIFANUS,
654 1827 890 1864 Prunsfeldius,
906 1828 936 1858 J.
953 1828 988 1859 U.
1007 1829 1134 1867 Doctor,
1151 1830 1182 1860 ς.
1197 1831 1230 1861 P.
1250 1831 1285 1860 D.

90 1944 156 1973 Cum
185 1946 286 1973 abhinc
309 1945 467 1977 triennium.
496 1946 546 1972 viri
576 1946 713 1980 generosi,
733 1946 872 1974 Arnoldus
894 1946 1106 1977 Bircomanuus,
1130 1946 1337 1983 Agrippinensis
1362 1944 1519 1980 bibliopola,
1536 1945 1586 1972 hoc
1604 1951 1674 1981 opus

49 1993 213 2021 sclioliorum
230 1994 258 2021 in
278 1995 345 2022 Acta
361 1994 512 2030 apostolica
529 1993 582 2021 divi
597 1993 688 2025 Lucae,
706 2001 738 2020 ex
755 1995 865 2022 Austria
887 2003 902 2022 a
925 1994 1080 2022 clarissimo
1096 1994 1156 2021 viro
1176 1994 1207 2022 D.
1222 1994 1327 2022 Joanne
1350 1995 1488 2021 Sambuco
1507 1994 1540 2020 ad
1558 2002 1587 2020 se
1604 1994 1674 2021 mis-

4 2059 5 2064 η
51 2046 117 2070 sum,
132 2040 199 2066 mihi
217 2040 388 2067 exhibuisset
404 2048 411 2066 :
427 2039 500 2074 quod
518 2044 576 2066 erat
593 2039 734 2073 exemplar
746 2040 911 2072 obsoletum,
927 2044 954 2068 et
976 2039 1137 2074 compendio
1154 2040 1306 2067 litterarum
1336 2040 1404 2067 adeo
1422 2040 1579 2067 intricatum
1591 2044 1674 2074 atque

50 2086 234 2119 obscuratum,
249 2091 279 2114 ut
293 2087 326 2114 ab
345 2087 490 2114 admodum
509 2087 604 2122 paucis
617 2086 739 2115 Cotonie
755 2087 807 2122 legi
827 2093 928 2122 posset,
946 2096 1051 2116 mecum
1067 2095 1148 2123 agere
1163 2088 1257 2121 coepit,
1270 2093 1299 2115 ut
1311 2088 1479 2123 susciperem
1493 2088 1552 2123 ejus
1565 2088 1673 2115 descri-

51 2132 124 2160 bendi
139 2135 272 2162 laborem.
288 2135 365 2162 llaud
383 2135 456 2163 enim
476 2135 619 2170 ignorabat
633 2143 676 2162 me
700 2135 765 2162 olim
783 2135 897 2163 Lutetiae
914 2136 1049 2170 ejusmodi
1067 2136 1258 2164 describendis
1274 2137 1392 2163 vetustis
1406 2137 1546 2164 codicibus
1567 2135 1672 2164 Crmcis

4 2208 6 2211 τ
51 2180 235 2214 exercitatum,
252 2181 324 2208 haud
344 2181 458 2208 multum
472 2181 499 2208 in
514 2181 632 2209 lectione
657 2189 718 2209 esse
738 2181 939 2209 laboraturum.
957 2182 1013 2217 Ego
1039 2190 1104 2210 vero
1131 2190 1192 2210 cum
1219 2182 1396 2216 intelligerem
1415 2191 1477 2209 cum
1510 2191 1579 2217 opus
1604 2183 1671 2210 illud

52 2223 138 2252 Grzrce
152 2227 234 2253 simul
250 2231 278 2253 et
293 2226 389 2254 Latine
409 2227 552 2262 divulgare
575 2229 600 2254 in
619 2228 713 2254 animo
727 2228 838 2260 habere,
866 2228 1009 2262 cupiebam
1026 2229 1134 2264 quidem
1155 2232 1181 2255 et
1198 2229 1236 2256 illi
1249 2236 1297 2263 pro
1316 2228 1437 2254 amicitia
1455 2236 1557 2256 morem
1575 2236 1672 2264 gerere

52 2273 73 2293 υι
91 2271 202 2304 publica:
219 2272 332 2300 utilitati
350 2273 497 2301 consulere
513 2282 522 2307 ;
538 2273 584 2301 sed
601 2273 757 2301 deterrebat
773 2282 816 2301 me
832 2282 893 2301 cum
908 2275 1052 2310 scriptura:
1066 2275 1175 2302 exilitas
1192 2275 1280 2302 oculis
1301 2274 1421 2307 inimica,
1440 2279 1496 2301 tum
1516 2276 1669 2310 exemplum

4 2312 9 2330 ί
54 2319 136 2346 minus
151 2320 337 2354 emendatum,
353 2321 503 2356 praesertim
519 2329 581 2348 cum
598 2322 708 2350 deesset
722 2322 796 2349 aliud
818 2323 1005 2357 apographum
1024 2325 1096 2350 unde
1118 2322 1216 2358 corrigi
1237 2322 1319 2357 hujus
1334 2327 1415 2357 atque
1437 2322 1577 2349 emendari
1604 2323 1669 2350 vitia

4 2367 5 2372 ‘
54 2370 165 2394 lassent.
181 2366 287 2401 Itaque,
316 2375 473 2402 quanquam
490 2375 571 2403 a‘gre,
601 2369 727 2396 concessi
746 2373 835 2395 tamen
860 2369 975 2404 petenti,
993 2374 1020 2396 et
1047 2377 1102 2396 rem
1119 2370 1228 2405 suscepi
1251 2378 1258 2398 :
1276 2374 1301 2397 et
1317 2377 1378 2397 cum
1404 2369 1520 2396 vitanda:
1537 2369 1671 2402 pestifera-

4 2412 10 2431 ί
53 2413 212 2447 (alitagionis
228 2420 310 2441 causa
325 2422 368 2440 me
382 2414 408 2440 in
425 2415 540 2449 patriam
553 2422 586 2442 ex
608 2414 677 2442 urbe
691 2415 868 2449 recepissem,
885 2414 956 2449 apud
973 2415 1104 2442 Jacobum
1120 2414 1288 2443 Panltusium
1302 2415 1426 2442 abbatem
1444 2414 1561 2441 cmnobii
1581 2414 1671 2441 Stein-

53 2455 136 2488 veldil,
152 2458 240 2485 virum
258 2463 286 2486 et
310 2458 420 2490 litteris,
437 2463 464 2486 et
483 2459 595 2494 pietate,
624 2464 651 2486 ct
676 2459 819 2494 prudentia
843 2460 1061 2492 ornatissimum,
1078 2460 1129 2487 hoc
1144 2468 1212 2495 opus
1228 2462 1298 2488 haud
1316 2461 1377 2488 sine
1396 2460 1516 2487 maxime
1529 2460 1621 2487 labore
1638 2467 1670 2486 ac

4 2521 8 2529 ,
54 2501 153 2531 laesione
169 2506 312 2534 oculorum
325 2507 458 2542 descripsi
475 2515 482 2537 ;
502 2507 575 2542 quod
594 2508 640 2534 ubi
662 2507 858 2542 transcriptum
876 2507 1059 2535 Bireomanno
1075 2507 1186 2534 tradidi.
1202 2508 1248 2535 llle
1262 2516 1342 2542 porro
1358 2515 1464 2535 mecum
1478 2515 1557 2542 agere
1576 2506 1671 2543 cmpit.

4 2566 10 2580 ,γ
54 2553 79 2574 Ut
95 2552 161 2584 quod
174 2554 383 2588 descripseram,
400 2554 480 2581 etiam
497 2559 685 2582 converterem
703 2555 729 2581 iu
742 2562 895 2582 sermonem
911 2555 1050 2582 Latinum.
1063 2556 1119 2590 Ego
1135 2563 1198 2582 vero
1214 2555 1305 2590 (quod
1323 2555 1394 2582 haud
1413 2555 1569 2591 ignorabam
1586 2562 1671 2588 quan-

4 2621 7 2632 ,
55 2599 138 2628 ιυρειε
153 2599 215 2625 mihi
229 2599 401 2626 rstuandum
419 2605 503 2634 atque
516 2600 668 2628 sudandum
685 2606 755 2628 esset
772 2601 799 2627 in
815 2608 909 2635 opere,
928 2602 1008 2635 cujus
1022 2610 1106 2628 unum
1124 2602 1257 2628 duntaxat
1271 2604 1392 2628 exstaret
1406 2601 1569 2636 exemplum,
1589 2600 1670 2635 idque

4 2667 9 2674 ,
56 2642 139 2670 multis
155 2644 181 2671 in
197 2646 265 2673 locis
281 2645 410 2672 mutilum
426 2650 508 2680 atque
521 2646 724 2682 depravatum),
740 2647 937 2682 aliquantisper
957 2653 1112 2681 cunctatus,
1131 2649 1239 2676 tandem
1259 2647 1399 2678 Ecclesiae,
1412 2647 1438 2674 in
1457 2651 1510 2674 tam
1529 2647 1586 2675 utili
1601 2655 1670 2682 pra:-

4 2717 9 2727 ε
55 2690 139 2717 sertim
165 2700 194 2720 ac
214 2695 261 2728 pio
277 2701 371 2728 opere.
394 2693 523 2728 juvauda:
543 2695 646 2728 studio,
667 2700 748 2730 atque
770 2696 850 2722 etiam
869 2695 1002 2723 tolerabili
1024 2703 1038 2722 a
1059 2695 1242 2723 Bircomanno
1256 2694 1395 2730 proposita
1421 2695 1590 2728 conditione,
1612 2703 1667 2723 rem

56 2739 188 2768 atlxt‘etssus
205 2746 266 2766 sum
285 2748 293 2766 :
309 2747 342 2766 ac
367 2739 411 2765 vix
441 2739 549 2766 tandem
565 2739 680 2768 absolvi.
699 2740 766 2768 Nam
783 2749 982 2776 smpeuumero,
1005 2741 1068 2768 dum
1090 2741 1117 2768 in
1133 2742 1192 2769 loca
1210 2741 1304 2768 mutila
1319 2744 1400 2775 atque
1416 2747 1542 2776 corrupta
1566 2741 1667 2768 incide-

4 2783 13 2826 ἐμ
56 2777 209 2812 bam,ta:dio
234 2785 334 2812 laboris
360 2785 518 2820 frequenter
543 2787 624 2820 irriti,
639 2795 671 2815 ac
693 2789 891 2823 propemodum
917 2788 1108 2824 desperatione
1126 2789 1162 2816 rei
1190 2788 1306 2816 feliciter
1329 2788 1502 2816 absolvenda'
1519 2788 1601 2823 (cum
1618 2796 1667 2816 nec

56 2830 151 2862 s("Inter
166 2830 252 2858 Otium
267 2832 362 2866 esset),
379 2833 413 2860 ab
426 2839 508 2867 opere
523 2834 641 2866 cessavi,
653 2835 724 2869 quod
742 2835 903 2870 plerumque
918 2835 1000 2863 etiam
1018 2835 1107 2862 faccrc
1122 2834 1207 2866 soleo,
1220 2835 1264 2862 ubi
1283 2834 1348 2861 mihi
1366 2835 1422 2869 ipse
1436 2842 1489 2862 non
1509 2833 1664 2862 satisfacio:

9 2881 12 2884 ’
58 2879 100 2902 “te
112 2877 179 2905 enim
192 2879 258 2907 mihi
275 2881 439 2916 persuadere
453 2889 578 2917 possunt,
600 2882 634 2911 ab
649 2882 710 2911 aliis
723 2883 867 2918 probatum
883 2883 928 2915 iri,
943 2883 1014 2918 quod
1032 2882 1209 2918 mihimctipsi
1219 2883 1368 2918 displiceat.
1386 2881 1478 2917 itaque
1489 2890 1549 2910 cum
1567 2890 1663 2918 perpe-
