1897 3052
181 141 236 173 ἑτέ)
703 141 913 171 LAURENTII

1086 141 1291 173 PILEFATIO.
1762 140 1835 174 480

183 203 260 226 tuum
277 197 304 225 in
322 197 507 226 convertendo
527 204 628 224 morem
644 204 754 225 servare
766 199 851 230 soleo,
862 203 954 225 utnon
970 202 1032 226 ante
1047 206 1155 234 pergam
1172 207 1253 235 opere
1265 201 1399 232 instituto,
1414 207 1495 235 quant
1509 200 1608 234 prioris
1625 201 1679 228 dici
1701 201 1836 228 labores

185 251 381 279 recognovero.
399 249 426 272 et
441 251 528 279 usque
542 251 574 271 eo
591 252 747 278 corrcxero,
761 250 790 272 ιιι
807 245 898 272 animo
914 253 974 272 tneo
989 246 1080 280 aliqtto
1096 246 1176 273 modo
1193 247 1319 274 satisﬁat.
1341 246 1378 274 Ac
1393 254 1547 282 quanquam
1563 246 1627 274 mihi
1642 254 1695 273 non
1708 247 1838 280 ubique

185 291 304 319 satisfeci
339 291 395 325 (qui
416 291 487 317 enitn
504 290 654 325 potuissem
670 291 696 318 in
715 292 749 320 iis
766 292 846 324 locis,
859 292 905 319 ubi
921 297 1051 327 corrupto
1066 294 1173 327 penitus
1188 300 1219 320 ac
1234 293 1357 320 mutilato
1372 293 1529 328 apngraplto
1539 293 1715 326 conjecturas
1731 289 1836 325 sequi

187 345 299 365 necesse
314 337 396 364 habui
409 337 443 372 ἲ),
461 337 543 364 malui
560 341 651 364 tamen
669 345 698 366 re
711 343 838 374 suscepta
855 339 933 366 fidem
947 346 1035 366 meam
1053 340 1181 372 liberare.
1195 347 1246 368 nec
1258 339 1397 367 hominum
1411 340 1647 374 exspectationem
1663 337 1820 367 frustrari
1830 364 1838 370 ,

187 388 214 410 ct
233 383 335 418 aliquid
351 384 443 418 potius
455 383 482 410 in
503 387 580 417 parte
595 384 698 418 operis,
712 385 784 420 quod
802 384 948 419 aliquando
963 385 1109 418 sarciatur,
1137 385 1230 412 minus
1244 385 1364 420 probari.
1379 392 1460 419 quam
1477 388 1564 411 totum
1579 391 1648 418 opus
1668 384 1714 410 diu
1735 381 1838 410 (ἰθεῖα

189 430 290 457 derari.
307 429 419 457 Habetis
440 430 521 457 sitnul
539 430 684 457 censiliutu
702 438 791 457 meum
806 430 832 457 in
849 430 1023 464 suscipienda
1037 438 1077 463 re,
1094 435 1119 458 et
1138 438 1168 458 re
1182 434 1321 465 suscepta,
1336 437 1449 457 causam
1464 438 1513 457 cur
1528 435 1583 458 tam
1600 437 1663 458 sero
1676 436 1747 464 opus
1772 427 1841 454 ab-

185 476 305 504 solutum
334 479 415 510 atque
432 475 583 511 perfectum
606 475 719 510 prodeat
747 476 775 502 in
802 477 900 502 lucem.
924 475 992 502 Cum
1009 476 1092 511 igitttr
1109 477 1184 510 operi
1199 476 1254 511 jam
1273 476 1469 510 propemodum
1486 475 1550 503 ﬁnis
1564 475 1711 510 itnpositus
1727 476 1839 505 esset,

188 526 270 556 atque
285 527 336 555 ego
352 528 457 547 tnecutn
471 520 650 547 deliberarem
663 525 745 555 atque
757 521 941 548 consultaretn
958 528 1038 556 quem
1057 521 1099 548 his
1119 521 1260 548 laboribus
1276 521 1344 549 meis
1359 521 1534 555 potissimum
1556 521 1713 556 deligerent-
1721 524 1841 554 patra-

187 574 263 596 num,
281 565 378 592 amicis
393 565 454 591 aliis
474 565 554 596 alios,
564 572 665 599 eosque
679 565 863 600 amplissimos
873 565 983 600 quidem
999 565 1083 598 viros,
1098 565 1145 594 sed
1160 566 1323 600 quibuscum
1341 566 1406 593 mihi
1418 566 1491 592 nulla
1502 566 1699 601 propemodum
1716 564 1838 592 notitia

188 613 384 644 intercederet,
416 613 653 648 propellentibus:
683 620 734 648 ego
759 621 821 640 cuin
854 613 975 647 ineptum
996 617 1023 640 et
1039 614 1223 648 importunum
1241 621 1302 640 esse
1323 613 1491 648 judicabam,
1509 621 1670 648 magnorum
1690 613 1839 640 virorum

185 668 338 695 cernmque
352 660 517 695 ignotorum,
531 663 558 686 et
572 659 605 686 ad
622 667 691 694 quos
706 660 810 687 nullum
831 660 893 694 quis
907 659 1010 687 aditum
1028 660 1134 692 habeat,
1154 660 1289 687 amicitias
1306 664 1443 695 appetere,
1460 667 1491 687 ac
1507 667 1568 687 sese
1586 668 1640 687 non
1659 659 1742 686 modo
1758 666 1842 686 ser-

187 705 287 737 viliter,
303 712 394 731 verum
415 705 498 732 etiam
515 705 687 740 impudenter
701 706 844 733 insinuare
862 714 868 732 :
882 710 939 732 tum
955 713 1023 733 mete
1039 710 1145 732 natura:
1160 710 1243 741 atque
1267 706 1375 742 ingenio
1391 706 1516 733 videbam
1536 712 1592 732 rem
1616 713 1677 733 esse
1696 706 1842 733 maxime

188 754 332 781 adversam
347 758 374 782 ct
387 754 539 782 inimicam.
553 754 643 789 Atque
661 755 733 782 baud
750 755 909 790 ignorabatur
921 763 977 787 eos,
997 756 1097 790 quibus
1118 756 1219 790 ignotis
1237 756 1370 790 ejusmodi
1387 755 1476 782 ltonos
1492 755 1621 787 habetur,
1637 762 1691 781 non
1710 755 1842 788 absque

189 810 272 830 causa
285 802 421 837 suspicari
436 802 526 830 solere
541 810 619 830 suam
632 803 666 829 ab
681 802 841 830 hominibus
855 803 1020 838 importunis
1036 803 1251 830 munificentiam
1269 808 1351 838 atque
1365 803 1554 830 liberalitatem
1577 801 1721 830 sollicitari
1739 809 1747 828 :
1776 799 1841 827 sed

189 848 211 874 si
227 849 289 883 quis
307 849 439 876 beneficio
454 848 567 876 allectus
581 849 664 875 animi
685 849 728 876 sui
746 849 940 883 gratitudinem
955 849 1097 877 declarare
1108 849 1226 882 studeat,
1236 857 1298 877 eum
1319 857 1373 877 non
1391 849 1472 876 modo
1489 857 1544 876 non
1558 848 1708 880 oll'endere,
1721 853 1839 874 verum

189 894 271 921 etiam
286 894 405 928 laudem,
419 894 442 921 si
452 894 521 921 nihil
533 894 605 921 aliud
623 894 754 929 proficiat,
768 895 802 922 ab
820 894 977 923 hominibus
990 895 1061 922 ferre
1075 895 1174 923 solere.
1189 894 1255 928 Quae
1269 903 1331 922 cum
1345 895 1437 922 animo
1447 895 1590 930 agitarem,
1607 899 1689 929 atque
1708 893 1841 928 perple-

191 948 242 968 xus
259 941 388 968 haererem
404 941 448 968 cui
465 940 514 969 hos
532 949 608 969 meos
634 941 744 969 labores
759 941 862 976 absque
874 942 1027 970 oll'ensione
1055 948 1137 978 atque
1161 943 1361 970 obtrectatione
1375 943 1536 977 cujusquam
1565 943 1722 970 dedicarem
1747 941 1836 976 (non

191 986 263 1012 ιιιιίιιι
281 986 427 1013 convenire
440 993 490 1014 nec
503 986 631 1022 expedire
645 987 798 1019 videbatur,
808 987 908 1014 librum
920 987 1025 1023 absque
1040 992 1155 1023 patrono
1165 993 1245 1023 atque
1258 988 1403 1016 defensore
1413 988 1544 1023 judicium
1555 989 1694 1016 hominum
1709 988 1836 1015 subire.

192 1034 344 1068 praesertim
360 1034 440 1069 cujus
459 1039 556 1062 auctor
570 1035 652 1062 etiam
668 1042 742 1062 nunc
756 1039 913 1070 superesset
928 1044 935 1062 :
960 1037 1061 1071 quippe
1075 1044 1137 1064 cum
1164 1036 1217 1064 vivi
1245 1037 1332 1072 magis
1356 1044 1436 1071 qttam
1460 1037 1560 1063 mortui
1577 1036 1687 1063 invidiae
1702 1036 1836 1063 obnoxii

191 1080 276 1108 simus
290 1085 317 1107 et
329 1081 549 1109 obtrecxantibus
562 1081 732 1117 opportuni),
751 1089 799 1109 vos
814 1081 879 1108 mihi
892 1082 919 1109 in
935 1083 1044 1118 primis,
1057 1087 1086 1110 ut
1100 1091 1149 1118 par
1163 1088 1217 1115 est,
1231 1083 1258 1110 in
1274 1089 1393 1111 mentem
1405 1083 1531 1115 venistis,
1549 1083 1648 1117 quibus
1665 1090 1720 1110 non
1737 1083 1837 1110 modo

192 1130 304 1162 propter
319 1133 421 1160 vetera,
434 1135 528 1154 verum
546 1128 630 1155 etiant
647 1129 683 1156 ob
698 1129 818 1156 recentia
836 1129 945 1160 merita,
971 1130 1028 1157 imo
1051 1138 1118 1157 vero
1134 1134 1246 1165 propter
1263 1135 1422 1165 perpetuam
1445 1137 1508 1164 erga
1532 1137 1575 1156 tne
1604 1129 1834 1156 beneficentiam

192 1177 272 1207 atque
287 1172 484 1205 liberalitatem,
500 1174 621 1200 omnium
637 1173 714 1208 longe
729 1174 878 1209 plurimum
900 1173 1038 1201 deberem.
1053 1175 1112 1202 Non
1138 1183 1181 1202 me
1203 1175 1334 1210 prieterit.
1365 1174 1482 1202 auribus
1511 1174 1608 1202 vestris
1632 1174 1772 1209 ingratam
1804 1177 1834 1199 et

191 1218 368 1253 Sajucundam
389 1226 451 1246 esse
480 1219 654 1246 immodicam
673 1227 705 1247 ac
719 1221 830 1248 nimiam
851 1220 1022 1248 liberalitatis
1037 1225 1134 1248 vestrae
1164 1221 1383 1256 pra-dicalionem
1404 1229 1410 1246 ε
1433 1227 1526 1247 verum
1541 1220 1613 1251 date.
1627 1227 1731 1254 quaeso,
1747 1219 1835 1245 hanc

191 1265 300 1291 veniam
316 1265 393 1296 mihi,
410 1265 454 1291 cui
472 1265 539 1292 nihil
557 1273 676 1300 unquam
691 1267 792 1301 petenti
807 1267 975 1302 denegastis,
989 1266 1037 1294 sed
1058 1267 1174 1300 plurima
1198 1274 1250 1293 non
1268 1267 1369 1301 petenti
1386 1267 1530 1298 tribuistis,
1546 1270 1576 1292 ut
1589 1266 1748 1293 Sutnmatitn
1764 1265 1829 1292 sal-

192 1314 247 1337 tem
261 1310 287 1337 in
308 1318 350 1338 me
361 1311 461 1338 collata
480 1311 612 1339 beneﬁcia
628 1318 717 1340 vestra
734 1321 902 1349 percurram.
919 1314 986 1341 Nam
1009 1314 1095 1348 patris
1113 1315 1208 1346 vestri,
1232 1314 1392 1348 amplissimi
1409 1318 1491 1348 atque
1505 1313 1600 1348 optimi
1631 1313 1694 1345 viri,
1721 1314 1749 1340 in
1784 1320 1836 1338 me

193 1363 301 1383 summa
315 1357 414 1383 collata
431 1357 574 1389 beneﬁcia.
594 1359 647 1385 alio
668 1359 727 1385 ιοιό
744 1359 851 1386 abunde
868 1359 936 1387 satis
951 1360 1173 1392 commemoravi,
1193 1367 1248 1394 quo
1264 1361 1317 1386 vita
1334 1358 1473 1391 defuncto,
1491 1367 1540 1386 vos
1556 1366 1610 1385 non
1625 1358 1707 1385 modo
1731 1358 1835 1384 facul-

193 1408 279 1430 tatum
292 1408 319 1430 et
334 1412 415 1438 opum
430 1404 503 1432 illius
518 1405 640 1432 heredes
657 1406 812 1438 exstitistis,
827 1414 921 1433 verum
937 1407 1018 1433 etiarn
1035 1407 1167 1433 virtutum
1191 1412 1218 1434 et
1242 1407 1413 1434 liberalitatis
1436 1406 1462 1433 in
1483 1406 1579 1440 primis
1598 1405 1753 1432 imitatores
1770 1405 1836 1430 fui-

194 1449 246 1475 stis
264 1457 271 1476 :
288 1457 348 1484 qua:
359 1454 436 1477 tanta
451 1451 554 1478 exstitit
577 1459 641 1487 erga
662 1460 715 1483 me,
738 1457 767 1479 ιιι
788 1453 860 1480 illius
880 1454 980 1480 mortui
999 1453 1191 1480 liberalitatem
1214 1458 1296 1488 atque
1321 1452 1534 1480 munificentiam
1558 1452 1629 1479 haud
1654 1459 1834 1486 magnopere

195 1496 388 1524 desiderarim.
404 1497 483 1532 Nam,
499 1503 528 1525 ut
539 1500 679 1534 superiora
701 1505 870 1534 prtetercam,
889 1509 950 1535 qua:
975 1500 1128 1535 frequentia
1153 1507 1234 1535 atque
1257 1501 1377 1535 ingentia
1402 1500 1522 1533 fuerunt,
1546 1499 1663 1534 primum
1687 1506 1737 1525 vos
1759 1501 1834 1523 ante

196 1541 349 1576 biennium,
372 1551 433 1570 cum
461 1545 488 1571 in
513 1546 563 1572 hoc
585 1553 666 1581 opere
692 1555 825 1579 versarer,
851 1548 916 1574 nihil
931 1548 984 1574 tale
1001 1556 1055 1575 non
1073 1548 1153 1574 modo
1172 1548 1282 1582 petenti.
1300 1555 1393 1574 rerum
1409 1547 1490 1574 etiam
1510 1555 1543 1574 ne
1557 1545 1688 1581 cogitanti
1709 1544 1831 1579 quidem

196 1587 295 1614 bonam
314 1589 435 1621 pecunite
461 1598 596 1617 summam
619 1592 684 1618 tuilti
712 1592 881 1627 suppeditari
907 1600 939 1619 ac
966 1593 1172 1620 subministrari
1203 1593 1321 1619 curastis
1339 1601 1346 1619 :
1366 1592 1473 1624 deinde,
1491 1589 1832 1624 eumjamliberalitatem

195 1637 315 1660 vestram
328 1634 410 1661 citius
426 1634 565 1670 fatigatam
577 1643 638 1663 esse
649 1637 806 1671 suspicatus
829 1637 952 1669 fuissem,
969 1645 1051 1672 quant
1083 1637 1186 1671 aliquid
1211 1637 1345 1672 ejusmodi
1362 1644 1484 1671 sperare,
1505 1636 1604 1663 nedum
1620 1641 1723 1669 petere,
1737 1642 1832 1661 ausus

195 1687 297 1712 essent,
313 1684 377 1707 ante
393 1688 497 1715 paucos
509 1689 618 1709 menses
629 1683 783 1717 praeteritos
794 1691 872 1718 aeque
887 1691 984 1718 magna
998 1687 1079 1718 atque
1095 1683 1206 1710 biennio
1223 1688 1287 1710 ante
1300 1691 1342 1711 me
1355 1691 1460 1710 summa
1475 1681 1747 1717 pecuniaetdouastis.
1763 1681 1831 1714 Quo

197 1725 329 1752 benellcio
353 1730 475 1760 tempore
504 1728 766 1762 opportunissimoa
782 1730 860 1757 vobis
875 1735 998 1765 accepto,
1017 1737 1078 1756 cum
1097 1730 1222 1756 videlicet
1249 1729 1427 1757 deliberarem
1457 1737 1536 1764 quem
1566 1719 1741 1762 potissimum
1762 1729 1830 1755 huic

196 1771 286 1804 partui
303 1779 363 1798 meo
383 1776 500 1800 ttttorent
516 1781 548 1801 ac
568 1774 738 1802 defensorem
759 1783 896 1811 pararem,
917 1777 1008 1804 omnis
1033 1776 1169 1803 dubitatio
1191 1777 1384 1811 cunctatioquc
1402 1775 1468 1802 mihi
1485 1774 1680 1810 propemodum
1696 1780 1827 1809 exempta

195 1821 238 1843 est
256 1825 263 1843 :
280 1824 342 1843 nam
359 1818 479 1845 restabat
495 1820 577 1846 etiam
593 1828 666 1848 nunc
684 1822 830 1857 scrupulus
848 1830 929 1850 unus.
951 1821 1083 1855 Quoniam
1099 1822 1180 1848 ctiam
1198 1821 1328 1853 sciebam,
1346 1829 1400 1856 qtto
1417 1822 1508 1848 minus
1522 1820 1661 1855 appetitis,
1679 1827 1713 1847 eo
1730 1820 1830 1855 plures

196 1862 272 1890 vobis
279 1863 396 1891 honores
405 1864 515 1898 deferri,
524 1873 554 1906 ac
565 1867 664 1895 multos
677 1867 800 1896 homines
806 1869 900 1896 doctos
907 1869 984 1895 vobis
993 1875 1057 1896 suos
1068 1867 1173 1895 labores
1186 1873 1267 1902 atque
1279 1867 1482 1895 lucubrationes
1494 1867 1644 1900 dedicasse,
1654 1867 1829 1894 subvereha-r

198 1915 233 1935 ne
251 1910 358 1937 animos
374 1914 479 1938 vestros
496 1911 596 1940 talibus
608 1913 695 1947 epulis
710 1914 825 1942 satiatos
839 1919 921 1949 atque
937 1914 1057 1948 repletos
1068 1913 1257 1947 intempestiva
1269 1913 1454 1941 benevolentia
1465 1913 1629 1941 offenderem
1644 1914 1727 1940 citius
1741 1921 1826 1947 qttant

196 1953 249 1980 hoc
263 1961 363 1988 genere
376 1955 455 1982 ofﬁcii
472 1958 587 1990 gratiam
604 1965 618 1984 a
637 1958 715 1986 vobis
731 1958 841 1986 inirem.
854 1959 908 1986 Sed
926 1963 1015 1986 tamen
1036 1966 1097 1986 cum
1111 1958 1178 1986 liber
1187 1959 1289 1993 absque
1304 1964 1421 1993 patrono
1433 1959 1546 1986 omnino
1562 1966 1615 1985 non
1629 1959 1826 1993 divulgandns,

201 2006 252 2026 nec
267 2000 407 2027 hominum
419 2000 526 2036 judicio
541 2003 713 2037 objiciendus
726 2012 788 2032 esse
806 2005 953 2036 videretur,
967 2009 993 2031 et
1010 2004 1143 2031 nonsatis
1157 2003 1200 2034 pie
1219 2011 1268 2030 nec
1285 2009 1359 2031 recte
1373 2012 1415 2032 me
1430 2004 1565 2031 facturum
1584 2011 1645 2030 esse
1656 2004 1826 2037 judicaretur,

203 2045 226 2072 si
240 2046 317 2072 vobis
335 2048 480 2080 pra-teritis
497 2048 566 2075 alios
580 2049 645 2075 mihi
660 2053 789 2084 patronos
803 2058 954 2084 quaererem
968 2052 1033 2084 (non
1050 2051 1122 2078 enim
1139 2056 1300 2079 cmterorum
1316 2050 1455 2077 lmminnm
1471 2049 1564 2077 cadent
1583 2057 1644 2084 qua!
1656 2055 1747 2076 vestra
1762 2054 1827 2077 sunt

209 2092 306 2126 tulit-ia)
317 2093 398 2120 malui
409 2094 434 2120 in
448 2094 516 2121 banc
530 2099 631 2129 partem
642 2104 762 2130 peccare,
773 2104 853 2131 quam
861 2097 987 2131 cuiquam
997 2097 1085 2124 minus
1096 2098 1219 2132 prudenti
1228 2105 1280 2125 non
1295 2097 1362 2124 satis
1373 2101 1467 2131 gratus
1483 2095 1580 2122 videri.
1591 2095 1649 2122 Non
1663 2097 1737 2122 enim
1748 2097 1827 2123 video

197 2145 248 2165 nec
268 2147 376 2173 sperare
389 2148 496 2173 possunt
517 2140 575 2167 fore
588 2141 737 2175 aliquando
748 2146 865 2177 tempus,
884 2150 938 2177 quo
950 2143 1004 2170 alio
1015 2143 1094 2170 ollicii
1114 2151 1213 2178 genere
1227 2146 1308 2178 atque
1323 2143 1386 2174 hoc,
1400 2147 1490 2169 vestra
1507 2142 1637 2169 beneficia
1655 2143 1825 2169 remunerari

198 2185 313 2218 possint,
346 2185 447 2219 quippe
467 2194 528 2212 cum
551 2187 617 2213 nihil
637 2188 702 2214 tnihi
731 2192 855 2222 suppetat
886 2193 984 2222 praeter
1009 2189 1188 2216 voluntatem.
1217 2188 1275 2216 llue
1296 2189 1402 2215 accedit
1421 2188 1492 2223 quod
1512 2188 1638 2214 videbam
1656 2187 1730 2215 haud
1746 2187 1826 2214 facile

199 2229 269 2256 alios
292 2237 326 2256 ex
357 2238 472 2257 numero
489 2233 639 2258 amicorum
661 2238 758 2266 pra-ter
776 2241 823 2260 vos
842 2242 884 2260 me
902 2235 1021 2269 reperire
1043 2242 1134 2269 posse,
1157 2235 1203 2269 qui
1222 2242 1282 2261 Cttlll
1303 2238 1412 2268 ptoplcr
1424 2234 1566 2268 utriusque
1582 2233 1680 2268 lingua:
1697 2233 1824 2268 peritiant

201 2277 272 2305 haud
291 2278 427 2313 vulgarem
444 2279 546 2314 optime
572 2280 606 2307 de
631 2280 787 2313 hnjusmodi
817 2282 926 2316 scriptis
951 2282 1077 2316 judicare
1093 2285 1212 2316 possent,
1240 2286 1297 2308 tuttt
1323 2281 1439 2308 candide
1452 2286 1533 2315 atque
1552 2281 1660 2307 sincere
1674 2279 1824 2314 iudicaturi

201 2328 302 2350 essent.
318 2325 501 2358 Quamobrem
517 2335 531 2353 a
546 2327 621 2354 vobis
639 2335 688 2362 pro
705 2332 794 2354 vestra
813 2328 840 2354 in
861 2336 902 2355 nte
918 2333 1048 2362 perpetua
1061 2335 1093 2354 ac
1111 2328 1227 2354 maxima
1239 2327 1426 2355 benevolentia
1441 2327 1572 2361 majorem
1591 2326 1618 2352 in
1639 2326 1750 2352 modum
1765 2329 1825 2360 peto

200 2378 357 2406 quaesoque,
373 2377 401 2398 ut
413 2372 485 2400 hunc
503 2380 613 2407 parvum
627 2378 654 2400 ct
668 2373 795 2406 exiguum
813 2377 930 2407 partum,
945 2380 1026 2408 quem
1040 2373 1117 2400 vobis
1134 2373 1160 2400 itt
1176 2373 1329 2400 clientelam
1345 2376 1372 2399 et
1389 2372 1467 2399 fidem
1483 2371 1656 2403 commendo,
1672 2371 1706 2399 ab
1727 2371 1826 2400 invidis

200 2417 274 2444 omni
295 2425 346 2452 ope
360 2418 441 2450 tueri,
456 2427 471 2445 a
486 2419 731 2446 calumniatoribus
746 2423 772 2445 et
785 2419 1017 2446 obtrectatoribus
1036 2418 1165 2446 omnibus
1183 2419 1286 2446 viribus
1302 2417 1449 2445 defendere
1465 2417 1555 2444 velitis
1575 2425 1582 2443 :
1600 2417 1647 2452 qui
1665 2417 1688 2444 si
1711 2424 1726 2443 a
1749 2418 1826 2444 vobis

199 2464 298 2500 dignus
324 2463 461 2498 judicatus
489 2464 569 2491 fuerit
593 2472 672 2498 quem
697 2463 908 2498 amplectamini,
933 2471 1015 2498 quem
1046 2464 1072 2490 in
1096 2463 1226 2490 familiam
1256 2469 1372 2491 vestram
1409 2463 1549 2497 recipiatis
1563 2467 1645 2496 atque
1659 2462 1788 2494 foveatis,
1803 2463 1824 2488 si

203 2511 363 2539 hominibus
383 2513 436 2546 piis
450 2517 474 2539 et
488 2512 620 2539 studiosis
636 2511 784 2546 aliquando
801 2511 877 2538 utilis
897 2510 990 2542 fuerit,
1007 2511 1075 2538 nihil
1094 2511 1160 2538 mihi
1186 2511 1248 2538 istic
1271 2510 1426 2542 vindicabo,
1455 2510 1483 2537 in
1500 2517 1550 2537 vos
1569 2517 1665 2537 omnes
1679 2509 1825 2543 meumjus

200 2558 348 2588 transfero,
363 2565 479 2591 quorutn
496 2557 595 2591 opibus
610 2558 722 2592 adjutus
738 2563 764 2583 et
779 2561 959 2589 sustentatus,
978 2557 1052 2584 hunc
1068 2556 1161 2584 fictum
1179 2556 1294 2590 produxi
1321 2565 1328 2583 :
1356 2556 1403 2590 qui
1419 2555 1508 2583 sicubi
1525 2555 1676 2583 deformior
1701 2555 1825 2582 minusve

202 2603 338 2638 perfectus
354 2607 382 2629 et
409 2603 434 2629 in
457 2602 546 2637 aliqua
565 2608 640 2636 parte
657 2603 699 2630 sui
720 2602 830 2632 mutilus
846 2608 877 2628 ac
892 2601 1055 2636 depravatus
1073 2602 1240 2636 apparuerit,
1263 2601 1314 2628 hoc
1330 2602 1427 2636 partim
1443 2601 1519 2628 vitiis
1531 2601 1626 2628 matris
1637 2600 1750 2632 Graecas,
1766 2606 1826 2634 quae

202 2650 268 2678 mihi
283 2650 355 2677 haud
371 2651 527 2685 incorrupta
537 2650 682 2678 conciliata
698 2653 749 2681 est,
763 2649 937 2675 attribuitote
956 2657 962 2674 :
980 2648 1080 2683 partim
1098 2656 1163 2676 mea:
1176 2648 1346 2675 inbecillitati
1359 2649 1538 2684 assignatote,
1556 2655 1572 2675 a
1597 2655 1662 2682 quo,
1679 2651 1825 2680 superante

203 2696 274 2723 man
289 2697 360 2723 vires
380 2696 561 2730 etingeniqu
578 2696 702 2727 artificis,
720 2695 810 2721 omnia
841 2693 942 2728 corrigi
969 2698 996 2720 et
1024 2693 1163 2721 emendari
1184 2702 1237 2720 non
1265 2698 1422 2728 potuerunt.
1442 2693 1509 2720 Nam
1525 2693 1547 2722 si
1563 2694 1625 2728 quis
1654 2693 1776 2727 iniquior
1799 2699 1825 2719 et

205 2741 352 2774 malignior
368 2740 452 2774 judex
474 2743 542 2772 lucc,
556 2748 616 2774 qum
635 2740 668 2768 de
686 2740 780 2766 matris
797 2739 896 2766 Cra-ca:
915 2739 987 2765 vitiis
1001 2739 1073 2770 dico,
1093 2739 1183 2766 minus
1203 2739 1309 2766 sincera
1326 2744 1407 2774 atque
1422 2739 1526 2773 integra
1543 2738 1594 2766 fide
1613 2746 1628 2765 a
1653 2746 1696 2764 me
1710 2737 1822 2772 proferri

205 2788 400 2823 suspicabitur.
416 2788 562 2821 producam
589 2796 683 2815 eorum
698 2795 758 2822 quae
775 2787 836 2814 dico
855 2786 1100 2821 locupletissimum
1120 2790 1226 2817 testem,
1258 2786 1440 2813 clarissimum
1467 2785 1713 2818 doetissimumque
1739 2784 1823 2811 virum

206 2834 235 2861 ι).
253 2833 385 2861 Joannem
404 2834 568 2862 Sambuctun
587 2835 754 2861 Pannonium
773 2843 776 2858 :
811 2834 836 2860 in
853 2833 909 2867 l'jtl:
925 2833 995 2860 cnim
1021 2836 1154 2867 potestate
1171 2833 1264 2860 tnatr's
1288 2832 1366 2859 istius
1385 2836 1508 2866 parentes
1528 2836 1600 2863 sunt,
1619 2835 1644 2858 ct
1660 2830 1821 2862 clarissima,
