1897 3052
155 157 206 191 Ui
675 155 866 186 BONIFACiI
887 156 1039 186 F’lNETTl
1061 155 1257 185 PBEFATIO
1729 151 1797 185 412‘

156 223 334 254 earumque
352 213 557 253 penultimam
574 215 608 242 ut
625 211 777 243 ineditam
797 212 910 248 notari,
932 212 1100 243 confestim
1117 211 1232 250 scripsi
1252 210 1290 240 ad
1309 209 1348 240 cl.
1369 209 1472 240 virum
1489 217 1525 240 ac
1540 209 1632 241 dictae
1656 209 1780 241 biblio-

156 265 256 296 thecas
270 264 436 296 custodem
461 262 689 301 dignissimum
706 261 889 294 Gotfridum
913 263 1141 302 Heckingiuui,
1168 270 1282 301 rogans
1301 266 1334 291 ut
1351 261 1390 291 de
1417 269 1451 291 ea
1481 261 1617 299 epistola
1635 261 1779 291 notitiam

157 315 235 346 mihi
253 314 394 353 aliquam
409 312 623 343 submitteret.
643 314 682 342 At
700 313 755 343 ille
772 321 835 344 non
854 314 948 344 modo
964 313 1086 352 absque
1102 321 1192 343 mora
1207 320 1360 351 perquam
1375 311 1512 342 humane
1532 311 1709 350 rescripsit,
1724 311 1779 341 sed

155 367 259 405 ipsam
276 366 371 396 etiam
387 363 571 403 epistolam,
589 364 628 395 de
645 372 708 403 qua
724 363 841 395 certior
857 365 924 395 fieri
947 365 1154 403 exoptabam.
1171 368 1316 395 accurate
1341 363 1512 402 uitideque
1528 361 1721 400 descriptam
1741 361 1780 391 ad

155 423 213 446 nos
229 413 415 444 transmisit.
435 413 498 443 Vix
513 421 548 443 ca
571 417 698 452 accepta
713 413 926 452 deprehendi,
942 421 1007 445 non
1023 423 1040 444 a
1057 413 1299 453 Theophylacto
1316 413 1525 451 Bulgarorum
1541 412 1705 451 episcopo,
1724 411 1781 442 sed

154 465 193 496 ab
203 464 266 496 alio
280 463 521 504 Thcophylacto
536 464 637 495 fuisse
653 465 878 503 conscriptam,
894 465 945 496 cui
961 465 1124 496 Simoenta
1139 472 1317 505 cognomen
1329 468 1412 498 erat;
1430 463 1553 503 quique
1568 463 1646 494 alias
1663 472 1779 502 quam-

155 515 264 554 plurcs
283 514 316 545 in
332 522 467 545 suorum
486 515 567 545 forte
584 514 819 552 discipulorum
837 523 931 546 usum
949 515 1027 554 (erat
1041 515 1165 555 quippe
1186 513 1387 554 professione
1404 514 1558 553 sophista,
1584 522 1642 544 seu
1660 522 1780 551 prince-

153 569 224 603 ptor
240 564 431 605 rhetorices)
448 564 659 595 elucubravit.
677 565 765 594 Hanc
783 569 892 604 utpote
910 565 1078 602 incditam,
1097 571 1127 596 et
1140 565 1264 605 aliogui
1280 564 1518 600 brevissimam,
1539 564 1664 594 veniam
1681 563 1782 594 lector

153 614 296 654 optimus
313 615 413 651 dabit,
432 615 461 646 si
486 614 574 646 velut
590 623 746 654 parergon
771 615 830 646 hoc
849 614 911 646 loci
929 624 1111 654 apposuero
1127 625 1188 647 una
1207 624 1279 647 cum
1303 614 1451 645 versione
1467 614 1578 645 Latina
1595 614 1625 644 in
1645 614 1780 654 gratiam

153 670 266 694 eorum
283 663 339 703 qui
358 663 518 703 ejusmodi
540 663 659 695 studiis
675 663 886 695 delectantur.
905 665 958 694 Est
973 672 1071 696 vero:

383 747 557 774 Dwmodocux
571 747 711 783 Antigono.

1203 749 1382 784 Δαιμόὸολίος
1405 750 1571 783 Ἀντιγόνῳ.

189 803 217 831 Si
234 803 297 832 vitae
314 803 429 840 pignora
444 803 574 832 Socrates
593 811 648 831 non
662 803 796 839 possidet,
814 805 938 840 pmdago-

1034 806 1059 831 Ei
1075 806 1112 840 μὴ
1132 805 1189 840 βίου
1209 806 1356 840 Σωκράτης
1376 805 1493 840 ἐνέχυρα.
1519 805 1662 840 κέκτηται,
1686 804 1783 831 παιδα-

151 858 202 884 gus
222 851 270 878 lllii
285 851 326 878 tui
347 859 401 878 non
417 851 615 879 constituatur.
628 851 747 886 Pignora
766 852 827 879 vita
841 853 897 880 intc

1033 851 1082 885 ηγδς
1094 851 1140 877 τοῦ
1161 850 1209 877 σοῦ
1229 851 1267 885 μὴ
1291 851 1507 886 προχειριζέσθω
1528 850 1632 882 παιδός.
1657 850 1782 884 Ὲνέχυ-

151 901 252 931 gantur
264 896 322 925 ﬁlii.
338 897 425 930 Quem
440 896 513 924 enim
527 903 589 924 esse
606 902 709 931 patrem
724 902 821 925 natura
837 898 898 926 doct

1047 897 1075 924 δὲ
1089 897 1163 929 ,βίου
1183 898 1279 929 παῖδες
1292 897 1467 924 νοεῖσθωσκν.
1485 897 1533 924 ‘Ov
1557 897 1611 932 γὰρ
1635 895 1705 922 εἶναι
1730 905 1782 922 m-

154 943 227 970 lmnc
251 942 428 978 paedagogum
443 949 516 976 esse,
532 946 747 970 consentaneum
765 947 807 971 est
820 953 827 970 :
841 945 903 979 quip

1033 952 1059 970 ia
1073 943 1155 978 φύσις
1171 943 1286 976 ἐδίδαξε,
1315 943 1410 970 τοῦτον
1437 943 1484 970 καὶ
1508 942 1681 976 παιδαγωγόν
1707 943 1782 968 ἔστιν

152 990 205 1026 (ιιιί⁹
224 989 392 1024 experientia
409 989 487 1017 novit
511 989 698 1024 generationis
722 988 892 1018 aﬂ‘ectionem

1035 990 1160 1022 omnem
1175 990 1273 1023 πείραν
1292 990 1463 1024 μανθάνοντα
1478 989 1525 1016 καὶ
1539 989 1673 1023 γενέσεως
1687 988 1784 1023 σχέσιν

153 1033 257 1062 amoris
274 1033 396 1063 dolores.

995 1035 1041 1062 καὶ
1061 1034 1178 1070 στοργῆς
1192 1034 1351 1070 ἀλγηδόνας.

847 1128 991 1160 SECTIO
1024 1129 1080 1160 ΧΙ.

469 1195 513 1226 De
526 1199 687 1234 postrema
698 1199 790 1234 parte
806 1193 940 1225 homiliw
954 1193 1135 1231 undecim,
1145 1194 1184 1223 In
1196 1193 1474 1224 resurrectionem.

191 1255 303 1286 XLIV.
320 1256 399 1294 Quae
415 1256 454 1287 de
478 1256 536 1286 hac
554 1260 714 1294 postrema
737 1258 825 1294 parte
851 1253 994 1284 homilize
1017 1253 1251 1292 TheOphylacti
1277 1253 1411 1284 dicenda
1432 1252 1484 1283 hic
1511 1252 1587 1282 mihi
1610 1252 1727 1288 forent,
1745 1251 1781 1281 in

150 1304 392 1337 Dissertationis
413 1306 537 1345 praevias
555 1315 646 1337 num.
679 1307 702 1336 L
723 1307 788 1345 jam
817 1308 1037 1344 prmoccupata
1061 1304 1166 1335 fuere.
1181 1304 1287 1340 Quare
1313 1304 1364 1335 hic
1392 1303 1497 1334 solum
1526 1303 1697 1337 admoneo,
1726 1310 1782 1332 me

151 1355 312 1395 quidquid
329 1364 368 1386 ex
384 1355 519 1387 historia
541 1355 675 1386 Eusebii
693 1355 876 1386 derivatum
892 1354 926 1385 in
948 1362 1016 1385 eam
1033 1357 1094 1390 est,
1109 1361 1182 1384 cum
1199 1353 1336 1392 ipsomet
1351 1352 1441 1384 fonte
1458 1352 1646 1388 contulisse,
1668 1360 1782 1391 e0que

151 1405 214 1436 mei
230 1406 425 1445 exemplaris
450 1405 620 1445 supplesse
637 1405 795 1442 defectus,
821 1409 918 1444 atque
939 1405 1036 1435 etiam
1061 1403 1220 1434 variantes
1249 1404 1402 1434 lectiones
1420 1403 1573 1442 pauculas
1598 1403 1778 1434 addidisse.

151 1455 259 1486 Codex
275 1454 715 1491 Caesareo-Vindobonensis,
731 1454 817 1484 unde
833 1453 899 1484 haec
915 1452 1058 1484 homiliae
1074 1453 1251 1484 undecimae
1267 1461 1338 1489 pars
1353 1453 1518 1491 desumpta
1537 1456 1596 1488 est,
1612 1453 1780 1492 integrum

151 1506 294 1537 continet
309 1504 547 1540 Homiliarium,
563 1513 621 1534 seu
640 1504 671 1534 in
689 1503 788 1534 totius
803 1503 880 1534 anni
898 1502 1074 1541 Evangelia
1090 1502 1256 1541 decerptus
1273 1511 1310 1533 ex
1336 1502 1434 1532 variis
1450 1502 1596 1532 Patribus
1612 1501 1780 1532 homiiias.

152 1556 199 1585 Ex
215 1562 280 1593 quo
298 1553 377 1584 mihi
394 1553 486 1584 valde
504 1552 687 1585 verosimiie
712 1553 756 1588 ﬁt,
785 1561 871 1589 eum,
888 1553 943 1592 qui
964 1553 1150 1591 praedictum
1170 1552 1374 1584 concinnavit
1395 1552 1632 1589 Homiliarium,
1651 1556 1782 1590 postre-

151 1611 236 1635 mam
255 1603 336 1635 hanc
349 1603 494 1634 homiliae
509 1603 691 1635 undecima;
713 1606 834 1642 partem
851 1611 914 1634 suo
927 1603 1090 1634 addidisse
1105 1603 1270 1638 arbitratu,
1294 1606 1330 1633 ut
1345 1610 1488 1633 errorem
1505 1601 1592 1640 vulgi
1619 1602 1650 1631 in
1675 1599 1781 1639 patria

151 1662 209 1685 sua
223 1653 322 1685 nimis
337 1653 419 1684 forte
437 1654 596 1693 vigentem
611 1653 650 1684 de
665 1654 788 1684 Joanne
804 1654 837 1684 in
849 1653 913 1685 vita
931 1654 1035 1685 adhuc
1048 1654 1235 1692 superstite,
1249 1653 1381 1684 omnino
1395 1652 1520 1683 tolleret
1536 1656 1567 1682 et
1580 1650 1780 1682 eliminat-et.

151 1704 229 1735 Ideo
245 1708 352 1749 autem
369 1713 455 1736 nunc
466 1704 573 1735 editur
585 1704 650 1734 inec
665 1703 809 1735 humilius
818 1713 901 1744 pars,
913 1704 988 1743 quia
1004 1704 1214 1735 constitutum
1234 1703 1327 1735 nobis
1343 1708 1401 1736 est.
1419 1702 1498 1733 nihil
1514 1702 1546 1733 in
1563 1702 1621 1732 hac
1635 1700 1781 1732 editione

153 1753 240 1793 quod
261 1754 494 1794 Tbeophylacli
513 1754 645 1787 nomine
664 1754 856 1794 inscriptum
873 1755 927 1792 sit,
946 1755 1122 1795 praeterire.

842 1818 987 1850 SECTIO
1003 1819 1076 1849 ΧΙΙ.

319 1882 364 1912 De
381 1881 610 1913 Commentario
623 1883 657 1912 in
669 1883 748 1913 Acta
763 1883 977 1921 apostolorum
995 1891 1035 1913 e2:
1051 1881 1238 1912 bibliotheca
1250 1880 1606 1913 Florentino-Mediocri.

191 1942 289 1973 XLV.
305 1943 539 1983 TheOphylacti
557 1943 805 1975 Commentarius
822 1944 855 1974 in
875 1943 954 1974 Acta
970 1943 1185 1982 apostolorum
1202 1951 1219 1972 a
1232 1941 1342 1973 Sifauo
1359 1942 1466 1973 editus
1480 1943 1561 1973 adeo
1579 1950 1673 1973 rarus
1697 1950 1779 1973 eva-

149 1992 207 2030 sit,
221 1997 256 2024 ut
272 2001 343 2025 cum
361 1994 516 2025 editionis
533 1994 631 2034 hujus
647 1999 811 2025 curatores
827 2002 902 2024 eum
919 1993 974 2024 diu
995 1992 1237 2032 qumsivissent,
1257 1992 1406 2023 invenire
1422 1991 1537 2022 nullihi
1554 1992 1698 2023 venalem
1717 2002 1778 2031 po-

152 2042 286 2073 tuerint.
309 2042 403 2080 Quod
427 2043 455 2073 si
479 2051 554 2074 cum
581 2042 756 2083 aliquando
781 2043 864 2073 nacti
879 2047 968 2079 sunt,
985 2051 1024 2073 ex
1040 2042 1166 2077 Graecia
1191 2041 1314 2081 duplici
1342 2042 1497 2073 editionis
1517 2042 1614 2082 hujus
1641 2050 1779 2080 corpore

149 2096 415 2124 commutandum
433 2098 636 2133 receperunt.
653 2094 779 2125 Interea
795 2093 871 2124 dum
884 2093 1009 2133 jamdiu
1025 2101 1296 2132 supervacaneam
1313 2093 1417 2124 eidem
1431 2092 1672 2132 quomodolibet
1684 2100 1777 2122 com-

152 2143 292 2182 parando
308 2147 480 2173 navassent
495 2151 637 2181 operam,
656 2142 761 2182 deque
774 2142 866 2173 exitu
877 2141 998 2187 negotii
1011 2141 1109 2181 hujus
1122 2141 1280 2172 mererent
1296 2141 1424 2178 incerti,
1441 2141 1475 2172 in
1492 2150 1563 2172 eam
1581 2142 1779 2171 sententiam

148 2195 283 2223 ventum
301 2194 361 2226 est,
381 2193 416 2220 ut
430 2189 500 2228 ejus
514 2189 746 2229 apographum,
763 2189 819 2230 qui
835 2190 868 2220 in
892 2189 1081 2221 Florentino
1101 2190 1209 2221 codice
1224 2190 1384 2228 reperitur
1398 2189 1601 2220 bibliothecze
1615 2190 1779 2221 Mediceo-

150 2241 389 2276 Laurentiante,
406 2248 570 2279 quemque
583 2241 826 2280 ’l‘heophylacto
836 2240 967 2271 ascribit
982 2239 1251 2271 Montefalconius
1267 2240 1301 2270 in
1319 2248 1377 2270 sua
1397 2240 1595 2271 Bibliotheca
1606 2239 1777 2270 bibliothe-

150 2301 272 2330 carum,
287 2291 348 2322 sibi
370 2292 608 2331 procurandum
628 2291 856 2329 existimarinl,
873 2291 943 2328 rati,
962 2291 1111 2334 eumdem
1127 2290 1259 2321 omnino
1274 2299 1344 2322 esse
1361 2300 1433 2322 cum
1446 2299 1484 2322 eo
1500 2291 1558 2331 qui
1574 2292 1679 2322 editus
1694 2299 1709 2320 a
1727 2291 1778 2321 Si-

149 2345 225 2376 fano
245 2349 293 2375 est
310 2355 317 2374 :
337 2348 435 2383 atque
450 2344 543 2381 adeo,
556 2344 717 2384 quidquid
734 2344 864 2375 demum
884 2343 1065 2380 accidisset,
1082 2344 1241 2374 variantes
1255 2342 1366 2374 saltem
1383 2343 1550 2378 lectiones,
1567 2345 1662 2381 atque
1677 2341 1776 2372 etiam

154 2395 393 2426 correctionum
409 2394 556 2426 subsidia
576 2394 871 2434 suppeditaturum.
889 2396 927 2426 At
946 2403 1010 2426 non
1027 2394 1068 2425 ita
1083 2403 1133 2426 res
1149 2395 1257 2425 cessit.
1274 2395 1320 2425 Eo
1335 2393 1422 2424 enim
1438 2392 1621 2432 apographo
1636 2393 1774 2423 Floren—

151 2445 192 2475 tia
208 2444 303 2475 nobis
320 2443 428 2482 allato,
447 2444 587 2483 primum
612 2445 728 2476 turbati
746 2453 860 2476 sumus
877 2445 1000 2476 nullam
1016 2444 1049 2475 in
1072 2452 1110 2475 eo
1126 2444 1330 2475 invenientes
1356 2443 1565 2482 epigraphen,
1584 2452 1646 2482 qua
1669 2443 1776 2474 Theo-

151 2496 298 2536 phylacto
318 2494 529 2534 Bulgarorum
547 2495 794 2535 archiepiscopo
807 2495 1041 2532 ascriberetur,
1058 2496 1178 2526 deinde
1195 2504 1268 2526 eum
1287 2494 1380 2525 nobis
1393 2495 1619 2525 evolventibus
1646 2495 1776 2526 nullum

151 2547 300 2586 apparuit
324 2545 496 2580 indicium,
525 2553 582 2575 cur
597 2545 790 2577 tribuendus
806 2545 1046 2586 Theophylacto
1062 2549 1147 2576 esset
1165 2545 1333 2584 :adeoque
1347 2543 1454 2574 mirari
1468 2544 1634 2583 ccepimus,
1651 2553 1668 2575 a
1684 2546 1778 2575 Mon-

152 2597 327 2628 tefalconio
341 2595 564 2627 indubitanter
579 2595 681 2626 fuisse
698 2595 938 2636 Theophylacto
952 2595 1183 2634 adjudicatum.
1201 2594 1342 2625 Tandem
1363 2594 1414 2624 vix
1432 2593 1496 2624 ulla
1511 2594 1672 2632 superfuit
1685 2594 1778 2626 dubi-

152 2648 241 2685 tatio,
255 2656 330 2679 eum
350 2655 422 2678 esse
442 2646 481 2677 ab
495 2645 893 2685 legitimisTheophylacti
910 2645 1060 2684 operibus
1077 2645 1342 2685 expungendum,
1358 2652 1430 2675 cum
1447 2644 1531 2674 inter
1547 2644 1684 2676 aliorum
1708 2653 1769 2677 no-

151 2698 235 2729 mina
250 2699 392 2733 Patrum,
411 2705 484 2736 quae
502 2696 643 2726 citantur
657 2696 690 2726 in
706 2696 864 2736 margine,
877 2696 972 2726 etiam
988 2696 1088 2727 semel
1105 2699 1199 2733 θεοφ.,
1221 2695 1371 2734 Thcoph.,
1389 2703 1446 2724 seu
1470 2698 1503 2723 ut
1527 2694 1700 2734 legendum
1722 2696 1773 2726 vi-

150 2748 297 2786 debatur,
313 2751 514 2786 Θεοφύλακτος,
535 2745 783 2785 Theophylactus
799 2746 1011 2782 occurrisset;
1029 2754 1064 2776 ac
1082 2745 1256 2784 praesertim
1273 2750 1438 2783 postquam
1460 2743 1663 2783 inspeximus
1679 2745 1776 2777 verba

151 2802 272 2833 ibidem
288 2800 379 2832 allata
400 2804 524 2829 exstare
538 2799 569 2828 in
587 2798 826 2829 Commentario
842 2799 928 2829 edito
940 2807 956 2828 δ
974 2797 1092 2828 Sifano.
1112 2798 1194 2828 Hinc
1211 2798 1298 2828 enim
1319 2797 1409 2834 plane
1426 2804 1629 2835 consequens
1645 2798 1776 2829 videba~

150 2863 214 2894 iur,
234 2862 329 2894 opuS,
344 2853 380 2884 in
394 2861 458 2893 quo
473 2851 733 2891 Theonliylartus
753 2852 821 2890 ipse
842 2851 968 2887 citatur,
986 2850 1124 2889 ejusque
1141 2849 1390 2882 couzmentarius
1405 2849 1476 2880 aliis
1492 2848 1629 2881 aliorum
1644 2850 1778 2881 Patrum
