1897 3052
28 178 74 221 Πξζ¹
426 176 466 206 ΙΝ
484 175 700 211 ΞΕΟΗΕΝΤῘᾹ
717 176 1005 206 TIlEOPIlYLACTI
1027 176 1194 206 SCRIPTA.
1571 176 1623 207 474

29 231 248 266 commentariis
263 235 504 267 annumeratur,
518 232 705 262 nullatenus
725 231 786 269 ipsi
807 239 877 262 esse
902 231 1163 269 adjudicandum.
1181 231 1300 260 Verum
1318 230 1376 261 hoc
1398 235 1623 270 argumentum

30 285 78 314 vim
95 291 170 320 pene
189 290 318 313 omnem
337 281 483 312 amittere
502 281 606 311 visum
631 285 690 318 est,
711 285 878 320 postquam
903 289 939 311 ex
957 281 1072 311 Catena
1098 280 1278 311 Oxoniensi
1305 280 1355 318 (de
1372 290 1434 320 qua
1460 282 1622 321 superius)

26 333 162 368 intellexi,
177 331 414 370 expositionem
432 330 519 361 illam
548 331 709 362 Theodori
726 329 950 360 Heracleensis
978 338 1063 365 esse,
1080 332 1190 367 utpote
1207 329 1262 368 qui
1291 329 1410 360 diserte
1436 330 1550 361 citulur
1567 340 1621 370 pa-

26 384 86 424 gina
109 383 144 414 58
158 383 230 422 ejus
256 382 390 418 codicis,
410 381 503 421 cujus
530 382 706 420 exemplar,
726 385 762 411 ut
780 382 826 412 rei
846 381 942 420 hujus
961 380 1078 411 certior
1100 380 1221 417 ﬁerem,
1251 381 1407 419 postulavi
1429 387 1459 413 et
1483 383 1622 414 obtinui.

29 434 95 465 Hinc
113 433 195 463 enim
215 432 344 462 suborta
363 431 441 462 mihi
457 432 601 471 suspicio
618 436 677 468 est,
703 432 871 462 oscitantia
898 431 1015 462 veleris
1036 436 1090 462 aut
1109 431 1296 462 recentioris
1320 432 1524 463 amanuensis
1542 435 1623 464 scri-

28 490 99 524 ptum
116 483 146 513 in
165 482 276 513 codice
295 482 495 517 Florentino,
522 482 570 512 vel
596 486 705 512 nostro
729 481 906 520 exemplari
920 482 1021 512 fuisse
1041 485 1136 518 Θεοφ.,
1161 482 1311 521 Thcoph.,
1329 490 1386 521 pro
1401 485 1491 515 6:06..
1508 483 1621 514 Thcod.

28 535 74 566 Sed
88 533 375 573 quomodocunque
391 541 440 562 res
456 533 517 562 ista
535 541 568 562 se
581 531 705 568 habeat,
718 535 752 563 ut
769 536 892 563 certum
911 536 998 571 puto,
1017 531 1299 563 Montefalconium
1316 541 1379 563 non
1397 533 1460 563 alio
1477 534 1534 564 niti
1552 533 1624 564 fun-

28 586 157 615 damento
182 582 328 620 potuisse
344 581 380 612 ad
404 581 672 612 Commentarium
691 582 776 612 hunc
801 581 1040 620 Theoiihylacto
1064 581 1287 617 asserendum,
1305 590 1399 621 quam
1423 583 1522 621 quod,
1547 585 1623 614 dum

30 635 124 673 raptim
140 632 231 663 illum
247 631 425 668 evolveret,
446 632 479 662 in
495 631 604 670 aliqua
621 631 772 661 inciderit
785 631 852 662 loca
871 630 1069 662 continentia
1089 631 1168 661 illud
1188 631 1272 662 idem
1288 632 1374 670 quod
1399 637 1471 663 ante
1496 632 1528 662 in
1546 633 1626 663 δίςδ-

27 687 105 718 niano
119 685 353 716 Commentario
367 684 568 724 perlegisset.
587 684 663 714 Mihi
679 684 791 715 saltem
819 693 883 716 non
898 683 986 715 aliud
1012 684 1120 714 animo
1146 684 1392 715 fundamentum
1414 685 1563 715 occurrit.
1591 685 1624 715 lil

28 746 88 768 vero
104 745 194 776 quam
213 738 255 767 sit
274 735 473 767 imbecillum
489 737 522 767 in
540 737 796 773 Commentariis,
815 736 871 776 qui
892 736 940 766 vel
960 745 1070 774 puram
1093 737 1219 767 Catenae
1244 737 1399 767 rationem
1426 736 1559 773 habent,
1577 736 1623 767 vel

28 789 56 819 ad
71 787 148 818 illam
165 788 314 827 proxime
329 788 496 823 accedunt,
511 788 660 828 quisquis
677 788 769 820 facile
783 788 947 827 intelligit.

56 839 153 870 XLVI.
170 839 291 870 Verum
311 839 338 869 si
356 848 406 870 res
419 839 461 870 ita
480 848 514 870 se
531 839 637 874 habet.
658 849 715 870 cur
731 839 894 878 igiturhic
908 847 926 870 a
943 839 1036 870 nobis
1117 839 1220 870 lucem
1242 840 1400 870 emittitur
1412 841 1426 869 ?
1441 841 1501 871 Cur
1525 840 1622 870 etiam

27 891 115 922 Graece
127 890 301 922 duntaxat?
314 892 349 921 In
368 891 470 922 lucem
488 891 540 921 hic
558 891 659 922 emitti
675 891 866 930 respondeo,
883 891 1035 930 primum,
1049 891 1135 930 quod
1154 891 1221 922 viro
1238 900 1314 922 sane
1328 891 1515 922 doctissimo
1537 891 1625 921 visus

25 941 190 972 fueritesse
208 941 461 981 'l‘heophylacti;
486 950 591 981 neque
617 946 702 974 certo
724 942 834 982 aliquo
854 942 1087 981 perspicuoque
1107 947 1295 981 argumento
1320 942 1423 972 refelli
1438 942 1538 981 possit
1568 942 1625 971 ist—

26 991 78 1022 ilch
91 991 207 1030 opinio.
223 991 254 1022 2.
270 991 351 1028 Quia
371 1000 499 1030 aequum
514 999 577 1022 non
594 991 721 1028 censui,
738 991 956 1031 apographum
973 992 1059 1022 istud
1077 991 1211 1022 omnino
1228 991 1382 1027 interire;
1401 991 1522 1030 quippe
1538 990 1624 1030 quod

28 1049 84 1071 esse
96 1040 225 1071 fortasse
243 1041 358 1079 poterit
372 1041 470 1072 alicui
492 1041 630 1081 posteris
654 1042 741 1078 usui,
771 1041 1043 1081 quemadmodum
1067 1041 1145 1072 mihi
1166 1050 1229 1072 non
1246 1042 1362 1072 inutile
1376 1041 1448 1078 fuit,
1475 1044 1508 1071 ut
1534 1042 1626 1071 Com-

31 1088 157 1120 mentarii
175 1090 318 1121 Vaticani
343 1090 393 1131 (de
415 1100 480 1131 quo
502 1091 622 1122 dictum
644 1095 692 1122 est
707 1091 819 1131 supra)
844 1092 1008 1130 exemplar
1026 1092 1231 1123 emendarem
1263 1095 1360 1131 atque
1373 1091 1570 1129 supplerem.
1590 1091 1626 1120 Et

26 1142 137 1180 quidem
152 1143 259 1182 quoad
277 1143 347 1183 ejus
358 1143 470 1174 attinet
484 1152 591 1181 usum,
611 1144 751 1174 breviter
766 1143 964 1183 patefaciam,
977 1143 1065 1183 quod
1082 1143 1161 1173 mihi
1179 1151 1254 1174 eum
1271 1141 1472 1182 percurrenti
1489 1141 1574 1171 venit
1593 1140 1624 1170 in

29 1195 146 1222 mentem
167 1200 175 1222 :
196 1192 351 1222 nimirum
367 1202 406 1223 ex
424 1193 526 1224 tribus
542 1193 630 1225 hisce
648 1194 682 1224 in
696 1194 775 1224 Acta
794 1194 969 1232 apostolica
992 1193 1250 1229 Commentariis,
1274 1201 1355 1232 quos
1373 1192 1521 1222 volumen
1541 1190 1624 1220 istud

27 1242 230 1281 complectitur
248 1243 438 1281 (praesertim
456 1244 485 1274 si
510 1244 728 1282 Clirysostomi
755 1244 852 1275 fOntis
875 1244 1019 1274 omnium
1037 1243 1189 1282 praecipui
1213 1243 1436 1274 adnotationes
1457 1241 1625 1276 addantur)

28 1294 182 1333 perfectum
197 1295 309 1326 conﬁci
329 1303 435 1333 posse,
456 1295 705 1335 absolutumque
721 1296 753 1326 in
766 1295 874 1326 eadem
894 1295 969 1326 Acta
994 1294 1282 1328 Commentarium;
1297 1303 1369 1325 cum
1393 1294 1512 1332 singuli
1531 1298 1624 1324 caste-

27 1345 125 1383 roquin
139 1344 223 1376 haud
241 1354 353 1385 parum
371 1345 480 1384 procul
492 1345 557 1376 sint
570 1355 586 1376 a
602 1346 708 1377 debita
725 1345 932 1386 perfectione.
949 1346 1067 1377 Poterit
1082 1346 1178 1385 igitur
1192 1346 1354 1385 quispiam
1373 1354 1412 1376 ex
1429 1345 1566 1384 singulis
1585 1354 1622 1375 ea

28 1405 83 1435 quae
96 1397 129 1427 ad
148 1406 212 1428 rem
229 1398 367 1428 maxime
383 1397 516 1434 faciunt,
533 1397 692 1437 seligendi
709 1406 817 1429 curam
840 1397 1046 1437 laboremque
1070 1398 1236 1435 suscipere
1254 1409 1262 1428 :
1282 1406 1378 1437 quem
1395 1397 1476 1428 forte
1495 1401 1621 1436 egomet

27 1446 233 1485 suscepissem,
257 1446 320 1476 nisi
347 1446 429 1483 alia),
445 1446 566 1485 quibus
582 1447 752 1483 distrahor,
769 1456 852 1478 curae
864 1451 895 1478 et
909 1447 1103 1478 valetudinis
1116 1447 1318 1478 imbecillitas
1331 1447 1560 1478 inhibuissent.
1580 1449 1624 1477 En

27 1495 110 1534 igitur
125 1498 214 1535 ratio,
230 1507 289 1529 cur
305 1497 397 1528 illum
414 1498 583 1529 ediderim.
601 1499 707 1529 Graece
721 1502 828 1529 autem
845 1502 967 1529 tantum
983 1498 1081 1534 edidi.
1098 1498 1173 1537 quia
1191 1507 1227 1529 ex
1247 1507 1308 1529 una
1327 1502 1412 1538 parte
1426 1498 1626 1530 levissimum

26 1547 318 1580 cstfunrlamentum
336 1549 563 1580 Commentarii
590 1550 688 1590 hujus
712 1549 951 1588 'l‘heopbylai-to
973 1549 1182 1589 adjudicandi
1201 1560 1208 1579 :
1226 1559 1265 1581 ex
1282 1550 1380 1581 altera
1405 1550 1626 1588 veroexposi-

26 1596 115 1626 tiones
135 1597 204 1636 ejus
222 1597 384 1636 pleneque
398 1598 431 1628 in
447 1598 601 1630 alterutro
618 1608 657 1630 ex
675 1599 728 1636 iis,
748 1600 805 1639 qui
825 1599 1000 1630 voluminis
1022 1598 1121 1638 hujus
1140 1599 1234 1630 initio
1262 1600 1413 1639 impressi
1437 1604 1524 1637 sunt,
1544 1600 1626 1631 Sifa-

27 1644 105 1675 niano
117 1645 248 1681 scilicet,
266 1651 298 1676 et
311 1645 475 1682 vaticano,
493 1654 556 1677 non
570 1647 664 1678 modo
680 1648 784 1687 quoad
801 1655 949 1684 sensum,
973 1648 1028 1678 sed
1045 1648 1141 1679 etiam
1157 1648 1264 1688 quoad
1280 1649 1377 1679 verba
1404 1657 1627 1688 saepenumero

27 1696 132 1727 insunt.
149 1697 231 1728 Hinc
247 1697 387 1736 pretium
404 1705 510 1736 operas
526 1698 658 1730 minime
680 1707 751 1730 esse
769 1699 894 1736 censui,
915 1707 1034 1730 novum
1049 1700 1136 1731 hunc
1156 1701 1267 1731 subire
1282 1701 1436 1738 laborem,
1454 1705 1485 1732 et
1499 1701 1626 1740 aliquo-

31 1755 88 1777 rum
103 1747 286 1778 accessione
301 1746 453 1778 foliorum
470 1745 558 1778 nu'lla
577 1749 808 1787 propemodum
829 1749 968 1780 utilitate
985 1750 1136 1780 volumen
1155 1750 1215 1781 hoc
1230 1758 1379 1782 onerare.

60 1796 178 1827 XLVII.
195 1796 349 1833 Quamvis
363 1802 468 1828 autem
487 1798 758 1829 Commentarium
782 1798 868 1829 hunc
885 1798 994 1829 Latine
1011 1806 1075 1829 non
1098 1799 1261 1837 verterim,
1281 1809 1345 1831 non
1372 1800 1446 1832 ideo
1467 1804 1570 1832 tamen
1590 1804 1629 1833 ab

29 1847 105 1877 omni
119 1847 150 1878 in
166 1855 204 1878 eo
220 1847 347 1878 edendo
360 1847 467 1879 labore
481 1857 529 1879 me
545 1848 681 1879 absolvi.
700 1849 842 1879 Laconas
859 1848 959 1884 enim,
974 1847 1094 1887 quibus
1112 1849 1329 1888 apographum
1346 1848 1533 1888 frequenter
1557 1851 1628 1882 hia-

31 1897 72 1927 bat
86 1898 267 1937 (praserlim
291 1899 353 1929 sub
368 1899 438 1938 ejus
453 1899 596 1939 initium)
613 1899 744 1938 explere
771 1907 828 1939 pro
843 1900 966 1930 viribus
984 1900 1108 1930 studui.
1134 1901 1172 1930 Et
1190 1900 1285 1931 initio
1301 1901 1444 1940 quidem,
1470 1903 1523 1932 ubi
1546 1905 1629 1942 spis-

28 1948 114 1979 siores
129 1948 251 1980 lacunas
267 1953 369 1986 erant,
388 1949 465 1980 mihi
485 1949 518 1980 in
531 1949 611 1980 hanc
628 1959 694 1980 rem
713 1950 913 1981 incumbenti
931 1950 1190 1988 percommodum
1204 1949 1266 1980 fuit
1285 1951 1409 1982 Catenae
1431 1950 1628 1983 Oxoniensis

29 1998 54 2028 in
67 1999 167 2030 eadem
194 2001 270 2031 Acta
293 2000 443 2039 primum,
467 2001 553 2040 quod
579 2001 734 2032 habebam
758 2009 822 2040 prae
840 2001 1003 2038 manibus,
1022 2001 1137 2032 folium
1155 2012 1162 2031 :
1184 2010 1256 2032 cum
1284 2001 1350 2040 ipsa
1370 2002 1492 2041 quippe
1513 2003 1628 2033 Catena

28 2048 226 2087 apographum
244 2058 350 2080 meum
371 2050 417 2080 sic
432 2050 514 2080 inibi
530 2050 705 2081 convenire
729 2050 941 2089 deprehendi,
958 2055 992 2081 ut
1019 2051 1104 2081 idem
1129 2060 1198 2082 esse
1214 2060 1295 2090 opus
1315 2051 1490 2088 videretur,
1509 2053 1571 2083 nisi
1589 2063 1627 2083 ex

29 2104 167 2137 postrema
181 2101 272 2132 illius
289 2105 387 2140 parte,
402 2105 496 2140 atque
513 2110 552 2132 ex
567 2102 696 2134 duobus
713 2102 797 2140 aliis,
813 2111 886 2142 quae
912 2103 989 2133 mihi
1006 2111 1138 2133 cernere
1158 2102 1262 2138 licuit,
1288 2103 1358 2142 ejus
1384 2103 1471 2133 foliis
1495 2103 1628 2135 omnino

29 2152 246 2188 cognovissem,
266 2153 412 2183 Catenam
430 2152 650 2183 Oxoniensem
666 2154 765 2184 multa
783 2153 964 2192 complecti,
981 2162 1053 2192 quae
1074 2153 1108 2184 in
1124 2153 1311 2184 Florentino
1326 2154 1562 2186 Commentario
1574 2155 1630 2185 de-

29 2199 207 2233 siderantur.
223 2202 385 2233 Posterior
401 2203 460 2233 iste
477 2203 612 2234 fortasse
634 2207 804 2242 excerptus
823 2207 870 2234 est
891 2211 930 2233 ex
945 2202 998 2233 illa
1025 2203 1143 2241 priore.
1168 2203 1215 2234 Ad
1239 2203 1423 2234 sarciendas
1447 2213 1535 2242 vero,
1559 2213 1630 2244 qum

31 2257 218 2284 Occurrerent
233 2253 267 2284 in
290 2262 475 2293 progressu,
492 2253 622 2285 lacunas
636 2255 790 2285 alterutro
814 2263 853 2284 ex
866 2254 1112 2285 Commentariis
1126 2254 1297 2292 prmdictis,
1315 2255 1478 2285 Sifaniano
1494 2255 1628 2289 scilicet,

31 2304 54 2331 et
69 2303 226 2340 Vaticano,
244 2304 300 2334 sed
318 2304 463 2335 omnium
480 2304 744 2344 frequentissime
760 2312 875 2344 magno
891 2304 1120 2343 Chrysoslomo
1138 2313 1216 2334 usus
1232 2309 1366 2342 sum;et
1383 2314 1419 2336 ea
1434 2306 1565 2345 quidem
1580 2305 1628 2335 fc-

33 2350 147 2391 licitate,
167 2360 201 2386 ut
219 2365 259 2387 ex
277 2356 436 2395 plurimis,
452 2365 524 2396 quae
541 2356 666 2388 inerant
682 2360 787 2394 antea,
803 2356 926 2388 lacunis
943 2365 1004 2386 una
1026 2359 1160 2392 tantum,
1178 2357 1226 2387 vel
1247 2356 1345 2387 altera
1368 2357 1527 2395 inexpleta
1553 2355 1631 2386 mihi

33 2406 214 2436 remanserit.
244 2406 348 2437 Verba
373 2415 389 2437 a
414 2408 509 2438 nobis
535 2407 642 2438 addita
668 2415 707 2438 cx
741 2407 857 2445 signis,
881 2406 1001 2445 quibus
1026 2405 1072 2436 uti
1096 2406 1128 2436 in
1153 2405 1317 2437 similibus
1341 2407 1497 2444 solemus,
1520 2407 1631 2437 Lector

33 2459 175 2492 agnoscet.
190 2456 238 2487 Ad
255 2456 373 2488 calcem
388 2457 628 2494 Commentarii,
644 2465 683 2488 ne
700 2457 825 2497 integra
844 2456 960 2496 pagina
975 2455 1110 2487 omnino
1127 2464 1222 2486 vacua
1238 2462 1428 2494 remaneret,
1452 2458 1490 2487 ul)
1507 2466 1544 2489 co
1562 2457 1631 2490 loco

33 2511 90 2542 ωε.
104 2506 168 2540 629,
185 2506 246 2537 coi.
258 2507 290 2544 2,
308 2511 397 2539 Ἐστὶν
408 2510 454 2538 οὖν
464 2513 479 2539 ὁ
493 2513 548 2544 πᾶς
567 2512 672 2548 χρόνος,
691 2511 778 2546 regat

881 2507 1012 2546 ographi
1031 2507 1133 2546 adjeci
1152 2508 1259 2543 verba,
1277 2508 1397 2546 quibus
1415 2510 1527 2549 Catena
1543 2511 1630 2541 Oxo-

33 2552 138 2585 niensis
154 2555 342 2588 absolvitur.
360 2559 470 2597 Neque
488 2558 521 2588 id
541 2559 665 2589 Lectori
683 2557 895 2597 injucundum
912 2557 980 2588 fore
991 2557 1114 2588 conlido
1132 2558 1197 2588 :sic
1211 2558 1297 2588 enim
1312 2558 1481 2597 prmdiclte
1494 2561 1628 2594 Catena);

33 2609 112 2639 (tuam
122 2607 413 2644 prmtantz‘nimam
428 2607 567 2646 appellat
583 2608 752 2639 Fabricius
766 2607 798 2638 in
816 2607 901 2637 Bibl.
920 2607 1040 2644 Gra'ca,
1060 2607 1190 2639 initium
1208 2607 1329 2638 tenebit
1347 2611 1378 2638 et
1393 2608 1500 2640 ﬁnem.

697 2658 838 2689 SECTIO
860 2657 945 2689 XIII.

430 2711 475 2740 De
495 2711 652 2749 Epistolis
675 2720 695 2740 a
717 2711 857 2742 Meursio
882 2710 985 2747 editis,
1009 2716 1037 2741 et
1059 2721 1078 2740 a
1101 2711 1217 2742 Lamia.

68 2757 198 2790 XLVIII.
221 2760 314 2791 Forte
344 2761 511 2793 mirabitur
533 2764 655 2800 Lector,
689 2764 774 2802 quod
807 2763 874 2793 ista.l
899 2762 1044 2801 epistolae
1069 2763 1107 2793 ab
1136 2762 1207 2792 aliis
1233 2762 1347 2801 viginti
1372 2762 1525 2802 sejunctas
1556 2762 1630 2794 huic

33 2805 147 2840 editioni
166 2812 283 2842 fuerint
307 2812 450 2850 insertae,
470 2823 543 2845 cum
574 2823 668 2845 neruo
699 2824 762 2846 non
786 2815 901 2850 rideat,
920 2814 1096 2844 naturalem
1123 2813 1269 2844 ordinem
1294 2814 1474 2852 postulasse
1501 2819 1533 2846 ut
1549 2823 1626 2846 cou-

31 2853 147 2894 ittnctlm
167 2862 338 2893 ederentur
354 2872 477 2894 omnes.
499 2865 632 2896 Consilii
652 2865 758 2902 itaque
782 2865 880 2896 nostri
907 2865 985 2895 hanc
1010 2864 1163 2895 rationem
1191 2863 1314 2895 habeto.
1345 2864 1503 2903 Principio
1528 2864 1629 2901 fuerat
