1897 3052
183 152 234 185 471
703 152 894 182 BONIFAClI
915 153 1067 183 FlNETTl
1089 152 1285 182 PILEFATIO
1754 144 1807 178 ‘72-

183 217 362 249 earumque
381 208 585 248 penultimam
603 211 635 238 ut
653 207 805 239 ineditam
824 208 938 244 notari,
960 209 1128 239 confestim
1146 208 1260 247 scripsi
1280 208 1318 238 ad
1337 207 1376 238 cl.
1397 207 1500 238 virum
1518 215 1556 237 ac
1572 204 1665 237 dictae
1687 203 1796 234 biblio-

184 260 284 290 thecae
297 259 464 290 custodem
489 257 716 297 dignissimum
734 258 916 291 Gotfridum
941 260 1169 299 Heekingium,
1195 268 1310 298 rogans
1329 264 1362 289 ut
1379 259 1417 289 de
1444 268 1479 290 ea
1509 256 1650 297 epistola
1668 255 1795 286 notitiam

184 309 263 340 mihi
281 309 422 348 aliquam
436 307 651 338 submitteret.
671 310 709 338 At
727 309 782 339 ille
799 318 862 340 non
881 310 976 340 modo
992 310 1113 349 absque
1129 318 1219 340 mora
1234 318 1388 349 perquam
1403 309 1542 340 humane
1563 306 1738 345 rescripsit,
1751 306 1796 336 sed

182 362 286 399 ipsam
303 361 399 391 etiam
414 359 598 399 epistolam,
616 360 655 391 de
672 368 735 399 qua
751 360 868 391 certior
884 361 951 391 ﬁeri
974 363 1182 400 exoptabam.
1199 366 1343 392 accurate
1368 362 1541 401 nitidoque
1558 357 1748 396 descriptam
1765 357 1797 387 ad

182 418 240 440 nos
256 408 442 439 transmisit.
463 408 524 438 Vix
540 416 575 439 ea
598 413 724 448 accepta
740 409 953 449 deprehendi,
969 418 1035 442 non
1050 419 1067 441 a
1084 411 1326 450 Theophylacto
1344 411 1554 449 Bulgarorum
1572 408 1734 447 episcopo.
1751 407 1798 438 sed

180 460 219 490 ab
230 459 293 490 alio
307 459 548 499 Theophylacto
563 460 663 490 fuisse
680 461 905 499 conscriptam,
920 462 972 492 cui
988 462 1151 493 Simoenta:
1166 470 1344 502 cognomen
1356 466 1439 497 erat;
1457 462 1584 502 quique
1600 460 1679 490 alias
1695 467 1797 498 quam~

181 509 291 548 plures
310 509 343 540 in
359 517 494 540 suorum
513 510 594 541 forte
611 510 846 548 discipulorum
864 520 957 542 usum
975 511 1055 551 (erat
1068 513 1192 552 quippe
1212 511 1414 551 professione
1431 513 1589 552 sophista.
1617 519 1675 541 seu
1693 518 1798 548 przrce-

180 563 250 597 ptor
267 559 458 600 rhetorices)
474 559 686 591 elucubravit.
704 561 792 591 Hanc
809 565 918 600 utpote
935 562 1104 599 ineditam,
1123 569 1153 594 et
1166 563 1291 603 aliaqui
1307 562 1546 599 brevissimam,
1569 561 1696 592 veniam
1713 560 1800 590 lector

179 608 323 648 Optimus
339 610 439 646 dabit,
458 611 487 641 si
512 610 600 641 velut
617 619 773 650 parergon
797 611 857 642 hoc
876 611 938 642 loci
955 621 1137 651 apposuero
1153 622 1215 644 una
1233 621 1305 645 cum
1329 613 1477 644 versione
1494 612 1609 643 Latina
1627 612 1658 641 in
1677 611 1799 651 gratiam

179 665 293 688 eorum
309 658 365 698 qui
385 658 544 698 ejusmodi
566 659 685 690 studiis
701 659 912 691 delectantur.
931 661 984 691 Est
999 669 1098 693 vero:

409 742 583 770 Dwmodocus
597 743 737 778 Antigono.

1229 747 1407 781 Δαιμόὃοκος
1432 748 1601 782 Ἀντίγίνῳ.

215 798 243 825 Si
260 798 323 826 vitae
340 797 455 834 pignora
470 798 599 827 Socrates
618 806 674 826 non
688 799 822 834 possidet,
840 802 964 836 pa-dago-

1055 803 1085 829 Εἰ
1100 803 1138 837 μὴ
1158 802 1215 838 βίον
1235 803 1382 838 Σωκράτης
1402 803 1519 838 ἐνέχυρα.
1546 803 1693 838 κέκτηται,
1717 802 1802 829 παιδα-

177 852 228 878 gus
248 845 296 872 lilii
310 847 352 873 tui
373 853 426 873 non
442 846 640 874 constituatur.
654 846 772 882 Pignora
792 848 852 875 vita
866 849 922 876 inlc

1052 848 1107 882 λγδς
1120 848 1166 874 τοῦ
1187 848 1235 875 σοῦ
1254 849 1292 883 μὴ
1316 849 1533 884 προχειριζέσθω
1554 849 1664 880 παιδός.
1690 848 1801 882 Ἐνέχυ-

177 896 277 925 gantur
290 891 347 919 lilii.
364 891 450 925 Quem
466 891 538 919 enim
553 899 614 919 esse
631 898 735 927 patrem
749 898 847 921 natura
862 894 926 922 doct

1053 894 1101 921 ιδὲ
1115 894 1188 927 ,βίου
1209 895 1304 927 παῖδες
1318 895 1492 923 νοεῖσθωσιν.
1510 896 1559 922 ’ον
1585 896 1642 931 γὰρ
1667 893 1735 921 εἶναι
1758 903 1802 921 πα-

179 937 253 964 lmnc
276 937 453 973 paedagogum
468 945 541 971 esse,
558 942 773 966 consentaneum
790 944 852 967 est:
867 941 928 976 quip

1052 949 1084 976 ρα
1099 941 1180 975 φύσις
1196 941 1311 974 ἐδίδαξε,
1340 941 1436 968 τοῦτον
1462 942 1509 968 καὶ
1533 940 1713 974 παιδαγωγόν
1736 941 1801 966 ἐστιν

177 984 230 1021 qui
249 983 417 1019 experientia
435 984 512 1012 novit
536 984 724 1019 generationis
747 985 917 1014 ali'ectionem

1054 987 1185 1019 ιόπιστον,
1200 988 1298 1021 πεῖραν
1318 988 1488 1022 μανθάνοντα
1504 989 1550 1015 καὶ
1565 988 1705 1022 γενέσεως
1719 987 1802 1022 σχέσιν

178 1027 282 1056 amoris
299 1028 421 1058 dolores.

1020 1031 1066 1059 καὶ
1086 1031 1204 1068 στοργῆς
1217 1032 1376 1068 ἀλγηδόνας.

872 1125 1016 1156 SECTIO
1049 1127 1105 1157 ΧΙ.

493 1190 537 1221 De
551 1195 711 1229 postrema
722 1196 814 1230 parte
830 1190 965 1221 homih’a:
979 1190 1160 1228 undecim,
1170 1192 1209 1221 In
1220 1192 1498 1222 resurrectionem.

215 1250 327 1281 XLIV.
344 1251 423 1288 Quae
439 1251 478 1282 de
502 1251 561 1282 hac
579 1256 738 1290 postrema
761 1255 849 1290 parte
875 1250 1018 1281 homiliae
1041 1251 1276 1290 Theophylacti
1301 1252 1435 1283 dicenda
1457 1251 1508 1282 hic
1535 1251 1612 1281 mihi
1636 1250 1754 1286 forent,
1770 1250 1799 1279 in

175 1299 416 1332 Dissertationis
436 1302 561 1340 pravia)
580 1310 669 1332 num.
703 1303 726 1332 L
747 1303 812 1341 jam
841 1305 1061 1340 praeoccupato
1084 1301 1190 1332 fuere.
1205 1302 1311 1338 Quare
1337 1302 1388 1333 hic
1416 1302 1521 1333 solum
1550 1303 1724 1335 admoneo,
1753 1309 1799 1331 me

175 1349 335 1390 quidquid
353 1359 392 1381 ex
408 1350 542 1382 historia
566 1351 699 1382 Eusebii
717 1351 899 1382 derivatum
916 1351 949 1381 in
972 1359 1040 1382 eam
1057 1354 1118 1387 est,
1134 1359 1206 1381 cum
1223 1351 1360 1390 ipsomet
1375 1350 1465 1383 fonte
1482 1351 1672 1387 contulisse,
1696 1359 1798 1390 eoque

174 1400 237 1430 mei
253 1401 448 1440 exemplaris
474 1401 644 1441 supplesse
660 1401 819 1438 defectus,
845 1405 941 1441 atque
963 1402 1059 1432 etiam
1085 1401 1243 1432 variantes
1272 1402 1426 1432 lectiones
1443 1402 1596 1441 pauculas
1622 1402 1795 1432 addidisse.

175 1449 282 1480 Codex
299 1450 739 1487 Cmsareo-Vindobonensis,
754 1450 840 1481 unde
856 1450 923 1481 haec
939 1449 1082 1481 homiliae
1098 1451 1275 1481 undecimze
1290 1459 1361 1486 pars
1377 1451 1542 1490 desumpta
1560 1455 1619 1487 est,
1636 1452 1795 1490 integrum

175 1500 318 1531 continet
333 1500 571 1535 Homitiari-um,
587 1508 644 1530 seu
664 1500 694 1529 in
712 1499 811 1531 totius
827 1500 903 1531 anni
922 1500 1097 1538 Evangelia
1114 1500 1280 1539 decerptas
1297 1509 1334 1531 ex
1360 1501 1458 1531 variis
1473 1501 1618 1531 Patribus
1636 1500 1793 1531 homélius.

175 1550 222 1579 Ex
239 1556 303 1587 quo
322 1548 401 1578 mihi
418 1548 509 1579 valde
527 1548 710 1580 verosimile
735 1549 779 1585 fit,
808 1558 894 1586 eum,
911 1550 967 1589 qui
988 1550 1173 1589 prmdictum
1193 1550 1398 1581 concinnavit
1419 1551 1655 1587 Homitiarium,
1676 1555 1792 1589 postre-

174 1605 259 1629 mam
278 1598 359 1629 hanc
372 1598 517 1630 homiliaa
532 1599 714 1630 undecima)
737 1603 856 1638 partem
873 1608 937 1631 suo
950 1600 1113 1631 addidisse
1128 1601 1293 1637 arbitratu,
1318 1604 1353 1632 ut
1368 1609 1511 1632 errorem
1529 1600 1614 1639 vulgi
1642 1601 1673 1629 in
1700 1599 1791 1637 pasr‘?

174 1656 233 1679 sua
247 1647 346 1679 nimis
360 1648 442 1679 forte
460 1649 620 1688 vigentem
634 1649 673 1680 de
688 1650 811 1680 Joanne
826 1650 860 1681 in
872 1650 936 1682 vita
954 1650 1058 1682 adhuc
1071 1651 1258 1689 superstite,
1272 1651 1404 1682 omnino
1418 1651 1543 1682 tolleret
1559 1655 1589 1681 et
1602 1650 1777 1680 Clilﬁiliitt'l'l

174 1698 252 1729 ideo
268 1702 375 1744 autem
392 1708 478 1731 nunc
489 1700 596 1731 editur
608 1699 673 1731 haec
689 1699 831 1731 humilia:
841 1710 923 1741 pars,
936 1701 1010 1740 quia
1027 1702 1237 1733 constitutum
1256 1701 1349 1733 nobis
1366 1707 1424 1735 est.
1442 1701 1520 1732 nihil
1539 1701 1569 1731 in
1586 1701 1641 1731 hac
1657 1699 1779 1730 editior»

176 1748 263 1787 quod
283 1749 516 1789 Theophylacti
536 1750 668 1783 nomine
687 1750 878 1791 inscriptum
896 1752 950 1789 sit,
969 1753 1145 1792 praeterire.

864 1815 1009 1846 SECTIO
1026 1816 1098 1846 XII.

341 1877 386 1907 De
403 1877 632 1909 Commentario
646 1879 679 1908 in
691 1879 770 1909 Acta
785 1879 1000 1918 apostolorum
1017 1888 1057 1910 ea:
1074 1878 1261 1909 bibliotheca
1273 1879 1626 1911 florentino-Medicari.

213 1937 310 1968 XLV.
327 1938 561 1978 Theophylacti
579 1939 828 1971 Cammentarius
844 1941 877 1971 in
896 1940 977 1971 Acta
992 1940 1207 1979 apostolorum
1224 1949 1240 1970 a
1254 1940 1364 1971 Sii‘ano
1381 1940 1487 1971 editus
1502 1942 1582 1970 adeo
1602 1949 1645 1969 ra:
1659 1960 1673 1969 κ.

171 1987 228 2025 sit,
242 1991 278 2018 ut
294 1996 365 2020 cum
383 1989 538 2021 editionis
554 1989 653 2029 hujus
669 1994 833 2021 curatores
849 1999 924 2021 eum
941 1990 996 2020 diu
1017 1990 1259 2029 qumsivissent,
1279 1990 1428 2022 invenire
1444 1990 1557 2020 nullibi
1576 2000 1633 2019 wn

173 2036 308 2067 tuerint.
331 2037 424 2074 Quod
448 2038 476 2068 si
501 2047 575 2069 eum
602 2038 778 2078 aliquando
802 2039 886 2070 nacti
900 2044 990 2076 sunt,
1006 2048 1046 2070 ex
1062 2040 1187 2075 Graecia
1213 2040 1336 2079 duplici
1364 2040 1518 2071 editionis
1539 2040 1613 2077 lnzjl~

171 2091 436 2119 commutandum
454 2093 657 2128 receperunt.
674 2090 801 2120 Interea
816 2090 892 2121 dum
905 2090 1031 2129 jamdiu
1047 2098 1317 2129 supervacaneam
1335 2091 1438 2122 eidem
1453 2098 1568 2129 quorm

174 2138 314 2175 parando
329 2141 501 2168 navassent
516 2146 659 2176 operam,
677 2138 783 2178 deque
795 2138 887 2169 exitu
899 2138 1019 2184 negptii
1033 2139 1130 2178 hujus
1143 2139 1302 2170 haererent
1318 2139 1444 2175 incerti,
1464 2139 1494 2168 in
1514 2149 1528 2167 (ς
1544 2152 1545 2156 η

170 2189 304 2217 ventum
323 2189 382 2221 est,
403 2188 437 2215 ut
451 2185 521 2224 ejus
535 2186 768 2225 apographum,
784 2186 840 2227 qui
856 2186 889 2217 in
913 2186 1103 2218 Florentino
1122 2187 1230 2218 codice
1245 2188 1404 2226 reperitur
1421 2188 1505 2217 bibit,

172 2235 410 2271 Laurentianus,
427 2243 591 2275 quemque
605 2236 846 2276 Theopbylacto
857 2237 988 2268 ascribit
1003 2236 1272 2268 Montefalconius
1289 2237 1322 2268 in
1341 2247 1398 2268 sua
1420 2238 1469 2266 ΒΝ
1484 2239 1490 2262 εί

171 2295 293 2324 carum,
308 2285 369 2317 sibi
391 2287 629 2326 procurandum
648 2287 877 2325 existimarint,
894 2288 964 2325 rati,
983 2288 1132 2331 eumdem
1148 2287 1281 2319 omnino
1295 2297 1366 2319 esse
1383 2298 1452 2317 rum

170 2338 246 2369 fano
266 2343 313 2369 est
331 2349 338 2369 :
358 2343 456 2378 atque
471 2339 564 2376 adeo,
577 2339 738 2380 quidquid
755 2340 884 2371 demum
905 2340 1085 2377 accidisset,
1103 2342 1262 2371 variantes
1276 2339 1386 2371 saltem
1407 2341 1431 2368 ιιπ

175 2389 413 2420 correctionum
430 2389 577 2420 subsidia
597 2390 892 2429 suppeditaturum.
909 2393 948 2422 At
966 2399 1030 2422 non
1047 2392 1088 2422 ita
1104 2401 1154 2422 res
1169 2392 1278 2422 cessit.
1296 2392 1341 2420 En
1358 2400 1395 2420 Ol:

171 2438 213 2468 tia
228 2438 323 2469 nobis
340 2437 449 2476 allato,
467 2439 606 2478 primum
634 2441 748 2470 turbati
767 2450 879 2471 sumus
898 2442 1020 2472 nullam
1037 2442 1069 2472 in
1092 2449 1131 2472 eo
1147 2442 1331 2472 invenir:an

171 2489 318 2530 pbylacto
338 2489 549 2529 Bulgarorum
568 2491 813 2531 archiepiscopo
828 2492 1061 2528 ascriberetur,
1079 2493 1198 2523 deinde
1217 2502 1287 2522 cum

170 2541 320 2580 apparuit
344 2539 516 2575 indicium,
545 2549 602 2570 cur
618 2541 809 2572 tribuendus
826 2542 1066 2582 ’l‘beophylacto
1082 2546 1167 2573 esset
1187 2544 1255 2572 :ad'

172 2591 347 2622 tefalconio
361 2590 583 2622 indubitanter
599 2591 700 2621 fuisse
719 2591 958 2631 Tlieophylacto
972 2592 1202 2631 adiudicatum.
1233 2597 1235 2600 '

171 2642 260 2678 talio,
275 2650 349 2673 eum
369 2649 441 2672 esse
462 2640 501 2671 ab
515 2641 669 2679 legitimis
681 2642 912 2681 ’l‘lieophylacti
930 2642 1081 2681 operibus
1097 2652 1179 2680 ριιοιτ

171 2691 255 2722 mina
270 2692 411 2728 Patrum,
430 2700 504 2731 qua:
521 2691 662 2722 citantur
677 2692 708 2721 in
726 2693 883 2731 margine,
897 2692 992 2723 etiam
1007 2693 1107 2723 semel
1127 2698 1139 2717 ι

170 2742 317 2779 debatur,
332 2746 533 2781 Θεοφύλακτος,
556 2741 801 2780 Theophylactus
818 2751 916 2773 occur

356 2746 533 2781 εοςρύλακτος,
556 2741 801 2780 Theophylactus
818 2742 1031 2779 occurrisset;
1049 2751 1082 2772 ac
1103 2753 1105 2767 ι

171 2796 291 2827 ibidem
307 2795 398 2826 allata
419 2799 543 2824 exstare
558 2795 588 2823 in
606 2795 845 2825 Commentario
861 2795 975 2825 editoa
993 2794 1066 2824 Sifa'

169 2857 233 2888 tur,
253 2856 348 2889 opus,
363 2847 398 2878 in
413 2856 477 2887 quo
492 2847 751 2886 Theultllylttttus
772 2848 840 2886 ipse
861 2847 987 2883 citatur,
1007 2861 1010 2870 -
