1897 3052
234 113 288 146 475
743 111 936 142 ΒΟΝΙΕΑΟΙΙ
951 112 1111 142 «ΕΙΝΕΤΤΙ
1133 112 1342 142 ΡΙίιΕΡᾸΤΙΟ.
1828 109 1882 141 476

235 168 512 207 οοηδῑὶῑυιυιη,ξυῑ
532 166 644 205 viginti
667 165 821 197 duntaxat
839 167 984 207 TheOplu

1136 167 1238 198 istolaa
1253 168 1312 198 hoc
1334 167 1366 197 in
1392 167 1557 198 volumine
1572 167 1683 198 sedem
1699 167 1880 198 haberent-

235 227 308 258 quas
332 219 473 249 nendum
501 216 660 256 publicam
685 217 787 246 lucem
805 223 1012 256 aspexerant;
1038 227 1108 248 cum
1135 226 1180 248 eae
1209 222 1332 248 tantum
1353 217 1430 248 huic
1456 218 1551 248 tertio
1576 218 1755 254 volumini,
1786 217 1881 255 Quod

233 268 366 300 ineditis
379 266 609 306 Theot'ihylacti
622 266 775 305 operibus
788 267 988 306 excipiendis
1015 267 1212 298 destinatum
1229 267 1261 298 in
1288 268 1400 305 primis
1426 271 1503 303 erat,
1524 267 1684 306 explendo
1699 267 1786 298 satis
1807 275 1878 297 esse

236 319 430 353 viderentur,
454 317 586 356 adjectis
614 321 718 347 tamen
744 318 872 348 duobus
899 318 1052 356 operibus
1077 319 1183 350 adhuc
1210 319 1352 354 ineditis,
1383 326 1522 358 quorum
1555 319 1693 348 alterum
1718 317 1883 355 Parisiis,

235 369 369 399 alterum
391 367 553 397 Florentia
576 367 847 405 praestolabamur.
870 368 930 398 Sed
950 368 1087 407 primum
1107 369 1185 399 illud
1199 377 1283 406 saepe
1299 369 1506 407 promissum,
1527 376 1691 407 nunquam
1708 367 1883 406 perlatum

233 417 271 448 ad
298 426 355 448 nos
378 422 435 447 est.
464 416 608 447 Alterum
637 417 768 456 quidem
785 417 986 456 accepimus;
1018 419 1073 449 sed
1104 418 1184 448 illud
1214 417 1488 456 perpendentibus
1515 417 1608 448 nobis
1638 425 1701 448 non
1721 417 1883 455 SUSpi.‘i0

233 467 398 503 duntaxat,
427 467 483 497 sed
516 471 599 497 certa
625 468 792 505 persuasio
810 467 938 503 insedit,
959 467 996 497 ad
1015 467 1290 506 TbeOphylactum
1310 466 1497 497 nullatenus
1522 466 1693 504 pertinere.
1710 467 1779 496 Nos
1804 474 1883 495 vero

235 519 266 547 iu
292 526 431 548 errorem
455 518 661 557 perduxerat,
691 527 762 558 quas
788 519 872 557 apud
909 519 1195 550 Montefalconium
1223 519 1340 558 legitur
1368 519 1400 548 in
1432 517 1583 549 Biblioth.
1611 518 1883 548 bibliothecarum

233 574 255 599 t.
276 571 300 604 Ι,
321 578 390 608 pag.
411 570 460 606 35,
487 569 655 601 imminuta
682 569 860 608 inscriptio,
883 578 954 609 quas
985 570 1156 609 sequitur:
1181 570 1358 600 Threnodia
1375 578 1472 608 super
1497 568 1592 598 beato:
1625 569 1788 598 memor-iw
1810 569 1881 598 ciro

235 620 274 649 D.
293 620 537 658 Theophylacto.
553 620 680 651 SciliCet
696 619 856 658 ejusmodi
874 619 988 650 titulus
1018 628 1076 650 nos
1103 623 1249 650 erexerat
1276 619 1308 649 in
1325 628 1428 658 spem,
1450 617 1668 652 'l'hrenodiam,
1685 618 1725 648 de
1739 626 1810 654 qua
1831 617 1883 646 hic

235 679 353 707 sermo,
371 680 473 710 genus
490 671 620 710 aliquod
635 673 790 702 orationis
807 671 953 702 funebris
971 680 1042 702 esse
1059 671 1092 701 in
1110 670 1391 709 Theophylaetum
1409 669 1469 708 iam
1492 673 1668 702 mortuum.
1699 678 1778 708 qua}
1805 668 1883 697 huic

240 722 395 752 volumini
418 731 454 753 ea
474 723 597 753 ratione
616 722 712 753 inseri
729 727 848 762 posset,
867 723 952 762 quod
970 722 1078 762 aliqua
1095 731 1133 752 ex
1151 722 1250 760 gestis
1276 721 1517 760 virtutibusque
1550 720 1596 758 (ut
1623 719 1654 750 in
1681 719 1883 758 ilUju‘l'DOtit

235 773 436 804 orationibus
462 775 606 805 accidere
620 775 714 815 solet)
742 775 833 806 illius
859 775 996 806 celebris
1019 774 1255 812 archiepiscopi
1289 773 1569 812 complecteretur.
1598 775 1636 804 At
1675 772 1743 802 sola
1782 771 1883 801 lectio

235 821 427 862 epigraphes
457 824 648 861 exemplaris
677 825 714 854 ad
747 831 806 854 nos
836 823 1011 854 transmissi
1059 823 1097 853 ab
1130 824 1217 854 omni
1253 823 1386 854 omnino
1419 832 1474 862 spe
1508 827 1538 853 et
1566 827 1791 861 prtecuttcepla
1823 831 1880 851 nos

236 873 391 910 opinione
409 874 544 914 dejecit;
563 874 604 904 ita
622 874 707 904 enim
727 883 760 904 se
781 874 875 904 habet
893 879 985 914 2991p

1147 878 1186 914 τῷ
1209 878 1353 914 μακαρίτῳ
1368 877 1445 913 κύρῳ
1467 878 1648 913 Θεοφυλάκτῳ
1675 877 1714 913 τῷ
1739 878 1879 904 Baltasa-

238 927 315 963 ρίτῳ,
336 923 529 954 Lumenmtio
550 933 646 963 super
662 924 763 964 felicis
787 925 941 953 memerita
964 925 1032 954 viro
1061 924 1186 954 domino
1213 924 1444 963 Theophylacto
1473 923 1671 954 Bclissarito.
1697 925 1803 954 Porro
1833 924 1882 954 vel

237 975 344 1014 ipsum
369 975 550 1006 Belissuriti
568 985 745 1015 cognomen
773 977 850 1006 satis
877 975 988 1015 procul
1018 976 1117 1007 dubio
1134 976 1260 1013 fuisSnt,
1288 981 1322 1006 ut
1345 976 1618 1015 Tthphylactum
1639 976 1726 1006 hunc
1757 985 1777 1006 δ
1802 975 1882 1005 Bul-

238 1033 386 1063 garorum
405 1025 648 1064 archiepiscopo
665 1034 921 1063 secerneremus,
937 1026 1064 1056 etiamsi
1087 1035 1160 1066 quae
1183 1026 1390 1057 continentur
1416 1027 1447 1056 in
1479 1027 1535 1056 hac
1556 1026 1700 1056 oratione
1734 1026 1878 1064 lugubri

237 1076 347 1116 aliquo
373 1076 468 1107 modo
489 1076 629 1106 fuissent
653 1076 813 1115 ambigua.
830 1077 889 1107 Sed
917 1080 947 1107 et
961 1085 1011 1107 res
1036 1077 1067 1107 in
1094 1077 1162 1116 ipsa
1190 1080 1348 1107 contentae
1369 1076 1644 1115 Theophylactum
1668 1075 1832 1107 exhibent
1864 1082 1879 1104 a

238 1129 349 1156 nostro
371 1125 463 1164 plane
483 1125 647 1156 diversum
664 1127 747 1155 :tota
767 1125 852 1155 enim
872 1125 1068 1163 impenditur
1082 1125 1117 1156 in
1134 1125 1332 1163 deplorando
1352 1126 1523 1156 immaturo
1545 1127 1677 1164 juvenis
1697 1126 1873 1165 cujusdam

237 1174 358 1205 nobilis
379 1173 523 1210 interitu,
542 1175 595 1214 qui
613 1182 684 1204 cum
702 1174 831 1212 generis
855 1173 1032 1210 nobilitate,
1052 1178 1119 1204 tum
1137 1174 1291 1204 virtutum
1309 1179 1496 1205 ornamento
1519 1177 1685 1214 prmstabat
1706 1188 1713 1206 :
1750 1175 1877 1215 quique

237 1226 313 1255 dum
330 1225 464 1255 Athenis
481 1225 588 1255 studio
604 1233 732 1264 operam
747 1227 845 1262 daret,
866 1226 1013 1257 faucibus
1027 1226 1145 1266 angina
1159 1227 1354 1263 interclusis,
1373 1227 1522 1266 migravit
1542 1238 1558 1258 υ
1586 1228 1659 1264 vita,
1685 1228 1772 1258 datis
1797 1233 1871 1258 ante

238 1275 388 1316 pluribus
408 1276 537 1315 pietatis
554 1276 697 1307 indiciis.
724 1278 805 1307 Eum
825 1277 921 1316 igitur
937 1277 1042 1308 solum
1067 1287 1106 1308 ex
1131 1278 1190 1308 hoc
1210 1278 1369 1317 opusculo
1384 1277 1522 1308 fructum
1545 1278 1662 1309 referre
1691 1283 1873 1315 potuerunt

237 1333 402 1358 curatores
420 1327 551 1358 istiusce
564 1327 726 1366 editionis,
744 1332 779 1357 ut
796 1328 894 1366 magis
908 1328 1074 1366 magisque
1089 1333 1283 1367 perspectam
1301 1328 1453 1358 omnibus
1476 1333 1686 1368 testatanzque
1700 1329 1876 1360 redderent

238 1379 452 1419 diligentiam,
471 1387 534 1418 qua
560 1378 608 1409 usi
633 1383 721 1414 sunt,
747 1379 914 1408 maximam
943 1378 974 1408 in
1003 1378 1236 1418 conquirendis
1260 1378 1417 1418 undique,
1446 1379 1535 1409 nulla
1575 1384 1724 1418 sumptus
1752 1381 1875 1411 ratione

240 1431 358 1465 habita,
378 1429 532 1468 operibus
558 1429 595 1459 ad
619 1427 895 1467 TheOphylactum
923 1432 1067 1458 nostrum
1094 1428 1338 1468 quomodolibet
1381 1429 1629 1468 pertinentibus.
1660 1431 1740 1461 Cum
1780 1431 1875 1470 igitur

239 1481 338 1519 hujus
355 1479 555 1517 alteriusque
573 1477 698 1509 defectu
712 1478 818 1516 operis
838 1486 902 1508 non
924 1486 1021 1516 pauca
1040 1477 1192 1508 deessent
1209 1478 1286 1509 folia
1303 1479 1340 1509 ad
1359 1479 1566 1516 praestitutam
1584 1479 1681 1519 hujus
1700 1480 1875 1512 voluminis

242 1530 369 1566 molem,
390 1532 564 1560 curatores
596 1526 751 1567 praadicti,
790 1525 958 1565 impressis
992 1527 1055 1566 jam
1083 1527 1229 1566 epistolis
1260 1527 1392 1566 viginti,
1431 1532 1462 1558 et
1493 1529 1601 1559 Graeco
1635 1529 1875 1561 Commentario

240 1579 446 1618 insequente,
474 1577 649 1610 consilium
682 1576 886 1615 capessivere
921 1577 970 1616 (ad
1004 1577 1103 1607 alium
1131 1581 1252 1607 tomum
1279 1581 1441 1608 reservato
1472 1586 1586 1618 opere,
1617 1580 1704 1617 quod
1741 1580 1875 1611 Parisiis

242 1629 476 1668 prtestolantur)
493 1627 665 1666 adiiciendi
690 1627 784 1657 etiam
805 1627 957 1665 epistolas
975 1635 992 1657 a
1019 1626 1161 1657 Meursio
1183 1631 1214 1657 et
1237 1627 1346 1657 Lamio
1366 1626 1480 1664 editas,
1503 1636 1542 1658 ne
1560 1631 1666 1658 tomus
1694 1629 1758 1660 iste
1785 1640 1874 1670 requa

243 1680 370 1709 brevior
392 1678 558 1714 evaderet;
586 1677 750 1716 simulque
775 1677 936 1708 celeritate
961 1685 1085 1708 summa
1108 1677 1241 1707 curandi
1261 1677 1373 1716 ipsius.
1402 1677 1662 1716 impressionem,
1692 1687 1731 1710 ne
1763 1681 1875 1711 erudi-

245 1733 352 1760 torum
378 1732 449 1759 vota
475 1728 599 1759 diutius
625 1727 848 1767 fatigarentur.
873 1728 956 1758 Hinc
978 1735 1054 1759 vero
1069 1727 1136 1766 ,hoc
1161 1727 1266 1758 solum
1291 1727 1486 1759 incommodi
1518 1729 1633 1760 accidit
1657 1729 1760 1769 (quod
1793 1732 1874 1762 enini

242 1780 401 1820 ejusmodi
421 1781 565 1820 epistolae
580 1782 618 1812 ab
634 1780 707 1811 aliis
723 1780 875 1820 sejunctas
892 1782 1062 1820 prodeant,
1080 1788 1138 1819 pro
1163 1779 1265 1811 nihilo
1293 1780 1473 1812 habendum
1492 1789 1561 1812 esse
1590 1790 1606 1811 a
1632 1782 1710 1812 viris
1733 1784 1875 1821 pruden-

242 1833 330 1864 tibus
347 1833 434 1873 puto)
450 1833 537 1873 quod
554 1823 777 1863 Marinerianze
799 1831 958 1863 versionis
978 1831 1250 1868 emendationem,
1271 1840 1366 1871 quam
1402 1832 1533 1871 aggredi
1559 1840 1595 1863 ac
1619 1833 1775 1871 perﬁcere
1798 1838 1872 1863 stato

243 1889 388 1924 tempore
409 1883 653 1920 constitueram,
677 1886 768 1922 capto
790 1890 806 1913 a
838 1882 1043 1913 curatOribus
1066 1891 1150 1913 novo
1176 1883 1409 1922 inopinatoque
1440 1885 1590 1921 consilio,
1615 1889 1645 1915 et
1680 1894 1713 1915 re
1737 1885 1873 1915 maxime

244 1938 422 1973 prOperata,
445 1939 593 1973 prmstare
614 1942 677 1964 non
697 1933 868 1972 potuerim.
889 1934 925 1963 At
943 1933 1125 1964 versionem
1150 1933 1234 1964 illam
1253 1934 1453 1965 tolerabilem
1474 1935 1512 1965 ad
1534 1935 1640 1966 minus
1659 1944 1746 1972 esse,
1765 1937 1814 1967 vol
1838 1945 1871 1966 ex

243 1994 282 2018 eo
303 1986 379 2016 mihi
401 1987 591 2025 persuadeo,
614 1985 700 2025 quod
729 1985 870 2021 Lamius,
897 1985 946 2014 vir
972 1985 1194 2022 doctissimus,
1219 1985 1386 2025 Graecique
1410 1986 1570 2017 idiomatis
1583 1986 1816 2024 peritissimus,
1842 1988 1870 2016 in

243 2039 362 2069 celebri
379 2039 520 2070 editione
536 2038 731 2074 Meursiana,
750 2038 800 2069 cui
817 2041 944 2077 prmest,
962 2046 1031 2068 eam
1059 2038 1219 2074 collocare
1237 2046 1302 2069 non
1319 2037 1485 2069 dubitarit.
1504 2037 1628 2068 Nullam
1650 2038 1752 2077 igitur
1769 2039 1803 2068 in
1827 2039 1870 2068 bis

244 2091 378 2122 edendis
395 2091 544 2129 epistolis
561 2091 630 2130 ipse
648 2099 777 2129 Operam
796 2090 902 2127 posui,
923 2090 1069 2129 adeoque
1097 2089 1178 2120 nihil
1206 2090 1246 2120 de
1271 2089 1386 2120 iisdem
1409 2094 1557 2128 superest
1583 2089 1661 2119 mihi
1688 2089 1866 2119 dicendum.

244 2144 282 2173 Et
296 2143 362 2173 haec
376 2143 480 2182 quoad
498 2143 644 2182 singulas
660 2143 757 2182 hujus
775 2142 951 2173 voluminis
969 2146 1085 2181 partes.
1106 2143 1197 2172 Nunc
1224 2150 1324 2181 pauca
1351 2142 1389 2171 de
1409 2141 1560 2172 versione
1588 2149 1669 2177 mea,
1690 2141 1868 2179 additisque

246 2194 342 2230 uotis,
367 2197 536 2232 antequam
556 2193 774 2225 Prwfationem
792 2193 936 2229 absolvo,
952 2192 1091 2232 adjicere
1109 2192 1210 2223 lubet.

286 2255 403 2285 XLIX.
427 2255 510 2285 Usus
526 2264 597 2286 sum
618 2256 766 2286 liberiore
782 2255 944 2286 versionis
969 2263 1104 2294 genere;
1132 2263 1196 2285 non
1218 2255 1362 2294 quidem,
1393 2258 1428 2285 ut
1447 2262 1516 2285 eam
1544 2254 1712 2284 redderem
1743 2255 1868 2292 elegan-

249 2304 374 2344 tiorem,
395 2306 447 2336 sed
472 2310 504 2336 ut
521 2305 689 2337 clariorem
708 2306 875 2345 magisque
895 2307 1109 2345 perspicuam.
1128 2306 1255 2336 Etenim
1275 2305 1310 2335 in
1336 2313 1373 2335 ea
1399 2313 1526 2343 semper
1547 2303 1706 2334 sententia
1721 2303 1783 2337 fui,
1803 2309 1867 2333 eum

247 2356 330 2387 haud
350 2355 488 2394 perfecte
514 2356 605 2395 fungi
630 2356 814 2396 interpretis
835 2365 980 2392 munere,
1009 2356 1066 2395 qui
1102 2361 1247 2387 accurate
1272 2356 1404 2395 quidem
1427 2357 1523 2386 verba
1548 2355 1720 2386 transferre
1747 2354 1865 2392 satagit,

247 2407 386 2441 auctoris
404 2416 479 2438 vero
494 2416 627 2439 sensum
648 2408 822 2439 obscurum
841 2409 1008 2448 relinquit.
1027 2409 1131 2448 Hujus
1156 2409 1317 2448 siquidem
1342 2407 1588 2446 explicationem
1607 2406 1813 2446 potissimum
1834 2406 1865 2435 ad

248 2458 452 2497 interpretem
476 2458 649 2496 pertinere,
676 2463 758 2498 patet
789 2460 836 2490 vel
865 2468 904 2490 ex
935 2467 974 2490 eo
1004 2459 1090 2498 quod
1120 2459 1141 2488 ii
1167 2459 1262 2490 etiam
1287 2458 1342 2497 qui
1368 2458 1548 2498 cujuspiam
1569 2457 1711 2488 auctoris
1741 2463 1864 2488 sensum

248 2502 424 2542 tametsi‘i‘n
454 2508 564 2538 eadem
594 2508 717 2548 lingua,
742 2509 909 2541 clariorem
939 2510 1088 2545 reddunt,
1119 2509 1244 2540 soleant
1272 2510 1461 2548 interpretes
1491 2508 1658 2547 appellari.
1683 2509 1864 2547 Plerumque

251 2557 349 2598 igitur
378 2558 410 2588 in
445 2558 476 2588 id
511 2559 731 2590 tantummodo
766 2559 918 2596 laboravi,
937 2563 971 2590 ut
987 2567 1118 2590 sensum
1136 2567 1232 2598 quem
1248 2558 1391 2589 auctoris
1410 2559 1506 2589 verba
1521 2557 1713 2597 diligentius
1736 2563 1862 2592 expensa

253 2610 419 2640 continere
436 2609 564 2647 censui,
591 2610 712 2649 phrasi,
741 2610 847 2650 quoad
878 2611 980 2649 potui,
1012 2609 1160 2645 clariore,
1186 2608 1359 2647 verbisque
1382 2608 1651 2648 tequivalentibus
1678 2607 1862 2638 exhiberem.

251 2658 362 2689 Sicubi
381 2667 455 2690 vero
469 2659 610 2690 auctoris
634 2668 725 2690 mens
747 2660 853 2690 minus
870 2664 954 2690 certa
972 2658 1203 2698 explorataque
1221 2658 1300 2689 mihi
1325 2659 1395 2689 visa
1422 2661 1481 2695 est,
1498 2661 1565 2688 tum
1588 2657 1734 2696 pressius
1759 2657 1863 2687 hmrere

254 2709 361 2740 verbis
376 2709 558 2740 consultius
578 2710 772 2746 existimavi,
799 2716 892 2741 acuto
923 2708 1045 2740 Lectori
1062 2711 1250 2747 potestatem
1276 2712 1309 2740 ut
1329 2708 1466 2740 facerem
1481 2717 1519 2739 ea
1536 2712 1570 2739 ut
1594 2708 1655 2738 sibi
1675 2706 1862 2746 probabilius

256 2759 418 2789 videretur
440 2758 684 2798 interpretandi.
709 2760 745 2789 lu
770 2758 956 2798 hujusmodi
980 2757 1131 2796 scopulos
1152 2759 1251 2789 semel
1276 2761 1307 2788 et
1338 2757 1454 2788 iterum
1482 2757 1583 2788 incidi
1607 2757 1686 2787 dum
1719 2760 1862 2787 verterem

257 2809 427 2847 Epistolas,
452 2818 524 2849 quae
553 2808 629 2841 mihi
658 2809 778 2849 ubique
803 2808 1094 2846 ditlicilcs,alicubi
1123 2808 1199 2840 visae
1226 2812 1301 2839 sunt
1332 2807 1426 2839 etiam
1446 2808 1522 2840 satis
1549 2808 1704 2838 obscurae.
1729 2807 1862 2839 Fortasse
