1897 3052
42 148 87 179 477
552 145 764 175 LAURENTII
781 145 791 174 ξ

932 146 1139 176 ΡΒᾹΞΡΑΤΙΟ.
1607 143 1659 175 4τ8

42 199 293 240 ’l'heophylaetus
327 198 359 230 in
382 199 438 230 eis
464 199 707 230 conscribendis
735 198 871 229 clariore
893 198 978 238 style
1007 208 1085 230 usus
1103 208 1165 230 non
1194 204 1252 237 est,
1270 200 1346 240 quia
1369 201 1406 231 ad
1431 200 1605 231 familiares
1628 204 1660 231 et

44 243 230 284 domesticos
251 252 411 288 scribens,
429 251 549 282 clarius
565 260 637 282 sese
653 251 815 291 explicare
834 255 888 282 aut
901 252 1043 291 neglexit
1065 257 1119 283 aut
1141 253 1259 284 noluit.
1286 254 1320 284 1n
1349 252 1446 284 variis
1466 253 1543 284 tomi
1563 253 1661 292 hujus

45 305 188 343 operibus
210 313 227 335 a
253 313 306 336 me
323 305 432 335 Latine
468 305 602 335 redditis
632 305 853 336 diversitatem
882 305 1021 344 aliquam
1052 305 1085 335 in
1126 305 1194 344 ipsa
1211 305 1360 336 versione
1386 304 1521 336 fortasse
1550 306 1661 335 Lector

43 358 185 391 offendet,
210 357 252 387 ita
270 361 302 387 ut
319 359 415 387 modo
439 357 552 396 magis,
570 358 666 388 modo
680 358 789 388 minus
806 357 963 388 elaborata
975 357 1002 388 ei
1021 357 1169 388 videatur
1181 362 1276 397 atque
1294 357 1452 396 expolita;
1466 357 1660 396 quandoque

44 409 127 438 etiam
151 407 266 446 magis,
297 408 494 446 ouandoque
529 407 637 438 minus
664 407 894 447 TheOphylacti
923 406 1029 438 verbis
1061 407 1199 437 astricta.
1233 406 1330 446 Cujus
1368 406 1565 437 diversitatis
1590 413 1660 436 eam

43 466 158 489 causam
184 466 257 489 esse
275 462 365 495 sciat,
381 458 468 497 quod
487 466 546 497 ego
563 466 625 489 non
649 459 863 493 continenter,
877 457 933 487 sed
954 465 1009 496 per
1034 456 1117 487 varia
1136 456 1290 495 temporis
1310 455 1485 494 intervalla,
1514 456 1660 495 adeoque

44 512 69 538 et
91 507 172 538 varia
196 512 291 539 utens
315 508 462 547 corporis
484 508 680 543 valetudine.
709 508 870 548 variisque
898 508 985 538 curis
1009 510 1081 542 plus
1112 508 1261 538 minusve
1284 507 1458 544 distentus,
1493 505 1658 537 versiones

45 558 219 597 lmjnsmodi
237 558 453 589 elucubrarim
483 571 491 592 :
520 559 607 590 unde
626 558 768 598 aliquam
797 558 873 598 styli
906 562 1004 598 atque
1033 557 1308 597 interpretationis
1333 557 1553 588 diversitatem
1580 556 1658 587 oriri

45 618 164 640 necesse
183 609 258 640 fuit.
272 598 387 646 Quoad
402 614 492 641 notas
508 611 632 646 attinet,
653 610 780 641 noverit
796 611 920 647 Lector,
937 619 988 642 me
1004 610 1139 641 minime
1154 610 1187 641 id
1209 610 1351 642 muneris
1368 609 1446 640 mihi
1468 609 1658 648 sumpsisse,

44 667 72 691 ut
87 663 167 694 notis
194 663 235 694 de
252 666 341 694 more
357 662 514 702 subjectis
536 661 768 702 Theophylacti
788 670 885 701 opera
902 662 1099 693 illustrarem
1119 674 1126 693 :
1144 670 1251 702 neque
1268 661 1355 692 enim
1371 670 1505 692 necesse
1531 661 1562 691 id
1583 665 1661 697 erat,

45 723 138 751 neque
156 722 214 753 per
229 712 458 752 occupationes
475 721 563 743 meas
586 718 616 743 et
635 712 781 751 COrporis
800 711 1016 743 valetudinem
1035 717 1186 752 praestare.
1199 712 1231 743 id
1260 711 1342 743 mihi
1368 711 1525 742 licuisset.
1551 711 1660 741 Solum

46 764 132 803 io'itur
149 770 242 795 notas
263 764 388 804 aliquas
402 763 555 803 operibus
578 772 596 795 a
615 773 664 795 me
698 763 860 794 translatis
877 763 935 794 hac
953 763 1093 803 illacque
1115 763 1249 803 aspersi,
1276 763 1333 793 ubi
1356 762 1405 793 vel
1435 762 1534 800 major
1553 761 1661 800 aliqua

47 823 150 852 urgere
166 814 347 845 necessitas
366 814 547 851 videbatur,
565 814 612 845 vel
631 818 812 854 proruptum
833 814 968 845 omnino
983 819 1060 851 erat,
1077 815 1163 854 quod
1181 815 1377 845 adnotarem.
1401 812 1482 843 lllud
1501 815 1660 851 postremo

46 864 106 894 loco
122 865 321 895 tnonendum
342 868 505 903 superest,
519 873 617 895 sacrm
632 864 804 904 Scripturaa
822 866 929 894 textus
947 863 1036 902 juxta
1052 863 1234 892 versionem
1249 861 1416 900 Vulgalam
1433 860 1579 891 attulisse
1597 869 1660 894 me.

44 921 72 945 ut
86 916 319 947 Catholicorum
346 916 402 956 qui
429 916 458 946 ei
473 918 593 947 assueti
625 920 713 951 sunt,
735 916 905 947 commodo
931 914 1107 955 praesertim
1135 914 1345 950 inservirem;
1370 917 1466 952 atque
1492 921 1555 943 non
1581 912 1662 943 Neri

44 968 195 1003 duntaxat,
228 967 285 998 sed
312 967 407 998 etiam
430 967 557 997 Veteris
581 967 778 997 Testamenti
807 966 901 998 verba
932 966 1097 997 efferendo
1123 976 1130 996 :
1160 965 1233 995 licet
1257 963 1528 1003 Theophylaetus,
1552 967 1662 1002 utpote

43 1019 158 1048 Grazcus
186 1021 310 1053 auctor,
328 1015 433 1055 quoad
466 1015 660 1052 secundum,
684 1019 794 1046 utatur
810 1017 960 1047 versione
986 1020 1047 1046 Τῶν
1075 1015 1172 1045 LXX.
1202 1015 1280 1045 Cum
1305 1022 1381 1044 vero
1401 1012 1542 1052 Vulgata:
1569 1013 1662 1043 verba

43 1070 114 1098 adeo
128 1066 296 1097 dilferrent
314 1075 332 1098 a
347 1066 453 1097 verbis
470 1075 526 1104 per
536 1066 812 1106 'I‘heOphyleetum
830 1066 946 1102 allatis,
961 1070 995 1097 ut
1010 1065 1080 1106 ejus
1106 1065 1160 1096 fini
1182 1065 1316 1096 minime
1334 1067 1549 1096 consentanea
1567 1064 1661 1095 vide-

45 1122 154 1155 rentur,
173 1122 250 1148 tune
263 1117 407 1156 pressius
435 1124 472 1147 ea
489 1121 611 1147 vertere
629 1115 847 1148 necessarium
865 1117 999 1147 omnino
1016 1117 1120 1147 visum
1139 1119 1200 1147 est.

78 1168 108 1197 L.
130 1167 198 1198 .lam
223 1175 312 1205 vero,
340 1167 439 1198 lector
466 1167 598 1206 optime,
629 1167 727 1198 habes
757 1166 915 1202 omnium,
947 1176 1020 1206 qua:
1047 1172 1153 1198 tomus
1181 1167 1242 1198 iste
1267 1166 1500 1206 complectitur,
1527 1173 1661 1204 operum

47 1215 218 1255 laborisque
236 1225 253 1247 a
271 1224 320 1246 me
334 1216 365 1246 in
382 1224 421 1247 eo
436 1216 593 1255 insumpti
612 1215 782 1246 rationem.
798 1216 909 1253 Quoad
927 1215 1090 1255 duplicem
1113 1216 1199 1246 enim
1216 1216 1368 1250 Iudicem,
1384 1216 1527 1246 Graecum
1544 1221 1659 1251 unum,

45 1267 237 1306 alterumque
253 1266 413 1302 Latinum,
430 1274 512 1306 quos
533 1270 694 1305 postremo
721 1265 792 1296 loco
809 1265 923 1304 adjeci,
950 1265 1029 1296 nihil
1055 1265 1168 1300 habeo,
1191 1265 1278 1304 quod
1296 1264 1410 1298 dicam.
1430 1263 1490 1294 nisi
1509 1271 1557 1293 me
1572 1262 1603 1292 in
1621 1271 1660 1293 eo

46 1323 195 1355 spectasse
212 1318 372 1349 delectum
392 1318 500 1356 potius
515 1325 610 1357 quam
623 1317 759 1354 copiam.
776 1315 862 1346 Nihil
888 1316 983 1346 etiam
998 1318 1038 1346 de
1063 1315 1285 1355 impressionis
1301 1318 1445 1346 accurata
1462 1312 1661 1345 correctione

46 1368 155 1406 dicam;
169 1369 290 1409 quippe
310 1378 382 1409 quae
403 1369 441 1400 ad
464 1378 513 1400 me
531 1376 594 1399 non
616 1370 750 1407 spectat,
766 1366 824 1397 sed
840 1366 878 1397 ad
894 1375 969 1398 eum
990 1367 1046 1406 qui
1062 1367 1238 1406 speeimina
1263 1367 1416 1398 correxit.
1435 1366 1547 1398 Solum
1564 1365 1663 1405 igitur

45 1427 121 1449 nunc
146 1422 308 1457 superest,
337 1423 373 1450 ut
397 1422 426 1449 te
451 1418 547 1450 etiam
570 1421 668 1457 atque
699 1418 794 1448 etiam
824 1424 947 1456 rogem,
978 1425 1084 1448 meum
1113 1416 1199 1447 hunc
1233 1416 1492 1456 qualemcunque
1521 1416 1662 1446 laborem

45 1474 73 1498 ut
87 1469 110 1498 si
130 1469 264 1508 probare
282 1469 414 1500 omnino
429 1477 492 1500 non
522 1469 639 1508 possis,
660 1471 808 1499 conatum
827 1467 940 1498 saltem
973 1476 1079 1498 meum
1103 1475 1196 1507 aequo
1212 1472 1367 1507 gratoque
1392 1468 1499 1499 animo
1515 1467 1662 1508 excipere

45 1520 128 1550 velis.

45 1731 216 1771 Nobilibus.
232 1732 398 1771 generosis
415 1734 511 1767 atque
530 1729 862 1771 magniticisvirisp.
879 1731 985 1761 Marco
1002 1732 1159 1762 etJoanni
1176 1733 1339 1771 Funeratus
1350 1730 1515 1771 fratribus,
1531 1728 1662 1771 Antonii

78 1770 161 1807 ﬁliis,
176 1768 384 1810 KirEhpergze
403 1775 432 1801 et
449 1768 697 1810 Weissenliorni
716 1768 993 1810 baronibusteteq
1010 1771 1152 1801 dominis
1179 1770 1249 1801 suis
1274 1769 1474 1801 charissimis
1491 1773 1521 1800 et
1551 1768 1663 1800 amicis

77 1811 222 1846 summis,
246 1808 439 1841 Laurentius
457 1809 633 1846 SlFANUS,
646 1808 882 1845 Prunsfeldius,
898 1809 928 1839 J.
945 1809 980 1840 U.
999 1810 1126 1847 Doctor,
1143 1811 1173 1840 ς.
1190 1811 1222 1841 Ρ.
1242 1811 1277 1840 D.

83 1926 148 1954 Cum
176 1926 278 1954 abhinc
301 1925 459 1957 triennium,
489 1925 538 1952 viri
568 1926 705 1960 generosi,
725 1926 864 1954 Arnoldus
886 1926 1098 1958 Bireomannus,
1121 1926 1329 1963 Agrippinensis
1354 1924 1511 1960 bibliopola,
1529 1925 1579 1953 hoc
1596 1931 1666 1961 opus

45 1975 205 2002 sclroliorum
222 1975 250 2001 in
271 1975 337 2002 Acta
353 1974 504 2010 apostolica
521 1973 575 2001 divi
589 1973 680 2006 Lucae,
698 1982 730 2001 ex
747 1975 857 2002 Austria
879 1982 894 2002 a
917 1975 1072 2002 clarissimo
1089 1974 1148 2002 viro
1168 1975 1199 2003 Ι).
1214 1974 1319 2003 Joanne
1342 1975 1480 2002 Sambuco
1499 1975 1532 2000 ad
1551 1983 1579 2001 se
1596 1975 1666 2001 niis-

46 2027 109 2051 sum,
124 2020 191 2047 mihi
209 2020 381 2048 exhibuisset
396 2028 404 2047 :
420 2019 492 2054 quod
510 2024 568 2046 erat
585 2019 726 2053 exemplar
738 2020 903 2052 obsoletum,
919 2024 946 2047 et
968 2020 1129 2055 compendio
1147 2021 1298 2048 litterarum
1328 2021 1395 2047 adeo
1414 2020 1571 2047 intricatum
1583 2025 1666 2055 atque

45 2068 226 2100 obscuratum,
241 2072 271 2095 ut
285 2067 318 2095 ab
337 2068 482 2095 admodum
501 2067 596 2102 paucis
609 2067 731 2095 Coloniae
747 2068 799 2102 legi
819 2073 920 2102 posset,
938 2076 1043 2096 mecum
1060 2075 1140 2104 agere
1156 2069 1249 2102 erepit,
1262 2072 1291 2095 ut
1303 2068 1471 2102 susciperem
1486 2068 1543 2102 ejus
1558 2068 1665 2095 descri-

45 2115 116 2142 bendi
131 2116 264 2143 laborem.
280 2115 357 2142 llaud
375 2115 449 2143 enim
468 2115 611 2150 ignorabat
625 2123 668 2142 me
692 2115 757 2142 olint
775 2116 889 2143 Lutetia?
906 2117 1042 2151 ejusmodi
1059 2116 1249 2144 describendis
1266 2116 1383 2144 vetustis
1398 2116 1538 2143 codicibus
1558 2115 1664 2144 Grzrcis

46 2161 227 2194 exercitatum,
245 2161 316 2189 haud
336 2162 451 2189 multum
464 2162 490 2188 in
506 2161 624 2189 lectione
649 2169 710 2189 esse
730 2162 931 2190 laboratur-uin.
950 2162 1006 2198 Ego
1031 2170 1097 2190 vero
1124 2171 1185 2190 cum
1211 2162 1388 2196 intelligerem
1407 2170 1469 2189 eum
1502 2170 1570 2196 opus
1596 2162 1663 2189 illud

46 2205 129 2234 Grtcee
143 2207 226 2234 simul
243 2211 270 2234 et
286 2207 381 2234 Latine
401 2208 544 2242 divulgare
567 2209 592 2234 in
611 2208 705 2235 animo
719 2208 830 2240 habere,
859 2209 1001 2243 cupiebam
1018 2209 1127 2244 quidem
1147 2213 1174 2235 et
1191 2209 1228 2236 illi
1241 2216 1289 2244 pro
1308 2208 1429 2235 amicitia
1447 2216 1549 2236 morem
1567 2215 1664 2243 gerere

46 2256 66 2276 et
82 2253 194 2285 publica:
211 2253 324 2280 utilitati
342 2253 489 2281 consulere
506 2262 514 2287 ;
530 2254 577 2281 sed
593 2253 749 2281 deterrebat
766 2262 809 2281 me
824 2262 885 2281 cum
900 2255 1044 2290 scriptura:
1059 2255 1167 2282 exilitas
1184 2255 1272 2282 oculis
1293 2255 1414 2288 inimica,
1432 2259 1488 2281 tum
1507 2255 1661 2290 exemplum

48 2301 127 2327 minus
143 2301 329 2334 emendatum,
345 2302 495 2336 praisertim
511 2309 573 2329 cttm
591 2302 701 2330 deesset
714 2302 788 2329 aliud
811 2302 997 2337 apograplium
1016 2305 1089 2331 unde
1111 2303 1208 2338 corrigi
1230 2303 1311 2337 hujus
1326 2307 1407 2338 atque
1429 2302 1569 2330 emendari
1596 2303 1660 2330 vitia

48 2352 156 2376 |035Htl.
174 2347 279 2381 Itaque,
308 2355 464 2383 quanquam
482 2356 563 2383 a‘gre,
593 2348 719 2376 conceSsi
739 2353 828 2376 tamen
853 2349 967 2384 petenti,
985 2354 1012 2377 et
1039 2358 1095 2377 rem
1112 2350 1221 2385 suscepi
1243 2359 1250 2378 :
1267 2354 1293 2377 et
1309 2358 1370 2377 cum
1397 2350 1512 2376 vitanda:
1528 2349 1663 2383 pestifera1

46 2394 204 2428 (alitagionis
220 2401 302 2421 causa
318 2402 360 2421 me
373 2394 400 2420 in
417 2395 531 2429 patriam
545 2402 578 2422 ex
601 2395 669 2422 urbe
684 2395 861 2429 recepissem,
877 2394 949 2429 apud
965 2394 1096 2422 Jacobum
1113 2396 1280 2423 Panhusinm
1294 2395 1418 2422 abbatem
1436 2395 1553 2422 cmuobii
1573 2394 1663 2421 Stein-

47 2438 127 2470 veldii,
143 2439 232 2466 virutn
250 2444 278 2466 et
302 2438 412 2470 litteris,
429 2443 456 2466 et
475 2440 587 2474 pietate,
616 2444 643 2466 et
669 2439 811 2475 prudentia
835 2440 1053 2473 ornatissimum,
1071 2441 1122 2468 hoc
1136 2449 1204 2475 opus
1221 2442 1290 2469 haud
1308 2441 1368 2469 sine
1388 2441 1508 2468 maxian
1521 2441 1613 2468 labore
1630 2447 1661 2466 ac

48 2484 143 2513 laesione
160 2487 303 2514 oculorum
317 2487 450 2522 descripsi
467 2496 474 2517 ς
494 2487 567 2522 quod
587 2487 632 2514 ubi
655 2487 850 2522 transcriptum
869 2488 1051 2515 Bircomanno
1068 2488 1178 2514 tradidi.
1195 2489 1240 2516 ille
1253 2497 1334 2523 porro
1350 2495 1455 2515 mecum
1470 2495 1549 2523 agere
1568 2487 1663 2523 coepit,

47 2536 71 2557 Ill
86 2533 152 2566 quod
165 2534 375 2568 descripseram,
391 2534 472 2561 etiam
489 2539 678 2562 converterem
695 2535 721 2562 in
734 2542 887 2562 scrmonetn
903 2535 1042 2562 Latinum.
1056 2535 1112 2570 Ego
1127 2543 1191 2561 vero
1206 2536 1297 2571 (quod
1315 2536 1386 2563 haud
1405 2535 1561 2571 ignorabam
1578 2542 1663 2569 quau-

48 2582 129 2611 lupere
144 2579 208 2606 mihi
221 2580 392 2606 aestuandum
411 2586 495 2615 atque
508 2581 661 2608 sudandum
678 2586 748 2609 esset
764 2581 790 2607 in
807 2589 901 2616 opere,
920 2581 1001 2616 cujus
1015 2589 1099 2608 unum
1116 2581 1249 2608 duntaxat
1263 2585 1384 2609 exstaret
1398 2581 1562 2616 exemplum,
1580 2580 1661 2615 idque

49 2625 129 2651 multis
146 2625 172 2652 in
189 2626 256 2653 locis
273 2626 402 2652 mutilum
418 2630 500 2661 atque
513 2626 716 2662 depravatum),
732 2627 930 2662 aliquantisper
949 2633 1105 2661 cunctatus,
1123 2628 1231 2655 tandem
1251 2628 1391 2659 Ecclesiae,
1404 2628 1430 2654 in
1449 2632 1501 2654 tam
1520 2627 1578 2655 utili
1593 2635 1662 2662 prte-

48 2672 129 2698 sertim
155 2681 187 2700 ac
207 2675 253 2708 pio
270 2681 362 2709 opere,
386 2674 514 2709 juvanda:
535 2675 638 2708 studio,
659 2680 740 2710 atque
762 2677 843 2703 etiam
861 2676 995 2704 tolerabili
1017 2684 1032 2702 a
1052 2675 1235 2703 Bireomanno
1249 2675 1387 2710 proposita
1414 2675 1581 2708 conditione,
1603 2683 1659 2703 rem

48 2723 180 2751 aggressus
198 2727 258 2746 sum
277 2728 285 2746 :
302 2727 333 2746 ac
358 2719 403 2746 vix
433 2720 541 2747 tandem
557 2720 672 2748 absolvi.
692 2720 758 2748 Nam
775 2729 975 2757 sapenutnero,
998 2722 1061 2749 dum
1083 2722 1109 2748 in
1126 2721 1185 2749 loca
1203 2721 1295 2748 mutila
1311 2724 1392 2755 atque
1408 2727 1533 2756 corrupta
1557 2720 1659 2748 incide-

48 2761 202 2795 bam,t;cdio
226 2765 326 2792 laboris
352 2766 510 2801 frequenter
535 2767 616 2800 irriti,
632 2776 664 2796 ac
685 2770 883 2804 propemodum
909 2769 1100 2804 desperatione
1118 2769 1155 2796 rei
1183 2768 1297 2796 feliciter
1321 2767 1493 2795 absolvenda‘
1511 2767 1593 2803 (cum
1610 2775 1659 2796 nec

47 2815 142 2844 semper
157 2811 244 2838 otium
260 2812 354 2847 esset),
371 2813 406 2840 ab
418 2820 500 2848 opere
515 2815 633 2847 cessavi,
645 2815 716 2850 quod
735 2816 896 2851 plerumque
911 2815 993 2843 etiam
1011 2815 1100 2843 facere
1115 2815 1199 2847 soleo,
1212 2815 1256 2842 tibi
1275 2814 1340 2842 mihi
1357 2814 1413 2848 ipsc
1427 2821 1480 2840 non
1501 2813 1656 2842 satisfacio;

48 2863 89 2885 nec
101 2858 170 2886 enim
184 2859 251 2888 mihi
267 2862 431 2896 persuadere
446 2869 571 2898 pOSsuut,
593 2863 626 2891 ab
642 2863 702 2892 aliis
715 2863 859 2899 probatum
876 2864 920 2897 iri,
935 2864 1007 2899 quod
1024 2864 1202 2899 miliimetipsi
1211 2863 1360 2899 displiceat.
1377 2861 1469 2897 Itaque
1481 2869 1541 2889 cum
1558 2869 1654 2897 perpe-
