1897 3052
153 165 204 196 467
674 165 867 196 BONIFACII
883 167 1040 203 FINETTI
1059 168 1255 198 Pit/EFATIO
1725 168 1779 199 468
1804 204 1810 209 ἡ

154 222 320 253 videretur
339 223 473 261 ipsemet
491 222 685 259 Ludovicus,
704 227 734 254 et
748 223 852 263 qualis
872 228 947 255 tunc
963 224 1162 264 essetquoad
1178 225 1321 265 corporis
1337 225 1502 265 animique
1514 225 1617 262 dotes,
1633 225 1777 263 etqualis

154 273 249 302 etiam
266 271 398 303 futurus
416 281 587 311 progressu
607 274 760 313 temporis
777 278 862 304 esset
877 278 930 305 aut
944 283 1015 305 esse
1039 274 1181 306 deberet.
1195 275 1263 306 Etsi
1293 284 1368 307 vero
1389 276 1526 314 epistola
1541 275 1776 314 nuncnpatoria

143 323 270 362 ‘scripta
289 324 330 353 sit
347 325 455 355 Romae
469 332 566 360 anno,
589 329 621 354 ut
636 325 791 361 diximus,
806 326 894 363 1650,
915 325 1014 356 editio
1031 329 1135 357 tamen
1152 327 1283 358 nonnisi
1302 335 1387 358 anno
1403 327 1596 366 insequente
1611 327 1699 363 1651Ί
1720 335 1775 356 ea-

153 382 216 412 que
232 381 295 403 non
311 375 430 411 Romae,
448 375 504 406 sed
522 375 656 406 Parisiis
675 381 783 407 secuta
797 379 844 406 est
862 376 946 416 typis
969 376 1080 415 regiis,
1098 377 1276 413 volumine,
1294 381 1328 408 ut
1344 377 1447 412 aiunt,
1463 377 1641 415 iit-quarto.
1655 376 1776 406 Inserta

137 414 359 465 {postmodum
374 429 422 455 est
438 427 563 465 corpori
581 427 761 467 Byzantium
775 414 930 465 historiae,
949 414 1142 467 tomio,juxta
1158 429 1308 461 Venetam
1322 414 1597 466 editionemﬁlx;
1615 429 1688 460 inde
1702 436 1778 460 vero

152 475 185 505 in
205 474 264 505 hoc
283 476 432 507 translata
449 477 599 509 volumen
617 481 677 509 est.
696 479 848 517 Tempus,
865 487 930 517 quo
943 478 1023 510 hanc
1038 478 1297 518 Theophylactus
1314 479 1451 519 opellam
1471 479 1691 510 verosimilius
1707 480 1779 509 elu-

151 525 309 564 cubravit,
325 526 445 557 videsis
457 526 489 558 in
505 528 632 566 przeviae
645 528 886 559 Dissertationis
901 529 1144 559 n.Vlll.Graeco
1160 529 1261 560 textui
1273 529 1453 561 versionem
1471 530 1592 560 addidit
1605 529 1779 568 elegantis-

150 577 264 608 simam
276 577 316 609 ab
332 587 367 609 se
381 578 669 611 elahoratamidem
683 581 855 615 Possinus;
873 589 968 620 quam
985 584 1091 611 tamen
1120 584 1287 620 propterea
1314 581 1464 612 nonnulli
1478 581 1778 619 reprehendendam

152 632 297 665 censent,
310 628 385 668 quia
401 629 546 661 nitidiori
564 631 755 670 puriorique
769 631 854 670 style
869 630 1012 661 intentus
1025 639 1041 661 a
1056 631 1284 671 Theophylacti
1297 631 1401 663 verbis
1416 631 1512 670 paulo
1529 631 1664 661 liberius
1676 639 1781 670 quan-

152 679 259 718 doque
278 683 418 718 vagatur.
437 680 497 711 Sed
519 689 578 720 ego
594 680 644 712 sin
661 681 794 712 omnino
827 681 1038 719 probandum,
1056 682 1168 712 saltem
1199 682 1418 713 excusandum
1447 689 1566 712 censeo
1594 680 1779 716 Possinum,

151 733 228 764 dum
246 733 442 773 eloquentiae
456 741 534 770 sum,
552 742 614 773 qua
631 733 768 764 maxime
786 732 961 771 prmstabat,
978 732 1113 764 ﬂumine
1130 737 1253 772 raptus,
1276 733 1358 764 intra
1374 733 1540 772 rigidioris
1556 731 1716 762 versionis
1737 731 1779 761 li-

152 784 246 814 mites
263 792 335 814 sese
355 783 507 815 cohibere
524 792 588 815 non
605 784 730 823 potuit;
748 784 926 823 maluitque
940 792 1035 815 sensa
1054 784 1190 815 reddere
1214 784 1355 815 auctoris
1370 788 1405 814 ut
1420 787 1542 820 orator,
1558 790 1654 822 quam
1669 786 1705 812 ut
1729 784 1782 814 in-

151 839 271 873 terpres
286 844 296 864 :
309 833 397 872 quod
417 834 501 865 idem
514 834 547 865 in
562 834 711 865 versione
733 833 963 864 Demosthenis
981 834 1169 873 praestitisse
1184 843 1219 866 se
1243 835 1419 875 aliquando
1436 834 1563 866 Tullius
1581 833 1651 872 ipse
1679 837 1780 865 testa-

150 889 215 914 tur.
233 884 310 916 Mihi
327 885 434 924 potius
450 884 695 916 admirationem
709 885 836 924 ingerit,
853 885 940 924 quod
958 885 990 916 in
1008 885 1184 925 epigraphe
1200 886 1295 917 istius
1315 885 1422 925 operis
1439 885 1717 925 Theophylactum
1730 886 1781 913 τοῦ

150 935 179 960 ἐν
192 935 280 969 ἁγίοις
295 936 401 971 Πατρδς
417 938 506 972 ἡμῶν,
522 935 554 966 S.
571 935 679 966 Patris
694 937 798 966 nostri
810 935 899 967 titulo

1027 938 1152 968 corarit.
1170 937 1268 968 Valde
1284 937 1371 968 enim
1397 937 1522 972 dubito,
1542 940 1650 967 utrum
1667 936 1702 966 in
1725 943 1776 970 eo,

153 988 218 1018 quo
237 989 316 1012 usus
333 986 392 1020 est,
407 985 516 1016 codice
538 985 680 1025 elogium
697 985 884 1026 hujusmodi
898 995 1009 1018 revera
1025 991 1128 1018 exstet
1142 998 1149 1017 :
1163 987 1427 1027 quandoquidem
1449 987 1482 1018 in
1499 986 1679 1022 codicibus,
1692 993 1778 1025 quos

154 1030 234 1061 mihi
251 1032 410 1071 inspicere
428 1034 531 1072 licuit,
549 1036 631 1067 nulli
657 1036 762 1075 ipsius
780 1038 873 1076 operi
900 1037 931 1068 id
952 1039 1114 1077 praeﬁxum
1141 1039 1332 1078 reperiatur.
1348 1039 1437 1070 Alias
1457 1046 1533 1070 vero
1555 1037 1712 1069 Pessinus
1745 1036 1780 1066 iu

153 1080 382 1121 Theophj'lacti
403 1083 513 1116 laudes
538 1085 634 1124 paulo
649 1085 814 1117 liberalior
834 1087 972 1124 videtur,
999 1091 1109 1126 utpote
1126 1089 1291 1128 quietiam
1321 1088 1355 1119 in
1372 1087 1515 1128 Epistola
1541 1087 1780 1126 nuncupatoria

153 1133 302 1164 eumdem
316 1143 378 1166 non
395 1137 662 1176 sapientissimum
676 1139 772 1169 modo
787 1147 822 1169 ac
836 1139 1043 1170 renerabilem
1067 1140 1351 1180 archiepiscopum,
1365 1149 1476 1172 verum
1507 1139 1602 1170 etiam
1629 1139 1782 1170 Ecclesiae

152 1185 310 1218 doctorem
319 1188 476 1228 appellat;
493 1190 578 1230 quod
596 1189 728 1230 quidem
742 1191 889 1221 absolute
903 1195 935 1221 et
956 1192 1026 1222 sine
1042 1191 1150 1232 aliqua
1165 1192 1357 1223 limitatione
1381 1192 1420 1223 de
1444 1200 1483 1224 eo
1499 1194 1583 1222 recte
1600 1191 1664 1222 dici
1683 1199 1780 1230 posse

154 1244 220 1268 non
237 1242 324 1276 puto.

847 1303 990 1334 SECTIO
1022 1303 1078 1334 IX.

517 1376 562 1405 De
587 1376 739 1406 Encomio
757 1376 791 1406 in
809 1377 1031 1416 imperatorem
1049 1377 1192 1408 Alexium
1210 1377 1411 1410 Commnum.

191 1448 255 1479 XL.
265 1448 498 1488 Theophylaeti
516 1442 651 1489 operum
673 1457 837 1489 nunquam
855 1449 1011 1482 hactenus
1025 1450 1187 1482 editorum
1203 1459 1306 1482 unum
1322 1456 1371 1483 est
1386 1452 1494 1488 etiam,
1511 1452 1597 1490 quod
1614 1452 1780 1491 sequitur.

152 1498 428 1538 elegantissimum
443 1499 628 1530 Encomt'um
637 1501 672 1530 in
688 1500 908 1539 imperatorem
925 1501 1074 1532 Alezium
1088 1501 1289 1532 Comnenum.
1301 1502 1460 1533 Dominus
1476 1501 1516 1532 de
1531 1501 1646 1532 OEfeld
1666 1503 1780 1541 (quem

152 1550 286 1581 honoris
303 1558 398 1582 causa
420 1551 578 1591 nomino),
603 1551 821 1584 celeberrimas
845 1552 1048 1583 serenissimi
1072 1552 1165 1584 ducis
1197 1557 1293 1592 atque
1317 1552 1466 1584 electoris
1491 1553 1631 1583 Bavariaa
1654 1553 1779 1584 biblio—

154 1600 257 1630 thecas
273 1599 439 1639 praefectus
456 1601 702 1638 meritissimus,
717 1602 797 1633 illud
819 1602 948 1641 propria
967 1610 1063 1634 manu
1081 1602 1278 1641 descriptum
1303 1611 1343 1633 ex
1369 1606 1497 1633 vetusto
1523 1602 1632 1633 codice
1658 1602 1781 1633 biblio-

154 1652 255 1684 theca:
273 1653 432 1691 praedicta:
449 1653 605 1684 editionis
620 1654 717 1694 hujus
731 1654 915 1685 fautoribus
932 1653 1167 1684 humanissime
1181 1653 1416 1692 suppeditavit;
1438 1661 1504 1693 quo
1520 1662 1597 1684 sane
1620 1652 1781 1684 beneﬁcio

155 1712 228 1735 sese
249 1703 421 1735 obstrictos
436 1703 624 1735 fatebuntur
640 1705 664 1735 ii
681 1713 794 1736 omnes
812 1704 869 1744 qui
884 1704 995 1734 eximii
1013 1703 1110 1743 hujus
1125 1703 1274 1743 opusculi
1293 1703 1493 1743 perjucunda
1509 1703 1644 1734 lectione
1660 1702 1779 1734 fruen-

154 1761 217 1785 tur.
234 1756 304 1792 Quo
327 1754 405 1785 illud
423 1759 566 1794 tempore
583 1755 845 1795 Theophylactus
861 1754 1029 1794 scripserit
1042 1762 1077 1784 ac
1093 1753 1243 1789 recitarit.
1258 1753 1291 1784 in
1311 1754 1542 1785 Dissertatione
1557 1754 1671 1792 praevia
1685 1761 1779 1784 num.

152 1806 220 1836 LVI
232 1805 368 1836 solerter
383 1808 414 1835 et
433 1805 560 1836 erudite
571 1805 759 1844 expeditum
772 1806 837 1845 jam
855 1805 966 1835 habes.
984 1804 1045 1835 Sed
1059 1804 1111 1835 hic
1126 1803 1206 1834 forte
1224 1804 1476 1843 percontaberis,
1490 1813 1555 1844 quo
1571 1804 1779 1843 potissimum

150 1855 361 1887 fundamento
374 1856 565 1888 Encomium
583 1856 670 1886 istud
687 1856 940 1896 Theophylacto,
960 1855 1054 1894 cujus
1071 1863 1167 1893 opera
1179 1855 1211 1885 in
1226 1854 1286 1885 hoc
1302 1854 1444 1886 eduntur
1460 1855 1636 1891 volumine,
1656 1855 1782 1885 tribua-

153 1912 216 1937 tur.
235 1907 416 1946 Responsio
431 1907 464 1937 in
479 1910 628 1946 promptu
645 1910 703 1942 est,
728 1906 807 1937 illud
825 1905 1065 1945 'l‘heophylacto
1087 1905 1262 1944 ascriptum
1281 1905 1315 1935 in
1343 1908 1468 1936 vetusto
1490 1906 1601 1937 codice
1626 1905 1779 1943 reperiri.

152 1958 234 1996 quin
250 1957 338 1989 ullus
355 1958 396 1988 sit
411 1958 511 1988 codex
528 1957 584 1997 qui
602 1961 772 1996 repugnet.
797 1957 856 1987 Per
874 1956 904 1986 id
922 1964 998 1987 vero
1018 1955 1172 1995 temporis
1198 1955 1298 1986 alium
1321 1956 1462 1995 aliquem
1488 1955 1780 1994 'l‘heOphylactum,

153 2013 365 2048 praeterquam
381 2008 540 2047 Bulgariie
555 2007 848 2047 archiepiscopum,
867 2007 1017 2037 ﬂoruisse
1036 2014 1099 2037 non
1115 2009 1249 2036 constat.
1267 2005 1374 2045 Stylus
1397 2014 1412 2036 a
1434 2005 1517 2045 stylo
1545 2005 1781 2045 Theopliylacti

151 2059 251 2090 nostri
266 2059 399 2090 minime
413 2058 572 2095 abhorret,
590 2057 714 2088 tametsi
729 2065 784 2096 pro
802 2057 924 2087 ratione
944 2055 1177 2087 encomiasticaa
1192 2055 1347 2086 orationis
1366 2055 1459 2095 paulo
1475 2056 1622 2087 ﬂoridior
1640 2055 1695 2091 sit,
1715 2063 1781 2086 ina-

147 2110 278 2150 jorique
294 2109 423 2148 profana
440 2109 626 2139 eruditione
644 2107 791 2138 refertus.
809 2108 946 2137 Demum
966 2105 1184 2145 bibliographi
1201 2106 1324 2145 quique
1337 2114 1449 2145 magna
1465 2106 1680 2137 consensione
1696 2105 1779 2137 illud

153 2162 339 2201 adjudicant
357 2160 610 2200 Theophylacto,
623 2160 834 2199 Bulgarorum
852 2158 999 2190 antistiti.

194 2212 278 2242 ΧΗ.
295 2212 454 2247 Attamen,
472 2215 506 2241 ut
521 2210 658 2241 candide
674 2210 773 2241 fatear
786 2209 872 2248 quod
887 2209 1008 2245 sentio,
1027 2208 1094 2239 haec
1119 2208 1198 2239 mihi
1222 2213 1409 2247 argumenta
1435 2210 1518 2240 hand
1534 2210 1611 2240 satis
1632 2219 1706 2241 esse
1730 2211 1779 2241 vi-

153 2264 272 2294 dentur
285 2263 323 2293 ad
342 2261 576 2293 dubitationem
590 2269 717 2291 omnem
733 2261 791 2291 hac
806 2260 846 2290 de
863 2269 896 2290 re
912 2259 1131 2290 amovendam.
1149 2259 1310 2290 Praedicta)
1328 2260 1491 2298 siquidem
1508 2262 1645 2292 orationi
1663 2262 1780 2293 insunt

151 2313 306 2346 nonnulla
328 2322 399 2353 qua;
424 2312 662 2351 TheOphylacto
685 2315 794 2343 nostro
816 2312 923 2342 minus
941 2301 1093 2341 videntur
1111 2318 1305 2349 cungruere.
1333 2311 1370 2340 Et
1387 2310 1490 2349 primo
1510 2311 1643 2349 quidem
1660 2312 1778 2343 mirum

153 2369 212 2402 est,
229 2365 317 2404 quod
334 2372 406 2395 cum
423 2367 536 2394 caetera
556 2362 792 2402 Theophylacti
808 2370 905 2401 opera
923 2360 1041 2400 (quoad
1062 2360 1142 2390 mihi
1161 2360 1269 2391 videre
1286 2359 1390 2399 licuit)
1409 2360 1499 2391 illius
1516 2361 1640 2392 nomini
1662 2363 1778 2402 adjun-

151 2418 230 2444 rtam
247 2414 318 2453 ejus
338 2413 527 2451 dignitatem
542 2411 722 2452 iirmferant,
741 2412 886 2442 Encomii
903 2411 1001 2450 hujus
1027 2411 1200 2450 epigraphe
1223 2411 1330 2442 solum
1347 2415 1526 2452 putumque
1551 2413 1782 2452 Theophylaclt'

150 2475 269 2497 nonien
284 2466 446 2497 exhibeat.
466 2465 583 2505 Ecquis
599 2468 706 2496 autem
724 2473 870 2496 asserere
886 2469 973 2495 certo
987 2463 1100 2503 possit,
1121 2473 1184 2494 non
1197 2464 1297 2494 alium
1319 2472 1358 2494 eo
1374 2468 1518 2503 tempore
1537 2465 1569 2494 in
1593 2465 1682 2503 regia
1700 2467 1778 2496 urbe

152 2515 427 2555 'l'heOphylactum
443 2515 558 2552 fuisse,
574 2516 632 2556 qui
645 2516 796 2546 Encomio
813 2516 889 2546 huic
908 2515 1132 2546 concinnando
1149 2518 1236 2546 esset
1251 2515 1413 2546 idoneus?
1429 2515 1553 2546 Deinde
1572 2515 1598 2545 si
1619 2515 1720 2546 istius
1735 2516 1781 2545 in-

152 2569 262 2597 timam
284 2566 383 2597 veluti
400 2567 536 2598 formam
553 2571 813 2606 structuramque
829 2567 924 2605 paulo
937 2566 1117 2597 accuratius
1132 2566 1206 2605 quis
1227 2566 1412 2605 expendere
1431 2566 1521 2602 velit,
1535 2567 1724 2605 gravitatem
1744 2565 1780 2595 il-

151 2619 214 2648 lam
231 2622 262 2648 et
279 2618 397 2654 Zelum,
412 2618 467 2657 qui
487 2622 644 2657 provectas
662 2617 727 2656 jam
745 2617 847 2648 aetatis
864 2616 1144 2656 archiepiscopum
1161 2616 1284 2653 deceat,
1310 2616 1375 2652 vix,
1396 2624 1433 2646 ac
1449 2625 1489 2647 ne
1515 2616 1568 2646 vix
1589 2616 1723 2656 quidem
1747 2616 1777 2646 in

150 2667 209 2699 illo
222 2668 454 2707 deprehendet.
472 2670 509 2699 Et
523 2677 601 2699 sane
613 2668 936 2708 archiepiscopumne
949 2672 979 2698 et
995 2675 1060 2698 non
1076 2667 1183 2706 potius
1195 2667 1455 2706 aophistamillud
1473 2675 1536 2706 prae
1548 2675 1583 2697 se
1591 2667 1677 2711 ferre
1692 2667 1780 2697 vide—

151 2724 214 2755 tur,
231 2720 319 2758 quod
335 2721 370 2751 in
388 2725 472 2752 tanta
490 2721 696 2761 imperatoris
713 2721 822 2753 lietitia
839 2730 901 2752 non
920 2720 1176 2752 ecclesiasticum
1195 2720 1374 2759 quidpiam,
1395 2728 1454 2751 seu
1477 2720 1630 2751 Ecclesia;
1655 2720 1776 2751 utilita-

150 2772 216 2798 tem
232 2769 421 2808 respiciens,
435 2769 491 2800 sed
508 2770 703 2809 sophisticen
720 2773 855 2806 tantum,
879 2769 938 2800 hoc
951 2774 1012 2805 est,
1028 2769 1201 2800 oratoriam
1213 2777 1248 2800 ac
1257 2769 1463 2809 philologiam
1478 2770 1577 2801 semel
1594 2771 1777 2810 iterumque

154 2820 384 2850 «ommendet?
400 2821 671 2861 Sophistaigitur,
693 2829 749 2851 seu
770 2821 934 2859 professor
950 2819 1139 2856 rhetorices,
1155 2819 1211 2859 qui
1230 2823 1294 2851 tum
1313 2820 1459 2851 ﬂoruerit
1481 2821 1773 2860 Constantinopoli.

151 2868 248 2908 hujus
260 2873 369 2901 auctor
387 2871 532 2903 Encomt’i
547 2881 618 2904 esse
635 2871 772 2903 videtur.
791 2870 949 2909 Equidem
966 2870 993 2901 si
1010 2880 1025 2901 a
1046 2869 1285 2909 Tlieophylacto
1314 2874 1424 2902 nustro
1451 2871 1556 2902 adhuc
1574 2871 1693 2907 iuvene
1719 2871 1775 2901 ha-
