1897 3052
97 152 149 185 469
519 151 560 182 ΙΝ
574 152 789 188 ΞΕΟΗΕΝΤΙΛ
804 145 846 183 π

967 155 1094 184 YLACTI
1119 155 1274 185 SCRIPTA
1282 177 1290 185 .
1664 155 1716 186 4Ὶο

99 209 162 239 bita
178 207 296 239 fuisset
311 207 419 238 isthaec
435 208 550 245 oratio,
577 218 652 248 qum
670 218 768 249 supra
792 211 973 247 attulimus,
1001 211 1127 241 nullum
1146 211 1310 250 negotium
1333 209 1527 241 facesserent
1543 222 1551 241 :
1568 218 1640 242 nam
1660 211 1720 241 ali-

97 259 228 298 quando
244 267 283 290 eo
300 267 432 290 munere
447 258 606 295 functum,
621 268 693 291 cum
713 269 752 291 ex
769 261 844 292 aliis
861 261 1090 297 monumentis,
1109 265 1174 292 tum
1193 263 1367 300 praesertim
1384 269 1422 291 ex
1441 261 1581 292 secunda
1597 270 1634 291 cx
1651 261 1721 300 epi-

98 308 193 339 stolis
213 309 281 339 illis
297 309 425 348 viginti,
442 318 523 349 quas
539 318 626 340 nunc
639 310 778 349 primum
801 313 833 342 in
854 312 959 343 lucem
975 312 1164 348 emittimus,
1188 312 1265 342 satis
1283 311 1446 351 explorata
1469 319 1520 342 res
1545 316 1593 342 est
1606 311 1659 350 (α).
1682 312 1720 342 At

97 358 340 398 Theophylacto
353 359 419 398 jam
438 361 634 398 senescenti,
651 365 682 392 et
696 370 712 392 a
732 361 881 401 pluribus
897 363 990 394 annis
1006 362 1216 401 amplissima;
1244 362 1395 393 Ecclesiae
1416 362 1567 401 regimini
1593 362 1719 393 addicto

98 417 192 447 quam
211 419 322 449 parum
337 411 397 441 ista
417 411 624 446 conveniant,
646 419 741 442 nemo
761 420 826 442 non
845 412 942 442 videt.
963 412 1048 442 Alias
1065 421 1140 443 vero
1153 412 1300 442 Encomii
1319 411 1415 451 hujus
1431 415 1593 443 auctorem
1609 413 1718 451 sophi-

95 463 151 488 stae
165 463 198 489 et
215 459 407 491 scholarchw
421 469 540 492 munus
555 461 669 492 eodem
686 466 843 501 tempore,
865 471 930 501 quo
956 462 1036 493 illud
1056 462 1183 501 publice
1204 463 1360 500 recitavit,
1385 464 1583 497 exercuisse.
1610 467 1718 502 aperto

96 507 265 547 colligitur
278 509 354 548 (nisi
371 517 441 540 mea
457 517 507 540 me
521 510 604 541 fallit
619 511 744 550 opinio)
760 519 800 541 ex
816 511 922 542 verbis
939 512 1028 543 illius
1048 513 1230 550 postremis,
1248 513 1369 552 quibus
1385 523 1463 545 suos
1479 514 1522 544 ita
1540 514 1718 553 discipulos

96 557 220 595 ipsum,
235 562 268 589 ut
283 559 425 596 videtur,
438 559 683 592 circumstantes
696 561 874 600 alloquitur
892 570 899 592 :
919 562 961 592 At
976 572 1049 593 vero
1067 571 1121 602 ego
1137 563 1272 602 quidem,
1289 574 1306 594 ο
1323 567 1428 604 pueri,
1450 564 1561 595 debiti:
1581 565 1717 604 impera-

95 611 159 640 tori
170 614 283 640 nostro
299 611 411 650 fausta:
422 614 616 651 precationis
631 622 667 643 ac
683 613 786 644 laudis
802 615 869 645 tela:
884 619 1003 645 stamen
1012 617 1080 655 jam
1094 617 1274 655 posuimoa
1290 616 1469 656 :ubtegmen
1493 617 1632 657 adjicite.
1653 616 1718 654 Ego

97 659 185 690 vobis
216 665 314 690 artem
332 663 518 699 monstravi,
542 672 603 703 qua
619 662 794 702 elegantius
817 664 906 703 picta
920 669 1011 703 atque
1025 666 1201 705 perfectior
1221 665 1283 696 tela
1305 666 1371 704 ﬁat.
1391 666 1546 697 Caeterum
1572 665 1632 696 etsi
1656 664 1721 695 haec

95 711 205 742 omnia
230 712 451 750 suspicionem
468 713 610 753 aliquam
638 714 785 753 ingerere
803 714 929 753 possint
953 715 993 745 de
1010 724 1162 754 germano
1187 716 1343 747 orationis
1364 716 1461 756 hujus
1477 720 1624 752 auclore,
1646 715 1719 754 jurc

95 765 202 792 tamen
221 762 454 801 impedimento
484 764 577 794 nobis
605 772 676 795 esse
705 773 768 795 non
788 765 916 802 debent,
944 766 1118 804 quominus
1138 767 1170 796 in
1195 766 1254 797 hoc
1280 766 1444 797 volumine
1473 775 1535 797 una
1560 774 1631 797 cum
1651 765 1720 795 aliis

96 811 327 852 TheOphylacti
348 814 499 852 Operibus
523 814 634 845 edatur
668 826 675 844 :
696 815 855 846 malumus
879 815 966 845 enim
991 815 1146 846 incertum
1167 815 1213 846 illi
1240 816 1504 856 fetumﬁtribuere
1523 824 1618 855 quam
1640 814 1719 846 forte

98 861 282 902 legitimum
299 863 479 896 detrahere.

801 937 944 968 SECTIO
974 938 1016 968 Χ.

407 1020 450 1050 De
462 1021 616 1060 Epistolis
630 1022 744 1061 viginti
755 1030 862 1052 recens
878 1022 978 1052 erutt's
995 1031 1035 1051 ea:
1049 1021 1237 1052 bibliotheca
1255 1021 1415 1051 Vaticana.

136 1091 237 1121 XLII.
255 1091 463 1122 Solertissimi
480 1093 631 1124 editionis
649 1093 745 1132 hujus
757 1097 920 1124 curatores
946 1101 1017 1124 cum
1036 1093 1187 1131 epistolas
1210 1092 1365 1132 quasdam
1385 1092 1523 1123 ineditas
1550 1092 1722 1132 TheOphy-

101 1138 171 1170 lacti
193 1142 294 1172 nostri
313 1142 344 1172 in
362 1142 556 1174 bibliotheca
576 1143 725 1174 Vaticana
740 1143 837 1174 latere
850 1143 1066 1179 inaudissent,
1082 1151 1135 1173 eas
1152 1142 1214 1173 sibi
1232 1142 1448 1181 procurandas
1471 1143 1605 1173 omnino
1630 1146 1723 1181 puta-

99 1194 187 1227 runt,
205 1199 245 1221 ne
263 1190 327 1220 ulla
343 1199 380 1220 ex
399 1196 485 1229 parte
511 1192 678 1223 imminuta
706 1193 847 1230 prodiret
871 1199 1010 1230 praesens
1028 1191 1141 1222 editio.
1161 1191 1235 1222 Voti
1254 1196 1417 1231 compotes
1434 1192 1538 1223 eﬂ'ecti
1554 1191 1646 1223 fuere
1661 1191 1724 1223 bu-

99 1241 252 1271 manitate
274 1250 397 1272 summa
413 1241 615 1272 celeberrimi
633 1242 692 1272 viri
707 1242 837 1281 Josephi
855 1242 967 1274 Evodii
983 1241 1164 1278 Assemani,
1179 1242 1324 1281 ejusdem
1343 1241 1547 1273 bibliotheca)
1569 1241 1721 1281 praafecti,

99 1291 157 1329 qui
176 1291 292 1329 viginti
310 1291 461 1330 epistolas
477 1301 516 1323 ex
533 1293 682 1331 pluribus
698 1293 847 1324 collectas
864 1292 1042 1330 codicibus,
1053 1297 1150 1332 atque
1165 1293 1288 1332 optimo
1304 1292 1486 1324 charactere
1498 1297 1646 1324 exaratas
1660 1293 1723 1323 huc

103 1340 208 1376 misit,
227 1345 260 1371 ut
277 1350 292 1372 a
311 1341 404 1372 nobis
430 1343 683 1380 producerentur
703 1342 735 1373 in
754 1342 869 1373 lucem.
895 1343 955 1372 Eas
975 1342 1080 1381 reipsa
1102 1341 1205 1373 fuisse
1218 1349 1236 1373 a
1251 1341 1491 1382 TbeOphylacto
1515 1343 1724 1382 conscriptas,

101 1390 216 1420 nullus
240 1399 309 1422 esse
329 1391 456 1422 videtur
481 1391 664 1430 ambigendi
686 1392 793 1429 locus;
808 1399 879 1422 cum
896 1395 926 1422 et
946 1391 1068 1422 diserte
1094 1391 1263 1431 praeferant
1287 1391 1519 1430 Theophylacti
1546 1399 1676 1427 nomen,
1693 1395 1724 1422 et

100 1443 253 1472 eumdem
271 1443 391 1482 stylum
411 1443 604 1482 easdemque
621 1442 720 1474 ferme
737 1451 800 1479 res,
818 1450 898 1483 quas
914 1443 985 1473 alia;
1000 1444 1065 1482 jam
1078 1434 1191 1480 editae,
1200 1443 1396 1474 contineant.
1412 1443 1519 1480 Quare
1536 1442 1582 1474 nil
1611 1442 1726 1473 dubito

101 1494 282 1532 quominus
310 1494 428 1526 futura)
448 1495 513 1525 sint
536 1495 659 1526 Lectori
680 1495 878 1535 gratissimae.
896 1494 1056 1526 Peculiari
1080 1497 1187 1526 tamen
1208 1494 1370 1533 voluptate
1393 1502 1468 1526 eum
1495 1501 1637 1534 auguror
1656 1492 1726 1524 atii-

102 1547 255 1577 riendum
274 1555 311 1578 ex
329 1547 476 1586 epistolis
492 1547 615 1578 decima
630 1547 907 1585 septima,decima
921 1551 1045 1584 octava,
1066 1550 1097 1578 et
1113 1546 1238 1578 decima
1255 1554 1352 1583 nona,
1370 1554 1443 1586 qua;
1461 1545 1605 1577 eamdem
1620 1543 1725 1576 conti-

103 1607 206 1629 nuare
222 1598 340 1628 seriem
356 1598 508 1629 videntur
522 1606 594 1629 cum
609 1598 770 1629 tricesima
792 1597 936 1629 secunda
951 1606 989 1628 ex
1005 1597 1103 1628 editis
1118 1605 1135 1628 ο
1155 1596 1321 1628 Meursio:
1338 1596 1392 1628 ubi
1407 1600 1438 1628 et
1449 1595 1726 1636 'l‘beophylaclum

103 1648 283 1687 perspicies
295 1649 516 1680 auctoritatem
534 1657 624 1680 suam
641 1649 673 1680 in
686 1650 875 1688 episcopum
892 1648 1060 1679 Triaditzae
1075 1650 1291 1684 exercentem,
1307 1656 1380 1678 cum
1397 1646 1592 1678 humanitate
1609 1649 1726 1681 tamen,

104 1707 182 1738 quia
199 1699 351 1730 Ecclesiae
366 1700 542 1731 antistitem
556 1701 660 1738 decet,
678 1701 897 1740 coniunctam.
911 1700 954 1730 Ex
971 1698 1113 1730 secunda
1130 1705 1207 1729 vero
1219 1697 1370 1736 inscripta
1384 1696 1503 1728 Joanni
1517 1696 1644 1727 Sebasto
1658 1696 1727 1726 Au-

108 1739 211 1788 ῂιιδιω
233 1751 343 1790 fratri,
368 1750 600 1789 deprehendet,
624 1749 707 1781 haud
738 1754 860 1781 certum
883 1757 955 1781 esse
978 1749 1024 1785 (ut
1053 1747 1153 1787 aliqui
1178 1746 1301 1786 putant)
1325 1746 1599 1786 TheOphylaclum
1627 1747 1727 1785 patria

107 1800 502 1839 ConstantinOpolitanum
518 1799 634 1831 fuisse.
653 1801 687 1831 In
705 1809 740 1831 ea
756 1800 919 1840 siquidem
937 1799 1185 1837 consanguineos
1215 1800 1244 1826 et
1259 1797 1368 1836 afﬁnes
1387 1806 1472 1833 suos,
1488 1797 1542 1836 qui
1558 1797 1590 1826 in
1604 1796 1727 1836 Euripo

105 1854 195 1886 sunt,
213 1851 351 1889 principi
371 1851 440 1881 viro
456 1851 696 1887 commendans,
716 1858 780 1881 non
797 1849 933 1880 obscure
945 1849 1115 1888 signiﬁcat,
1132 1856 1166 1878 se
1182 1854 1314 1886 quoque
1327 1854 1366 1876 ex
1385 1845 1453 1876 loco
1469 1846 1595 1882 eodem,
1616 1847 1727 1884 pro‘n-

106 1901 215 1940 deque
231 1910 270 1931 ex
285 1900 401 1931 Euboea
416 1901 593 1931 oriundum
610 1909 680 1931 esse
699 1911 707 1937 ;
725 1900 810 1940 quod
824 1899 988 1939 colligitur
1002 1898 1096 1929 etiam
1112 1906 1150 1928 ex
1166 1897 1326 1932 versibus,
1344 1904 1426 1935 quos
1441 1896 1611 1927 Patavinus
1626 1898 1655 1926 S.
1669 1897 1728 1926 Ju-

106 1951 202 1980 slinm
218 1951 316 1981 codex
331 1951 568 1981 vetustissimus
584 1950 739 1986 continet;
753 1958 900 1989 quosque
920 1949 1027 1979 Latine
1044 1947 1190 1978 redditos
1205 1954 1301 1984 supra
1318 1945 1407 1986 (tom.
1424 1946 1447 1982 Ι,
1461 1946 1522 1977 col.
1543 1946 1613 1985 137)
1631 1954 1730 1985 appo-

107 2001 235 2030 nentlos
255 2000 324 2039 ipse
341 2001 459 2031 curavi.
479 2001 514 2031 In
527 2000 602 2030 aliis
620 1999 767 2038 epistolis
783 2000 879 2029 rudes
897 2003 1104 2037 agrestesque
1119 1996 1331 2035 Bulgarorum
1349 2003 1466 2031 mores,
1483 1995 1539 2035 qui
1555 2002 1620 2026 tum
1638 1997 1728 2035 vige-

108 2051 197 2085 bant,
212 2050 362 2089 graphice
379 2050 552 2089 lepideque
564 2049 743 2088 descriplos
762 2057 779 2079 a
795 2048 1037 2086 Theophylacto
1061 2048 1172 2078 Lector
1188 2045 1329 2077 offendet
1347 2055 1354 2074 :
1371 2045 1426 2084 qui
1443 2049 1474 2075 et
1495 2046 1633 2084 querulo
1658 2045 1728 2077 seni

108 2099 332 2139 hyperbolicis
349 2100 544 2140 quandoque
563 2099 735 2138 phrasibus
750 2107 821 2129 cum
843 2099 902 2128 hac
925 2098 958 2128 in
978 2108 1022 2135 re,
1041 2102 1108 2128 tum
1126 2097 1158 2127 in
1183 2096 1257 2126 aliis
1274 2095 1507 2126 calamitatibus
1523 2095 1730 2135 deplorandis

109 2149 217 2180 utenti
234 2149 374 2186 veniam,
404 2155 438 2180 ut
463 2151 612 2188 arbitror,
630 2151 729 2182 dabit.
749 2150 861 2188 Quoad
891 2149 1023 2189 primam
1047 2157 1122 2180 vero
1137 2148 1250 2179 attinet
1268 2147 1420 2178 adnotare
1447 2145 1499 2176 hic
1524 2146 1625 2184 lubet,
1644 2149 1729 2187 quod

110 2200 260 2239 jvostejus
279 2201 523 2239 impressionem
537 2202 732 2232 accuratiore
748 2201 920 2231 collatione
939 2199 1151 2238 deprehendi,
1170 2207 1284 2238 nempe
1303 2206 1371 2228 eam
1385 2201 1504 2236 partem
1521 2199 1728 2236 posteriorem

108 2250 215 2282 facere
243 2251 388 2289 epistolm
411 2252 561 2282 secundm
583 2261 622 2282 ex
644 2247 739 2282 editis
754 2260 770 2282 a
786 2252 909 2282 Joanne
930 2250 1028 2286 Lami,
1061 2259 1132 2289 quae
1166 2249 1318 2286 inscripta
1340 2251 1388 2278 est
1409 2248 1522 2286 Magno
1548 2248 1726 2281 domestico.

112 2301 407 2333 Animadvertenda
423 2309 500 2332 vero
517 2305 563 2332 est
581 2302 706 2332 varians
726 2301 819 2332 lectio
835 2301 935 2332 unius
951 2300 1050 2335 vocis,
1066 2307 1138 2339 quas
1154 2301 1257 2329 exstat
1271 2297 1304 2328 in
1316 2296 1468 2342 Lamiana
1491 2296 1656 2328 editione:
1673 2299 1727 2329 ubi

112 2361 171 2392 pro
187 2357 272 2389 νῖκος,
288 2353 435 2386 victoria,
452 2352 537 2392 quod
555 2352 673 2391 legitur
691 2352 722 2383 in
742 2352 889 2391 prmdicta
906 2351 1008 2390 prima
1021 2350 1168 2390 epistola,
1185 2348 1266 2379 inibi
1284 2347 1419 2378 habetur
1434 2348 1532 2383 νεῖκος,
1550 2349 1707 2380 contentio
1720 2360 1730 2379 :

113 2412 210 2442 quam
228 2402 396 2433 lectionem
417 2403 508 2433 alteri
536 2403 776 2441 praeferendam,
804 2403 867 2433 imo
894 2401 994 2432 solam
1015 2409 1120 2431 veram
1146 2408 1218 2430 esse
1244 2403 1321 2438 puto
1337 2408 1345 2428 :
1360 2398 1481 2437 quippe
1503 2405 1574 2436 quae
1597 2406 1728 2430 sensum

114 2453 217 2483 multo
241 2452 406 2483 meliorem
423 2454 644 2492 aptioremque
660 2452 778 2484 fundit.
801 2453 955 2483 Caeterum
973 2451 1067 2482 etiam
1085 2450 1235 2481 Lamiana
1254 2447 1356 2479 editio
1371 2456 1411 2478 ex
1426 2447 1479 2477 illa
1493 2446 1554 2477 alia
1567 2448 1683 2487 corrigi
1699 2453 1730 2479 et

114 2503 259 2541 suppleri
277 2503 483 2542 aliquatenus
502 2509 616 2542 potest,
635 2509 667 2535 ut
685 2504 860 2536 conferenti
881 2503 1009 2542 patebit.

153 2553 264 2583 XLIII.
290 2554 338 2582 An
357 2553 502 2591 epistolae
520 2554 591 2585 alim
606 2554 752 2594 ejusdem
775 2555 916 2585 auctoris
932 2554 1064 2585 ineditas
1085 2551 1190 2583 adhuc
1204 2551 1327 2581 latitent
1347 2551 1379 2581 in
1403 2549 1620 2587 bibliothecis,
1638 2551 1729 2582 nobis

116 2602 210 2642 plane
227 2603 474 2640 incompertum.
494 2603 562 2641 Hoc
584 2604 658 2643 jure
681 2604 803 2643 optimo
819 2612 964 2635 asserere
980 2610 1163 2642 possumus,
1181 2601 1261 2632 nulli
1281 2601 1433 2640 percitum
1460 2610 1531 2632 esse
1554 2601 1667 2639 labori,
1684 2606 1729 2638 ut,

117 2653 143 2683 si
161 2662 233 2692 qum
246 2656 367 2689 essent,
384 2653 641 2692 producerentur
659 2655 691 2685 in
705 2654 820 2685 lucem.
839 2655 945 2691 Quare
958 2662 1029 2684 cum
1047 2653 1078 2683 in
1098 2653 1255 2683 librorum
1275 2659 1350 2681 mss.
1369 2650 1510 2690 catalogo
1534 2651 1732 2684 bibliotheca:

118 2701 255 2733 publica:
281 2703 477 2740 Augustanm
495 2702 656 2742 legissem,
684 2704 727 2734 ibi
748 2703 890 2734 codicem
915 2702 1050 2742 reperiri
1071 2700 1300 2741 TheOphylacti
1327 2699 1478 2740 epistolas
1502 2703 1729 2739 continentem,

99 2750 102 2763 i

152 2793 190 2827 (ιι)
206 2794 270 2821 Haec
288 2794 360 2821 enim
378 2801 411 2821 eo
425 2794 475 2820 loci
491 2795 570 2820 verba
585 2794 679 2821 habet:
696 2794 744 2825 Τις
758 2794 781 2821 δ’
796 2794 828 2820 ἄν
853 2802 897 2828 μοι

979 2795 1097 2828 ελήρωσα
1111 2802 1119 2826 ;
1133 2794 1199 2826 Quis
1215 2793 1279 2820 mihi
1293 2793 1424 2820 rhetorum
1434 2794 1586 2827 aaputxerit
1613 2797 1728 2827 chorum,

118 2828 240 2862 ρητόρων
258 2829 337 2863 χορὸν
354 2830 562 2864 σρνεκρότηπεν.
580 2830 622 2855 ἵνα
635 2829 736 2855 τούτων
751 2831 866 2863 κορυφαῖ

1000 2830 1106 2856 illorum
1129 2828 1280 2863 coryp/xwua
1307 2828 1403 2862 factus,
1426 2834 1452 2855 ut
1473 2829 1536 2855 olim
1556 2837 1660 2857 crmn...
1679 2840 1728 2858 tum

117 2862 273 2899 γινόμενος
285 2865 352 2899 επερ
366 2862 399 2899 ἧν
412 2862 504 2891 τό⁷τε..ζ
518 2866 594 2899 κει-λῇ
608 2864 655 2899 τὴν
668 2862 866 2899 λογικὴνχηρείη

771 2862 896 2899 ’χηρείαν
951 2873 1007 2892 cuiu
1022 2865 1057 2892 eis
1070 2862 1188 2891 clloreatit
1205 2864 1346 2891 oratori/1m
1366 2864 1520 2891 vcrsolmm.
