  <div class='ocr_page' id='page_1' title='image "/cluster/home/n/w/nwhite01/storage/ocr_20150623/125/njp.32101010942736/451.png"; bbox 0 0 1897 3052; ppageno 0'>
   <div class='ocr_carea' id='block_1_1' title="bbox 148 148 897 186">
    <p class='ocr_par' dir='ltr' id='par_1_1' title="bbox 148 151 897 186">
     <span class='ocr_line' id='line_1_1' title="bbox 148 151 897 186; baseline -0.004 0"><span class='ocrx_word' id='word_1_1' title='bbox 148 153 200 186; x_wconf 74' lang='lat' dir='ltr'><strong>Ui</strong></span> <span class='ocrx_word' id='word_1_2' title='bbox 669 151 860 181; x_wconf 69' lang='lat' dir='ltr'><strong>BONlFACi’I</strong></span> <span class='ocrx_word' id='word_1_3' title='bbox 881 153 897 183; x_wconf 71' lang='grc' dir='ltr'><strong><em>Β</em></strong></span> 
     </span>
    </p>
   </div>
   <div class='ocr_carea' id='block_1_2' title="bbox 1041 148 1790 186">
    <p class='ocr_par' dir='ltr' id='par_1_2' title="bbox 1055 148 1790 182">
     <span class='ocr_line' id='line_1_2' title="bbox 1055 148 1790 182; baseline 0.001 -1"><span class='ocrx_word' id='word_1_4' title='bbox 1055 151 1250 181; x_wconf 63' lang='lat' dir='ltr'><strong>Puerum</strong></span> <span class='ocrx_word' id='word_1_5' title='bbox 1724 148 1790 182; x_wconf 67' lang='lat'><strong>412‘</strong></span> 
     </span>
    </p>
   </div>
   <div class='ocr_carea' id='block_1_3' title="bbox 149 206 1774 249">
    <p class='ocr_par' dir='ltr' id='par_1_3' title="bbox 149 206 1774 249">
     <span class='ocr_line' id='line_1_3' title="bbox 149 206 1774 249; baseline -0.002 -9"><span class='ocrx_word' id='word_1_6' title='bbox 149 217 327 249; x_wconf 85' lang='lat' dir='ltr'><strong>earumque</strong></span> <span class='ocrx_word' id='word_1_7' title='bbox 346 208 551 248; x_wconf 66' lang='lat' dir='ltr'><strong>penultimam</strong></span> <span class='ocrx_word' id='word_1_8' title='bbox 568 210 601 237; x_wconf 92' lang='lat' dir='ltr'><strong>ut</strong></span> <span class='ocrx_word' id='word_1_9' title='bbox 619 207 771 238; x_wconf 90' lang='lat' dir='ltr'><strong>ineditam</strong></span> <span class='ocrx_word' id='word_1_10' title='bbox 790 208 904 244; x_wconf 88' lang='lat' dir='ltr'><strong>notari,</strong></span> <span class='ocrx_word' id='word_1_11' title='bbox 926 208 1094 239; x_wconf 72' lang='lat' dir='ltr'><strong>confestim</strong></span> <span class='ocrx_word' id='word_1_12' title='bbox 1111 207 1225 246; x_wconf 75' lang='lat' dir='ltr'><strong>scripsi</strong></span> <span class='ocrx_word' id='word_1_13' title='bbox 1246 207 1283 237; x_wconf 85' lang='lat' dir='ltr'><strong>ad</strong></span> <span class='ocrx_word' id='word_1_14' title='bbox 1303 206 1341 237; x_wconf 86' lang='lat' dir='ltr'><strong>cl.</strong></span> <span class='ocrx_word' id='word_1_15' title='bbox 1363 206 1465 236; x_wconf 89' lang='lat' dir='ltr'><strong>virum</strong></span> <span class='ocrx_word' id='word_1_16' title='bbox 1483 214 1518 236; x_wconf 89' lang='lat' dir='ltr'><strong>ac</strong></span> <span class='ocrx_word' id='word_1_17' title='bbox 1533 206 1625 237; x_wconf 68' lang='lat' dir='ltr'><strong>dictae</strong></span> <span class='ocrx_word' id='word_1_18' title='bbox 1649 206 1774 238; x_wconf 90' lang='lat' dir='ltr'><strong>biblio—</strong></span> 
     </span>
    </p>
   </div>
   <div class='ocr_carea' id='block_1_4' title="bbox 149 257 1773 298">
    <p class='ocr_par' dir='ltr' id='par_1_4' title="bbox 149 257 1773 298">
     <span class='ocr_line' id='line_1_4' title="bbox 149 257 1773 298; baseline -0.002 -7"><span class='ocrx_word' id='word_1_19' title='bbox 149 261 250 291; x_wconf 65' lang='lat' dir='ltr'><strong>thecas</strong></span> <span class='ocrx_word' id='word_1_20' title='bbox 263 259 430 290; x_wconf 90' lang='lat' dir='ltr'><strong>custodem</strong></span> <span class='ocrx_word' id='word_1_21' title='bbox 455 257 682 297; x_wconf 76' lang='lat' dir='ltr'><strong>dignissimum</strong></span> <span class='ocrx_word' id='word_1_22' title='bbox 700 258 882 290; x_wconf 74' lang='lat' dir='ltr'><strong>Gotfridum</strong></span> <span class='ocrx_word' id='word_1_23' title='bbox 906 259 1135 298; x_wconf 82' lang='lat' dir='ltr'><strong>Heckingium,</strong></span> <span class='ocrx_word' id='word_1_24' title='bbox 1161 267 1276 297; x_wconf 74' lang='lat' dir='ltr'><strong>rogans</strong></span> <span class='ocrx_word' id='word_1_25' title='bbox 1294 263 1328 288; x_wconf 92' lang='lat' dir='ltr'><strong>ut</strong></span> <span class='ocrx_word' id='word_1_26' title='bbox 1344 258 1383 288; x_wconf 90' lang='lat' dir='ltr'><strong>de</strong></span> <span class='ocrx_word' id='word_1_27' title='bbox 1410 266 1444 288; x_wconf 90' lang='lat' dir='ltr'><strong>ea</strong></span> <span class='ocrx_word' id='word_1_28' title='bbox 1475 258 1610 296; x_wconf 82' lang='lat' dir='ltr'><strong>epistola</strong></span> <span class='ocrx_word' id='word_1_29' title='bbox 1628 258 1773 288; x_wconf 87' lang='lat' dir='ltr'><strong>notitiam</strong></span> 
     </span>
    </p>
   </div>
   <div class='ocr_carea' id='block_1_5' title="bbox 150 307 1772 349">
    <p class='ocr_par' dir='ltr' id='par_1_5' title="bbox 150 307 1772 349">
     <span class='ocr_line' id='line_1_5' title="bbox 150 307 1772 349; baseline -0.001 -9"><span class='ocrx_word' id='word_1_30' title='bbox 150 310 229 341; x_wconf 88' lang='lat' dir='ltr'><strong>mihi</strong></span> <span class='ocrx_word' id='word_1_31' title='bbox 247 309 388 348; x_wconf 84' lang='lat' dir='ltr'><strong>aliquam</strong></span> <span class='ocrx_word' id='word_1_32' title='bbox 402 307 617 338; x_wconf 74' lang='lat' dir='ltr'><strong>submitteret.</strong></span> <span class='ocrx_word' id='word_1_33' title='bbox 637 309 675 338; x_wconf 80' lang='lat' dir='ltr'><strong>At</strong></span> <span class='ocrx_word' id='word_1_34' title='bbox 693 308 749 339; x_wconf 90' lang='lat' dir='ltr'><strong>ille</strong></span> <span class='ocrx_word' id='word_1_35' title='bbox 765 317 828 340; x_wconf 91' lang='lat' dir='ltr'><strong>non</strong></span> <span class='ocrx_word' id='word_1_36' title='bbox 847 310 942 340; x_wconf 85' lang='lat' dir='ltr'><strong>modo</strong></span> <span class='ocrx_word' id='word_1_37' title='bbox 958 310 1079 349; x_wconf 81' lang='lat' dir='ltr'><strong>absque</strong></span> <span class='ocrx_word' id='word_1_38' title='bbox 1095 317 1185 340; x_wconf 89' lang='lat' dir='ltr'><strong>mora</strong></span> <span class='ocrx_word' id='word_1_39' title='bbox 1200 317 1353 348; x_wconf 82' lang='lat' dir='ltr'><strong>perquam</strong></span> <span class='ocrx_word' id='word_1_40' title='bbox 1368 308 1505 338; x_wconf 84' lang='lat' dir='ltr'><strong>humane</strong></span> <span class='ocrx_word' id='word_1_41' title='bbox 1525 308 1703 346; x_wconf 85' lang='lat' dir='ltr'><strong>rescripsit,</strong></span> <span class='ocrx_word' id='word_1_42' title='bbox 1718 308 1772 338; x_wconf 88' lang='lat' dir='ltr'><strong>sed</strong></span> 
     </span>
    </p>
   </div>
   <div class='ocr_carea' id='block_1_6' title="bbox 148 358 1774 400">
    <p class='ocr_par' dir='ltr' id='par_1_6' title="bbox 148 358 1774 400">
     <span class='ocr_line' id='line_1_6' title="bbox 148 358 1774 400; baseline -0.003 -8"><span class='ocrx_word' id='word_1_43' title='bbox 148 363 252 400; x_wconf 82' lang='lat' dir='ltr'><strong>ipsam</strong></span> <span class='ocrx_word' id='word_1_44' title='bbox 269 361 365 391; x_wconf 86' lang='lat' dir='ltr'><strong>etiam</strong></span> <span class='ocrx_word' id='word_1_45' title='bbox 380 359 565 399; x_wconf 72' lang='lat' dir='ltr'><strong>epistolam,</strong></span> <span class='ocrx_word' id='word_1_46' title='bbox 582 360 622 390; x_wconf 87' lang='lat' dir='ltr'><strong>de</strong></span> <span class='ocrx_word' id='word_1_47' title='bbox 638 368 701 399; x_wconf 84' lang='lat' dir='ltr'><strong>qua</strong></span> <span class='ocrx_word' id='word_1_48' title='bbox 717 360 834 391; x_wconf 84' lang='lat' dir='ltr'><strong>certior</strong></span> <span class='ocrx_word' id='word_1_49' title='bbox 850 361 917 391; x_wconf 78' lang='lat' dir='ltr'><strong>fieri</strong></span> <span class='ocrx_word' id='word_1_50' title='bbox 941 362 1148 400; x_wconf 75' lang='lat' dir='ltr'><strong>exoptabam.</strong></span> <span class='ocrx_word' id='word_1_51' title='bbox 1165 365 1309 391; x_wconf 83' lang='lat' dir='ltr'><strong>accurate</strong></span> <span class='ocrx_word' id='word_1_52' title='bbox 1334 360 1504 399; x_wconf 81' lang='lat' dir='ltr'><strong>nitidoque</strong></span> <span class='ocrx_word' id='word_1_53' title='bbox 1521 358 1715 397; x_wconf 81' lang='lat' dir='ltr'><strong>descriptam</strong></span> <span class='ocrx_word' id='word_1_54' title='bbox 1734 358 1774 388; x_wconf 88' lang='lat' dir='ltr'><strong>ad</strong></span> 
     </span>
    </p>
   </div>
   <div class='ocr_carea' id='block_1_7' title="bbox 148 407 1774 449">
    <p class='ocr_par' dir='ltr' id='par_1_7' title="bbox 148 407 1774 449">
     <span class='ocr_line' id='line_1_7' title="bbox 148 407 1774 449; baseline -0.002 -8"><span class='ocrx_word' id='word_1_55' title='bbox 148 419 206 441; x_wconf 91' lang='lat' dir='ltr'><strong>nos</strong></span> <span class='ocrx_word' id='word_1_56' title='bbox 222 408 409 439; x_wconf 81' lang='lat' dir='ltr'><strong>transmisit.</strong></span> <span class='ocrx_word' id='word_1_57' title='bbox 429 408 491 438; x_wconf 84' lang='lat' dir='ltr'><strong>Vix</strong></span> <span class='ocrx_word' id='word_1_58' title='bbox 506 416 542 438; x_wconf 85' lang='lat' dir='ltr'><strong>ea</strong></span> <span class='ocrx_word' id='word_1_59' title='bbox 565 413 691 448; x_wconf 85' lang='lat' dir='ltr'><strong>accepta</strong></span> <span class='ocrx_word' id='word_1_60' title='bbox 706 409 919 448; x_wconf 80' lang='lat' dir='ltr'><strong>deprehendi,</strong></span> <span class='ocrx_word' id='word_1_61' title='bbox 936 418 1001 441; x_wconf 90' lang='lat' dir='ltr'><strong>non</strong></span> <span class='ocrx_word' id='word_1_62' title='bbox 1016 419 1033 441; x_wconf 85' lang='lat' dir='ltr'><strong>a</strong></span> <span class='ocrx_word' id='word_1_63' title='bbox 1050 410 1292 449; x_wconf 81' lang='lat' dir='ltr'><strong>Theophylacto</strong></span> <span class='ocrx_word' id='word_1_64' title='bbox 1309 410 1518 448; x_wconf 76' lang='lat' dir='ltr'><strong>Bulgarorum</strong></span> <span class='ocrx_word' id='word_1_65' title='bbox 1534 409 1698 448; x_wconf 75' lang='lat' dir='ltr'><strong>episcopo,</strong></span> <span class='ocrx_word' id='word_1_66' title='bbox 1717 407 1774 439; x_wconf 85' lang='lat' dir='ltr'><strong>sed</strong></span> 
     </span>
    </p>
   </div>
   <div class='ocr_carea' id='block_1_8' title="bbox 147 459 1772 501">
    <p class='ocr_par' dir='ltr' id='par_1_8' title="bbox 147 459 1772 501">
     <span class='ocr_line' id='line_1_8' title="bbox 147 459 1772 501; baseline -0.001 -10"><span class='ocrx_word' id='word_1_67' title='bbox 147 461 186 491; x_wconf 89' lang='lat' dir='ltr'><strong>ab</strong></span> <span class='ocrx_word' id='word_1_68' title='bbox 196 460 260 491; x_wconf 87' lang='lat' dir='ltr'><strong>alio</strong></span> <span class='ocrx_word' id='word_1_69' title='bbox 273 459 515 499; x_wconf 83' lang='lat' dir='ltr'><strong>Theophylacto</strong></span> <span class='ocrx_word' id='word_1_70' title='bbox 530 460 630 490; x_wconf 75' lang='lat' dir='ltr'><strong>fuisse</strong></span> <span class='ocrx_word' id='word_1_71' title='bbox 646 460 871 499; x_wconf 81' lang='lat' dir='ltr'><strong>conscriptam,</strong></span> <span class='ocrx_word' id='word_1_72' title='bbox 887 461 939 492; x_wconf 90' lang='lat' dir='ltr'><strong>cui</strong></span> <span class='ocrx_word' id='word_1_73' title='bbox 954 462 1118 492; x_wconf 69' lang='lat' dir='ltr'><strong>Simoenta:</strong></span> <span class='ocrx_word' id='word_1_74' title='bbox 1132 469 1310 501; x_wconf 78' lang='lat' dir='ltr'><strong>cognomen</strong></span> <span class='ocrx_word' id='word_1_75' title='bbox 1322 465 1405 495; x_wconf 79' lang='lat' dir='ltr'><strong>erat;</strong></span> <span class='ocrx_word' id='word_1_76' title='bbox 1423 460 1546 500; x_wconf 81' lang='lat' dir='ltr'><strong>quique</strong></span> <span class='ocrx_word' id='word_1_77' title='bbox 1561 460 1640 490; x_wconf 81' lang='lat' dir='ltr'><strong>alias</strong></span> <span class='ocrx_word' id='word_1_78' title='bbox 1656 469 1772 499; x_wconf 76' lang='lat' dir='ltr'><strong>quam~</strong></span> 
     </span>
    </p>
   </div>
   <div class='ocr_carea' id='block_1_9' title="bbox 148 510 1774 551">
    <p class='ocr_par' dir='ltr' id='par_1_9' title="bbox 148 510 1774 551">
     <span class='ocr_line' id='line_1_9' title="bbox 148 510 1774 551; baseline 0 -11"><span class='ocrx_word' id='word_1_79' title='bbox 148 510 257 549; x_wconf 86' lang='lat' dir='ltr'><strong>plures</strong></span> <span class='ocrx_word' id='word_1_80' title='bbox 276 510 310 540; x_wconf 90' lang='lat' dir='ltr'><strong>in</strong></span> <span class='ocrx_word' id='word_1_81' title='bbox 326 518 461 541; x_wconf 86' lang='lat' dir='ltr'><strong>suorum</strong></span> <span class='ocrx_word' id='word_1_82' title='bbox 479 510 561 541; x_wconf 83' lang='lat' dir='ltr'><strong>forte</strong></span> <span class='ocrx_word' id='word_1_83' title='bbox 578 510 813 548; x_wconf 87' lang='lat' dir='ltr'><strong>discipulorum</strong></span> <span class='ocrx_word' id='word_1_84' title='bbox 830 519 924 542; x_wconf 89' lang='lat' dir='ltr'><strong>usum</strong></span> <span class='ocrx_word' id='word_1_85' title='bbox 942 511 1021 550; x_wconf 88' lang='lat' dir='ltr'><strong>(erat</strong></span> <span class='ocrx_word' id='word_1_86' title='bbox 1035 512 1158 551; x_wconf 88' lang='lat' dir='ltr'><strong>quippe</strong></span> <span class='ocrx_word' id='word_1_87' title='bbox 1179 510 1380 550; x_wconf 82' lang='lat' dir='ltr'><strong>professione</strong></span> <span class='ocrx_word' id='word_1_88' title='bbox 1397 511 1551 550; x_wconf 76' lang='lat' dir='ltr'><strong>sophista,</strong></span> <span class='ocrx_word' id='word_1_89' title='bbox 1578 519 1635 541; x_wconf 90' lang='lat' dir='ltr'><strong>seu</strong></span> <span class='ocrx_word' id='word_1_90' title='bbox 1654 519 1774 548; x_wconf 65' lang='grc' dir='ltr'><strong>ναι-οε-</strong></span> 
     </span>
    </p>
   </div>
   <div class='ocr_carea' id='block_1_10' title="bbox 146 559 1776 602">
    <p class='ocr_par' dir='ltr' id='par_1_10' title="bbox 146 559 1776 602">
     <span class='ocr_line' id='line_1_10' title="bbox 146 559 1776 602; baseline 0.001 -14"><span class='ocrx_word' id='word_1_91' title='bbox 146 564 217 598; x_wconf 88' lang='lat' dir='ltr'><strong>ptor</strong></span> <span class='ocrx_word' id='word_1_92' title='bbox 233 559 424 600; x_wconf 84' lang='lat' dir='ltr'><strong>rhetorices)</strong></span> <span class='ocrx_word' id='word_1_93' title='bbox 441 560 652 591; x_wconf 89' lang='lat' dir='ltr'><strong>elucubravit.</strong></span> <span class='ocrx_word' id='word_1_94' title='bbox 671 560 758 590; x_wconf 78' lang='lat' dir='ltr'><strong>Hanc</strong></span> <span class='ocrx_word' id='word_1_95' title='bbox 776 565 885 600; x_wconf 84' lang='lat' dir='ltr'><strong>utpote</strong></span> <span class='ocrx_word' id='word_1_96' title='bbox 902 561 1071 598; x_wconf 80' lang='lat' dir='ltr'><strong>ineditam,</strong></span> <span class='ocrx_word' id='word_1_97' title='bbox 1089 567 1120 592; x_wconf 91' lang='lat' dir='ltr'><strong>et</strong></span> <span class='ocrx_word' id='word_1_98' title='bbox 1133 562 1257 602; x_wconf 83' lang='lat' dir='ltr'><strong>alioqui</strong></span> <span class='ocrx_word' id='word_1_99' title='bbox 1273 560 1511 597; x_wconf 79' lang='lat' dir='ltr'><strong>brevissimam,</strong></span> <span class='ocrx_word' id='word_1_100' title='bbox 1533 561 1657 592; x_wconf 84' lang='lat' dir='ltr'><strong>veniam</strong></span> <span class='ocrx_word' id='word_1_101' title='bbox 1674 560 1776 590; x_wconf 81' lang='lat' dir='ltr'><strong>lector</strong></span> 
     </span>
    </p>
   </div>
   <div class='ocr_carea' id='block_1_11' title="bbox 146 609 1774 651">
    <p class='ocr_par' dir='ltr' id='par_1_11' title="bbox 146 609 1774 651">
     <span class='ocr_line' id='line_1_11' title="bbox 146 609 1774 651; baseline 0.001 -12"><span class='ocrx_word' id='word_1_102' title='bbox 146 609 289 649; x_wconf 73' lang='lat' dir='ltr'><strong>Optimus</strong></span> <span class='ocrx_word' id='word_1_103' title='bbox 306 610 406 647; x_wconf 84' lang='lat' dir='ltr'><strong>dabit,</strong></span> <span class='ocrx_word' id='word_1_104' title='bbox 425 611 454 641; x_wconf 88' lang='lat' dir='ltr'><strong>si</strong></span> <span class='ocrx_word' id='word_1_105' title='bbox 479 610 568 641; x_wconf 89' lang='lat' dir='ltr'><strong>velut</strong></span> <span class='ocrx_word' id='word_1_106' title='bbox 584 618 739 649; x_wconf 80' lang='lat' dir='ltr'><strong>parergon</strong></span> <span class='ocrx_word' id='word_1_107' title='bbox 764 611 823 641; x_wconf 91' lang='lat' dir='ltr'><strong>hoc</strong></span> <span class='ocrx_word' id='word_1_108' title='bbox 843 610 904 642; x_wconf 89' lang='lat' dir='ltr'><strong>loci</strong></span> <span class='ocrx_word' id='word_1_109' title='bbox 922 620 1104 650; x_wconf 86' lang='lat' dir='ltr'><strong>apposuero</strong></span> <span class='ocrx_word' id='word_1_110' title='bbox 1120 621 1182 643; x_wconf 87' lang='lat' dir='ltr'><strong>una</strong></span> <span class='ocrx_word' id='word_1_111' title='bbox 1200 620 1272 644; x_wconf 82' lang='lat' dir='ltr'><strong>cum</strong></span> <span class='ocrx_word' id='word_1_112' title='bbox 1296 611 1443 642; x_wconf 84' lang='lat' dir='ltr'><strong>versione</strong></span> <span class='ocrx_word' id='word_1_113' title='bbox 1460 611 1571 642; x_wconf 88' lang='lat' dir='ltr'><strong>Latina</strong></span> <span class='ocrx_word' id='word_1_114' title='bbox 1588 611 1618 641; x_wconf 95' lang='lat' dir='ltr'><strong>in</strong></span> <span class='ocrx_word' id='word_1_115' title='bbox 1638 611 1774 651; x_wconf 73' lang='lat' dir='ltr'><strong>gratiam</strong></span> 
     </span>
    </p>
   </div>
   <div class='ocr_carea' id='block_1_12' title="bbox 146 658 1064 699">
    <p class='ocr_par' dir='ltr' id='par_1_12' title="bbox 146 658 1064 699">
     <span class='ocr_line' id='line_1_12' title="bbox 146 658 1064 699; baseline 0.002 -10"><span class='ocrx_word' id='word_1_116' title='bbox 146 666 259 690; x_wconf 89' lang='lat' dir='ltr'><strong>eorum</strong></span> <span class='ocrx_word' id='word_1_117' title='bbox 275 659 331 699; x_wconf 89' lang='lat' dir='ltr'><strong>qui</strong></span> <span class='ocrx_word' id='word_1_118' title='bbox 351 658 511 698; x_wconf 69' lang='lat' dir='ltr'><strong>ejusmodi</strong></span> <span class='ocrx_word' id='word_1_119' title='bbox 533 659 652 690; x_wconf 90' lang='lat' dir='ltr'><strong>studiis</strong></span> <span class='ocrx_word' id='word_1_120' title='bbox 668 659 879 691; x_wconf 87' lang='lat' dir='ltr'><strong>delectantur.</strong></span> <span class='ocrx_word' id='word_1_121' title='bbox 897 661 950 690; x_wconf 83' lang='lat' dir='ltr'><strong>Est</strong></span> <span class='ocrx_word' id='word_1_122' title='bbox 965 668 1041 692; x_wconf 70' lang='lat' dir='ltr'><strong>vero</strong></span> <span class='ocrx_word' id='word_1_123' title='bbox 1057 672 1064 691; x_wconf 93' lang='lat'><strong>:</strong></span> 
     </span>
    </p>
   </div>
   <div class='ocr_carea' id='block_1_13' title="bbox 376 742 1125 780">
    <p class='ocr_par' dir='ltr' id='par_1_13' title="bbox 376 742 704 779">
     <span class='ocr_line' id='line_1_13' title="bbox 376 742 704 779; baseline 0.003 -10"><span class='ocrx_word' id='word_1_124' title='bbox 376 742 550 770; x_wconf 70' lang='lat' dir='ltr'><strong>Dmmodotua</strong></span> <span class='ocrx_word' id='word_1_125' title='bbox 564 743 704 779; x_wconf 77' lang='lat' dir='ltr'><strong>Antigono.</strong></span> 
     </span>
    </p>
   </div>
   <div class='ocr_carea' id='block_1_14' title="bbox 815 742 1564 780">
    <p class='ocr_par' dir='ltr' id='par_1_14' title="bbox 1195 746 1564 780">
     <span class='ocr_line' id='line_1_14' title="bbox 1195 746 1564 780; baseline 0 -9"><span class='ocrx_word' id='word_1_126' title='bbox 1195 746 1374 780; x_wconf 71' lang='grc' dir='ltr'><strong>Δαιμόὸοχος</strong></span> <span class='ocrx_word' id='word_1_127' title='bbox 1398 747 1426 773; x_wconf 75' lang='grc' dir='ltr'><em>Ἀ</em></span> <span class='ocrx_word' id='word_1_128' title='bbox 1431 748 1564 780; x_wconf 46' lang='lat' dir='ltr'><strong>raw-(mp.</strong></span> 
     </span>
    </p>
   </div>
   <div class='ocr_carea' id='block_1_15' title="bbox 182 798 931 837">
    <p class='ocr_par' dir='ltr' id='par_1_15' title="bbox 182 798 931 836">
     <span class='ocr_line' id='line_1_15' title="bbox 182 798 931 836; baseline 0.001 -9"><span class='ocrx_word' id='word_1_129' title='bbox 182 799 210 827; x_wconf 91' lang='lat' dir='ltr'><strong>Si</strong></span> <span class='ocrx_word' id='word_1_130' title='bbox 227 799 290 827; x_wconf 67' lang='lat' dir='ltr'><strong>vitae</strong></span> <span class='ocrx_word' id='word_1_131' title='bbox 307 798 422 835; x_wconf 73' lang='lat' dir='ltr'><strong>pignora</strong></span> <span class='ocrx_word' id='word_1_132' title='bbox 437 798 566 827; x_wconf 83' lang='lat' dir='ltr'><strong>Socrates</strong></span> <span class='ocrx_word' id='word_1_133' title='bbox 585 806 641 826; x_wconf 89' lang='lat' dir='ltr'><strong>non</strong></span> <span class='ocrx_word' id='word_1_134' title='bbox 654 799 789 834; x_wconf 83' lang='lat' dir='ltr'><strong>possidet,</strong></span> <span class='ocrx_word' id='word_1_135' title='bbox 807 801 931 836; x_wconf 59' lang='grc' dir='ltr'><strong>νεκάδεσ-</strong></span> 
     </span>
    </p>
   </div>
   <div class='ocr_carea' id='block_1_16' title="bbox 1028 798 1777 837">
    <p class='ocr_par' dir='ltr' id='par_1_16' title="bbox 1028 800 1777 837">
     <span class='ocr_line' id='line_1_16' title="bbox 1028 800 1777 837; baseline -0.003 -9"><span class='ocrx_word' id='word_1_136' title='bbox 1028 802 1052 828; x_wconf 82' lang='lat' dir='ltr'><strong>El</strong></span> <span class='ocrx_word' id='word_1_137' title='bbox 1067 802 1105 836; x_wconf 84' lang='grc' dir='ltr'><strong>μὴ</strong></span> <span class='ocrx_word' id='word_1_138' title='bbox 1125 801 1182 836; x_wconf 68' lang='grc' dir='ltr'>βίον</span> <span class='ocrx_word' id='word_1_139' title='bbox 1202 802 1349 836; x_wconf 76' lang='grc' dir='ltr'><strong>Σωκράτης</strong></span> <span class='ocrx_word' id='word_1_140' title='bbox 1369 802 1486 837; x_wconf 70' lang='grc' dir='ltr'>ἐνέχυρα</span> <span class='ocrx_word' id='word_1_141' title='bbox 1512 802 1654 836; x_wconf 73' lang='grc' dir='ltr'><strong>κέκτηται,</strong></span> <span class='ocrx_word' id='word_1_142' title='bbox 1679 800 1777 828; x_wconf 74' lang='grc' dir='ltr'>παιδα-</span> 
     </span>
    </p>
   </div>
   <div class='ocr_carea' id='block_1_17' title="bbox 145 846 894 883">
    <p class='ocr_par' dir='ltr' id='par_1_17' title="bbox 145 846 894 882">
     <span class='ocr_line' id='line_1_17' title="bbox 145 846 894 882; baseline 0.001 -9"><span class='ocrx_word' id='word_1_143' title='bbox 145 854 195 880; x_wconf 72' lang='lat' dir='ltr'><strong>gus</strong></span> <span class='ocrx_word' id='word_1_144' title='bbox 215 846 263 873; x_wconf 85' lang='lat' dir='ltr'><strong>lilii</strong></span> <span class='ocrx_word' id='word_1_145' title='bbox 277 847 319 874; x_wconf 81' lang='lat' dir='ltr'><strong>tui</strong></span> <span class='ocrx_word' id='word_1_146' title='bbox 340 854 394 874; x_wconf 95' lang='lat' dir='ltr'><strong>non</strong></span> <span class='ocrx_word' id='word_1_147' title='bbox 409 846 607 874; x_wconf 80' lang='lat' dir='ltr'><strong>constituatur.</strong></span> <span class='ocrx_word' id='word_1_148' title='bbox 620 846 739 882; x_wconf 83' lang='lat' dir='ltr'><strong>Pignora</strong></span> <span class='ocrx_word' id='word_1_149' title='bbox 759 847 819 875; x_wconf 68' lang='lat' dir='ltr'><strong>vita:</strong></span> <span class='ocrx_word' id='word_1_150' title='bbox 833 849 894 876; x_wconf 81' lang='lat' dir='ltr'><strong>inte]</strong></span> 
     </span>
    </p>
   </div>
   <div class='ocr_carea' id='block_1_18' title="bbox 1027 846 1776 883">
    <p class='ocr_par' dir='ltr' id='par_1_18' title="bbox 1028 847 1776 883">
     <span class='ocr_line' id='line_1_18' title="bbox 1028 847 1776 883; baseline -0.001 -9"><span class='ocrx_word' id='word_1_151' title='bbox 1028 847 1074 881; x_wconf 78' lang='grc' dir='ltr'><strong>γδς</strong></span> <span class='ocrx_word' id='word_1_152' title='bbox 1087 847 1133 874; x_wconf 75' lang='grc' dir='ltr'><strong>τοῦ</strong></span> <span class='ocrx_word' id='word_1_153' title='bbox 1154 847 1202 874; x_wconf 81' lang='grc' dir='ltr'><strong>σοῦ</strong></span> <span class='ocrx_word' id='word_1_154' title='bbox 1221 848 1260 882; x_wconf 80' lang='grc' dir='ltr'><strong>μὴ</strong></span> <span class='ocrx_word' id='word_1_155' title='bbox 1283 847 1500 883; x_wconf 69' lang='grc' dir='ltr'><strong>προχειριζέσθω</strong></span> <span class='ocrx_word' id='word_1_156' title='bbox 1521 847 1626 878; x_wconf 77' lang='grc' dir='ltr'><strong>παιδὸς.</strong></span> <span class='ocrx_word' id='word_1_157' title='bbox 1650 847 1776 881; x_wconf 77' lang='grc' dir='ltr'><strong>Ἐνέχυ-</strong></span> 
     </span>
    </p>
   </div>
   <div class='ocr_carea' id='block_1_19' title="bbox 144 891 893 929">
    <p class='ocr_par' dir='ltr' id='par_1_19' title="bbox 144 891 893 926">
     <span class='ocr_line' id='line_1_19' title="bbox 144 891 893 926; baseline 0.003 -7"><span class='ocrx_word' id='word_1_158' title='bbox 144 897 244 926; x_wconf 77' lang='lat' dir='ltr'><strong>gantur</strong></span> <span class='ocrx_word' id='word_1_159' title='bbox 257 891 315 920; x_wconf 78' lang='lat' dir='ltr'><strong>lilii.</strong></span> <span class='ocrx_word' id='word_1_160' title='bbox 331 892 417 926; x_wconf 88' lang='lat' dir='ltr'><strong>Quem</strong></span> <span class='ocrx_word' id='word_1_161' title='bbox 433 891 505 919; x_wconf 89' lang='lat' dir='ltr'><strong>enim</strong></span> <span class='ocrx_word' id='word_1_162' title='bbox 520 899 581 920; x_wconf 89' lang='lat' dir='ltr'><strong>esse</strong></span> <span class='ocrx_word' id='word_1_163' title='bbox 598 898 701 926; x_wconf 80' lang='lat' dir='ltr'><strong>patrem</strong></span> <span class='ocrx_word' id='word_1_164' title='bbox 716 897 814 920; x_wconf 83' lang='lat' dir='ltr'><strong>natura</strong></span> <span class='ocrx_word' id='word_1_165' title='bbox 829 894 893 921; x_wconf 77' lang='lat' dir='ltr'><strong>dOCll</strong></span> 
     </span>
    </p>
   </div>
   <div class='ocr_carea' id='block_1_20' title="bbox 1026 891 1775 929">
    <p class='ocr_par' dir='ltr' id='par_1_20' title="bbox 1039 891 1775 929">
     <span class='ocr_line' id='line_1_20' title="bbox 1039 891 1775 929; baseline -0.001 -9"><span class='ocrx_word' id='word_1_166' title='bbox 1039 893 1068 920; x_wconf 82' lang='grc' dir='ltr'><strong>δὲ</strong></span> <span class='ocrx_word' id='word_1_167' title='bbox 1082 893 1155 926; x_wconf 77' lang='grc' dir='ltr'><strong>βίου</strong></span> <span class='ocrx_word' id='word_1_168' title='bbox 1176 894 1271 925; x_wconf 77' lang='grc' dir='ltr'>παῖδες</span> <span class='ocrx_word' id='word_1_169' title='bbox 1285 894 1460 921; x_wconf 67' lang='grc' dir='ltr'><strong>νοεῖσοωσιν.</strong></span> <span class='ocrx_word' id='word_1_170' title='bbox 1477 894 1526 920; x_wconf 86' lang='grc' dir='ltr'><strong>’ον</strong></span> <span class='ocrx_word' id='word_1_171' title='bbox 1550 894 1604 929; x_wconf 71' lang='grc' dir='ltr'><strong>γὰρ</strong></span> <span class='ocrx_word' id='word_1_172' title='bbox 1628 891 1698 919; x_wconf 73' lang='grc' dir='ltr'><strong>εἶναι</strong></span> <span class='ocrx_word' id='word_1_173' title='bbox 1723 901 1775 919; x_wconf 81' lang='grc' dir='ltr'><strong>πα-</strong></span> 
     </span>
    </p>
   </div>
   <div class='ocr_carea' id='block_1_21' title="bbox 146 938 895 975">
    <p class='ocr_par' dir='ltr' id='par_1_21' title="bbox 146 938 895 975">
     <span class='ocr_line' id='line_1_21' title="bbox 146 938 895 975; baseline 0.004 -11"><span class='ocrx_word' id='word_1_174' title='bbox 146 939 220 966; x_wconf 84' lang='lat' dir='ltr'><strong>bunc</strong></span> <span class='ocrx_word' id='word_1_175' title='bbox 243 938 421 974; x_wconf 60' lang='lat' dir='ltr'><strong>paedagogum</strong></span> <span class='ocrx_word' id='word_1_176' title='bbox 435 945 509 971; x_wconf 86' lang='lat' dir='ltr'><strong>esse,</strong></span> <span class='ocrx_word' id='word_1_177' title='bbox 525 942 739 966; x_wconf 84' lang='lat' dir='ltr'><strong>consentaneum</strong></span> <span class='ocrx_word' id='word_1_178' title='bbox 757 943 819 967; x_wconf 86' lang='lat' dir='ltr'><strong>est:</strong></span> <span class='ocrx_word' id='word_1_179' title='bbox 833 940 895 975; x_wconf 81' lang='lat' dir='ltr'><strong>quip</strong></span> 
     </span>
    </p>
   </div>
   <div class='ocr_carea' id='block_1_22' title="bbox 1026 938 1775 975">
    <p class='ocr_par' dir='ltr' id='par_1_22' title="bbox 1026 939 1775 974">
     <span class='ocr_line' id='line_1_22' title="bbox 1026 939 1775 974; baseline -0.001 -9"><span class='ocrx_word' id='word_1_180' title='bbox 1026 948 1051 966; x_wconf 82' lang='grc' dir='ltr'><strong>&gt;α</strong></span> <span class='ocrx_word' id='word_1_181' title='bbox 1065 939 1148 974; x_wconf 72' lang='grc' dir='ltr'><strong>φύσις</strong></span> <span class='ocrx_word' id='word_1_182' title='bbox 1163 940 1278 973; x_wconf 70' lang='grc' dir='ltr'><strong>ἐδίδαξε,</strong></span> <span class='ocrx_word' id='word_1_183' title='bbox 1307 940 1403 966; x_wconf 75' lang='grc' dir='ltr'><strong>τοῦτον</strong></span> <span class='ocrx_word' id='word_1_184' title='bbox 1429 940 1476 966; x_wconf 71' lang='grc' dir='ltr'><strong>καὶ</strong></span> <span class='ocrx_word' id='word_1_185' title='bbox 1500 939 1674 973; x_wconf 74' lang='grc' dir='ltr'><strong>παιδαγωγόν</strong></span> <span class='ocrx_word' id='word_1_186' title='bbox 1699 939 1775 965; x_wconf 71' lang='grc' dir='ltr'><strong>ἐστιν</strong></span> 
     </span>
    </p>
   </div>
   <div class='ocr_carea' id='block_1_23' title="bbox 145 984 894 1022">
    <p class='ocr_par' dir='ltr' id='par_1_23' title="bbox 145 984 884 1022">
     <span class='ocr_line' id='line_1_23' title="bbox 145 984 884 1022; baseline 0.003 -11"><span class='ocrx_word' id='word_1_187' title='bbox 145 985 198 1022; x_wconf 60' lang='grc' dir='ltr'><strong>τιυὶ</strong></span> <span class='ocrx_word' id='word_1_188' title='bbox 216 985 384 1020; x_wconf 84' lang='lat' dir='ltr'><strong>experientia</strong></span> <span class='ocrx_word' id='word_1_189' title='bbox 402 984 480 1012; x_wconf 86' lang='lat' dir='ltr'><strong>novit</strong></span> <span class='ocrx_word' id='word_1_190' title='bbox 503 984 690 1020; x_wconf 77' lang='lat' dir='ltr'><strong>generationis</strong></span> <span class='ocrx_word' id='word_1_191' title='bbox 714 984 884 1013; x_wconf 79' lang='lat' dir='ltr'><strong>affectionem</strong></span> 
     </span>
    </p>
   </div>
   <div class='ocr_carea' id='block_1_24' title="bbox 1027 984 1776 1022">
    <p class='ocr_par' dir='ltr' id='par_1_24' title="bbox 1027 985 1776 1020">
     <span class='ocr_line' id='line_1_24' title="bbox 1027 985 1776 1020; baseline 0 -9"><span class='ocrx_word' id='word_1_192' title='bbox 1027 986 1153 1018; x_wconf 83' lang='grc' dir='ltr'>.όπιστον,</span> <span class='ocrx_word' id='word_1_193' title='bbox 1167 987 1214 1012; x_wconf 71' lang='grc' dir='ltr'><strong>πεί</strong></span> <span class='ocrx_word' id='word_1_194' title='bbox 1218 995 1265 1020; x_wconf 80' lang='grc' dir='ltr'>ραν</span> <span class='ocrx_word' id='word_1_195' title='bbox 1285 987 1455 1020; x_wconf 72' lang='grc' dir='ltr'><strong>μανθάνοντα</strong></span> <span class='ocrx_word' id='word_1_196' title='bbox 1471 986 1518 1013; x_wconf 77' lang='grc' dir='ltr'><strong>καὶ</strong></span> <span class='ocrx_word' id='word_1_197' title='bbox 1532 986 1666 1020; x_wconf 76' lang='grc' dir='ltr'><strong>γενέσεως</strong></span> <span class='ocrx_word' id='word_1_198' title='bbox 1680 985 1776 1020; x_wconf 75' lang='grc' dir='ltr'><strong>σχέσιν</strong></span> 
     </span>
    </p>
   </div>
   <div class='ocr_carea' id='block_1_25' title="bbox 146 1029 895 1067">
    <p class='ocr_par' dir='ltr' id='par_1_25' title="bbox 146 1029 388 1058">
     <span class='ocr_line' id='line_1_25' title="bbox 146 1029 388 1058; baseline 0.008 -2"><span class='ocrx_word' id='word_1_199' title='bbox 146 1029 251 1057; x_wconf 80' lang='lat' dir='ltr'><strong>amoris</strong></span> <span class='ocrx_word' id='word_1_200' title='bbox 266 1029 388 1058; x_wconf 76' lang='lat' dir='ltr'><strong>dolores.</strong></span> 
     </span>
    </p>
   </div>
   <div class='ocr_carea' id='block_1_26' title="bbox 594 1029 1343 1067">
    <p class='ocr_par' dir='ltr' id='par_1_26' title="bbox 987 1031 1343 1067">
     <span class='ocr_line' id='line_1_26' title="bbox 987 1031 1343 1067; baseline -0.003 -9"><span class='ocrx_word' id='word_1_201' title='bbox 987 1031 1034 1058; x_wconf 72' lang='grc' dir='ltr'><strong>καὶ</strong></span> <span class='ocrx_word' id='word_1_202' title='bbox 1053 1031 1171 1067; x_wconf 76' lang='grc' dir='ltr'><strong>στοργῆς</strong></span> <span class='ocrx_word' id='word_1_203' title='bbox 1185 1031 1343 1066; x_wconf 70' lang='grc' dir='ltr'><strong>ἀλγηδόνας.</strong></span> 
     </span>
    </p>
   </div>
   <div class='ocr_carea' id='block_1_27' title="bbox 839 1124 1073 1156">
    <p class='ocr_par' dir='ltr' id='par_1_27' title="bbox 839 1124 1073 1156">
     <span class='ocr_line' id='line_1_27' title="bbox 839 1124 1073 1156; baseline -0.004 0"><span class='ocrx_word' id='word_1_204' title='bbox 839 1124 983 1156; x_wconf 82' lang='lat' dir='ltr'><strong>SECTIO</strong></span> <span class='ocrx_word' id='word_1_205' title='bbox 1016 1126 1073 1156; x_wconf 74' lang='lat' dir='ltr'><strong>XI.</strong></span> 
     </span>
    </p>
   </div>
   <div class='ocr_carea' id='block_1_28' title="bbox 461 1189 1466 1230">
    <p class='ocr_par' dir='ltr' id='par_1_28' title="bbox 461 1189 1466 1230">
     <span class='ocr_line' id='line_1_28' title="bbox 461 1189 1466 1230; baseline -0.003 -8"><span class='ocrx_word' id='word_1_206' title='bbox 461 1191 506 1222; x_wconf 77' lang='lat' dir='ltr'><strong>De</strong></span> <span class='ocrx_word' id='word_1_207' title='bbox 519 1195 679 1230; x_wconf 75' lang='lat' dir='ltr'><strong>postrema</strong></span> <span class='ocrx_word' id='word_1_208' title='bbox 691 1195 782 1230; x_wconf 83' lang='lat' dir='ltr'><strong>parte</strong></span> <span class='ocrx_word' id='word_1_209' title='bbox 798 1189 933 1221; x_wconf 71' lang='lat' dir='ltr'><strong>homiliw</strong></span> <span class='ocrx_word' id='word_1_210' title='bbox 947 1189 1127 1226; x_wconf 76' lang='lat' dir='ltr'><strong>undecim,</strong></span> <span class='ocrx_word' id='word_1_211' title='bbox 1137 1190 1176 1220; x_wconf 78' lang='lat' dir='ltr'><strong>In</strong></span> <span class='ocrx_word' id='word_1_212' title='bbox 1188 1190 1466 1220; x_wconf 74' lang='lat' dir='ltr'><strong>resurrectionem.</strong></span> 
     </span>
    </p>
   </div>
   <div class='ocr_carea' id='block_1_29' title="bbox 183 1248 1774 1291">
    <p class='ocr_par' dir='ltr' id='par_1_29' title="bbox 183 1248 1774 1291">
     <span class='ocr_line' id='line_1_29' title="bbox 183 1248 1774 1291; baseline -0.003 -10"><span class='ocrx_word' id='word_1_213' title='bbox 183 1251 296 1283; x_wconf 82' lang='lat' dir='ltr'><strong>XLIV.</strong></span> <span class='ocrx_word' id='word_1_214' title='bbox 313 1252 392 1289; x_wconf 66' lang='lat' dir='ltr'><strong>Qua)</strong></span> <span class='ocrx_word' id='word_1_215' title='bbox 407 1252 447 1283; x_wconf 90' lang='lat' dir='ltr'><strong>de</strong></span> <span class='ocrx_word' id='word_1_216' title='bbox 471 1252 529 1282; x_wconf 86' lang='lat' dir='ltr'><strong>hac</strong></span> <span class='ocrx_word' id='word_1_217' title='bbox 547 1256 707 1291; x_wconf 88' lang='lat' dir='ltr'><strong>postrema</strong></span> <span class='ocrx_word' id='word_1_218' title='bbox 730 1254 817 1290; x_wconf 88' lang='lat' dir='ltr'><strong>parte</strong></span> <span class='ocrx_word' id='word_1_219' title='bbox 843 1249 986 1280; x_wconf 79' lang='lat' dir='ltr'><strong>homiliae</strong></span> <span class='ocrx_word' id='word_1_220' title='bbox 1009 1249 1244 1289; x_wconf 79' lang='lat' dir='ltr'><strong>Theophylaeti</strong></span> <span class='ocrx_word' id='word_1_221' title='bbox 1269 1250 1403 1281; x_wconf 88' lang='lat' dir='ltr'><strong>dicenda</strong></span> <span class='ocrx_word' id='word_1_222' title='bbox 1424 1249 1476 1279; x_wconf 91' lang='lat' dir='ltr'><strong>hic</strong></span> <span class='ocrx_word' id='word_1_223' title='bbox 1503 1249 1580 1279; x_wconf 89' lang='lat' dir='ltr'><strong>mihi</strong></span> <span class='ocrx_word' id='word_1_224' title='bbox 1602 1248 1721 1284; x_wconf 81' lang='lat' dir='ltr'><strong>forent,</strong></span> <span class='ocrx_word' id='word_1_225' title='bbox 1737 1248 1774 1278; x_wconf 88' lang='lat' dir='ltr'><strong>in</strong></span> 
     </span>
    </p>
   </div>
   <div class='ocr_carea' id='block_1_30' title="bbox 144 1299 1774 1342">
    <p class='ocr_par' dir='ltr' id='par_1_30' title="bbox 144 1299 1774 1342">
     <span class='ocr_line' id='line_1_30' title="bbox 144 1299 1774 1342; baseline -0.001 -12"><span class='ocrx_word' id='word_1_226' title='bbox 144 1300 385 1334; x_wconf 87' lang='lat' dir='ltr'><strong>Dissertationis</strong></span> <span class='ocrx_word' id='word_1_227' title='bbox 405 1302 530 1342; x_wconf 64' lang='lat' dir='ltr'><strong>praevias</strong></span> <span class='ocrx_word' id='word_1_228' title='bbox 548 1310 638 1333; x_wconf 89' lang='lat' dir='ltr'><strong>num.</strong></span> <span class='ocrx_word' id='word_1_229' title='bbox 672 1302 695 1332; x_wconf 92' lang='lat' dir='ltr'><strong>L</strong></span> <span class='ocrx_word' id='word_1_230' title='bbox 715 1303 781 1341; x_wconf 88' lang='lat' dir='ltr'><strong>jam</strong></span> <span class='ocrx_word' id='word_1_231' title='bbox 809 1304 1029 1340; x_wconf 65' lang='lat' dir='ltr'><strong>praeoccupate</strong></span> <span class='ocrx_word' id='word_1_232' title='bbox 1052 1300 1157 1330; x_wconf 86' lang='lat' dir='ltr'><strong>fuere.</strong></span> <span class='ocrx_word' id='word_1_233' title='bbox 1173 1300 1279 1337; x_wconf 86' lang='lat' dir='ltr'><strong>Quare</strong></span> <span class='ocrx_word' id='word_1_234' title='bbox 1304 1301 1356 1332; x_wconf 87' lang='lat' dir='ltr'><strong>hic</strong></span> <span class='ocrx_word' id='word_1_235' title='bbox 1384 1299 1489 1331; x_wconf 88' lang='lat' dir='ltr'><strong>solum</strong></span> <span class='ocrx_word' id='word_1_236' title='bbox 1518 1300 1689 1334; x_wconf 82' lang='lat' dir='ltr'><strong>admoneo,</strong></span> <span class='ocrx_word' id='word_1_237' title='bbox 1719 1307 1774 1329; x_wconf 86' lang='lat' dir='ltr'><strong>me</strong></span> 
     </span>
    </p>
   </div>
   <div class='ocr_carea' id='block_1_31' title="bbox 143 1348 1773 1392">
    <p class='ocr_par' dir='ltr' id='par_1_31' title="bbox 143 1348 1773 1392">
     <span class='ocr_line' id='line_1_31' title="bbox 143 1348 1773 1392; baseline -0.002 -10"><span class='ocrx_word' id='word_1_238' title='bbox 143 1351 304 1392; x_wconf 82' lang='lat' dir='ltr'><strong>quidquid</strong></span> <span class='ocrx_word' id='word_1_239' title='bbox 322 1360 361 1382; x_wconf 87' lang='lat' dir='ltr'><strong>ex</strong></span> <span class='ocrx_word' id='word_1_240' title='bbox 377 1352 512 1383; x_wconf 85' lang='lat' dir='ltr'><strong>historia</strong></span> <span class='ocrx_word' id='word_1_241' title='bbox 534 1351 668 1382; x_wconf 83' lang='lat' dir='ltr'><strong>Eusebii</strong></span> <span class='ocrx_word' id='word_1_242' title='bbox 686 1351 868 1381; x_wconf 84' lang='lat' dir='ltr'><strong>derivatum</strong></span> <span class='ocrx_word' id='word_1_243' title='bbox 883 1350 917 1381; x_wconf 90' lang='lat' dir='ltr'><strong>in</strong></span> <span class='ocrx_word' id='word_1_244' title='bbox 939 1358 1008 1381; x_wconf 89' lang='lat' dir='ltr'><strong>eam</strong></span> <span class='ocrx_word' id='word_1_245' title='bbox 1025 1353 1086 1386; x_wconf 86' lang='lat' dir='ltr'><strong>est,</strong></span> <span class='ocrx_word' id='word_1_246' title='bbox 1102 1357 1174 1380; x_wconf 90' lang='lat' dir='ltr'><strong>cum</strong></span> <span class='ocrx_word' id='word_1_247' title='bbox 1190 1349 1328 1388; x_wconf 84' lang='lat' dir='ltr'><strong>ipsemet</strong></span> <span class='ocrx_word' id='word_1_248' title='bbox 1343 1348 1433 1381; x_wconf 77' lang='lat' dir='ltr'><strong>fonte</strong></span> <span class='ocrx_word' id='word_1_249' title='bbox 1450 1349 1638 1385; x_wconf 88' lang='lat' dir='ltr'><strong>contulisse,</strong></span> <span class='ocrx_word' id='word_1_250' title='bbox 1662 1357 1773 1388; x_wconf 86' lang='lat' dir='ltr'><strong>quue</strong></span> 
     </span>
    </p>
   </div>
   <div class='ocr_carea' id='block_1_32' title="bbox 143 1399 1770 1442">
    <p class='ocr_par' dir='ltr' id='par_1_32' title="bbox 143 1399 1770 1442">
     <span class='ocr_line' id='line_1_32' title="bbox 143 1399 1770 1442; baseline 0 -11"><span class='ocrx_word' id='word_1_251' title='bbox 143 1401 206 1432; x_wconf 83' lang='lat' dir='ltr'><strong>mei</strong></span> <span class='ocrx_word' id='word_1_252' title='bbox 223 1402 418 1441; x_wconf 82' lang='lat' dir='ltr'><strong>exemplaris</strong></span> <span class='ocrx_word' id='word_1_253' title='bbox 443 1401 613 1442; x_wconf 89' lang='lat' dir='ltr'><strong>supplesse</strong></span> <span class='ocrx_word' id='word_1_254' title='bbox 629 1401 788 1438; x_wconf 86' lang='lat' dir='ltr'><strong>defectus,</strong></span> <span class='ocrx_word' id='word_1_255' title='bbox 813 1405 909 1441; x_wconf 87' lang='lat' dir='ltr'><strong>atque</strong></span> <span class='ocrx_word' id='word_1_256' title='bbox 931 1401 1027 1431; x_wconf 86' lang='lat' dir='ltr'><strong>etiam</strong></span> <span class='ocrx_word' id='word_1_257' title='bbox 1053 1399 1211 1430; x_wconf 84' lang='lat' dir='ltr'><strong>variantes</strong></span> <span class='ocrx_word' id='word_1_258' title='bbox 1240 1400 1394 1431; x_wconf 89' lang='lat' dir='ltr'><strong>lectiones</strong></span> <span class='ocrx_word' id='word_1_259' title='bbox 1412 1399 1565 1439; x_wconf 85' lang='lat' dir='ltr'><strong>pauculas</strong></span> <span class='ocrx_word' id='word_1_260' title='bbox 1590 1399 1770 1431; x_wconf 86' lang='lat' dir='ltr'><strong>addidisse.</strong></span> 
     </span>
    </p>
   </div>
   <div class='ocr_carea' id='block_1_33' title="bbox 144 1448 1771 1488">
    <p class='ocr_par' dir='ltr' id='par_1_33' title="bbox 144 1448 1771 1488">
     <span class='ocr_line' id='line_1_33' title="bbox 144 1448 1771 1488; baseline -0.001 -6"><span class='ocrx_word' id='word_1_261' title='bbox 144 1451 251 1482; x_wconf 82' lang='lat' dir='ltr'><strong>Codex</strong></span> <span class='ocrx_word' id='word_1_262' title='bbox 267 1450 707 1487; x_wconf 76' lang='lat' dir='ltr'><strong>Ctesareo-Vindobonensis,</strong></span> <span class='ocrx_word' id='word_1_263' title='bbox 723 1450 809 1481; x_wconf 91' lang='lat' dir='ltr'><strong>unde</strong></span> <span class='ocrx_word' id='word_1_264' title='bbox 825 1450 891 1481; x_wconf 83' lang='lat' dir='ltr'><strong>haec</strong></span> <span class='ocrx_word' id='word_1_265' title='bbox 907 1448 1050 1480; x_wconf 87' lang='lat' dir='ltr'><strong>bomiliae</strong></span> <span class='ocrx_word' id='word_1_266' title='bbox 1066 1449 1243 1480; x_wconf 65' lang='lat' dir='ltr'><strong>undecima;</strong></span> <span class='ocrx_word' id='word_1_267' title='bbox 1258 1458 1330 1485; x_wconf 87' lang='lat' dir='ltr'><strong>pars</strong></span> <span class='ocrx_word' id='word_1_268' title='bbox 1345 1450 1511 1487; x_wconf 85' lang='lat' dir='ltr'><strong>desumpta</strong></span> <span class='ocrx_word' id='word_1_269' title='bbox 1529 1453 1588 1485; x_wconf 90' lang='lat' dir='ltr'><strong>est,</strong></span> <span class='ocrx_word' id='word_1_270' title='bbox 1605 1450 1771 1488; x_wconf 71' lang='lat' dir='ltr'><strong>integrum</strong></span> 
     </span>
    </p>
   </div>
   <div class='ocr_carea' id='block_1_34' title="bbox 143 1497 1771 1538">
    <p class='ocr_par' dir='ltr' id='par_1_34' title="bbox 143 1497 1771 1538">
     <span class='ocr_line' id='line_1_34' title="bbox 143 1497 1771 1538; baseline -0.002 -7"><span class='ocrx_word' id='word_1_271' title='bbox 143 1501 287 1533; x_wconf 79' lang='lat' dir='ltr'><strong>continet</strong></span> <span class='ocrx_word' id='word_1_272' title='bbox 301 1501 540 1536; x_wconf 77' lang='lat' dir='ltr'><strong>Homiliarium,</strong></span> <span class='ocrx_word' id='word_1_273' title='bbox 555 1509 613 1530; x_wconf 89' lang='lat' dir='ltr'><strong>seu</strong></span> <span class='ocrx_word' id='word_1_274' title='bbox 631 1501 663 1530; x_wconf 89' lang='lat' dir='ltr'><strong>in</strong></span> <span class='ocrx_word' id='word_1_275' title='bbox 681 1500 779 1530; x_wconf 91' lang='lat' dir='ltr'><strong>totius</strong></span> <span class='ocrx_word' id='word_1_276' title='bbox 795 1499 872 1530; x_wconf 88' lang='lat' dir='ltr'><strong>anni</strong></span> <span class='ocrx_word' id='word_1_277' title='bbox 890 1499 1065 1538; x_wconf 82' lang='lat' dir='ltr'><strong>Evangelia</strong></span> <span class='ocrx_word' id='word_1_278' title='bbox 1082 1499 1248 1537; x_wconf 88' lang='lat' dir='ltr'><strong>decerptas</strong></span> <span class='ocrx_word' id='word_1_279' title='bbox 1265 1507 1302 1529; x_wconf 89' lang='lat' dir='ltr'><strong>ex</strong></span> <span class='ocrx_word' id='word_1_280' title='bbox 1328 1498 1426 1528; x_wconf 80' lang='lat' dir='ltr'><strong>variis</strong></span> <span class='ocrx_word' id='word_1_281' title='bbox 1442 1499 1588 1529; x_wconf 86' lang='lat' dir='ltr'><strong>Patribus</strong></span> <span class='ocrx_word' id='word_1_282' title='bbox 1604 1497 1771 1529; x_wconf 77' lang='lat' dir='ltr'><strong>homi&#39;lias.</strong></span> 
     </span>
    </p>
   </div>
   <div class='ocr_carea' id='block_1_35' title="bbox 144 1548 1772 1589">
    <p class='ocr_par' dir='ltr' id='par_1_35' title="bbox 144 1548 1772 1589">
     <span class='ocr_line' id='line_1_35' title="bbox 144 1548 1772 1589; baseline -0.002 -8"><span class='ocrx_word' id='word_1_283' title='bbox 144 1552 191 1581; x_wconf 85' lang='lat' dir='ltr'><strong>Ex</strong></span> <span class='ocrx_word' id='word_1_284' title='bbox 207 1558 272 1589; x_wconf 86' lang='lat' dir='ltr'><strong>quo</strong></span> <span class='ocrx_word' id='word_1_285' title='bbox 291 1549 369 1580; x_wconf 80' lang='lat' dir='ltr'><strong>mihi</strong></span> <span class='ocrx_word' id='word_1_286' title='bbox 386 1549 478 1580; x_wconf 88' lang='lat' dir='ltr'><strong>valde</strong></span> <span class='ocrx_word' id='word_1_287' title='bbox 497 1548 679 1581; x_wconf 82' lang='lat' dir='ltr'><strong>verosimiie</strong></span> <span class='ocrx_word' id='word_1_288' title='bbox 703 1549 748 1586; x_wconf 84' lang='lat' dir='ltr'><strong>ﬁt,</strong></span> <span class='ocrx_word' id='word_1_289' title='bbox 777 1558 863 1586; x_wconf 88' lang='lat' dir='ltr'><strong>eum,</strong></span> <span class='ocrx_word' id='word_1_290' title='bbox 880 1550 935 1588; x_wconf 90' lang='lat' dir='ltr'><strong>qui</strong></span> <span class='ocrx_word' id='word_1_291' title='bbox 956 1550 1142 1588; x_wconf 71' lang='lat' dir='ltr'><strong>prwdictum</strong></span> <span class='ocrx_word' id='word_1_292' title='bbox 1162 1549 1366 1580; x_wconf 85' lang='lat' dir='ltr'><strong>concinnavit</strong></span> <span class='ocrx_word' id='word_1_293' title='bbox 1387 1549 1624 1585; x_wconf 75' lang='lat' dir='ltr'><strong>Homiliarium,</strong></span> <span class='ocrx_word' id='word_1_294' title='bbox 1643 1553 1772 1587; x_wconf 85' lang='lat' dir='ltr'><strong>postre-</strong></span> 
     </span>
    </p>
   </div>
   <div class='ocr_carea' id='block_1_36' title="bbox 143 1597 1772 1638">
    <p class='ocr_par' dir='ltr' id='par_1_36' title="bbox 143 1597 1772 1638">
     <span class='ocr_line' id='line_1_36' title="bbox 143 1597 1772 1638; baseline -0.003 -7"><span class='ocrx_word' id='word_1_295' title='bbox 143 1607 228 1631; x_wconf 66' lang='lat' dir='ltr'><strong>mam</strong></span> <span class='ocrx_word' id='word_1_296' title='bbox 247 1599 328 1630; x_wconf 84' lang='lat' dir='ltr'><strong>lianc</strong></span> <span class='ocrx_word' id='word_1_297' title='bbox 341 1599 487 1630; x_wconf 69' lang='lat' dir='ltr'><strong>bomiliw</strong></span> <span class='ocrx_word' id='word_1_298' title='bbox 501 1599 682 1631; x_wconf 65' lang='lat' dir='ltr'><strong>undecima:</strong></span> <span class='ocrx_word' id='word_1_299' title='bbox 705 1602 825 1638; x_wconf 88' lang='lat' dir='ltr'><strong>partem</strong></span> <span class='ocrx_word' id='word_1_300' title='bbox 842 1607 906 1630; x_wconf 89' lang='lat' dir='ltr'><strong>suo</strong></span> <span class='ocrx_word' id='word_1_301' title='bbox 919 1599 1082 1630; x_wconf 86' lang='lat' dir='ltr'><strong>addidisse</strong></span> <span class='ocrx_word' id='word_1_302' title='bbox 1097 1599 1261 1635; x_wconf 89' lang='lat' dir='ltr'><strong>arbitratu,</strong></span> <span class='ocrx_word' id='word_1_303' title='bbox 1286 1602 1322 1630; x_wconf 90' lang='lat' dir='ltr'><strong>ut</strong></span> <span class='ocrx_word' id='word_1_304' title='bbox 1337 1607 1480 1630; x_wconf 86' lang='lat' dir='ltr'><strong>errorem</strong></span> <span class='ocrx_word' id='word_1_305' title='bbox 1497 1598 1585 1637; x_wconf 70' lang='lat' dir='ltr'><strong>vulgi</strong></span> <span class='ocrx_word' id='word_1_306' title='bbox 1611 1598 1642 1627; x_wconf 92' lang='lat' dir='ltr'><strong>in</strong></span> <span class='ocrx_word' id='word_1_307' title='bbox 1668 1597 1772 1635; x_wconf 86' lang='lat' dir='ltr'><strong>patria</strong></span> 
     </span>
    </p>
   </div>
   <div class='ocr_carea' id='block_1_37' title="bbox 143 1647 1771 1689">
    <p class='ocr_par' dir='ltr' id='par_1_37' title="bbox 143 1647 1771 1689">
     <span class='ocr_line' id='line_1_37' title="bbox 143 1647 1771 1689; baseline -0.002 -8"><span class='ocrx_word' id='word_1_308' title='bbox 143 1658 202 1681; x_wconf 84' lang='lat' dir='ltr'><strong>sua</strong></span> <span class='ocrx_word' id='word_1_309' title='bbox 216 1649 315 1680; x_wconf 88' lang='lat' dir='ltr'><strong>nimis</strong></span> <span class='ocrx_word' id='word_1_310' title='bbox 329 1649 412 1680; x_wconf 76' lang='lat' dir='ltr'><strong>ferte</strong></span> <span class='ocrx_word' id='word_1_311' title='bbox 429 1650 588 1689; x_wconf 81' lang='lat' dir='ltr'><strong>vigentem</strong></span> <span class='ocrx_word' id='word_1_312' title='bbox 602 1650 642 1680; x_wconf 91' lang='lat' dir='ltr'><strong>de</strong></span> <span class='ocrx_word' id='word_1_313' title='bbox 656 1650 780 1680; x_wconf 82' lang='lat' dir='ltr'><strong>Joanne</strong></span> <span class='ocrx_word' id='word_1_314' title='bbox 796 1650 829 1681; x_wconf 90' lang='lat' dir='ltr'><strong>in</strong></span> <span class='ocrx_word' id='word_1_315' title='bbox 841 1650 904 1681; x_wconf 91' lang='lat' dir='ltr'><strong>vita</strong></span> <span class='ocrx_word' id='word_1_316' title='bbox 923 1649 1026 1681; x_wconf 87' lang='lat' dir='ltr'><strong>adhuc</strong></span> <span class='ocrx_word' id='word_1_317' title='bbox 1040 1650 1227 1688; x_wconf 87' lang='lat' dir='ltr'><strong>superstite,</strong></span> <span class='ocrx_word' id='word_1_318' title='bbox 1240 1649 1373 1680; x_wconf 91' lang='lat' dir='ltr'><strong>omnino</strong></span> <span class='ocrx_word' id='word_1_319' title='bbox 1387 1648 1512 1680; x_wconf 88' lang='lat' dir='ltr'><strong>tolleret</strong></span> <span class='ocrx_word' id='word_1_320' title='bbox 1529 1653 1559 1679; x_wconf 87' lang='lat' dir='ltr'><strong>et</strong></span> <span class='ocrx_word' id='word_1_321' title='bbox 1572 1647 1771 1678; x_wconf 85' lang='lat' dir='ltr'><strong>eliminaret.</strong></span> 
     </span>
    </p>
   </div>
   <div class='ocr_carea' id='block_1_38' title="bbox 143 1697 1772 1745">
    <p class='ocr_par' dir='ltr' id='par_1_38' title="bbox 143 1697 1772 1745">
     <span class='ocr_line' id='line_1_38' title="bbox 143 1697 1772 1745; baseline -0.001 -15"><span class='ocrx_word' id='word_1_322' title='bbox 143 1700 221 1731; x_wconf 69' lang='lat' dir='ltr'><strong>ideo</strong></span> <span class='ocrx_word' id='word_1_323' title='bbox 237 1704 345 1745; x_wconf 81' lang='lat' dir='ltr'><strong>autem</strong></span> <span class='ocrx_word' id='word_1_324' title='bbox 361 1709 447 1732; x_wconf 83' lang='lat' dir='ltr'><strong>nunc</strong></span> <span class='ocrx_word' id='word_1_325' title='bbox 458 1701 565 1732; x_wconf 85' lang='lat' dir='ltr'><strong>editur</strong></span> <span class='ocrx_word' id='word_1_326' title='bbox 576 1700 642 1731; x_wconf 77' lang='lat' dir='ltr'><strong>ilth</strong></span> <span class='ocrx_word' id='word_1_327' title='bbox 657 1699 800 1731; x_wconf 71' lang='lat' dir='ltr'><strong>bomiliea</strong></span> <span class='ocrx_word' id='word_1_328' title='bbox 810 1709 892 1740; x_wconf 89' lang='lat' dir='ltr'><strong>pars,</strong></span> <span class='ocrx_word' id='word_1_329' title='bbox 905 1700 979 1739; x_wconf 82' lang='lat' dir='ltr'><strong>quia</strong></span> <span class='ocrx_word' id='word_1_330' title='bbox 996 1701 1206 1731; x_wconf 84' lang='lat' dir='ltr'><strong>constitutum</strong></span> <span class='ocrx_word' id='word_1_331' title='bbox 1226 1700 1318 1731; x_wconf 90' lang='lat' dir='ltr'><strong>nobis</strong></span> <span class='ocrx_word' id='word_1_332' title='bbox 1334 1705 1393 1733; x_wconf 88' lang='lat' dir='ltr'><strong>est.</strong></span> <span class='ocrx_word' id='word_1_333' title='bbox 1411 1698 1489 1730; x_wconf 86' lang='lat' dir='ltr'><strong>nihil</strong></span> <span class='ocrx_word' id='word_1_334' title='bbox 1508 1699 1539 1729; x_wconf 87' lang='lat' dir='ltr'><strong>in</strong></span> <span class='ocrx_word' id='word_1_335' title='bbox 1556 1698 1613 1729; x_wconf 86' lang='lat' dir='ltr'><strong>hac</strong></span> <span class='ocrx_word' id='word_1_336' title='bbox 1627 1697 1772 1729; x_wconf 79' lang='lat' dir='ltr'><strong>editione</strong></span> 
     </span>
    </p>
   </div>
   <div class='ocr_carea' id='block_1_39' title="bbox 145 1749 1114 1791">
    <p class='ocr_par' dir='ltr' id='par_1_39' title="bbox 145 1749 1114 1791">
     <span class='ocr_line' id='line_1_39' title="bbox 145 1749 1114 1791; baseline 0.002 -11"><span class='ocrx_word' id='word_1_337' title='bbox 145 1749 233 1788; x_wconf 88' lang='lat' dir='ltr'><strong>quod</strong></span> <span class='ocrx_word' id='word_1_338' title='bbox 253 1750 486 1790; x_wconf 79' lang='lat' dir='ltr'><strong>Tbeopbylaeti</strong></span> <span class='ocrx_word' id='word_1_339' title='bbox 505 1751 637 1784; x_wconf 85' lang='lat' dir='ltr'><strong>nomine</strong></span> <span class='ocrx_word' id='word_1_340' title='bbox 655 1750 847 1791; x_wconf 87' lang='lat' dir='ltr'><strong>inscriptum</strong></span> <span class='ocrx_word' id='word_1_341' title='bbox 865 1752 919 1789; x_wconf 86' lang='lat' dir='ltr'><strong>sit,</strong></span> <span class='ocrx_word' id='word_1_342' title='bbox 938 1752 1114 1791; x_wconf 60' lang='lat' dir='ltr'><strong>preterire.</strong></span> 
     </span>
    </p>
   </div>
   <div class='ocr_carea' id='block_1_40' title="bbox 833 1815 1067 1846">
    <p class='ocr_par' dir='ltr' id='par_1_40' title="bbox 833 1815 1067 1846">
     <span class='ocr_line' id='line_1_40' title="bbox 833 1815 1067 1846; baseline -0.004 -1"><span class='ocrx_word' id='word_1_343' title='bbox 833 1815 979 1846; x_wconf 80' lang='lat' dir='ltr'><strong>SECTIO</strong></span> <span class='ocrx_word' id='word_1_344' title='bbox 996 1815 1067 1845; x_wconf 79' lang='grc' dir='ltr'><strong>ΧΠ.</strong></span> 
     </span>
    </p>
   </div>
   <div class='ocr_carea' id='block_1_41' title="bbox 311 1877 1598 1918">
    <p class='ocr_par' dir='ltr' id='par_1_41' title="bbox 311 1877 1598 1918">
     <span class='ocr_line' id='line_1_41' title="bbox 311 1877 1598 1918; baseline 0 -10"><span class='ocrx_word' id='word_1_345' title='bbox 311 1879 356 1908; x_wconf 83' lang='lat' dir='ltr'><strong>De</strong></span> <span class='ocrx_word' id='word_1_346' title='bbox 373 1878 602 1909; x_wconf 75' lang='lat' dir='ltr'><strong>Commentario</strong></span> <span class='ocrx_word' id='word_1_347' title='bbox 614 1879 648 1909; x_wconf 81' lang='lat' dir='ltr'><strong>in</strong></span> <span class='ocrx_word' id='word_1_348' title='bbox 661 1879 740 1910; x_wconf 82' lang='lat' dir='ltr'><strong>Acta</strong></span> <span class='ocrx_word' id='word_1_349' title='bbox 754 1878 969 1918; x_wconf 73' lang='lat' dir='ltr'><strong>apostolorum</strong></span> <span class='ocrx_word' id='word_1_350' title='bbox 987 1887 1027 1909; x_wconf 71' lang='grc' dir='ltr'><strong>ρετ</strong></span> <span class='ocrx_word' id='word_1_351' title='bbox 1043 1877 1230 1908; x_wconf 75' lang='lat' dir='ltr'><strong>bibliotheca</strong></span> <span class='ocrx_word' id='word_1_352' title='bbox 1242 1877 1598 1908; x_wconf 69' lang='lat' dir='ltr'><strong>Florentino-Medicae.</strong></span> 
     </span>
    </p>
   </div>
   <div class='ocr_carea' id='block_1_42' title="bbox 183 1938 1771 1979">
    <p class='ocr_par' dir='ltr' id='par_1_42' title="bbox 183 1938 1771 1979">
     <span class='ocr_line' id='line_1_42' title="bbox 183 1938 1771 1979; baseline 0.001 -10"><span class='ocrx_word' id='word_1_353' title='bbox 183 1938 280 1969; x_wconf 77' lang='lat' dir='ltr'><strong>XLV.</strong></span> <span class='ocrx_word' id='word_1_354' title='bbox 297 1939 531 1979; x_wconf 88' lang='lat' dir='ltr'><strong>Theophylacti</strong></span> <span class='ocrx_word' id='word_1_355' title='bbox 548 1940 797 1971; x_wconf 82' lang='lat' dir='ltr'><strong>Commentarius</strong></span> <span class='ocrx_word' id='word_1_356' title='bbox 814 1940 847 1970; x_wconf 84' lang='lat' dir='ltr'><strong>in</strong></span> <span class='ocrx_word' id='word_1_357' title='bbox 866 1939 947 1970; x_wconf 80' lang='lat' dir='ltr'><strong>Acta</strong></span> <span class='ocrx_word' id='word_1_358' title='bbox 962 1939 1177 1978; x_wconf 79' lang='lat' dir='ltr'><strong>apostolorum</strong></span> <span class='ocrx_word' id='word_1_359' title='bbox 1194 1947 1210 1969; x_wconf 92' lang='lat' dir='ltr'><strong>a</strong></span> <span class='ocrx_word' id='word_1_360' title='bbox 1223 1938 1334 1970; x_wconf 76' lang='lat' dir='ltr'><strong>Silano</strong></span> <span class='ocrx_word' id='word_1_361' title='bbox 1351 1938 1458 1969; x_wconf 89' lang='lat' dir='ltr'><strong>editus</strong></span> <span class='ocrx_word' id='word_1_362' title='bbox 1472 1939 1553 1969; x_wconf 79' lang='lat' dir='ltr'><strong>adeo</strong></span> <span class='ocrx_word' id='word_1_363' title='bbox 1571 1947 1665 1969; x_wconf 90' lang='lat' dir='ltr'><strong>rarus</strong></span> <span class='ocrx_word' id='word_1_364' title='bbox 1689 1947 1771 1970; x_wconf 83' lang='lat' dir='ltr'><strong>eva-</strong></span> 
     </span>
    </p>
   </div>
   <div class='ocr_carea' id='block_1_43' title="bbox 141 1988 1771 2030">
    <p class='ocr_par' dir='ltr' id='par_1_43' title="bbox 141 1988 1771 2030">
     <span class='ocr_line' id='line_1_43' title="bbox 141 1988 1771 2030; baseline -0.001 -10"><span class='ocrx_word' id='word_1_365' title='bbox 141 1988 198 2026; x_wconf 76' lang='lat' dir='ltr'><strong>sit,</strong></span> <span class='ocrx_word' id='word_1_366' title='bbox 213 1993 248 2020; x_wconf 91' lang='lat' dir='ltr'><strong>ut</strong></span> <span class='ocrx_word' id='word_1_367' title='bbox 264 1997 336 2021; x_wconf 91' lang='lat' dir='ltr'><strong>cum</strong></span> <span class='ocrx_word' id='word_1_368' title='bbox 353 1990 508 2021; x_wconf 93' lang='lat' dir='ltr'><strong>editionis</strong></span> <span class='ocrx_word' id='word_1_369' title='bbox 524 1990 623 2030; x_wconf 87' lang='lat' dir='ltr'><strong>hujus</strong></span> <span class='ocrx_word' id='word_1_370' title='bbox 639 1995 804 2021; x_wconf 87' lang='lat' dir='ltr'><strong>curatores</strong></span> <span class='ocrx_word' id='word_1_371' title='bbox 819 1998 894 2020; x_wconf 87' lang='lat' dir='ltr'><strong>eum</strong></span> <span class='ocrx_word' id='word_1_372' title='bbox 911 1989 966 2020; x_wconf 91' lang='lat' dir='ltr'><strong>diu</strong></span> <span class='ocrx_word' id='word_1_373' title='bbox 986 1988 1229 2028; x_wconf 77' lang='lat' dir='ltr'><strong>qumsivissent,</strong></span> <span class='ocrx_word' id='word_1_374' title='bbox 1248 1988 1397 2020; x_wconf 87' lang='lat' dir='ltr'><strong>invenire</strong></span> <span class='ocrx_word' id='word_1_375' title='bbox 1414 1988 1529 2019; x_wconf 88' lang='lat' dir='ltr'><strong>nullibi</strong></span> <span class='ocrx_word' id='word_1_376' title='bbox 1546 1989 1690 2019; x_wconf 81' lang='lat' dir='ltr'><strong>venalem</strong></span> <span class='ocrx_word' id='word_1_377' title='bbox 1709 1998 1771 2027; x_wconf 87' lang='lat' dir='ltr'><strong>po-</strong></span> 
     </span>
    </p>
   </div>
   <div class='ocr_carea' id='block_1_44' title="bbox 143 2038 1772 2079">
    <p class='ocr_par' dir='ltr' id='par_1_44' title="bbox 143 2038 1772 2079">
     <span class='ocr_line' id='line_1_44' title="bbox 143 2038 1772 2079; baseline 0.001 -11"><span class='ocrx_word' id='word_1_378' title='bbox 143 2038 278 2069; x_wconf 90' lang='lat' dir='ltr'><strong>tuerint.</strong></span> <span class='ocrx_word' id='word_1_379' title='bbox 301 2038 395 2075; x_wconf 86' lang='lat' dir='ltr'><strong>Quod</strong></span> <span class='ocrx_word' id='word_1_380' title='bbox 419 2039 447 2068; x_wconf 91' lang='lat' dir='ltr'><strong>si</strong></span> <span class='ocrx_word' id='word_1_381' title='bbox 471 2047 546 2070; x_wconf 88' lang='lat' dir='ltr'><strong>eum</strong></span> <span class='ocrx_word' id='word_1_382' title='bbox 573 2038 747 2079; x_wconf 88' lang='lat' dir='ltr'><strong>aliquando</strong></span> <span class='ocrx_word' id='word_1_383' title='bbox 773 2038 856 2069; x_wconf 87' lang='lat' dir='ltr'><strong>nacti</strong></span> <span class='ocrx_word' id='word_1_384' title='bbox 870 2042 960 2076; x_wconf 90' lang='lat' dir='ltr'><strong>sunt,</strong></span> <span class='ocrx_word' id='word_1_385' title='bbox 977 2047 1016 2069; x_wconf 86' lang='lat' dir='ltr'><strong>ex</strong></span> <span class='ocrx_word' id='word_1_386' title='bbox 1032 2038 1158 2074; x_wconf 33' lang='lat' dir='ltr'><strong>,Gnecia</strong></span> <span class='ocrx_word' id='word_1_387' title='bbox 1183 2038 1306 2077; x_wconf 89' lang='lat' dir='ltr'><strong>duplici</strong></span> <span class='ocrx_word' id='word_1_388' title='bbox 1334 2038 1489 2069; x_wconf 89' lang='lat' dir='ltr'><strong>editionis</strong></span> <span class='ocrx_word' id='word_1_389' title='bbox 1509 2038 1605 2078; x_wconf 85' lang='lat' dir='ltr'><strong>hujus</strong></span> <span class='ocrx_word' id='word_1_390' title='bbox 1633 2047 1772 2077; x_wconf 89' lang='lat' dir='ltr'><strong>corpore</strong></span> 
     </span>
    </p>
   </div>
   <div class='ocr_carea' id='block_1_45' title="bbox 141 2088 1770 2129">
    <p class='ocr_par' dir='ltr' id='par_1_45' title="bbox 141 2088 1770 2129">
     <span class='ocr_line' id='line_1_45' title="bbox 141 2088 1770 2129; baseline -0.001 -9"><span class='ocrx_word' id='word_1_391' title='bbox 141 2091 407 2120; x_wconf 84' lang='lat' dir='ltr'><strong>eommutandum</strong></span> <span class='ocrx_word' id='word_1_392' title='bbox 425 2093 628 2128; x_wconf 88' lang='lat' dir='ltr'><strong>receperunt.</strong></span> <span class='ocrx_word' id='word_1_393' title='bbox 645 2090 770 2120; x_wconf 84' lang='lat' dir='ltr'><strong>Interea</strong></span> <span class='ocrx_word' id='word_1_394' title='bbox 786 2089 862 2120; x_wconf 92' lang='lat' dir='ltr'><strong>dum</strong></span> <span class='ocrx_word' id='word_1_395' title='bbox 875 2089 1001 2129; x_wconf 85' lang='lat' dir='ltr'><strong>jamdiu</strong></span> <span class='ocrx_word' id='word_1_396' title='bbox 1016 2097 1288 2128; x_wconf 82' lang='lat' dir='ltr'><strong>supervacaneam</strong></span> <span class='ocrx_word' id='word_1_397' title='bbox 1305 2089 1409 2120; x_wconf 88' lang='lat' dir='ltr'><strong>eidem</strong></span> <span class='ocrx_word' id='word_1_398' title='bbox 1423 2088 1664 2128; x_wconf 88' lang='lat' dir='ltr'><strong>quomodolibet</strong></span> <span class='ocrx_word' id='word_1_399' title='bbox 1676 2096 1770 2118; x_wconf 90' lang='lat' dir='ltr'><strong>com—</strong></span> 
     </span>
    </p>
   </div>
   <div class='ocr_carea' id='block_1_46' title="bbox 144 2137 1772 2183">
    <p class='ocr_par' dir='ltr' id='par_1_46' title="bbox 144 2137 1772 2183">
     <span class='ocr_line' id='line_1_46' title="bbox 144 2137 1772 2183; baseline -0.001 -15"><span class='ocrx_word' id='word_1_400' title='bbox 144 2139 285 2177; x_wconf 83' lang='lat' dir='ltr'><strong>parando</strong></span> <span class='ocrx_word' id='word_1_401' title='bbox 299 2142 472 2169; x_wconf 88' lang='lat' dir='ltr'><strong>navassent</strong></span> <span class='ocrx_word' id='word_1_402' title='bbox 487 2146 629 2177; x_wconf 84' lang='lat' dir='ltr'><strong>operam,</strong></span> <span class='ocrx_word' id='word_1_403' title='bbox 647 2138 753 2178; x_wconf 90' lang='lat' dir='ltr'><strong>deque</strong></span> <span class='ocrx_word' id='word_1_404' title='bbox 765 2138 858 2169; x_wconf 86' lang='lat' dir='ltr'><strong>exitu</strong></span> <span class='ocrx_word' id='word_1_405' title='bbox 869 2137 990 2183; x_wconf 76' lang='lat' dir='ltr'><strong>negptii</strong></span> <span class='ocrx_word' id='word_1_406' title='bbox 1004 2138 1101 2177; x_wconf 80' lang='lat' dir='ltr'><strong>hujus</strong></span> <span class='ocrx_word' id='word_1_407' title='bbox 1114 2137 1272 2168; x_wconf 63' lang='lat' dir='ltr'><strong>haererent</strong></span> <span class='ocrx_word' id='word_1_408' title='bbox 1288 2137 1415 2174; x_wconf 90' lang='lat' dir='ltr'><strong>incerti,</strong></span> <span class='ocrx_word' id='word_1_409' title='bbox 1433 2137 1466 2168; x_wconf 87' lang='lat' dir='ltr'><strong>in</strong></span> <span class='ocrx_word' id='word_1_410' title='bbox 1484 2146 1554 2168; x_wconf 84' lang='lat' dir='ltr'><strong>eam</strong></span> <span class='ocrx_word' id='word_1_411' title='bbox 1573 2138 1772 2167; x_wconf 85' lang='lat' dir='ltr'><strong>sententiam</strong></span> 
     </span>
    </p>
   </div>
   <div class='ocr_carea' id='block_1_47' title="bbox 141 2185 1771 2226">
    <p class='ocr_par' dir='ltr' id='par_1_47' title="bbox 141 2185 1771 2226">
     <span class='ocr_line' id='line_1_47' title="bbox 141 2185 1771 2226; baseline -0.001 -8"><span class='ocrx_word' id='word_1_412' title='bbox 141 2190 274 2218; x_wconf 83' lang='lat' dir='ltr'><strong>ventum</strong></span> <span class='ocrx_word' id='word_1_413' title='bbox 293 2190 353 2222; x_wconf 86' lang='lat' dir='ltr'><strong>est,</strong></span> <span class='ocrx_word' id='word_1_414' title='bbox 374 2189 408 2216; x_wconf 92' lang='lat' dir='ltr'><strong>ut</strong></span> <span class='ocrx_word' id='word_1_415' title='bbox 423 2185 492 2224; x_wconf 89' lang='lat' dir='ltr'><strong>ejus</strong></span> <span class='ocrx_word' id='word_1_416' title='bbox 506 2186 738 2226; x_wconf 82' lang='lat' dir='ltr'><strong>apographum,</strong></span> <span class='ocrx_word' id='word_1_417' title='bbox 755 2186 811 2226; x_wconf 91' lang='lat' dir='ltr'><strong>qui</strong></span> <span class='ocrx_word' id='word_1_418' title='bbox 827 2186 859 2216; x_wconf 90' lang='lat' dir='ltr'><strong>in</strong></span> <span class='ocrx_word' id='word_1_419' title='bbox 884 2185 1074 2217; x_wconf 88' lang='lat' dir='ltr'><strong>Florentino</strong></span> <span class='ocrx_word' id='word_1_420' title='bbox 1093 2185 1201 2217; x_wconf 88' lang='lat' dir='ltr'><strong>codice</strong></span> <span class='ocrx_word' id='word_1_421' title='bbox 1215 2186 1375 2224; x_wconf 89' lang='lat' dir='ltr'><strong>reperitur</strong></span> <span class='ocrx_word' id='word_1_422' title='bbox 1390 2186 1592 2217; x_wconf 76' lang='lat' dir='ltr'><strong>bibliothecae</strong></span> <span class='ocrx_word' id='word_1_423' title='bbox 1607 2186 1771 2217; x_wconf 79' lang='lat' dir='ltr'><strong>Mediceo-</strong></span> 
     </span>
    </p>
   </div>
   <div class='ocr_carea' id='block_1_48' title="bbox 142 2235 1769 2277">
    <p class='ocr_par' dir='ltr' id='par_1_48' title="bbox 142 2235 1769 2277">
     <span class='ocr_line' id='line_1_48' title="bbox 142 2235 1769 2277; baseline -0.002 -9"><span class='ocrx_word' id='word_1_424' title='bbox 142 2237 381 2272; x_wconf 69' lang='lat' dir='ltr'><strong>Laurentianaa,</strong></span> <span class='ocrx_word' id='word_1_425' title='bbox 398 2244 561 2276; x_wconf 90' lang='lat' dir='ltr'><strong>quemque</strong></span> <span class='ocrx_word' id='word_1_426' title='bbox 575 2237 817 2277; x_wconf 75' lang='lat' dir='ltr'><strong>’l‘heophylacto</strong></span> <span class='ocrx_word' id='word_1_427' title='bbox 827 2236 959 2267; x_wconf 84' lang='lat' dir='ltr'><strong>ascribit</strong></span> <span class='ocrx_word' id='word_1_428' title='bbox 974 2235 1242 2267; x_wconf 76' lang='lat' dir='ltr'><strong>Montet‘alconius</strong></span> <span class='ocrx_word' id='word_1_429' title='bbox 1259 2235 1293 2267; x_wconf 88' lang='lat' dir='ltr'><strong>in</strong></span> <span class='ocrx_word' id='word_1_430' title='bbox 1311 2245 1369 2267; x_wconf 86' lang='lat' dir='ltr'><strong>sua</strong></span> <span class='ocrx_word' id='word_1_431' title='bbox 1389 2236 1585 2267; x_wconf 79' lang='lat' dir='ltr'><strong>Bibliotheca</strong></span> <span class='ocrx_word' id='word_1_432' title='bbox 1598 2235 1769 2266; x_wconf 79' lang='lat' dir='ltr'><strong>bibliothe-</strong></span> 
     </span>
    </p>
   </div>
   <div class='ocr_carea' id='block_1_49' title="bbox 142 2286 1770 2330">
    <p class='ocr_par' dir='ltr' id='par_1_49' title="bbox 142 2286 1770 2330">
     <span class='ocr_line' id='line_1_49' title="bbox 142 2286 1770 2330; baseline -0.001 -12"><span class='ocrx_word' id='word_1_433' title='bbox 142 2297 264 2326; x_wconf 83' lang='lat' dir='ltr'><strong>carum,</strong></span> <span class='ocrx_word' id='word_1_434' title='bbox 279 2287 340 2318; x_wconf 88' lang='lat' dir='ltr'><strong>sibi</strong></span> <span class='ocrx_word' id='word_1_435' title='bbox 362 2289 600 2327; x_wconf 84' lang='lat' dir='ltr'><strong>procurandum</strong></span> <span class='ocrx_word' id='word_1_436' title='bbox 619 2287 848 2325; x_wconf 83' lang='lat' dir='ltr'><strong>existimarint,</strong></span> <span class='ocrx_word' id='word_1_437' title='bbox 864 2287 935 2324; x_wconf 90' lang='lat' dir='ltr'><strong>rati,</strong></span> <span class='ocrx_word' id='word_1_438' title='bbox 954 2287 1103 2330; x_wconf 80' lang='lat' dir='ltr'><strong>eumdem</strong></span> <span class='ocrx_word' id='word_1_439' title='bbox 1119 2286 1251 2317; x_wconf 88' lang='lat' dir='ltr'><strong>omnino</strong></span> <span class='ocrx_word' id='word_1_440' title='bbox 1265 2295 1336 2318; x_wconf 88' lang='lat' dir='ltr'><strong>esse</strong></span> <span class='ocrx_word' id='word_1_441' title='bbox 1353 2296 1425 2318; x_wconf 89' lang='lat' dir='ltr'><strong>cum</strong></span> <span class='ocrx_word' id='word_1_442' title='bbox 1438 2296 1476 2318; x_wconf 91' lang='lat' dir='ltr'><strong>eo</strong></span> <span class='ocrx_word' id='word_1_443' title='bbox 1492 2287 1549 2327; x_wconf 85' lang='lat' dir='ltr'><strong>qui</strong></span> <span class='ocrx_word' id='word_1_444' title='bbox 1565 2288 1671 2318; x_wconf 86' lang='lat' dir='ltr'><strong>editus</strong></span> <span class='ocrx_word' id='word_1_445' title='bbox 1686 2296 1701 2317; x_wconf 86' lang='lat' dir='ltr'><strong>a</strong></span> <span class='ocrx_word' id='word_1_446' title='bbox 1719 2288 1770 2318; x_wconf 85' lang='lat' dir='ltr'><strong>Si-</strong></span> 
     </span>
    </p>
   </div>
   <div class='ocr_carea' id='block_1_50' title="bbox 141 2337 1768 2380">
    <p class='ocr_par' dir='ltr' id='par_1_50' title="bbox 141 2337 1768 2380">
     <span class='ocr_line' id='line_1_50' title="bbox 141 2337 1768 2380; baseline -0.002 -9"><span class='ocrx_word' id='word_1_447' title='bbox 141 2340 217 2371; x_wconf 78' lang='lat' dir='ltr'><strong>fano</strong></span> <span class='ocrx_word' id='word_1_448' title='bbox 237 2344 284 2371; x_wconf 91' lang='lat' dir='ltr'><strong>est</strong></span> <span class='ocrx_word' id='word_1_449' title='bbox 302 2351 309 2370; x_wconf 91' lang='lat'><strong>:</strong></span> <span class='ocrx_word' id='word_1_450' title='bbox 329 2344 426 2379; x_wconf 88' lang='lat' dir='ltr'><strong>atque</strong></span> <span class='ocrx_word' id='word_1_451' title='bbox 442 2340 535 2377; x_wconf 88' lang='lat' dir='ltr'><strong>adeo,</strong></span> <span class='ocrx_word' id='word_1_452' title='bbox 548 2340 709 2380; x_wconf 86' lang='lat' dir='ltr'><strong>quidquid</strong></span> <span class='ocrx_word' id='word_1_453' title='bbox 726 2340 856 2371; x_wconf 89' lang='lat' dir='ltr'><strong>demum</strong></span> <span class='ocrx_word' id='word_1_454' title='bbox 876 2339 1057 2376; x_wconf 83' lang='lat' dir='ltr'><strong>accidisset,</strong></span> <span class='ocrx_word' id='word_1_455' title='bbox 1074 2339 1232 2370; x_wconf 82' lang='lat' dir='ltr'><strong>variantes</strong></span> <span class='ocrx_word' id='word_1_456' title='bbox 1247 2338 1357 2370; x_wconf 83' lang='lat' dir='ltr'><strong>saltem</strong></span> <span class='ocrx_word' id='word_1_457' title='bbox 1375 2339 1542 2374; x_wconf 83' lang='lat' dir='ltr'><strong>lectiones,</strong></span> <span class='ocrx_word' id='word_1_458' title='bbox 1559 2341 1653 2377; x_wconf 90' lang='lat' dir='ltr'><strong>atque</strong></span> <span class='ocrx_word' id='word_1_459' title='bbox 1669 2337 1768 2368; x_wconf 85' lang='lat' dir='ltr'><strong>etiam</strong></span> 
     </span>
    </p>
   </div>
   <div class='ocr_carea' id='block_1_51' title="bbox 146 2388 1767 2430">
    <p class='ocr_par' dir='ltr' id='par_1_51' title="bbox 146 2388 1767 2430">
     <span class='ocr_line' id='line_1_51' title="bbox 146 2388 1767 2430; baseline -0.001 -9"><span class='ocrx_word' id='word_1_460' title='bbox 146 2391 385 2422; x_wconf 76' lang='lat' dir='ltr'><strong>correctionum</strong></span> <span class='ocrx_word' id='word_1_461' title='bbox 401 2390 548 2421; x_wconf 89' lang='lat' dir='ltr'><strong>subsidia</strong></span> <span class='ocrx_word' id='word_1_462' title='bbox 568 2390 863 2430; x_wconf 88' lang='lat' dir='ltr'><strong>suppeditaturum.</strong></span> <span class='ocrx_word' id='word_1_463' title='bbox 881 2392 919 2421; x_wconf 80' lang='lat' dir='ltr'><strong>At</strong></span> <span class='ocrx_word' id='word_1_464' title='bbox 938 2398 1001 2421; x_wconf 81' lang='lat' dir='ltr'><strong>non</strong></span> <span class='ocrx_word' id='word_1_465' title='bbox 1019 2390 1060 2421; x_wconf 86' lang='lat' dir='ltr'><strong>ita</strong></span> <span class='ocrx_word' id='word_1_466' title='bbox 1075 2399 1125 2421; x_wconf 92' lang='lat' dir='ltr'><strong>res</strong></span> <span class='ocrx_word' id='word_1_467' title='bbox 1141 2390 1248 2421; x_wconf 89' lang='lat' dir='ltr'><strong>cessit.</strong></span> <span class='ocrx_word' id='word_1_468' title='bbox 1266 2390 1312 2420; x_wconf 89' lang='lat' dir='ltr'><strong>Eo</strong></span> <span class='ocrx_word' id='word_1_469' title='bbox 1327 2388 1414 2420; x_wconf 89' lang='lat' dir='ltr'><strong>enim</strong></span> <span class='ocrx_word' id='word_1_470' title='bbox 1429 2388 1613 2428; x_wconf 80' lang='lat' dir='ltr'><strong>apograpbo</strong></span> <span class='ocrx_word' id='word_1_471' title='bbox 1629 2389 1767 2419; x_wconf 85' lang='lat' dir='ltr'><strong>Floren-</strong></span> 
     </span>
    </p>
   </div>
   <div class='ocr_carea' id='block_1_52' title="bbox 142 2438 1768 2479">
    <p class='ocr_par' dir='ltr' id='par_1_52' title="bbox 142 2438 1768 2479">
     <span class='ocr_line' id='line_1_52' title="bbox 142 2438 1768 2479; baseline 0.001 -10"><span class='ocrx_word' id='word_1_472' title='bbox 142 2439 184 2470; x_wconf 90' lang='lat' dir='ltr'><strong>tia</strong></span> <span class='ocrx_word' id='word_1_473' title='bbox 200 2439 294 2470; x_wconf 90' lang='lat' dir='ltr'><strong>nobis</strong></span> <span class='ocrx_word' id='word_1_474' title='bbox 311 2439 420 2477; x_wconf 89' lang='lat' dir='ltr'><strong>allato,</strong></span> <span class='ocrx_word' id='word_1_475' title='bbox 439 2440 578 2479; x_wconf 91' lang='lat' dir='ltr'><strong>primum</strong></span> <span class='ocrx_word' id='word_1_476' title='bbox 604 2440 720 2471; x_wconf 90' lang='lat' dir='ltr'><strong>turbati</strong></span> <span class='ocrx_word' id='word_1_477' title='bbox 739 2448 852 2470; x_wconf 90' lang='lat' dir='ltr'><strong>sumus</strong></span> <span class='ocrx_word' id='word_1_478' title='bbox 869 2441 992 2471; x_wconf 90' lang='lat' dir='ltr'><strong>nullam</strong></span> <span class='ocrx_word' id='word_1_479' title='bbox 1008 2440 1041 2470; x_wconf 93' lang='lat' dir='ltr'><strong>in</strong></span> <span class='ocrx_word' id='word_1_480' title='bbox 1064 2447 1102 2470; x_wconf 88' lang='lat' dir='ltr'><strong>eo</strong></span> <span class='ocrx_word' id='word_1_481' title='bbox 1118 2440 1321 2470; x_wconf 83' lang='lat' dir='ltr'><strong>invenientes</strong></span> <span class='ocrx_word' id='word_1_482' title='bbox 1347 2438 1557 2478; x_wconf 84' lang='lat' dir='ltr'><strong>epigraphen,</strong></span> <span class='ocrx_word' id='word_1_483' title='bbox 1575 2448 1638 2478; x_wconf 91' lang='lat' dir='ltr'><strong>qua</strong></span> <span class='ocrx_word' id='word_1_484' title='bbox 1661 2439 1768 2471; x_wconf 88' lang='lat' dir='ltr'><strong>Theo-</strong></span> 
     </span>
    </p>
   </div>
   <div class='ocr_carea' id='block_1_53' title="bbox 143 2490 1769 2531">
    <p class='ocr_par' dir='ltr' id='par_1_53' title="bbox 143 2490 1769 2531">
     <span class='ocr_line' id='line_1_53' title="bbox 143 2490 1769 2531; baseline 0 -9"><span class='ocrx_word' id='word_1_485' title='bbox 143 2491 290 2531; x_wconf 86' lang='lat' dir='ltr'><strong>pbylaeto</strong></span> <span class='ocrx_word' id='word_1_486' title='bbox 310 2490 522 2530; x_wconf 79' lang='lat' dir='ltr'><strong>Bulgarorum</strong></span> <span class='ocrx_word' id='word_1_487' title='bbox 539 2490 786 2530; x_wconf 80' lang='lat' dir='ltr'><strong>archiepiscopo</strong></span> <span class='ocrx_word' id='word_1_488' title='bbox 800 2491 1032 2527; x_wconf 86' lang='lat' dir='ltr'><strong>ascriberetur,</strong></span> <span class='ocrx_word' id='word_1_489' title='bbox 1050 2491 1169 2522; x_wconf 86' lang='lat' dir='ltr'><strong>deinde</strong></span> <span class='ocrx_word' id='word_1_490' title='bbox 1186 2499 1260 2521; x_wconf 90' lang='lat' dir='ltr'><strong>eum</strong></span> <span class='ocrx_word' id='word_1_491' title='bbox 1278 2490 1372 2521; x_wconf 90' lang='lat' dir='ltr'><strong>nobis</strong></span> <span class='ocrx_word' id='word_1_492' title='bbox 1385 2490 1610 2521; x_wconf 86' lang='lat' dir='ltr'><strong>evolventibus</strong></span> <span class='ocrx_word' id='word_1_493' title='bbox 1637 2491 1769 2522; x_wconf 86' lang='lat' dir='ltr'><strong>nullum</strong></span> 
     </span>
    </p>
   </div>
   <div class='ocr_carea' id='block_1_54' title="bbox 143 2539 1771 2582">
    <p class='ocr_par' dir='ltr' id='par_1_54' title="bbox 143 2539 1771 2582">
     <span class='ocr_line' id='line_1_54' title="bbox 143 2539 1771 2582; baseline -0.001 -9"><span class='ocrx_word' id='word_1_494' title='bbox 143 2543 292 2582; x_wconf 79' lang='lat' dir='ltr'><strong>apparuit</strong></span> <span class='ocrx_word' id='word_1_495' title='bbox 316 2541 488 2576; x_wconf 83' lang='lat' dir='ltr'><strong>indicium,</strong></span> <span class='ocrx_word' id='word_1_496' title='bbox 517 2549 574 2571; x_wconf 71' lang='lat' dir='ltr'><strong>cur</strong></span> <span class='ocrx_word' id='word_1_497' title='bbox 590 2540 782 2571; x_wconf 87' lang='lat' dir='ltr'><strong>tribuendus</strong></span> <span class='ocrx_word' id='word_1_498' title='bbox 798 2540 1038 2581; x_wconf 80' lang='lat' dir='ltr'><strong>Theophylacto</strong></span> <span class='ocrx_word' id='word_1_499' title='bbox 1053 2544 1139 2571; x_wconf 86' lang='lat' dir='ltr'><strong>esset</strong></span> <span class='ocrx_word' id='word_1_500' title='bbox 1157 2551 1164 2570; x_wconf 94' lang='lat'>:</span> <span class='ocrx_word' id='word_1_501' title='bbox 1178 2541 1324 2579; x_wconf 88' lang='lat' dir='ltr'><strong>adeoque</strong></span> <span class='ocrx_word' id='word_1_502' title='bbox 1338 2539 1446 2570; x_wconf 88' lang='lat' dir='ltr'><strong>mirari</strong></span> <span class='ocrx_word' id='word_1_503' title='bbox 1459 2540 1627 2579; x_wconf 60' lang='lat' dir='ltr'><strong>coepimus,</strong></span> <span class='ocrx_word' id='word_1_504' title='bbox 1642 2549 1659 2571; x_wconf 89' lang='lat' dir='ltr'><strong>a</strong></span> <span class='ocrx_word' id='word_1_505' title='bbox 1676 2542 1771 2572; x_wconf 79' lang='lat' dir='ltr'><strong>Mon-</strong></span> 
     </span>
    </p>
   </div>
   <div class='ocr_carea' id='block_1_55' title="bbox 144 2589 1771 2630">
    <p class='ocr_par' dir='ltr' id='par_1_55' title="bbox 144 2589 1771 2630">
     <span class='ocr_line' id='line_1_55' title="bbox 144 2589 1771 2630; baseline -0.001 -8"><span class='ocrx_word' id='word_1_506' title='bbox 144 2593 320 2624; x_wconf 84' lang='lat' dir='ltr'><strong>tefalconio</strong></span> <span class='ocrx_word' id='word_1_507' title='bbox 333 2591 556 2623; x_wconf 82' lang='lat' dir='ltr'><strong>indubitanter</strong></span> <span class='ocrx_word' id='word_1_508' title='bbox 571 2590 673 2621; x_wconf 83' lang='lat' dir='ltr'><strong>fuisse</strong></span> <span class='ocrx_word' id='word_1_509' title='bbox 690 2590 930 2630; x_wconf 78' lang='lat' dir='ltr'><strong>Theophylaeto</strong></span> <span class='ocrx_word' id='word_1_510' title='bbox 944 2590 1174 2629; x_wconf 82' lang='lat' dir='ltr'><strong>adjudicatum.</strong></span> <span class='ocrx_word' id='word_1_511' title='bbox 1192 2590 1333 2620; x_wconf 85' lang='lat' dir='ltr'><strong>Tandem</strong></span> <span class='ocrx_word' id='word_1_512' title='bbox 1355 2589 1405 2619; x_wconf 88' lang='lat' dir='ltr'><strong>vix</strong></span> <span class='ocrx_word' id='word_1_513' title='bbox 1423 2589 1487 2620; x_wconf 88' lang='lat' dir='ltr'><strong>ulla</strong></span> <span class='ocrx_word' id='word_1_514' title='bbox 1502 2590 1664 2629; x_wconf 84' lang='lat' dir='ltr'><strong>superfuit</strong></span> <span class='ocrx_word' id='word_1_515' title='bbox 1677 2591 1771 2622; x_wconf 86' lang='lat' dir='ltr'><strong>dubi-</strong></span> 
     </span>
    </p>
   </div>
   <div class='ocr_carea' id='block_1_56' title="bbox 143 2640 1763 2681">
    <p class='ocr_par' dir='ltr' id='par_1_56' title="bbox 143 2640 1763 2681">
     <span class='ocr_line' id='line_1_56' title="bbox 143 2640 1763 2681; baseline 0.001 -9"><span class='ocrx_word' id='word_1_516' title='bbox 143 2644 233 2681; x_wconf 89' lang='lat' dir='ltr'><strong>tatio,</strong></span> <span class='ocrx_word' id='word_1_517' title='bbox 247 2652 322 2675; x_wconf 89' lang='lat' dir='ltr'><strong>eum</strong></span> <span class='ocrx_word' id='word_1_518' title='bbox 342 2650 414 2673; x_wconf 88' lang='lat' dir='ltr'><strong>esse</strong></span> <span class='ocrx_word' id='word_1_519' title='bbox 434 2641 473 2671; x_wconf 89' lang='lat' dir='ltr'><strong>ab</strong></span> <span class='ocrx_word' id='word_1_520' title='bbox 487 2641 642 2679; x_wconf 81' lang='lat' dir='ltr'><strong>legitimis</strong></span> <span class='ocrx_word' id='word_1_521' title='bbox 654 2640 884 2680; x_wconf 86' lang='lat' dir='ltr'><strong>Theophylacti</strong></span> <span class='ocrx_word' id='word_1_522' title='bbox 902 2640 1052 2679; x_wconf 85' lang='lat' dir='ltr'><strong>operibus</strong></span> <span class='ocrx_word' id='word_1_523' title='bbox 1068 2640 1334 2680; x_wconf 84' lang='lat' dir='ltr'><strong>expungendum,</strong></span> <span class='ocrx_word' id='word_1_524' title='bbox 1349 2648 1421 2670; x_wconf 90' lang='lat' dir='ltr'><strong>cum</strong></span> <span class='ocrx_word' id='word_1_525' title='bbox 1439 2640 1522 2670; x_wconf 88' lang='lat' dir='ltr'><strong>inter</strong></span> <span class='ocrx_word' id='word_1_526' title='bbox 1538 2640 1676 2672; x_wconf 81' lang='lat' dir='ltr'><strong>aliorum</strong></span> <span class='ocrx_word' id='word_1_527' title='bbox 1700 2650 1763 2673; x_wconf 88' lang='lat' dir='ltr'><strong>no-</strong></span> 
     </span>
    </p>
   </div>
   <div class='ocr_carea' id='block_1_57' title="bbox 143 2690 1766 2730">
    <p class='ocr_par' dir='ltr' id='par_1_57' title="bbox 143 2690 1766 2730">
     <span class='ocr_line' id='line_1_57' title="bbox 143 2690 1766 2730; baseline -0.001 -6"><span class='ocrx_word' id='word_1_528' title='bbox 143 2694 227 2725; x_wconf 88' lang='lat' dir='ltr'><strong>mina</strong></span> <span class='ocrx_word' id='word_1_529' title='bbox 242 2695 385 2728; x_wconf 87' lang='lat' dir='ltr'><strong>Patrum,</strong></span> <span class='ocrx_word' id='word_1_530' title='bbox 404 2700 477 2730; x_wconf 69' lang='lat' dir='ltr'><strong>quae</strong></span> <span class='ocrx_word' id='word_1_531' title='bbox 494 2691 635 2721; x_wconf 87' lang='lat' dir='ltr'><strong>citantur</strong></span> <span class='ocrx_word' id='word_1_532' title='bbox 649 2691 681 2721; x_wconf 92' lang='lat' dir='ltr'><strong>in</strong></span> <span class='ocrx_word' id='word_1_533' title='bbox 698 2691 856 2730; x_wconf 78' lang='lat' dir='ltr'><strong>margine,</strong></span> <span class='ocrx_word' id='word_1_534' title='bbox 869 2691 963 2722; x_wconf 89' lang='lat' dir='ltr'><strong>etiam</strong></span> <span class='ocrx_word' id='word_1_535' title='bbox 979 2691 1079 2722; x_wconf 88' lang='lat' dir='ltr'><strong>semel</strong></span> <span class='ocrx_word' id='word_1_536' title='bbox 1096 2694 1191 2728; x_wconf 65' lang='lat' dir='ltr'><strong>820e,,</strong></span> <span class='ocrx_word' id='word_1_537' title='bbox 1212 2691 1363 2729; x_wconf 82' lang='lat' dir='ltr'><strong>Theoph.,</strong></span> <span class='ocrx_word' id='word_1_538' title='bbox 1381 2698 1438 2720; x_wconf 89' lang='lat' dir='ltr'><strong>seu</strong></span> <span class='ocrx_word' id='word_1_539' title='bbox 1462 2694 1494 2719; x_wconf 92' lang='lat' dir='ltr'><strong>ut</strong></span> <span class='ocrx_word' id='word_1_540' title='bbox 1519 2690 1692 2730; x_wconf 79' lang='lat' dir='ltr'><strong>legendum</strong></span> <span class='ocrx_word' id='word_1_541' title='bbox 1714 2692 1766 2722; x_wconf 85' lang='lat' dir='ltr'><strong>vi-</strong></span> 
     </span>
    </p>
   </div>
   <div class='ocr_carea' id='block_1_58' title="bbox 142 2739 1769 2781">
    <p class='ocr_par' dir='ltr' id='par_1_58' title="bbox 142 2739 1769 2781">
     <span class='ocr_line' id='line_1_58' title="bbox 142 2739 1769 2781; baseline -0.001 -6"><span class='ocrx_word' id='word_1_542' title='bbox 142 2744 289 2781; x_wconf 88' lang='lat' dir='ltr'><strong>debatur,</strong></span> <span class='ocrx_word' id='word_1_543' title='bbox 305 2745 506 2780; x_wconf 74' lang='grc' dir='ltr'><strong>Θεοφύλακτος,</strong></span> <span class='ocrx_word' id='word_1_544' title='bbox 528 2740 775 2780; x_wconf 81' lang='lat' dir='ltr'><strong>Tlteophylactus</strong></span> <span class='ocrx_word' id='word_1_545' title='bbox 791 2741 1003 2777; x_wconf 79' lang='lat' dir='ltr'><strong>occurrisset;</strong></span> <span class='ocrx_word' id='word_1_546' title='bbox 1020 2749 1054 2772; x_wconf 89' lang='lat' dir='ltr'><strong>ac</strong></span> <span class='ocrx_word' id='word_1_547' title='bbox 1072 2740 1247 2780; x_wconf 76' lang='lat' dir='ltr'><strong>prmsertim</strong></span> <span class='ocrx_word' id='word_1_548' title='bbox 1265 2746 1430 2778; x_wconf 77' lang='lat' dir='ltr'><strong>postquam</strong></span> <span class='ocrx_word' id='word_1_549' title='bbox 1451 2739 1655 2778; x_wconf 80' lang='lat' dir='ltr'><strong>inspeximus</strong></span> <span class='ocrx_word' id='word_1_550' title='bbox 1671 2742 1769 2773; x_wconf 81' lang='lat' dir='ltr'><strong>verba</strong></span> 
     </span>
    </p>
   </div>
   <div class='ocr_carea' id='block_1_59' title="bbox 144 2792 1769 2831">
    <p class='ocr_par' dir='ltr' id='par_1_59' title="bbox 144 2792 1769 2831">
     <span class='ocr_line' id='line_1_59' title="bbox 144 2792 1769 2831; baseline -0.003 -2"><span class='ocrx_word' id='word_1_551' title='bbox 144 2798 264 2829; x_wconf 84' lang='lat' dir='ltr'><strong>ibidem</strong></span> <span class='ocrx_word' id='word_1_552' title='bbox 280 2795 372 2827; x_wconf 83' lang='lat' dir='ltr'><strong>allata</strong></span> <span class='ocrx_word' id='word_1_553' title='bbox 392 2798 516 2824; x_wconf 84' lang='lat' dir='ltr'><strong>exstare</strong></span> <span class='ocrx_word' id='word_1_554' title='bbox 530 2794 562 2823; x_wconf 92' lang='lat' dir='ltr'><strong>in</strong></span> <span class='ocrx_word' id='word_1_555' title='bbox 579 2793 817 2824; x_wconf 84' lang='lat' dir='ltr'><strong>Commentario</strong></span> <span class='ocrx_word' id='word_1_556' title='bbox 834 2794 947 2824; x_wconf 89' lang='lat' dir='ltr'><strong>editoa</strong></span> <span class='ocrx_word' id='word_1_557' title='bbox 965 2792 1082 2823; x_wconf 70' lang='lat' dir='ltr'><strong>Silano.</strong></span> <span class='ocrx_word' id='word_1_558' title='bbox 1104 2793 1186 2823; x_wconf 82' lang='lat' dir='ltr'><strong>Hinc</strong></span> <span class='ocrx_word' id='word_1_559' title='bbox 1203 2793 1289 2823; x_wconf 88' lang='lat' dir='ltr'><strong>enim</strong></span> <span class='ocrx_word' id='word_1_560' title='bbox 1311 2792 1401 2830; x_wconf 80' lang='lat' dir='ltr'><strong>plane</strong></span> <span class='ocrx_word' id='word_1_561' title='bbox 1417 2800 1620 2831; x_wconf 77' lang='lat' dir='ltr'><strong>consequens</strong></span> <span class='ocrx_word' id='word_1_562' title='bbox 1635 2794 1769 2824; x_wconf 84' lang='lat' dir='ltr'><strong>videba-</strong></span> 
     </span>
    </p>
   </div>
   <div class='ocr_carea' id='block_1_60' title="bbox 142 2844 1771 2889">
    <p class='ocr_par' dir='ltr' id='par_1_60' title="bbox 142 2844 1771 2889">
     <span class='ocr_line' id='line_1_60' title="bbox 142 2844 1771 2889; baseline -0.002 -9"><span class='ocrx_word' id='word_1_563' title='bbox 142 2859 206 2889; x_wconf 73' lang='grc' dir='ltr'><strong>ιω,</strong></span> <span class='ocrx_word' id='word_1_564' title='bbox 226 2857 321 2889; x_wconf 77' lang='lat' dir='ltr'><strong>opus,</strong></span> <span class='ocrx_word' id='word_1_565' title='bbox 337 2848 371 2878; x_wconf 87' lang='lat' dir='ltr'><strong>in</strong></span> <span class='ocrx_word' id='word_1_566' title='bbox 386 2856 450 2887; x_wconf 85' lang='lat' dir='ltr'><strong>quo</strong></span> <span class='ocrx_word' id='word_1_567' title='bbox 465 2846 725 2886; x_wconf 68' lang='lat' dir='ltr'><strong>Theonbylactus</strong></span> <span class='ocrx_word' id='word_1_568' title='bbox 745 2847 813 2886; x_wconf 84' lang='lat' dir='ltr'><strong>ipse</strong></span> <span class='ocrx_word' id='word_1_569' title='bbox 834 2847 959 2883; x_wconf 71' lang='lat' dir='ltr'><strong>citatur,</strong></span> <span class='ocrx_word' id='word_1_570' title='bbox 978 2846 1115 2884; x_wconf 74' lang='lat' dir='ltr'><strong>ejusque</strong></span> <span class='ocrx_word' id='word_1_571' title='bbox 1133 2845 1382 2876; x_wconf 73' lang='lat' dir='ltr'><strong>commentarius</strong></span> <span class='ocrx_word' id='word_1_572' title='bbox 1396 2844 1468 2875; x_wconf 83' lang='lat' dir='ltr'><strong>aliis</strong></span> <span class='ocrx_word' id='word_1_573' title='bbox 1483 2844 1620 2876; x_wconf 86' lang='lat' dir='ltr'><strong>aliorum</strong></span> <span class='ocrx_word' id='word_1_574' title='bbox 1636 2846 1771 2877; x_wconf 79' lang='lat' dir='ltr'><strong>Patrum</strong></span> 
     </span>
    </p>
   </div>
  </div>
