1897 3052
26 166 68 198 n3
430 164 471 194 ΙΝ
489 163 704 199 SEQUENTIA
721 164 1010 194 TllEOPIlYLACTI
1032 164 1198 194 SCRIPTA.
1576 163 1628 195 474

28 219 253 254 commentariis
267 223 509 255 annumeratur,
523 220 710 250 nullatenus
730 219 790 258 ipsi
811 227 882 250 esse
907 219 1168 258 adjudicandum.
1186 219 1305 248 Verum
1323 218 1381 249 hoc
1404 222 1628 258 argumentum

28 273 79 302 vim
96 279 173 309 pene
192 278 322 301 omnem
342 269 487 300 amittere
506 269 611 299 visum
635 273 695 306 est,
716 273 882 308 postquam
907 277 944 299 ex
961 269 1077 299 Catena
1103 268 1283 299 Oxoniensi
1310 268 1361 306 (de
1377 277 1439 308 qua
1466 269 1628 308 superius)

25 321 165 357 intellexi,
181 319 418 358 expositionem
437 318 524 349 illam
552 319 713 350 Theodori
731 317 955 349 Heracleensis
983 325 1067 353 esse,
1085 321 1195 356 utpote
1212 317 1268 357 qui
1296 318 1415 348 diserte
1441 318 1555 348 citatur
1572 327 1626 358 pa-

25 372 87 412 gina
111 370 147 402 58
161 371 235 410 ejus
261 370 395 407 codicis,
415 369 508 409 cujus
534 371 711 408 exemplar,
731 373 766 400 ut
785 370 831 401 rei
850 369 946 408 hujus
965 369 1083 399 certior
1105 369 1226 405 ﬁerem,
1255 369 1412 407 postulavi
1434 375 1464 401 et
1488 370 1628 402 obtinui.

28 423 97 453 Hinc
115 421 199 452 enim
219 420 348 451 suborta
368 420 446 450 mihi
461 420 606 459 suspicio
622 424 682 456 est,
707 420 876 451 oscitantia
903 420 1020 450 veteris
1041 424 1094 451 aut
1113 419 1301 450 recentioris
1325 420 1529 451 amanuensis
1547 423 1628 452 scri-

27 478 101 512 ptum
118 472 149 502 in
168 470 281 501 codice
300 470 500 506 Florentino,
527 470 575 500 vel
601 474 709 500 nostro
734 469 910 508 exemﬂari
924 471 1026 501 fuisse
1045 473 1141 507 eam,
1166 471 1316 509 Theoph.,
1334 479 1391 510 pro
1406 473 1496 503 6:08.,
1514 471 1626 502 Theod.

27 523 75 554 Sed
90 522 380 561 quomodocumque
395 529 446 551 res
462 521 522 551 ista
539 529 574 550 se
586 519 710 556 habeat,
723 524 756 551 ut
773 524 897 551 certum
915 524 1003 559 puto,
1022 520 1304 551 Montefalconium
1321 529 1384 551 non
1402 521 1465 551 alio
1482 522 1539 552 niti
1556 521 1630 552 fun-

29 574 160 603 damento
187 570 333 609 potuisse
349 570 386 600 ad
408 569 676 601 Commentarium
695 570 781 600 hunc
806 569 1045 608 TheOphylacto
1069 569 1292 606 asserendum,
1309 579 1404 610 quam
1428 572 1527 610 quod,
1552 573 1627 602 dum

29 623 127 661 raptim
143 621 236 651 illum
252 619 429 657 evolveret,
451 620 484 650 in
499 619 608 658 aliqua
626 619 777 650 inciderit
790 619 857 651 loca
876 619 1074 650 continentia
1093 619 1173 650 illud
1193 619 1277 650 idem
1292 620 1379 659 quod
1404 625 1476 651 ante
1501 621 1533 650 in
1551 621 1631 651 Sii'a-

27 676 108 706 niano
122 674 358 705 Commentario
372 673 573 712 perlegisset.
591 672 668 703 Mihi
684 672 796 703 saltem
824 681 887 704 non
903 671 992 703 aliud
1016 672 1125 702 animo
1151 672 1396 704 fundamentum
1419 673 1568 704 occurrit.
1597 673 1629 703 Id

29 734 90 756 vero
106 734 199 764 quam
217 726 259 755 sit
279 723 478 756 imbecillum
494 725 527 755 in
545 725 801 761 Commentariis,
820 724 876 764 qui
897 724 945 754 vel
965 733 1074 762 puram
1098 725 1224 756 Catena)
1248 725 1404 756 rationem
1431 725 1564 761 habent,
1581 724 1628 756 vel

29 778 58 807 ad
73 776 152 807 illam
170 777 319 816 proxime
334 776 501 811 accedunt,
516 776 665 816 quisquis
682 776 774 808 facile
788 776 952 815 intelligit.

58 828 157 858 XLVI.
175 828 296 858 Verum
316 828 343 858 si
360 836 411 858 res
424 827 465 858 ita
484 836 519 858 se
536 827 642 862 habet.
663 836 720 859 cur
735 827 898 866 igiturhic
913 835 930 858 a
947 827 1041 858 nobis
1122 827 1225 858 lucem
1246 828 1430 858 emittitur?
1445 829 1506 859 Cur
1530 828 1627 859 etiam

28 880 118 909 Grtece
130 878 306 910 duntaxat?
320 880 354 909 In
372 879 475 910 lucem
493 879 544 910 hic
563 879 664 910 emitti
679 880 871 919 respondeo,
888 879 1040 919 primum,
1054 879 1140 918 quod
1159 879 1226 910 viro
1243 888 1319 910 sane
1333 879 1520 910 doctissimo
1542 879 1630 910 visus

27 929 110 960 fuerit
125 938 195 960 esse
213 929 465 969 'l‘heophylacti;
491 938 596 969 neque
621 934 707 962 certo
729 930 839 970 aliquo
858 930 1093 970 perspicuoque
1111 936 1300 970 argumento
1325 930 1428 960 refelli
1443 930 1544 969 possit
1573 930 1629 959 ist-

27 979 81 1010 hrec
94 979 212 1018 opinio.
228 979 259 1010 2.
275 979 356 1016 Quia
376 988 504 1018 aequum
518 988 582 1010 non
599 980 726 1016 censui,
743 979 961 1019 apographum
977 980 1064 1010 istud
1082 979 1216 1010 omnino
1234 979 1387 1015 interire;
1406 980 1527 1018 quippe
1543 978 1629 1018 quod

30 1038 87 1059 esse
99 1029 230 1060 fortasse
248 1030 363 1068 poterit
377 1029 475 1060 alicui
497 1030 635 1069 posteris
659 1030 746 1066 usui,
775 1029 1048 1069 quemadmodum
1072 1029 1150 1060 milii
1171 1038 1233 1060 non
1251 1030 1367 1061 inutile
1380 1029 1453 1065 fuit,
1479 1033 1513 1059 ut
1539 1030 1631 1059 Cum-

33 1076 162 1109 mentarii
180 1078 323 1110 Vaticani
348 1078 398 1120 (de
420 1088 485 1119 quo
507 1078 627 1110 dictum
649 1083 697 1111 est
712 1080 824 1119 supra)
849 1080 1013 1119 exemplar
1031 1080 1236 1111 emendarem
1268 1084 1365 1119 atque
1378 1079 1574 1118 supplerem.
1595 1079 1631 1108 Et

28 1130 141 1168 quidem
157 1131 264 1170 quoad
282 1131 352 1171 ejus
363 1131 476 1162 attinet
488 1140 596 1169 usum,
616 1132 755 1162 breviter
771 1131 969 1171 patefaciam,
982 1131 1069 1172 quod
1087 1131 1166 1162 mihi
1184 1140 1258 1162 cum
1276 1129 1477 1170 percurrenti
1495 1129 1579 1159 venit
1598 1128 1629 1158 in

31 1184 151 1210 mentem
172 1189 180 1210 :
202 1181 356 1211 nimirum
372 1190 411 1211 ex
428 1181 531 1212 tribus
547 1182 635 1213 hisce
653 1183 687 1212 in
701 1182 780 1212 Acta
799 1182 974 1220 apostolica
997 1181 1256 1217 Commentariis,
1279 1189 1360 1220 quos
1377 1181 1526 1211 volumen
1546 1178 1629 1208 istud

30 1231 235 1269 complectitur
254 1231 443 1270 (prtesertim
461 1232 490 1262 si
515 1232 733 1270 Clirysostomi
760 1232 857 1263 fentis
880 1232 1024 1263 omnium
1043 1231 1194 1270 praecipui
1218 1231 1441 1262 adnotationcs
1462 1229 1630 1264 addant-ur)

31 1282 186 1321 perfectum
202 1283 314 1314 conﬁci
334 1291 440 1322 posse,
461 1284 710 1324 absolutumque
726 1285 757 1314 in
771 1284 879 1314 eadem
899 1284 974 1314 Acta
999 1282 1286 1316 Commentarium:
1302 1291 1373 1313 cum
1397 1282 1517 1321 singuli
1535 1285 1629 1312 emta-

31 1333 128 1371 roquin
144 1333 229 1364 haud
247 1343 358 1373 parum
375 1333 485 1372 procul
497 1334 562 1364 sint
575 1343 590 1365 a
607 1334 713 1365 debita
730 1334 937 1374 perfectione.
954 1334 1072 1365 Poterit
1086 1334 1183 1373 igitur
1197 1333 1358 1374 quispiam
1378 1342 1417 1364 ex
1434 1333 1571 1372 singulis
1589 1343 1627 1364 ea

31 1393 87 1423 quae
100 1385 134 1415 ad
152 1394 217 1416 rem
235 1386 372 1416 maxime
387 1385 521 1422 faciunt,
538 1385 697 1425 seligendi
713 1395 822 1417 curam
845 1385 1052 1425 laboremque
1075 1385 1241 1423 suscipere
1259 1396 1267 1417 :
1287 1395 1383 1425 quem
1399 1385 1480 1416 forte
1500 1389 1627 1424 egomet

30 1434 239 1473 suscepissem,
262 1434 325 1465 nisi
352 1434 434 1471 aliae,
450 1435 571 1473 quibus
587 1435 757 1472 distrahor,
774 1443 857 1466 curre
869 1439 900 1466 et
914 1436 1108 1466 valetudinis
1120 1435 1323 1466 imbecillitas
1336 1435 1565 1466 inhibuissent.
1585 1437 1630 1465 En

31 1484 114 1522 igitur
129 1486 219 1523 ratio,
237 1495 294 1517 cur
311 1486 402 1516 illum
419 1486 588 1518 ediderim.
605 1487 712 1518 Graece
726 1490 833 1517 autem
851 1491 972 1518 tantum
987 1486 1086 1522 edidi,
1103 1486 1179 1526 quia
1195 1495 1232 1517 ex
1251 1495 1313 1517 una
1331 1491 1418 1525 parte
1430 1486 1630 1517 levissimum

30 1538 68 1564 cst
80 1535 324 1568 fundamentum
340 1538 568 1568 Commentarii
595 1538 693 1578 hujus
717 1537 956 1577 Thcophylarto
978 1537 1187 1577 adjudicandi
1206 1547 1214 1567 :
1231 1547 1270 1569 ex
1287 1538 1385 1569 altera
1410 1538 1631 1576 veroexposi-

30 1585 120 1615 tiones
140 1585 210 1624 ejus
228 1585 389 1625 pleraeque
403 1586 436 1616 in
453 1586 606 1618 alterutro
623 1596 662 1618 ex
680 1587 733 1625 iis,
753 1588 810 1628 qui
830 1587 1006 1618 voluminis
1026 1587 1126 1627 hujus
1145 1587 1239 1619 initio
1266 1588 1418 1627 impressi
1442 1593 1529 1625 sunt,
1549 1588 1631 1619 Sifa-

31 1633 110 1663 niano
121 1633 254 1669 scilicet,
271 1639 302 1664 et
316 1633 480 1671 Yaticano,
498 1643 560 1666 non
575 1635 670 1666 modo
684 1636 789 1675 quoad
806 1644 954 1672 sensum,
978 1635 1033 1666 sed
1049 1636 1146 1667 etiam
1162 1636 1269 1676 quoad
1285 1637 1382 1667 verba
1409 1645 1633 1676 saepenumero

31 1685 137 1715 insunt.
153 1685 237 1716 Hinc
253 1685 392 1724 pretium
409 1693 515 1725 operae
531 1686 663 1718 minime
685 1695 756 1718 esse
774 1687 900 1724 censui,
920 1695 1039 1718 novum
1054 1688 1141 1719 hunc
1161 1689 1272 1720 subire
1287 1688 1440 1726 laborem,
1459 1693 1490 1720 et
1504 1689 1631 1728 aliquo-

35 1743 93 1765 rum
108 1735 291 1766 accessione
306 1735 458 1767 foliorum
475 1733 564 1766 nu'lla
581 1737 812 1776 propemodum
834 1737 973 1768 utilitate
990 1738 1141 1769 volumen
1160 1738 1220 1769 hoc
1235 1746 1384 1770 onerare.

65 1784 183 1816 XLVII.
200 1784 354 1821 Quamvis
368 1790 473 1816 autem
491 1786 762 1818 Commentarium
787 1786 873 1818 hunc
890 1787 999 1817 Latine
1016 1795 1080 1817 non
1104 1788 1266 1825 verterim,
1286 1797 1350 1819 non
1376 1788 1452 1820 ideo
1472 1792 1575 1820 tamen
1595 1792 1634 1821 ab

34 1835 110 1865 omni
124 1835 155 1866 in
171 1843 209 1867 eo
227 1835 352 1866 edendo
365 1835 472 1868 labore
486 1845 534 1867 me
550 1835 686 1867 absolvi.
705 1837 847 1867 Lacunas
864 1836 964 1873 enim,
980 1835 1100 1876 quibus
1117 1837 1334 1876 apographum
1351 1837 1538 1876 frequenter
1563 1839 1633 1870 hia-

35 1886 76 1915 bat
91 1886 273 1925 (praesertim
296 1887 358 1918 sub
373 1888 443 1927 ejus
459 1887 601 1928 initium)
618 1888 749 1926 explere
776 1896 833 1927 pro
848 1887 971 1918 viribus
989 1888 1114 1918 studui.
1139 1889 1177 1918 Et
1194 1888 1290 1919 initio
1306 1889 1450 1928 quidem,
1475 1890 1528 1920 ubi
1552 1893 1635 1930 spis-

33 1936 119 1967 siores
134 1937 257 1968 lacuum
272 1942 374 1974 erant,
393 1937 469 1968 mihi
490 1937 522 1968 in
536 1938 616 1969 hanc
633 1947 699 1968 rem
718 1938 918 1969 incumbenti
936 1938 1196 1976 percommodum
1209 1937 1271 1969 fuit
1290 1939 1415 1969 Catena;
1436 1938 1634 1971 Oxoniensis

34 1986 60 2017 in
71 1987 172 2018 eadem
199 1989 275 2019 Acta
298 1988 448 2027 primum,
472 1989 558 2028 quod
584 1989 739 2020 habebam
763 1997 827 2028 praa
845 1988 1008 2026 manibus,
1027 1989 1142 2019 folium
1160 2000 1168 2020 :
1189 1997 1262 2020 cum
1289 1989 1355 2028 ipsa
1375 1990 1497 2029 quippe
1518 1991 1634 2022 Catena

33 2037 231 2076 apographum
249 2046 355 2068 meum
376 2038 422 2068 sic
437 2038 519 2069 inibi
535 2039 710 2070 convenire
734 2038 946 2078 deprehendi,
964 2043 997 2069 ut
1024 2038 1109 2069 idem
1133 2048 1203 2069 esse
1219 2048 1301 2077 opus
1320 2039 1494 2075 videretur,
1514 2041 1576 2070 nisi
1594 2051 1633 2072 ex

34 2092 172 2125 postrema
187 2089 277 2120 illius
294 2093 392 2129 parte,
407 2093 501 2128 atque
518 2098 556 2120 ex
572 2090 702 2122 duobus
718 2091 802 2128 aliis,
818 2100 891 2131 quae
917 2090 994 2121 mihi
1011 2099 1143 2121 cernere
1164 2090 1267 2125 licuit,
1293 2090 1364 2130 ejus
1389 2091 1476 2121 foliis
1501 2091 1633 2123 omnino

34 2140 251 2177 cognovissem,
270 2141 418 2171 Catenam
435 2140 655 2172 Oxoniensem
671 2143 770 2172 multa
788 2141 969 2180 complecti,
986 2149 1058 2180 qum
1080 2141 1112 2172 in
1129 2141 1316 2172 Florentino
1331 2141 1567 2173 Commentario
1579 2143 1635 2173 de-

35 2188 212 2221 siderantur.
228 2191 390 2221 Posterior
406 2191 465 2222 iste
482 2191 618 2222 fortasse
639 2195 808 2230 excerptas
827 2195 874 2222 est
896 2199 935 2222 ex
950 2191 1002 2221 illa
1030 2191 1148 2229 priore.
1173 2190 1220 2221 Ad
1244 2191 1428 2222 sareiendas
1452 2201 1540 2229 vero,
1564 2200 1636 2232 qua)

37 2245 223 2272 orcurrerent
238 2242 272 2272 in
295 2250 480 2281 progressu,
498 2242 627 2273 lacunas
641 2243 795 2274 alterutro
819 2251 857 2273 ex
870 2242 1116 2273 Commentariis
1131 2241 1302 2281 prmdictis,
1320 2242 1483 2273 Siianiano
1499 2243 1633 2278 scilicet,

36 2292 60 2318 et
75 2291 231 2328 Vaticano,
248 2292 305 2322 sed
323 2292 468 2323 omnium
485 2292 748 2332 frequentissime
765 2300 879 2332 magno
897 2292 1125 2332 Chrysostomo
1143 2301 1221 2323 usus
1238 2301 1327 2329 sum;
1341 2296 1371 2323 et
1387 2302 1423 2323 ea
1439 2293 1570 2333 quidem
1585 2292 1633 2323 fc-

39 2339 153 2380 licitate,
173 2348 205 2374 ut
224 2353 263 2375 ex
281 2344 441 2383 plurimis,
458 2353 530 2384 qua;
545 2344 671 2375 inerant
687 2348 791 2382 antea,
807 2345 931 2376 lacunis
948 2353 1009 2374 una
1031 2348 1165 2380 tantum,
1182 2345 1231 2375 vel
1252 2344 1350 2375 altera
1372 2344 1533 2383 inexpleta
1558 2343 1636 2374 mihi

38 2394 218 2424 remanserit.
249 2394 352 2425 Verba
378 2403 394 2425 a
419 2395 514 2426 nobis
539 2395 647 2426 addita
673 2403 712 2426 cx
745 2395 862 2433 signis,
885 2394 1006 2433 quibus
1031 2394 1077 2424 uti
1101 2395 1133 2425 in
1157 2394 1322 2425 similibus
1346 2395 1501 2431 solemus,
1525 2395 1636 2424 Lector

39 2448 181 2480 agnoscet.
195 2444 242 2475 Ad
260 2445 378 2476 calcem
393 2445 632 2482 Commentarii,
649 2453 688 2475 ne
705 2445 829 2484 integra
849 2444 964 2484 pagina
980 2443 1114 2474 omnino
1132 2453 1227 2475 vacua
1243 2449 1433 2482 remaneret,
1457 2445 1495 2475 ab
1511 2454 1549 2476 eo
1567 2445 1636 2477 loco

40 2499 96 2530 [ωε.
109 2494 173 2528 629.
190 2494 250 2526 col.
263 2495 295 2532 2,
312 2499 402 2527 Ἐστὶν
413 2497 484 2527 οὖνὸ
499 2501 553 2532 πᾶς
572 2501 677 2536 χρόνος.
696 2500 789 2534 Γοῧδυ

886 2494 1017 2534 ngraplii
1036 2494 1138 2534 adjeci
1157 2497 1263 2531 verba,
1282 2496 1402 2535 quibus
1420 2498 1532 2538 Catena
1547 2498 1635 2528 Oxu-

39 2540 143 2573 niensis
159 2543 347 2576 absolvitur.
365 2547 475 2585 Neque
493 2546 525 2577 id
546 2547 670 2578 Lectori
688 2546 900 2586 injucundum
917 2545 985 2575 fore
995 2545 1119 2575 contido
1137 2545 1202 2575 :sir
1216 2546 1302 2576 enim
1317 2546 1486 2585 prmdiclaa
1499 2548 1632 2582 Catenae;

40 2597 118 2627 quam
128 2595 418 2632 prestann'ut'mam
433 2595 572 2634 appellat
588 2596 757 2627 Fabricius
771 2595 803 2626 in
821 2595 906 2626 Bibl.
924 2595 1044 2631 Greca,
1065 2594 1195 2625 initium
1213 2595 1334 2626 tenebit
1352 2599 1382 2626 et
1398 2596 1505 2628 ﬁnem.

702 2646 842 2677 SECTIO
865 2645 950 2677 Xlll.

435 2699 480 2728 De
500 2699 657 2737 Epistolis
680 2708 699 2728 a
722 2699 862 2730 Meursio
887 2698 990 2735 editis,
1014 2703 1042 2729 cl
1064 2708 1083 2728 α
1106 2698 1221 2728 Lamia.

75 2744 202 2778 XLVIII.
225 2748 319 2778 Forte
349 2749 516 2781 mirabitur
538 2752 660 2788 Lector,
694 2752 779 2790 quod
812 2751 880 2781 ista}
904 2750 1049 2789 epistolta
1074 2751 1112 2781 ab
1140 2749 1211 2780 aliis
1238 2749 1352 2788 viginti
1377 2749 1530 2790 sejunctas
1561 2750 1636 2782 huic

41 2794 152 2828 editioni
171 2800 288 2830 fuerint
312 2800 455 2839 inserta),
475 2811 548 2833 cum
578 2811 673 2833 nemo
704 2812 767 2833 non
791 2803 906 2838 rideat,
924 2802 1101 2832 naturalem
1128 2801 1274 2832 ordinem
1299 2801 1479 2840 postulasse
1505 2806 1538 2832 ut
1554 2810 1632 2833 con-

38 2841 152 2881 iunctim
172 2850 343 2881 ederentur
359 2859 482 2882 omnes.
503 2853 637 2884 Consilii
656 2853 762 2891 itaque
787 2853 885 2884 nostri
913 2853 990 2882 lianc
1015 2853 1168 2883 rationein
1196 2851 1318 2883 habeto.
1349 2851 1508 2890 Principio
1533 2852 1634 2888 fuerat
