1897 3052
247 115 281 145 75
737 111 931 142 BONIFACII
945 112 1105 142 FINETTI
1127 112 1336 142 PRAEFATIO.
1824 109 1878 141 476

229 167 506 206 constitututn.jut
526 166 639 205 viginti
661 165 815 196 duntaxat
833 167 1062 208 Theophylacti
1086 168 1232 206 epistolae
1247 168 1306 198 hoc
1328 167 1360 197 in
1386 167 1550 198 volumine
1566 167 1677 198 sedem
1693 166 1877 198 haberentv

229 227 301 257 quaa
326 218 467 248 nondum
494 216 654 256 publicam
679 217 781 246 lucem
799 223 1005 256 aspexerant;
1032 227 1102 248 cum
1130 227 1174 248 ea:
1203 222 1326 248 tantum
1347 217 1423 249 huic
1450 218 1545 248 tertio
1569 217 1751 254 volumini,
1782 218 1877 256 quod

227 267 360 300 ineditis
373 265 603 306 Thcopbylacti
616 266 769 304 operibus
782 268 982 306 excipiendis
1009 267 1206 298 destinatum
1223 267 1256 298 in
1281 268 1393 306 primis
1419 271 1497 303 erat,
1517 267 1677 306 explenth
1693 267 1782 298 satis
1803 275 1874 298 esse

229 318 424 352 viderentur,
448 317 580 356 adjectis
608 320 712 347 tamen
738 318 865 347 duobus
893 319 1046 356 operibus
1071 319 1177 350 adhuc
1204 319 1346 354 ineditis,
1377 326 1516 358 quorum
1549 318 1686 348 alterum
1711 317 1878 355 Parisiis,

229 368 363 398 alterum
384 367 546 397 Florentia
570 367 841 405 praestolabamur.
864 368 923 398 Sed
943 368 1081 407 primum
1100 369 1179 398 illud
1193 378 1277 406 5&th
1293 369 1500 407 promissum,
1521 377 1684 407 nunquam
1701 367 1877 406 perlatum

227 417 265 447 ad
291 425 349 447 nos
372 421 429 447 est.
458 416 602 447 Alterum
631 417 762 456 quidem
779 417 980 456 accepimus;
1011 418 1067 448 sed
1097 418 1178 448 illud
1208 418 1482 456 perpendentibus
1509 417 1601 448 nobis
1631 425 1694 448 non
1715 417 1879 455 sustiii-ic

227 467 391 503 duntaxat,
421 467 476 496 sed
510 471 593 497 certa
619 467 785 505 persuasio
803 467 932 503 insedit,
953 467 990 497 ad
1008 467 1285 506 Theophylactum
1304 466 1491 497 nullatenus
1515 466 1686 504 pertinere.
1703 467 1774 496 Nos
1799 475 1877 495 vero

229 518 260 547 in
285 526 424 548 errorem
442 518 655 556 perduxerat,
684 527 756 558 quae
782 519 866 557 apud
902 519 1189 549 Montefalconium
1217 519 1334 557 legitur
1362 519 1394 548 in
1425 517 1576 549 Biblioth.
1604 518 1879 548 bibliothecarum

227 573 250 598 t.
270 570 293 604 Ι,
315 578 384 608 pag.
405 570 454 606 35,
481 569 648 600 imminuta
676 569 854 608 inscriptio,
877 578 948 609 quas
978 570 1149 609 sequitur:
1174 570 1352 600 Threnodia
1369 577 1465 608 super
1490 568 1585 598 beate:
1619 569 1783 598 memoria:
1805 569 1875 598 viro

230 620 269 649 Π.
287 619 530 658 Theophylacto.
547 619 673 650 Scilicet
690 619 850 658 ejusmodi
868 619 982 650 titulus
1012 627 1070 650 nos
1097 623 1244 650 erexerat
1270 619 1302 649 in
1318 627 1421 658 spem,
1443 617 1661 652 Thrcnodiam,
1679 618 1718 648 de
1733 626 1805 654 qua
1825 617 1879 646 hic

229 678 347 707 sermo,
365 679 467 710 genus
484 670 614 710 aliquod
629 672 783 702 orationis
801 671 946 701 funebris
965 679 1036 702 esse
1053 671 1086 701 iu
1104 670 1385 709 Theophylactum
1403 669 1463 708 jam
1485 672 1662 702 mOrtuum,
1692 677 1773 708 qum
1799 668 1879 698 huic

234 721 389 752 volumini
412 730 448 752 ea
467 722 590 752 ratione
609 722 705 752 inseri
722 726 842 762 posset,
861 723 945 762 quod
964 722 1072 762 aliqua
1089 731 1127 752 ex
1144 722 1244 760 gestis
1270 721 1511 760 virtutibusque
1544 720 1589 758 (ut
1617 719 1647 749 in
1675 719 1877 758 hujusmodi

229 772 430 804 orationibus
456 774 599 805 accidere
613 775 707 814 solet)
736 774 826 805 illius
853 774 990 805 celebris
1013 774 1248 813 archiepiscopi
1283 773 1563 812 complecteretur.
1591 775 1630 803 At
1669 772 1738 802 sola
1776 771 1876 801 lectio

229 821 421 861 epigrapbes
451 824 641 861 exemplaris
671 824 707 854 ad
740 830 799 854 nos
829 823 1005 854 transmissi
1052 823 1091 853 ab
1124 824 1210 853 omni
1246 823 1379 854 omnino
1412 832 1468 862 spe
1502 827 1532 853 et
1560 827 1785 861 praeciincepta
1816 830 1873 852 nos

229 872 385 910 opinione
402 873 537 913 dejecit;
555 873 598 903 ita
616 873 700 903 enim
721 882 753 903 se
774 873 868 903 habet
886 884 893 903 τ
910 878 978 913 θρηι

1141 879 1179 913 τῷ
1202 878 1346 913 μακαρίτῳ
1361 877 1438 914 κόρῳ
1461 878 1642 913 Θεοφυὶάκτῳ
1668 877 1707 913 τῷ
1733 878 1873 904 Baltasa-

231 926 308 962 ρίτῳ,
329 923 523 954 ιαγηεηιιιιίο
543 932 639 962 super
655 923 757 964 felicis
780 924 934 953 memerita
958 934 980 953 vi

1129 924 1179 954 ino
1207 924 1437 963 Thcophylacto
1466 923 1664 954 Bch'ssarito.
1690 924 1798 954 Porro
1827 924 1873 955 vel

230 975 338 1012 ipsum
362 975 543 1006 Belissariti
561 984 738 1014 cognomen
767 976 843 1006 satis
870 975 981 1014 procul
1011 976 1110 1007 dubio
1128 975 1253 1013 fuissd,
1282 981 1316 1007 ut
1338 976 1611 1015 Thoophylactum
1633 976 1719 1006 hunc
1752 985 1771 1006 a
1795 975 1874 1005 Bul-

231 1032 380 1062 garorum
399 1024 641 1064 archiepiscopo
658 1033 914 1063 secerneremus,
931 1025 1057 1057 etiamsi
1080 1035 1153 1066 quae
1176 1026 1383 1056 continentur
1409 1027 1441 1056 in
1472 1026 1528 1057 hac
1549 1026 1693 1057 oratione
1728 1026 1871 1064 lugubri

230 1076 340 1115 aliquo
367 1075 462 1106 modo
483 1075 622 1106 fuissent
646 1075 806 1115 ambigua.
823 1076 882 1106 Sed
910 1080 941 1107 et
954 1085 1004 1107 res
1030 1077 1061 1107 in
1088 1077 1155 1116 ipsa
1184 1080 1341 1107 contentae
1362 1076 1637 1115 Theophylactum
1661 1075 1825 1107 exhibent
1857 1082 1872 1104 a

232 1128 342 1155 nostro
365 1124 457 1164 plane
477 1125 641 1155 diversum
657 1127 741 1154 :tota
760 1124 846 1154 enim
865 1125 1061 1162 impenditur
1076 1125 1110 1155 in
1127 1125 1325 1163 deplorando
1345 1126 1517 1156 immaturo
1539 1127 1671 1163 juvenis
1690 1126 1865 1165 cujusdam

232 1174 351 1204 nobilis
373 1173 517 1210 interitu,
535 1174 588 1213 qui
607 1181 677 1203 cum
696 1173 824 1211 generis
849 1173 1025 1209 nobilitate,
1045 1177 1112 1204 tum
1131 1173 1285 1204 virtutum
1302 1179 1489 1205 ornamento
1513 1177 1678 1214 prmstabat
1699 1188 1706 1206 :
1744 1176 1869 1214 quique

231 1225 307 1255 dum
324 1224 457 1255 Athenis
475 1224 581 1255 studio
598 1233 725 1263 operam
741 1226 839 1262 daret,
860 1225 1006 1256 faucibus
1021 1226 1138 1266 angina
1152 1226 1347 1263 interclusis,
1366 1227 1515 1266 migravit
1535 1238 1551 1258 e
1579 1228 1653 1264 vita,
1678 1229 1766 1258 datis
1790 1233 1862 1258 ante

232 1275 382 1316 pluribus
403 1276 530 1314 pietatis
548 1275 690 1307 indiciis.
718 1278 799 1307 Eum
819 1277 915 1315 igitur
931 1277 1036 1307 solum
1060 1286 1099 1307 ex
1124 1277 1184 1308 hoc
1203 1278 1362 1316 opusculo
1377 1277 1516 1308 fructum
1538 1278 1655 1309 referre
1685 1283 1864 1315 potuerunt

231 1332 396 1358 curatores
414 1327 545 1357 istiusce
559 1327 719 1365 editionis,
737 1331 773 1357 ut
789 1327 888 1366 magis
901 1328 1067 1366 magisque
1083 1332 1277 1367 perspectam
1294 1328 1446 1358 omnibus
1469 1332 1680 1368 testatatuque
1693 1329 1868 1360 redderent

233 1379 447 1418 diligentiam.
465 1387 528 1418 qua
554 1378 602 1408 usi
627 1382 714 1414 sunt,
741 1378 908 1408 maximam
936 1378 967 1408 in
996 1378 1229 1418 conquirendis
1253 1378 1410 1418 undique,
1439 1379 1529 1409 nulla
1568 1384 1716 1418 sumptus
1746 1381 1868 1411 ratione

234 1431 352 1465 habita,
372 1428 526 1468 operibus
551 1429 588 1458 ad
613 1427 888 1467 Theophylactum
916 1432 1060 1458 nostrum
1087 1427 1332 1467 quomodolibet
1374 1429 1623 1468 pertinentilms.
1653 1431 1733 1461 Cum
1774 1431 1867 1470 igitur

233 1480 332 1519 hujus
349 1479 549 1517 alteriusque
566 1477 691 1509 defectu
705 1477 811 1516 operis
831 1486 894 1508 non
916 1486 1014 1516 pauca
1033 1477 1185 1508 deessent
1202 1478 1279 1509 folia
1296 1478 1334 1508 ad
1352 1479 1560 1516 praestitutam
1577 1478 1674 1519 hujus
1693 1481 1868 1511 voluminis

236 1530 362 1565 molem,
383 1532 556 1560 curatores
589 1526 744 1566 praedicti,
783 1525 951 1565 impressis
985 1527 1048 1565 jam
1076 1527 1223 1565 epistolis
1253 1527 1386 1566 viginti,
1425 1532 1455 1557 et
1486 1528 1594 1559 Graeco
1629 1529 1867 1561 Commentario

234 1579 440 1618 insequente,
467 1577 642 1610 consilium
675 1576 879 1615 capessivere
915 1577 963 1616 (ad
996 1577 1096 1607 alium
1125 1581 1246 1607 tomum
1273 1581 1434 1608 reservato
1465 1585 1580 1618 opere,
1611 1580 1698 1617 quod
1734 1580 1867 1611 Parisiis

236 1629 469 1668 praestolamur)
486 1627 658 1666 adjiciendi
682 1627 777 1658 etiam
797 1627 950 1665 epistolas
969 1635 985 1657 a
1012 1626 1155 1657 Meursio
1177 1631 1207 1656 et
1230 1626 1340 1657 Lamio
1360 1626 1473 1664 editas,
1496 1636 1536 1658 ne
1554 1631 1660 1658 tomus
1689 1629 1752 1660 iste
1778 1640 1866 1670 teque

236 1680 363 1709 brevior
385 1678 552 1714 evaderet;
579 1677 742 1716 simulque
767 1677 929 1708 celeritate
954 1685 1078 1708 summa
1101 1677 1234 1707 curandi
1256 1677 1367 1716 ipsius.
1395 1677 1656 1716 impressionem,
1686 1688 1724 1710 ne
1757 1681 1867 1711 erudi-

238 1733 345 1760 torum
371 1732 442 1759 vota
468 1728 592 1759 diutius
618 1727 840 1767 fatigarentur.
867 1728 950 1758 Hinc
971 1735 1047 1758 vero
1063 1726 1130 1766 _hoc
1154 1727 1260 1758 solum
1285 1727 1480 1759 incommodi
1512 1729 1627 1760 accidit
1651 1729 1754 1769 (quod
1785 1732 1866 1761 enini

235 1781 394 1820 ejusmodi
414 1781 558 1820 epistolae
573 1781 611 1812 ab
627 1780 699 1811 aliis
715 1781 869 1820 sejunctas
886 1781 1055 1820 prodeant,
1073 1788 1131 1819 pro
1156 1779 1258 1811 nihilo
1287 1779 1466 1811 habendum
1485 1789 1555 1812 esse
1583 1790 1600 1812 a
1627 1782 1704 1813 viris
1726 1784 1866 1821 pruden-

235 1834 322 1864 tibus
339 1833 427 1873 puto)
443 1833 530 1873 quod
548 1823 770 1864 Mariuerianze
791 1831 951 1863 versionis
971 1831 1244 1868 emendationem,
1264 1840 1360 1870 quam
1396 1832 1527 1870 aggredi
1552 1840 1588 1863 ac
1613 1833 1768 1871 perﬁcere
1790 1837 1863 1863 stato

236 1889 381 1924 tempore
402 1883 646 1920 constitueram,
670 1887 762 1922 capto
783 1890 800 1912 a
831 1882 1036 1913 curatoribus
1059 1891 1143 1912 novo
1169 1883 1403 1922 inopinatoque
1434 1884 1584 1921 consilio,
1608 1889 1639 1914 et
1674 1894 1707 1915 re
1732 1885 1864 1915 maxime

236 1938 414 1973 properata,
438 1939 586 1973 prtastare
608 1942 670 1964 non
690 1933 862 1972 potuerim.
882 1934 919 1963 At
936 1933 1118 1964 versionem
1143 1933 1228 1964 illam
1246 1933 1447 1964 tolerabilem
1468 1935 1506 1965 ad
1527 1935 1634 1966 minus
1653 1944 1739 1973 esse,
1760 1936 1806 1967 Vel
1829 1945 1862 1966 ex

235 1995 274 2018 eo
296 1986 372 2017 mihi
394 1987 584 2026 persuadeo,
607 1985 694 2025 quod
722 1985 864 2022 Lamius,
890 1986 939 2014 vir
966 1985 1188 2022 doctissimus,
1212 1985 1380 2025 Graecique
1403 1986 1564 2017 idiomatis
1576 1986 1807 2024 peritissimus,
1833 1987 1861 2016 in

236 2039 354 2070 celebri
372 2038 513 2070 editione
529 2038 724 2075 Meursiana,
743 2038 793 2069 cui
810 2041 937 2077 praeest,
955 2046 1024 2068 eam
1052 2038 1212 2073 collocare
1230 2046 1295 2068 non
1312 2037 1478 2069 dubitarit.
1498 2037 1622 2068 Nullam
1644 2038 1746 2077 igitur
1763 2039 1794 2068 in
1818 2038 1861 2067 his

237 2091 371 2122 edendis
389 2091 537 2129 epistolis
555 2091 624 2129 ipse
641 2099 771 2128 operam
789 2090 895 2127 posui.
916 2090 1063 2129 adeoque
1091 2089 1172 2120 nihil
1200 2090 1239 2120 de
1265 2089 1380 2120 iisdem
1402 2094 1550 2128 superest
1576 2089 1654 2119 mihi
1683 2089 1858 2119 dicendum.

237 2144 274 2173 Et
290 2143 355 2173 hinc
369 2143 473 2182 quoad
491 2142 637 2181 singulas
653 2142 751 2182 hujus
768 2142 944 2173 voluminis
963 2146 1078 2181 partes.
1099 2143 1190 2173 Nunc
1218 2150 1317 2180 pauca
1344 2142 1383 2172 de
1403 2141 1554 2172 versione
1581 2149 1662 2177 mea,
1684 2141 1859 2178 additisque

239 2193 335 2230 notis,
360 2196 530 2232 antequam
549 2192 768 2224 Prml‘ationem
785 2193 929 2229 absolvo,
945 2192 1084 2232 adjicere
1102 2192 1203 2224 lubet.

278 2254 396 2284 XLIX.
420 2254 503 2284 Usus
520 2262 591 2285 sum
611 2255 760 2286 liberiore
775 2254 937 2286 versionis
962 2263 1098 2294 genere;
1126 2262 1190 2285 non
1212 2254 1356 2293 quidem,
1387 2258 1421 2286 ut
1440 2263 1509 2285 eam
1537 2254 1706 2284 redderem
1738 2255 1859 2291 elegan-

241 2304 368 2343 tiorem,
388 2305 441 2335 sed
466 2309 498 2335 ut
514 2305 682 2337 clariorem
701 2306 868 2345 magisque
889 2307 1103 2345 perspicuam.
1123 2306 1248 2336 Etenim
1269 2305 1304 2335 in
1330 2313 1366 2336 ea
1392 2313 1519 2343 semper
1540 2303 1700 2334 sententia
1714 2303 1775 2337 fui,
1795 2309 1858 2332 eum

241 2356 324 2387 haud
343 2355 482 2394 perfecte
506 2356 598 2396 fungi
624 2357 807 2396 interpretis
829 2365 974 2391 munere,
1002 2356 1058 2395 qui
1095 2361 1241 2387 accurate
1265 2356 1397 2395 quidem
1419 2357 1516 2386 verba
1542 2355 1714 2386 transferre
1742 2353 1856 2392 satagit,

240 2407 379 2441 auctoris
397 2416 472 2438 vero
486 2417 620 2439 sensum
641 2409 816 2440 obscurum
835 2408 1002 2448 relinquit.
1022 2409 1124 2447 Hujus
1149 2409 1311 2447 siquidem
1335 2408 1582 2447 explicationem
1600 2407 1804 2447 potissimum
1824 2405 1855 2434 ad

242 2457 444 2498 interpretem
469 2460 642 2497 pertinere,
669 2463 752 2498 patet
782 2460 830 2489 vel
859 2468 898 2490 ex
929 2467 967 2489 eo
998 2459 1084 2498 quod
1114 2458 1135 2488 ii
1161 2459 1256 2489 etiam
1280 2459 1335 2497 qui
1362 2458 1541 2498 cujuspiam
1563 2457 1704 2488 auctoris
1735 2463 1854 2488 sensum

241 2508 365 2541 tametsi
378 2503 417 2538 ’ἢι
447 2509 556 2539 eadem
587 2509 710 2547 lingua,
735 2509 903 2540 clarim‘em
932 2509 1081 2545 reddunt,
1112 2509 1238 2540 soleant
1266 2510 1454 2548 interpretes
1484 2508 1651 2548 appellari.
1675 2509 1855 2546 Plerumque

244 2558 342 2598 igitur
371 2558 403 2588 in
438 2558 469 2588 id
503 2559 724 2589 tantummodo
759 2559 912 2594 laboravi,
931 2563 964 2589 ut
980 2567 1112 2589 sensum
1129 2567 1226 2598 quem
1242 2558 1384 2589 auctoris
1403 2559 1500 2589 verba
1514 2558 1706 2597 diligentius
1729 2563 1854 2593 expensa

247 2609 412 2640 continere
429 2609 557 2646 censui,
583 2609 705 2648 phrasi,
734 2609 840 2649 quoad
872 2610 973 2649 potui,
1005 2608 1153 2645 clariore,
1180 2608 1352 2648 verbisque
1375 2608 1644 2647 tequivalentibus
1671 2607 1854 2637 exhiberem.

245 2657 355 2689 Sicubi
375 2667 448 2689 vero
463 2658 603 2689 auctoris
627 2667 718 2690 mens
740 2659 847 2689 minus
864 2663 947 2690 certa
965 2658 1196 2698 explorataque
1215 2658 1294 2689 mihi
1318 2659 1388 2689 visa
1414 2661 1474 2695 est,
1491 2661 1558 2688 tum
1582 2657 1727 2696 pressius
1753 2657 1853 2687 haerere

248 2708 354 2739 verbis
369 2708 552 2739 consultius
571 2709 766 2745 existimavi,
792 2716 886 2740 acuto
916 2709 1038 2741 Lectori
1055 2711 1244 2748 potestatem
1270 2712 1302 2740 ut
1321 2708 1459 2740 facerem
1475 2717 1512 2740 ea
1529 2712 1564 2738 ut
1587 2708 1648 2738 sibi
1669 2705 1854 2746 probabilius

249 2758 412 2789 videretur
434 2757 676 2797 interpretandi.
702 2760 737 2789 lu
764 2758 949 2798 hujusmodi
973 2757 1125 2796 scopulos
1146 2758 1244 2788 semel
1270 2761 1300 2788 et
1331 2757 1447 2788 iterum
1475 2757 1576 2788 incidi
1601 2757 1678 2787 dum
1712 2761 1853 2787 verterem

250 2808 419 2846 Epistolas,
445 2817 517 2849 quas
546 2807 622 2839 mihi
651 2809 771 2850 ubique
796 2808 1087 2846 ditliciles,alicubi
1116 2808 1192 2839 visa:
1220 2812 1294 2838 sunt
1325 2807 1419 2838 etiam
1439 2808 1516 2839 satis
1542 2808 1697 2839 obscurae.
1721 2807 1853 2839 Fortasse
