  <div class='ocr_page' id='page_1' title='image "/cluster/home/n/w/nwhite01/storage/ocr_20150623/125/njp.32101010942736/454.png"; bbox 0 0 1897 3052; ppageno 0'>
   <div class='ocr_carea' id='block_1_1' title="bbox 46 143 1658 179">
    <p class='ocr_par' dir='ltr' id='par_1_1' title="bbox 46 143 1658 179">
     <span class='ocr_line' id='line_1_1' title="bbox 46 143 1658 179; baseline 0.001 -6"><span class='ocrx_word' id='word_1_1' title='bbox 46 148 88 179; x_wconf 68' lang='grc'>477</span> <span class='ocrx_word' id='word_1_2' title='bbox 549 145 761 175; x_wconf 64' lang='lat' dir='ltr'><strong>LAURENTII</strong></span> <span class='ocrx_word' id='word_1_3' title='bbox 778 145 907 174; x_wconf 75' lang='lat' dir='ltr'><strong>SIFANI</strong></span> <span class='ocrx_word' id='word_1_4' title='bbox 929 145 1136 176; x_wconf 45' lang='lat' dir='ltr'><strong>PRAEFA&#39;I‘IO.</strong></span> <span class='ocrx_word' id='word_1_5' title='bbox 1604 143 1658 175; x_wconf 64' lang='lat'><strong>478</strong></span> 
     </span>
    </p>
   </div>
   <div class='ocr_carea' id='block_1_2' title="bbox 47 197 1657 240">
    <p class='ocr_par' dir='ltr' id='par_1_2' title="bbox 47 197 1657 240">
     <span class='ocr_line' id='line_1_2' title="bbox 47 197 1657 240; baseline -0.002 -7"><span class='ocrx_word' id='word_1_6' title='bbox 47 199 290 240; x_wconf 70' lang='lat' dir='ltr'><strong>&#39;I&#39;lleophylaclus</strong></span> <span class='ocrx_word' id='word_1_7' title='bbox 324 197 356 230; x_wconf 92' lang='lat' dir='ltr'><strong>in</strong></span> <span class='ocrx_word' id='word_1_8' title='bbox 379 199 436 230; x_wconf 78' lang='lat' dir='ltr'><strong>eis</strong></span> <span class='ocrx_word' id='word_1_9' title='bbox 461 199 704 230; x_wconf 81' lang='lat' dir='ltr'><strong>conscribendis</strong></span> <span class='ocrx_word' id='word_1_10' title='bbox 732 198 868 230; x_wconf 88' lang='lat' dir='ltr'><strong>clariore</strong></span> <span class='ocrx_word' id='word_1_11' title='bbox 890 199 975 238; x_wconf 89' lang='lat' dir='ltr'><strong>ston</strong></span> <span class='ocrx_word' id='word_1_12' title='bbox 1005 208 1082 230; x_wconf 91' lang='lat' dir='ltr'><strong>usus</strong></span> <span class='ocrx_word' id='word_1_13' title='bbox 1100 208 1162 230; x_wconf 90' lang='lat' dir='ltr'><strong>non</strong></span> <span class='ocrx_word' id='word_1_14' title='bbox 1191 204 1249 237; x_wconf 86' lang='lat' dir='ltr'><strong>est,</strong></span> <span class='ocrx_word' id='word_1_15' title='bbox 1267 200 1343 240; x_wconf 83' lang='lat' dir='ltr'><strong>quia</strong></span> <span class='ocrx_word' id='word_1_16' title='bbox 1366 200 1404 230; x_wconf 88' lang='lat' dir='ltr'><strong>ad</strong></span> <span class='ocrx_word' id='word_1_17' title='bbox 1428 199 1602 232; x_wconf 74' lang='lat' dir='ltr'><strong>familiares</strong></span> <span class='ocrx_word' id='word_1_18' title='bbox 1625 204 1657 231; x_wconf 89' lang='lat' dir='ltr'><strong>et</strong></span> 
     </span>
    </p>
   </div>
   <div class='ocr_carea' id='block_1_3' title="bbox 48 243 1658 292">
    <p class='ocr_par' dir='ltr' id='par_1_3' title="bbox 48 243 1658 292">
     <span class='ocr_line' id='line_1_3' title="bbox 48 243 1658 292; baseline 0 -10"><span class='ocrx_word' id='word_1_19' title='bbox 48 243 227 283; x_wconf 80' lang='lat' dir='ltr'><strong>domesticos</strong></span> <span class='ocrx_word' id='word_1_20' title='bbox 250 251 408 288; x_wconf 88' lang='lat' dir='ltr'><strong>scribens,</strong></span> <span class='ocrx_word' id='word_1_21' title='bbox 426 251 546 282; x_wconf 79' lang='lat' dir='ltr'><strong>clarius</strong></span> <span class='ocrx_word' id='word_1_22' title='bbox 562 260 634 282; x_wconf 83' lang='lat' dir='ltr'><strong>sese</strong></span> <span class='ocrx_word' id='word_1_23' title='bbox 650 251 812 291; x_wconf 83' lang='lat' dir='ltr'><strong>explicare</strong></span> <span class='ocrx_word' id='word_1_24' title='bbox 831 255 885 282; x_wconf 91' lang='lat' dir='ltr'><strong>aut</strong></span> <span class='ocrx_word' id='word_1_25' title='bbox 898 251 1040 291; x_wconf 83' lang='lat' dir='ltr'><strong>neglexit</strong></span> <span class='ocrx_word' id='word_1_26' title='bbox 1062 257 1116 283; x_wconf 87' lang='lat' dir='ltr'><strong>aut</strong></span> <span class='ocrx_word' id='word_1_27' title='bbox 1139 253 1255 284; x_wconf 91' lang='lat' dir='ltr'><strong>noluit.</strong></span> <span class='ocrx_word' id='word_1_28' title='bbox 1283 253 1318 283; x_wconf 87' lang='lat' dir='ltr'><strong>In</strong></span> <span class='ocrx_word' id='word_1_29' title='bbox 1347 252 1444 283; x_wconf 90' lang='lat' dir='ltr'><strong>variis</strong></span> <span class='ocrx_word' id='word_1_30' title='bbox 1463 253 1541 284; x_wconf 88' lang='lat' dir='ltr'><strong>tomi</strong></span> <span class='ocrx_word' id='word_1_31' title='bbox 1561 253 1658 292; x_wconf 81' lang='lat' dir='ltr'><strong>hujus</strong></span> 
     </span>
    </p>
   </div>
   <div class='ocr_carea' id='block_1_4' title="bbox 48 304 1658 344">
    <p class='ocr_par' dir='ltr' id='par_1_4' title="bbox 48 304 1658 344">
     <span class='ocr_line' id='line_1_4' title="bbox 48 304 1658 344; baseline -0.001 -8"><span class='ocrx_word' id='word_1_32' title='bbox 48 305 185 344; x_wconf 78' lang='lat' dir='ltr'><strong>operibus</strong></span> <span class='ocrx_word' id='word_1_33' title='bbox 207 313 225 334; x_wconf 76' lang='grc' dir='ltr'>α</span> <span class='ocrx_word' id='word_1_34' title='bbox 252 313 303 335; x_wconf 88' lang='lat' dir='ltr'><strong>me</strong></span> <span class='ocrx_word' id='word_1_35' title='bbox 321 304 429 335; x_wconf 89' lang='lat' dir='ltr'><strong>Latine</strong></span> <span class='ocrx_word' id='word_1_36' title='bbox 465 305 599 335; x_wconf 73' lang='lat' dir='ltr'><strong>redditis</strong></span> <span class='ocrx_word' id='word_1_37' title='bbox 629 305 849 336; x_wconf 71' lang='lat' dir='ltr'><strong>diversitatem</strong></span> <span class='ocrx_word' id='word_1_38' title='bbox 879 305 1018 344; x_wconf 78' lang='lat' dir='ltr'><strong>aliquam</strong></span> <span class='ocrx_word' id='word_1_39' title='bbox 1049 305 1082 335; x_wconf 91' lang='lat' dir='ltr'><strong>in</strong></span> <span class='ocrx_word' id='word_1_40' title='bbox 1123 305 1191 344; x_wconf 90' lang='lat' dir='ltr'><strong>ipsa</strong></span> <span class='ocrx_word' id='word_1_41' title='bbox 1208 305 1356 336; x_wconf 80' lang='lat' dir='ltr'><strong>versione</strong></span> <span class='ocrx_word' id='word_1_42' title='bbox 1383 304 1518 336; x_wconf 81' lang='lat' dir='ltr'><strong>fortasse</strong></span> <span class='ocrx_word' id='word_1_43' title='bbox 1547 306 1658 336; x_wconf 87' lang='lat' dir='ltr'><strong>Lector</strong></span> 
     </span>
    </p>
   </div>
   <div class='ocr_carea' id='block_1_5' title="bbox 47 356 1658 396">
    <p class='ocr_par' dir='ltr' id='par_1_5' title="bbox 47 356 1658 396">
     <span class='ocr_line' id='line_1_5' title="bbox 47 356 1658 396; baseline 0 -8"><span class='ocrx_word' id='word_1_44' title='bbox 47 358 182 391; x_wconf 76' lang='lat' dir='ltr'><strong>utl&#39;endet,</strong></span> <span class='ocrx_word' id='word_1_45' title='bbox 207 356 251 387; x_wconf 89' lang='lat' dir='ltr'><strong>ita</strong></span> <span class='ocrx_word' id='word_1_46' title='bbox 267 361 299 387; x_wconf 91' lang='lat' dir='ltr'><strong>ut</strong></span> <span class='ocrx_word' id='word_1_47' title='bbox 316 359 412 387; x_wconf 88' lang='lat' dir='ltr'><strong>modo</strong></span> <span class='ocrx_word' id='word_1_48' title='bbox 436 357 550 396; x_wconf 80' lang='lat' dir='ltr'><strong>magis,</strong></span> <span class='ocrx_word' id='word_1_49' title='bbox 567 358 662 388; x_wconf 93' lang='lat' dir='ltr'><strong>modo</strong></span> <span class='ocrx_word' id='word_1_50' title='bbox 677 358 786 388; x_wconf 88' lang='lat' dir='ltr'><strong>minus</strong></span> <span class='ocrx_word' id='word_1_51' title='bbox 803 357 960 388; x_wconf 80' lang='lat' dir='ltr'><strong>elaborata</strong></span> <span class='ocrx_word' id='word_1_52' title='bbox 972 357 999 388; x_wconf 92' lang='lat' dir='ltr'><strong>ei</strong></span> <span class='ocrx_word' id='word_1_53' title='bbox 1019 357 1165 388; x_wconf 89' lang='lat' dir='ltr'><strong>videatur</strong></span> <span class='ocrx_word' id='word_1_54' title='bbox 1178 362 1274 396; x_wconf 89' lang='lat' dir='ltr'><strong>atque</strong></span> <span class='ocrx_word' id='word_1_55' title='bbox 1291 357 1449 396; x_wconf 77' lang='lat' dir='ltr'><strong>expolita;</strong></span> <span class='ocrx_word' id='word_1_56' title='bbox 1462 358 1658 396; x_wconf 83' lang='lat' dir='ltr'><strong>quandoque</strong></span> 
     </span>
    </p>
   </div>
   <div class='ocr_carea' id='block_1_6' title="bbox 47 406 1656 446">
    <p class='ocr_par' dir='ltr' id='par_1_6' title="bbox 47 406 1656 446">
     <span class='ocr_line' id='line_1_6' title="bbox 47 406 1656 446; baseline -0.002 -8"><span class='ocrx_word' id='word_1_57' title='bbox 47 409 127 438; x_wconf 77' lang='lat' dir='ltr'><strong>etiam</strong></span> <span class='ocrx_word' id='word_1_58' title='bbox 150 407 264 445; x_wconf 80' lang='lat' dir='ltr'><strong>magis,</strong></span> <span class='ocrx_word' id='word_1_59' title='bbox 293 408 491 446; x_wconf 71' lang='lat' dir='ltr'><strong>quandoque</strong></span> <span class='ocrx_word' id='word_1_60' title='bbox 526 407 634 438; x_wconf 90' lang='lat' dir='ltr'><strong>minus</strong></span> <span class='ocrx_word' id='word_1_61' title='bbox 661 407 891 446; x_wconf 82' lang='lat' dir='ltr'><strong>Theophylacti</strong></span> <span class='ocrx_word' id='word_1_62' title='bbox 920 406 1026 438; x_wconf 85' lang='lat' dir='ltr'><strong>verbis</strong></span> <span class='ocrx_word' id='word_1_63' title='bbox 1057 406 1196 437; x_wconf 86' lang='lat' dir='ltr'><strong>astricta.</strong></span> <span class='ocrx_word' id='word_1_64' title='bbox 1230 406 1327 446; x_wconf 88' lang='lat' dir='ltr'><strong>Cujus</strong></span> <span class='ocrx_word' id='word_1_65' title='bbox 1365 406 1562 437; x_wconf 89' lang='lat' dir='ltr'><strong>diversitatis</strong></span> <span class='ocrx_word' id='word_1_66' title='bbox 1587 414 1656 436; x_wconf 88' lang='lat' dir='ltr'><strong>eam</strong></span> 
     </span>
    </p>
   </div>
   <div class='ocr_carea' id='block_1_7' title="bbox 47 455 1657 498">
    <p class='ocr_par' dir='ltr' id='par_1_7' title="bbox 47 455 1657 498">
     <span class='ocr_line' id='line_1_7' title="bbox 47 455 1657 498; baseline -0.002 -9"><span class='ocrx_word' id='word_1_67' title='bbox 47 466 156 490; x_wconf 75' lang='lat' dir='ltr'><strong>causam</strong></span> <span class='ocrx_word' id='word_1_68' title='bbox 181 465 254 488; x_wconf 89' lang='lat' dir='ltr'><strong>esse</strong></span> <span class='ocrx_word' id='word_1_69' title='bbox 272 462 362 495; x_wconf 82' lang='lat' dir='ltr'><strong>sciat,</strong></span> <span class='ocrx_word' id='word_1_70' title='bbox 378 458 465 497; x_wconf 84' lang='lat' dir='ltr'><strong>quod</strong></span> <span class='ocrx_word' id='word_1_71' title='bbox 484 466 543 498; x_wconf 78' lang='lat' dir='ltr'><strong>ego</strong></span> <span class='ocrx_word' id='word_1_72' title='bbox 559 466 622 489; x_wconf 92' lang='lat' dir='ltr'><strong>non</strong></span> <span class='ocrx_word' id='word_1_73' title='bbox 646 459 860 493; x_wconf 75' lang='lat' dir='ltr'><strong>continenter,</strong></span> <span class='ocrx_word' id='word_1_74' title='bbox 874 457 930 488; x_wconf 91' lang='lat' dir='ltr'><strong>sed</strong></span> <span class='ocrx_word' id='word_1_75' title='bbox 951 466 1006 496; x_wconf 87' lang='lat' dir='ltr'><strong>per</strong></span> <span class='ocrx_word' id='word_1_76' title='bbox 1032 456 1114 487; x_wconf 85' lang='lat' dir='ltr'><strong>varia</strong></span> <span class='ocrx_word' id='word_1_77' title='bbox 1133 456 1286 495; x_wconf 87' lang='lat' dir='ltr'><strong>temporis</strong></span> <span class='ocrx_word' id='word_1_78' title='bbox 1307 455 1482 493; x_wconf 87' lang='lat' dir='ltr'><strong>intervalla,</strong></span> <span class='ocrx_word' id='word_1_79' title='bbox 1511 456 1657 495; x_wconf 85' lang='lat' dir='ltr'><strong>adeoque</strong></span> 
     </span>
    </p>
   </div>
   <div class='ocr_carea' id='block_1_8' title="bbox 48 506 1655 548">
    <p class='ocr_par' dir='ltr' id='par_1_8' title="bbox 48 506 1655 548">
     <span class='ocr_line' id='line_1_8' title="bbox 48 506 1655 548; baseline -0.001 -10"><span class='ocrx_word' id='word_1_80' title='bbox 48 513 72 538; x_wconf 87' lang='lat' dir='ltr'><strong>et</strong></span> <span class='ocrx_word' id='word_1_81' title='bbox 93 507 170 538; x_wconf 80' lang='lat' dir='ltr'><strong>varia</strong></span> <span class='ocrx_word' id='word_1_82' title='bbox 192 511 288 538; x_wconf 90' lang='lat' dir='ltr'><strong>utens</strong></span> <span class='ocrx_word' id='word_1_83' title='bbox 312 508 459 547; x_wconf 88' lang='lat' dir='ltr'><strong>corporis</strong></span> <span class='ocrx_word' id='word_1_84' title='bbox 481 508 676 543; x_wconf 87' lang='lat' dir='ltr'><strong>valetudine.</strong></span> <span class='ocrx_word' id='word_1_85' title='bbox 706 508 866 548; x_wconf 85' lang='lat' dir='ltr'><strong>variisque</strong></span> <span class='ocrx_word' id='word_1_86' title='bbox 895 509 982 538; x_wconf 89' lang='lat' dir='ltr'><strong>curis</strong></span> <span class='ocrx_word' id='word_1_87' title='bbox 1006 510 1078 542; x_wconf 87' lang='lat' dir='ltr'><strong>plus</strong></span> <span class='ocrx_word' id='word_1_88' title='bbox 1109 508 1258 538; x_wconf 85' lang='lat' dir='ltr'><strong>minusve</strong></span> <span class='ocrx_word' id='word_1_89' title='bbox 1280 507 1455 544; x_wconf 87' lang='lat' dir='ltr'><strong>distentus,</strong></span> <span class='ocrx_word' id='word_1_90' title='bbox 1489 506 1655 537; x_wconf 84' lang='lat' dir='ltr'><strong>versiones</strong></span> 
     </span>
    </p>
   </div>
   <div class='ocr_carea' id='block_1_9' title="bbox 49 557 1655 598">
    <p class='ocr_par' dir='ltr' id='par_1_9' title="bbox 49 557 1655 598">
     <span class='ocr_line' id='line_1_9' title="bbox 49 557 1655 598; baseline -0.001 -11"><span class='ocrx_word' id='word_1_91' title='bbox 49 558 215 598; x_wconf 78' lang='lat' dir='ltr'><strong>liujusmodi</strong></span> <span class='ocrx_word' id='word_1_92' title='bbox 234 558 449 589; x_wconf 76' lang='lat' dir='ltr'><strong>elucubrarim</strong></span> <span class='ocrx_word' id='word_1_93' title='bbox 480 571 488 591; x_wconf 86' lang='lat'><strong>:</strong></span> <span class='ocrx_word' id='word_1_94' title='bbox 517 559 604 589; x_wconf 88' lang='lat' dir='ltr'><strong>unde</strong></span> <span class='ocrx_word' id='word_1_95' title='bbox 623 558 765 598; x_wconf 81' lang='lat' dir='ltr'><strong>aliquam</strong></span> <span class='ocrx_word' id='word_1_96' title='bbox 794 558 870 598; x_wconf 85' lang='lat' dir='ltr'><strong>styli</strong></span> <span class='ocrx_word' id='word_1_97' title='bbox 903 562 1001 598; x_wconf 86' lang='lat' dir='ltr'><strong>atque</strong></span> <span class='ocrx_word' id='word_1_98' title='bbox 1030 558 1304 598; x_wconf 82' lang='lat' dir='ltr'><strong>interpretationis</strong></span> <span class='ocrx_word' id='word_1_99' title='bbox 1329 557 1550 588; x_wconf 86' lang='lat' dir='ltr'><strong>diversitatem</strong></span> <span class='ocrx_word' id='word_1_100' title='bbox 1577 557 1655 587; x_wconf 87' lang='lat' dir='ltr'><strong>oriri</strong></span> 
     </span>
    </p>
   </div>
   <div class='ocr_carea' id='block_1_10' title="bbox 49 598 1655 648">
    <p class='ocr_par' dir='ltr' id='par_1_10' title="bbox 49 598 1655 648">
     <span class='ocr_line' id='line_1_10' title="bbox 49 598 1655 648; baseline 0.001 -10"><span class='ocrx_word' id='word_1_101' title='bbox 49 617 163 639; x_wconf 71' lang='lat' dir='ltr'><strong>necesse</strong></span> <span class='ocrx_word' id='word_1_102' title='bbox 180 609 255 640; x_wconf 80' lang='lat' dir='ltr'><strong>fuit.</strong></span> <span class='ocrx_word' id='word_1_103' title='bbox 269 598 384 646; x_wconf 76' lang='lat' dir='ltr'><strong>Quoad</strong></span> <span class='ocrx_word' id='word_1_104' title='bbox 399 614 488 640; x_wconf 85' lang='lat' dir='ltr'><strong>notas</strong></span> <span class='ocrx_word' id='word_1_105' title='bbox 505 611 629 645; x_wconf 91' lang='lat' dir='ltr'><strong>attinet,</strong></span> <span class='ocrx_word' id='word_1_106' title='bbox 650 610 777 641; x_wconf 92' lang='lat' dir='ltr'><strong>noverit</strong></span> <span class='ocrx_word' id='word_1_107' title='bbox 792 611 917 647; x_wconf 87' lang='lat' dir='ltr'><strong>Lector,</strong></span> <span class='ocrx_word' id='word_1_108' title='bbox 934 619 984 642; x_wconf 86' lang='lat' dir='ltr'><strong>me</strong></span> <span class='ocrx_word' id='word_1_109' title='bbox 1002 610 1135 642; x_wconf 88' lang='lat' dir='ltr'><strong>minime</strong></span> <span class='ocrx_word' id='word_1_110' title='bbox 1151 610 1184 641; x_wconf 90' lang='lat' dir='ltr'><strong>id</strong></span> <span class='ocrx_word' id='word_1_111' title='bbox 1205 609 1348 641; x_wconf 87' lang='lat' dir='ltr'><strong>muneris</strong></span> <span class='ocrx_word' id='word_1_112' title='bbox 1365 609 1443 640; x_wconf 86' lang='lat' dir='ltr'><strong>mihi</strong></span> <span class='ocrx_word' id='word_1_113' title='bbox 1465 609 1655 648; x_wconf 86' lang='lat' dir='ltr'><strong>sumpsisse,</strong></span> 
     </span>
    </p>
   </div>
   <div class='ocr_carea' id='block_1_11' title="bbox 48 661 1658 702">
    <p class='ocr_par' dir='ltr' id='par_1_11' title="bbox 48 661 1658 702">
     <span class='ocr_line' id='line_1_11' title="bbox 48 661 1658 702; baseline -0.002 -8"><span class='ocrx_word' id='word_1_114' title='bbox 48 666 75 691; x_wconf 77' lang='lat' dir='ltr'><strong>ut</strong></span> <span class='ocrx_word' id='word_1_115' title='bbox 89 663 165 694; x_wconf 89' lang='lat' dir='ltr'><strong>notis</strong></span> <span class='ocrx_word' id='word_1_116' title='bbox 191 663 231 693; x_wconf 88' lang='lat' dir='ltr'><strong>de</strong></span> <span class='ocrx_word' id='word_1_117' title='bbox 249 665 338 693; x_wconf 79' lang='lat' dir='ltr'><strong>more</strong></span> <span class='ocrx_word' id='word_1_118' title='bbox 354 661 510 702; x_wconf 76' lang='lat' dir='ltr'><strong>subjectis</strong></span> <span class='ocrx_word' id='word_1_119' title='bbox 533 662 764 701; x_wconf 77' lang='lat' dir='ltr'><strong>TheOphylacti</strong></span> <span class='ocrx_word' id='word_1_120' title='bbox 785 670 882 702; x_wconf 86' lang='lat' dir='ltr'><strong>opera</strong></span> <span class='ocrx_word' id='word_1_121' title='bbox 899 662 1096 693; x_wconf 89' lang='lat' dir='ltr'><strong>illustrarem</strong></span> <span class='ocrx_word' id='word_1_122' title='bbox 1116 674 1123 693; x_wconf 87' lang='lat'><strong>:</strong></span> <span class='ocrx_word' id='word_1_123' title='bbox 1141 671 1248 702; x_wconf 90' lang='lat' dir='ltr'><strong>neque</strong></span> <span class='ocrx_word' id='word_1_124' title='bbox 1265 662 1352 692; x_wconf 89' lang='lat' dir='ltr'><strong>enim</strong></span> <span class='ocrx_word' id='word_1_125' title='bbox 1368 670 1502 692; x_wconf 89' lang='lat' dir='ltr'><strong>necesse</strong></span> <span class='ocrx_word' id='word_1_126' title='bbox 1528 661 1559 691; x_wconf 88' lang='lat' dir='ltr'><strong>id</strong></span> <span class='ocrx_word' id='word_1_127' title='bbox 1580 665 1658 698; x_wconf 89' lang='lat' dir='ltr'><strong>erat,</strong></span> 
     </span>
    </p>
   </div>
   <div class='ocr_carea' id='block_1_12' title="bbox 50 711 1657 752">
    <p class='ocr_par' dir='ltr' id='par_1_12' title="bbox 50 711 1657 752">
     <span class='ocr_line' id='line_1_12' title="bbox 50 711 1657 752; baseline -0.001 -9"><span class='ocrx_word' id='word_1_128' title='bbox 50 723 137 751; x_wconf 87' lang='lat' dir='ltr'><strong>neque</strong></span> <span class='ocrx_word' id='word_1_129' title='bbox 155 722 210 752; x_wconf 90' lang='lat' dir='ltr'><strong>per</strong></span> <span class='ocrx_word' id='word_1_130' title='bbox 224 712 455 752; x_wconf 84' lang='lat' dir='ltr'><strong>occupationes</strong></span> <span class='ocrx_word' id='word_1_131' title='bbox 472 720 560 743; x_wconf 88' lang='lat' dir='ltr'><strong>meas</strong></span> <span class='ocrx_word' id='word_1_132' title='bbox 583 718 613 743; x_wconf 91' lang='lat' dir='ltr'><strong>et</strong></span> <span class='ocrx_word' id='word_1_133' title='bbox 632 712 777 751; x_wconf 82' lang='lat' dir='ltr'><strong>corporis</strong></span> <span class='ocrx_word' id='word_1_134' title='bbox 797 712 1012 743; x_wconf 86' lang='lat' dir='ltr'><strong>valetudinem</strong></span> <span class='ocrx_word' id='word_1_135' title='bbox 1031 717 1182 752; x_wconf 62' lang='lat' dir='ltr'><strong>praestare</strong></span> <span class='ocrx_word' id='word_1_136' title='bbox 1196 712 1227 743; x_wconf 90' lang='lat' dir='ltr'><strong>id</strong></span> <span class='ocrx_word' id='word_1_137' title='bbox 1258 711 1339 742; x_wconf 89' lang='lat' dir='ltr'><strong>mihi</strong></span> <span class='ocrx_word' id='word_1_138' title='bbox 1365 711 1522 742; x_wconf 83' lang='lat' dir='ltr'><strong>licuisset.</strong></span> <span class='ocrx_word' id='word_1_139' title='bbox 1547 711 1657 742; x_wconf 91' lang='lat' dir='ltr'><strong>Solum</strong></span> 
     </span>
    </p>
   </div>
   <div class='ocr_carea' id='block_1_13' title="bbox 50 761 1657 804">
    <p class='ocr_par' dir='ltr' id='par_1_13' title="bbox 50 761 1657 804">
     <span class='ocr_line' id='line_1_13' title="bbox 50 761 1657 804; baseline -0.001 -11"><span class='ocrx_word' id='word_1_140' title='bbox 50 764 131 803; x_wconf 48' lang='lat' dir='ltr'><strong>iéitur</strong></span> <span class='ocrx_word' id='word_1_141' title='bbox 148 769 238 795; x_wconf 86' lang='lat' dir='ltr'><strong>notas</strong></span> <span class='ocrx_word' id='word_1_142' title='bbox 259 764 385 804; x_wconf 86' lang='lat' dir='ltr'><strong>aliquas</strong></span> <span class='ocrx_word' id='word_1_143' title='bbox 398 763 552 802; x_wconf 86' lang='lat' dir='ltr'><strong>operibus</strong></span> <span class='ocrx_word' id='word_1_144' title='bbox 575 772 593 794; x_wconf 88' lang='lat' dir='ltr'><strong>a</strong></span> <span class='ocrx_word' id='word_1_145' title='bbox 612 772 661 794; x_wconf 83' lang='lat' dir='ltr'><strong>me</strong></span> <span class='ocrx_word' id='word_1_146' title='bbox 694 763 856 794; x_wconf 86' lang='lat' dir='ltr'><strong>translatis</strong></span> <span class='ocrx_word' id='word_1_147' title='bbox 874 763 931 794; x_wconf 89' lang='lat' dir='ltr'><strong>hac</strong></span> <span class='ocrx_word' id='word_1_148' title='bbox 950 763 1089 803; x_wconf 86' lang='lat' dir='ltr'><strong>illacque</strong></span> <span class='ocrx_word' id='word_1_149' title='bbox 1111 763 1246 803; x_wconf 88' lang='lat' dir='ltr'><strong>aspersi,</strong></span> <span class='ocrx_word' id='word_1_150' title='bbox 1273 763 1329 794; x_wconf 88' lang='lat' dir='ltr'><strong>ubi</strong></span> <span class='ocrx_word' id='word_1_151' title='bbox 1353 762 1401 793; x_wconf 88' lang='lat' dir='ltr'><strong>vel</strong></span> <span class='ocrx_word' id='word_1_152' title='bbox 1432 762 1530 801; x_wconf 82' lang='lat' dir='ltr'><strong>major</strong></span> <span class='ocrx_word' id='word_1_153' title='bbox 1550 761 1657 800; x_wconf 87' lang='lat' dir='ltr'><strong>aliqua</strong></span> 
     </span>
    </p>
   </div>
   <div class='ocr_carea' id='block_1_14' title="bbox 51 812 1657 854">
    <p class='ocr_par' dir='ltr' id='par_1_14' title="bbox 51 812 1657 854">
     <span class='ocr_line' id='line_1_14' title="bbox 51 812 1657 854; baseline 0.001 -13"><span class='ocrx_word' id='word_1_154' title='bbox 51 822 149 851; x_wconf 68' lang='lat' dir='ltr'><strong>urge-re</strong></span> <span class='ocrx_word' id='word_1_155' title='bbox 165 813 344 845; x_wconf 81' lang='lat' dir='ltr'><strong>necessitas</strong></span> <span class='ocrx_word' id='word_1_156' title='bbox 362 814 544 851; x_wconf 83' lang='lat' dir='ltr'><strong>videbatur,</strong></span> <span class='ocrx_word' id='word_1_157' title='bbox 562 814 608 845; x_wconf 88' lang='lat' dir='ltr'><strong>vel</strong></span> <span class='ocrx_word' id='word_1_158' title='bbox 628 818 809 854; x_wconf 82' lang='lat' dir='ltr'><strong>proruptum</strong></span> <span class='ocrx_word' id='word_1_159' title='bbox 830 814 964 845; x_wconf 86' lang='lat' dir='ltr'><strong>omnino</strong></span> <span class='ocrx_word' id='word_1_160' title='bbox 980 819 1056 850; x_wconf 85' lang='lat' dir='ltr'><strong>erat,</strong></span> <span class='ocrx_word' id='word_1_161' title='bbox 1074 815 1160 854; x_wconf 85' lang='lat' dir='ltr'><strong>quod</strong></span> <span class='ocrx_word' id='word_1_162' title='bbox 1177 815 1374 845; x_wconf 84' lang='lat' dir='ltr'><strong>adnotarem.</strong></span> <span class='ocrx_word' id='word_1_163' title='bbox 1397 812 1479 844; x_wconf 89' lang='lat' dir='ltr'><strong>Illud</strong></span> <span class='ocrx_word' id='word_1_164' title='bbox 1498 816 1657 852; x_wconf 86' lang='lat' dir='ltr'><strong>postremo</strong></span> 
     </span>
    </p>
   </div>
   <div class='ocr_carea' id='block_1_15' title="bbox 51 861 1656 904">
    <p class='ocr_par' dir='ltr' id='par_1_15' title="bbox 51 861 1656 904">
     <span class='ocr_line' id='line_1_15' title="bbox 51 861 1656 904; baseline -0.001 -13"><span class='ocrx_word' id='word_1_165' title='bbox 51 863 107 894; x_wconf 88' lang='lat' dir='ltr'><strong>loco</strong></span> <span class='ocrx_word' id='word_1_166' title='bbox 122 864 317 894; x_wconf 89' lang='lat' dir='ltr'><strong>monendum</strong></span> <span class='ocrx_word' id='word_1_167' title='bbox 338 868 501 902; x_wconf 82' lang='lat' dir='ltr'><strong>superest,</strong></span> <span class='ocrx_word' id='word_1_168' title='bbox 515 872 614 895; x_wconf 68' lang='lat' dir='ltr'><strong>sacrae</strong></span> <span class='ocrx_word' id='word_1_169' title='bbox 628 864 800 904; x_wconf 55' lang='lat' dir='ltr'><strong>Scriptura;</strong></span> <span class='ocrx_word' id='word_1_170' title='bbox 818 867 925 894; x_wconf 68' lang='lat' dir='ltr'><strong>textus</strong></span> <span class='ocrx_word' id='word_1_171' title='bbox 943 863 1032 902; x_wconf 86' lang='lat' dir='ltr'><strong>juxta</strong></span> <span class='ocrx_word' id='word_1_172' title='bbox 1049 863 1230 893; x_wconf 88' lang='lat' dir='ltr'><strong>versionem</strong></span> <span class='ocrx_word' id='word_1_173' title='bbox 1246 861 1412 901; x_wconf 73' lang='lat' dir='ltr'><strong>Vulgatam</strong></span> <span class='ocrx_word' id='word_1_174' title='bbox 1429 861 1575 891; x_wconf 81' lang='lat' dir='ltr'><strong>attulisse</strong></span> <span class='ocrx_word' id='word_1_175' title='bbox 1593 869 1656 894; x_wconf 88' lang='lat' dir='ltr'><strong>me.</strong></span> 
     </span>
    </p>
   </div>
   <div class='ocr_carea' id='block_1_16' title="bbox 50 913 1658 955">
    <p class='ocr_par' dir='ltr' id='par_1_16' title="bbox 50 913 1658 955">
     <span class='ocr_line' id='line_1_16' title="bbox 50 913 1658 955; baseline -0.001 -10"><span class='ocrx_word' id='word_1_176' title='bbox 50 921 75 945; x_wconf 94' lang='lat' dir='ltr'><strong>ut</strong></span> <span class='ocrx_word' id='word_1_177' title='bbox 88 915 316 946; x_wconf 83' lang='lat' dir='ltr'><strong>Catholicorum</strong></span> <span class='ocrx_word' id='word_1_178' title='bbox 343 916 400 955; x_wconf 91' lang='lat' dir='ltr'><strong>qui</strong></span> <span class='ocrx_word' id='word_1_179' title='bbox 426 916 455 946; x_wconf 82' lang='lat' dir='ltr'><strong>ei</strong></span> <span class='ocrx_word' id='word_1_180' title='bbox 469 917 589 947; x_wconf 85' lang='lat' dir='ltr'><strong>assueti</strong></span> <span class='ocrx_word' id='word_1_181' title='bbox 621 919 709 951; x_wconf 88' lang='lat' dir='ltr'><strong>sunt,</strong></span> <span class='ocrx_word' id='word_1_182' title='bbox 731 916 902 947; x_wconf 88' lang='lat' dir='ltr'><strong>commodo</strong></span> <span class='ocrx_word' id='word_1_183' title='bbox 928 914 1103 955; x_wconf 74' lang='lat' dir='ltr'><strong>prtesertim</strong></span> <span class='ocrx_word' id='word_1_184' title='bbox 1132 914 1342 950; x_wconf 87' lang='lat' dir='ltr'><strong>inservirem;</strong></span> <span class='ocrx_word' id='word_1_185' title='bbox 1366 918 1462 953; x_wconf 87' lang='lat' dir='ltr'><strong>atque</strong></span> <span class='ocrx_word' id='word_1_186' title='bbox 1489 921 1552 944; x_wconf 90' lang='lat' dir='ltr'><strong>non</strong></span> <span class='ocrx_word' id='word_1_187' title='bbox 1578 913 1658 944; x_wconf 79' lang='grc' dir='ltr'><strong>Νονὶ</strong></span> 
     </span>
    </p>
   </div>
   <div class='ocr_carea' id='block_1_17' title="bbox 48 963 1658 1004">
    <p class='ocr_par' dir='ltr' id='par_1_17' title="bbox 48 963 1658 1004">
     <span class='ocr_line' id='line_1_17' title="bbox 48 963 1658 1004; baseline -0.001 -8"><span class='ocrx_word' id='word_1_188' title='bbox 48 968 192 1003; x_wconf 75' lang='lat' dir='ltr'><strong>duntaxat,</strong></span> <span class='ocrx_word' id='word_1_189' title='bbox 222 966 282 997; x_wconf 88' lang='lat' dir='ltr'><strong>sed</strong></span> <span class='ocrx_word' id='word_1_190' title='bbox 309 966 404 997; x_wconf 88' lang='lat' dir='ltr'><strong>etiam</strong></span> <span class='ocrx_word' id='word_1_191' title='bbox 426 966 554 997; x_wconf 77' lang='lat' dir='ltr'><strong>Veteris</strong></span> <span class='ocrx_word' id='word_1_192' title='bbox 577 967 774 997; x_wconf 85' lang='lat' dir='ltr'><strong>Testamenti</strong></span> <span class='ocrx_word' id='word_1_193' title='bbox 804 966 898 997; x_wconf 87' lang='lat' dir='ltr'><strong>verba</strong></span> <span class='ocrx_word' id='word_1_194' title='bbox 929 966 1093 997; x_wconf 63' lang='lat' dir='ltr'><strong>alierendo</strong></span> <span class='ocrx_word' id='word_1_195' title='bbox 1120 977 1127 996; x_wconf 89' lang='lat'><strong>:</strong></span> <span class='ocrx_word' id='word_1_196' title='bbox 1156 965 1230 996; x_wconf 85' lang='lat' dir='ltr'><strong>licet</strong></span> <span class='ocrx_word' id='word_1_197' title='bbox 1253 963 1524 1004; x_wconf 70' lang='lat' dir='ltr'><strong>Theophylactus,</strong></span> <span class='ocrx_word' id='word_1_198' title='bbox 1549 967 1658 1002; x_wconf 84' lang='lat' dir='ltr'><strong>utpote</strong></span> 
     </span>
    </p>
   </div>
   <div class='ocr_carea' id='block_1_18' title="bbox 48 1013 1659 1055">
    <p class='ocr_par' dir='ltr' id='par_1_18' title="bbox 48 1013 1659 1055">
     <span class='ocr_line' id='line_1_18' title="bbox 48 1013 1659 1055; baseline 0 -10"><span class='ocrx_word' id='word_1_199' title='bbox 48 1019 156 1047; x_wconf 66' lang='lat' dir='ltr'><strong>Graecus</strong></span> <span class='ocrx_word' id='word_1_200' title='bbox 183 1020 307 1052; x_wconf 89' lang='lat' dir='ltr'><strong>auctor,</strong></span> <span class='ocrx_word' id='word_1_201' title='bbox 325 1015 429 1055; x_wconf 90' lang='lat' dir='ltr'><strong>quoad</strong></span> <span class='ocrx_word' id='word_1_202' title='bbox 463 1014 656 1052; x_wconf 89' lang='lat' dir='ltr'><strong>secundum,</strong></span> <span class='ocrx_word' id='word_1_203' title='bbox 680 1019 790 1046; x_wconf 89' lang='lat' dir='ltr'><strong>utatur</strong></span> <span class='ocrx_word' id='word_1_204' title='bbox 806 1016 956 1047; x_wconf 89' lang='lat' dir='ltr'><strong>versione</strong></span> <span class='ocrx_word' id='word_1_205' title='bbox 982 1020 1043 1046; x_wconf 81' lang='grc' dir='ltr'><strong>Τῶν</strong></span> <span class='ocrx_word' id='word_1_206' title='bbox 1072 1015 1169 1046; x_wconf 80' lang='lat' dir='ltr'><strong>LXX.</strong></span> <span class='ocrx_word' id='word_1_207' title='bbox 1199 1015 1277 1046; x_wconf 89' lang='lat' dir='ltr'><strong>Cum</strong></span> <span class='ocrx_word' id='word_1_208' title='bbox 1302 1022 1377 1045; x_wconf 91' lang='lat' dir='ltr'><strong>vero</strong></span> <span class='ocrx_word' id='word_1_209' title='bbox 1397 1013 1538 1053; x_wconf 65' lang='lat' dir='ltr'><strong>Vulgata</strong></span> <span class='ocrx_word' id='word_1_210' title='bbox 1565 1014 1659 1045; x_wconf 82' lang='lat' dir='ltr'><strong>verba</strong></span> 
     </span>
    </p>
   </div>
   <div class='ocr_carea' id='block_1_19' title="bbox 48 1065 1657 1106">
    <p class='ocr_par' dir='ltr' id='par_1_19' title="bbox 48 1065 1657 1106">
     <span class='ocr_line' id='line_1_19' title="bbox 48 1065 1657 1106; baseline -0.001 -9"><span class='ocrx_word' id='word_1_211' title='bbox 48 1070 115 1097; x_wconf 84' lang='lat' dir='ltr'><strong>adeo</strong></span> <span class='ocrx_word' id='word_1_212' title='bbox 128 1065 293 1097; x_wconf 72' lang='lat' dir='ltr'><strong>dilferrent</strong></span> <span class='ocrx_word' id='word_1_213' title='bbox 310 1074 328 1097; x_wconf 89' lang='lat' dir='ltr'><strong>a</strong></span> <span class='ocrx_word' id='word_1_214' title='bbox 344 1066 450 1097; x_wconf 82' lang='lat' dir='ltr'><strong>verbis</strong></span> <span class='ocrx_word' id='word_1_215' title='bbox 467 1075 522 1103; x_wconf 87' lang='lat' dir='ltr'><strong>per</strong></span> <span class='ocrx_word' id='word_1_216' title='bbox 531 1065 808 1106; x_wconf 82' lang='lat' dir='ltr'><strong>TheOphylactum</strong></span> <span class='ocrx_word' id='word_1_217' title='bbox 826 1066 943 1102; x_wconf 86' lang='lat' dir='ltr'><strong>allatis,</strong></span> <span class='ocrx_word' id='word_1_218' title='bbox 958 1070 991 1097; x_wconf 91' lang='lat' dir='ltr'><strong>ut</strong></span> <span class='ocrx_word' id='word_1_219' title='bbox 1006 1066 1076 1106; x_wconf 86' lang='lat' dir='ltr'><strong>ejus</strong></span> <span class='ocrx_word' id='word_1_220' title='bbox 1102 1065 1156 1097; x_wconf 81' lang='lat' dir='ltr'><strong>ﬁni</strong></span> <span class='ocrx_word' id='word_1_221' title='bbox 1178 1065 1312 1096; x_wconf 88' lang='lat' dir='ltr'><strong>minime</strong></span> <span class='ocrx_word' id='word_1_222' title='bbox 1330 1069 1545 1096; x_wconf 78' lang='lat' dir='ltr'><strong>consentanea</strong></span> <span class='ocrx_word' id='word_1_223' title='bbox 1563 1065 1657 1096; x_wconf 89' lang='lat' dir='ltr'><strong>vide-</strong></span> 
     </span>
    </p>
   </div>
   <div class='ocr_carea' id='block_1_20' title="bbox 50 1115 1196 1155">
    <p class='ocr_par' dir='ltr' id='par_1_20' title="bbox 50 1115 1196 1155">
     <span class='ocr_line' id='line_1_20' title="bbox 50 1115 1196 1155; baseline 0 -9"><span class='ocrx_word' id='word_1_224' title='bbox 50 1121 153 1154; x_wconf 84' lang='lat' dir='ltr'><strong>rentur,</strong></span> <span class='ocrx_word' id='word_1_225' title='bbox 171 1121 245 1147; x_wconf 88' lang='lat' dir='ltr'><strong>tunc</strong></span> <span class='ocrx_word' id='word_1_226' title='bbox 260 1117 404 1155; x_wconf 86' lang='lat' dir='ltr'><strong>pressius</strong></span> <span class='ocrx_word' id='word_1_227' title='bbox 431 1124 468 1147; x_wconf 87' lang='lat' dir='ltr'><strong>ea</strong></span> <span class='ocrx_word' id='word_1_228' title='bbox 485 1120 607 1147; x_wconf 89' lang='lat' dir='ltr'><strong>vertere</strong></span> <span class='ocrx_word' id='word_1_229' title='bbox 625 1115 842 1147; x_wconf 87' lang='lat' dir='ltr'><strong>necessarium</strong></span> <span class='ocrx_word' id='word_1_230' title='bbox 861 1117 995 1147; x_wconf 87' lang='lat' dir='ltr'><strong>omnino</strong></span> <span class='ocrx_word' id='word_1_231' title='bbox 1013 1116 1116 1146; x_wconf 87' lang='lat' dir='ltr'><strong>visum</strong></span> <span class='ocrx_word' id='word_1_232' title='bbox 1135 1119 1196 1146; x_wconf 90' lang='lat' dir='ltr'><strong>est.</strong></span> 
     </span>
    </p>
   </div>
   <div class='ocr_carea' id='block_1_21' title="bbox 81 1165 1657 1206">
    <p class='ocr_par' dir='ltr' id='par_1_21' title="bbox 81 1165 1657 1206">
     <span class='ocr_line' id='line_1_21' title="bbox 81 1165 1657 1206; baseline 0 -10"><span class='ocrx_word' id='word_1_233' title='bbox 81 1167 110 1196; x_wconf 84' lang='lat' dir='ltr'><strong>L.</strong></span> <span class='ocrx_word' id='word_1_234' title='bbox 130 1167 194 1197; x_wconf 88' lang='lat' dir='ltr'><strong>Jam</strong></span> <span class='ocrx_word' id='word_1_235' title='bbox 217 1174 308 1204; x_wconf 91' lang='lat' dir='ltr'><strong>vero,</strong></span> <span class='ocrx_word' id='word_1_236' title='bbox 336 1166 435 1197; x_wconf 89' lang='lat' dir='ltr'><strong>lector</strong></span> <span class='ocrx_word' id='word_1_237' title='bbox 463 1167 594 1206; x_wconf 87' lang='lat' dir='ltr'><strong>optime,</strong></span> <span class='ocrx_word' id='word_1_238' title='bbox 625 1166 723 1197; x_wconf 83' lang='lat' dir='ltr'><strong>habes</strong></span> <span class='ocrx_word' id='word_1_239' title='bbox 753 1166 911 1202; x_wconf 88' lang='lat' dir='ltr'><strong>omnium,</strong></span> <span class='ocrx_word' id='word_1_240' title='bbox 943 1176 1016 1206; x_wconf 49' lang='lat' dir='ltr'><strong>quae</strong></span> <span class='ocrx_word' id='word_1_241' title='bbox 1043 1171 1149 1197; x_wconf 89' lang='lat' dir='ltr'><strong>tomus</strong></span> <span class='ocrx_word' id='word_1_242' title='bbox 1178 1167 1238 1197; x_wconf 88' lang='lat' dir='ltr'><strong>iste</strong></span> <span class='ocrx_word' id='word_1_243' title='bbox 1263 1165 1496 1205; x_wconf 88' lang='lat' dir='ltr'><strong>complectitur,</strong></span> <span class='ocrx_word' id='word_1_244' title='bbox 1524 1173 1657 1204; x_wconf 89' lang='lat' dir='ltr'><strong>operum</strong></span> 
     </span>
    </p>
   </div>
   <div class='ocr_carea' id='block_1_22' title="bbox 51 1214 1655 1255">
    <p class='ocr_par' dir='ltr' id='par_1_22' title="bbox 51 1214 1655 1255">
     <span class='ocr_line' id='line_1_22' title="bbox 51 1214 1655 1255; baseline 0 -11"><span class='ocrx_word' id='word_1_245' title='bbox 51 1214 213 1255; x_wconf 79' lang='lat' dir='ltr'><strong>laborisque</strong></span> <span class='ocrx_word' id='word_1_246' title='bbox 231 1224 249 1246; x_wconf 89' lang='lat' dir='ltr'><strong>a</strong></span> <span class='ocrx_word' id='word_1_247' title='bbox 267 1224 316 1246; x_wconf 86' lang='lat' dir='ltr'><strong>me</strong></span> <span class='ocrx_word' id='word_1_248' title='bbox 330 1216 362 1246; x_wconf 91' lang='lat' dir='ltr'><strong>in</strong></span> <span class='ocrx_word' id='word_1_249' title='bbox 378 1223 417 1246; x_wconf 89' lang='lat' dir='ltr'><strong>eo</strong></span> <span class='ocrx_word' id='word_1_250' title='bbox 433 1215 589 1254; x_wconf 88' lang='lat' dir='ltr'><strong>insumpti</strong></span> <span class='ocrx_word' id='word_1_251' title='bbox 608 1215 779 1246; x_wconf 85' lang='lat' dir='ltr'><strong>rationem.</strong></span> <span class='ocrx_word' id='word_1_252' title='bbox 794 1216 905 1252; x_wconf 85' lang='lat' dir='ltr'><strong>Quoad</strong></span> <span class='ocrx_word' id='word_1_253' title='bbox 923 1215 1085 1255; x_wconf 89' lang='lat' dir='ltr'><strong>duplicem</strong></span> <span class='ocrx_word' id='word_1_254' title='bbox 1109 1215 1195 1246; x_wconf 89' lang='lat' dir='ltr'><strong>enim</strong></span> <span class='ocrx_word' id='word_1_255' title='bbox 1213 1216 1364 1250; x_wconf 82' lang='lat' dir='ltr'><strong>Iudicem,</strong></span> <span class='ocrx_word' id='word_1_256' title='bbox 1379 1215 1523 1245; x_wconf 62' lang='lat' dir='ltr'><strong>Granum</strong></span> <span class='ocrx_word' id='word_1_257' title='bbox 1541 1221 1655 1251; x_wconf 85' lang='lat' dir='ltr'><strong>unum,</strong></span> 
     </span>
    </p>
   </div>
   <div class='ocr_carea' id='block_1_23' title="bbox 50 1262 1656 1306">
    <p class='ocr_par' dir='ltr' id='par_1_23' title="bbox 50 1262 1656 1306">
     <span class='ocr_line' id='line_1_23' title="bbox 50 1262 1656 1306; baseline -0.002 -10"><span class='ocrx_word' id='word_1_258' title='bbox 50 1266 232 1306; x_wconf 80' lang='lat' dir='ltr'><strong>alterumque</strong></span> <span class='ocrx_word' id='word_1_259' title='bbox 248 1266 409 1302; x_wconf 84' lang='lat' dir='ltr'><strong>Latinum,</strong></span> <span class='ocrx_word' id='word_1_260' title='bbox 426 1274 508 1306; x_wconf 87' lang='lat' dir='ltr'><strong>quos</strong></span> <span class='ocrx_word' id='word_1_261' title='bbox 529 1269 690 1304; x_wconf 89' lang='lat' dir='ltr'><strong>postremo</strong></span> <span class='ocrx_word' id='word_1_262' title='bbox 717 1264 788 1295; x_wconf 90' lang='lat' dir='ltr'><strong>loco</strong></span> <span class='ocrx_word' id='word_1_263' title='bbox 805 1265 919 1304; x_wconf 75' lang='lat' dir='ltr'><strong>adieci,</strong></span> <span class='ocrx_word' id='word_1_264' title='bbox 945 1265 1024 1296; x_wconf 86' lang='lat' dir='ltr'><strong>nihil</strong></span> <span class='ocrx_word' id='word_1_265' title='bbox 1050 1265 1164 1301; x_wconf 90' lang='lat' dir='ltr'><strong>habeo,</strong></span> <span class='ocrx_word' id='word_1_266' title='bbox 1187 1265 1274 1304; x_wconf 89' lang='lat' dir='ltr'><strong>quod</strong></span> <span class='ocrx_word' id='word_1_267' title='bbox 1291 1264 1406 1298; x_wconf 86' lang='lat' dir='ltr'><strong>dicam.</strong></span> <span class='ocrx_word' id='word_1_268' title='bbox 1426 1263 1487 1294; x_wconf 90' lang='lat' dir='ltr'><strong>nisi</strong></span> <span class='ocrx_word' id='word_1_269' title='bbox 1505 1271 1554 1293; x_wconf 85' lang='lat' dir='ltr'><strong>me</strong></span> <span class='ocrx_word' id='word_1_270' title='bbox 1568 1262 1599 1292; x_wconf 91' lang='lat' dir='ltr'><strong>in</strong></span> <span class='ocrx_word' id='word_1_271' title='bbox 1617 1270 1656 1293; x_wconf 89' lang='lat' dir='ltr'><strong>eo</strong></span> 
     </span>
    </p>
   </div>
   <div class='ocr_carea' id='block_1_24' title="bbox 51 1311 1657 1356">
    <p class='ocr_par' dir='ltr' id='par_1_24' title="bbox 51 1311 1657 1356">
     <span class='ocr_line' id='line_1_24' title="bbox 51 1311 1657 1356; baseline -0.001 -12"><span class='ocrx_word' id='word_1_272' title='bbox 51 1323 192 1354; x_wconf 75' lang='lat' dir='ltr'><strong>spectasse</strong></span> <span class='ocrx_word' id='word_1_273' title='bbox 208 1317 368 1348; x_wconf 89' lang='lat' dir='ltr'><strong>delectum</strong></span> <span class='ocrx_word' id='word_1_274' title='bbox 389 1317 496 1356; x_wconf 88' lang='lat' dir='ltr'><strong>potius</strong></span> <span class='ocrx_word' id='word_1_275' title='bbox 511 1324 606 1356; x_wconf 86' lang='lat' dir='ltr'><strong>quam</strong></span> <span class='ocrx_word' id='word_1_276' title='bbox 619 1317 756 1354; x_wconf 83' lang='lat' dir='ltr'><strong>copiam.</strong></span> <span class='ocrx_word' id='word_1_277' title='bbox 772 1315 857 1346; x_wconf 85' lang='lat' dir='ltr'><strong>Nihil</strong></span> <span class='ocrx_word' id='word_1_278' title='bbox 883 1316 979 1346; x_wconf 87' lang='lat' dir='ltr'><strong>etiam</strong></span> <span class='ocrx_word' id='word_1_279' title='bbox 993 1318 1033 1346; x_wconf 88' lang='lat' dir='ltr'><strong>de</strong></span> <span class='ocrx_word' id='word_1_280' title='bbox 1058 1315 1281 1355; x_wconf 89' lang='lat' dir='ltr'><strong>impressionis</strong></span> <span class='ocrx_word' id='word_1_281' title='bbox 1297 1318 1441 1346; x_wconf 88' lang='lat' dir='ltr'><strong>accurata</strong></span> <span class='ocrx_word' id='word_1_282' title='bbox 1457 1311 1657 1345; x_wconf 75' lang='lat' dir='ltr'><strong>correctione</strong></span> 
     </span>
    </p>
   </div>
   <div class='ocr_carea' id='block_1_25' title="bbox 51 1365 1660 1408">
    <p class='ocr_par' dir='ltr' id='par_1_25' title="bbox 51 1365 1660 1408">
     <span class='ocr_line' id='line_1_25' title="bbox 51 1365 1660 1408; baseline -0.001 -12"><span class='ocrx_word' id='word_1_283' title='bbox 51 1367 153 1404; x_wconf 87' lang='lat' dir='ltr'><strong>dicam;</strong></span> <span class='ocrx_word' id='word_1_284' title='bbox 166 1368 286 1408; x_wconf 83' lang='lat' dir='ltr'><strong>quippe</strong></span> <span class='ocrx_word' id='word_1_285' title='bbox 306 1377 378 1408; x_wconf 76' lang='lat' dir='ltr'><strong>quae</strong></span> <span class='ocrx_word' id='word_1_286' title='bbox 398 1369 437 1399; x_wconf 87' lang='lat' dir='ltr'><strong>ad</strong></span> <span class='ocrx_word' id='word_1_287' title='bbox 460 1377 510 1399; x_wconf 89' lang='lat' dir='ltr'><strong>me</strong></span> <span class='ocrx_word' id='word_1_288' title='bbox 526 1375 590 1398; x_wconf 92' lang='lat' dir='ltr'><strong>non</strong></span> <span class='ocrx_word' id='word_1_289' title='bbox 612 1370 746 1406; x_wconf 76' lang='lat' dir='ltr'><strong>spectat,</strong></span> <span class='ocrx_word' id='word_1_290' title='bbox 761 1366 820 1397; x_wconf 88' lang='lat' dir='ltr'><strong>sed</strong></span> <span class='ocrx_word' id='word_1_291' title='bbox 836 1366 874 1397; x_wconf 88' lang='lat' dir='ltr'><strong>ad</strong></span> <span class='ocrx_word' id='word_1_292' title='bbox 890 1375 965 1398; x_wconf 90' lang='lat' dir='ltr'><strong>eum</strong></span> <span class='ocrx_word' id='word_1_293' title='bbox 985 1367 1041 1407; x_wconf 83' lang='lat' dir='ltr'><strong>qui</strong></span> <span class='ocrx_word' id='word_1_294' title='bbox 1057 1367 1234 1406; x_wconf 85' lang='lat' dir='ltr'><strong>specimina</strong></span> <span class='ocrx_word' id='word_1_295' title='bbox 1259 1368 1412 1398; x_wconf 87' lang='lat' dir='ltr'><strong>correxit.</strong></span> <span class='ocrx_word' id='word_1_296' title='bbox 1431 1367 1542 1398; x_wconf 88' lang='lat' dir='ltr'><strong>Solum</strong></span> <span class='ocrx_word' id='word_1_297' title='bbox 1560 1365 1660 1406; x_wconf 81' lang='lat' dir='ltr'><strong>igitur</strong></span> 
     </span>
    </p>
   </div>
   <div class='ocr_carea' id='block_1_26' title="bbox 50 1417 1658 1457">
    <p class='ocr_par' dir='ltr' id='par_1_26' title="bbox 50 1417 1658 1457">
     <span class='ocr_line' id='line_1_26' title="bbox 50 1417 1658 1457; baseline -0.001 -10"><span class='ocrx_word' id='word_1_298' title='bbox 50 1425 121 1448; x_wconf 88' lang='lat' dir='ltr'><strong>nunc</strong></span> <span class='ocrx_word' id='word_1_299' title='bbox 144 1422 305 1456; x_wconf 85' lang='lat' dir='ltr'><strong>superest,</strong></span> <span class='ocrx_word' id='word_1_300' title='bbox 333 1422 368 1449; x_wconf 78' lang='lat' dir='ltr'><strong>ut</strong></span> <span class='ocrx_word' id='word_1_301' title='bbox 392 1422 422 1448; x_wconf 92' lang='lat' dir='ltr'><strong>te</strong></span> <span class='ocrx_word' id='word_1_302' title='bbox 447 1418 543 1449; x_wconf 88' lang='lat' dir='ltr'><strong>etiam</strong></span> <span class='ocrx_word' id='word_1_303' title='bbox 566 1421 664 1457; x_wconf 89' lang='lat' dir='ltr'><strong>atque</strong></span> <span class='ocrx_word' id='word_1_304' title='bbox 695 1418 790 1448; x_wconf 88' lang='lat' dir='ltr'><strong>etiam</strong></span> <span class='ocrx_word' id='word_1_305' title='bbox 820 1424 942 1456; x_wconf 81' lang='lat' dir='ltr'><strong>rogem,</strong></span> <span class='ocrx_word' id='word_1_306' title='bbox 974 1426 1080 1448; x_wconf 84' lang='lat' dir='ltr'><strong>meum</strong></span> <span class='ocrx_word' id='word_1_307' title='bbox 1109 1417 1195 1448; x_wconf 88' lang='lat' dir='ltr'><strong>hunc</strong></span> <span class='ocrx_word' id='word_1_308' title='bbox 1229 1417 1488 1457; x_wconf 89' lang='lat' dir='ltr'><strong>qualemcunque</strong></span> <span class='ocrx_word' id='word_1_309' title='bbox 1517 1417 1658 1447; x_wconf 87' lang='lat' dir='ltr'><strong>laborem</strong></span> 
     </span>
    </p>
   </div>
   <div class='ocr_carea' id='block_1_27' title="bbox 51 1467 1658 1508">
    <p class='ocr_par' dir='ltr' id='par_1_27' title="bbox 51 1467 1658 1508">
     <span class='ocr_line' id='line_1_27' title="bbox 51 1467 1658 1508; baseline 0.001 -11"><span class='ocrx_word' id='word_1_310' title='bbox 51 1467 111 1497; x_wconf 91' lang='lat' dir='ltr'><strong>utsi</strong></span> <span class='ocrx_word' id='word_1_311' title='bbox 129 1468 260 1507; x_wconf 82' lang='lat' dir='ltr'><strong>probare</strong></span> <span class='ocrx_word' id='word_1_312' title='bbox 278 1468 410 1499; x_wconf 87' lang='lat' dir='ltr'><strong>omnino</strong></span> <span class='ocrx_word' id='word_1_313' title='bbox 425 1477 487 1499; x_wconf 93' lang='lat' dir='ltr'><strong>non</strong></span> <span class='ocrx_word' id='word_1_314' title='bbox 518 1469 635 1508; x_wconf 86' lang='lat' dir='ltr'><strong>possis,</strong></span> <span class='ocrx_word' id='word_1_315' title='bbox 656 1471 804 1498; x_wconf 86' lang='lat' dir='ltr'><strong>conatum</strong></span> <span class='ocrx_word' id='word_1_316' title='bbox 824 1467 935 1498; x_wconf 84' lang='lat' dir='ltr'><strong>saltem</strong></span> <span class='ocrx_word' id='word_1_317' title='bbox 968 1476 1074 1498; x_wconf 89' lang='lat' dir='ltr'><strong>meum</strong></span> <span class='ocrx_word' id='word_1_318' title='bbox 1099 1475 1192 1507; x_wconf 77' lang='lat' dir='ltr'><strong>aequo</strong></span> <span class='ocrx_word' id='word_1_319' title='bbox 1208 1473 1363 1508; x_wconf 80' lang='lat' dir='ltr'><strong>gratoque</strong></span> <span class='ocrx_word' id='word_1_320' title='bbox 1387 1469 1494 1499; x_wconf 90' lang='lat' dir='ltr'><strong>animo</strong></span> <span class='ocrx_word' id='word_1_321' title='bbox 1511 1467 1658 1508; x_wconf 84' lang='lat' dir='ltr'><strong>excipere</strong></span> 
     </span>
    </p>
   </div>
   <div class='ocr_carea' id='block_1_28' title="bbox 50 1518 128 1550">
    <p class='ocr_par' dir='ltr' id='par_1_28' title="bbox 50 1518 128 1550">
     <span class='ocr_line' id='line_1_28' title="bbox 50 1518 128 1550; baseline 0.026 -3"><span class='ocrx_word' id='word_1_322' title='bbox 50 1518 128 1550; x_wconf 80' lang='lat' dir='ltr'><strong>velis.</strong></span> 
     </span>
    </p>
   </div>
   <div class='ocr_carea' id='block_1_29' title="bbox 51 1729 1658 1770">
    <p class='ocr_par' dir='ltr' id='par_1_29' title="bbox 51 1729 1658 1770">
     <span class='ocr_line' id='line_1_29' title="bbox 51 1729 1658 1770; baseline 0.001 -11"><span class='ocrx_word' id='word_1_323' title='bbox 51 1730 211 1770; x_wconf 81' lang='lat' dir='ltr'><strong>Nobilibus.</strong></span> <span class='ocrx_word' id='word_1_324' title='bbox 226 1731 393 1770; x_wconf 76' lang='lat' dir='ltr'><strong>generosis</strong></span> <span class='ocrx_word' id='word_1_325' title='bbox 410 1734 507 1767; x_wconf 87' lang='lat' dir='ltr'><strong>atque</strong></span> <span class='ocrx_word' id='word_1_326' title='bbox 525 1729 858 1770; x_wconf 14' lang='lat' dir='ltr'><strong>magnilicis‘virisp.</strong></span> <span class='ocrx_word' id='word_1_327' title='bbox 875 1731 981 1761; x_wconf 78' lang='lat' dir='ltr'><strong>Marco</strong></span> <span class='ocrx_word' id='word_1_328' title='bbox 997 1732 1154 1762; x_wconf 81' lang='lat' dir='ltr'><strong>etJoanni</strong></span> <span class='ocrx_word' id='word_1_329' title='bbox 1172 1733 1334 1764; x_wconf 78' lang='lat' dir='ltr'><strong>Fucoems</strong></span> <span class='ocrx_word' id='word_1_330' title='bbox 1345 1730 1510 1766; x_wconf 81' lang='lat' dir='ltr'><strong>fratribus,</strong></span> <span class='ocrx_word' id='word_1_331' title='bbox 1526 1729 1658 1770; x_wconf 75' lang='lat' dir='ltr'><strong>Antonii</strong></span> 
     </span>
    </p>
   </div>
   <div class='ocr_carea' id='block_1_30' title="bbox 81 1768 1659 1809">
    <p class='ocr_par' dir='ltr' id='par_1_30' title="bbox 81 1768 1659 1809">
     <span class='ocr_line' id='line_1_30' title="bbox 81 1768 1659 1809; baseline 0.001 -10"><span class='ocrx_word' id='word_1_332' title='bbox 81 1769 159 1806; x_wconf 83' lang='lat' dir='ltr'><strong>ﬁliis,</strong></span> <span class='ocrx_word' id='word_1_333' title='bbox 173 1768 380 1809; x_wconf 61' lang='lat' dir='ltr'><strong>Kirchpergte</strong></span> <span class='ocrx_word' id='word_1_334' title='bbox 398 1774 428 1800; x_wconf 90' lang='lat' dir='ltr'><strong>et</strong></span> <span class='ocrx_word' id='word_1_335' title='bbox 444 1768 692 1800; x_wconf 80' lang='lat' dir='ltr'><strong>Weissenborni</strong></span> <span class='ocrx_word' id='word_1_336' title='bbox 711 1768 897 1809; x_wconf 82' lang='lat' dir='ltr'><strong>baronibus,</strong></span> <span class='ocrx_word' id='word_1_337' title='bbox 914 1774 988 1806; x_wconf 89' lang='lat' dir='ltr'><strong>etc.,</strong></span> <span class='ocrx_word' id='word_1_338' title='bbox 1006 1771 1148 1801; x_wconf 87' lang='lat' dir='ltr'><strong>dominis</strong></span> <span class='ocrx_word' id='word_1_339' title='bbox 1175 1771 1245 1802; x_wconf 88' lang='lat' dir='ltr'><strong>suis</strong></span> <span class='ocrx_word' id='word_1_340' title='bbox 1269 1770 1469 1801; x_wconf 86' lang='lat' dir='ltr'><strong>charissimis</strong></span> <span class='ocrx_word' id='word_1_341' title='bbox 1486 1773 1517 1800; x_wconf 90' lang='lat' dir='ltr'><strong>et</strong></span> <span class='ocrx_word' id='word_1_342' title='bbox 1547 1769 1659 1801; x_wconf 87' lang='lat' dir='ltr'><strong>amicis</strong></span> 
     </span>
    </p>
   </div>
   <div class='ocr_carea' id='block_1_31' title="bbox 81 1807 1273 1847">
    <p class='ocr_par' dir='ltr' id='par_1_31' title="bbox 81 1807 1273 1847">
     <span class='ocr_line' id='line_1_31' title="bbox 81 1807 1273 1847; baseline 0.002 -9"><span class='ocrx_word' id='word_1_343' title='bbox 81 1810 216 1846; x_wconf 88' lang='lat' dir='ltr'><strong>summis,</strong></span> <span class='ocrx_word' id='word_1_344' title='bbox 241 1807 435 1840; x_wconf 75' lang='lat' dir='ltr'><strong>Laurentius</strong></span> <span class='ocrx_word' id='word_1_345' title='bbox 452 1809 628 1846; x_wconf 82' lang='lat' dir='ltr'><strong>SIFANUS,</strong></span> <span class='ocrx_word' id='word_1_346' title='bbox 641 1807 878 1844; x_wconf 83' lang='lat' dir='ltr'><strong>Prunsfeldius,</strong></span> <span class='ocrx_word' id='word_1_347' title='bbox 893 1808 923 1838; x_wconf 86' lang='lat' dir='ltr'><strong>J.</strong></span> <span class='ocrx_word' id='word_1_348' title='bbox 940 1809 975 1839; x_wconf 90' lang='lat' dir='ltr'><strong>U.</strong></span> <span class='ocrx_word' id='word_1_349' title='bbox 995 1810 1122 1847; x_wconf 89' lang='lat' dir='ltr'><strong>Doctor,</strong></span> <span class='ocrx_word' id='word_1_350' title='bbox 1139 1810 1168 1840; x_wconf 85' lang='lat' dir='ltr'><strong>S.</strong></span> <span class='ocrx_word' id='word_1_351' title='bbox 1185 1811 1218 1841; x_wconf 84' lang='grc' dir='ltr'><strong>Ρ.</strong></span> <span class='ocrx_word' id='word_1_352' title='bbox 1237 1811 1273 1840; x_wconf 89' lang='lat' dir='ltr'><strong>D.</strong></span> 
     </span>
    </p>
   </div>
   <div class='ocr_carea' id='block_1_32' title="bbox 87 1924 1661 1962">
    <p class='ocr_par' dir='ltr' id='par_1_32' title="bbox 87 1924 1661 1962">
     <span class='ocr_line' id='line_1_32' title="bbox 87 1924 1661 1962; baseline 0.001 -10"><span class='ocrx_word' id='word_1_353' title='bbox 87 1924 147 1952; x_wconf 86' lang='lat' dir='ltr'><strong>Cum</strong></span> <span class='ocrx_word' id='word_1_354' title='bbox 173 1926 274 1953; x_wconf 85' lang='lat' dir='ltr'><strong>abhinc</strong></span> <span class='ocrx_word' id='word_1_355' title='bbox 296 1925 454 1957; x_wconf 78' lang='lat' dir='ltr'><strong>triennium,</strong></span> <span class='ocrx_word' id='word_1_356' title='bbox 483 1925 534 1952; x_wconf 88' lang='lat' dir='ltr'><strong>viri</strong></span> <span class='ocrx_word' id='word_1_357' title='bbox 563 1926 700 1960; x_wconf 77' lang='lat' dir='ltr'><strong>generosi,</strong></span> <span class='ocrx_word' id='word_1_358' title='bbox 720 1926 859 1954; x_wconf 77' lang='lat' dir='ltr'><strong>Arnoldus</strong></span> <span class='ocrx_word' id='word_1_359' title='bbox 882 1925 1093 1958; x_wconf 86' lang='lat' dir='ltr'><strong>Bircomannus.</strong></span> <span class='ocrx_word' id='word_1_360' title='bbox 1117 1926 1325 1962; x_wconf 74' lang='lat' dir='ltr'><strong>Agrippinensis</strong></span> <span class='ocrx_word' id='word_1_361' title='bbox 1350 1925 1507 1960; x_wconf 81' lang='lat' dir='ltr'><strong>bibliopola,</strong></span> <span class='ocrx_word' id='word_1_362' title='bbox 1524 1925 1574 1953; x_wconf 88' lang='lat' dir='ltr'><strong>hoc</strong></span> <span class='ocrx_word' id='word_1_363' title='bbox 1592 1932 1661 1962; x_wconf 92' lang='lat' dir='ltr'><strong>opus</strong></span> 
     </span>
    </p>
   </div>
   <div class='ocr_carea' id='block_1_33' title="bbox 52 1973 1662 2010">
    <p class='ocr_par' dir='ltr' id='par_1_33' title="bbox 52 1973 1662 2010">
     <span class='ocr_line' id='line_1_33' title="bbox 52 1973 1662 2010; baseline 0.001 -11"><span class='ocrx_word' id='word_1_364' title='bbox 52 1973 200 2001; x_wconf 78' lang='lat' dir='ltr'><strong>scholiorum</strong></span> <span class='ocrx_word' id='word_1_365' title='bbox 216 1974 244 2001; x_wconf 92' lang='lat' dir='ltr'><strong>in</strong></span> <span class='ocrx_word' id='word_1_366' title='bbox 265 1975 332 2001; x_wconf 81' lang='lat' dir='ltr'><strong>Acta</strong></span> <span class='ocrx_word' id='word_1_367' title='bbox 348 1974 499 2010; x_wconf 79' lang='lat' dir='ltr'><strong>apostolica</strong></span> <span class='ocrx_word' id='word_1_368' title='bbox 516 1973 570 2001; x_wconf 77' lang='lat' dir='ltr'><strong>divi</strong></span> <span class='ocrx_word' id='word_1_369' title='bbox 584 1973 676 2005; x_wconf 73' lang='lat' dir='ltr'><strong>Lucae,</strong></span> <span class='ocrx_word' id='word_1_370' title='bbox 693 1981 725 2000; x_wconf 88' lang='lat' dir='ltr'><strong>ex</strong></span> <span class='ocrx_word' id='word_1_371' title='bbox 742 1974 852 2002; x_wconf 82' lang='lat' dir='ltr'><strong>Austria</strong></span> <span class='ocrx_word' id='word_1_372' title='bbox 874 1982 889 2001; x_wconf 85' lang='lat' dir='ltr'><strong>a</strong></span> <span class='ocrx_word' id='word_1_373' title='bbox 912 1974 1068 2002; x_wconf 82' lang='lat' dir='ltr'><strong>clarissimo</strong></span> <span class='ocrx_word' id='word_1_374' title='bbox 1084 1974 1143 2001; x_wconf 89' lang='lat' dir='ltr'><strong>viro</strong></span> <span class='ocrx_word' id='word_1_375' title='bbox 1163 1974 1194 2002; x_wconf 83' lang='grc' dir='ltr'><strong>ο.</strong></span> <span class='ocrx_word' id='word_1_376' title='bbox 1209 1974 1314 2002; x_wconf 79' lang='lat' dir='ltr'><strong>Joanne</strong></span> <span class='ocrx_word' id='word_1_377' title='bbox 1338 1974 1475 2001; x_wconf 85' lang='lat' dir='ltr'><strong>Sambuco</strong></span> <span class='ocrx_word' id='word_1_378' title='bbox 1495 1975 1528 2000; x_wconf 94' lang='lat' dir='ltr'><strong>ad</strong></span> <span class='ocrx_word' id='word_1_379' title='bbox 1546 1983 1575 2001; x_wconf 91' lang='lat' dir='ltr'><strong>se</strong></span> <span class='ocrx_word' id='word_1_380' title='bbox 1592 1975 1662 2001; x_wconf 91' lang='lat' dir='ltr'><strong>mis-</strong></span> 
     </span>
    </p>
   </div>
   <div class='ocr_carea' id='block_1_34' title="bbox 52 2019 1661 2055">
    <p class='ocr_par' dir='ltr' id='par_1_34' title="bbox 52 2019 1661 2055">
     <span class='ocr_line' id='line_1_34' title="bbox 52 2019 1661 2055; baseline 0.001 -11"><span class='ocrx_word' id='word_1_381' title='bbox 52 2026 111 2049; x_wconf 80' lang='lat' dir='ltr'><strong>sum.</strong></span> <span class='ocrx_word' id='word_1_382' title='bbox 125 2020 187 2046; x_wconf 86' lang='lat' dir='ltr'><strong>mihi</strong></span> <span class='ocrx_word' id='word_1_383' title='bbox 204 2019 376 2047; x_wconf 75' lang='lat' dir='ltr'><strong>exhibuisset</strong></span> <span class='ocrx_word' id='word_1_384' title='bbox 391 2028 398 2046; x_wconf 93' lang='lat'>:</span> <span class='ocrx_word' id='word_1_385' title='bbox 414 2019 487 2054; x_wconf 89' lang='lat' dir='ltr'><strong>quod</strong></span> <span class='ocrx_word' id='word_1_386' title='bbox 505 2024 563 2046; x_wconf 84' lang='lat' dir='ltr'><strong>erat</strong></span> <span class='ocrx_word' id='word_1_387' title='bbox 580 2019 721 2053; x_wconf 78' lang='lat' dir='ltr'><strong>exemplar</strong></span> <span class='ocrx_word' id='word_1_388' title='bbox 733 2019 898 2052; x_wconf 87' lang='lat' dir='ltr'><strong>obsoletum,</strong></span> <span class='ocrx_word' id='word_1_389' title='bbox 914 2024 941 2047; x_wconf 90' lang='lat' dir='ltr'><strong>et</strong></span> <span class='ocrx_word' id='word_1_390' title='bbox 963 2019 1124 2054; x_wconf 87' lang='lat' dir='ltr'><strong>compendio</strong></span> <span class='ocrx_word' id='word_1_391' title='bbox 1141 2020 1293 2047; x_wconf 83' lang='lat' dir='ltr'><strong>litterarum</strong></span> <span class='ocrx_word' id='word_1_392' title='bbox 1323 2019 1391 2047; x_wconf 87' lang='lat' dir='ltr'><strong>adeo</strong></span> <span class='ocrx_word' id='word_1_393' title='bbox 1409 2020 1567 2047; x_wconf 74' lang='lat' dir='ltr'><strong>intricatum</strong></span> <span class='ocrx_word' id='word_1_394' title='bbox 1579 2025 1661 2055; x_wconf 84' lang='lat' dir='ltr'><strong>atque</strong></span> 
     </span>
    </p>
   </div>
   <div class='ocr_carea' id='block_1_35' title="bbox 51 2066 1661 2103">
    <p class='ocr_par' dir='ltr' id='par_1_35' title="bbox 51 2066 1661 2103">
     <span class='ocr_line' id='line_1_35' title="bbox 51 2066 1661 2103; baseline 0.002 -11"><span class='ocrx_word' id='word_1_395' title='bbox 51 2066 221 2099; x_wconf 73' lang='lat' dir='ltr'><strong>obscuratum,</strong></span> <span class='ocrx_word' id='word_1_396' title='bbox 235 2071 266 2094; x_wconf 87' lang='lat' dir='ltr'><strong>ut</strong></span> <span class='ocrx_word' id='word_1_397' title='bbox 279 2067 313 2094; x_wconf 76' lang='lat' dir='ltr'><strong>ab</strong></span> <span class='ocrx_word' id='word_1_398' title='bbox 331 2067 478 2094; x_wconf 83' lang='lat' dir='ltr'><strong>admodum</strong></span> <span class='ocrx_word' id='word_1_399' title='bbox 496 2067 590 2102; x_wconf 83' lang='lat' dir='ltr'><strong>paucis</strong></span> <span class='ocrx_word' id='word_1_400' title='bbox 604 2066 726 2095; x_wconf 72' lang='lat' dir='ltr'><strong>Coloniae</strong></span> <span class='ocrx_word' id='word_1_401' title='bbox 742 2067 794 2102; x_wconf 74' lang='lat' dir='ltr'><strong>legi</strong></span> <span class='ocrx_word' id='word_1_402' title='bbox 814 2072 915 2102; x_wconf 80' lang='lat' dir='ltr'><strong>posset,</strong></span> <span class='ocrx_word' id='word_1_403' title='bbox 933 2076 1038 2096; x_wconf 84' lang='lat' dir='ltr'><strong>mecum</strong></span> <span class='ocrx_word' id='word_1_404' title='bbox 1054 2075 1134 2103; x_wconf 77' lang='lat' dir='ltr'><strong>agere</strong></span> <span class='ocrx_word' id='word_1_405' title='bbox 1151 2068 1243 2102; x_wconf 64' lang='lat' dir='ltr'><strong>erepit,</strong></span> <span class='ocrx_word' id='word_1_406' title='bbox 1258 2072 1286 2095; x_wconf 91' lang='lat' dir='ltr'><strong>ut</strong></span> <span class='ocrx_word' id='word_1_407' title='bbox 1299 2067 1466 2103; x_wconf 81' lang='lat' dir='ltr'><strong>susciperem</strong></span> <span class='ocrx_word' id='word_1_408' title='bbox 1481 2067 1539 2102; x_wconf 69' lang='lat' dir='ltr'><strong>ejus</strong></span> <span class='ocrx_word' id='word_1_409' title='bbox 1553 2068 1661 2095; x_wconf 78' lang='lat' dir='ltr'><strong>descri-</strong></span> 
     </span>
    </p>
   </div>
   <div class='ocr_carea' id='block_1_36' title="bbox 52 2112 1660 2150">
    <p class='ocr_par' dir='ltr' id='par_1_36' title="bbox 52 2112 1660 2150">
     <span class='ocr_line' id='line_1_36' title="bbox 52 2112 1660 2150; baseline 0.004 -12"><span class='ocrx_word' id='word_1_410' title='bbox 52 2112 117 2140; x_wconf 81' lang='lat' dir='ltr'><strong>bendi</strong></span> <span class='ocrx_word' id='word_1_411' title='bbox 131 2114 260 2142; x_wconf 81' lang='lat' dir='ltr'><strong>laborem.</strong></span> <span class='ocrx_word' id='word_1_412' title='bbox 275 2115 352 2142; x_wconf 87' lang='lat' dir='ltr'><strong>Ilaud</strong></span> <span class='ocrx_word' id='word_1_413' title='bbox 370 2115 444 2142; x_wconf 87' lang='lat' dir='ltr'><strong>enim</strong></span> <span class='ocrx_word' id='word_1_414' title='bbox 463 2115 605 2150; x_wconf 75' lang='lat' dir='ltr'><strong>ignorabat</strong></span> <span class='ocrx_word' id='word_1_415' title='bbox 620 2123 663 2142; x_wconf 86' lang='lat' dir='ltr'><strong>me</strong></span> <span class='ocrx_word' id='word_1_416' title='bbox 687 2115 752 2142; x_wconf 90' lang='lat' dir='ltr'><strong>olim</strong></span> <span class='ocrx_word' id='word_1_417' title='bbox 770 2115 884 2143; x_wconf 56' lang='lat' dir='ltr'><strong>Lutetia!</strong></span> <span class='ocrx_word' id='word_1_418' title='bbox 901 2116 1036 2150; x_wconf 83' lang='lat' dir='ltr'><strong>ejusmodi</strong></span> <span class='ocrx_word' id='word_1_419' title='bbox 1054 2116 1245 2144; x_wconf 86' lang='lat' dir='ltr'><strong>describendis</strong></span> <span class='ocrx_word' id='word_1_420' title='bbox 1261 2117 1379 2144; x_wconf 81' lang='lat' dir='ltr'><strong>vetustis</strong></span> <span class='ocrx_word' id='word_1_421' title='bbox 1394 2116 1534 2143; x_wconf 81' lang='lat' dir='ltr'><strong>codicibus</strong></span> <span class='ocrx_word' id='word_1_422' title='bbox 1554 2115 1660 2144; x_wconf 77' lang='lat' dir='ltr'><strong>Grrccis</strong></span> 
     </span>
    </p>
   </div>
   <div class='ocr_carea' id='block_1_37' title="bbox 52 2159 1658 2197">
    <p class='ocr_par' dir='ltr' id='par_1_37' title="bbox 52 2159 1658 2197">
     <span class='ocr_line' id='line_1_37' title="bbox 52 2159 1658 2197; baseline 0.002 -13"><span class='ocrx_word' id='word_1_423' title='bbox 52 2159 221 2194; x_wconf 69' lang='lat' dir='ltr'><strong>exercitatum,</strong></span> <span class='ocrx_word' id='word_1_424' title='bbox 239 2161 311 2188; x_wconf 82' lang='lat' dir='ltr'><strong>haud</strong></span> <span class='ocrx_word' id='word_1_425' title='bbox 331 2161 446 2188; x_wconf 88' lang='lat' dir='ltr'><strong>multum</strong></span> <span class='ocrx_word' id='word_1_426' title='bbox 459 2161 486 2188; x_wconf 88' lang='lat' dir='ltr'><strong>in</strong></span> <span class='ocrx_word' id='word_1_427' title='bbox 501 2161 619 2189; x_wconf 82' lang='lat' dir='ltr'><strong>let-tione</strong></span> <span class='ocrx_word' id='word_1_428' title='bbox 643 2169 705 2189; x_wconf 83' lang='lat' dir='ltr'><strong>esse</strong></span> <span class='ocrx_word' id='word_1_429' title='bbox 724 2162 926 2189; x_wconf 84' lang='lat' dir='ltr'><strong>Iahoraturum.</strong></span> <span class='ocrx_word' id='word_1_430' title='bbox 945 2162 1000 2197; x_wconf 73' lang='lat' dir='ltr'><strong>Ego</strong></span> <span class='ocrx_word' id='word_1_431' title='bbox 1026 2169 1092 2190; x_wconf 84' lang='lat' dir='ltr'><strong>vero</strong></span> <span class='ocrx_word' id='word_1_432' title='bbox 1119 2170 1180 2190; x_wconf 87' lang='lat' dir='ltr'><strong>cum</strong></span> <span class='ocrx_word' id='word_1_433' title='bbox 1206 2162 1384 2196; x_wconf 83' lang='lat' dir='ltr'><strong>intelligercm</strong></span> <span class='ocrx_word' id='word_1_434' title='bbox 1402 2171 1464 2190; x_wconf 87' lang='lat' dir='ltr'><strong>cum</strong></span> <span class='ocrx_word' id='word_1_435' title='bbox 1497 2170 1566 2197; x_wconf 88' lang='lat' dir='ltr'><strong>opus</strong></span> <span class='ocrx_word' id='word_1_436' title='bbox 1591 2162 1658 2189; x_wconf 87' lang='lat' dir='ltr'><strong>illttd</strong></span> 
     </span>
    </p>
   </div>
   <div class='ocr_carea' id='block_1_38' title="bbox 53 2203 1659 2244">
    <p class='ocr_par' dir='ltr' id='par_1_38' title="bbox 53 2203 1659 2244">
     <span class='ocr_line' id='line_1_38' title="bbox 53 2203 1659 2244; baseline 0.004 -17"><span class='ocrx_word' id='word_1_437' title='bbox 53 2203 129 2232; x_wconf 71' lang='lat' dir='ltr'><strong>llrmce</strong></span> <span class='ocrx_word' id='word_1_438' title='bbox 143 2207 220 2233; x_wconf 80' lang='lat' dir='ltr'><strong>simul</strong></span> <span class='ocrx_word' id='word_1_439' title='bbox 237 2210 264 2233; x_wconf 92' lang='lat' dir='ltr'><strong>et</strong></span> <span class='ocrx_word' id='word_1_440' title='bbox 280 2206 376 2234; x_wconf 78' lang='lat' dir='ltr'><strong>Latine</strong></span> <span class='ocrx_word' id='word_1_441' title='bbox 396 2207 539 2242; x_wconf 76' lang='lat' dir='ltr'><strong>divulgare</strong></span> <span class='ocrx_word' id='word_1_442' title='bbox 561 2209 587 2234; x_wconf 89' lang='lat' dir='ltr'><strong>in</strong></span> <span class='ocrx_word' id='word_1_443' title='bbox 606 2207 700 2234; x_wconf 85' lang='lat' dir='ltr'><strong>animo</strong></span> <span class='ocrx_word' id='word_1_444' title='bbox 714 2208 824 2240; x_wconf 82' lang='lat' dir='ltr'><strong>habere,</strong></span> <span class='ocrx_word' id='word_1_445' title='bbox 853 2208 996 2243; x_wconf 77' lang='lat' dir='ltr'><strong>cupiebant</strong></span> <span class='ocrx_word' id='word_1_446' title='bbox 1013 2209 1122 2244; x_wconf 81' lang='lat' dir='ltr'><strong>quidem</strong></span> <span class='ocrx_word' id='word_1_447' title='bbox 1142 2213 1168 2235; x_wconf 91' lang='lat' dir='ltr'><strong>et</strong></span> <span class='ocrx_word' id='word_1_448' title='bbox 1185 2209 1223 2236; x_wconf 93' lang='lat' dir='ltr'><strong>illi</strong></span> <span class='ocrx_word' id='word_1_449' title='bbox 1236 2216 1285 2244; x_wconf 87' lang='lat' dir='ltr'><strong>pro</strong></span> <span class='ocrx_word' id='word_1_450' title='bbox 1303 2209 1424 2235; x_wconf 80' lang='lat' dir='ltr'><strong>amicitia</strong></span> <span class='ocrx_word' id='word_1_451' title='bbox 1442 2216 1544 2236; x_wconf 88' lang='lat' dir='ltr'><strong>morem</strong></span> <span class='ocrx_word' id='word_1_452' title='bbox 1562 2216 1659 2244; x_wconf 78' lang='lat' dir='ltr'><strong>gerere</strong></span> 
     </span>
    </p>
   </div>
   <div class='ocr_carea' id='block_1_39' title="bbox 53 2251 1657 2290">
    <p class='ocr_par' dir='ltr' id='par_1_39' title="bbox 53 2251 1657 2290">
     <span class='ocr_line' id='line_1_39' title="bbox 53 2251 1657 2290; baseline 0.002 -13"><span class='ocrx_word' id='word_1_453' title='bbox 53 2253 71 2274; x_wconf 62' lang='grc' dir='ltr'><strong>τι</strong></span> <span class='ocrx_word' id='word_1_454' title='bbox 87 2251 189 2283; x_wconf 74' lang='lat' dir='ltr'><strong>publicae</strong></span> <span class='ocrx_word' id='word_1_455' title='bbox 205 2252 318 2279; x_wconf 81' lang='lat' dir='ltr'><strong>utilitati</strong></span> <span class='ocrx_word' id='word_1_456' title='bbox 337 2253 484 2281; x_wconf 89' lang='lat' dir='ltr'><strong>consulere</strong></span> <span class='ocrx_word' id='word_1_457' title='bbox 501 2262 509 2287; x_wconf 89' lang='lat'><strong>;</strong></span> <span class='ocrx_word' id='word_1_458' title='bbox 525 2253 571 2281; x_wconf 86' lang='lat' dir='ltr'><strong>sed</strong></span> <span class='ocrx_word' id='word_1_459' title='bbox 587 2253 744 2281; x_wconf 86' lang='lat' dir='ltr'><strong>deterrehat</strong></span> <span class='ocrx_word' id='word_1_460' title='bbox 760 2262 803 2281; x_wconf 89' lang='lat' dir='ltr'><strong>me</strong></span> <span class='ocrx_word' id='word_1_461' title='bbox 819 2262 880 2281; x_wconf 92' lang='lat' dir='ltr'><strong>cum</strong></span> <span class='ocrx_word' id='word_1_462' title='bbox 895 2255 1039 2290; x_wconf 76' lang='lat' dir='ltr'><strong>scriptura:</strong></span> <span class='ocrx_word' id='word_1_463' title='bbox 1054 2255 1162 2282; x_wconf 80' lang='lat' dir='ltr'><strong>exilitas</strong></span> <span class='ocrx_word' id='word_1_464' title='bbox 1179 2255 1267 2282; x_wconf 88' lang='lat' dir='ltr'><strong>oculis</strong></span> <span class='ocrx_word' id='word_1_465' title='bbox 1289 2255 1409 2288; x_wconf 86' lang='lat' dir='ltr'><strong>inimica,</strong></span> <span class='ocrx_word' id='word_1_466' title='bbox 1427 2259 1483 2282; x_wconf 89' lang='lat' dir='ltr'><strong>tum</strong></span> <span class='ocrx_word' id='word_1_467' title='bbox 1503 2256 1657 2290; x_wconf 75' lang='lat' dir='ltr'><strong>exemplum</strong></span> 
     </span>
    </p>
   </div>
   <div class='ocr_carea' id='block_1_40' title="bbox 54 2299 1656 2338">
    <p class='ocr_par' dir='ltr' id='par_1_40' title="bbox 54 2299 1656 2338">
     <span class='ocr_line' id='line_1_40' title="bbox 54 2299 1656 2338; baseline 0.006 -17"><span class='ocrx_word' id='word_1_468' title='bbox 54 2299 128 2325; x_wconf 81' lang='lat' dir='ltr'><strong>minus</strong></span> <span class='ocrx_word' id='word_1_469' title='bbox 142 2300 324 2334; x_wconf 80' lang='lat' dir='ltr'><strong>emendatum,</strong></span> <span class='ocrx_word' id='word_1_470' title='bbox 339 2301 490 2336; x_wconf 74' lang='lat' dir='ltr'><strong>praesertim</strong></span> <span class='ocrx_word' id='word_1_471' title='bbox 506 2308 568 2328; x_wconf 88' lang='lat' dir='ltr'><strong>cum</strong></span> <span class='ocrx_word' id='word_1_472' title='bbox 585 2302 696 2330; x_wconf 77' lang='lat' dir='ltr'><strong>deesset</strong></span> <span class='ocrx_word' id='word_1_473' title='bbox 709 2302 783 2329; x_wconf 85' lang='lat' dir='ltr'><strong>aliud</strong></span> <span class='ocrx_word' id='word_1_474' title='bbox 805 2303 992 2338; x_wconf 73' lang='lat' dir='ltr'><strong>apograplttnn</strong></span> <span class='ocrx_word' id='word_1_475' title='bbox 1012 2304 1084 2330; x_wconf 88' lang='lat' dir='ltr'><strong>unde</strong></span> <span class='ocrx_word' id='word_1_476' title='bbox 1105 2303 1204 2338; x_wconf 80' lang='lat' dir='ltr'><strong>corrigi</strong></span> <span class='ocrx_word' id='word_1_477' title='bbox 1225 2302 1306 2337; x_wconf 91' lang='lat' dir='ltr'><strong>hujus</strong></span> <span class='ocrx_word' id='word_1_478' title='bbox 1321 2307 1402 2338; x_wconf 87' lang='lat' dir='ltr'><strong>atque</strong></span> <span class='ocrx_word' id='word_1_479' title='bbox 1425 2303 1564 2330; x_wconf 84' lang='lat' dir='ltr'><strong>emendari</strong></span> <span class='ocrx_word' id='word_1_480' title='bbox 1591 2303 1656 2330; x_wconf 73' lang='lat' dir='ltr'><strong>vitia</strong></span> 
     </span>
    </p>
   </div>
   <div class='ocr_carea' id='block_1_41' title="bbox 54 2345 1658 2385">
    <p class='ocr_par' dir='ltr' id='par_1_41' title="bbox 54 2345 1658 2385">
     <span class='ocr_line' id='line_1_41' title="bbox 54 2345 1658 2385; baseline 0.001 -12"><span class='ocrx_word' id='word_1_481' title='bbox 54 2350 154 2373; x_wconf 62' lang='lat' dir='ltr'><strong>Iesse-nt.</strong></span> <span class='ocrx_word' id='word_1_482' title='bbox 170 2345 274 2380; x_wconf 77' lang='lat' dir='ltr'><strong>Itaque,</strong></span> <span class='ocrx_word' id='word_1_483' title='bbox 303 2355 459 2382; x_wconf 80' lang='lat' dir='ltr'><strong>quanquam</strong></span> <span class='ocrx_word' id='word_1_484' title='bbox 477 2355 558 2383; x_wconf 60' lang='grc' dir='ltr'><strong>πει-ο,</strong></span> <span class='ocrx_word' id='word_1_485' title='bbox 588 2348 714 2376; x_wconf 76' lang='lat' dir='ltr'><strong>conceSsi</strong></span> <span class='ocrx_word' id='word_1_486' title='bbox 733 2353 822 2375; x_wconf 86' lang='lat' dir='ltr'><strong>tamen</strong></span> <span class='ocrx_word' id='word_1_487' title='bbox 847 2349 962 2384; x_wconf 86' lang='lat' dir='ltr'><strong>petenti,</strong></span> <span class='ocrx_word' id='word_1_488' title='bbox 980 2354 1007 2377; x_wconf 85' lang='lat' dir='ltr'><strong>et</strong></span> <span class='ocrx_word' id='word_1_489' title='bbox 1034 2358 1089 2377; x_wconf 82' lang='lat' dir='ltr'><strong>rem</strong></span> <span class='ocrx_word' id='word_1_490' title='bbox 1106 2350 1216 2385; x_wconf 82' lang='lat' dir='ltr'><strong>suscepi</strong></span> <span class='ocrx_word' id='word_1_491' title='bbox 1239 2358 1246 2378; x_wconf 89' lang='lat'><strong>:</strong></span> <span class='ocrx_word' id='word_1_492' title='bbox 1263 2354 1289 2376; x_wconf 89' lang='lat' dir='ltr'><strong>et</strong></span> <span class='ocrx_word' id='word_1_493' title='bbox 1305 2357 1366 2377; x_wconf 86' lang='lat' dir='ltr'><strong>eum</strong></span> <span class='ocrx_word' id='word_1_494' title='bbox 1392 2349 1507 2376; x_wconf 79' lang='lat' dir='ltr'><strong>vitanda:</strong></span> <span class='ocrx_word' id='word_1_495' title='bbox 1524 2349 1658 2383; x_wconf 73' lang='lat' dir='ltr'><strong>pestifcrze</strong></span> 
     </span>
    </p>
   </div>
   <div class='ocr_carea' id='block_1_42' title="bbox 53 2392 1658 2429">
    <p class='ocr_par' dir='ltr' id='par_1_42' title="bbox 53 2392 1658 2429">
     <span class='ocr_line' id='line_1_42' title="bbox 53 2392 1658 2429; baseline 0.004 -15"><span class='ocrx_word' id='word_1_496' title='bbox 53 2392 199 2426; x_wconf 64' lang='lat' dir='ltr'><strong>contagionis</strong></span> <span class='ocrx_word' id='word_1_497' title='bbox 214 2400 297 2421; x_wconf 81' lang='lat' dir='ltr'><strong>causa</strong></span> <span class='ocrx_word' id='word_1_498' title='bbox 311 2402 354 2420; x_wconf 89' lang='lat' dir='ltr'><strong>me</strong></span> <span class='ocrx_word' id='word_1_499' title='bbox 368 2394 395 2420; x_wconf 90' lang='lat' dir='ltr'><strong>in</strong></span> <span class='ocrx_word' id='word_1_500' title='bbox 411 2394 526 2428; x_wconf 86' lang='lat' dir='ltr'><strong>patriam</strong></span> <span class='ocrx_word' id='word_1_501' title='bbox 540 2402 573 2422; x_wconf 84' lang='lat' dir='ltr'><strong>ex</strong></span> <span class='ocrx_word' id='word_1_502' title='bbox 595 2394 664 2422; x_wconf 84' lang='lat' dir='ltr'><strong>urbe</strong></span> <span class='ocrx_word' id='word_1_503' title='bbox 679 2395 855 2429; x_wconf 81' lang='lat' dir='ltr'><strong>recepissem,</strong></span> <span class='ocrx_word' id='word_1_504' title='bbox 872 2394 943 2429; x_wconf 89' lang='lat' dir='ltr'><strong>apud</strong></span> <span class='ocrx_word' id='word_1_505' title='bbox 960 2394 1090 2422; x_wconf 74' lang='lat' dir='ltr'><strong>Iacobum</strong></span> <span class='ocrx_word' id='word_1_506' title='bbox 1107 2395 1275 2423; x_wconf 80' lang='lat' dir='ltr'><strong>Panlmsium</strong></span> <span class='ocrx_word' id='word_1_507' title='bbox 1289 2394 1413 2422; x_wconf 85' lang='lat' dir='ltr'><strong>abbatem</strong></span> <span class='ocrx_word' id='word_1_508' title='bbox 1431 2395 1548 2422; x_wconf 69' lang='lat' dir='ltr'><strong>rmnobii</strong></span> <span class='ocrx_word' id='word_1_509' title='bbox 1568 2393 1658 2421; x_wconf 67' lang='lat' dir='ltr'><strong>Slcitt&lt;</strong></span> 
     </span>
    </p>
   </div>
   <div class='ocr_carea' id='block_1_43' title="bbox 53 2435 1657 2476">
    <p class='ocr_par' dir='ltr' id='par_1_43' title="bbox 53 2435 1657 2476">
     <span class='ocr_line' id='line_1_43' title="bbox 53 2435 1657 2476; baseline 0.004 -17"><span class='ocrx_word' id='word_1_510' title='bbox 53 2435 127 2468; x_wconf 81' lang='lat' dir='ltr'><strong>vcldii,</strong></span> <span class='ocrx_word' id='word_1_511' title='bbox 142 2438 226 2465; x_wconf 87' lang='lat' dir='ltr'><strong>virum</strong></span> <span class='ocrx_word' id='word_1_512' title='bbox 245 2444 273 2466; x_wconf 89' lang='lat' dir='ltr'><strong>et</strong></span> <span class='ocrx_word' id='word_1_513' title='bbox 297 2438 406 2470; x_wconf 88' lang='lat' dir='ltr'><strong>litteris,</strong></span> <span class='ocrx_word' id='word_1_514' title='bbox 423 2442 451 2466; x_wconf 91' lang='lat' dir='ltr'><strong>et</strong></span> <span class='ocrx_word' id='word_1_515' title='bbox 469 2439 581 2474; x_wconf 88' lang='lat' dir='ltr'><strong>pietate,</strong></span> <span class='ocrx_word' id='word_1_516' title='bbox 611 2443 638 2466; x_wconf 89' lang='lat' dir='ltr'><strong>ct</strong></span> <span class='ocrx_word' id='word_1_517' title='bbox 663 2440 806 2474; x_wconf 88' lang='lat' dir='ltr'><strong>prudentia</strong></span> <span class='ocrx_word' id='word_1_518' title='bbox 830 2439 1048 2472; x_wconf 83' lang='lat' dir='ltr'><strong>ornatissimum,</strong></span> <span class='ocrx_word' id='word_1_519' title='bbox 1065 2441 1116 2467; x_wconf 87' lang='lat' dir='ltr'><strong>hoc</strong></span> <span class='ocrx_word' id='word_1_520' title='bbox 1131 2449 1199 2476; x_wconf 86' lang='lat' dir='ltr'><strong>opus</strong></span> <span class='ocrx_word' id='word_1_521' title='bbox 1215 2441 1285 2468; x_wconf 85' lang='lat' dir='ltr'><strong>haud</strong></span> <span class='ocrx_word' id='word_1_522' title='bbox 1303 2441 1363 2468; x_wconf 91' lang='lat' dir='ltr'><strong>sine</strong></span> <span class='ocrx_word' id='word_1_523' title='bbox 1383 2440 1503 2467; x_wconf 76' lang='lat' dir='ltr'><strong>maximo</strong></span> <span class='ocrx_word' id='word_1_524' title='bbox 1516 2441 1608 2467; x_wconf 83' lang='lat' dir='ltr'><strong>labore</strong></span> <span class='ocrx_word' id='word_1_525' title='bbox 1624 2447 1657 2466; x_wconf 83' lang='lat' dir='ltr'><strong>ac</strong></span> 
     </span>
    </p>
   </div>
   <div class='ocr_carea' id='block_1_44' title="bbox 54 2481 1658 2523">
    <p class='ocr_par' dir='ltr' id='par_1_44' title="bbox 54 2481 1658 2523">
     <span class='ocr_line' id='line_1_44' title="bbox 54 2481 1658 2523; baseline 0.002 -15"><span class='ocrx_word' id='word_1_526' title='bbox 54 2481 143 2510; x_wconf 53' lang='lat' dir='ltr'><strong>lesione</strong></span> <span class='ocrx_word' id='word_1_527' title='bbox 158 2486 298 2513; x_wconf 86' lang='lat' dir='ltr'><strong>oculorum</strong></span> <span class='ocrx_word' id='word_1_528' title='bbox 312 2487 445 2521; x_wconf 86' lang='lat' dir='ltr'><strong>descripsi</strong></span> <span class='ocrx_word' id='word_1_529' title='bbox 461 2495 468 2517; x_wconf 68' lang='grc' dir='ltr'>ξ</span> <span class='ocrx_word' id='word_1_530' title='bbox 489 2487 562 2522; x_wconf 87' lang='lat' dir='ltr'><strong>quod</strong></span> <span class='ocrx_word' id='word_1_531' title='bbox 581 2487 627 2514; x_wconf 88' lang='lat' dir='ltr'><strong>ubi</strong></span> <span class='ocrx_word' id='word_1_532' title='bbox 649 2487 844 2522; x_wconf 87' lang='lat' dir='ltr'><strong>transcriptum</strong></span> <span class='ocrx_word' id='word_1_533' title='bbox 863 2487 1046 2515; x_wconf 81' lang='lat' dir='ltr'><strong>Bircomanno</strong></span> <span class='ocrx_word' id='word_1_534' title='bbox 1062 2488 1173 2514; x_wconf 88' lang='lat' dir='ltr'><strong>tradidi.</strong></span> <span class='ocrx_word' id='word_1_535' title='bbox 1189 2488 1235 2515; x_wconf 87' lang='lat' dir='ltr'><strong>Ille</strong></span> <span class='ocrx_word' id='word_1_536' title='bbox 1248 2496 1329 2523; x_wconf 84' lang='lat' dir='ltr'><strong>porro</strong></span> <span class='ocrx_word' id='word_1_537' title='bbox 1345 2495 1450 2515; x_wconf 86' lang='lat' dir='ltr'><strong>mecum</strong></span> <span class='ocrx_word' id='word_1_538' title='bbox 1465 2495 1544 2523; x_wconf 77' lang='lat' dir='ltr'><strong>agere</strong></span> <span class='ocrx_word' id='word_1_539' title='bbox 1563 2486 1658 2523; x_wconf 46' lang='lat' dir='ltr'><strong>carpit.</strong></span> 
     </span>
    </p>
   </div>
   <div class='ocr_carea' id='block_1_45' title="bbox 53 2532 1658 2571">
    <p class='ocr_par' dir='ltr' id='par_1_45' title="bbox 53 2532 1658 2571">
     <span class='ocr_line' id='line_1_45' title="bbox 53 2532 1658 2571; baseline 0.003 -15"><span class='ocrx_word' id='word_1_540' title='bbox 53 2533 76 2554; x_wconf 85' lang='grc' dir='ltr'>υι</span> <span class='ocrx_word' id='word_1_541' title='bbox 89 2532 151 2563; x_wconf 85' lang='lat' dir='ltr'><strong>quod</strong></span> <span class='ocrx_word' id='word_1_542' title='bbox 162 2533 370 2568; x_wconf 69' lang='lat' dir='ltr'><strong>descripserant,</strong></span> <span class='ocrx_word' id='word_1_543' title='bbox 386 2534 467 2560; x_wconf 87' lang='lat' dir='ltr'><strong>etiam</strong></span> <span class='ocrx_word' id='word_1_544' title='bbox 483 2539 672 2562; x_wconf 86' lang='lat' dir='ltr'><strong>converterem</strong></span> <span class='ocrx_word' id='word_1_545' title='bbox 689 2535 716 2562; x_wconf 91' lang='lat' dir='ltr'><strong>in</strong></span> <span class='ocrx_word' id='word_1_546' title='bbox 729 2542 882 2562; x_wconf 84' lang='lat' dir='ltr'><strong>sermonem</strong></span> <span class='ocrx_word' id='word_1_547' title='bbox 897 2535 1036 2562; x_wconf 86' lang='lat' dir='ltr'><strong>Latinum.</strong></span> <span class='ocrx_word' id='word_1_548' title='bbox 1051 2535 1106 2570; x_wconf 76' lang='lat' dir='ltr'><strong>Ego</strong></span> <span class='ocrx_word' id='word_1_549' title='bbox 1121 2543 1186 2562; x_wconf 80' lang='lat' dir='ltr'><strong>vero</strong></span> <span class='ocrx_word' id='word_1_550' title='bbox 1201 2535 1292 2570; x_wconf 86' lang='lat' dir='ltr'><strong>(quod</strong></span> <span class='ocrx_word' id='word_1_551' title='bbox 1310 2535 1381 2563; x_wconf 88' lang='lat' dir='ltr'><strong>haud</strong></span> <span class='ocrx_word' id='word_1_552' title='bbox 1401 2535 1556 2571; x_wconf 73' lang='lat' dir='ltr'><strong>ignorabam</strong></span> <span class='ocrx_word' id='word_1_553' title='bbox 1573 2542 1658 2569; x_wconf 85' lang='lat' dir='ltr'><strong>quau-</strong></span> 
     </span>
    </p>
   </div>
   <div class='ocr_carea' id='block_1_46' title="bbox 54 2578 1656 2616">
    <p class='ocr_par' dir='ltr' id='par_1_46' title="bbox 54 2578 1656 2616">
     <span class='ocr_line' id='line_1_46' title="bbox 54 2578 1656 2616; baseline 0.004 -15"><span class='ocrx_word' id='word_1_554' title='bbox 54 2579 129 2608; x_wconf 74' lang='lat' dir='ltr'><strong>Inpere</strong></span> <span class='ocrx_word' id='word_1_555' title='bbox 143 2578 203 2604; x_wconf 87' lang='lat' dir='ltr'><strong>mihi</strong></span> <span class='ocrx_word' id='word_1_556' title='bbox 215 2579 387 2606; x_wconf 66' lang='lat' dir='ltr'><strong>aestuandum</strong></span> <span class='ocrx_word' id='word_1_557' title='bbox 406 2585 490 2614; x_wconf 84' lang='lat' dir='ltr'><strong>atque</strong></span> <span class='ocrx_word' id='word_1_558' title='bbox 502 2580 655 2608; x_wconf 88' lang='lat' dir='ltr'><strong>sudandum</strong></span> <span class='ocrx_word' id='word_1_559' title='bbox 672 2586 742 2608; x_wconf 80' lang='lat' dir='ltr'><strong>esset</strong></span> <span class='ocrx_word' id='word_1_560' title='bbox 759 2581 785 2607; x_wconf 91' lang='lat' dir='ltr'><strong>in</strong></span> <span class='ocrx_word' id='word_1_561' title='bbox 802 2589 896 2616; x_wconf 78' lang='lat' dir='ltr'><strong>opere,</strong></span> <span class='ocrx_word' id='word_1_562' title='bbox 914 2582 994 2615; x_wconf 83' lang='lat' dir='ltr'><strong>cujus</strong></span> <span class='ocrx_word' id='word_1_563' title='bbox 1009 2589 1092 2608; x_wconf 89' lang='lat' dir='ltr'><strong>unum</strong></span> <span class='ocrx_word' id='word_1_564' title='bbox 1110 2581 1244 2607; x_wconf 76' lang='lat' dir='ltr'><strong>duntaxat</strong></span> <span class='ocrx_word' id='word_1_565' title='bbox 1258 2585 1379 2608; x_wconf 82' lang='lat' dir='ltr'><strong>exstaret</strong></span> <span class='ocrx_word' id='word_1_566' title='bbox 1393 2581 1556 2616; x_wconf 85' lang='lat' dir='ltr'><strong>exemplum,</strong></span> <span class='ocrx_word' id='word_1_567' title='bbox 1575 2580 1656 2615; x_wconf 89' lang='lat' dir='ltr'><strong>idque</strong></span> 
     </span>
    </p>
   </div>
   <div class='ocr_carea' id='block_1_47' title="bbox 55 2622 1658 2662">
    <p class='ocr_par' dir='ltr' id='par_1_47' title="bbox 55 2622 1658 2662">
     <span class='ocr_line' id='line_1_47' title="bbox 55 2622 1658 2662; baseline 0.006 -17"><span class='ocrx_word' id='word_1_568' title='bbox 55 2622 130 2649; x_wconf 80' lang='lat' dir='ltr'><strong>multis</strong></span> <span class='ocrx_word' id='word_1_569' title='bbox 145 2624 169 2650; x_wconf 89' lang='lat' dir='ltr'><strong>in</strong></span> <span class='ocrx_word' id='word_1_570' title='bbox 185 2625 250 2652; x_wconf 89' lang='lat' dir='ltr'><strong>locis</strong></span> <span class='ocrx_word' id='word_1_571' title='bbox 267 2625 397 2652; x_wconf 88' lang='lat' dir='ltr'><strong>tnutilum</strong></span> <span class='ocrx_word' id='word_1_572' title='bbox 413 2630 495 2660; x_wconf 85' lang='lat' dir='ltr'><strong>atque</strong></span> <span class='ocrx_word' id='word_1_573' title='bbox 508 2625 711 2662; x_wconf 70' lang='lat' dir='ltr'><strong>depravatum),</strong></span> <span class='ocrx_word' id='word_1_574' title='bbox 726 2627 924 2662; x_wconf 84' lang='lat' dir='ltr'><strong>aliquantisper</strong></span> <span class='ocrx_word' id='word_1_575' title='bbox 943 2633 1099 2661; x_wconf 80' lang='lat' dir='ltr'><strong>ctntctatus,</strong></span> <span class='ocrx_word' id='word_1_576' title='bbox 1117 2628 1225 2655; x_wconf 89' lang='lat' dir='ltr'><strong>tandem</strong></span> <span class='ocrx_word' id='word_1_577' title='bbox 1246 2627 1385 2659; x_wconf 63' lang='lat' dir='ltr'><strong>Ecclesia},</strong></span> <span class='ocrx_word' id='word_1_578' title='bbox 1399 2628 1424 2654; x_wconf 92' lang='lat' dir='ltr'><strong>in</strong></span> <span class='ocrx_word' id='word_1_579' title='bbox 1444 2632 1497 2654; x_wconf 90' lang='lat' dir='ltr'><strong>tam</strong></span> <span class='ocrx_word' id='word_1_580' title='bbox 1515 2627 1573 2655; x_wconf 89' lang='lat' dir='ltr'><strong>utili</strong></span> <span class='ocrx_word' id='word_1_581' title='bbox 1587 2635 1658 2662; x_wconf 73' lang='lat' dir='ltr'><strong>prm-</strong></span> 
     </span>
    </p>
   </div>
   <div class='ocr_carea' id='block_1_48' title="bbox 54 2670 1654 2710">
    <p class='ocr_par' dir='ltr' id='par_1_48' title="bbox 54 2670 1654 2710">
     <span class='ocr_line' id='line_1_48' title="bbox 54 2670 1654 2710; baseline 0.006 -17"><span class='ocrx_word' id='word_1_582' title='bbox 54 2670 130 2697; x_wconf 70' lang='lat' dir='ltr'><strong>sertim</strong></span> <span class='ocrx_word' id='word_1_583' title='bbox 153 2679 183 2700; x_wconf 83' lang='lat' dir='ltr'><strong>ac</strong></span> <span class='ocrx_word' id='word_1_584' title='bbox 202 2674 247 2708; x_wconf 87' lang='lat' dir='ltr'><strong>pio</strong></span> <span class='ocrx_word' id='word_1_585' title='bbox 264 2681 357 2708; x_wconf 84' lang='lat' dir='ltr'><strong>opere.</strong></span> <span class='ocrx_word' id='word_1_586' title='bbox 380 2674 510 2708; x_wconf 65' lang='lat' dir='ltr'><strong>juvandaa</strong></span> <span class='ocrx_word' id='word_1_587' title='bbox 530 2675 633 2708; x_wconf 89' lang='lat' dir='ltr'><strong>studio,</strong></span> <span class='ocrx_word' id='word_1_588' title='bbox 654 2680 735 2710; x_wconf 86' lang='lat' dir='ltr'><strong>atque</strong></span> <span class='ocrx_word' id='word_1_589' title='bbox 756 2676 837 2702; x_wconf 87' lang='lat' dir='ltr'><strong>etiam</strong></span> <span class='ocrx_word' id='word_1_590' title='bbox 856 2676 988 2703; x_wconf 87' lang='lat' dir='ltr'><strong>tolerabili</strong></span> <span class='ocrx_word' id='word_1_591' title='bbox 1010 2683 1025 2702; x_wconf 88' lang='lat' dir='ltr'><strong>a</strong></span> <span class='ocrx_word' id='word_1_592' title='bbox 1046 2675 1229 2702; x_wconf 85' lang='lat' dir='ltr'><strong>Bircomanno</strong></span> <span class='ocrx_word' id='word_1_593' title='bbox 1243 2675 1382 2710; x_wconf 88' lang='lat' dir='ltr'><strong>proposita</strong></span> <span class='ocrx_word' id='word_1_594' title='bbox 1409 2675 1576 2708; x_wconf 89' lang='lat' dir='ltr'><strong>conditione,</strong></span> <span class='ocrx_word' id='word_1_595' title='bbox 1598 2684 1654 2704; x_wconf 88' lang='lat' dir='ltr'><strong>rem</strong></span> 
     </span>
    </p>
   </div>
   <div class='ocr_carea' id='block_1_49' title="bbox 54 2719 1655 2756">
    <p class='ocr_par' dir='ltr' id='par_1_49' title="bbox 54 2719 1655 2756">
     <span class='ocr_line' id='line_1_49' title="bbox 54 2719 1655 2756; baseline 0.002 -11"><span class='ocrx_word' id='word_1_596' title='bbox 54 2719 176 2748; x_wconf 67' lang='lat' dir='ltr'><strong>atlzTClisus</strong></span> <span class='ocrx_word' id='word_1_597' title='bbox 193 2726 252 2746; x_wconf 89' lang='lat' dir='ltr'><strong>sum</strong></span> <span class='ocrx_word' id='word_1_598' title='bbox 272 2728 279 2746; x_wconf 90' lang='lat'><strong>:</strong></span> <span class='ocrx_word' id='word_1_599' title='bbox 296 2727 328 2746; x_wconf 83' lang='lat' dir='ltr'><strong>ac</strong></span> <span class='ocrx_word' id='word_1_600' title='bbox 353 2719 397 2746; x_wconf 87' lang='lat' dir='ltr'><strong>vix</strong></span> <span class='ocrx_word' id='word_1_601' title='bbox 427 2719 535 2746; x_wconf 88' lang='lat' dir='ltr'><strong>tandem</strong></span> <span class='ocrx_word' id='word_1_602' title='bbox 551 2720 666 2748; x_wconf 84' lang='lat' dir='ltr'><strong>absolvi.</strong></span> <span class='ocrx_word' id='word_1_603' title='bbox 686 2720 752 2748; x_wconf 79' lang='lat' dir='ltr'><strong>Nam</strong></span> <span class='ocrx_word' id='word_1_604' title='bbox 770 2729 968 2756; x_wconf 67' lang='lat' dir='ltr'><strong>saepenumero,</strong></span> <span class='ocrx_word' id='word_1_605' title='bbox 992 2721 1055 2748; x_wconf 88' lang='lat' dir='ltr'><strong>dum</strong></span> <span class='ocrx_word' id='word_1_606' title='bbox 1077 2721 1103 2748; x_wconf 93' lang='lat' dir='ltr'><strong>in</strong></span> <span class='ocrx_word' id='word_1_607' title='bbox 1120 2721 1179 2748; x_wconf 80' lang='lat' dir='ltr'><strong>lora</strong></span> <span class='ocrx_word' id='word_1_608' title='bbox 1197 2720 1290 2748; x_wconf 89' lang='lat' dir='ltr'><strong>mutila</strong></span> <span class='ocrx_word' id='word_1_609' title='bbox 1305 2724 1386 2755; x_wconf 86' lang='lat' dir='ltr'><strong>atque</strong></span> <span class='ocrx_word' id='word_1_610' title='bbox 1402 2727 1528 2756; x_wconf 81' lang='lat' dir='ltr'><strong>corrupta</strong></span> <span class='ocrx_word' id='word_1_611' title='bbox 1552 2721 1655 2749; x_wconf 83' lang='lat' dir='ltr'><strong>incide-</strong></span> 
     </span>
    </p>
   </div>
   <div class='ocr_carea' id='block_1_50' title="bbox 54 2757 1654 2804">
    <p class='ocr_par' dir='ltr' id='par_1_50' title="bbox 54 2757 1654 2804">
     <span class='ocr_line' id='line_1_50' title="bbox 54 2757 1654 2804; baseline 0.008 -21"><span class='ocrx_word' id='word_1_612' title='bbox 54 2757 197 2792; x_wconf 75' lang='lat' dir='ltr'><strong>bam,t&#39;.cdio</strong></span> <span class='ocrx_word' id='word_1_613' title='bbox 220 2765 321 2792; x_wconf 91' lang='lat' dir='ltr'><strong>laboris</strong></span> <span class='ocrx_word' id='word_1_614' title='bbox 346 2765 504 2801; x_wconf 79' lang='lat' dir='ltr'><strong>frequenter</strong></span> <span class='ocrx_word' id='word_1_615' title='bbox 530 2767 611 2799; x_wconf 88' lang='lat' dir='ltr'><strong>irriti,</strong></span> <span class='ocrx_word' id='word_1_616' title='bbox 626 2775 658 2795; x_wconf 87' lang='lat' dir='ltr'><strong>ac</strong></span> <span class='ocrx_word' id='word_1_617' title='bbox 680 2769 877 2803; x_wconf 85' lang='lat' dir='ltr'><strong>propemodum</strong></span> <span class='ocrx_word' id='word_1_618' title='bbox 904 2768 1094 2804; x_wconf 85' lang='lat' dir='ltr'><strong>desperatione</strong></span> <span class='ocrx_word' id='word_1_619' title='bbox 1112 2769 1149 2796; x_wconf 91' lang='lat' dir='ltr'><strong>rei</strong></span> <span class='ocrx_word' id='word_1_620' title='bbox 1177 2767 1292 2796; x_wconf 78' lang='lat' dir='ltr'><strong>feliciter</strong></span> <span class='ocrx_word' id='word_1_621' title='bbox 1316 2767 1488 2795; x_wconf 61' lang='lat' dir='ltr'><strong>absolvenda</strong></span> <span class='ocrx_word' id='word_1_622' title='bbox 1506 2768 1588 2803; x_wconf 89' lang='lat' dir='ltr'><strong>(cum</strong></span> <span class='ocrx_word' id='word_1_623' title='bbox 1605 2776 1654 2796; x_wconf 73' lang='lat' dir='ltr'><strong>nec</strong></span> 
     </span>
    </p>
   </div>
   <div class='ocr_carea' id='block_1_51' title="bbox 54 2809 1650 2850">
    <p class='ocr_par' dir='ltr' id='par_1_51' title="bbox 54 2809 1650 2850">
     <span class='ocr_line' id='line_1_51' title="bbox 54 2809 1650 2850; baseline 0.004 -14"><span class='ocrx_word' id='word_1_624' title='bbox 54 2811 141 2841; x_wconf 68' lang='lat' dir='ltr'><strong>Smper</strong></span> <span class='ocrx_word' id='word_1_625' title='bbox 155 2809 238 2838; x_wconf 84' lang='lat' dir='ltr'><strong>otium</strong></span> <span class='ocrx_word' id='word_1_626' title='bbox 253 2812 349 2847; x_wconf 84' lang='lat' dir='ltr'><strong>esset),</strong></span> <span class='ocrx_word' id='word_1_627' title='bbox 365 2812 400 2840; x_wconf 86' lang='lat' dir='ltr'><strong>ab</strong></span> <span class='ocrx_word' id='word_1_628' title='bbox 413 2819 495 2848; x_wconf 82' lang='lat' dir='ltr'><strong>opere</strong></span> <span class='ocrx_word' id='word_1_629' title='bbox 509 2814 627 2846; x_wconf 83' lang='lat' dir='ltr'><strong>cessavi,</strong></span> <span class='ocrx_word' id='word_1_630' title='bbox 639 2815 711 2850; x_wconf 90' lang='lat' dir='ltr'><strong>quod</strong></span> <span class='ocrx_word' id='word_1_631' title='bbox 729 2815 890 2850; x_wconf 84' lang='lat' dir='ltr'><strong>plerumque</strong></span> <span class='ocrx_word' id='word_1_632' title='bbox 905 2815 987 2843; x_wconf 82' lang='lat' dir='ltr'><strong>etiam</strong></span> <span class='ocrx_word' id='word_1_633' title='bbox 1004 2815 1094 2843; x_wconf 82' lang='lat' dir='ltr'><strong>facere</strong></span> <span class='ocrx_word' id='word_1_634' title='bbox 1108 2815 1194 2847; x_wconf 83' lang='lat' dir='ltr'><strong>soleo,</strong></span> <span class='ocrx_word' id='word_1_635' title='bbox 1206 2815 1250 2842; x_wconf 92' lang='lat' dir='ltr'><strong>ubi</strong></span> <span class='ocrx_word' id='word_1_636' title='bbox 1269 2814 1334 2841; x_wconf 86' lang='lat' dir='ltr'><strong>mihi</strong></span> <span class='ocrx_word' id='word_1_637' title='bbox 1352 2815 1408 2849; x_wconf 82' lang='lat' dir='ltr'><strong>ipse</strong></span> <span class='ocrx_word' id='word_1_638' title='bbox 1423 2821 1476 2841; x_wconf 91' lang='lat' dir='ltr'><strong>non</strong></span> <span class='ocrx_word' id='word_1_639' title='bbox 1496 2813 1650 2842; x_wconf 82' lang='lat' dir='ltr'><strong>satisfacio:</strong></span> 
     </span>
    </p>
   </div>
   <div class='ocr_carea' id='block_1_52' title="bbox 55 2856 1649 2899">
    <p class='ocr_par' dir='ltr' id='par_1_52' title="bbox 55 2856 1649 2899">
     <span class='ocr_line' id='line_1_52' title="bbox 55 2856 1649 2899; baseline 0.006 -20"><span class='ocrx_word' id='word_1_640' title='bbox 55 2859 94 2882; x_wconf 78' lang='lat' dir='ltr'><strong>nec</strong></span> <span class='ocrx_word' id='word_1_641' title='bbox 105 2856 168 2885; x_wconf 80' lang='lat' dir='ltr'><strong>enim</strong></span> <span class='ocrx_word' id='word_1_642' title='bbox 181 2859 245 2887; x_wconf 87' lang='lat' dir='ltr'><strong>mihi</strong></span> <span class='ocrx_word' id='word_1_643' title='bbox 261 2861 425 2896; x_wconf 80' lang='lat' dir='ltr'><strong>persuadere</strong></span> <span class='ocrx_word' id='word_1_644' title='bbox 440 2869 565 2897; x_wconf 79' lang='lat' dir='ltr'><strong>possunt,</strong></span> <span class='ocrx_word' id='word_1_645' title='bbox 587 2863 620 2890; x_wconf 86' lang='lat' dir='ltr'><strong>ab</strong></span> <span class='ocrx_word' id='word_1_646' title='bbox 636 2862 696 2891; x_wconf 84' lang='lat' dir='ltr'><strong>aliis</strong></span> <span class='ocrx_word' id='word_1_647' title='bbox 709 2863 853 2899; x_wconf 86' lang='lat' dir='ltr'><strong>probatum</strong></span> <span class='ocrx_word' id='word_1_648' title='bbox 869 2863 914 2896; x_wconf 90' lang='lat' dir='ltr'><strong>iri,</strong></span> <span class='ocrx_word' id='word_1_649' title='bbox 930 2863 1000 2899; x_wconf 83' lang='lat' dir='ltr'><strong>quod</strong></span> <span class='ocrx_word' id='word_1_650' title='bbox 1018 2863 1196 2899; x_wconf 79' lang='lat' dir='ltr'><strong>mihimctipsi</strong></span> <span class='ocrx_word' id='word_1_651' title='bbox 1205 2863 1354 2899; x_wconf 75' lang='lat' dir='ltr'><strong>displiceat.</strong></span> <span class='ocrx_word' id='word_1_652' title='bbox 1372 2862 1464 2897; x_wconf 83' lang='lat' dir='ltr'><strong>Itaque</strong></span> <span class='ocrx_word' id='word_1_653' title='bbox 1476 2870 1536 2890; x_wconf 86' lang='lat' dir='ltr'><strong>cum</strong></span> <span class='ocrx_word' id='word_1_654' title='bbox 1553 2870 1649 2898; x_wconf 77' lang='lat' dir='ltr'><strong>pet-pc—</strong></span> 
     </span>
    </p>
   </div>
  </div>
