1897 3052
197 141 252 173 4³19
718 140 928 171 LAURENTII
955 141 1082 171 SIFANI
1100 141 1307 172 PRlEFATIO.
1788 136 1853 171 480

198 204 275 226 tuum
293 197 319 225 in
337 197 523 226 convertendo
543 204 644 224 morem
660 203 770 225 scrvare
781 198 867 230 soleo,
878 203 969 225 utnon
985 201 1047 225 ante
1063 205 1171 233 pergam
1187 206 1268 234 opere
1280 199 1414 231 instituto,
1430 206 1511 234 quant
1525 199 1623 233 prioris
1640 199 1693 226 dici
1721 197 1853 226 labores

201 252 397 280 recognovcro,
415 249 442 272 et
457 252 543 279 usque
558 251 590 271 eo
607 252 762 278 correxero,
777 249 806 272 ut
822 245 913 272 animo
930 252 990 272 meo
1005 245 1096 279 aliquo
1111 245 1192 272 modo
1209 246 1335 273 satisﬁat.
1356 245 1394 273 Ac
1409 253 1563 280 quanquatn
1579 245 1642 272 mihi
1657 252 1712 272 non
1730 243 1853 277 ubique

200 291 319 320 satiSfeci
354 292 411 326 (qui
432 291 503 317 enitn
520 290 669 325 potuissem
686 291 712 318 in
730 291 764 320 iis
781 292 861 324 locis,
875 291 920 318 ubi
937 296 1066 326 corrupto
1081 293 1189 326 penitus
1203 299 1235 319 ac
1249 292 1373 319 tnutilato
1388 291 1544 326 apograplio
1555 291 1739 325 conjecturas
1759 286 1853 322 sequi

202 346 315 366 necesse
330 337 411 364 habui
425 337 459 373 ?),
476 337 559 364 malui
576 341 667 364 tamen
684 345 713 365 re
726 343 853 373 suscepta
871 338 949 365 fidem
962 345 1051 365 meam
1068 339 1196 370 liberare,
1211 346 1262 366 nec
1273 339 1413 366 hominum
1427 338 1662 373 exspectationem
1678 334 1853 368 frustrari,

203 387 230 411 et
249 384 351 418 aliquid
367 384 458 418 potius
472 383 498 410 in
519 387 596 417 parte
611 383 713 418 operis,
727 384 799 419 quod
817 384 964 418 aliquando
979 384 1125 417 sarciatur,
1153 385 1245 411 minus
1260 383 1380 418 probari,
1394 391 1475 418 quam
1493 387 1579 410 totum
1594 390 1664 417 opus
1683 382 1738 409 diu
1763 379 1855 407 desi—

205 430 307 457 derari.
323 429 435 457 llabctis
456 430 537 457 simul
555 430 700 457 c0nsilium
717 437 806 456 meum
821 429 848 456 in
865 430 1039 464 suscipienda
1052 437 1092 462 re,
1110 435 1134 458 et
1154 437 1183 457 re
1198 433 1337 464 suscepta,
1352 436 1465 456 causam
1479 437 1529 456 cur
1543 433 1598 456 tam
1615 436 1679 456 sero
1692 434 1777 462 opus
1798 425 1857 451 ab—

201 476 321 504 solutum
349 479 431 509 atque
448 475 599 511 perfectum
620 475 735 510 prodeat
762 475 790 502 in
817 477 916 502 lucem.
940 475 1007 502 Cum
1024 475 1108 510 igitur
1125 476 1200 510 operi
1214 475 1270 510 jam
1289 475 1484 510 propemodum
1502 474 1565 502 ﬁnis
1579 474 1732 509 itnpositus
1752 475 1855 504 esset,

204 526 286 555 atque
301 527 352 555 ego
368 527 473 547 tnecum
486 520 665 547 deliberarem
679 525 761 555 atque
773 520 957 547 consultaretn
973 528 1054 555 quem
1072 521 1115 548 his
1135 520 1276 547 laboribus
1292 520 1360 548 meis
1375 520 1550 554 potissimum
1571 519 1733 554 deligerent-
1744 522 1856 552 patra-

202 574 279 597 nutu,
297 565 394 592 amicis
409 565 470 591 aliis
490 565 681 599 alios,eosque
695 565 879 599 amplissimos
889 565 999 599 quidem
1014 565 1098 598 viros,
1114 565 1160 593 sed
1176 565 1339 599 quibuscum
1357 565 1422 592 mihi
1434 565 1506 591 nulla
1517 565 1714 600 propemodum
1738 562 1854 590 notitia

203 613 399 644 intercederet,
431 613 669 648 proponentibus:
699 619 749 647 ego
776 620 838 640 cum
870 613 990 647 ineptum
1012 617 1038 640 et
1054 614 1239 648 importunum
1257 620 1318 639 esse
1339 612 1507 647 judicabam,
1524 620 1686 646 magnorum
1706 611 1855 638 virorum

202 668 354 695 eorumque
368 660 533 695 ignotorum,
547 663 574 686 et
588 659 620 686 ad
637 667 707 694 quos
722 660 825 686 nullum
847 659 909 694 quis
923 659 1025 686 aditum
1044 659 1150 691 habeat,
1170 659 1304 686 amicitias
1322 663 1459 694 appetere,
1476 666 1507 686 ac
1523 666 1584 686 sese
1601 666 1656 686 non
1674 658 1769 685 modo
1786 664 1857 684 ser-

204 706 303 737 viliter,
319 713 411 732 verum
431 705 513 732 etiam
531 705 703 740 impudenter
717 706 860 732 insinuare
877 714 884 732 :
898 710 954 732 tntn
971 713 1038 732 mea:
1055 710 1160 732 natura:
1175 709 1258 740 atque
1283 705 1391 740 ingenio
1407 705 1532 731 videbam
1552 711 1609 731 rem
1632 712 1693 732 esse
1711 704 1858 731 maxime

204 754 348 781 adversam
363 758 389 781 ct
403 754 554 782 inimicam.
569 754 659 789 Atque
677 754 749 782 haud
766 755 925 790 ignorabam
937 762 993 787 eos,
1013 755 1113 790 quibus
1134 755 1235 790 ignotis
1254 754 1386 789 ejusmodi
1403 754 1491 782 Itonos
1508 754 1636 785 habetur,
1652 760 1707 779 non
1726 752 1857 786 absque

205 810 288 829 causa
301 802 437 837 suspicari
453 802 541 830 solere
558 810 635 830 suam
648 803 682 829 ab
698 802 857 830 hominibus
871 803 1036 837 importunis
1052 802 1268 830 munificentiam
1285 807 1367 837 atque
1381 802 1569 829 liberalitatem
1593 799 1740 828 sollicitari
1764 807 1773 826 :
1801 798 1857 825 sed

205 848 227 874 si
243 849 305 883 quis
323 849 455 876 beneficio
470 848 584 876 allectus
597 849 680 875 animi
701 849 744 876 sui
762 849 956 883 gratitudinem
971 849 1112 877 declarare
1124 849 1242 881 studeat,
1252 856 1314 876 eum
1335 855 1389 876 non
1407 848 1488 875 modo
1505 856 1560 875 non
1574 847 1725 878 oﬂ'endere,
1741 851 1855 872 verum

205 895 287 922 etiam
302 894 421 928 laudem,
436 894 458 921 si
469 894 536 921 nihil
549 894 621 922 aliud
639 894 770 929 proficiat,
785 894 818 922 ab
835 894 993 922 hominibus
1006 894 1077 922 ferre
1091 895 1190 922 solere.
1205 893 1270 928 Quae
1285 902 1347 921 cum
1361 894 1453 921 anitno
1464 894 1605 929 agitarem,
1623 898 1705 928 atque
1723 891 1857 926 perple-

207 948 258 968 xus
276 941 404 969 haererem
421 941 464 968 cui
481 941 531 969 hos
549 949 624 969 meos
650 941 760 969 labores
775 941 878 976 absque
890 941 1043 970 offensione
1071 947 1153 978 atque
1177 942 1377 969 obtrectatione
1392 942 1552 976 cuiusquam
1580 941 1739 968 dedicarem
1773 940 1852 975 (nan

207 986 280 1012 cnim
297 986 443 1013 convenire
456 993 506 1013 nec
519 986 647 1022 expedire
661 986 814 1019 videbatur,
824 986 924 1014 librum
936 987 1041 1022 absque
1056 992 1171 1022 patrono
1180 992 1262 1022 atque
1275 987 1419 1015 defensore
1430 987 1560 1022 judicium
1571 987 1710 1014 hominum
1725 986 1852 1014 subire.

208 1034 360 1068 praesertim
377 1034 456 1068 cujus
475 1039 572 1062 auctor
585 1035 668 1062 etiam
685 1042 758 1062 nunc
773 1039 930 1070 superesset
945 1044 951 1062 :
976 1037 1076 1071 quippe
1091 1043 1152 1063 cum
1181 1035 1233 1063 vivi
1261 1036 1349 1070 magis
1372 1043 1452 1070 quam
1476 1036 1576 1062 mortui
1593 1035 1702 1062 invidia:
1717 1034 1850 1062 obnoxii

207 1081 293 1107 simus
306 1085 334 1107 et
346 1081 566 1109 obtrectantibus
578 1082 748 1117 opportuni),
767 1089 815 1109 vos
830 1081 895 1108 mihi
909 1082 936 1108 in
952 1083 1059 1117 primis,
1073 1087 1102 1109 ut
1116 1090 1166 1118 par
1179 1087 1233 1114 est,
1248 1083 1275 1110 in
1290 1088 1409 1110 mentem
1422 1082 1547 1114 venistis,
1565 1081 1664 1116 quibus
1680 1089 1738 1108 non
1757 1081 1853 1108 modo

208 1130 321 1162 propter
335 1133 438 1160 vetera,
451 1135 544 1155 verum
563 1128 645 1155 etiant
664 1128 699 1155 ob
714 1128 834 1156 recentia
853 1129 962 1160 merita,
987 1130 1044 1156 imo
1067 1137 1134 1156 vero
1150 1133 1262 1164 propter
1279 1134 1438 1164 perpetuam
1461 1135 1524 1163 erga
1548 1135 1591 1155 tne
1620 1127 1850 1155 beneficentiam

209 1177 288 1207 atque
303 1173 500 1206 liberalitatem,
517 1174 638 1200 omnium
653 1173 730 1208 longe
745 1174 894 1209 plurimum
917 1173 1054 1201 deberem.
1069 1174 1128 1202 Non
1155 1182 1197 1202 me
1219 1174 1351 1209 praeterit,
1381 1173 1498 1201 auribus
1527 1173 1624 1200 vestris
1647 1173 1794 1208 ingratam
1822 1175 1850 1198 et

208 1218 386 1253 Eajucundam
405 1227 468 1246 esse
497 1219 670 1246 immodicam
689 1227 721 1247 ac
735 1220 846 1247 nimiam
867 1220 1039 1247 liberalitatis
1053 1224 1150 1248 vestrae
1181 1220 1399 1255 pra‘dicationcm
1420 1228 1427 1246 :
1449 1226 1542 1246 verum
1557 1219 1629 1250 date,
1644 1226 1749 1253 quaeso,
1769 1217 1851 1243 hanc

208 1265 317 1292 veniant
333 1265 410 1297 tnihi,
427 1265 471 1292 cui
489 1265 556 1292 nihil
574 1273 692 1300 unquam
708 1267 808 1301 petenti
824 1266 991 1302 denegastis,
1006 1266 1053 1293 sed
1074 1267 1191 1300 plurima
1214 1273 1267 1293 non
1285 1266 1386 1300 petenti
1402 1266 1546 1297 tribuistis,
1562 1270 1592 1291 ut
1605 1264 1770 1292 summatim
1787 1264 1845 1290 sal‘

209 1315 264 1338 tem
277 1311 303 1338 in
325 1319 367 1338 ntc
379 1312 477 1338 collata
496 1312 628 1339 beneficia
645 1318 733 1340 vestra
750 1321 919 1349 percurram.
935 1313 1002 1341 Nam
1027 1314 1112 1348 patris
1130 1314 1224 1345 vestri,
1248 1313 1408 1348 amplissimi
1426 1317 1507 1348 atque
1522 1313 1617 1347 optimi
1647 1312 1709 1343 viri,
1736 1312 1769 1338 in
1803 1319 1851 1337 me

210 1363 319 1383 summa
331 1357 431 1383 collata
448 1357 591 1389 beneﬁcia,
611 1359 664 1386 alio
685 1359 743 1386 loao
760 1359 868 1386 abunde
884 1359 952 1386 satis
967 1359 1190 1392 commemorari,
1209 1366 1265 1393 quo
1280 1360 1333 1386 vita
1351 1359 1490 1390 defuncto,
1508 1366 1557 1385 vos
1572 1365 1626 1384 non
1642 1357 1723 1384 modo
1749 1356 1849 1383 facul-

210 1408 296 1430 tatum
309 1409 336 1430 et
351 1412 432 1439 opum
447 1405 520 1432 illitis
535 1405 656 1432 hatredes
673 1406 828 1438 exstitistis,
843 1414 937 1433 verum
954 1406 1035 1432 etiam
1052 1406 1183 1433 virtutum
1208 1411 1235 1433 et
1258 1406 1430 1433 liberalitatis
1453 1405 1479 1432 in
1500 1405 1596 1440 primis
1615 1404 1773 1431 imitatores
1792 1403 1850 1429 fui-

211 1449 262 1476 stis
281 1458 288 1477 :
305 1454 452 1484 qua-tanta
467 1452 571 1478 exstitit
594 1460 658 1487 erga
679 1460 731 1483 me,
754 1457 783 1479 ιιι
804 1453 877 1480 illius
896 1454 997 1479 mortui
1016 1452 1208 1480 liberalitatem
1231 1457 1313 1487 atque
1338 1451 1551 1479 munificentiam
1575 1451 1646 1478 haud
1670 1457 1848 1485 magnopere

212 1497 404 1524 desiderarim.
420 1498 500 1532 Nam,
515 1500 696 1534 utsupcriora
717 1505 886 1534 prmtcream,
906 1508 966 1534 qua:
992 1500 1145 1534 frequentia
1169 1506 1251 1534 atque
1274 1499 1394 1534 ingentia
1419 1499 1539 1532 fuerunt,
1562 1498 1680 1533 primum
1702 1504 1753 1523 vos
1778 1499 1848 1522 ante

213 1542 366 1576 biennium,
389 1551 449 1571 cutn
478 1545 505 1571 in
530 1546 580 1573 hoc
601 1553 683 1581 opere
709 1555 841 1578 versarer,
867 1548 933 1574 nihil
949 1547 1001 1574 tale
1018 1556 1072 1574 non
1090 1547 1170 1574 modo
1189 1547 1299 1581 pclcnti,
1316 1554 1409 1574 verum
1425 1547 1507 1573 etiam
1527 1554 1560 1573 ue
1574 1544 1704 1580 cogitanti
1725 1543 1845 1578 quidem

213 1588 312 1615 bonam
331 1589 452 1622 pecunia:
478 1598 612 1617 summam
636 1591 700 1618 tnihi
729 1592 898 1626 suppeditari
924 1600 956 1619 ac
983 1592 1189 1619 subministrari
1219 1592 1337 1618 curastis
1355 1599 1363 1618 :
1383 1591 1490 1623 deinde,
1507 1588 1846 1624 cumjamliberalitatcut

212 1637 332 1661 vestram
345 1634 426 1662 citius
444 1634 582 1669 fatigamur
594 1643 655 1663 esse
667 1637 823 1670 suspicatus
847 1637 970 1669 fuissem,
986 1644 1067 1671 qttam
1100 1637 1203 1670 aliquid
1228 1636 1362 1671 ejusmodi
1379 1643 1501 1670 sperare,
1523 1635 1620 1661 nedum
1637 1640 1739 1668 petere,
1752 1640 1846 1660 ausus

213 1688 314 1712 essent,
331 1685 394 1707 ante
410 1688 514 1715 paucos
526 1689 635 1709 menses
647 1683 800 1717 praeteritos
811 1690 888 1717 alque
904 1691 1001 1717 magna
1015 1687 1096 1717 atque
1112 1682 1222 1709 biennio
1240 1687 1304 1710 ante
1318 1691 1360 1710 me
1372 1690 1477 1710 summa
1492 1680 1762 1720 pecunimldonastis.
1779 1680 1845 1712 Quo

214 1726 346 1753 beneflcio
370 1731 492 1760 tempore
522 1729 783 1762 opportunissimoa
799 1730 877 1756 vobis
891 1734 1015 1765 accepto,
1034 1737 1095 1756 cum
1113 1729 1239 1755 videlicet
1266 1729 1444 1756 deliberarem
1474 1736 1553 1762 quem
1583 1727 1756 1762 potissimum
1778 1727 1844 1753 huic

213 1771 303 1805 parttti
320 1779 380 1799 meo
400 1776 516 1800 tutorem
533 1781 565 1801 ac
585 1774 756 1802 defensorem
776 1783 913 1810 pararem,
934 1777 1025 1803 omnis
1051 1775 1185 1802 dubitatio
1207 1776 1402 1810 cuuctatioquc
1419 1775 1485 1801 tnihi
1503 1764 1697 1809 propemodum
1712 1778 1842 1808 exempta

213 1821 256 1843 est
274 1825 281 1843 :
298 1825 359 1844 nam
377 1818 496 1845 restabat
512 1819 594 1847 etiatn
609 1828 683 1848 nunc
701 1822 847 1856 scrupulus
865 1830 946 1849 unus.
968 1821 1100 1854 Quoniam
1116 1821 1197 1847 etiam
1215 1820 1345 1852 sciebam,
1363 1828 1417 1855 quo
1434 1821 1524 1847 minus
1539 1818 1678 1854 appetitis,
1696 1826 1729 1846 eo
1745 1819 1844 1853 plures

213 1863 412 1891 vobishonores
422 1865 532 1898 deferri,
541 1873 572 1906 ac
582 1867 681 1895 multos
693 1867 817 1895 homines
823 1869 917 1896 doctos
924 1869 1001 1895 vobis
1010 1875 1074 1896 suos
1085 1867 1190 1894 labores
1203 1872 1284 1902 atque
1296 1867 1498 1894 lucubrationes
1511 1866 1662 1899 dedicasse,
1671 1865 1843 1894 subverebar

216 1916 251 1936 ne
269 1910 375 1937 animos
391 1914 496 1938 vestros
514 1911 613 1939 talibus
625 1913 712 1947 epulis
728 1914 843 1941 satiatos
857 1919 938 1948 atque
955 1913 1074 1948 repletos
1085 1913 1275 1946 intempestiva
1285 1913 1471 1940 benevolentia
1483 1912 1646 1940 offenderent
1661 1912 1743 1939 cititts
1756 1919 1840 1946 quam

214 1953 267 1980 hoc
281 1961 380 1988 genere
393 1955 473 1982 ofﬁcii
490 1957 605 1990 gratiam
621 1965 636 1984 a
654 1958 732 1986 vobis
749 1957 859 1986 inirem.
872 1958 925 1986 Sed
943 1963 1033 1986 tatnen
1053 1966 1115 1985 cum
1128 1958 1307 1992 liberabsquc
1322 1963 1438 1993 patrono
1450 1958 1563 1985 omnino
1579 1965 1632 1984 non
1646 1957 1840 1992 divulgandus,

219 2007 269 2027 nec
284 2000 424 2027 hominum
437 2000 543 2036 judicio
558 2003 730 2038 objiciendus
743 2012 806 2032 esse
823 2005 971 2036 videretur,
984 2008 1010 2031 et
1026 2012 1080 2031 non
1092 2004 1161 2031 satis
1173 2003 1217 2033 [tie
1236 2010 1285 2030 nec
1302 2008 1376 2030 recte
1390 2011 1432 2030 me
1447 2003 1582 2030 facturum
1601 2010 1663 2030 esse
1673 2003 1839 2036 judicaretur,

221 2046 243 2073 si
258 2046 335 2073 vobis
353 2048 498 2080 pra-teritis
515 2048 583 2076 alios
598 2049 663 2076 mihi
678 2053 807 2084 patronos
821 2058 970 2084 qua‘rcrem
986 2052 1050 2084 (non
1067 2051 1140 2078 cnim
1156 2056 1317 2078 creterorum
1333 2049 1472 2076 hominum
1488 2048 1582 2076 cadent
1601 2056 1661 2083 quae
1673 2053 1762 2075 vestra
1777 2052 1841 2076 sunt

226 2093 323 2126 lltlit’la)
334 2093 416 2121 malui
427 2094 451 2121 iu
466 2095 534 2121 hanc
548 2099 648 2130 partem
659 2104 779 2131 peccare,
790 2105 870 2132 quam
879 2097 1005 2131 cuiquam
1015 2097 1102 2124 minus
1113 2097 1236 2132 prudenti
1246 2104 1298 2124 non
1313 2097 1380 2124 satis
1390 2100 1484 2130 gratus
1501 2094 1597 2122 videri.
1608 2094 1667 2122 Non
1680 2096 1752 2122 enim
1764 2095 1840 2121 video

215 2146 265 2166 ncc
286 2147 394 2173 sperare
407 2148 514 2174 possunt
535 2141 592 2168 fore
606 2142 753 2176 aliquando
766 2147 882 2177 tempus,
901 2150 955 2177 quo
967 2143 1020 2169 alio
1032 2143 1111 2170 ollicii
1132 2151 1231 2177 genere
1244 2146 1325 2177 atque
1341 2142 1403 2173 hoc,
1417 2145 1507 2169 vestra
1525 2142 1654 2168 bencticia
1672 2141 1838 2168 remunerari

215 2185 330 2219 passim,
363 2186 464 2220 quippe
484 2195 546 2213 ctnn
568 2187 634 2213 nihil
654 2188 719 2214 mihi
748 2192 872 2223 suppetat
903 2193 1001 2223 pnetcr
1027 2189 1206 2215 voluntatem.
1235 2187 1293 2215 lluc
1314 2188 1419 2215 accedit
1438 2187 1510 2222 quod
1530 2187 1656 2213 videbam
1673 2186 1746 2213 haud
1761 2186 1839 2213 facile

216 2230 286 2257 alios
310 2238 344 2257 ex
375 2239 489 2258 numero
507 2233 656 2258 amicorum
678 2238 776 2266 pra-ter
793 2241 840 2260 vos
860 2242 901 2260 tne
919 2234 1039 2269 rcpcrire
1060 2241 1151 2268 posse,
1175 2234 1220 2268 qui
1239 2241 1300 2260 cutn
1320 2237 1430 2268 propter
1442 2233 1584 2267 utriusque
1600 2232 1697 2266 lingua:
1713 2232 1837 2267 peritiam

218 2278 289 2306 haud
309 2280 444 2314 vulgarem
462 2280 563 2314 optime
590 2281 623 2307 de
648 2281 804 2314 bujusmndi
834 2282 943 2316 scriptis
969 2282 1094 2316 judicare
1111 2285 1230 2315 possent,
1258 2285 1314 2308 tntn
1341 2280 1456 2308 candide
1470 2285 1552 2314 atque
1569 2280 1677 2307 sincere
1690 2278 1836 2312 judicaturi

219 2329 320 2352 rsscnt.
336 2325 519 2358 Quamobrem
534 2335 549 2354 a
563 2327 639 2355 vobis
657 2336 705 2363 pro
722 2332 811 2355 vestra
831 2328 858 2355 in
879 2336 920 2356 tnc
936 2333 1065 2362 perpetua
1079 2335 1110 2354 ac
1128 2327 1244 2354 maxima
1257 2327 1443 2354 benevolentia
1458 2326 1589 2360 majorem
1609 2325 1635 2351 in
1655 2325 1766 2351 modum
1780 2327 1838 2358 peto

218 2379 375 2407 quzcsoquc,
391 2377 419 2399 ut
431 2372 503 2401 hunc
521 2381 631 2408 parvum
645 2379 671 2401 et
685 2374 812 2407 exiguum
831 2378 948 2407 partum,
963 2380 1043 2407 quem
1057 2372 1134 2400 vobis
1151 2373 1177 2399 in
1194 2373 1346 2399 clientelam
1362 2375 1389 2399 et
1407 2371 1485 2398 fidem
1501 2371 1673 2402 commendo,
1688 2370 1723 2398 ab
1743 2369 1838 2398 invidis

219 2418 292 2446 omni
312 2426 364 2453 ope
377 2419 459 2452 tueri,
473 2427 489 2446 a
503 2420 749 2447 calumniatoribus
764 2424 789 2446 ct
803 2418 1035 2447 obtrectatoribus
1054 2417 1182 2445 omnibus
1200 2419 1303 2445 viribus
1319 2417 1467 2445 defendere
1483 2416 1572 2444 velitis
1593 2425 1600 2443 :
1617 2416 1665 2451 qui
1682 2415 1704 2443 si
1727 2423 1742 2442 a
1766 2416 1838 2442 vobis

218 2465 316 2501 dignus
342 2464 479 2499 judicatus
507 2465 587 2492 fuerit
611 2473 690 2500 quem
714 2464 926 2499 amplectamini,
952 2471 1032 2498 quem
1064 2463 1090 2490 in
1114 2463 1244 2490 familiam
1273 2468 1390 2491 vestram
1427 2462 1566 2497 recipiatis
1581 2466 1662 2496 atque
1677 2461 1802 2494 foveatis,
1817 2461 1836 2487 si

222 2513 380 2540 hominibus
401 2514 453 2547 piis
468 2519 493 2540 et
505 2513 639 2540 studiosis
654 2512 802 2548 aliquando
819 2512 895 2539 utilis
915 2510 1007 2542 fuerit,
1025 2511 1093 2538 nihil
1111 2511 1178 2538 mihi
1203 2511 1265 2538 istic
1289 2510 1443 2542 vindicabo,
1472 2510 1500 2536 in
1518 2516 1568 2537 vos
1586 2516 1683 2536 omnes
1696 2507 1838 2542 menmjus

219 2559 366 2590 transfero,
380 2566 497 2592 quormn
514 2558 613 2593 opibtts
629 2559 740 2593 adjutus
756 2563 781 2584 et
796 2561 977 2590 sustentatus,
996 2557 1069 2584 hunc
1086 2556 1178 2584 fictum
1196 2556 1312 2590 produxi
1339 2565 1346 2582 ι
1374 2556 1421 2590 qui
1436 2555 1526 2583 sicubi
1542 2554 1693 2582 deformior
1717 2555 1838 2581 minusve

221 2604 356 2640 pet-fectus
372 2609 399 2631 et
426 2605 452 2631 in
474 2604 564 2638 aliqua
583 2609 658 2638 parte
675 2604 717 2631 sui
738 2602 848 2632 mutilus
864 2609 895 2629 ac
910 2602 1072 2637 depravatus
1090 2602 1257 2636 apparuerit,
1281 2601 1332 2628 hoc
1348 2601 1445 2636 partim
1462 2600 1537 2627 vitiis
1548 2600 1644 2627 matris
1655 2600 1766 2631 Graecae,
1782 2604 1838 2634 qua:

221 2652 287 2679 ιιὶὴί
302 2651 373 2678 haud
389 2652 545 2686 incorrupta
555 2651 700 2679 conciliata
716 2654 767 2682 est,
782 2649 954 2676 attribuitote
973 2658 980 2675 :
998 2649 1097 2684 partim
1115 2657 1181 2676 mea:
1194 2648 1364 2675 inbecillitati
1377 2648 1556 2683 assignatote,
1574 2655 1589 2674 a
1615 2654 1679 2681 quo,
1696 2649 1838 2680 superante

222 2698 293 2725 malo
307 2698 378 2725 vires
398 2702 424 2724 ct
441 2697 579 2732 ingenium
596 2697 720 2728 artilicis,
738 2696 828 2722 omnia
859 2695 959 2729 corrigi
986 2699 1013 2721 ct
1041 2694 1180 2721 emendari
1201 2702 1254 2720 non
1283 2698 1441 2728 potuerunt.
1460 2693 1527 2720 Nam
1543 2693 1565 2721 si
1581 2694 1643 2727 quis
1672 2692 1792 2726 iniquior
1814 2697 1837 2718 ct

223 2743 370 2776 malignior
386 2742 469 2775 judex
492 2745 559 2773 haec,
574 2750 634 2776 qum
653 2741 686 2768 dc
704 2741 798 2768 matris
815 2740 913 2767 Graeca:
932 2740 1004 2766 vitiis
1018 2740 1090 2771 dico,
1110 2740 1201 2767 minus
1220 2739 1327 2766 sincera
1343 2745 1425 2774 atque
1439 2739 1544 2773 integra
1560 2738 1612 2765 fide
1631 2745 1645 2764 a
1670 2745 1712 2764 me
1727 2737 1835 2772 proferri

224 2790 418 2824 suspicabitur.
434 2790 580 2824 producam
607 2797 701 2817 eurum
715 2796 775 2824 quac
792 2789 853 2815 dico
871 2787 1117 2822 locupletissimum
1138 2791 1244 2818 testem,
1276 2787 1458 2814 clarissimum
1485 2785 1730 2818 doetissimumque
1755 2783 1836 2809 virutn

225 2836 253 2863 D.
271 2835 402 2863 Joannem
422 2836 585 2863 Samliucum
604 2837 771 2864 Pannonium
790 2846 793 2860 :
827 2835 853 2862 in
870 2835 927 2869 r-jus
942 2834 1012 2862 cnim
1038 2837 1172 2868 potestate
1189 2833 1282 2860 matris
1306 2833 1384 2860 istius
1403 2837 1526 2867 parentes
1546 2835 1618 2864 sunt,
1637 2835 1662 2858 ct
1677 2829 1834 2860 clarissima,
