1897 3052
51 145 92 178 ist
556 140 765 171 LAURENTII
781 138 908 169 SIFANI
923 139 1130 171 PREFATIO.
1599 143 1653 175 432

52 198 194 234 gravissima
210 197 419 233 ﬂrtnissimaque
430 201 538 224 exstant
555 203 661 227 eorum,
676 201 736 228 qua:
750 193 823 225 dico,
846 194 923 228 signa
940 197 1021 228 atque
1044 194 1217 222 documenta.
1233 194 1294 223 [huc
1310 203 1357 223 vos
1385 195 1487 230 ideirco
1503 199 1653 225 monendos

53 245 239 280 essejudicavi,
253 249 282 271 ιιι
297 244 490 272 instructiores
505 243 567 270 sitis
585 241 716 268 adversus
731 247 778 267 eos
797 240 842 274 qui
859 240 941 267 istum
958 239 1053 267 ftetum
1073 241 1211 268 voluerint
1230 242 1388 277 impugnare
1402 262 1409 273 ,
1431 250 1494 269 nam
1520 249 1650 278 quantum

51 292 72 319 in
87 299 123 317 me
139 290 199 322 fuit,
213 290 280 317 nulli
298 298 349 318 nec
363 290 448 317 labori
465 297 515 316 nec
531 288 678 323 diligentiae
694 287 720 314 in
736 294 768 314 co
788 286 914 321 fingendo
929 290 1011 321 atque
1028 287 1171 314 formamlo
1185 296 1304 322 unquam
1322 289 1439 323 peperci.
1458 288 1527 321 Quid
1546 289 1653 324 praesti-

49 336 115 363 terim
143 335 240 370 quidve
266 340 410 363 assecutus
434 335 497 367 situ,
520 334 651 369 quoniatn
675 337 784 360 exstant
813 333 977 360 documenta
1007 332 1100 361 Graece
1128 338 1210 369 atque
1239 334 1345 366 Latine,
1377 339 1458 370 atque
1486 335 1554 362 adeo
1573 339 1654 362 crete-

50 388 128 408 rorum
143 380 282 408 hominum
301 381 445 416 utriusque
458 381 557 416 lingua!
570 381 731 414 peritorum,
745 378 768 405 si
784 377 912 406 vitiorum
926 378 1008 406 modo
1018 381 1175 406 memorata:
1184 379 1278 406 matris
1288 378 1388 407 Graeca:
1402 379 1533 406 rationetn
1552 379 1654 407 habue-

50 429 107 460 ritis,
121 428 222 462 judicio
242 429 380 463 permitto.

76 473 146 505 Quod
163 473 260 501 attinet
274 473 309 500 ad
323 474 456 501 rationem
473 477 638 509 temporttm,
663 473 764 509 quibus
780 472 877 500 vixerit
892 471 1114 508 Theophylactus
1131 471 1265 507 Bulgaria:
1281 472 1514 508 archiepiscopus,
1529 472 1651 500 nondum

49 519 103 546 mihi
129 519 194 546 satis
211 525 339 546 constare
363 520 473 553 potuit:
490 523 520 546 ut
543 522 614 547 enim
641 519 778 553 conjicere
801 525 922 552 possum,
947 518 1039 553 plures
1055 518 1106 546 hoc
1128 519 1238 547 nomine
1250 519 1370 547 fuerunt.
1390 519 1456 546 Nam
1473 519 1653 555 Nieephorus.

50 563 229 591 Ecclesiastictz
246 564 375 592 Historia
391 565 436 592 lib.
454 573 508 597 xuv,
523 573 583 601 cap.
602 566 646 597 39,
663 565 708 592 ubi
722 565 754 592 de
768 565 947 592 translatione
962 564 1064 598 aliquot
1078 565 1267 600 episcoporum
1291 565 1357 599 agit,
1375 565 1475 592 Basilio
1495 562 1652 600 Porpher-

49 617 146 645 graneta
163 610 401 646 Constantinopoli
419 613 581 647 imperante,
599 612 832 648 Theophylactum
855 612 1001 646 quetndatu
1019 611 1152 640 Sebastiaa
1173 612 1344 647 episcopum-
1358 612 1468 639 Rosiam
1488 612 1651 638 translatum

49 665 99 684 esse
111 657 213 684 scribit.
226 657 393 686 Wilhelmus
408 658 559 690 Liutlauus,
573 665 659 686 sacra:
673 658 817 693 theologia!
833 657 973 692 professor
987 657 1176 690 Lovaniensis,
1195 658 1221 684 in
1237 658 1413 692 chronologia
1432 665 1513 693 quam
1534 657 1566 683 ad
1580 657 1654 684 [ι-οιι-

49 709 92 731 ιι·ιιι
105 711 154 730 sum
169 703 309 738 Panoplire
322 705 457 739 apposuit,
472 703 703 738 Tlteophylactum
716 704 872 739 quemdam,
889 711 968 739 quem
991 703 1018 730 in
1032 703 1077 730 illa
1092 710 1140 730 sua
1157 702 1287 736 Pauoplia
1299 703 1370 730 inter
1385 708 1499 730 cteteros
1515 707 1652 730 auctorem

50 753 144 777 set-ntus
159 750 205 782 sit,
229 757 304 777 anno
326 758 341 777 ει
364 752 506 779 nativitatc
522 752 629 779 Domini
648 751 890 786 septingentesimo
915 750 1019 778 vixisse
1041 751 1187 786 significat,
1208 750 1255 777 sed
1277 750 1357 784 c'ujus
1373 750 1492 777 civitatis
1506 749 1651 784 cpiscopus

52 795 128 827 fuerit,
142 802 195 822 non
212 796 320 831 adjicit.
334 796 380 824 Est
398 801 487 824 autem
501 797 661 829 verisimile,
678 797 806 832 quoniam
823 797 926 824 nullius
942 796 1067 828 alterius,
1082 796 1153 831 quod
1165 796 1290 831 equidem
1307 796 1403 829 sciam,
1419 796 1519 830 scripta
1533 800 1653 828 exstant,

51 840 109 867 hunc
118 840 352 876 archiepiscopum
368 842 499 877 Bulgaria:
515 842 550 869 ab
564 842 609 869 illo
623 842 785 877 significari,
804 849 884 876 quem
903 842 985 868 etiam
1002 841 1133 869 Erasmus
1149 841 1334 876 Chrysostomi
1360 840 1576 868 abbreviatorem
1593 849 1654 868 esse

52 885 115 918 dixit,
133 891 158 913 et
172 887 269 915 titulus
287 888 369 923 hujus
386 889 476 923 operis
494 889 544 915 hoc
555 895 611 922 pra:
626 896 656 915 se
670 888 731 914 fert.
747 887 813 914 Nam
835 896 889 915 non
910 887 999 914 solum
1015 895 1047 914 ex
1066 886 1173 914 Joanne
1191 887 1399 922 Chrysostomo,
1412 895 1506 913 verum
1525 887 1605 918 etiam
1620 895 1652 914 ex

51 932 144 964 Basilio,
167 931 281 968 Cyrillo.
311 933 423 967 Severo,
435 940 467 962 et
482 935 621 963 nonnullis
635 934 707 965 aliis,
723 941 783 969 quae
796 934 829 961 ad
850 934 1018 968 propositum
1035 938 1061 962 et
1083 941 1138 960 rem
1160 933 1311 960 institutam
1326 933 1464 968 pertinere
1483 933 1653 966 viderentur,

50 978 182 1013 desumpsit
194 983 221 1006 ct
236 979 265 1006 in
278 987 362 1006 unttm
375 987 476 1015 corpus
491 981 628 1008 coutraxit
645 989 652 1008 :
673 987 754 1014 quam
768 987 823 1006 rem
841 986 894 1005 non
911 978 992 1006 modo
1010 987 1095 1013 genus
1108 978 1228 1009 dicendi,
1252 978 1275 1006 si
1290 978 1352 1013 quis
1377 978 1497 1005 anitmttn
1521 979 1655 1011 attendat,

51 1030 128 1050 rerum
142 1025 223 1051 etiam
244 1026 354 1052 nomina
371 1031 510 1053 auctorum
527 1026 555 1054 in
568 1026 690 1060 margine
706 1028 837 1051 annotata
852 1024 1006 1057 significant
1027 1028 1106 1059 atque
1124 1024 1272 1051 declarant.
1285 1024 1404 1051 Joannes
1417 1023 1657 1059 OEeolampadins,

50 1077 72 1107 in
85 1069 230 1103 pra-latione
244 1079 326 1106 quam
343 1072 469 1107 apposuit
483 1071 676 1107 ’l'hcophylacti
689 1075 805 1106 quatuor
821 1069 1025 1105 Evangeliorum
1043 1071 1206 1105 explication
1219 1070 1270 1098 btts
1282 1070 1316 1097 ab
1343 1078 1404 1098 sese
1422 1071 1572 1102 conversis,
1588 1070 1656 1097 nihl

51 1116 109 1143 aliud
122 1124 196 1150 quam
214 1117 291 1144 illum
310 1118 381 1145 inter
392 1118 499 1146 Gt'mcos
512 1118 651 1153 theologos
664 1120 840 1145 recentiorem
851 1117 936 1144 fuisse
944 1116 1088 1150 significat,
1112 1116 1158 1143 sed
1174 1117 1246 1143 haud
1264 1116 1339 1143 falsis
1351 1124 1412 1143 enm
1424 1116 1550 1145 laudibus
1565 1123 1655 1149 ornat,

50 1169 106 1196 quas
118 1162 138 1189 si
154 1163 214 1197 quis
233 1155 357 1198 requirit,
375 1171 408 1190 ne
420 1163 454 1190 ab
468 1163 529 1191 aliis
540 1163 607 1191 bene
623 1162 695 1190 dicta
716 1162 781 1189 mihi
797 1169 859 1189 cum
869 1161 978 1189 fastidio
994 1161 1140 1196 legentium
1156 1167 1276 1196 repetere
1292 1170 1402 1189 necesse
1417 1163 1463 1195 sit,
1481 1163 1553 1190 illinc
1573 1168 1656 1198 petat,

52 1213 118 1241 atque
128 1208 206 1235 etiam
223 1217 258 1236 ex
272 1209 433 1244 prtefalione
445 1208 547 1236 Nicolai
565 1209 681 1240 Beraldi,
697 1216 756 1243 quae
773 1208 918 1243 praeposita
937 1212 979 1234 est
995 1206 1208 1235 Commentariis
1224 1208 1297 1235 illitis
1313 1207 1339 1234 in
1351 1208 1485 1243 Epistolas
1495 1209 1548 1236 divi
1563 1209 1654 1243 Pauli,

51 1261 61 1279 a
74 1253 263 1289 Christophoro
280 1254 410 1288 Porsena,
423 1255 557 1287 Romano,
577 1255 603 1282 in
617 1254 745 1281 Latinum
763 1261 915 1281 sermonem
930 1253 1072 1280 conversis
1086 1263 1092 1280 :
1114 1253 1160 1288 qui
1174 1254 1183 1289 (
1199 1254 1271 1289 quod
1290 1255 1426 1289 praeterire
1440 1263 1493 1282 non
1518 1263 1627 1290 possum
1647 1257 1656 1290 )

54 1307 61 1322 ι
79 1297 157 1325 Unum
181 1300 244 1333 hoc,
271 1300 368 1335 inquit,
399 1301 465 1328 satis
496 1305 613 1333 constat,
637 1301 664 1328 in
683 1301 725 1328 his
741 1299 952 1328 Commentariis
969 1299 1012 1334 pia
1028 1307 1089 1327 esse
1104 1301 1197 1328 omnia
1213 1305 1240 1328 ct
1260 1301 1411 1328 orthodoxa
1427 1301 1560 1337 longeque
1576 1303 1610 1329 ab
1622 1302 1656 1329 iis

51 1346 193 1372 dissidentia
211 1353 275 1380 qua:
289 1346 476 1382 theologorum
489 1347 585 1380 vulgus
602 1347 723 1381 quotidie
741 1353 841 1380 magno
861 1345 1009 1380 supercilio
1029 1345 1145 1372 indocta:
1164 1346 1248 1380 plebis
1270 1347 1383 1375 auribus
1404 1348 1534 1375 inculcat.
1551 1348 1657 1383 Ubique

54 1393 115 1419 enim
129 1394 309 1428 apostolicum
329 1398 423 1428 pectus
448 1401 503 1419 non
520 1393 602 1420 modo
628 1392 746 1427 explicat
771 1392 864 1427 operis
880 1392 963 1426 hujus
980 1397 1088 1424 auctor,
1101 1391 1148 1419 scd
1165 1393 1246 1418 etiam
1261 1393 1355 1424 refert,
1374 1393 1444 1427 sapit
1463 1400 1495 1420 ac
1507 1394 1603 1428 spirat,
1629 1394 1655 1421 ltl

53 1439 113 1473 quod
128 1447 205 1474 quatn
223 1440 319 1474 paucis
336 1439 432 1466 merito
448 1438 622 1466 tribuendum
640 1439 687 1470 sit,
713 1438 792 1465 facile
821 1439 966 1473 intelliget,
998 1439 1046 1472 qtti
1072 1439 1190 1466 novitios
1207 1439 1347 1473 theologos
1364 1439 1484 1473 antiquis
1502 1439 1565 1472 illis,
1593 1447 1655 1466 cutn

54 1484 142 1511 Latinis
163 1491 217 1512 tum
236 1485 350 1517 Graecis,
366 1486 561 1520 composuerit.
581 1497 590 1510 ι
613 1486 675 1512 Haec
690 1485 832 1512 Bcraldus.
846 1485 1073 1520 (Ecolampadius
1088 1485 1221 1520 prolixius
1233 1492 1264 1512 ac
1279 1485 1436 1520 singulatim
1462 1484 1656 1521 Theophylacti

54 1530 151 1558 virtutes
173 1531 346 1566 persequitur
363 1535 445 1566 atqtte
473 1535 606 1564 recenset.
625 1529 840 1565 Christophorus
851 1530 983 1563 Porsena.
1001 1531 1028 1557 in
1044 1538 1092 1558 sua
1107 1529 1267 1558 Praefatioue
1281 1530 1315 1557 ad
1330 1530 1436 1557 Sixtum
1451 1531 1484 1558 IV
1501 1531 1656 1566 pontiﬁci-tn

54 1576 199 1609 Romanum,
229 1577 428 1612 Theophylacti
463 1580 615 1611 temporum
646 1577 747 1604 nullam
781 1576 846 1604 facit
874 1577 1053 1603 mentionem.
1085 1575 1158 1603 Misit
1185 1576 1218 1602 ad
1249 1583 1299 1603 nos
1317 1575 1348 1602 Ι).
1365 1576 1484 1603 Joannes
1505 1576 1657 1604 Sambucus

53 1625 185 1652 orationem
200 1624 323 1652 Graecam
339 1625 389 1652 hac
403 1625 581 1659 inscriptione
598 1633 605 1651 :
622 1624 802 1659 θεοφυλάκτοι

922 1625 961 1656 εἰς
987 1624 1032 1650 τὸν
1051 1624 1242 1659 αὐτοκρατορα
1263 1624 1357 1659 κύριον
1393 1624 1510 1657 ’Λλέξιον
1536 1625 1582 1652 τὸν
1606 1626 1658 1652 Ko-

55 1672 148 1707 μνηνόν.
162 1672 238 1705 Quod
253 1673 276 1700 si
295 1672 318 1700 is
328 1676 371 1699 est
391 1677 484 1700 noster
503 1672 733 1707 Theophylactus,
745 1679 842 1707 nempe
855 1672 1080 1706 archiepiscoptts
1097 1671 1241 1706 Bulgaritc.
1255 1671 1311 1706 jam
1334 1679 1387 1699 non
1410 1672 1526 1707 amplius
1545 1671 1657 1699 dubium

54 1724 104 1744 esse
119 1722 201 1752 potest
216 1726 271 1753 quo
285 1722 406 1753 tempore
418 1711 524 1745 vixerit.
534 1717 689 1745 Nihilaliud
705 1725 753 1752 ego
764 1724 852 1752 neque
867 1717 900 1744 de
913 1717 967 1744 vita
984 1725 1071 1752 neqtte
1083 1717 1116 1744 de
1127 1718 1297 1752 temporibus
1312 1717 1394 1752 hujus
1409 1719 1495 1745 nostri
1514 1717 1658 1752 Theophy-

56 1763 107 1790 lacti
133 1765 275 1800 diligenter
292 1765 442 1792 scrutando
457 1770 539 1801 atque
552 1765 716 1800 inquirendo
731 1765 807 1800 potui
834 1765 967 1792 invenire.
989 1765 1066 1797 Quod
1093 1766 1226 1800 reliquum
1247 1769 1299 1798 est,
1315 1773 1362 1792 vos
1380 1765 1460 1792 etiam
1477 1770 1559 1800 atque
1576 1766 1657 1792 etiam

58 1819 112 1846 rogo
126 1821 156 1841 ac
171 1814 347 1842 vehementer
363 1817 437 1848 peto,
451 1818 480 1840 ut
495 1814 546 1840 hoc
560 1813 688 1848 exiguum
710 1817 792 1848 atque
808 1812 875 1840 adeo
889 1813 1078 1840 tenuissimum
1107 1813 1310 1845 munusculum,
1336 1814 1413 1840 vobis
1436 1813 1500 1840 licet
1516 1813 1658 1849 indignum

56 1860 189 1895 vestrisque
208 1861 234 1888 in
252 1868 296 1888 me
311 1860 426 1888 sntmnis
443 1860 582 1887 beneficiis
595 1867 627 1886 ac
644 1859 750 1886 meritis
766 1859 865 1893 impar,
873 1858 942 1893 aequi
959 1863 1048 1886 tatnen
1062 1858 1151 1885 facere
1164 1859 1284 1893 bonique
1297 1859 1449 1890 consulere,
1463 1864 1489 1886 et
1505 1865 1533 1886 ιιι
1553 1860 1586 1886 ab
1599 1859 1659 1886 aui-
1707 1877 1710 1881 ι

56 1904 83 1930 mi
96 1906 275 1935 benevolentia
291 1911 372 1942 atque
389 1906 555 1942 gratitudinc
569 1905 734 1940 profectum,
753 1905 834 1932 hilari
851 1905 927 1932 vultu
942 1905 1056 1939 laetaque
1068 1904 1156 1931 fronte
1172 1904 1295 1939 accipere
1311 1905 1410 1931 velitis.
1430 1904 1485 1931 lloc
1500 1905 1522 1931 si
1545 1912 1558 1931 a
1580 1905 1659 1932 \ohis

55 1958 202 1980 consecutus
227 1953 316 1986 fuero,
342 1952 450 1980 abunde
478 1952 544 1980 satis
571 1958 684 1986 magnos
711 1951 837 1979 laborum
865 1958 909 1978 me
936 1950 1043 1977 fructus
1067 1950 1174 1984 cepisse
1201 1949 1376 1978 existimabo.
1394 1949 1465 1978 Bene
1481 1950 1577 1983 valete,
1607 1951 1659 1978 viri

56 1999 210 2032 amplissimi.

84 2081 116 2107 Et
130 2083 294 2111 monasterio
313 2083 487 2111 Steiuwcldio
500 2090 538 2110 xn
554 2082 691 2110 Kalendas
703 2081 883 2117 Septembris,
902 2088 974 2108 anno
987 2080 1092 2107 Domini
1108 2079 1186 2108 l567.

58 2284 221 2314 Clarissimo
239 2283 580 2322 excellentissimoque
596 2283 677 2318 viro,
712 2283 747 2322 D.
773 2281 1086 2322 JoanniﬂSaatnoco,
1103 2282 1281 2322 Pannonio,
1309 2282 1458 2313 Caesaer
1484 2282 1658 2321 Majestatis

99 2325 214 2354 medico
231 2327 263 2354 et
279 2321 551 2362 historiograpbo,
567 2321 760 2352 Laurentius
772 2321 950 2357 SIFANUS,
968 2321 1207 2359 Pruusfeldius,
1230 2323 1258 2352 J.
1276 2322 1311 2352 U.
1329 2323 1453 2358 Det-tor,
1470 2322 1501 2352 S.
1517 2323 1549 2352 P.
1567 2322 1604 2351 D.

87 2425 118 2451 En
132 2427 217 2459 prodit
230 2427 339 2455 tandem
354 2428 381 2454 in
393 2429 542 2463 publicum,
559 2428 602 2456 vir
612 2427 773 2459 clarissime,
788 2427 1008 2463 Theophylactus
1022 2431 1085 2455 tttus
1107 2428 1219 2455 Grzecus
1229 2435 1243 2454 a
1261 2435 1303 2454 me
1319 2427 1410 2454 factus
1433 2426 1546 2454 Latinus
1559 2435 1566 2453 :
1580 2429 1656 2453 tuum
1692 2440 1695 2443 -

59 2469 119 2502 dico,
136 2480 186 2506 quo
199 2480 367 2504 careremus,
383 2475 437 2502 nisi
453 2479 481 2501 tu
499 2474 571 2509 quod
586 2474 732 2509 separatim
746 2473 848 2502 habere
863 2475 909 2502 tibi
920 2474 1059 2509 proprium
1076 2474 1183 2505 hcet-at,
1198 2481 1342 2501 commune
1355 2480 1386 2499 ac
1403 2472 1538 2507 publicum
1555 2472 1656 2499 bonum

61 2523 111 2545 esse
124 2521 272 2548 maluisses.
290 2521 377 2548 Causa
393 2529 441 2548 cur
455 2525 510 2548 tam
528 2529 590 2549 sero
613 2522 743 2557 prodeat,
759 2526 788 2549 ut
805 2522 887 2549 etiam
907 2522 1011 2549 librarii
1037 2522 1144 2556 culpam
1161 2521 1290 2556 recipiam
1313 2521 1340 2547 in
1358 2528 1410 2551 me,
1427 2521 1484 2548 lucc
1510 2525 1562 2551 est,
1584 2519 1657 2554 quod

59 2563 111 2590 dum
126 2565 166 2592 ille
177 2567 209 2593 de
227 2575 269 2594 me
284 2567 391 2600 Latine,
405 2576 455 2602 ego
466 2568 500 2595 de
514 2567 561 2595 illo
593 2567 686 2596 Graece
702 2567 810 2596 discere
827 2568 992 2600 nitebamur,
1008 2568 1053 2595 u-bi
1074 2569 1144 2595 alter
1162 2569 1277 2594 alterum
1307 2567 1398 2594 minus
1429 2566 1656 2601 intelligebamus,

60 2615 111 2636 cum
123 2611 251 2647 interpres
266 2613 375 2648 utrique
390 2613 508 2646 deesset,
525 2618 607 2649 atqtte
620 2614 692 2642 haud
705 2614 873 2649 incorruptis
889 2615 1023 2643 ministris
1039 2618 1190 2646 uteremur,
1208 2613 1373 2647 coniecturis
1390 2613 1490 2648 quibus
1508 2613 1575 2639 alter
1590 2613 1658 2639 alte-

60 2654 107 2683 rius
121 2663 195 2684 sensa
221 2666 441 2694 assequeremur,
458 2659 550 2687 multis
573 2659 599 2686 in
623 2659 689 2687 locis
709 2660 747 2686 uti
764 2660 910 2687 habuimus
935 2667 1056 2687 necesse.
1083 2660 1167 2695 Cujus
1193 2660 1231 2687 rei
1255 2659 1384 2694 quoniam
1402 2660 1475 2686 clara
1493 2659 1656 2686 documenta

60 2705 145 2729 suntin
160 2708 296 2740 promptu,
315 2713 349 2733 ne
361 2705 454 2740 inepta
470 2706 626 2740 prolixitate
638 2706 784 2733 verborum
804 2705 974 2741 typograplto
990 2705 1128 2733 festinanti
1143 2706 1193 2733 sint
1207 2706 1233 2732 in
1251 2712 1335 2734 mora.
1351 2709 1375 2732 te
1386 2705 1466 2732 etiam
1481 2709 1562 2739 atque
1573 2706 1655 2732 etiam

62 2752 122 2782 rogo,
134 2754 161 2777 ut
177 2751 233 2779 haec
244 2752 302 2787 ipsa
317 2759 378 2787 quae
392 2752 453 2779 dico
469 2751 632 2779 documenta
653 2752 804 2780 scrutando
825 2756 906 2786 atque
920 2751 1114 2784 exatuinantlo,
1137 2760 1244 2786 aequum
1266 2758 1290 2778 te
1306 2751 1370 2778 mihi
1383 2751 1502 2785 judicent
1520 2755 1601 2786 atque
1615 2751 1657 2778 fa-

63 2799 151 2823 ventem
164 2797 292 2831 praebere,
307 2801 335 2825 et
346 2798 426 2825 istam
444 2805 554 2832 operam
571 2805 652 2833 quam
672 2797 784 2833 praestiti
802 2797 871 2832 :eqni
890 2797 1007 2831 bonique
1033 2797 1122 2827 faccre
1140 2798 1218 2824 velis.
1234 2797 1310 2830 Quod
1325 2797 1457 2831 rcliqttmn
1472 2801 1525 2829 est,
1545 2803 1657 2832 magnas

63 2839 100 2867 tibi
111 2845 133 2869 ct
147 2842 249 2878 agimus
263 2847 290 2872 et
305 2843 438 2872 habemus
452 2843 565 2879 gratias,
584 2844 629 2879 qui
648 2843 721 2872 istud
738 2844 903 2878 mancipium
920 2843 1034 2878 publica:
1050 2843 1175 2871 utilitatis
1189 2844 1333 2875 inservire,
1343 2851 1422 2878 qnam
1436 2843 1506 2870 domi
1522 2844 1656 2878 privatum
