1897 3052
152 144 203 178 471
672 143 863 173 BONIFACi'I
884 144 1036 174 FlNETTl
1058 143 1253 173 PBEFATIO
1727 140 1797 174 £7?

153 209 331 241 earumque
349 199 554 239 penultimam
572 202 604 229 ut
622 199 774 230 ineditam
793 199 906 236 notari,
929 199 1097 230 confestim
1114 199 1229 238 scripsi
1249 198 1286 229 ad
1305 198 1344 228 cl.
1366 197 1470 228 virum
1486 206 1522 228 ac
1537 198 1629 230 dictat
1652 198 1779 230 biblio-

152 252 253 283 theca;
266 251 433 282 custodem
458 249 686 288 dignissimum
703 249 886 282 Gotfridum
910 251 1138 290 Heekingium,
1164 258 1279 289 rogans
1298 254 1331 280 ut
1347 250 1386 280 de
1413 258 1448 280 ea
1478 250 1613 288 epistola
1631 250 1778 280 notitiam

153 302 231 332 mihi
250 301 390 340 aliquam
405 299 620 330 submitteret.
640 301 678 330 At
696 300 752 331 ille
768 309 832 331 non
850 302 945 331 modo
961 301 1082 340 absque
1098 309 1189 331 mora
1203 308 1357 339 perquam
1372 299 1509 330 humane
1529 300 1706 339 rescripsit,
1720 300 1777 330 sed

151 354 255 392 ipsam
272 353 368 383 etiam
384 351 567 391 epistolam,
586 351 625 382 de
641 360 704 391 qua
720 351 837 382 certior
853 352 920 383 fieri
943 353 1151 391 exeptaham,
1168 356 1312 383 accurate
1337 352 1508 391 nitideque
1525 350 1717 390 descriptam
1736 350 1778 381 ad

151 410 209 432 nos
225 400 412 431 transmisit.
432 400 494 430 Vix
509 408 545 430 ca
568 405 694 439 accepta
709 401 922 440 deprehendi,
938 409 1003 433 non
1019 410 1036 432 a
1053 401 1296 441 TheOphylacto
1313 401 1521 439 Bulgarorum
1538 401 1701 440 episcopo,
1720 400 1779 431 sed

150 452 189 482 ab
199 451 262 482 alio
276 451 518 491 Theophylaeto
532 451 633 482 fuisse
649 452 874 491 conscriptam,
890 452 942 483 cui
957 453 1120 483 Simoenta:
1135 460 1314 492 cognomen
1326 456 1408 487 erat;
1426 452 1549 492 quique
1565 452 1643 482 alias
1659 461 1777 491 quam-

151 501 260 540 plures
279 501 313 532 in
329 509 463 533 suorum
483 502 564 532 forte
581 501 816 540 discipulorum
833 511 927 534 usum
945 503 1024 542 (erat
1037 503 1162 543 quippe
1182 501 1383 541 professione
1400 503 1555 542 sophista.
1581 511 1638 533 seu
1657 511 1778 540 prame-

150 555 220 590 ptor
236 551 427 592 rhetorices)
444 551 655 582 elucubravit.
673 552 761 582 Hanc
779 556 887 592 utpote
905 553 1074 590 ineditam,
1093 559 1123 584 et
1136 553 1260 593 aliOqui
1276 552 1514 589 brevissimam,
1535 553 1661 583 veniam
1678 552 1780 583 lector

149 601 292 640 optimus
309 602 409 638 dabit,
428 602 456 632 si
482 601 570 633 velut
586 610 742 641 parergon
767 603 826 633 hoc
845 602 907 633 loci
925 611 1107 642 apposuero
1123 613 1185 635 una
1203 612 1275 635 cum
1299 603 1447 634 versione
1463 603 1574 634 Latina
1590 603 1621 633 in
1641 603 1778 643 gratiam

149 657 262 681 eorum
278 650 334 690 qui
355 650 514 690 ejusmodi
536 650 655 682 studiis
671 651 882 682 delectantur.
901 653 954 682 Est
968 660 1068 683 vero:

379 734 553 762 Da-modocus
567 735 707 770 Antigono.

1199 737 1377 772 Δαιμόὃοκος
1402 738 1567 772 Ἀντιγόνῳ.

185 790 213 818 Si
231 790 293 818 vitae
310 789 425 826 pignora
439 789 569 818 Socrates
588 798 644 818 non
658 791 792 826 possidet,
810 792 934 828 paedago-

1032 794 1055 820 El
1070 794 1108 828 μὴ
1128 793 1185 828 βίου
1205 794 1352 828 Σωκράτης
1373 793 1489 829 ἐνέχυρα
1515 793 1658 828 κέκτηται,
1681 793 1781 820 παιδα-

147 845 198 871 gus
218 837 266 865 lilii
280 839 322 865 tui
343 845 397 865 non
412 837 610 866 constituatur.
624 838 742 873 Pignora
763 839 822 867 vita
837 840 892 867 inte

1031 838 1077 873 γδς
1090 839 1136 865 τοῦ
1157 838 1205 866 σοῦ
1224 839 1262 874 μὴ
1286 839 1503 874 προχειριζὲσθω
1524 839 1628 871 παιδός.
1653 839 1779 873 Ἐγέχυ-

147 888 247 917 gantur
260 883 318 912 ﬂlii.
334 884 420 917 Quem
436 883 509 911 enim
523 891 585 911 esse
602 889 705 918 patrem
720 889 817 912 natura
833 886 894 913 dOCI

1042 885 1071 912 δὲ
1085 885 1158 917 ,βίον
1179 886 1274 917 παῖδες
1288 885 1463 913 νοεῖσοωσιν,
1480 886 1529 912 ’ον
1553 886 1606 921 γὰρ
1631 884 1701 912 εἶναι
1725 894 1780 911 πα-

149 930 223 957 hunc
246 929 424 965 paedagogum
438 936 512 963 esse,
528 934 743 958 consentaneum
761 935 822 959 est:
837 932 898 967 quip

1030 940 1055 958 ia
1069 931 1150 966 φύσις
1166 931 1281 964 ἐδίδαξε,
1311 932 1406 958 τοῦτον
1432 932 1480 959 καὶ
1503 931 1677 965 παιδαγωγόν
1701 931 1779 957 ἐστιν

147 976 200 1013 qui.
219 976 387 1011 experientia
405 976 483 1004 novit
506 976 695 1011 generationis
717 976 888 1006 ali'ectionem

1031 978 1156 1010 emcrov,
1171 978 1268 1012 πεξραν
1288 978 1458 1012 μανθάνοντα
1474 978 1520 1005 καὶ
1535 978 1669 1012 γενέσεως
1683 977 1780 1012 σχέσιν

148 1020 252 1048 amoris
269 1020 392 1050 dolores.

991 1023 1037 1050 καὶ
1057 1022 1174 1059 στοργῆς
1187 1022 1346 1058 ἀλγηδόνας.

843 1116 986 1148 SESTIO
1020 1118 1076 1148 XI.

464 1182 508 1212 De
521 1187 682 1221 postrema
693 1187 785 1221 parte
801 1181 936 1213 homiliw
950 1180 1130 1218 undecimae,
1140 1182 1179 1212 In
1191 1181 1469 1212 resurrectionem.

186 1242 298 1273 XLIV.
315 1243 394 1280 Qum
410 1243 449 1274 de
473 1243 531 1273 hac
549 1248 709 1282 postrema
733 1246 820 1281 parte
846 1241 989 1272 homiliaa
1012 1241 1247 1281 'l'heophylaeti
1272 1242 1406 1273 dicenda
1427 1241 1479 1271 hic
1506 1241 1582 1271 mihi
1605 1240 1722 1277 forent,
1739 1240 1776 1270 in

145 1291 387 1324 Dissertationis
407 1293 532 1332 praevia)
551 1302 641 1324 num.
674 1294 697 1324 L
718 1295 783 1333 jam
812 1296 1032 1332 praeoccupata
1055 1291 1161 1323 fuere.
1177 1292 1282 1328 Quare
1308 1292 1360 1323 hic
1387 1292 1492 1323 solun]
1521 1292 1692 1325 admoneo,
1721 1299 1777 1321 me

146 1341 307 1382 quidquid
325 1351 364 1373 ex
379 1342 514 1374 historia
537 1343 670 1374 Eusebii
689 1343 871 1373 derivatum
887 1342 921 1373 in
943 1350 1011 1373 eam
1028 1345 1089 1377 est,
1105 1349 1177 1372 eum
1193 1341 1332 1380 ipsemet
1346 1340 1435 1373 fonte
1453 1341 1641 1377 contulisse,
1664 1349 1777 1380 eoque

145 1392 209 1422 mei
225 1393 420 1432 exemplaris
445 1393 616 1432 supplesse
632 1393 790 1430 defectus,
816 1397 913 1432 atque
934 1393 1030 1423 etiam
1056 1392 1215 1422 variantes
1243 1392 1397 1423 lectiones
1414 1391 1568 1431 pauculas
1593 1391 1772 1423 addidisse.

146 1442 254 1473 Codex
270 1441 710 1478 Cmsareo-Vindobonensis,
725 1441 811 1472 unde
828 1441 894 1472 haec
910 1440 1053 1472 homilize
1069 1441 1246 1472 undecimae
1261 1449 1332 1477 pars
1348 1441 1514 1479 desumpta
1531 1445 1591 1477 est,
1607 1442 1774 1481 integrum

145 1492 289 1523 continet
304 1492 543 1527 Homiliarium,
558 1500 615 1521 seu
635 1492 666 1521 in
683 1491 783 1522 totius
798 1491 875 1522 anni
893 1491 1069 1529 Evangelia
1085 1490 1251 1529 decerptas
1268 1499 1305 1521 ex
1331 1491 1429 1521 variis
1444 1491 1591 1521 Patribus
1607 1489 1773 1521 homilias.

146 1542 193 1571 Ex
210 1549 275 1580 quo
293 1540 372 1571 mihi
389 1540 480 1571 valde
498 1539 682 1571 verosi-mile
706 1540 750 1576 ﬁt,
780 1549 866 1577 eum,
883 1541 938 1580 qui
958 1541 1144 1579 prtedictum
1165 1540 1369 1572 concinnavit
1390 1541 1627 1577 Homilisrium,
1646 1545 1776 1580 postre-

146 1597 230 1622 mam
250 1590 331 1621 hanc
344 1590 489 1621 homiliaa
504 1590 685 1622 undecimae
708 1594 828 1629 partem
845 1599 908 1622 suo
921 1591 1085 1622 addidisse
1100 1591 1264 1627 arbitratu,
1289 1594 1325 1622 ut
1340 1599 1483 1622 errorem
1500 1590 1587 1629 vulgi
1613 1591 1645 1620 in
1670 1589 1774 1628 patria

145 1649 205 1672 sua
219 1640 318 1671 nituis
332 1640 414 1671 forte
432 1641 591 1680 vigentem
606 1641 645 1671 de
659 1641 782 1671 Joanne
799 1641 832 1672 in
844 1641 907 1672 vita
926 1641 1029 1673 adhuc
1043 1642 1230 1680 superstite,
1243 1641 1376 1672 omnino
1389 1641 1514 1672 tolleret
1531 1645 1561 1671 et
1574 1639 1772 1670 eliminaret.

146 1690 224 1722 ideo
239 1695 347 1736 autem
363 1699 450 1722 nunc
461 1691 568 1722 editur
579 1691 645 1722 haec
660 1690 803 1722 homiliae
813 1700 895 1732 pars,
908 1692 982 1730 quia
999 1692 1209 1723 constitutum
1228 1692 1321 1723 nobis
1337 1697 1396 1725 est.
1413 1691 1492 1722 nihil
1510 1691 1541 1722 in
1558 1691 1616 1721 hac
1629 1689 1774 1721 editione

148 1740 235 1779 quod
255 1741 488 1781 Theophylacli
508 1741 640 1774 nomine
659 1741 850 1782 inscriptum
868 1743 922 1780 sit,
941 1744 1117 1782 praterire.

836 1806 981 1837 SECTIO
998 1807 1070 1837 XII.

313 1869 358 1899 De
376 1868 605 1900 Commentario
618 1870 651 1900 in
664 1870 743 1900 Acta
757 1870 972 1909 apostolorum
989 1879 1030 1900 ex
1046 1869 1233 1900 bibliotheca
1244 1869 1600 1901 Florentino-Medico“.

185 1929 283 1960 XLV.
299 1929 533 1970 TheOphylaeti
551 1930 800 1962 Commentarius
816 1931 849 1962 in
869 1931 949 1962 Acta
964 1931 1179 1970 apostolorum
1196 1939 1213 1961 a
1226 1929 1336 1962 Sifauo
1353 1930 1460 1961 editus
1474 1931 1555 1961 adeo
1573 1939 1668 1962 rarus
1691 1939 1771 1962 eva-

143 1979 201 2017 sit,
215 1983 250 2010 ut
266 1988 338 2012 cum
355 1981 510 2012 editionis
526 1981 625 2021 hujus
641 1985 806 2012 curatores
821 1989 896 2012 eum
913 1981 968 2011 diu
989 1980 1231 2020 qumsivissent,
1250 1980 1400 2012 invenire
1416 1980 1530 2011 nullibi
1548 1981 1692 2012 venalem
1711 1990 1770 2019 po-

146 2029 280 2060 tuerint.
303 2029 397 2066 Quod
421 2029 449 2060 si
473 2038 548 2061 eum
575 2029 750 2070 aliquando
775 2030 859 2061 nacti
873 2034 962 2067 sunt,
979 2039 1018 2061 ex
1034 2030 1160 2065 Graecia
1185 2030 1308 2069 duplici
1336 2030 1491 2062 editionis
1511 2030 1608 2070 hujus
1635 2039 1772 2069 corpore

143 2083 409 2111 commutandum
427 2085 630 2120 receperunt.
647 2081 773 2112 Interea
789 2081 865 2112 dum
878 2081 1003 2120 jamdiu
1019 2089 1290 2120 supervacaneam
1307 2081 1412 2112 eidem
1425 2080 1666 2120 quomodolibet
1678 2089 1769 2111 com-

146 2130 287 2168 parando
301 2133 474 2160 navassent
488 2138 631 2168 operam,
650 2130 755 2169 deque
768 2129 860 2161 exitu
871 2129 991 2175 negotii
1006 2129 1104 2169 hujus
1116 2129 1274 2160 haererent
1290 2129 1418 2166 incerti,
1436 2129 1470 2160 in
1486 2138 1557 2160 eam
1575 2131 1772 2160 sententiam

143 2181 277 2209 ventum
295 2181 355 2213 est,
376 2180 410 2207 ut
424 2177 494 2215 ejus
508 2177 740 2216 apographum,
757 2177 813 2218 qui
829 2177 862 2208 in
886 2177 1075 2209 Florentino
1095 2178 1203 2209 codice
1218 2178 1377 2216 reperitur
1392 2178 1595 2209 bibliothecae
1608 2179 1771 2209 Mediceo-

145 2227 382 2263 Laurentianus,
400 2235 564 2266 quemque
577 2228 819 2268 'l‘heophylacto
830 2227 961 2259 ascribit
976 2227 1244 2259 Montefaleonius
1261 2228 1295 2259 in
1313 2237 1371 2259 sua
1392 2228 1588 2260 Bibliotheca
1600 2228 1769 2259 bibliothe-

144 2287 265 2316 carum,
281 2278 342 2309 sibi
364 2279 602 2318 procurandum
621 2278 850 2316 existimarinl,
866 2279 937 2316 rati,
956 2279 1105 2322 eumdem
1121 2278 1253 2310 omnino
1268 2287 1339 2310 esse
1355 2288 1427 2310 cum
1440 2288 1478 2311 eo
1494 2280 1551 2319 qui
1568 2280 1673 2310 editus
1688 2289 1704 2310 a
1721 2281 1770 2310 Si-

143 2331 219 2362 fano
239 2335 286 2362 est
304 2341 311 2361 :
331 2335 428 2370 atque
444 2331 538 2368 adeo,
550 2331 711 2371 quidquid
728 2332 858 2362 demum
878 2331 1058 2368 accidisset,
1076 2332 1235 2362 variantes
1249 2330 1359 2362 saltem
1377 2331 1544 2367 lectiones,
1561 2334 1656 2370 atque
1671 2330 1768 2360 etiam

148 2382 387 2413 correctionum
403 2381 550 2412 subsidia
570 2381 865 2421 suppeditaturum.
882 2384 921 2414 At
940 2390 1003 2414 non
1020 2382 1061 2414 ita
1077 2391 1127 2413 res
1143 2383 1251 2413 cessit.
1269 2383 1314 2413 Eo
1329 2381 1416 2412 enim
1431 2381 1615 2420 apographo
1631 2381 1766 2412 Floren-

144 2431 186 2461 tia
202 2430 296 2462 nobis
313 2429 422 2468 allato,
441 2431 580 2470 primum
605 2432 722 2463 turbati
740 2440 853 2463 sumus
871 2433 994 2463 nullam
1010 2433 1043 2463 in
1066 2440 1104 2463 eo
1120 2432 1324 2463 invenientes
1349 2431 1559 2471 epigraphen,
1577 2440 1640 2471 qua
1663 2432 1768 2463 Theo-

144 2482 292 2522 phylacto
312 2481 523 2521 Bulgarorum
541 2482 788 2523 archiepiscopo
801 2483 1034 2520 ascriberetur,
1052 2484 1172 2515 deinde
1189 2492 1262 2514 eum
1281 2483 1374 2514 nobis
1387 2483 1612 2513 evolventibus
1640 2484 1768 2514 nullum

144 2533 293 2573 apparuit
317 2531 489 2567 indicium.
518 2541 575 2562 cur
591 2532 783 2564 tribuendus
799 2533 1040 2574 Theophylacto
1055 2537 1141 2564 esset
1159 2545 1166 2564 :
1180 2533 1326 2572 adeoque
1340 2531 1448 2563 mirari
1462 2533 1628 2572 coepimus,
1644 2542 1662 2564 a
1678 2535 1770 2564 Mon-

145 2584 321 2615 tefalconio
335 2582 557 2614 indubitanter
572 2582 674 2613 fuisse
691 2583 932 2623 Theophylacto
946 2583 1176 2622 adjudicatum.
1194 2583 1335 2614 Tandem
1356 2582 1408 2612 vix
1425 2582 1489 2613 ulla
1505 2583 1665 2621 superfuit
1678 2583 1769 2615 dubi-

144 2635 234 2672 tatio,
249 2643 323 2666 eum
343 2642 415 2665 esse
435 2632 474 2663 ab
488 2633 643 2672 legitimis
655 2633 886 2673 TbeOphylacti
903 2633 1054 2672 operibus
1070 2634 1336 2673 expungendum,
1351 2641 1423 2663 cum
1441 2633 1524 2663 inter
1540 2633 1677 2664 aliorum
1702 2642 1762 2665 no-

144 2685 229 2715 mina
243 2685 386 2720 Patrum,
404 2692 477 2723 quae
495 2683 636 2714 citantur
650 2684 682 2714 in
699 2684 857 2723 margine,
871 2683 965 2714 etiam
982 2684 1081 2715 semel
1099 2687 1193 2721 Θεοφ.,
1214 2684 1364 2722 Thcoph.,
1383 2691 1440 2713 seu
1464 2687 1497 2713 ut
1521 2683 1693 2722 legendum
1715 2684 1765 2715 vi-

143 2735 291 2772 debatur,
306 2738 507 2773 θεοφύλακτος,
529 2733 776 2772 Theophylactus
792 2734 1005 2769 occurrisset;
1023 2742 1057 2764 ac
1074 2734 1249 2772 praesertim
1266 2738 1431 2772 postquam
1453 2732 1656 2771 inspeximus
1672 2734 1767 2765 verba

145 2789 265 2820 ibidem
281 2787 372 2818 allata
393 2791 517 2816 exstare
531 2786 562 2816 in
579 2786 819 2817 Commentario
835 2786 949 2817 editoa
967 2785 1085 2816 Silano.
1105 2787 1188 2816 Hinc
1204 2787 1291 2816 enim
1312 2785 1402 2823 plane
1418 2793 1622 2824 consequens
1638 2787 1767 2817 videba-

143 2850 208 2880 tur,
227 2849 322 2880 opus,
337 2839 372 2870 in
386 2848 451 2879 quo
466 2838 726 2878 'l‘heot'ihylactus
746 2839 814 2878 ipse
835 2839 960 2876 cilalur,
979 2838 1116 2877 ejusque
1134 2838 1383 2870 conmentarius
1398 2838 1470 2869 aliis
1485 2837 1622 2870 aliorum
1638 2839 1768 2870 Patrum
