1897 3052
19 179 52 211 L73
423 177 462 207 IN
480 177 696 212 SEQUENTIA
713 176 1001 207 THEOPHYLACTI
1023 177 1190 207 SCRIPTA.
1567 176 1619 207 474

19 233 243 267 :ommentariis
258 237 500 268 annumeratur,
514 233 701 263 nullatenus
721 232 781 270 ipsi
803 240 873 263 esse
898 231 1160 270 adjudicandum.
1178 231 1296 261 Verum
1314 230 1373 261 lioc
1395 234 1620 270 argumentum

19 286 65 315 vim
83 292 163 321 pene
184 291 313 314 omnem
333 282 479 313 amittere
498 282 602 312 visum
627 286 686 319 est,
707 286 874 321 postquam
898 290 935 312 ex
953 282 1068 312 Catena
1094 281 1274 311 Oxonieusi
1301 281 1352 319 (de
1369 290 1431 320 qua
1457 282 1619 321 superius)

20 334 155 370 ntallexi,
172 332 410 371 expositionem
428 331 516 362 illam
544 331 705 363 Theodori
722 331 947 362 Heracleensis
974 339 1059 366 esse,
1076 333 1187 369 utpote
1203 329 1259 369 qui
1287 330 1407 360 diserte
1433 331 1547 361 citutur
1563 340 1618 370 pa-

19 385 74 425 ;ina
99 383 137 415 58
151 384 226 423 ejus
252 383 386 420 codicis,
407 383 499 422 cujus
526 384 703 421 exemplar,
722 387 758 413 ut
777 383 822 413 rei
841 382 938 421 hujus
957 382 1075 412 certior
1096 382 1218 418 fierem,
1246 382 1404 420 postulavi
1425 388 1455 414 et
1480 383 1619 414 obtinui.

19 435 84 466 Hinc
103 434 190 464 enim
211 433 340 464 suborta
359 433 437 463 mihi
453 433 598 472 suspicio
614 437 673 468 est,
699 433 867 463 oscilantia
894 432 1011 462 veteris
1033 436 1086 463 aut
1105 432 1292 463 recentioris
1316 433 1521 464 amanuensis
1539 435 1620 464 scri-

19 491 89 516 itum
107 484 139 514 in
159 483 272 514 codice
292 483 492 519 Florentino,
518 483 567 513 vel
593 487 701 513 nostro
726 482 902 521 exemplari
916 483 1017 514 fuisse
1037 486 1133 519 850e,,
1157 483 1307 522 Theoph.,
1326 491 1382 522 pro
1398 486 1488 515 0:06.,
1505 483 1617 514 Theod.

19 536 62 567 Sed
77 535 372 574 quomodocunque
387 542 437 564 res
454 534 513 564 ista
531 542 565 563 se
577 532 701 569 habeat,
714 537 748 564 ut
765 537 889 564 certum
907 536 995 572 puto,
1013 532 1295 563 Montefalconium
1312 542 1376 564 non
1394 533 1457 564 alio
1474 534 1530 564 niti
1548 534 1621 564 fun-

19 587 151 616 iamento
179 583 325 622 potuisse
341 583 377 613 ad
400 582 668 614 Commentarium
687 582 773 613 hunc
797 581 1037 621 TheOphylacto
1061 582 1284 618 asserendum,
1301 591 1396 622 quam
1420 584 1519 622 quod,
1544 585 1619 614 dum

19 636 116 674 raptim
133 634 228 664 illum
244 633 422 670 evolveret,
443 633 476 664 in
492 633 601 672 aliqua
618 632 769 663 inciderit
782 632 849 663 loca
868 632 1066 663 continentia
1085 631 1164 662 illud
1185 632 1268 662 idem
1284 633 1370 671 quod
1396 638 1468 664 ante
1493 633 1524 663 in
1543 633 1623 664 επη-

19 689 96 719 uano
112 687 350 718 Commentario
364 686 565 725 perlegisset.
583 685 660 716 Mihi
676 685 788 716 saltem
816 694 879 717 non
895 684 983 715 aliud
1008 685 1117 715 animo
1143 684 1388 716 fundamentum
1411 685 1559 716 occurrit.
1587 685 1621 715 Id

19 747 79 770 vero
96 747 191 778 quam
210 739 251 769 sit
271 737 470 769 imbecillum
485 738 518 768 in
536 737 793 774 Commentariis,
812 737 868 777 qui
889 737 936 767 vel
957 745 1066 775 puram
1089 738 1216 768 Catena)
1241 737 1396 768 rationem
1422 737 1556 774 habent,
1573 737 1620 768 vel

19 790 45 821 ad
61 789 142 820 illam
161 790 310 829 proxime
326 789 493 825 accedunt,
508 789 657 829 quisquis
673 789 766 821 facile
779 789 944 828 intelligit.

45 841 148 872 XLVI.
166 841 288 871 Verum
308 841 335 871 si
353 849 403 871 res
416 841 457 871 ita
476 849 511 871 se
528 840 634 875 habet.
655 849 712 872 cur
728 840 826 879 igitur
838 840 890 871 hic
905 848 922 870 a
939 839 1033 870 nobis
1114 840 1217 871 lucem
1238 840 1422 870 emittitur?
1438 841 1498 872 Cur
1522 840 1619 871 etiam

19 893 108 923 Graece
120 892 298 923 duntaxat?
312 893 346 922 in
364 892 467 923 lucem
485 892 536 923 hic
555 892 656 923 emitti
671 892 863 931 respondeo,
880 892 1031 931 primum,
1046 891 1132 931 quod
1151 892 1218 923 viro
1235 901 1311 922 sane
1324 891 1511 922 doctissimo
1534 891 1622 922 visus

19 942 99 973 ruer-it
116 951 187 974 esse
206 943 458 982 Theophylacti;
483 951 588 982 neque
613 947 699 975 certo
721 943 830 983 aliquo
851 943 1085 982 perspicuoque
1103 948 1292 982 argumento
1317 942 1420 973 refelli
1435 942 1535 982 possit
1565 942 1621 972 ist-

19 1001 70 1023 rimc
83 992 205 1031 opinio.
221 993 251 1023 2.
267 993 348 1030 Quia
368 1001 496 1032 aequum
511 1001 575 1023 non
591 992 718 1029 censui,
735 992 953 1032 apographum
970 992 1056 1023 istud
1073 992 1208 1022 omnino
1225 992 1379 1027 interire;
1398 992 1519 1031 quippe
1535 990 1621 1030 quod

19 1051 76 1072 esse
88 1042 224 1073 fortasse
240 1043 354 1081 poterit
369 1042 467 1074 alicui
489 1043 627 1082 posteris
652 1043 738 1079 usui,
767 1042 1041 1082 quemadmodum
1064 1042 1142 1072 mihi
1163 1051 1226 1073 non
1243 1042 1359 1073 inutile
1373 1041 1445 1078 fuit,
1472 1045 1505 1071 ut
1531 1042 1623 1071 Cum-

20 1090 154 1122 meutarii
173 1092 315 1123 Vaticani
340 1091 389 1133 (de
412 1101 477 1132 quo
499 1092 619 1124 dictum
641 1096 690 1123 est
705 1093 816 1131 supra)
841 1093 1006 1132 exemplar
1023 1093 1228 1124 emendarem
1260 1096 1356 1132 atque
1369 1092 1566 1130 supplerem.
1586 1091 1623 1120 Et

19 1143 133 1182 quidem
149 1145 257 1183 quoad
275 1144 344 1184 ejus
355 1144 467 1176 attinet
481 1153 589 1182 usum,
608 1145 748 1176 breviter
764 1144 961 1184 patefaciam,
974 1144 1062 1184 quod
1079 1144 1158 1174 mihi
1176 1152 1251 1175 eum
1269 1142 1470 1182 percurrenti
1487 1141 1572 1172 venit
1590 1141 1622 1171 in

19 1197 143 1224 mentem
164 1202 172 1224 :
194 1194 348 1224 nimirum
364 1204 403 1225 ex
421 1194 523 1225 tribus
539 1195 628 1226 hisce
646 1195 679 1226 in
693 1195 773 1225 Αοια
791 1195 966 1233 apostolica
989 1194 1248 1230 Commentariis,
1272 1202 1353 1232 quos
1369 1193 1518 1223 volumen
1538 1191 1621 1221 istud

19 1244 227 1282 complectitur
247 1244 435 1283 (praesertim
453 1245 482 1275 si
507 1245 726 1284 Clirysostomi
752 1245 850 1276 fentis
873 1245 1017 1275 omnium
1035 1244 1186 1283 praecipui
1211 1243 1433 1275 adnotationes
1454 1242 1622 1277 addantur)

19 1295 179 1334 perfectum
195 1297 307 1328 confici
327 1305 432 1335 posse,
454 1297 702 1336 absolutumque
718 1297 750 1327 in
764 1297 871 1327 eadem
891 1297 966 1327 Acta
991 1295 1279 1329 Commentarium;
1295 1304 1366 1325 cum
1390 1294 1509 1333 singuli
1528 1298 1621 1324 crete-

19 1346 121 1384 roquin
137 1346 222 1378 haud
239 1356 350 1387 parum
368 1346 477 1386 procul
490 1347 555 1377 sint
568 1356 583 1377 a
600 1347 706 1378 debita
723 1347 930 1387 perfectione.
946 1347 1064 1378 Poterit
1079 1347 1175 1386 igitur
1189 1346 1351 1386 quispiam
1371 1355 1410 1377 ex
1427 1346 1563 1385 singulis
1582 1355 1620 1376 ea

19 1406 78 1436 quae
91 1398 126 1429 ad
145 1407 210 1430 rem
228 1399 364 1430 maxime
380 1398 514 1435 faciunt,
531 1398 690 1438 seligendi
706 1408 815 1430 curam
837 1399 1044 1438 laboremque
1067 1398 1234 1436 suscipere
1251 1409 1259 1429 :
1279 1407 1375 1437 quem
1392 1398 1473 1429 forte
1493 1401 1619 1437 egomet

19 1448 232 1486 suscepissem,
255 1448 318 1478 nisi
345 1447 426 1485 alia),
443 1448 564 1486 quibus
580 1447 750 1484 distrahor,
767 1457 850 1479 curre
862 1452 892 1479 et
907 1448 1100 1479 valetudinis
1113 1448 1316 1479 imbecillitas
1328 1447 1557 1479 inhibuissent.
1577 1449 1622 1478 En

19 1497 106 1535 igitur
121 1499 213 1536 ratio,
229 1508 287 1530 cur
303 1499 395 1530 illum
412 1499 580 1531 ediderim.
598 1501 705 1531 Grmce
719 1503 825 1530 autem
843 1503 964 1530 tantum
980 1498 1078 1534 edidi,
1096 1499 1171 1538 quia
1188 1508 1225 1530 ex
1243 1507 1305 1530 una
1324 1503 1410 1538 parte
1422 1498 1623 1529 levissimqu

19 1552 58 1578 est
71 1548 316 1581 fundamentum
333 1551 561 1582 Commentarii
588 1551 686 1591 hujus
710 1550 949 1589 Theophylaeto
971 1550 1180 1590 adjudicandi
1199 1560 1206 1580 :
1223 1559 1263 1582 ex
1279 1551 1377 1582 altera
1403 1550 1624 1589 veroexposi-

19 1598 111 1628 tiones
132 1598 203 1637 ejus
221 1599 381 1638 pleraeque
396 1599 429 1630 in
445 1599 598 1631 alterutro
616 1609 655 1631 ex
673 1600 726 1637 iis,
746 1601 803 1640 qui
823 1599 998 1631 voluminis
1019 1599 1118 1639 hujus
1138 1600 1232 1631 initio
1258 1601 1410 1640 impressi
1434 1605 1521 1637 sunt,
1541 1600 1623 1631 Sifa-

20 1645 101 1676 niano
113 1646 247 1683 scilicet,
264 1652 296 1677 et
310 1646 472 1684 vaticano,
492 1655 553 1678 non
567 1648 662 1679 modo
677 1649 782 1688 quoad
799 1656 947 1685 sensum,
971 1649 1026 1679 sed
1042 1649 1139 1680 etiam
1155 1649 1261 1688 quoad
1278 1649 1374 1680 verba
1402 1658 1625 1688 saepenumero

20 1697 130 1729 insunt.
146 1698 230 1729 Hinc
246 1699 385 1737 pretium
402 1707 508 1738 operae
524 1699 656 1731 minime
678 1708 750 1731 esse
767 1700 892 1737 censui,
912 1708 1031 1731 novum
1047 1701 1134 1731 hunc
1154 1701 1264 1732 subire
1280 1701 1433 1739 laborem,
1452 1705 1482 1732 et
1497 1701 1624 1740 aliquo-

24 1756 84 1778 rum
100 1749 283 1779 accessione
299 1748 451 1780 ioliorum
468 1746 557 1779 nu'lla
575 1750 805 1789 propemodum
827 1749 966 1780 utilitate
983 1750 1134 1781 volumen
1153 1751 1212 1782 hoc
1227 1759 1376 1782 onerare.

56 1798 177 1829 XLVII.
194 1798 347 1834 Quamvis
361 1803 467 1829 autem
485 1799 756 1831 Commentarium
780 1799 866 1830 hunc
883 1799 992 1830 Latine
1009 1807 1073 1830 non
1096 1800 1258 1837 vei-terim,
1279 1809 1342 1831 non
1369 1801 1444 1832 ideo
1465 1805 1568 1832 tamen
1587 1804 1627 1833 ab

24 1848 103 1878 omni
117 1848 148 1879 in
164 1857 202 1880 eo
219 1849 345 1880 edendo
358 1849 465 1880 labore
479 1858 528 1880 me
544 1849 679 1880 absolvi.
698 1850 840 1880 Lacunas
857 1848 957 1885 enim,
972 1848 1092 1887 quibus
1109 1850 1327 1888 apographum
1344 1849 1531 1888 frequenter
1555 1851 1625 1882 hia-

24 1898 68 1928 bat
83 1899 266 1938 (praesertim
289 1900 351 1931 sub
365 1901 436 1940 ejus
453 1900 594 1940 initium)
611 1901 742 1940 explere
769 1908 826 1940 pro
840 1900 964 1931 viribus
982 1900 1107 1931 studui.
1133 1902 1170 1931 Et
1188 1901 1283 1932 initio
1299 1901 1442 1941 quidem,
1467 1903 1521 1932 ubi
1544 1905 1627 1942 Spis—

22 1949 112 1980 siores
127 1950 250 1981 lacunas
265 1955 367 1987 erant,
386 1950 463 1981 mihi
483 1950 516 1981 in
529 1951 609 1981 hanc
627 1960 692 1981 rem
711 1951 911 1982 incumbenti
929 1950 1188 1989 percommodum
1202 1950 1264 1981 fuit
1283 1951 1407 1982 Catente
1429 1950 1626 1983 Oxoniensis

23 1999 51 2030 iu
63 2000 166 2032 eadem
193 2002 268 2032 Acta
291 2001 442 2040 primum,
465 2002 552 2041 quod
578 2001 732 2033 habebam
757 2010 820 2040 prae
838 2001 1001 2038 manibus,
1021 2001 1161 2032 folium:
1182 2011 1254 2033 cum
1282 2003 1348 2040 ipsa
1368 2003 1489 2042 quippe
1511 2004 1627 2034 Catena

23 2050 225 2088 apographum
243 2059 348 2081 meum
369 2051 415 2081 sic
431 2051 512 2082 inibi
528 2051 703 2082 convenire
727 2051 939 2090 deprehendi,
956 2056 990 2082 ut
1017 2051 1102 2081 idem
1127 2060 1196 2082 esse
1212 2061 1294 2090 opus
1313 2053 1488 2089 videretur,
1507 2054 1569 2084 nisi
1587 2063 1626 2084 ex

23 2105 166 2138 pestrema
181 2102 270 2133 illius
287 2106 385 2142 parte,
401 2106 495 2142 atque
512 2111 550 2133 ex
566 2103 695 2134 duobus
711 2103 795 2141 aliis,
811 2113 884 2143 quia
910 2103 988 2134 mihi
1005 2111 1136 2133 cernere
1157 2102 1261 2138 licuit,
1287 2103 1357 2142 ejus
1382 2104 1470 2135 foliis
1494 2104 1626 2136 omnino

24 2153 244 2189 cognovissem,
264 2154 411 2184 Catenam
428 2153 649 2185 Oxoniensem
664 2155 763 2185 multa
781 2154 962 2193 complecti,
979 2163 1051 2193 qum
1073 2154 1106 2184 in
1122 2153 1309 2184 Florentino
1325 2154 1560 2187 Commentario
1573 2156 1628 2186 de-

24 2200 205 2234 siderantur.
222 2204 383 2234 Posterior
399 2204 459 2234 iste
476 2203 611 2235 fortasse
632 2208 802 2243 excerptus
821 2208 868 2234 est
889 2212 927 2234 ex
943 2204 996 2234 illa
1024 2204 1141 2243 priore.
1166 2203 1213 2233 Ad
1238 2203 1421 2234 sarciendas
1445 2214 1533 2243 vero,
1557 2213 1629 2245 qua)

27 2258 218 2285 Occurrerent
232 2255 265 2286 in
288 2263 473 2294 progressu,
491 2255 621 2286 lacunas
634 2256 789 2286 alterutro
812 2264 852 2286 ex
864 2255 1110 2285 Commentariis
1124 2254 1295 2293 praedictis,
1313 2254 1476 2286 Sifauiano
1491 2256 1626 2290 scilicet,

26 2304 51 2331 et
67 2303 226 2342 Vaticano,
242 2305 298 2335 sed
316 2305 462 2336 omnium
478 2305 742 2345 frequentissime
758 2313 873 2345 magno
890 2305 1119 2344 Chrysostomo
1136 2313 1215 2336 usus
1231 2314 1321 2341 sum;
1335 2309 1364 2336 et
1381 2314 1417 2336 ea
1433 2306 1563 2345 quidem
1578 2305 1627 2336 fe-

29 2350 146 2392 licitate,
167 2361 199 2387 ut
218 2366 257 2389 ex
274 2357 434 2396 plurimis,
451 2366 523 2397 quae
540 2357 665 2388 inerant
680 2361 785 2395 antea,
802 2357 925 2388 lacunis
941 2366 1003 2387 una
1025 2361 1158 2393 tantum,
1176 2357 1225 2388 vel
1245 2356 1343 2387 altera
1366 2357 1526 2395 inexpleta
1552 2356 1630 2387 mihi

29 2407 212 2437 remanserit.
242 2407 346 2439 Verba
372 2416 388 2438 a
412 2409 508 2439 nobis
533 2408 641 2438 addita
667 2416 706 2438 ex
739 2408 856 2446 signis,
879 2406 999 2446 quibus
1024 2407 1071 2437 uti
1095 2408 1127 2438 in
1151 2407 1315 2438 similibus
1339 2407 1494 2443 solemus,
1518 2407 1630 2437 Lector

30 2461 175 2493 agnoscet.
189 2458 236 2488 Ad
253 2458 372 2489 calcem
386 2458 626 2495 Commentarii,
643 2466 682 2488 ne
699 2457 823 2497 integra
843 2457 959 2497 pagina
974 2456 1108 2488 omnino
1126 2466 1221 2488 vacua
1237 2461 1426 2495 remaneret,
1450 2457 1489 2487 ab
1505 2466 1542 2488 eo
1561 2457 1630 2490 loco

30 2511 89 2542 pag.
102 2507 168 2542 629.
184 2508 244 2539 col.
256 2509 288 2546 2,
306 2513 396 2540 Ἐστὶν
407 2511 453 2540 οὖν
463 2514 477 2540 ὁ
492 2514 546 2545 πᾶς
565 2514 671 2550 χρόνος.
690 2512 777 2547 rogat

879 2507 1011 2547 ograplii
1030 2507 1131 2546 adjeci
1151 2510 1257 2545 verba,
1276 2509 1396 2549 quibus
1414 2510 1526 2550 Catena
1541 2510 1628 2540 Oxo-

31 2552 138 2586 niensis
153 2557 340 2589 absolvitur.
359 2560 469 2598 Neque
487 2559 519 2590 id
540 2560 664 2590 Lectori
682 2559 894 2598 injucundum
911 2558 978 2589 fore
989 2558 1113 2588 conlido
1131 2559 1196 2588 :sic
1209 2560 1295 2589 enim
1311 2560 1480 2599 prmdictm
1493 2560 1626 2593 Catena),

31 2609 111 2639 (illam
122 2608 412 2644 pra'stantiuimam
427 2608 566 2648 appellat
582 2609 751 2640 Fabricius
765 2608 796 2639 in
815 2608 900 2639 Bibl.
918 2608 1039 2644 Graeca,
1059 2607 1189 2638 initium
1206 2609 1328 2639 tenebit
1345 2613 1376 2640 et
1392 2609 1498 2641 tinem.

696 2659 836 2690 SECTIO
858 2659 944 2690 Xlll.

429 2712 474 2742 De
494 2711 650 2750 Epistolis
674 2721 693 2741 α
716 2713 856 2743 Meursio
880 2711 984 2748 editis,
1008 2717 1036 2742 et
1058 2721 1077 2741 α
1100 2711 1215 2742 Lamia.

67 2757 196 2791 XLVIII.
219 2761 313 2792 F0rte
343 2762 509 2794 mirabitur
533 2765 654 2802 Lector,
688 2765 773 2804 quod
805 2764 873 2794 ista)
898 2764 1043 2803 epistola)
1067 2764 1106 2794 ab
1134 2762 1205 2793 aliis
1232 2762 1346 2801 viginti
1371 2763 1524 2803 sejunctae
1555 2764 1630 2796 huic

32 2805 147 2859 f‘dtlioni
165 2813 282 2843 fuerint
306 2813 449 2852 inserito,
469 2824 542 2846 eum
573 2824 668 2846 nemo
698 2825 761 2847 non
785 2816 900 2851 videat,
918 2815 1095 2846 naturalem
1122 2814 1267 2844 ordinem
1293 2814 1473 2853 postulasse
1499 2820 1532 2846 ut
1548 2824 1625 2846 con-

30 2860 146 2892 iunctim
166 2863 337 2894 ederentur
353 2872 476 2896 omnes.
498 2866 631 2897 Consilii
650 2866 756 2903 itaque
780 2866 879 2897 nostri
907 2866 984 2896 hanc
1009 2866 1161 2896 rationem
1189 2864 1312 2896 habeto.
1342 2864 1501 2903 Principio
1527 2864 1629 2902 fuerat
