1897 3052
249 115 284 146 7⁵
738 111 932 142 BONIFACII
947 113 998 142 .Fli

1131 111 1324 142 PREFATIO
1331 134 1338 141 .
1823 111 1880 143 4³76

231 168 508 206 οοηειίιυιυιη,ιυῑ
528 166 641 205 viginti
662 165 817 196 duntaxat
835 167 980 207 Theophj

1132 168 1234 198 islolos
1250 167 1308 198 hoc
1331 167 1363 197 in
1387 167 1553 198 volumine
1569 167 1678 198 sedem
1695 167 1879 198 haberent.

230 227 304 258 quae
328 219 469 248 nondum
496 216 656 256 publicam
681 217 783 246 lucem
800 222 1008 256 aspexerant;
1034 227 1104 248 cum
1131 226 1176 247 eae
1205 222 1328 248 tantum
1349 217 1426 248 huic
1452 217 1548 248 tertio
1571 218 1749 254 volumini,
1781 219 1879 257 quod

229 268 362 300 ineditis
376 266 604 306 Thcopbylacti
618 266 771 305 operibus
783 267 984 306 excipiendis
1011 267 1208 298 destinatum
1225 267 1257 298 in
1283 267 1396 305 primis
1421 271 1499 302 erat,
1519 267 1680 306 explenda
1695 268 1781 298 satis
1801 277 1875 299 esse

231 319 426 353 viderentur,
450 317 582 356 adjectis
610 321 714 347 tamen
740 317 868 347 duobus
895 319 1048 356 operibus
1073 319 1179 350 adhuc
1205 318 1348 354 ineditis,
1379 326 1518 358 quorum
1552 318 1689 348 alterum
1715 318 1880 355 Parisiis,

231 369 365 398 alterum
386 367 548 397 Florentia
571 367 843 405 praestolabamur.
866 368 925 398 Sed
945 368 1083 407 primum
1102 369 1181 398 illud
1195 377 1279 406 szepe
1295 369 1502 406 promissum,
1523 376 1688 407 nunquam
1705 367 1880 406 perlatum

229 417 267 447 ad
294 425 350 447 nos
374 421 431 447 est.
460 416 604 447 Alterum
633 416 764 456 quidem
781 417 983 456 accepimus;
1013 419 1069 448 sed
1100 418 1180 448 illud
1210 417 1484 456 perpendentibns
1512 417 1603 448 nobis
1634 425 1698 447 non
1718 418 1821 455 suspi
1839 419 1880 446 ‘io

229 467 393 503 duntaxat,
423 467 479 497 sed
512 471 595 497 certa
620 467 788 505 persuasio
805 467 934 504 insedit,
955 467 992 497 ad
1010 467 1286 506 Theophylactum
1306 466 1493 497 nullatenus
1518 466 1689 504 pertinere.
1706 467 1773 496 Nos
1797 475 1880 496 Vero

231 518 262 547 in
288 526 427 548 errorem
444 518 657 556 perduxerat,
686 527 758 558 quas
784 519 869 557 apud
905 518 1191 549 Montefalconiurn
1219 519 1336 557 legitur
1364 519 1397 548 in
1428 517 1579 549 Biblioth.
1607 518 1879 548 bibliothecarum

228 574 251 598 ί.
272 571 296 604 l,
317 578 387 608 pag.
407 570 456 606 35,
483 569 651 601 imminuta
678 569 856 608 inscriptio,
879 578 950 609 quas
980 569 1152 609 sequitur:
1176 570 1354 600 Threnodia
1372 577 1468 608 super
1493 568 1588 598 beatae
1621 569 1783 598 memoria:
1804 570 1876 598 cira

232 620 271 649 Β.
289 619 532 658 Theophylacto.
549 619 676 650 Scilicet
692 619 852 658 ejusmodi
870 619 984 650 titulus
1014 627 1072 650 nos
1099 623 1245 650 erexerat
1272 619 1304 649 in
1321 627 1424 658 spem,
1446 617 1664 651 ’l'hrenodi'um,
1681 617 1722 647 de
1736 626 1803 654 qua
1824 617 1880 646 hic

231 678 349 707 seruio,
367 680 469 710 genus
486 670 616 710 aliquod
631 672 785 702 orationis
803 671 949 701 funebris
967 679 1038 701 esse
1055 671 1088 700 in
1107 670 1387 709 Theophylactum
1405 669 1465 708 jam
1487 672 1665 702 mortuum,
1695 677 1772 708 qua:
1799 668 1881 698 huic

235 721 391 752 volumini
415 731 450 753 ea
470 722 593 752 ratione
612 722 707 753 inseri
724 727 844 762 posset,
863 723 948 762 quod
966 721 1075 761 aliqua
1092 730 1129 752 ex
1147 722 1246 760 gestis
1273 721 1514 759 virtutibusque
1546 720 1592 758 (ut
1619 719 1650 750 in
1677 720 1878 758 hujusmodi

231 773 432 804 orationibus
458 775 601 805 accidere
616 775 710 814 solet)
737 775 829 806 illius
855 774 992 805 celebris
1015 773 1250 812 archiepismpi
1285 773 1565 812 complecteretur.
1594 775 1632 804 At
1672 772 1740 802 sola
1775 771 1879 802 lectio

231 821 423 861 epigrapbes
453 824 644 861 exemplaris
673 824 711 854 ad
743 831 802 854 nos
832 823 1008 854 transmissi
1055 823 1093 853 ab
1126 824 1213 853 omni
1249 823 1382 854 omnino
1415 832 1470 862 spe
1504 827 1534 853 et
1562 827 1784 861 praeeriHCepta
1814 831 1874 852 nos

232 872 388 910 opinione
405 873 540 914 dejecit;
559 874 601 904 ita
619 873 703 903 enim
723 882 756 903 Se
777 873 872 904 habet
889 885 896 902 τ
913 878 981 913 θρηεΔ

1143 878 1182 913 τῷ
1205 878 1349 913 pampiqu
1364 877 1441 913 κύρῳ
1463 877 1644 912 Θεοᾳυλάκτῳ
1671 877 1710 912 τῷ
1735 878 1875 904 Baltasa-

234 926 311 962 μίτῳ,
332 923 526 954 Lamentatio
547 932 641 962 super
658 923 760 964 felicis
783 924 937 953 memerita
960 925 1028 954 viro
1058 924 1182 954 domino
1209 923 1440 963 Theophylacto
1470 923 1667 954 Bclt’ssarilo.
1694 925 1796 954 Porro
1824 925 1876 954 vel

234 974 340 1012 ipsum
366 975 546 1006 Belissaritt’
564 984 741 1014 cognomen
769 976 846 1006 satis
873 975 984 1014 procul
1014 976 1113 1006 dubio
1130 975 1256 1012 fuiSSt.’t,
1284 981 1318 1006 ut
1341 975 1613 1014 Theophylactum
1634 976 1722 1006 hunc
1752 985 1770 1006 a
1794 975 1876 1005 But-

233 1032 382 1062 garorum
401 1024 644 1063 archiepiscopo
661 1033 917 1063 secerneremus,
934 1025 1060 1056 etiamsi
1083 1035 1156 1065 quae
1179 1026 1386 1056 continentur
1411 1026 1443 1056 in
1475 1026 1531 1057 hac
1552 1026 1696 1057 oratione
1729 1026 1873 1064 lugubri

233 1075 343 1114 aliquo
369 1075 464 1106 modo
485 1075 624 1105 fuissent
648 1075 809 1114 ambigua.
826 1077 885 1106 Sed
913 1079 942 1107 et
956 1085 1007 1106 res
1032 1077 1063 1107 in
1090 1077 1158 1115 ipsa
1186 1080 1344 1107 contentae
1365 1075 1640 1115 Theophylactum
1664 1076 1824 1106 exhibent
1858 1082 1874 1104 ε

234 1128 345 1155 nostro
367 1124 459 1163 plane
479 1124 642 1155 diversum
659 1127 743 1154 :tota
763 1124 847 1154 enim
868 1125 1064 1162 impenditur
1078 1125 1112 1155 in
1129 1125 1328 1163 deplorando
1347 1126 1519 1156 immaturo
1541 1127 1673 1164 juvenis
1693 1126 1866 1164 cujusdam

234 1173 353 1204 nobilis
375 1173 519 1209 interitu,
537 1173 590 1212 qui
608 1181 679 1203 cum
698 1173 827 1211 generis
851 1173 1028 1210 nobilitate,
1048 1178 1114 1204 tum
1133 1173 1287 1204 virtutum
1304 1179 1492 1205 ornamento
1515 1176 1681 1214 praestabat
1702 1188 1709 1206 :
1745 1176 1871 1215 quique

233 1224 309 1254 dum
326 1224 459 1254 Athenis
476 1224 584 1254 studio
600 1233 727 1263 operam
743 1226 841 1261 daret,
861 1225 1009 1257 faucibus
1023 1226 1141 1266 angina
1154 1227 1350 1263 interclusis,
1369 1227 1517 1266 migravit
1538 1238 1553 1258 e.
1581 1228 1655 1264 vita,
1680 1228 1765 1258 datis
1789 1233 1865 1258 ante

233 1274 384 1315 pluribus
403 1275 532 1313 pietatis
549 1275 692 1306 indiciis.
720 1277 801 1307 Eum
820 1277 917 1315 igitur
933 1277 1038 1308 solum
1062 1286 1101 1308 ex
1127 1278 1186 1308 hoc
1206 1278 1365 1317 opusculo
1379 1277 1518 1308 fructum
1540 1278 1657 1309 referre
1687 1283 1867 1315 potuerunt

233 1331 398 1357 curatores
416 1326 547 1356 istiusce
560 1326 721 1365 editionis,
740 1331 775 1357 ut
791 1327 890 1366 magis
904 1327 1069 1366 magisque
1085 1333 1279 1367 perspectam
1296 1328 1449 1358 omnibus
1472 1332 1682 1368 testatanique
1696 1329 1871 1361 redderent

234 1378 448 1418 diligentiam,
466 1387 530 1417 qua
555 1378 604 1408 usi
628 1382 716 1414 sunt,
743 1378 910 1408 maximam
940 1378 970 1408 in
998 1378 1232 1418 conquirendis
1255 1378 1412 1418 undique,
1441 1379 1531 1409 nulla
1571 1384 1719 1418 sumptus
1746 1380 1887 1411 ratione

235 1431 353 1465 habita,
373 1428 528 1468 operibus
553 1429 590 1458 ad
614 1427 891 1467 Theophylactum
918 1432 1063 1457 nostrum
1089 1428 1334 1467 quomodolibet
1376 1429 1625 1468 pertinentibus.
1656 1431 1734 1461 Cum
1772 1431 1870 1470 igitur

235 1479 334 1519 hujus
350 1479 551 1517 alteriusque
567 1477 694 1509 defectu
707 1477 813 1515 operis
833 1485 896 1507 non
919 1485 1016 1516 pauca
1035 1477 1187 1508 deessent
1204 1478 1282 1509 folia
1298 1479 1336 1509 ad
1354 1479 1562 1516 praestitutam
1579 1479 1676 1519 hujus
1696 1480 1870 1511 voluminis
1886 1507 1887 1525 ἦ

237 1529 364 1566 molem,
385 1532 559 1560 curatores
592 1526 746 1566 praedicti,
786 1525 954 1565 impressis
987 1526 1051 1565 jam
1078 1527 1225 1565 epistolis
1256 1527 1388 1566 viginti,
1427 1532 1458 1557 et
1488 1529 1596 1559 Graeco
1631 1529 1870 1561 Commentario

236 1578 441 1618 insequente,
469 1577 644 1609 consilium
677 1575 881 1615 capessivere
917 1577 965 1615 (ad
999 1576 1098 1607 alium
1127 1581 1247 1607 tomum
1275 1581 1436 1608 reservato
1467 1586 1581 1617 opere,
1613 1580 1700 1617 quod
1735 1580 1869 1611 Parisiis

237 1629 471 1668 prtestolantur)
488 1626 661 1666 adjiciendi
685 1626 780 1657 etiam
800 1626 953 1665 epistolas
971 1635 988 1656 a
1014 1626 1157 1657 Meursio
1179 1631 1209 1657 et
1232 1626 1341 1657 Lamio
1362 1626 1475 1664 editas,
1498 1636 1537 1658 ne
1555 1631 1662 1658 tonius
1690 1629 1752 1659 iste
1777 1639 1869 1670 a‘qno

237 1679 365 1709 brevior
387 1678 554 1714 evaderet;
581 1676 745 1715 simulque
770 1676 931 1707 celeritate
957 1685 1080 1707 summa
1104 1677 1237 1707 curandi
1257 1677 1369 1716 ipsius.
1397 1677 1658 1716 impressionem,
1687 1687 1726 1709 ne
1756 1682 1869 1711 erudi.

239 1733 347 1760 torum
373 1731 444 1758 vota
470 1727 594 1758 diutius
621 1726 843 1766 fatigarentur.
869 1727 952 1758 Hinc
973 1735 1049 1758 vero
1065 1726 1132 1766 [hoc
1157 1727 1262 1758 solum
1287 1727 1482 1758 incommodi
1514 1729 1629 1760 accidit
1653 1729 1753 1768 (quod
1785 1732 1869 1762 enim

237 1779 397 1820 ejusmodi
416 1780 560 1819 epistolae
575 1781 614 1811 ab
630 1779 702 1810 aliis
718 1779 871 1819 sejunctas
888 1781 1058 1820 prodeant,
1075 1787 1134 1819 pro
1158 1779 1260 1811 nihilo
1289 1779 1468 1811 habendum
1487 1789 1557 1811 esse
1585 1790 1602 1811 a
1628 1782 1706 1812 viris
1728 1784 1868 1820 pruden-

237 1833 325 1863 tibus
342 1832 429 1872 puto)
446 1832 532 1872 quod
550 1822 773 1863 Marineriante
794 1831 954 1862 versionis
973 1831 1246 1868 emendationem,
1266 1839 1362 1870 quam
1397 1831 1528 1870 aggredi
1554 1840 1590 1863 ac
1615 1833 1768 1871 perficere
1790 1838 1866 1864 stato

239 1888 384 1923 tempore
404 1882 648 1920 constitueram,
673 1886 764 1922 capto
786 1890 802 1912 a
834 1882 1038 1913 curatoribus
1061 1890 1146 1912 novo
1172 1882 1404 1922 inopinatoque
1435 1885 1586 1921 consilio,
1610 1889 1641 1915 et
1676 1893 1709 1915 re
1733 1886 1867 1916 maxime

239 1937 417 1972 properata,
440 1938 589 1972 praestare
610 1941 672 1964 non
693 1933 864 1971 potuerim.
885 1933 921 1962 At
939 1933 1120 1964 versionem
1145 1933 1230 1963 illam
1248 1933 1448 1964 tolerabilem
1470 1935 1507 1965 ad
1529 1935 1636 1966 minus
1654 1944 1741 1972 esse,
1759 1937 1808 1967 vol
1831 1946 1866 1967 ex

238 1993 277 2017 eo
299 1985 374 2016 mihi
396 1986 587 2025 persuadeo,
610 1985 697 2025 quod
725 1985 866 2021 Lamius,
893 1985 941 2014 vir
968 1985 1190 2021 doctissimus,
1214 1985 1382 2024 Graecique
1405 1985 1566 2016 idiomatis
1579 1986 1809 2024 peritissimus,
1835 1989 1864 2018 in

238 2038 357 2069 celebri
375 2038 516 2069 editione
531 2038 726 2074 Meursiana,
745 2038 796 2068 cui
813 2041 940 2077 praeest,
957 2046 1026 2068 eam
1054 2037 1214 2073 collocare
1232 2046 1297 2068 non
1314 2037 1480 2069 dubitarit.
1499 2037 1624 2068 Nullam
1646 2038 1747 2077 igitur
1764 2039 1796 2068 in
1821 2039 1865 2069 his

239 2091 374 2121 edendis
391 2091 539 2128 epistolis
557 2091 626 2129 ipse
644 2098 773 2128 operam
792 2089 897 2126 posui.
918 2089 1065 2129 adeoque
1092 2089 1173 2120 nihil
1201 2089 1241 2119 de
1267 2089 1382 2119 iisdem
1404 2093 1553 2128 superest
1578 2089 1656 2119 mihi
1684 2089 1861 2120 dicendum.

239 2143 277 2172 Et
292 2142 358 2172 haec
371 2143 476 2182 quoad
494 2142 639 2181 singulas
655 2142 753 2181 hujus
770 2142 946 2173 voluminis
964 2146 1080 2181 partes.
1100 2143 1192 2172 Nunc
1220 2149 1319 2180 pauca
1346 2141 1385 2171 de
1405 2140 1555 2171 versione
1584 2149 1664 2177 mea,
1687 2141 1862 2180 additisque

242 2193 338 2230 uotis,
362 2197 532 2232 antequam
551 2192 769 2224 Praefationem
787 2193 931 2229 absolvo,
947 2192 1086 2232 adjicere
1104 2191 1204 2223 lubet.

281 2254 398 2284 XLIX.
423 2254 505 2284 Usus
522 2263 593 2285 sum
614 2255 761 2286 liberiore
777 2254 939 2286 versionis
963 2262 1099 2293 genere;
1128 2262 1191 2284 non
1213 2254 1357 2293 quidem,
1387 2257 1423 2285 ut
1442 2262 1511 2284 eam
1539 2254 1708 2284 redderem
1739 2255 1862 2293 elegan-

244 2303 370 2343 tiorem,
390 2305 443 2334 sed
468 2309 500 2335 ut
516 2305 684 2336 clariorem
702 2306 870 2345 magisque
890 2307 1105 2344 perspicuam.
1124 2305 1250 2335 Etenim
1271 2305 1305 2335 in
1331 2313 1368 2335 ea
1394 2313 1521 2342 semper
1542 2304 1701 2334 sententia
1717 2303 1776 2337 fui,
1796 2311 1861 2333 eum

243 2355 325 2386 haud
345 2354 484 2393 perfecte
508 2355 599 2395 fungi
625 2357 808 2396 interpretis
830 2365 976 2391 munere,
1004 2356 1061 2394 qui
1097 2360 1242 2386 accurate
1267 2356 1399 2395 quidem
1422 2357 1518 2386 verba
1543 2354 1716 2386 transferre
1743 2355 1859 2393 satagit,

242 2407 381 2440 auctoris
399 2415 473 2437 vero
488 2416 622 2438 sensum
643 2408 817 2439 obscurum
836 2408 1003 2447 relinquit.
1023 2408 1126 2447 Hujus
1151 2408 1312 2447 siquidem
1337 2407 1584 2446 explicationem
1602 2406 1805 2446 potissimum
1826 2407 1858 2437 ad

243 2457 446 2497 interpretem
470 2458 643 2496 pertinere,
671 2462 754 2497 patet
783 2460 832 2489 vel
861 2467 900 2489 ex
930 2466 969 2488 eo
999 2459 1086 2497 quod
1114 2458 1136 2487 ii
1162 2458 1257 2489 etiam
1282 2458 1337 2496 qui
1364 2458 1543 2498 cujuSpiam
1564 2457 1706 2487 auctoris
1736 2465 1857 2488 sensum

243 2507 366 2541 tametsi
380 2502 418 2537 'F‘n
449 2508 558 2538 eadem
590 2508 712 2546 lingua,
737 2508 905 2539 clariOrem
934 2509 1082 2544 reddunt,
1113 2508 1239 2539 soleant
1266 2509 1456 2548 interpretes
1485 2508 1653 2547 appellari.
1678 2509 1858 2547 Plerumque

245 2557 344 2597 igitur
372 2557 405 2587 in
440 2557 471 2587 id
505 2559 726 2589 tantummodo
761 2558 914 2595 laboravi,
933 2562 966 2588 ut
982 2567 1113 2589 sensum
1130 2567 1227 2597 quem
1243 2558 1386 2588 auctoris
1405 2558 1501 2588 verba
1515 2557 1708 2596 diligentius
1730 2565 1857 2592 expensa

248 2609 413 2639 continere
431 2609 558 2646 censui,
585 2609 707 2647 phrasi,
736 2609 842 2648 quoad
873 2609 975 2648 potui,
1007 2608 1154 2644 clariore,
1181 2607 1354 2647 verbisque
1377 2607 1646 2647 mquivalentibus
1673 2606 1856 2637 exhiberem.

247 2656 357 2688 Sicubi
376 2666 450 2688 vero
464 2658 605 2689 auctoris
628 2667 720 2689 mens
742 2659 849 2688 minus
865 2663 949 2689 certa
967 2657 1198 2697 explorataque
1216 2657 1296 2688 mihi
1319 2658 1389 2688 visa
1417 2660 1476 2695 est,
1492 2660 1560 2688 tum
1583 2657 1728 2696 pressius
1752 2657 1856 2687 merere

248 2708 356 2738 verbis
371 2708 553 2738 consultius
572 2708 767 2744 existimavi,
794 2715 887 2739 acuto
918 2707 1040 2740 Lectori
1057 2710 1244 2746 potestatem
1271 2712 1303 2739 ut
1323 2708 1461 2739 facerem
1476 2716 1514 2739 ea
1531 2712 1565 2738 ut
1589 2707 1650 2738 sibi
1670 2706 1855 2745 probabilius

251 2756 413 2788 videretur
435 2757 678 2796 interpretandi.
705 2759 739 2788 In
765 2757 950 2797 hujusmodi
975 2755 1126 2795 scopulos
1147 2757 1245 2788 semel
1271 2761 1301 2787 et
1333 2757 1449 2788 iterum
1477 2756 1577 2787 incidi
1602 2756 1680 2786 dum
1714 2759 1854 2786 verterem

251 2807 421 2845 Epistolas,
447 2816 519 2848 qum
547 2807 624 2839 mihi
653 2808 773 2848 ubique
797 2807 1089 2845 dillicilcs,alicubi
1117 2807 1194 2839 visae
1220 2812 1295 2838 sunt
1326 2807 1420 2838 etiam
1441 2807 1517 2839 satis
1543 2807 1699 2838 obscurae.
1723 2807 1853 2838 Fortasse
