1897 3052
39 152 84 184 477
552 149 764 180 LAURENTlI
781 149 910 179 SIFANI
932 150 1139 180 PILEFATIO.
1607 147 1660 179 478

39 204 292 245 'l'heophylactus
327 203 359 235 in
382 204 438 234 teis
464 203 706 235 conscribendis
734 203 870 234 clariore
893 203 978 243 stle
1008 213 1085 235 usus
1103 212 1165 235 non
1193 208 1251 241 est,
1270 204 1346 244 quia
1369 204 1407 235 ad
1431 204 1605 236 familiares
1627 208 1659 235 et

40 248 229 289 domesticos
251 257 411 294 scribens,
429 255 548 287 clanius
565 265 637 288 sese
653 256 815 296 explicare
834 256 1043 296 autneglexit
1064 261 1118 288 aut
1141 257 1258 288 noluit.
1286 257 1320 287 lu
1349 257 1446 288 variis
1466 258 1542 288 tomi
1563 257 1660 296 hujus

41 310 187 349 cperibus
210 318 227 340 a
253 318 306 340 me
324 309 432 340 Latine
468 309 602 340 redditis
631 309 852 340 diversitatem
881 309 1021 349 aliquam
1052 309 1085 340 in
1126 309 1194 348 ipsa
1211 309 1359 341 versione
1386 308 1520 340 fortasse
1550 310 1660 340 Lector

40 363 184 396 uﬂ‘endet,
210 362 252 392 ita
270 366 302 392 ut
319 364 414 392 modo
439 362 552 401 magis,
570 363 666 393 modo
680 363 789 393 minus
806 362 963 393 elaborata
975 362 1002 392 ei
1021 362 1169 392 videatur
1181 367 1276 401 atque
1293 361 1452 401 expolita;
1465 362 1660 400 quandoque

41 414 127 444 etiam
151 412 267 451 magis,
297 413 494 451 quandoque
529 412 637 443 minus
664 412 895 452 Thcophylacti
923 411 1029 442 verbis
1061 411 1199 442 astricta.
1233 411 1330 450 Cujus
1368 410 1565 441 diversitatis
1590 418 1659 440 eam

40 471 158 494 causam
184 471 257 494 esse
275 467 365 500 sciat,
381 463 468 502 quod
487 471 546 503 ego
563 471 626 494 non
649 464 863 498 continenter,
878 462 933 492 sed
954 470 1009 501 per
1034 461 1117 492 varia
1136 461 1290 499 temporis
1310 460 1486 498 intervalla,
1514 460 1660 499 adeoque

41 518 69 543 et
90 513 173 543 varia
195 517 291 544 utens
315 513 462 552 corporis
485 513 680 547 valetudine.
709 513 869 553 variisque
898 513 985 543 curis
1009 514 1081 547 plus
1113 513 1261 543 minusve
1283 511 1458 548 distentus,
1492 510 1659 541 versiones

41 563 219 602 hujusmodi
237 563 452 594 elucubrarim
483 576 491 597 :
520 564 607 594 unde
626 563 768 603 aliquam
797 563 874 602 styli
906 567 1004 603 atque
1033 562 1308 602 interpretationis
1333 561 1553 592 diversitatem
1581 561 1659 591 oriri

43 622 165 644 necesse
183 614 258 645 fuit.
272 603 387 651 Quoad
401 619 492 646 notas
508 616 632 650 attinet,
653 615 780 646 noverit
796 616 920 652 Lector,
937 624 988 647 me
1005 615 1139 646 minime
1154 615 1187 646 id
1208 614 1352 646 muneris
1368 613 1446 645 mihi
1469 613 1658 652 sumpsisse,

42 671 71 696 ut
87 669 168 699 notis
194 668 235 698 de
252 670 341 698 more
357 666 514 707 subjectis
536 666 767 706 Theophylacti
788 675 885 706 opera
902 667 1099 698 illustrarem
1119 679 1126 698 :
1145 675 1251 706 neque
1268 666 1356 696 enim
1372 674 1505 697 neceSSe
1531 665 1562 695 id
1583 668 1661 701 erat,

43 728 139 756 neque
157 727 214 758 per
228 717 459 757 occupationes
476 725 563 748 meas
586 723 616 748 et
635 717 781 756 corporis
800 716 1016 748 valetudinem
1035 721 1186 757 praestare
1200 716 1231 747 id
1261 716 1342 746 mihi
1369 715 1525 747 licuisset.
1551 715 1660 746 Solum

43 769 132 808 igitur
150 774 242 800 notas
263 769 388 809 aliquas
402 768 555 808 operibus
579 777 596 799 a
616 777 665 799 me
697 767 860 799 translatis
877 767 935 798 hac
954 768 1093 808 illacqne
1115 767 1250 807 aspersi,
1276 767 1333 798 ubi
1356 766 1405 797 vel
1435 766 1534 805 major
1554 765 1660 804 aliqua

45 828 151 856 urgrre
167 819 348 850 necessitas
365 819 547 856 videbatur,
565 819 612 850 vel
631 823 812 858 promptum
833 818 968 849 omnino
983 823 1060 855 erat,
1077 819 1163 858 quod
1181 819 1378 849 adnotarem.
1401 816 1482 848 illud
1501 820 1661 855 postremo

44 868 106 899 loco
123 869 321 900 monendum
342 873 505 908 superest,
519 877 617 900 sacrm
632 869 804 908 Scriptura;
822 871 929 898 textus
947 867 1036 907 juxta
1052 867 1233 897 versionem
1250 865 1416 905 Vulgatam
1433 864 1579 895 attulisse
1597 873 1660 898 me.

43 926 72 950 ut
86 921 319 952 Catholicorum
347 921 403 960 qui
429 921 458 951 ei
473 922 593 951 assueti
625 924 713 956 sunt,
735 921 906 951 commodo
931 919 1106 959 prtesutim
1135 918 1346 954 inservirem;
1369 921 1466 956 atque
1493 925 1555 947 non
1582 916 1661 947 Νονὶ

42 973 196 1009 duntaxat,
227 971 286 1002 sed
312 971 407 1003 etiam
431 971 557 1002 Veteris
581 971 778 1001 Testamenti
808 971 902 1002 verba
932 970 1098 1001 all‘erendo
1123 980 1131 1000 :
1160 969 1234 999 licet
1257 967 1528 1008 Thcophylactus,
1552 971 1662 1006 utpote

42 1024 159 1053 Gnaeus
187 1026 310 1057 auctor,
329 1020 433 1060 quoad
466 1019 660 1057 secundum,
684 1024 794 1051 utatur
810 1021 960 1051 versione
986 1024 1047 1050 Τῶν
1075 1019 1173 1050 LXX.
1202 1019 1280 1050 Cum
1306 1026 1381 1049 vero
1400 1017 1542 1056 Vulgataa
1569 1017 1663 1048 verba

41 1074 114 1103 adeo
129 1071 297 1102 dilferrent
314 1079 332 1102 a
348 1071 454 1102 Verbis
471 1080 526 1109 per
536 1070 812 1110 Theophylactum
830 1071 947 1106 allatis,
962 1074 995 1101 ut
1010 1070 1080 1110 ejus
1106 1069 1160 1101 ﬁni
1183 1069 1316 1100 minime
1334 1072 1549 1100 consentanea
1567 1068 1661 1100 vidc-

44 1127 156 1159 rentur,
174 1127 250 1152 tunc
264 1122 408 1161 pressius
435 1129 472 1152 ea
489 1125 611 1151 vertere
629 1120 847 1152 necessarium
865 1121 999 1152 omnino
1017 1121 1120 1151 visum
1140 1123 1200 1150 est.

79 1172 110 1202 L.
131 1173 198 1202 1am
223 1179 312 1210 vero,
341 1171 439 1202 lector
467 1171 598 1212 optime,
630 1171 728 1202 habes
757 1171 915 1207 omnium,
947 1180 1020 1211 quae
1048 1175 1154 1202 tomus
1182 1171 1242 1201 iste
1267 1169 1500 1209 complectitur,
1528 1177 1661 1208 operum

45 1220 218 1260 laborisque
236 1229 253 1251 a
271 1229 321 1251 me
334 1221 366 1251 in
383 1228 421 1252 eo
437 1220 593 1260 insumpti
613 1219 783 1250 rationem.
798 1220 909 1257 Quoad
928 1219 1090 1259 duplicem
1114 1219 1200 1250 enim
1216 1220 1369 1254 Iudicem,
1384 1219 1528 1249 Granum
1545 1225 1659 1255 unum,

44 1271 237 1311 alterumque
253 1271 413 1307 Latinum,
430 1279 513 1311 quos
533 1274 694 1309 postremo
722 1269 792 1300 loco
809 1269 924 1309 adjeci,
950 1269 1029 1300 nihil
1055 1269 1169 1305 habeo,
1192 1269 1279 1309 quod
1296 1268 1410 1302 dicam.
1430 1267 1491 1298 nisi
1510 1275 1558 1296 me
1573 1266 1603 1296 in
1622 1274 1661 1297 eo

44 1328 196 1360 spectasse
213 1323 373 1353 delectum
393 1322 501 1361 potius
516 1329 610 1361 quam
623 1321 760 1359 copiam.
777 1319 862 1351 Nihil
888 1320 983 1350 etiam
997 1323 1037 1350 de
1063 1320 1286 1359 impressionis
1301 1322 1446 1350 accurata
1462 1315 1662 1349 correctione

45 1372 156 1411 dicam;
169 1374 290 1413 quippe
310 1382 382 1413 qua;
403 1374 441 1404 ad
465 1382 514 1404 me
531 1381 594 1403 non
617 1375 751 1411 spectat,
766 1371 824 1402 sed
840 1371 878 1402 ad
894 1379 970 1402 eum
990 1372 1046 1411 qui
1062 1371 1239 1411 specimiua
1263 1372 1417 1402 correxit.
1436 1371 1547 1401 Solum
1565 1369 1664 1409 igitur

44 1431 122 1454 nunc
146 1427 309 1462 superest,
338 1427 373 1454 ut
398 1427 427 1454 te
451 1423 548 1454 etiam
570 1426 668 1461 atque
700 1422 794 1452 etiam
825 1429 947 1460 rogem,
978 1430 1084 1453 meum
1114 1421 1200 1452 hunc
1234 1421 1493 1460 qualemcunque
1521 1420 1662 1451 laborem

44 1478 74 1503 ut
87 1473 111 1503 si
130 1474 264 1513 probare
282 1474 415 1505 omnino
430 1481 492 1504 non
523 1473 640 1512 possis,
660 1476 809 1503 conatum
828 1471 940 1503 saltem
973 1480 1079 1504 meum
1103 1480 1196 1512 aequo
1212 1477 1367 1512 gratoque
1391 1472 1499 1503 animo
1515 1471 1662 1512 excipere

44 1524 129 1555 velis.

44 1736 216 1776 Nobilibus.
232 1737 398 1776 generosis
416 1739 512 1772 atque
531 1733 864 1776 magniticis‘virisp.
880 1735 986 1765 Marco
1003 1736 1159 1776 etJoanui
1177 1734 1515 1776 Faecenisl'ratribus,
1531 1732 1663 1776 Antonii

78 1775 162 1812 ﬁliis,
177 1772 385 1814 Kirchpergm
403 1779 434 1806 et
449 1772 698 1805 Weissenborni
717 1773 994 1814 baronibustetc”
1011 1775 1152 1805 dominis
1180 1775 1250 1806 suis
1275 1774 1474 1805 charissimis
1491 1777 1522 1804 et
1552 1772 1664 1804 amicis

78 1815 222 1852 summis,
245 1812 440 1846 Laurentius
457 1813 634 1850 SlFANUS,
647 1812 883 1849 Pruusfeldius,
899 1813 929 1843 J.
945 1813 981 1844 U.
1000 1814 1127 1851 Doctor,
1144 1814 1174 1844 ς.
1191 1815 1223 1845 Ρ.
1243 1815 1278 1844 D.

85 1930 150 1958 Cum
178 1931 279 1959 abhinc
302 1930 460 1962 triennium,
489 1931 540 1958 viri
569 1931 706 1965 generosi,
726 1931 865 1959 Arnoldius
888 1930 1098 1962 Bircomannus.
1123 1930 1330 1967 Agrippinensis
1355 1928 1512 1965 bibliopola,
1529 1929 1579 1957 hoc
1597 1936 1666 1965 opus

45 1979 206 2007 scltoliorum
222 1980 250 2006 in
271 1980 338 2006 Acta
354 1979 505 2015 apostolica
522 1978 576 2006 divi
591 1978 681 2010 Lucae.
700 1986 731 2005 ex
748 1979 858 2007 Austria
880 1987 895 2006 a
918 1979 1074 2007 clarissimo
1090 1979 1149 2006 viro
1169 1979 1200 2006 D.
1215 1978 1320 2006 Joanne
1343 1979 1481 2006 Sambuco
1500 1979 1533 2004 ad
1551 1986 1580 2005 se
1597 1979 1667 2005 niis-

46 2031 112 2056 sum,
126 2025 192 2052 mihi
210 2025 382 2053 exhibuisset
397 2033 404 2051 :
420 2024 493 2059 quod
511 2029 569 2051 erat
586 2024 727 2058 exemplar
739 2024 904 2057 obsoletum,
920 2029 947 2052 et
969 2024 1130 2060 compendio
1147 2025 1299 2052 litterarum
1329 2024 1397 2052 adeo
1415 2024 1572 2051 intricatum
1584 2029 1667 2059 atque

45 2073 227 2104 obscuratum,
242 2077 272 2100 ut
285 2073 320 2100 ab
338 2073 484 2100 admodum
502 2072 597 2107 paucis
611 2071 732 2100 Coloniae
749 2072 800 2107 legi
820 2077 922 2106 posset,
939 2081 1044 2101 mecum
1060 2080 1140 2108 agere
1156 2073 1250 2106 coepit,
1263 2077 1292 2099 ut
1305 2072 1472 2107 susciperem
1486 2072 1545 2107 ejus
1559 2072 1666 2100 descri-

45 2119 118 2146 beudi
133 2120 265 2148 laborem.
281 2120 358 2147 Haud
376 2120 450 2148 enim
469 2120 612 2155 ignorabat
627 2128 669 2147 me
693 2120 758 2147 olim
776 2120 890 2147 Lutetiae
907 2121 1042 2154 ejusmodi
1060 2121 1251 2150 describendis
1267 2121 1384 2148 vetustis
1399 2121 1539 2147 codicibus
1559 2120 1665 2149 Grmcis

45 2166 228 2199 exercitatum,
246 2166 318 2194 haud
337 2167 452 2193 multum
465 2167 492 2193 in
507 2166 626 2194 lectione
650 2174 711 2194 esse
731 2166 932 2194 laboraturum.
951 2166 1007 2201 Ego
1032 2175 1098 2195 vero
1125 2176 1186 2195 cum
1212 2167 1389 2201 intelligerent
1408 2175 1470 2194 cum
1503 2175 1572 2201 opus
1597 2167 1664 2194 illud

45 2210 131 2238 (hince
145 2212 227 2239 simul
243 2216 271 2239 et.
287 2212 382 2239 Latine
403 2213 545 2247 divulgare
567 2214 594 2239 in
613 2213 706 2240 animo
720 2213 831 2245 habere,
859 2213 1002 2247 cupiebam
1019 2213 1128 2248 quidem
1148 2218 1175 2240 et
1192 2214 1229 2241 illi
1242 2221 1291 2248 pro
1309 2213 1430 2239 amicitia
1447 2220 1550 2240 morem
1568 2220 1665 2248 gerere

46 2261 66 2280 cl
84 2257 195 2290 publicae
212 2257 325 2285 utilitati
344 2258 490 2286 consulere
507 2267 516 2292 ;
531 2259 578 2286 sed
594 2258 750 2286 deterrebat
767 2267 810 2286 me
825 2267 886 2286 cum
901 2259 1045 2294 scriptura:
1060 2259 1168 2287 exilitas
1185 2260 1273 2287 oculis
1295 2259 1415 2292 inimica,
1433 2263 1489 2285 tum
1509 2261 1662 2294 exemplum

47 2306 129 2332 minus
144 2306 331 2339 emendatum,
346 2306 497 2341 praesertim
513 2313 574 2333 cum
592 2307 702 2334 deesset
716 2307 789 2334 aliud
812 2307 998 2342 apograpbuin
1017 2308 1090 2334 unde
1111 2307 1210 2342 corrigi
1231 2308 1313 2342 hujus
1327 2311 1408 2343 atque
1430 2306 1570 2334 emendari
1597 2307 1661 2334 vitia

47 2357 158 2381 tossmt.
175 2352 280 2386 Itaque,
309 2360 466 2388 quanquam
484 2361 564 2388 a‘gre,
595 2353 720 2381 concessi
739 2358 829 2380 tamen
854 2354 968 2389 petenti,
987 2359 1014 2381 et
1040 2362 1096 2381 rem
1113 2354 1222 2388 suscepi
1245 2363 1252 2382 :
1269 2359 1295 2382 et
1311 2363 1372 2382 cum
1398 2354 1513 2381 vitanda:
1530 2353 1664 2387 pestilch

45 2399 206 2433 (satagionis
221 2406 304 2426 causa
319 2407 361 2426 me
375 2399 402 2425 in
418 2399 533 2434 patriam
546 2407 580 2426 ex
602 2399 670 2426 urbe
685 2399 862 2434 recepissem,
878 2398 950 2434 apud
966 2399 1098 2426 Jacobum
1114 2399 1281 2426 Paulinsium
1296 2400 1420 2427 abbatem
1438 2399 1554 2427 emnohii
1574 2398 1664 2425 Stein-

46 2442 129 2475 vcldii,
144 2444 234 2471 virum
252 2449 280 2471 et
304 2443 413 2475 litteris,
430 2447 458 2471 et
476 2444 588 2479 pietate,
618 2448 645 2471 et
669 2444 813 2479 prudentia
837 2445 1054 2478 ornatissimum,
1072 2445 1123 2472 hoc
1137 2453 1206 2480 opus
1222 2446 1292 2472 haud
1310 2446 1370 2473 sine
1390 2446 1510 2472 maximo
1523 2445 1615 2472 labore
1631 2451 1663 2470 ac

46 2489 145 2518 laesione
162 2492 305 2519 oculorum
319 2492 452 2526 descripsi
468 2501 475 2522 ;
496 2492 569 2527 quod
588 2492 634 2519 ubi
656 2492 851 2527 transcriptum
870 2493 1052 2520 Bircomauno
1069 2492 1180 2519 tradidi.
1196 2492 1242 2519 Ille
1255 2500 1335 2526 porro
1351 2501 1457 2520 mecum
1472 2500 1551 2528 agere
1569 2491 1664 2527 cmpit,

46 2540 72 2562 ut
87 2538 154 2571 quod
167 2539 376 2573 descripserant,
393 2539 474 2566 ctiam
490 2544 679 2567 converterem
696 2539 723 2566 iu
736 2547 888 2567 sermonem
905 2540 1043 2567 Latinum.
1057 2541 1113 2575 Ego
1128 2547 1192 2566 vero
1208 2539 1299 2575 (quod
1317 2539 1388 2566 haud
1407 2540 1563 2575 ignorabam
1580 2547 1665 2574 quan-

46 2587 130 2616 lvpere
145 2584 209 2611 mihi
223 2584 394 2611 astuaudutn
413 2590 497 2619 atque
509 2585 662 2612 sudandum
679 2591 749 2614 esset
766 2586 792 2612 in
809 2593 903 2620 opere,
921 2586 1001 2620 cujus
1015 2595 1100 2613 unum
1117 2587 1251 2613 duntaxat
1265 2588 1386 2612 exstaret
1400 2585 1563 2620 exemplum,
1582 2585 1663 2620 idque

48 2629 131 2657 multis
147 2631 174 2657 in
191 2631 258 2658 locis
275 2630 404 2657 mutilum
420 2635 502 2665 atque
515 2631 718 2667 depravatum),
734 2632 931 2667 aliquantisper
950 2638 1106 2666 cunctatus,
1124 2633 1232 2661 laudent
1253 2631 1392 2663 Ecclesiae,
1406 2631 1431 2657 iu
1451 2636 1503 2657 tam
1522 2633 1580 2659 utili
1595 2640 1664 2667 prm-

46 2677 131 2704 sertim
157 2686 189 2705 ac
209 2680 254 2713 pio
272 2687 364 2714 opere.
388 2679 516 2714 juvantis:
537 2679 640 2713 studio,
661 2685 742 2714 atque
763 2681 844 2707 etiam
863 2680 996 2708 tolerabili
1018 2688 1032 2707 a
1052 2679 1236 2708 Birconianno
1250 2679 1389 2715 proposita
1416 2679 1584 2712 conditione,
1605 2688 1661 2708 rem

46 2727 182 2756 aggressus
199 2731 260 2751 sum
279 2733 286 2751 :
303 2732 335 2752 ac
360 2724 404 2751 vix
434 2724 543 2751 tandem
559 2725 674 2752 absolvi.
693 2725 760 2752 Nam
777 2733 976 2761 sapenumero,
999 2726 1062 2753 dum
1084 2726 1110 2752 in
1127 2726 1186 2754 loca
1204 2726 1298 2753 mutila
1312 2729 1394 2760 atque
1409 2730 1535 2760 corrupta
1559 2725 1661 2752 incide-

47 2765 111 2800 bam.
125 2769 203 2796 taedio
227 2770 328 2797 laboris
354 2770 511 2806 frequenter
537 2772 618 2804 irriti,
633 2780 665 2800 ac
687 2774 884 2808 propemodum
911 2773 1101 2808 desperatione
1119 2774 1156 2801 rei
1184 2773 1299 2800 feliciter
1323 2773 1495 2801 absolvenda!
1514 2772 1595 2808 (cum
1612 2780 1661 2800 nec

46 2819 143 2849 semper
159 2815 245 2843 otium
261 2817 356 2851 esset),
373 2817 407 2845 ab
420 2825 502 2852 opere
517 2819 634 2851 cessavi,
647 2819 718 2854 quod
736 2820 897 2855 plerumque
912 2820 994 2847 etiam
1011 2819 1101 2847 facere
1115 2819 1201 2851 soleo,
1214 2819 1257 2847 ubi
1277 2819 1342 2846 mihi
1360 2819 1416 2854 ipse
1430 2827 1483 2846 non
1503 2818 1658 2846 satisfacio:

46 2867 90 2889 nec
102 2863 172 2891 cnim
186 2864 252 2892 mihi
269 2866 433 2901 persuadere
448 2874 572 2903 possunt,
594 2868 628 2896 ab
643 2867 704 2896 aliis
717 2867 860 2903 probatura
877 2868 921 2900 iri,
937 2868 1007 2903 quod
1025 2867 1203 2903 inibimctipsi
1213 2867 1362 2902 displiceat.
1379 2866 1472 2902 itaque
1483 2875 1543 2894 cum
1561 2874 1656 2902 perpe-
