1897 3052
190 137 245 170 4-79
711 137 921 168 LAURENTII
947 137 1075 168 SIFANI
1093 137 1300 168 PRJEFATIO.
1764 136 1835 172 480

191 201 268 222 tuum
286 194 313 222 in
331 193 515 223 convertendo
535 201 637 221 morem
653 201 762 222 servare
774 195 859 227 soleo,
870 199 962 221 utnon
978 198 1040 222 ante
1056 201 1164 229 pergam
1180 202 1261 230 opere
1273 195 1408 227 instituto,
1423 203 1504 230 quam
1518 195 1617 230 prioris
1634 195 1687 223 diei
1710 195 1836 223 labores

195 249 390 276 recognovcro,
408 245 435 268 et
450 248 536 276 usque
551 247 582 268 eo
600 248 755 275 corrcxcro,
770 246 798 268 ut
815 242 907 269 animo
923 248 983 268 tneo
998 241 1088 276 aliquo
1104 242 1185 269 modo
1202 242 1328 270 satisﬁat.
1349 241 1386 269 Ac
1402 249 1556 277 quanquaut
1572 241 1636 268 ntibi
1651 249 1704 268 non
1717 242 1837 276 ubique

193 288 313 316 satisfeci
347 289 404 322 (qui
425 287 496 314 cnitn
513 287 662 322 potuissem
678 288 704 314 in
723 288 757 316 iis
775 289 854 320 locis,
867 288 913 315 ubi
930 293 1059 322 corrupto
1074 290 1182 322 penitus
1197 296 1228 315 ac
1242 288 1366 315 mutilato
1381 288 1538 323 apographo
1549 288 1725 322 conjecturas
1742 285 1835 321 sequi

196 343 308 362 necesse
323 334 404 361 habui
418 334 452 369 '2),
469 334 552 361 malui
569 337 660 361 tamen
677 342 706 362 re
719 339 846 370 suscepta
864 335 942 361 fidem
955 342 1044 362 tncarn
1062 335 1189 367 liberare,
1204 343 1255 363 nec
1266 335 1406 362 hominum
1421 335 1655 369 exspectationem
1672 333 1815 362 frustrari
1828 361 1836 366 ,

196 384 223 408 et
243 381 344 414 aliqttid
360 381 451 415 potius
465 380 491 406 in
512 384 589 414 parte
604 380 706 414 operis,
721 381 792 416 quod
810 380 956 415 aliquando
972 380 1118 413 sarciatur,
1146 380 1239 408 minus
1253 379 1373 415 probari.
1388 387 1468 414 quam
1486 383 1573 406 totum
1588 386 1657 413 opus
1677 379 1726 405 diu
1747 378 1838 405 desi-

198 427 300 454 derari.
316 426 428 454 Habetis
449 427 530 454 simul
548 426 693 454 ccasiliuni
710 434 799 453 nteuttt
814 426 840 453 in
858 426 1032 460 suscipienda
1046 433 1086 458 rc,
1103 431 1128 453 et
1147 434 1176 453 re
1191 430 1330 460 suscepta,
1345 433 1458 453 causam
1473 433 1522 452 cur
1537 430 1592 452 tam
1609 432 1673 452 sero
1686 431 1759 458 opus
1776 423 1842 450 ab-

194 473 314 501 solutum
342 476 424 506 atquc
441 472 592 508 perfectum
614 471 728 507 prodeat
756 472 783 499 in
810 473 909 498 lucem.
933 471 1001 498 Cum
1017 471 1101 506 igitur
1118 472 1193 506 operi
1207 471 1263 506 jam
1282 471 1478 506 propemodum
1495 471 1558 498 ﬁnis
1573 471 1722 505 impositus
1739 472 1839 501 esset,

197 523 279 552 atque
294 524 345 552 ego
361 524 466 544 mecum
479 517 658 544 deliberarent
672 522 754 551 atque
766 517 950 544 consultarent
967 524 1048 551 quem
1066 517 1108 544 bis
1128 516 1269 544 laboribus
1286 516 1353 544 meis
1368 516 1543 550 potissimum
1565 516 1723 551 deligerent»
1732 520 1840 549 patra-

196 571 272 593 ittint,
291 561 387 589 amicis
403 561 464 588 aliis
483 562 674 596 alios,cosque
688 561 872 596 amplissimos
883 561 992 595 quidem
1008 561 1092 594 viros,
1107 561 1154 590 sed
1169 562 1332 595 quibuscum
1350 561 1500 588 mihinth
1511 561 1708 596 propemodum
1727 560 1838 587 notitia

197 609 392 641 itttercederet,
424 610 662 644 proponentibus:
693 616 742 644 ego
769 617 831 636 cunt
863 609 984 643 ineptum
1005 613 1032 636 et
1048 610 1232 644 importunum
1250 616 1311 636 esse
1332 609 1500 643 judicaham,
1518 616 1679 643 magnorum
1699 608 1838 634 virorum

195 664 347 692 coruntque
361 657 526 692 ignotorum,
540 660 567 683 et
581 656 614 683 ad
631 664 700 690 quos
715 657 819 683 nullum
840 656 902 690 quis
916 655 1019 682 aditum
1038 656 1144 688 habeat,
1163 656 1298 682 amicitias
1315 659 1452 690 appetere,
1469 662 1501 682 ac
1517 663 1577 683 sese
1595 663 1649 682 non
1668 654 1754 681 modo
1769 661 1843 681 ser-

197 702 296 734 t-iliter,
312 709 404 728 verum
424 702 506 729 etiam
524 702 696 736 impudenter
710 702 853 729 insinuare
871 706 948 728 :tuin
965 709 1032 729 mea:
1049 706 1154 728 natura:
1169 706 1252 736 atque
1277 702 1385 737 ingenio
1401 701 1526 728 videbam
1545 708 1602 728 rem
1625 709 1687 728 esse
1705 701 1842 728 maxime

197 751 341 778 adversam
356 755 382 778 ct
397 751 548 779 inimicam.
563 751 652 786 Atque
670 751 742 779 haud
759 751 918 786 ignorabant
930 759 987 783 eos,
1007 752 1106 786 quibus
1128 751 1229 786 ignotis
1247 751 1379 785 ejusmodi
1396 751 1485 778 honos
1502 750 1629 782 habetur,
1646 757 1701 776 non
1719 749 1843 783 absque

198 807 282 826 causa
295 799 430 833 suspicari
446 799 534 826 solere
551 807 628 826 suam
641 799 675 826 ab
691 798 850 826 hominibus
864 799 1029 834 importunis
1046 799 1261 826 muniﬁcentiam
1278 803 1361 833 atque
1374 799 1562 826 liberalitatem
1586 796 1731 824 sollicitari
1751 804 1759 823 :
1782 795 1842 822 sed

198 845 220 870 si
237 846 299 880 quis
317 845 448 872 beneﬁcio
463 845 577 873 allectus
591 845 674 872 animi
695 845 738 873 sui
756 845 950 880 gratitudinem
965 846 1106 873 declarare
1118 845 1235 878 studeat.
1245 853 1308 872 eum
1328 852 1382 872 non
1401 844 1482 872 ntodo
1499 852 1553 871 non
1568 843 1718 875 offendere,
1732 849 1841 869 verum

198 891 281 918 etiam
296 890 414 924 laudettt,
429 891 452 918 si
462 891 530 918 nihil
543 891 615 918 aliud
633 891 764 925 proﬁciat,
778 891 812 918 ab
829 891 987 919 ltominibus
999 891 1070 918 ferre
1084 891 1183 918 solere.
1198 890 1264 924 Quae
1278 898 1340 917 cum
1355 891 1446 917 animo
1457 890 1599 925 agitarem,
1617 894 1699 924 atque
1717 888 1842 923 perple-

200 945 252 964 xus
269 937 398 965 luererem
414 938 459 965 cui
475 937 524 965 hos
542 945 618 965 meos
644 938 754 965 labores
769 937 872 973 absque
884 938 1036 966 olIensione
1064 943 1147 974 atque
1171 938 1371 965 obtrectatione
1385 938 1545 972 cujusquam
1574 938 1731 965 dedicarem
1759 937 1838 971 (non

200 982 274 1008 enim
291 982 437 1010 convenire
451 990 500 1010 nec
513 983 641 1018 expedire
655 983 807 1016 videbatur.
818 983 918 1010 librum
930 983 1034 1019 absque
1050 988 1164 1019 patrono
1174 989 1255 1018 atque
1268 983 1413 1011 defensore
1423 983 1554 1018 judicium
1565 984 1704 1011 hominum
1718 983 1838 1011 subire.

201 1031 354 1064 pratsertim
370 1030 450 1065 cujus
469 1035 565 1058 auctor
580 1031 662 1058 etiam
678 1038 752 1058 nunc
766 1035 923 1066 superesset
938 1040 945 1058 :
969 1033 1070 1067 quippe
1084 1040 1146 1059 cum
1173 1032 1226 1059 vivi
1255 1033 1342 1067 magis
1365 1039 1445 1066 qttam
1470 1032 1569 1059 mortui
1586 1031 1696 1058 invidia:
1711 1031 1838 1058 obnoxii

200 1077 286 1103 simus
300 1081 327 1103 et
339 1077 558 1105 obtrectantibus
572 1078 742 1113 opportuni),
760 1085 808 1105 vos
823 1077 888 1104 inilti
902 1078 929 1105 in
945 1079 1053 1114 primis,
1067 1083 1096 1106 ut
1109 1087 1159 1114 par
1173 1083 1226 1111 est,
1241 1079 1268 1106 in
1284 1084 1403 1106 mentem
1415 1078 1541 1111 venistis,
1559 1078 1658 1112 quibus
1674 1085 1730 1105 non
1748 1079 1840 1105 ntodo

201 1126 314 1158 propter
329 1129 431 1156 vetera,
444 1131 537 1151 verum
556 1124 638 1151 etiam
657 1124 692 1151 ob
708 1125 827 1152 recentia
846 1125 954 1156 merita,
981 1126 1038 1153 imo
1060 1133 1127 1153 vero
1144 1130 1255 1160 propter
1273 1130 1432 1160 perpetuam
1455 1132 1518 1159 erga
1542 1132 1584 1152 nte
1614 1124 1837 1151 beneficentiam

201 1173 281 1203 atque
296 1169 493 1201 liberalitatem,
510 1170 631 1196 omniunt
646 1170 724 1204 longe
738 1170 887 1205 plurimum
910 1169 1048 1197 deberem.
1063 1171 1122 1198 Non
1148 1179 1190 1198 me
1213 1170 1344 1205 praeterit,
1375 1169 1492 1197 auribus
1521 1170 1618 1197 vestris
1641 1169 1779 1204 ingratam
1808 1172 1838 1194 et

201 1214 378 1249 lnjucundam
399 1222 460 1242 esse
489 1215 662 1242 immodicam
683 1223 714 1243 ac
729 1217 839 1243 nimiam
860 1216 1032 1244 liberalitatis
1047 1221 1144 1244 vestra:
1174 1217 1393 1251 pra'dicationem
1414 1224 1420 1242 :
1442 1223 1535 1242 verum
1551 1215 1623 1246 date,
1637 1222 1740 1249 quaeso,
1758 1214 1839 1240 hanc

201 1261 310 1288 veniam
326 1261 403 1292 mihi,
419 1260 464 1288 cui
481 1261 548 1288 nihil
566 1269 685 1296 unquam
701 1263 802 1297 petcttti
817 1263 984 1298 denegastis,
999 1262 1047 1290 sed
1068 1263 1184 1296 plurima
1208 1270 1260 1289 non
1278 1262 1379 1296 petenti
1396 1262 1540 1293 tribuistis,
1556 1266 1585 1287 ut
1599 1261 1758 1288 summatim
1773 1260 1835 1287 sal‘

202 1310 257 1333 tem
270 1306 296 1333 in
317 1314 360 1334 me
371 1307 470 1334 collata
489 1307 621 1336 beneficia
637 1314 726 1336 vestra
743 1318 912 1345 percurram.
928 1309 996 1337 Nam
1020 1310 1105 1344 patris
1123 1310 1218 1342 vestri,
1242 1310 1401 1344 amplissimi
1420 1314 1500 1344 atque
1515 1309 1610 1344 optimi
1640 1308 1703 1340 viri,
1730 1309 1758 1334 in
1788 1315 1841 1334 nte

203 1359 311 1379 sutmua
324 1353 424 1379 collata
441 1354 583 1385 beneﬁcia.
603 1355 657 1382 alio
677 1355 736 1381 lceo
753 1355 861 1382 abunde
878 1355 945 1382 satis
961 1356 1183 1388 commemoravi,
1202 1363 1258 1390 quo
1274 1356 1327 1382 vita
1344 1355 1483 1386 defuncto,
1501 1362 1550 1382 vos
1566 1361 1619 1381 non
1635 1353 1717 1380 modo
1741 1353 1840 1380 facul-

203 1404 289 1426 tatum
302 1404 329 1427 et
343 1408 425 1435 opum
439 1401 513 1428 illius
527 1401 649 1429 haeredcs
666 1402 822 1434 exstitistis,
836 1410 931 1429 verum
947 1402 1028 1429 etiaut
1045 1403 1177 1429 virtutum
1201 1408 1229 1430 et
1251 1402 1423 1430 liberalitatis
1446 1401 1472 1428 in
1493 1401 1589 1436 primis
1608 1401 1762 1428 imitatores
1778 1400 1842 1426 fui-

204 1445 255 1472 stis
274 1454 281 1472 :
298 1450 445 1480 quattanla
460 1448 564 1474 exstitit
587 1456 650 1483 erga
671 1456 724 1479 me.
748 1453 777 1475 tit
798 1449 870 1476 illius
890 1450 990 1476 mortui
1010 1448 1201 1476 liberalitatem
1224 1454 1306 1484 atqtte
1332 1448 1544 1476 muniﬁcentiam
1568 1447 1639 1475 haud
1663 1454 1840 1482 magnopere

204 1493 397 1520 desiderarim.
413 1494 492 1528 Nam,
509 1496 689 1530 utsupcriora
710 1501 880 1530 prteteream,
899 1504 960 1530 quae
985 1496 1138 1531 frcquetttia
1163 1503 1244 1531 atque
1267 1496 1386 1531 ingentia
1412 1495 1532 1528 fuerunt,
1555 1494 1673 1530 primum
1696 1501 1746 1520 vos
1769 1496 1840 1518 ante

206 1537 358 1572 biennium,
382 1547 442 1566 cum
470 1541 497 1568 in
523 1542 573 1569 ltoc
595 1549 676 1577 opere
702 1551 835 1574 versarer,
861 1544 927 1570 nihil
942 1543 994 1570 tale
1011 1551 1065 1571 non
1083 1543 1163 1570 modo
1182 1544 1292 1577 petenti,
1310 1550 1403 1570 verum
1419 1543 1500 1570 etiam
1520 1550 1554 1569 ne
1567 1541 1697 1577 cogitanti
1719 1540 1837 1574 quidem

207 1584 304 1611 bonam
324 1585 445 1617 pccnnize
472 1594 606 1613 summam
629 1587 694 1614 tnilti
722 1588 891 1622 suppeditari
918 1596 949 1615 ac
976 1589 1182 1616 subministrari
1213 1588 1330 1615 curastis
1349 1596 1356 1614 ε
1377 1588 1484 1620 deinde,
1501 1586 1626 1620 cumjant
1639 1585 1837 1612 liberalitatem

205 1633 324 1656 vestram
338 1630 419 1658 citius
437 1630 575 1666 fatigatam
588 1639 648 1659 csse
660 1633 817 1666 suspicatus
840 1633 962 1665 fuissem.
979 1640 1061 1667 quant
1093 1633 1196 1667 aliquid
1221 1632 1356 1667 ejusmodi
1372 1640 1494 1667 sperare,
1515 1631 1613 1658 nedum
1630 1636 1732 1664 petere,
1746 1637 1838 1656 ausos

205 1684 307 1708 essent,
324 1681 387 1703 ante
403 1684 507 1711 paucos
519 1685 628 1705 menses
640 1679 793 1712 praeteritos
805 1687 882 1714 anque
897 1687 994 1714 magna
1008 1683 1089 1713 atque
1106 1679 1216 1706 biennio
1233 1683 1298 1706 ante
1311 1687 1353 1706 mc
1366 1686 1470 1706 summa
1485 1678 1612 1713 pecuniae
1619 1677 1755 1704 donastis.
1772 1677 1836 1709 Quo

207 1722 339 1749 beneficio
362 1727 485 1756 tetnpore
515 1725 777 1758 opportunissimoa
792 1726 870 1752 vobis
885 1731 1008 1761 accepto,
1027 1733 1088 1752 cum
1106 1726 1232 1752 videlicet
1259 1725 1437 1753 deliberarem
1467 1733 1546 1759 quem
1576 1714 1749 1758 potissimum
1770 1725 1836 1750 huic

206 1767 296 1801 partui
313 1775 373 1795 meo
393 1772 510 1796 tutorem
526 1777 558 1797 ac
578 1770 749 1798 defensorem
769 1779 906 1806 pararem,
928 1773 1018 1800 omnis
1044 1772 1178 1799 dubitatio
1201 1772 1394 1806 cunctatioquc
1413 1771 1478 1798 mihi
1496 1769 1690 1805 propemodum
1705 1775 1834 1805 exempta

206 1817 249 1839 est
266 1821 273 1839 :
291 1821 352 1840 nam
370 1814 490 1842 restabat
506 1816 588 1842 etiam
603 1824 676 1844 nunc
695 1818 840 1853 scrupulus
858 1826 939 1846 unuS.
961 1817 1093 1851 Quoniam
1109 1818 1190 1844 etiam
1208 1817 1338 1849 sciebam,
1356 1825 1410 1852 quo
1427 1817 1517 1844 minus
1532 1815 1670 1851 appetitis,
1689 1823 1723 1842 eo
1740 1816 1836 1850 plures

207 1858 406 1887 vobishonores
416 1861 526 1894 deferri,
534 1869 565 1902 ac
575 1863 675 1891 multos
687 1863 910 1892 homincsdoctos
917 1865 994 1892 vobis
1003 1871 1068 1892 suos
1078 1863 1184 1891 labores
1197 1868 1277 1898 atque
1289 1863 1491 1890 lucubrationes
1505 1863 1654 1896 dedicasse,
1664 1862 1834 1890 subverebor

209 1912 244 1932 ne
262 1906 369 1933 animos
384 1910 490 1934 vestros
507 1907 606 1936 talibus
618 1909 705 1943 epulis
721 1910 835 1938 satiatos
849 1915 932 1945 atque
948 1910 1067 1944 repletos
1078 1909 1267 1943 intempestiva
1279 1909 1464 1936 benevolentia
1476 1909 1639 1936 oﬂenderem
1653 1909 1736 1936 citius
1750 1916 1832 1942 quant

207 1949 260 1976 hoc
274 1957 374 1984 genere
387 1951 466 1978 officii
483 1953 598 1986 gratiam
615 1961 628 1980 a
647 1954 725 1982 vobis
741 1954 851 1982 inirem.
865 1955 918 1982 Sed
936 1959 1026 1982 tamen
1046 1962 1107 1982 cum
1121 1954 1189 1982 liber
1197 1955 1300 1988 absque
1314 1959 1431 1989 patrono
1444 1955 1556 1981 ontnino
1572 1962 1625 1981 non
1639 1954 1832 1988 divulgandns,

212 2003 262 2022 nec
277 1996 418 2023 hominum
430 1996 536 2031 judicio
551 1999 723 2034 objiciendus
736 2008 799 2028 esse
816 2001 964 2033 videretur,
977 2005 1003 2028 et
1020 2008 1073 2027 non
1086 2000 1154 2027 satis
1166 1999 1210 2029 Die
1229 2007 1278 2026 nec
1295 2005 1369 2027 recte
1383 2008 1425 2027 me
1440 2000 1575 2026 facturum
1594 2007 1655 2026 esse
1665 1999 1831 2033 judicaretur,

213 2042 236 2068 si
251 2042 328 2069 vobis
346 2043 491 2076 prirtcritis
508 2045 576 2072 alios
590 2045 655 2072 mihi
671 2050 800 2080 patronos
813 2054 964 2080 qumrerem
978 2048 1043 2081 (non
1060 2048 1133 2074 enim
1149 2052 1310 2074 caterorum
1326 2046 1465 2072 hominum
1482 2045 1574 2072 cadent
1593 2052 1653 2079 quae
1665 2050 1756 2072 vestra
1771 2050 1833 2072 sunt

219 2089 316 2122 ndicia)
327 2089 409 2117 ntalni
420 2090 444 2117 in
458 2091 527 2118 hanc
540 2095 641 2126 partem
652 2100 772 2126 peccare,
783 2101 863 2128 quatit
871 2093 997 2127 cuiquam
1007 2093 1096 2120 minus
1105 2094 1229 2128 prudenti
1238 2101 1290 2121 non
1305 2093 1373 2120 satis
1383 2097 1477 2127 gratus
1494 2091 1590 2118 videri.
1601 2091 1659 2118 Non
1672 2092 1745 2118 enim
1758 2092 1833 2118 video

209 2142 258 2162 nec
279 2143 387 2170 sperare
400 2145 506 2170 possunt
527 2137 585 2164 fore
598 2138 746 2172 aliquando
759 2143 875 2173 tempus,
894 2146 948 2173 quo
960 2139 1014 2166 alio
1025 2139 1104 2166 ofﬁcii
1124 2147 1224 2174 genere
1237 2142 1318 2174 atque
1333 2139 1396 2170 hoc,
1411 2142 1500 2165 vestra
1518 2138 1647 2165 henelicia
1665 2138 1830 2165 remunerari

208 2181 323 2215 possim,
356 2182 457 2217 quippe
476 2191 538 2210 cum
561 2184 627 2210 nihil
647 2185 712 2210 inibi
741 2189 865 2219 suppetat
896 2189 994 2219 praeter
1020 2185 1199 2212 voluntatem.
1228 2184 1286 2212 lluc
1307 2185 1411 2211 accedit
1431 2184 1502 2218 quod
1523 2183 1648 2210 videbant
1666 2183 1739 2210 baud
1755 2183 1831 2210 facile

209 2226 279 2254 alios
303 2235 337 2253 ex
367 2235 481 2254 numero
499 2230 648 2256 amicorum
671 2235 769 2263 pra-ter
786 2238 834 2256 vos
853 2239 894 2257 me
912 2231 1031 2266 reperire
1053 2238 1144 2265 posse,
1168 2231 1213 2265 qui
1232 2238 1293 2257 cum
1313 2234 1422 2264 propter
1435 2229 1576 2264 utriusque
1592 2229 1689 2263 linguae
1706 2228 1830 2264 peritiam

211 2274 282 2302 haud
301 2276 436 2311 vulgarent
453 2277 556 2311 optimc
582 2277 616 2304 de
641 2277 797 2310 bujusntndi
827 2279 935 2313 scriptis
961 2278 1087 2313 judicare
1103 2281 1223 2313 possent,
1251 2282 1307 2304 tum
1334 2277 1450 2304 candide
1462 2282 1544 2311 atque
1562 2275 1829 2309 sincerejudicaturi

212 2326 312 2348 essent.
328 2322 511 2355 Quamobrem
527 2332 541 2350 a
555 2323 632 2351 vobis
650 2333 698 2359 pro
716 2329 804 2351 vestra
824 2325 850 2351 in
872 2333 913 2352 mc
929 2330 1058 2358 perpetua
1071 2332 1103 2351 ac
1121 2324 1237 2351 maxima
1250 2323 1436 2351 benevolentia
1451 2322 1582 2356 majoretn
1601 2322 1628 2348 iit
1648 2321 1759 2348 moduni
1773 2324 1830 2355 peto

210 2375 367 2404 qumsoque,
384 2374 411 2396 ut
424 2369 496 2397 hunc
513 2377 624 2404 parvunt
637 2375 664 2397 et
678 2371 805 2403 exiguum
823 2374 940 2404 partum,
956 2377 1036 2404 quem
1050 2370 1127 2396 vobis
1144 2370 1170 2396 in
1187 2369 1339 2396 clientelam
1355 2372 1382 2395 et
1400 2368 1478 2395 ﬁdem
1494 2367 1665 2399 commendo,
1681 2367 1716 2394 ab
1736 2366 1831 2394 invidit

211 2414 284 2442 ontni
305 2422 357 2449 ope
370 2415 452 2448 tueri,
466 2423 481 2442 a
496 2416 742 2443 calumniatoribus
757 2420 782 2442 et
796 2415 1028 2443 obtrectatoribus
1046 2415 1175 2443 omttihus
1193 2416 1296 2442 viribus
1312 2414 1460 2442 defendere
1476 2413 1565 2440 velitis
1585 2421 1593 2439 :
1610 2412 1658 2447 qui
1674 2412 1697 2439 si
1720 2419 1736 2439 ι
1758 2413 1830 2438 vobis

210 2461 309 2497 digitus
335 2460 471 2496 judicatus
500 2461 580 2488 fuerit
604 2468 683 2495 quem
708 2461 919 2495 amplectantini,
944 2468 1025 2495 quem
1057 2461 1083 2487 in
1107 2460 1236 2487 familiam
1267 2465 1383 2488 vestram
1420 2459 1559 2494 recipiatis
1573 2463 1655 2492 atque
1669 2457 1794 2490 foveatis,
1809 2458 1828 2483 si

214 2509 373 2537 hominibus
394 2510 446 2543 piis
461 2515 485 2536 et
498 2509 631 2536 studiosis
646 2508 795 2544 aliquando
812 2509 888 2536 utilis
908 2507 1000 2539 fuerit,
1017 2508 1086 2535 nihil
1104 2508 1171 2535 mihi
1195 2509 1258 2534 istic
1282 2507 1436 2539 vindicabo,
1465 2507 1493 2533 in
1511 2513 1560 2533 vos
1579 2512 1675 2533 omnes
1688 2512 1779 2531 meum
1789 2504 1829 2538 jus

212 2555 359 2586 transfero,
373 2562 490 2588 quorum
506 2554 606 2589 opibus
621 2555 733 2589 adjutus
748 2559 774 2581 et
789 2558 969 2587 sustentatus,
989 2554 1062 2581 hunc
1078 2553 1172 2581 fretum
1189 2553 1304 2587 produxi
1332 2561 1339 2579 :
1367 2553 1414 2587 qui
1430 2552 1518 2580 sicubi
1535 2551 1685 2579 deformior
1710 2551 1829 2578 minusve

213 2601 348 2636 perfectus
365 2605 392 2627 et
419 2601 444 2627 in
467 2600 556 2635 aliqua
576 2605 651 2634 parte
668 2600 709 2627 sui
731 2599 841 2629 niutilns
856 2606 888 2626 ac
902 2598 1066 2634 depravatus
1083 2599 1250 2633 apparuerit,
1273 2597 1325 2625 hoc
1340 2598 1437 2633 partim
1455 2597 1530 2624 vitiis
1541 2596 1636 2624 matris
1647 2596 1758 2627 Grecae,
1773 2601 1829 2630 qua:

213 2649 279 2676 mihi
294 2648 366 2675 haud
381 2649 537 2683 incorrupta
548 2648 693 2676 conciliata
709 2651 759 2678 cst,
774 2646 947 2673 attribuitotc
967 2655 972 2672 :
991 2645 1090 2680 partim
1108 2653 1174 2673 mea:
1187 2645 1357 2672 inbecillitati
1370 2645 1548 2680 assignatote,
1567 2651 1582 2671 a
1607 2651 1672 2678 quo,
1688 2646 1829 2676 superante

214 2695 285 2721 malo
299 2694 371 2721 vires
390 2699 417 2721 ct
433 2694 571 2728 ingenium
588 2694 713 2724 artiﬁcis,
730 2693 821 2719 omnia
851 2691 952 2726 corrigi
979 2695 1006 2718 ct
1034 2690 1173 2718 emendari
1195 2698 1247 2717 non
1276 2695 1433 2725 potuerunt.
1453 2690 1519 2717 Nam
1536 2690 1558 2718 si
1573 2691 1636 2724 quis
1664 2689 1783 2723 iniquior
1805 2693 1828 2714 ct

215 2740 362 2773 malignior
379 2738 461 2772 judex
484 2741 551 2771 lucc,
567 2746 626 2772 quia
645 2738 679 2765 de
696 2737 791 2764 matris
807 2737 906 2764 Grzeeat
925 2737 997 2763 vitiis
1012 2736 1083 2768 dico,
1104 2737 1193 2763 minus
1213 2736 1320 2764 sincera
1337 2741 1418 2770 atque
1432 2735 1536 2770 integra
1553 2735 1604 2762 ﬁde
1624 2742 1638 2761 a
1662 2742 1704 2760 itte
1718 2733 1826 2768 proferri

216 2787 411 2821 ειιειιὶεςιὺίιιιτ.
426 2786 572 2820 producant
599 2794 693 2814 eorum
708 2793 768 2820 quae
785 2785 846 2812 dico
864 2784 1110 2819 loettpletissimum
1130 2788 1237 2815 testem,
1268 2783 1450 2810 clarissimatu
1478 2782 1723 2814 doetissimumque
1747 2780 1826 2806 virum

217 2833 246 2859 ι).
264 2832 395 2860 Joannem
414 2833 578 2860 Sambucunt
597 2833 764 2860 Pannonium
783 2842 786 2856 :
821 2832 846 2858 in
863 2831 920 2866 f'jll:
935 2831 1006 2858 enim
1031 2834 1164 2865 potestate
1181 2830 1274 2858 mati'Ts
1299 2830 1377 2857 istius
1395 2833 1519 2864 parentes
1539 2832 1610 2860 sunt,
1630 2831 1654 2855 et
1670 2826 1825 2856 clarissima,
