1897 3052
54 131 98 164 481
568 130 612 159 LA
619 128 777 159 URENTII
793 127 803 157 Ξ

915 126 920 156 [
935 127 1142 159 ΡΗΕΕΑΤΙΟ.
1612 130 1664 162 482

54 186 205 221 gravissima
222 185 431 221 ﬁrmissimaque
442 189 551 212 exstant
567 191 673 215 eorum,
688 189 748 216 quze
763 181 834 213 dice,
858 181 935 216 signa
952 185 1033 215 atque
1056 182 1229 209 documenta.
1245 182 1307 211 litae
1322 191 1370 211 vos
1397 183 1500 218 ideirco
1516 186 1665 212 monendos

55 241 110 260 esse
120 233 252 267 judicari,
265 237 294 259 ut
311 232 503 260 instructiores
518 231 579 258 sitis
597 229 728 256 adversus
743 236 790 255 eos
809 228 854 262 qui
871 228 953 254 islum
970 227 1065 255 foetum
1087 229 1223 256 voluerint
1242 230 1401 265 impugnare
1414 250 1422 260 .
1443 238 1506 257 nam
1533 236 1662 265 quantuut

54 279 76 306 in
93 286 132 304 me
148 278 211 310 fuit,
226 279 293 305 nulli
311 286 362 305 nee
375 278 460 305 labori
478 285 528 304 nec
544 276 690 311 diligentia:
706 275 732 302 in
748 282 780 301 eo
800 274 926 309 ﬁngendo
941 278 1023 309 atque
1040 274 1184 302 formando
1198 283 1316 310 unquam
1334 276 1452 311 peperci.
1471 275 1540 309 Quid
1559 276 1665 311 pra'sti-

52 323 123 350 terim
152 323 253 358 quidve
278 328 423 351 assecutus
447 323 510 355 situ,
533 322 663 357 quoniatn
687 325 796 348 exstant
825 321 990 348 documenta
1018 321 1112 349 Graece
1140 326 1222 357 atque
1252 322 1357 354 Latine,
1390 327 1471 357 atque
1499 323 1566 350 adeo
1585 327 1666 350 caete-

53 375 137 395 rerum
153 368 294 396 hominum
313 369 457 404 utriusque
471 369 569 404 lingure
582 369 743 402 peritorum,
758 366 780 393 si
796 366 924 394 vitiorum
938 365 1020 394 modo
1030 366 1400 394 memoratzematrisGrzeca:
1414 366 1545 394 rationem
1564 367 1666 394 habue-

53 417 116 448 ritis,
130 416 235 450 judicio
255 417 392 451 permitto.

82 460 157 492 Quod
174 461 273 489 attinet
286 461 321 488 ad
335 462 468 489 rationem
485 465 650 496 temporum,
675 461 776 497 quibus
792 460 889 488 vixerit
904 459 1126 496 Theophylactus
1143 459 1277 495 Bulgaria;
1293 460 1526 496 archiepiscopus,
1541 459 1663 488 nondum

52 506 111 533 mihi
139 507 206 534 satis
224 513 351 534 constare
375 508 485 540 potuit:
503 511 532 534 ut
555 509 625 535 enim
654 507 791 541 conjicere
813 513 935 540 possum,
959 506 1051 541 plures
1067 507 1118 534 hoc
1141 507 1250 535 nomine
1263 507 1382 534 fuerunt.
1402 508 1469 534 Nam
1485 507 1666 542 Nicephorth

54 551 243 579 Ecclesiastica:
259 552 386 580 Historia
403 553 448 580 lib.
467 562 520 585 xlv,
535 561 595 588 cap.
614 554 658 585 59,
675 553 720 580 ubi
734 553 767 580 de
781 553 960 580 translatione
974 553 1076 586 aliquot
1090 553 1279 588 episcoporum
1304 553 1369 587 agit,
1387 553 1487 580 Basilio
1508 550 1664 588 Porphyrm

52 604 157 632 gvnneta
175 599 412 635 Constantinopoli
432 601 593 635 imperante,
612 600 845 636 Theophylactum
868 600 1013 634 quemdam
1032 599 1164 627 Sebastiat
1186 600 1356 635 episcopum~
1370 599 1480 627 Rosiam
1500 599 1664 626 translatum

52 652 107 672 esse
120 645 227 672 scribit.
241 645 405 674 Wilhelmus
420 646 571 677 Lindanns.
585 654 671 674 sacra:
686 646 829 681 theologia
845 645 985 680 professor
999 645 1189 678 Lovaniensis,
1207 646 1233 673 in
1249 646 1425 680 chronologia
1444 653 1525 680 quam
1547 645 1578 671 ad
1592 644 1666 671 fron-

52 696 100 718 t-‘ttt
113 698 166 718 sua'
181 691 321 726 Panoplice
334 693 470 727 apposuit,
485 691 716 727 Theopltylactum
728 692 884 727 quemdam,
901 699 981 727 quem
1003 691 1030 718 in
1045 691 1089 718 illa
1104 698 1152 718 sua
1170 690 1300 724 Panoplia
1311 691 1382 718 inter
1397 696 1511 718 etalt-ros
1527 695 1664 718 auctorem

53 741 155 765 secutus
171 738 219 771 sit,
242 746 316 765 anno
339 746 353 765 ιι
376 740 518 767 nativitate
535 740 642 767 Domini
661 739 903 774 septingentesimo
928 738 1031 766 vix-isse
1053 738 1199 774 signiﬁcat,
1221 738 1267 765 sed
1289 738 1370 772 c'njus
1385 738 1504 765 civitatis
1518 737 1663 772 episcopus

55 782 137 815 fuerit,
154 790 209 810 non
226 784 331 819 adjicit.
346 784 392 812 Est
410 789 500 812 autem
513 785 673 817 verisimile,
690 785 818 820 quoniam
836 785 938 812 nullius
955 784 1080 816 alterius,
1095 784 1166 819 quod
1178 783 1303 818 equidem
1319 784 1415 816 sciam,
1431 784 1532 818 scripta
1546 787 1666 816 exstant,

54 827 118 855 hunc
127 829 364 865 archiepiscopum
380 830 511 865 liulgarize
528 830 562 857 ab
576 830 622 857 illo
635 830 797 865 signiﬁcari,
816 837 897 864 quem
915 830 997 856 etiam
1014 828 1146 857 Erasmus
1162 829 1347 864 Chrysostomi
1373 828 1589 856 abbreviatorcm
1606 836 1666 855 esse

55 873 124 906 dixit,
143 880 170 901 et
185 875 282 903 titulus
299 876 382 911 hujus
398 877 489 911 operis
506 877 556 903 hoc
568 884 623 910 pra:
639 884 668 903 se
682 876 743 903 fert.
759 875 825 902 Nam
847 884 901 903 non
923 875 1011 903 solum
1027 882 1060 902 ex
1079 874 1186 902 Joanne
1204 875 1411 909 Chrysoslomo,
1424 882 1518 901 verum
1537 875 1618 905 etiam
1632 883 1665 902 ex

54 919 155 953 Basilio,
179 920 294 956 Cyrillo,
323 922 436 955 Severo,
447 927 479 950 et
494 924 633 951 nonnullis
647 922 719 953 aliis,
735 929 795 957 quae
808 922 841 949 ad
863 922 1031 956 propositum
1047 927 1074 950 et
1096 929 1151 948 rem
1172 921 1323 948 institutam
1338 921 1476 955 pertinere
1494 921 1666 954 viderentur,

53 966 195 1001 desumpsit
208 971 236 994 et
251 968 277 994 in
291 975 374 994 unum
388 975 488 1003 corpus
504 969 640 996 contraxit
658 977 664 996 :
686 975 766 1002 quain
780 975 835 994 rem
853 974 906 993 non
924 967 1004 994 modo
1022 975 1107 1001 genus
1120 966 1240 996 dicendi.
1264 966 1287 994 si
1303 966 1364 1001 quis
1389 966 1509 993 animum
1534 967 1667 999 attendat,

54 1019 138 1038 rerum
154 1013 237 1040 etiam
258 1014 367 1041 nomina
383 1019 522 1042 auctorum
539 1014 567 1042 in
581 1014 702 1048 margine
719 1016 849 1039 annotuta
865 1013 1019 1046 signiﬁcant
1039 1016 1119 1047 atque
1136 1012 1284 1039 declarant.
1297 1012 1416 1039 Joannes
1429 1011 1669 1047 (Ecolampadius,

53 1064 77 1095 in
91 1057 245 1091 pra-latione
259 1067 338 1094 quam
355 1060 481 1095 apposuit
496 1059 688 1095 Thcophylaeti
701 1063 818 1094 quatuor
833 1058 1037 1093 Evangeliomm
1055 1059 1218 1093 explication
1231 1058 1282 1085 bus
1295 1057 1329 1085 ab
1356 1066 1416 1086 sese
1435 1059 1584 1090 conversis,
1601 1058 1668 1085 nihl

53 1104 118 1131 aliud
132 1112 210 1138 quam
229 1106 303 1132 illum
322 1107 393 1134 inter
404 1106 511 1134 Grmcos
524 1106 663 1142 theologos
676 1109 853 1133 recentiorem
864 1105 948 1131 fuisse
956 1104 1101 1138 signiﬁcat,
1125 1104 1171 1131 sed
1187 1105 1259 1131 haud
1277 1104 1352 1131 falsis
1364 1111 1425 1131 eum
1437 1104 1563 1133 laudibus
1577 1111 1667 1137 ornat,

53 1157 114 1184 quas
127 1151 149 1178 si
166 1151 229 1185 quis
247 1143 370 1186 requirit,
387 1159 420 1178 ne
433 1151 466 1178 ah
480 1151 542 1179 aliis
553 1151 620 1178 bene
635 1151 707 1178 dicta
728 1150 794 1177 mihi
810 1157 871 1177 cum
882 1148 991 1177 fastidio
1007 1149 1153 1184 legentium
1168 1155 1289 1184 repetere
1305 1158 1415 1177 necesse
1430 1151 1475 1183 sit,
1494 1151 1566 1178 illinc
1585 1156 1668 1185 petat,

54 1200 128 1230 atque
138 1197 220 1223 etiam
238 1204 270 1224 ex
285 1197 445 1232 pnefatione
457 1196 559 1224 Nicolai
578 1197 694 1228 Beraldi,
709 1204 769 1231 quze
786 1196 931 1231 praeposita
949 1200 991 1222 est
1008 1194 1221 1222 Commentariis
1237 1196 1309 1223 illius
1326 1195 1352 1222 in
1364 1195 1498 1231 Epistolas
1507 1197 1561 1224 divi
1575 1197 1666 1230 Pauli,

53 1249 65 1267 a
80 1241 276 1277 Cltristophoro
292 1243 422 1276 Porsena,
436 1243 570 1275 Romano,
589 1243 616 1270 in
629 1242 757 1270 Latinum
775 1249 927 1269 sermonem
943 1241 1084 1268 conversis
1099 1250 1105 1268 :
1127 1241 1173 1276 qui
1187 1242 1196 1277 (
1212 1242 1284 1277 quod
1303 1243 1438 1277 pnutcrire
1453 1251 1506 1270 non
1530 1251 1640 1278 possum
1659 1245 1668 1278 )

56 1295 64 1311 ι
85 1286 168 1314 υιιιιιιι
194 1288 258 1321 hoc,
284 1288 381 1323 inquit.
412 1289 478 1316 satis
508 1293 625 1322 constat,
650 1288 677 1316 itt
696 1289 738 1316 his
754 1287 965 1316 Commentariis
981 1287 1025 1322 pia
1041 1295 1101 1315 esse
1117 1289 1210 1315 omnia
1225 1294 1252 1316 et
1273 1289 1424 1316 orthodoxa
1440 1289 1573 1324 longeque
1589 1291 1622 1316 ab
1635 1289 1669 1316 iis

54 1334 207 1361 dissidentia
226 1342 287 1368 qua:
301 1334 489 1369 theologorum
502 1335 598 1368 vulgus
615 1335 736 1369 quotidie
754 1341 854 1368 magno
873 1333 1022 1367 supercilio
1042 1333 1158 1360 indocta:
1177 1334 1261 1368 plebis
1283 1335 1395 1363 auribus
1417 1336 1547 1363 inculcat.
1563 1335 1669 1371 Ubique

56 1381 123 1408 enim
139 1382 322 1416 apostolicum
341 1386 436 1416 pectus
461 1389 516 1407 non
532 1381 614 1408 modo
640 1380 759 1415 explicat
784 1379 876 1414 operis
893 1380 975 1414 hujus
993 1385 1101 1412 auctor,
1113 1379 1161 1407 sed
1178 1380 1259 1406 etiam
1274 1380 1368 1412 refert,
1386 1381 1457 1415 sapit
1476 1388 1508 1408 ac
1519 1382 1616 1415 spirat,
1642 1382 1668 1408 id

54 1427 121 1461 quod
138 1436 219 1462 quant
239 1428 332 1462 paucis
348 1427 445 1454 merito
461 1427 634 1454 tribuendum
653 1427 699 1458 sit,
726 1426 805 1453 facile
834 1426 979 1461 intelliget,
1011 1426 1059 1460 qui
1085 1427 1203 1453 novitios
1220 1426 1359 1461 theologos
1377 1427 1497 1461 antiquis
1514 1426 1578 1459 illis,
1606 1435 1668 1454 eum

55 1472 152 1499 Latinis
174 1479 232 1500 tum
251 1473 362 1505 Graecis,
378 1474 574 1508 composuerit.
594 1484 602 1498 -
625 1473 688 1500 Haec
703 1473 844 1500 Beraldus.
859 1473 1086 1508 OEcolatupadius
1101 1473 1233 1508 prolixius
1246 1480 1277 1500 ac
1292 1473 1449 1508 singulatim
1475 1472 1669 1508 Theophylacli

55 1519 162 1546 virtutes
185 1519 359 1554 persequitur
375 1523 458 1554 atque
485 1523 618 1552 recenset.
637 1517 854 1553 Christopltorus
865 1518 996 1551 Porsena,
1013 1519 1041 1545 in
1057 1526 1105 1546 sua
1119 1517 1280 1545 Praefatinne
1294 1517 1328 1545 ad
1342 1518 1449 1545 Sixtum
1464 1518 1496 1545 ιν
1513 1519 1668 1554 pontifici-tu

56 1563 213 1597 Romanum,
245 1565 441 1601 Theophylacti
476 1568 627 1599 temporum
659 1565 759 1592 nullam
794 1564 859 1592 facit
887 1565 1066 1591 mentionem.
1098 1563 1171 1591 Misit
1199 1563 1230 1590 ad
1262 1571 1312 1591 nos
1329 1563 1360 1590 Ι).
1377 1563 1497 1591 Joannes
1517 1564 1670 1592 Sambucus

54 1613 198 1640 orationem
214 1612 335 1640 Graecam
352 1613 402 1640 hac
416 1613 594 1647 inscriptione
611 1622 617 1640 :
635 1612 803 1647 Θεοφυλάκτι

935 1613 974 1643 εἰς
1000 1612 1045 1638 τὸν
1064 1612 1254 1647 αὐτοκρατορα
1276 1612 1370 1646 κύριον
1405 1612 1522 1644 Ἀλέξων
1549 1613 1595 1639 τὶν
1619 1614 1670 1640 Ko-

56 1661 159 1696 μνηνόν.
174 1660 253 1694 Quod
268 1662 289 1688 si
308 1661 331 1689 is
341 1665 383 1687 est
403 1666 497 1688 noster
516 1660 746 1696 Theophylactus,
757 1667 855 1694 nempe
867 1659 1093 1694 archiepiscopus
1110 1659 1254 1694 Bulgarim,
1268 1659 1325 1693 jam
1347 1667 1400 1686 non
1423 1659 1538 1694 amplius
1558 1659 1670 1687 dubium

55 1713 111 1733 esse
128 1711 215 1741 potest
232 1714 284 1742 quo
298 1710 419 1741 tempore
431 1699 537 1733 vixerit.
548 1705 702 1733 Nihilaliud
717 1713 766 1740 ego
777 1713 865 1740 neque
880 1705 913 1732 de
926 1705 980 1732 vita
997 1713 1084 1740 neque
1095 1705 1129 1732 de
1140 1705 1310 1739 temporibus
1325 1705 1407 1739 hujus
1422 1706 1508 1733 nostri
1527 1705 1671 1740 Theophy-

57 1752 114 1779 lacti
143 1754 288 1788 diligenter
305 1753 454 1781 scrutando
470 1758 552 1788 atque
565 1753 728 1788 inquirendo
744 1753 820 1788 potui
847 1753 980 1780 invenire.
1002 1753 1079 1785 Quod
1106 1753 1240 1787 reliquum
1260 1757 1312 1785 est,
1328 1761 1375 1780 vos
1393 1753 1473 1780 etiam
1490 1758 1572 1788 atque
1589 1754 1670 1780 etiam

60 1808 120 1834 rogo
136 1809 167 1829 ac
183 1802 360 1830 vehementer
376 1805 450 1837 peto,
464 1806 492 1828 ut
509 1802 559 1829 ltoe
573 1801 701 1836 exiguum
723 1805 805 1836 atque
820 1800 888 1828 adeo
902 1800 1091 1828 tenuissimum
1119 1801 1324 1833 munusculum,
1349 1801 1426 1828 vobis
1449 1801 1514 1828 licot
1529 1801 1670 1837 indignum

57 1849 203 1884 vestrisque
223 1849 248 1876 in
267 1856 308 1876 me
323 1849 439 1876 sutnmis
455 1848 594 1876 beneﬁciis
608 1855 640 1874 ae
657 1847 763 1874 meritis
779 1847 878 1881 impar,
886 1846 955 1880 atqui
971 1850 1061 1873 tamen
1075 1845 1165 1873 facere
1178 1847 1296 1881 bonique
1310 1847 1462 1878 consulere,
1476 1852 1502 1874 et
1518 1853 1545 1873 ut
1566 1848 1599 1874 ab
1611 1847 1672 1873 ani-

58 1893 88 1919 mi
103 1895 288 1923 benevolentia
304 1900 385 1930 atque
402 1894 568 1930 gratitudiuc
582 1894 746 1929 profectum.
766 1893 847 1920 hilari
864 1893 940 1920 vultu
955 1893 1068 1926 laetaque
1081 1892 1169 1918 fronte
1185 1893 1308 1927 accipere
1324 1893 1424 1919 velitis.
1443 1892 1498 1919 lloe
1513 1893 1535 1919 si
1558 1900 1571 1919 a
1593 1893 1671 1919 \obis

57 1946 216 1968 consecutus
241 1941 328 1975 fuero,
355 1941 464 1969 abunde
490 1940 557 1968 satis
584 1946 697 1974 magnos
724 1939 850 1967 laborum
878 1946 922 1966 me
949 1937 1056 1965 fructus
1080 1938 1187 1971 cepisse
1214 1936 1389 1966 existimabo.
1408 1937 1479 1965 Bene
1495 1938 1590 1971 valete,
1620 1939 1672 1966 viri

57 1988 225 2021 amplissimi.

90 2069 124 2096 Ex
140 2072 307 2099 monasterio
326 2071 500 2100 Steiuwcldio
514 2079 551 2098 xu
568 2071 704 2098 Kalendas
716 2069 896 2105 Septembris,
915 2076 988 2096 anno
1001 2068 1105 2096 Domini
1121 2067 1199 2096 l567.

67 2185 77 2190 .
95 2183 1664 2191 —...-_..______—_____—___—_—~_-—~——‘

53 2273 236 2304 ,Clarissimo
254 2272 593 2310 excellentissimoque
610 2271 690 2307 viro.
726 2272 760 2301 Ι).
787 2269 1098 2310 Ιοθιιιιίγὲηιιιυοολ
1116 2270 1294 2310 Pannonio,
1322 2270 1471 2301 Cresaer
1496 2270 1670 2309 Majcstatis

106 2313 228 2343 medico
245 2315 276 2342 et
292 2309 564 2350 historiograpbo,
580 2310 773 2341 Laurentius
785 2309 963 2346 SlFANUS,
981 2309 1220 2347 Prunsl‘eldius,
1243 2311 1271 2340 .l.
1289 2310 1324 2340 U.
1342 2311 1466 2346 Doctor,
1483 2310 1514 2340 S.
1530 2311 1562 2340 Ρ.
1579 2310 1617 2339 Ι).

91 2414 126 2440 Ειι
142 2415 231 2449 prodit
244 2416 352 2444 tandem
367 2416 394 2443 in
407 2417 556 2451 publicum,
573 2416 615 2445 vir
625 2416 787 2448 clarissime,
801 2416 1022 2452 Thcopbylactus
1035 2420 1098 2443 tuus
1120 2416 1256 2443 Graecusa
1275 2423 1316 2442 me
1332 2415 1422 2442 factus
1446 2414 1560 2442 Latinus
1573 2423 1580 2441 ε
1593 2417 1670 2441 ιιιιιιιι
1705 2427 1708 2430 λ

60 2458 128 2492 dico,
145 2469 200 2495 quo
213 2468 381 2493 careremus,
396 2463 450 2490 nisi
467 2467 495 2490 tu
513 2462 584 2497 quod
599 2462 746 2497 separatim
760 2462 861 2490 habere
876 2464 922 2490 tibi
934 2463 1072 2498 proprium
1089 2462 1196 2494 licebat,
1211 2468 1355 2489 commune
1368 2469 1399 2488 ac
1416 2460 1552 2495 publicum
1569 2460 1669 2487 bonum

63 2513 118 2534 esse
132 2509 285 2537 maluisses.
303 2509 391 2537 Causa
406 2517 455 2537 cur
469 2514 523 2537 tam
542 2517 603 2538 sero
626 2510 756 2545 prodeat,
773 2514 801 2536 ut
818 2510 900 2537 etiam
920 2511 1024 2538 librarii
1050 2510 1157 2545 culpam
1175 2509 1303 2544 recipiam
1327 2509 1353 2535 in
1371 2517 1424 2539 me,
1441 2509 1498 2536 hinc
1523 2513 1575 2539 est,
1597 2507 1670 2543 quod

60 2552 118 2580 dum
135 2555 178 2582 ille
190 2555 223 2582 de
240 2563 282 2583 me
297 2555 404 2588 Latine,
419 2563 469 2590 ego
479 2556 513 2583 de
527 2556 574 2583 illo
607 2556 700 2584 Graece
716 2555 824 2583 discere
840 2556 1005 2589 nitebamur,
1021 2557 1066 2584 ubi
1087 2558 1157 2584 alter
1176 2558 1290 2583 alterum
1321 2555 1412 2582 minus
1442 2554 1670 2588 intelligebamus.

61 2605 118 2626 cum
132 2601 265 2636 interpres
279 2602 388 2636 utrique
403 2601 522 2634 deesset,
539 2607 620 2637 atque
634 2602 706 2630 haud
718 2602 887 2637 incorruptis
902 2603 1036 2631 ministris
1052 2608 1204 2635 uteremur,
1221 2602 1387 2636 coniecturis
1404 2601 1504 2636 quibus
1522 2601 1588 2627 alter
1603 2601 1671 2627 aite-

61 2644 114 2672 rius
129 2653 207 2674 sensa
234 2654 455 2683 assequeremur,
472 2648 564 2675 multis
586 2648 612 2674 in
636 2647 703 2675 locis
723 2649 760 2675 nti
777 2648 924 2675 habuimus
949 2655 1069 2675 necesse.
1096 2649 1180 2684 Cujus
1207 2649 1244 2676 rei
1269 2649 1398 2684 quoniam
1416 2648 1488 2675 clara
1506 2647 1669 2674 documenta

61 2694 155 2719 suntin
171 2697 310 2729 promptu,
329 2701 363 2721 ne
375 2694 468 2728 inepta
484 2694 639 2728 prolixitate
651 2695 798 2721 verborum
817 2694 987 2729 typugrapho
1003 2693 1141 2721 festinanti
1156 2694 1206 2721 sint
1220 2695 1246 2721 in
1264 2702 1349 2724 mora.
1365 2699 1389 2721 te
1400 2694 1481 2721 etiam
1496 2698 1576 2727 atque
1587 2694 1668 2720 etiam

63 2742 131 2772 rogo,
143 2743 172 2766 ut
189 2740 246 2768 haec
257 2740 316 2775 ipsa
331 2747 392 2775 qua
405 2740 468 2767 diro
483 2739 645 2767 documenta
667 2740 818 2767 scrutando
839 2744 920 2775 atque
934 2739 1127 2771 examinanda,
1150 2747 1258 2774 aequum
1280 2747 1303 2767 le
1319 2741 1384 2767 mihi
1397 2740 1516 2774 jndiccm
1533 2744 1614 2774 atque
1629 2739 1671 2766 fa-

63 2788 161 2813 ventem
174 2786 306 2821 prabere,
321 2789 349 2814 et
360 2785 440 2814 istam
458 2793 568 2820 operam
585 2793 665 2821 quam
685 2785 798 2820 praestiti
815 2786 885 2821 aequi
903 2785 1021 2819 bonique
1046 2785 1135 2815 facere
1154 2785 1231 2811 velis.
1248 2785 1324 2818 Quod
1338 2786 1471 2820 reliquum
1485 2789 1539 2818 est,
1558 2792 1671 2820 magnas

63 2830 106 2857 tibi
117 2835 141 2859 et
156 2831 261 2868 agimus
277 2835 304 2860 et
319 2831 452 2860 habemus
466 2831 580 2867 gratias,
597 2832 643 2867 qui
662 2832 734 2860 istud
752 2832 917 2867 mancipium
934 2832 1047 2866 publica:
1063 2831 1189 2858 utilitatis
1203 2832 1346 2862 inservire,
1357 2839 1436 2866 quam
1450 2831 1520 2858 domi
1536 2832 1670 2866 privatum
