1897 3052
151 137 202 170 471
670 136 861 166 BONIFACH
883 137 1034 166 FlNETTl
1057 136 1252 166 PREFATIO
1724 132 1797 166 L73.

151 201 329 233 earumque
348 192 553 232 penuttimam
570 194 603 222 ut
621 191 773 223 ineditam
792 192 906 228 notari,
927 192 1096 223 confestim
1113 191 1227 230 scripsi
1248 191 1285 222 ad
1304 190 1343 221 cl.
1364 190 1468 220 virum
1485 198 1520 221 ac
1535 190 1628 222 dicta)
1650 190 1779 222 biblio-

151 244 252 275 theca;
264 244 432 274 custodem
457 241 684 280 dignissimum
702 242 884 274 Gotfriduut
908 243 1137 282 Heckingium,
1163 251 1278 282 rogans
1296 247 1330 272 ut
1346 242 1385 272 de
1412 251 1446 272 ea
1477 242 1612 280 epistola
1630 242 1778 273 notitiam

152 294 230 325 inihi
249 293 390 332 aliquam
405 292 619 322 submitteret.
639 294 677 322 At
696 293 751 323 ille
767 302 830 324 non
849 294 944 324 modo
960 294 1081 333 absque
1097 301 1187 324 mora
1202 301 1356 332 perquam
1370 292 1508 322 humane
1527 292 1704 331 rescripsit,
1718 292 1776 322 sed

150 347 254 384 ipsam
271 345 367 375 etiam
383 343 567 383 epistolam,
584 344 624 375 de
640 352 703 383 qua
719 344 836 375 certior
852 345 919 375 ﬁeri
942 346 1149 384 emptaliam.
1167 349 1311 375 accurate
1336 344 1506 383 nitidaque
1523 342 1715 382 descriptam
1734 342 1777 373 ad

150 402 208 425 nos
224 392 411 423 transmisit.
431 392 493 423 Vix
508 400 544 423 ea
566 397 693 432 accepta
709 393 921 432 deprehendi,
937 401 1002 426 non
1018 403 1035 425 θ
1052 394 1294 433 'l‘heOphylacto
1312 394 1519 432 Bulgarorum
1536 393 1699 432 episcopo,
1718 391 1778 424 sed

148 445 188 475 ab
198 444 262 475 alio
275 443 516 483 Theopbylacto
530 443 632 474 fuisse
648 444 873 483 conscriptam,
889 445 940 476 cui
956 445 1119 476 Simocatw
1134 453 1312 485 cognomen
1324 449 1407 480 erat;
1424 444 1548 484 quique
1563 444 1642 474 alias
1657 453 1776 484 quam-

150 494 260 533 plurcs
279 494 311 524 in
328 502 462 525 suorum
481 495 563 525 forte
579 494 815 532 discipulorum
832 503 926 526 usum
944 494 1023 534 (erat
1036 496 1160 535 quippe
1181 494 1382 534 professione
1399 495 1553 534 sophista.
1579 503 1637 525 seu
1655 503 1777 532 przrce-

149 548 219 582 ptor
235 543 426 584 rhetorices)
443 544 654 575 elucubravit.
672 544 760 574 Hanc
778 549 887 584 utpote
904 545 1073 582 ineditam,
1092 552 1122 577 et
1135 546 1260 586 aliaqui
1276 544 1513 581 brevissimam,
1534 545 1659 575 veniam
1676 545 1780 575 lector

147 593 291 633 Optimus
307 594 408 631 dabit,
427 595 455 625 si
481 594 569 626 velut
585 603 742 634 parergon
766 595 826 625 hoc
844 594 906 626 loci
924 604 1106 634 apposuero
1122 606 1183 627 una
1202 604 1274 628 cum
1299 595 1446 626 versione
1462 595 1572 626 Latina
1589 595 1620 626 in
1639 595 1777 635 gratiam

148 649 261 673 eorum
277 643 333 683 qui
353 642 513 682 ejusmodi
534 643 654 675 studiis
669 643 881 675 delectantur.
900 645 953 674 Est
967 652 1066 676 vero:

378 726 551 754 Drumadocus
565 727 706 763 Antigono.

1197 730 1376 764 Δαιμόὃοκος
1400 731 1565 764 Ἀντιγόνῳ.

183 783 212 810 Si
229 783 292 811 vitae
309 782 424 819 pignora
438 782 568 811 Socrates
587 790 642 810 non
656 783 790 818 possidet,
809 785 932 820 paedago-

1032 786 1053 812 Si
1069 786 1107 820 μὴ
1127 785 1184 820 βίου
1203 786 1351 821 Σωκράτης
1371 786 1487 821 ἐνέχυρα
1514 786 1656 820 κέκτηται,
1680 785 1781 812 παιδα-

146 837 197 863 gus
217 830 264 857 lilii
279 831 321 858 tui
342 838 396 858 non
411 830 609 858 constituatur.
623 830 741 866 Pignora
761 831 821 859 vita
835 833 895 860 intc.

1030 831 1076 865 γδ;
1088 831 1134 858 τοῦ
1156 831 1204 858 eo?)
1223 832 1261 866 μὴ
1285 831 1501 867 προχειριζέςθω
1523 831 1627 863 παιδός.
1652 831 1779 866 Ἐνὲχυ-

146 881 246 910 gantur
258 875 316 904 lilii.
333 876 419 909 Quem
435 876 507 904 enim
522 883 583 904 esse
600 882 704 911 patrem
718 882 815 904 natura
830 878 895 905 dOCll

1041 877 1069 904 δὲ
1083 877 1157 910 ,βίου
1177 878 1273 909 παῖδες
1286 878 1461 905 νοεῖσϐωσειν.
1479 878 1528 904 "Ov
1551 878 1605 913 γὰρ
1630 876 1699 904 εἶναι
1724 886 1780 904 πα-

148 923 221 949 lmnc
245 922 422 958 paedagogum
436 929 510 955 esse,
527 926 741 950 consentaneum
759 928 821 951 est:
835 924 897 959 quip

1030 932 1053 950 ta
1067 923 1149 958 φύσις
1165 924 1280 957 ἐδίδαξε,
1309 924 1404 951 τοῦτον
1431 924 1478 951 καὶ
1502 923 1675 957 παιδαγωγόν
1700 924 1779 949 ἔστιν

146 969 199 1005 (ιυί,
217 968 386 1004 experientia
404 968 481 996 novit
505 968 691 1003 generationis
716 968 886 998 aﬂ‘ectioneiu

1032 970 1154 1002 όπιστον,
1169 971 1266 1004 πεῖραν
1287 971 1457 1005 μανθάνοντα
1473 971 1519 997 καὶ
1533 970 1668 1004 γενέσεως
1682 969 1779 1005 σχέσιν

147 1012 251 1041 amoris
268 1012 390 1042 dolores.

989 1015 1036 1042 καὶ
1055 1014 1173 1051 στοργῆς
1186 1015 1345 1050 ἀλγηδόνας.

841 1108 985 1140 SECTIO
1018 1110 1074 1140 XI.

463 1175 507 1205 De
521 1179 680 1214 postrema
693 1179 783 1214 parte
799 1173 934 1205 homiliw
948 1173 1129 1211 undecimw,
1139 1174 1178 1204 In
1190 1174 1468 1204 resurrectionem.

185 1235 298 1266 XLIV.
315 1236 394 1273 Quae
409 1235 448 1266 de
472 1235 531 1266 hac
548 1240 708 1274 postrema
731 1238 819 1274 parte
845 1233 988 1264 homiliaa
1011 1233 1246 1273 Theophylacti
1270 1234 1405 1265 dicenda
1426 1233 1478 1264 hic
1504 1233 1581 1264 mihi
1604 1232 1721 1268 forent,
1737 1233 1777 1262 in

145 1283 386 1317 Dissertationis
407 1286 531 1325 praevisa
550 1294 639 1317 num.
673 1286 696 1316 L
717 1287 782 1325 jam
811 1288 1030 1324 praeoccupato
1054 1284 1159 1315 fuere.
1175 1285 1281 1321 Quare
1306 1285 1358 1315 hic
1385 1284 1491 1315 solum
1520 1285 1690 1318 admoneo,
1720 1291 1777 1314 me

145 1334 306 1374 quidquid
323 1343 362 1366 ex
379 1335 513 1367 historia
536 1335 669 1366 Eusebii
687 1335 869 1366 derivatum
886 1334 920 1365 in
941 1342 1010 1365 eam
1027 1337 1088 1370 est,
1103 1341 1176 1364 cum
1192 1333 1330 1373 ipsomet
1345 1333 1434 1365 fonte
1451 1333 1640 1370 contulisse,
1663 1342 1777 1373 eoque

144 1385 208 1415 mei
224 1386 419 1424 exemplaris
444 1385 614 1425 supplesse
631 1385 789 1422 defectus,
815 1389 911 1425 atque
933 1385 1029 1415 etiam
1055 1384 1213 1414 variantes
1242 1384 1396 1415 lectiones
1413 1383 1567 1423 pauculas
1592 1384 1773 1416 addidisse.

145 1434 252 1466 Codex
269 1434 709 1471 Ctesareo‘Vindobonensis,
724 1434 810 1465 unde
827 1434 893 1465 haec
909 1432 1052 1464 homiliaa
1068 1434 1245 1464 undecimae
1260 1441 1331 1469 pars
1347 1434 1512 1472 desumpta
1530 1437 1590 1469 est,
1606 1434 1775 1473 integrum

145 1485 288 1516 continet
303 1484 541 1520 Homiliarium,
557 1493 615 1514 seu
633 1485 664 1514 in
682 1483 781 1515 totius
797 1483 873 1514 anni
892 1483 1067 1522 Evangelia
1084 1483 1250 1522 decerptus
1267 1491 1304 1513 ex
1330 1483 1427 1513 variis
1443 1483 1590 1513 Patribus
1606 1482 1774 1513 homiiias.

145 1535 192 1564 Ex
209 1542 274 1573 quo
292 1533 370 1564 mihi
387 1533 479 1564 valde
497 1532 681 1564 verosimile
705 1533 749 1569 ﬁt,
778 1542 864 1570 eum,
881 1533 937 1573 qui
958 1533 1143 1572 praadictum
1163 1533 1368 1564 concinnavit
1389 1533 1626 1569 Homiliarium,
1645 1537 1778 1572 postre-

145 1591 229 1615 mam
248 1583 329 1614 hanc
343 1583 488 1614 homilite
502 1583 684 1615 undecima
707 1587 827 1622 partem
844 1591 907 1615 suo
920 1583 1084 1614 addidisse
1099 1583 1263 1619 arbitratu,
1287 1587 1323 1614 ut
1338 1591 1481 1614 errorem
1499 1582 1586 1621 vulgi
1612 1583 1644 1612 in
1670 1581 1776 1620 patria

144 1642 203 1664 sua
217 1633 316 1664 nituis
330 1633 412 1664 forte
430 1634 590 1673 vigentem
604 1634 643 1664 de
658 1635 781 1665 Joanne
797 1634 831 1665 in
842 1634 906 1665 vita
925 1633 1028 1666 adhuc
1041 1634 1228 1672 superstite,
1242 1634 1375 1664 omnino
1388 1633 1514 1664 tolleret
1530 1637 1560 1663 et
1573 1632 1774 1662 eliminaret.

144 1684 222 1715 ideo
238 1687 346 1729 autem
362 1693 448 1716 nunc
459 1684 567 1716 editur
577 1684 643 1715 haec
659 1684 802 1715 homiliae
811 1693 894 1724 pars,
906 1684 981 1723 quia
998 1685 1208 1715 constitutum
1228 1684 1320 1715 nobis
1336 1689 1395 1717 est.
1413 1683 1491 1715 nihil
1508 1683 1540 1714 in
1557 1683 1614 1713 hac
1629 1681 1775 1714 editione

146 1733 234 1772 quod
254 1734 487 1774 Tbeopbylacti
506 1735 639 1767 nomine
657 1734 849 1775 inscriptum
866 1736 920 1773 sit,
940 1736 1116 1775 praeterire.

835 1799 980 1830 SECTIO
997 1799 1069 1829 XII.

312 1862 357 1892 De
374 1862 603 1893 Commentario
616 1863 650 1893 in
662 1863 741 1893 Acta
756 1863 971 1902 apostolorum
988 1872 1029 1893 ex
1045 1861 1231 1892 bibliotheca
1243 1861 1600 1893 Florentino-Mediceis.

184 1921 281 1953 XLV.
297 1922 532 1963 Theophylacti
549 1923 798 1955 Commentarius
815 1924 848 1954 in
867 1923 947 1954 Acta
963 1923 1178 1962 apostolorum
1195 1931 1212 1953 a
1225 1922 1335 1953 Silano
1352 1922 1459 1954 editus
1473 1924 1554 1953 adeo
1572 1931 1667 1954 rarus
1690 1931 1772 1954 eva-

141 1971 199 2010 sit,
213 1976 248 2003 ut
264 1981 336 2004 cum
353 1973 509 2005 editionis
525 1973 624 2014 hujus
639 1978 804 2005 curatores
820 1982 894 2004 eum
911 1974 967 2004 diu
987 1973 1231 2013 qumsivissent,
1250 1973 1399 2004 invenire
1415 1972 1530 2003 nullibi
1547 1973 1692 2004 venalem
1712 1983 1772 2012 po-

143 2021 279 2052 tuerint.
302 2022 395 2059 Quod
419 2022 447 2052 si
471 2031 546 2054 eum
573 2022 749 2063 aliquando
773 2022 857 2053 nacti
871 2027 960 2060 sunt,
977 2031 1017 2054 ex
1033 2023 1159 2058 Graecia
1184 2022 1307 2062 duplici
1335 2023 1490 2054 editionis
1510 2022 1607 2062 hujus
1635 2032 1774 2062 corpore

141 2076 407 2104 commutandum
425 2078 628 2113 receperunt.
646 2074 772 2105 Interea
787 2073 863 2104 dum
876 2073 1002 2113 jamdiu
1018 2081 1289 2113 supervacaneam
1306 2074 1410 2104 eidem
1424 2073 1666 2112 quomodolibet
1678 2081 1771 2104 com-

144 2123 285 2161 parando
300 2126 472 2152 navassent
487 2130 630 2161 operam,
648 2122 754 2162 deque
766 2122 859 2153 exitu
870 2122 991 2167 negptii
1005 2122 1102 2161 hujus
1115 2121 1274 2152 haererent
1289 2121 1416 2158 incerti,
1434 2122 1468 2153 in
1485 2131 1556 2153 eam
1574 2123 1774 2152 sententiam

141 2174 276 2202 ventum
294 2174 353 2206 est,
374 2173 408 2200 ut
423 2169 492 2208 ejus
506 2169 739 2209 apographum,
755 2170 812 2210 qui
827 2170 861 2200 in
885 2169 1074 2201 Florentino
1094 2170 1202 2201 codice
1217 2170 1376 2209 reperitur
1391 2170 1594 2202 bibliothecae
1608 2171 1773 2202 Medicco-

142 2220 382 2256 Laurentianae,
398 2228 563 2259 quemque
576 2220 818 2260 'l'beephylacto
828 2219 960 2251 ascribit
975 2219 1244 2251 Montefalconius
1261 2220 1294 2251 in
1312 2229 1370 2252 sua
1391 2221 1587 2252 Bibliotheca
1599 2221 1772 2252 bibliothe-

143 2280 264 2309 carum,
280 2270 341 2302 sibi
362 2271 601 2310 procurandum
620 2271 849 2308 existimarint,
866 2271 936 2307 rati,
955 2271 1104 2314 eumdem
1120 2270 1252 2302 omnino
1266 2280 1337 2303 esse
1354 2281 1426 2302 cum
1439 2280 1477 2303 eo
1493 2272 1551 2312 qui
1567 2273 1672 2303 editus
1686 2281 1702 2302 a
1720 2273 1772 2303 Si-

141 2323 217 2355 ταηο
237 2327 285 2355 est
302 2334 310 2354 :
330 2328 427 2363 atque
443 2323 535 2360 adeo,
549 2323 710 2364 quidquid
727 2323 856 2354 demum
877 2323 1058 2360 accidisset,
1075 2324 1234 2354 variantes
1247 2322 1358 2354 saltem
1376 2323 1543 2359 lectiones,
1560 2326 1654 2362 atque
1670 2323 1770 2352 etiam

146 2374 385 2406 correctionum
401 2373 549 2405 subsidia
569 2373 864 2414 suppeditaturum.
881 2376 920 2405 At
939 2382 1002 2406 non
1019 2374 1060 2405 ita
1076 2383 1126 2405 res
1141 2375 1250 2406 cessit.
1267 2375 1312 2405 Eo
1328 2373 1415 2405 enim
1430 2373 1614 2413 apographo
1630 2374 1769 2404 Floren-

142 2423 185 2454 tia
200 2423 295 2454 nobis
311 2422 420 2461 allato,
439 2423 579 2462 primum
604 2423 721 2455 turbati
739 2432 852 2455 sumus
870 2425 992 2455 nullam
1008 2424 1041 2455 in
1064 2432 1103 2455 eo
1118 2425 1322 2455 invenientes
1349 2423 1558 2463 epigraphen,
1576 2433 1639 2464 qua
1662 2424 1769 2456 Theo-

143 2475 290 2515 phylacto
311 2474 522 2514 Bulgarorum
540 2474 786 2515 archiepiscopo
800 2475 1033 2512 ascriberetur,
1051 2475 1170 2506 deinde
1187 2484 1261 2506 eum
1279 2475 1372 2506 nobis
1386 2475 1611 2506 evolventibus
1639 2476 1769 2507 nullum

142 2526 292 2566 apparuit
316 2524 489 2559 indicium,
517 2532 575 2554 cur
590 2524 782 2556 tribuendus
798 2525 1039 2566 Theophylacto
1054 2529 1140 2556 esset
1158 2536 1165 2556 :
1179 2526 1325 2564 adeoque
1339 2524 1446 2556 mirari
1460 2525 1627 2564 coepimus,
1643 2534 1660 2556 a
1676 2527 1771 2556 Mon-

143 2577 320 2608 tefalconio
333 2574 556 2606 indubitanter
571 2574 674 2605 fuisse
691 2574 930 2615 Theophylacto
944 2575 1175 2614 adjudicatum.
1193 2575 1334 2605 Tandem
1355 2574 1406 2604 vix
1423 2574 1487 2605 ulla
1503 2575 1664 2613 superfuit
1677 2575 1770 2607 dubi-

143 2627 232 2664 tatio,
247 2635 322 2658 eum
342 2634 414 2657 esse
434 2624 474 2655 ab
487 2624 642 2663 legitimis
654 2625 884 2665 Theophylacti
901 2625 1053 2664 operibus
1069 2626 1334 2665 expungendum,
1350 2633 1422 2656 cum
1439 2625 1523 2655 inter
1538 2625 1676 2657 aliorum
1700 2635 1763 2658 no-

142 2677 227 2708 mina
242 2678 384 2712 Patrum,
403 2684 477 2714 quae
494 2675 635 2705 citantur
649 2676 681 2706 in
698 2676 856 2715 margine,
869 2683 891 2706 el

1020 2676 1080 2707 mel
1097 2679 1192 2713 θεοφ.,
1213 2675 1363 2714 ΤΙιεορΙι.,
1381 2683 1438 2705 seu
1462 2679 1495 2705 ut
1519 2675 1691 2714 legendum
1714 2677 1764 2707 vi-

141 2727 289 2764 debatur,
305 2729 506 2765 Θεοςρύλακτος,
527 2725 775 2764 Theophylactus
791 2726 1003 2762 occurrisset;
1020 2734 1055 2756 ac
1073 2725 1248 2764 prmsertim
1265 2730 1430 2764 postquam
1452 2724 1655 2763 inspeximus
1671 2726 1766 2757 verba

143 2781 263 2812 ibidem
279 2779 371 2811 allata
392 2783 515 2808 exstare
530 2778 561 2808 in
578 2778 818 2809 Commentario
834 2779 947 2809 editoa
965 2777 1083 2808 Silano.
1104 2779 1186 2808 Hinc
1203 2778 1289 2808 enim
1310 2777 1402 2815 plane
1417 2785 1621 2816 consequens
1636 2778 1766 2810 videba-

142 2842 206 2872 tur,
226 2841 320 2873 opus,
336 2832 370 2863 in
385 2840 449 2872 quo
464 2830 725 2871 'l‘beonltylat-tus
745 2832 813 2870 ipse
833 2831 959 2867 citatur,
978 2830 1115 2869 ejusque
1133 2830 1382 2861 commentarius
1396 2829 1468 2861 aliis
1484 2829 1621 2862 aliorum
1637 2832 1766 2862 Patrum
