1897 3052
27 171 76 214 473Δ
431 168 471 199 ΙΝ
489 168 705 204 SEQUENTIA
722 169 772 198 ΤΠ

881 168 1010 198 YLACTI
1032 169 1199 199 SCRIPTA.
1576 167 1627 199 474

28 224 252 259 commentariis
267 228 509 260 annumeratur,
522 225 710 255 nullatenus
730 224 790 262 ipsi
812 232 882 254 esse
907 223 1168 262 adjudicandum.
1186 223 1305 253 Verum
1323 222 1382 253 hoc
1404 226 1629 261 argumentum

29 277 80 307 vim
97 283 174 314 pene
194 283 322 306 omnem
342 273 488 305 amittere
507 274 612 304 visum
636 277 695 310 est,
716 278 883 313 postquam
907 282 944 304 ex
962 274 1077 304 Catena
1103 272 1284 303 Oxoniensi
1310 272 1361 310 (de
1377 282 1439 312 qua
1465 274 1628 312 superius)

25 325 166 361 intellexi,
182 324 419 363 expositionem
437 323 524 354 illam
553 323 714 355 Theodori
731 322 955 354 Heracleensis
983 330 1067 358 esse,
1085 325 1195 360 utpote
1212 321 1268 361 qui
1295 322 1415 352 diserte
1441 322 1556 352 citatur
1572 331 1627 362 pa-

25 377 88 417 gina
112 375 148 406 58
163 375 234 414 ejus
261 374 395 412 codicis,
415 374 508 414 cujus
535 376 711 413 exemplar,
732 378 767 404 ut
785 375 831 405 rei
850 374 946 413 hujus
966 373 1084 404 certior
1105 373 1226 410 fierem,
1255 373 1412 411 postulavi
1434 379 1464 405 et
1488 375 1628 406 obtinui.

28 427 97 458 Hinc
116 425 200 456 enim
221 425 348 455 suborta
369 425 446 455 mihi
462 425 606 464 suspicio
623 429 682 460 est,
708 425 876 455 escitantia
902 424 1020 454 veteris
1041 428 1095 455 aut
1113 424 1301 454 recentioris
1325 425 1530 455 amanuensis
1547 427 1629 456 scri-

27 482 102 517 ptum
119 476 150 506 in
169 475 281 506 codice
300 475 500 511 Florentino,
528 475 576 505 vel
602 479 710 505 nostro
735 474 911 513 exemrlari
925 475 1026 505 fuisse
1046 477 1141 511 Θεοφ.,
1166 474 1316 513 Theoph.,
1334 483 1391 514 pro
1407 477 1496 507 Θεοδ..
1514 475 1626 506 Theod.

26 527 75 559 Sed
90 526 381 566 quomodocumque
396 534 446 556 res
463 526 523 556 ista
540 534 574 555 se
586 524 710 561 habeat,
723 528 757 556 ut
774 528 897 556 certum
916 528 1004 564 puto,
1022 523 1304 555 Montefalconium
1322 533 1384 555 non
1402 525 1465 556 alio
1482 526 1540 556 niti
1556 526 1630 556 fun-

27 578 161 608 damento
189 575 333 614 potuisse
349 575 386 605 ad
409 574 677 605 Cemmentarium
696 574 782 605 hunc
806 573 1046 613 Theolnhylacto
1069 573 1292 610 asserendum,
1310 583 1404 614 quam
1428 576 1527 614 quod,
1552 577 1627 606 dum

28 627 127 665 raptim
144 625 237 656 illum
252 624 430 661 evolveret,
452 625 485 655 in
500 623 609 663 aliqua
626 623 857 655 incideritleca
876 623 1074 654 continentia
1094 624 1173 654 illud
1194 623 1277 654 idem
1292 625 1379 663 quod
1404 630 1476 656 ante
1501 625 1533 655 in
1551 625 1631 655 Sita-

25 680 108 710 niane
123 678 358 709 Commentario
372 677 574 717 perlegisset.
592 677 668 707 Mihi
685 677 796 708 saltem
824 686 888 708 non
903 675 992 707 aliud
1017 676 1126 706 animo
1152 676 1397 708 fundamentum
1419 677 1568 708 occurrit.
1596 677 1630 707 Id

26 739 90 761 vero
106 739 200 769 quam
219 731 260 760 sit
279 728 478 760 imbecillum
494 729 527 759 in
546 729 802 765 Commentariis,
820 729 877 768 qui
897 728 945 758 vel
966 737 1075 767 puram
1098 730 1225 760 Catenm
1249 729 1404 760 rationem
1431 729 1565 766 habent,
1581 728 1628 760 vel

26 782 56 812 ad
73 781 153 811 illam
171 781 319 820 proxime
334 781 502 816 accedunt,
517 781 666 820 quiSquis
682 781 774 812 facile
788 781 952 820 intelligit.

56 832 158 863 XLVI.
175 833 296 862 Verum
317 832 343 862 si
361 841 411 862 res
425 832 466 862 ita
485 841 520 862 se
537 831 642 866 habet.
664 841 721 863 cur
736 831 899 870 igiturhic
913 839 931 862 a
948 831 1041 862 nobis
1123 831 1226 862 lucem
1247 832 1431 862 emittitur?
1447 833 1506 863 Cur
1530 832 1627 863 etiam

25 884 118 914 Graece
131 883 307 914 duntaxat?
320 885 354 914 In
373 884 476 914 lucem
494 883 545 914 hic
563 883 665 914 emitti
680 884 871 923 respondeo,
889 884 1040 923 primum,
1054 883 1140 922 quod
1159 884 1227 915 viro
1243 893 1320 914 sane
1333 883 1520 914 doctissimo
1543 884 1630 914 visus

23 933 110 965 fuerit
125 943 196 965 esse
215 934 466 974 Theophylacti;
492 943 597 974 neque
622 938 708 966 certe
730 934 839 974 aliquo
859 935 1093 974 perspicueque
1112 940 1300 974 argumento
1325 934 1428 965 refelli
1443 934 1544 974 possit
1573 934 1629 964 ist-

24 984 80 1014 inec
93 983 214 1023 opinio.
229 984 259 1015 2.
276 984 356 1021 Quia
376 992 504 1023 aequum
519 992 583 1014 non
600 984 726 1021 censui,
743 984 961 1024 apographum
978 984 1064 1014 istud
1082 984 1217 1014 omnino
1233 984 1388 1020 interire;
1407 984 1528 1023 quippe
1544 983 1629 1022 quod

26 1042 86 1064 esse
98 1033 232 1064 fortasse
248 1034 363 1072 poterit
378 1033 476 1065 alicui
497 1034 636 1073 posteris
660 1035 746 1071 usui,
776 1034 1049 1074 quemadmodum
1073 1034 1150 1064 milii
1172 1043 1234 1065 non
1252 1033 1453 1070 inutilcfuit,
1480 1036 1513 1063 ut
1539 1034 1631 1063 Cum-

30 1081 162 1113 mentarit
181 1083 323 1114 Vaticani
349 1083 398 1124 (de
421 1093 486 1124 quo
507 1083 628 1115 dictum
650 1087 698 1115 est
713 1084 825 1123 supra)
849 1084 1014 1123 exemplar
1031 1085 1237 1116 emendarem
1269 1088 1365 1124 atque
1378 1083 1575 1122 supplerem.
1594 1083 1631 1112 Et

24 1134 142 1173 quidem
157 1136 264 1174 quoad
283 1135 352 1176 ejus
363 1136 475 1167 attinet
489 1145 597 1174 usum,
616 1136 756 1167 breviter
772 1135 969 1175 patefaciam,
983 1135 1070 1176 quod
1088 1135 1166 1166 mihi
1185 1144 1259 1166 eum
1277 1133 1478 1174 percurrenti
1495 1133 1580 1163 venit
1599 1133 1630 1162 in

26 1189 152 1215 mentem
173 1193 181 1215 :
203 1185 356 1216 nimirum
373 1195 411 1216 ex
429 1185 531 1217 tribus
548 1187 636 1218 hisce
654 1187 687 1217 in
702 1187 781 1216 Acta
800 1186 975 1224 apostolica
998 1185 1256 1222 Commentariis,
1279 1193 1361 1224 quos
1377 1185 1527 1215 volumen
1547 1182 1629 1213 istud

25 1235 237 1274 complectitur
255 1236 443 1274 (prmsertim
461 1237 490 1266 si
515 1237 734 1275 Clirysostomi
761 1236 858 1267 fentis
880 1236 1025 1267 omnium
1043 1235 1195 1274 praecipui
1219 1235 1441 1266 adnotationes
1462 1233 1630 1268 addant-ar)

26 1287 187 1326 perfectum
204 1288 315 1319 conﬁci
335 1295 440 1326 posse,
462 1288 711 1328 absolutumque
727 1289 758 1318 in
772 1289 880 1319 eadem
900 1289 974 1318 Acta
1000 1287 1287 1320 Commentarium:
1303 1295 1374 1317 cum
1399 1286 1518 1325 singuli
1536 1290 1629 1316 crete-

25 1337 128 1376 roquin
144 1337 231 1369 haud
247 1347 358 1378 parum
376 1338 486 1377 procul
498 1338 563 1369 sint
576 1347 591 1369 a
608 1339 714 1370 debita
731 1338 938 1378 perfectione.
955 1339 1073 1369 Poterit
1087 1338 1184 1377 igitur
1198 1338 1359 1378 quispiam
1379 1347 1418 1369 ex
1435 1338 1571 1377 singulis
1590 1347 1628 1368 ea

25 1398 85 1428 quae
98 1389 133 1420 ad
153 1399 220 1421 rem
236 1390 372 1421 maxime
388 1389 522 1426 faciunt,
539 1389 698 1429 seligendi
714 1399 823 1422 curam
846 1390 1052 1430 laboremque
1076 1390 1242 1427 suscipere
1260 1401 1268 1421 :
1288 1399 1384 1429 quem
1401 1389 1482 1420 forte
1501 1393 1628 1429 egomet

24 1439 240 1478 suscepissem,
263 1439 326 1469 nisi
353 1439 434 1476 alim,
451 1439 571 1477 quibus
588 1439 758 1476 distrahor,
775 1448 858 1470 curm
870 1443 901 1471 et
915 1440 1108 1470 valetudinis
1121 1439 1324 1470 imbecillitas
1337 1439 1566 1470 inhibuissent.
1585 1441 1630 1470 Eu

24 1489 112 1527 igitur
128 1491 222 1527 ratio,
237 1499 294 1522 cur
311 1491 403 1521 illum
420 1491 588 1522 ediderim.
606 1492 713 1522 Graece
727 1495 833 1522 autem
851 1494 972 1522 tantum
988 1490 1086 1525 edidi,
1104 1490 1179 1529 quia
1196 1499 1233 1521 ex
1251 1499 1314 1521 una
1333 1495 1418 1530 parte
1431 1490 1631 1522 levissimum

23 1543 65 1570 cst
77 1540 324 1572 fundamentum
341 1542 569 1573 Commentarii
596 1543 693 1582 hujus
717 1541 957 1581 Theophylarto
979 1541 1188 1581 adjudicandi
1206 1552 1214 1571 :
1232 1551 1270 1573 ex
1287 1542 1385 1573 altera
1411 1542 1631 1580 veroexpesi-

23 1590 118 1620 tiones
139 1590 212 1629 ejus
229 1590 390 1629 pleraeque
404 1591 436 1621 in
453 1591 606 1622 alterutro
623 1591 734 1629 exiis,
754 1592 811 1632 qui
830 1591 1006 1622 voluminis
1027 1591 1126 1631 hujus
1145 1591 1240 1623 initio
1267 1592 1419 1631 impressi
1442 1596 1530 1629 sunt,
1550 1592 1631 1622 Sifa-

23 1638 108 1668 niane
120 1638 255 1674 scilicet,
272 1643 303 1669 et
317 1637 480 1675 vaticano,
499 1647 561 1670 non
575 1640 670 1670 modo
685 1640 790 1679 quoad
807 1648 954 1676 sensum,
979 1640 1034 1670 sed
1051 1641 1147 1671 etiam
1163 1640 1269 1680 quoad
1286 1641 1383 1671 verba
1410 1649 1633 1680 saepenumero

23 1690 136 1720 insunt.
153 1690 238 1720 Hinc
253 1689 392 1728 pretium
410 1698 515 1729 operm
532 1690 664 1722 minime
686 1700 757 1723 esse
775 1691 900 1728 censui,
920 1699 1040 1722 novum
1055 1692 1142 1723 hunc
1161 1693 1273 1724 subire
1288 1693 1441 1730 laborem,
1460 1697 1490 1724 et
1505 1693 1632 1732 alique-

28 1748 89 1770 rum
105 1740 291 1770 accessione
307 1739 458 1771 foliorum
475 1737 564 1771 nu'lla
583 1742 813 1780 propemodum
835 1741 973 1772 utilitate
991 1742 1142 1773 volumen
1160 1742 1220 1773 hoc
1235 1750 1384 1774 onerare.

60 1789 184 1820 XLVII.
203 1789 355 1826 Quamvis
368 1795 474 1821 autem
492 1791 763 1822 Commentarium
788 1791 874 1822 hunc
891 1791 1000 1821 Latine
1016 1799 1081 1821 non
1104 1791 1266 1829 verterim,
1287 1801 1350 1823 non
1377 1792 1452 1823 ideo
1473 1796 1576 1824 tamen
1596 1796 1635 1825 ab

26 1840 107 1871 omni
123 1840 155 1870 in
171 1847 211 1872 eo
227 1840 352 1871 edendo
365 1840 472 1872 labere
487 1850 535 1872 me
551 1840 687 1871 absolvi.
706 1841 847 1871 Lacunas
865 1840 965 1877 enim,
980 1840 1100 1879 quibus
1117 1841 1335 1880 apograpbum
1351 1841 1539 1880 frequenter
1563 1843 1633 1874 hia-

26 1891 71 1921 bat
87 1891 273 1930 (prmsertim
297 1891 358 1922 sub
373 1892 444 1931 ejus
459 1891 602 1932 initium)
619 1892 750 1931 explere
777 1900 833 1931 pro
848 1892 972 1923 viribus
989 1891 1114 1922 studui.
1140 1893 1178 1922 Et
1196 1892 1291 1923 initio
1307 1893 1450 1932 quidem,
1476 1894 1529 1924 ubi
1552 1897 1636 1934 spis-

24 1941 117 1972 sieres
133 1942 257 1973 lacunae
273 1946 374 1979 erant,
393 1942 471 1972 mihi
490 1942 523 1972 in
537 1942 617 1973 hanc
634 1951 700 1973 rem
720 1943 919 1973 incumbenti
937 1942 1196 1981 percommodum
1210 1942 1271 1973 fuit
1290 1943 1415 1974 Catenae
1437 1942 1634 1975 Oxeniensis

25 1991 52 2022 in
66 1993 172 2023 eadem
201 1994 276 2024 Acta
299 1993 449 2032 primum,
473 1993 559 2032 quod
585 1993 740 2024 habebam
764 2002 827 2032 prie
846 1993 1008 2031 manibus,
1028 1993 1168 2024 folium:
1190 2002 1262 2025 cum
1290 1994 1356 2032 ipsa
1376 1994 1497 2033 quippe
1519 1996 1634 2026 Catena

24 2041 232 2081 apographum
250 2051 356 2072 meum
377 2043 422 2073 sic
438 2043 520 2073 inibi
535 2043 711 2074 convenire
735 2043 947 2082 deprehendi,
964 2048 998 2073 ut
1025 2044 1110 2074 idem
1134 2052 1203 2074 esse
1220 2052 1302 2082 opus
1321 2044 1495 2080 videretur,
1515 2045 1576 2075 nisi
1594 2055 1633 2076 ex

24 2098 172 2131 pestrema
190 2093 278 2124 illius
295 2098 392 2133 parte,
408 2097 502 2133 atque
519 2103 558 2125 ex
573 2094 703 2126 duobus
719 2095 803 2131 aliis,
819 2104 892 2134 qum
918 2095 994 2125 mihi
1012 2104 1144 2125 cernere
1164 2095 1269 2130 licuit,
1295 2095 1364 2134 ejus
1390 2095 1477 2126 foliis
1502 2096 1634 2127 omnino

24 2145 252 2182 cegnovissem,
271 2146 418 2176 Catenam
436 2145 656 2176 Oxoniensem
672 2147 771 2176 multa
789 2145 970 2184 complecti,
987 2154 1059 2184 quae
1081 2146 1114 2176 in
1130 2146 1317 2177 Florentino
1332 2146 1568 2178 Commentario
1580 2147 1636 2177 de-

24 2193 214 2226 siderantur.
230 2195 391 2226 Posterior
407 2195 466 2226 iste
484 2195 618 2227 fortasse
640 2199 810 2235 excerptus
829 2199 876 2226 est
898 2203 935 2225 ex
951 2194 1004 2225 illa
1031 2195 1150 2233 priore.
1174 2195 1221 2225 Ad
1245 2196 1429 2227 sarciendas
1453 2205 1541 2234 vero,
1564 2205 1637 2236 qum

26 2249 225 2277 oreurrerent
239 2246 273 2277 in
295 2255 480 2286 progressu,
498 2246 628 2277 lacunas
642 2247 797 2278 alterutro
820 2255 859 2277 ex
872 2245 1118 2277 Commentariis
1132 2247 1303 2284 prmdictis,
1321 2246 1484 2278 Sitaniane
1499 2247 1634 2281 scilicet,

26 2298 52 2325 et
69 2297 233 2333 Vaticano,
250 2296 306 2327 sed
323 2297 469 2327 omnium
485 2297 750 2336 frequentissime
766 2305 881 2336 magno
898 2297 1127 2336 Chrysostomo
1144 2305 1223 2327 usus
1239 2306 1328 2334 sum;
1342 2301 1372 2328 et
1389 2306 1425 2328 ea
1440 2298 1571 2337 quidem
1586 2297 1634 2327 fe-

28 2345 152 2384 licitate,
174 2353 207 2379 ut
225 2358 265 2380 ex
282 2349 441 2388 plurimis,
458 2358 530 2389 quae
547 2349 672 2380 inerant
688 2353 793 2387 antea,
809 2349 932 2380 lacunis
949 2357 1011 2379 una
1033 2352 1166 2383 tantum,
1184 2348 1233 2378 vel
1254 2348 1351 2379 altera
1374 2349 1534 2388 inexpleta
1559 2347 1637 2378 milii

28 2399 220 2429 remanserit.
250 2399 354 2430 Verba
379 2407 395 2430 a
419 2400 515 2431 nobis
541 2399 648 2430 addita
674 2408 713 2430 cx
746 2400 864 2438 signis,
887 2399 1007 2438 quibus
1032 2398 1079 2429 uti
1102 2398 1134 2429 in
1159 2398 1323 2429 similibus
1346 2399 1502 2436 solemus,
1526 2399 1638 2429 Lector

28 2453 182 2487 agnoscet.
196 2449 243 2480 Ad
261 2449 379 2480 calcem
394 2450 634 2487 Cemmenterii,
650 2458 690 2480 ne
707 2449 831 2489 integra
851 2449 966 2489 pagina
982 2448 1116 2479 omnino
1134 2457 1229 2479 vacua
1245 2454 1434 2487 remaneret,
1458 2449 1497 2479 ab
1513 2459 1550 2481 eo
1568 2449 1637 2482 loco

28 2506 90 2536 pag.
105 2499 174 2533 629.
191 2499 251 2530 COI.
264 2500 297 2536 2,
313 2504 403 2531 Ἔστιν
415 2502 461 2531 οὖν
471 2505 485 2532 ὀ
500 2506 554 2537 πᾶς
573 2506 678 2541 χρόνος,
697 2507 777 2539 rogat

887 2499 1018 2539 ograplii
1038 2499 1139 2539 adjeci
1159 2500 1265 2535 verba,
1283 2500 1403 2539 quibus
1421 2501 1533 2542 Catena
1549 2503 1636 2533 Oxe-

27 2547 142 2579 niensis
159 2548 348 2580 absolvitur.
366 2551 477 2590 Neque
494 2551 527 2581 id
547 2552 672 2582 Lectori
690 2550 901 2590 injucundum
919 2550 986 2580 fore
997 2550 1120 2580 conlido
1138 2550 1203 2581 :sir
1217 2550 1303 2580 cuitu
1318 2550 1487 2589 prmdictm
1500 2553 1634 2586 Catenae;

27 2604 114 2634 quam
125 2599 420 2637 praestantissimum
434 2600 573 2639 appellat
590 2601 759 2632 Fabricius
772 2600 804 2631 in
822 2599 907 2630 Bibl.
925 2599 1046 2636 Graeca,
1066 2600 1196 2631 initium
1214 2599 1335 2630 tenebit
1353 2603 1384 2630 et
1399 2600 1506 2631 ﬁnem.

704 2651 844 2682 SECTIO
866 2650 952 2682 XIII.

437 2703 482 2733 De
502 2703 658 2742 Epistolis
681 2713 700 2733 a
723 2704 863 2734 Mcurst'e
888 2703 992 2739 editis,
1016 2708 1044 2733 ct
1065 2713 1085 2733 a
1108 2703 1223 2734 Lamia.

65 2751 204 2784 XLVIII.
227 2753 321 2783 Ferte
351 2754 517 2785 mirabitur
540 2756 662 2793 Lector,
695 2756 780 2795 quod
814 2755 881 2786 istae
906 2755 1050 2794 epistolaa
1075 2755 1114 2785 ab
1142 2753 1213 2784 aliis
1240 2754 1353 2793 viginti
1379 2755 1532 2795 sejunctas
1563 2754 1638 2786 huic

27 2801 151 2834 editioni
172 2805 290 2834 fuerint
314 2805 457 2842 inserito,
476 2815 550 2837 cum
580 2815 675 2838 nemo
706 2816 768 2838 non
792 2808 908 2842 videat,
926 2806 1102 2837 naturalem
1130 2805 1275 2835 ordinem
1300 2806 1481 2844 postulasse
1507 2811 1540 2837 ut
1556 2815 1633 2837 cou-

24 2849 152 2889 juuctim
173 2855 345 2886 ederentur
361 2864 484 2887 omnes.
505 2857 639 2888 Consilii
658 2857 764 2895 itaque
789 2857 887 2888 nostri
914 2857 992 2888 ilﬂlll’
1016 2857 1169 2887 rationem
1197 2855 1320 2887 habete.
1350 2856 1509 2895 Principio
1535 2856 1637 2893 fuerat
