1897 3052
247 115 281 146 75
737 112 931 143 BONlFAClI
945 112 1105 143 -FlNETTl
1126 112 1335 143 PRd‘lFATIO.
1824 108 1886 140 476

229 168 505 207 constituturn.jut
525 166 638 205 viginti
661 165 815 197 duntaxat
833 168 1061 208 'l‘heOphylacti
1086 168 1231 207 epistola)
1247 168 1306 198 hoc
1328 168 1360 198 in
1385 167 1550 199 volumine
1565 168 1677 199 sedem
1693 167 1884 198 haberent-

228 227 302 258 quaa
326 219 467 249 nondum
494 216 654 256 publicam
679 217 781 247 lucem
798 223 1006 257 aspexerant;
1031 228 1102 249 cum
1129 227 1174 248 eae
1202 222 1325 248 tantum
1347 218 1423 249 huic
1449 219 1544 248 tertio
1569 218 1747 254 volumini,
1776 216 1884 256 quod

227 268 360 300 ineditis
373 266 602 306 Theophylacti
616 263 768 305 operibus
781 268 981 306 excipiendis
1009 268 1205 299 destinatum
1222 268 1255 298 in
1281 269 1394 306 primis
1419 271 1496 303 erat,
1517 268 1677 307 explendo
1692 268 1775 298 satis
1799 275 1881 297 esse

229 319 424 353 viderentur,
447 317 580 356 adjectis
608 321 712 348 tamen
737 318 865 348 duobus
893 319 1046 357 operibus
1070 320 1176 351 adhuc
1203 319 1345 354 ineditis,
1376 327 1515 358 quorum
1549 319 1686 349 alterum
1711 318 1887 354 Parisiis,

228 369 363 399 alterum
384 367 546 397 Florentia
569 367 840 405 praestolabamur.
864 369 922 398 Sed
943 369 1081 408 primum
1100 369 1178 399 illud
1192 378 1276 407 saepe
1292 370 1499 407 promissum,
1521 377 1684 407 nunquam
1701 368 1887 407 perlatum

227 417 265 448 ad
291 426 348 448 nos
371 421 429 447 est.
457 417 602 447 Alterum
631 417 761 457 quidem
779 418 980 456 accepimus;
1011 419 1066 449 sed
1097 419 1177 449 illud
1207 418 1482 457 perpendentibus
1508 417 1601 448 nobis
1631 426 1694 448 non
1714 417 1888 456 suspirio

226 467 391 503 duntaxat,
421 467 476 497 sed
510 471 592 498 certa
618 468 785 505 persuasio
803 467 932 504 insedit,
952 467 989 498 ad
1008 467 1284 506 TheOphylactum
1303 467 1491 498 nullatenus
1515 467 1686 504 pertinere.
1703 467 1769 496 Nos
1793 473 1887 496 vero

228 519 259 547 in
285 527 424 548 errorem
448 518 655 557 perduxerat,
684 527 755 558 quae
781 519 865 557 apud
902 519 1189 550 Montefalconium
1216 519 1333 558 legitur
1361 519 1394 549 in
1425 518 1576 550 Biblioth.
1604 519 1888 549 bibliothecarum

226 574 248 599 t.
269 571 293 604 Ι,
314 578 383 608 pag.
404 570 454 606 35,
480 569 648 601 imminuta
676 570 854 609 inscriptio,
877 579 948 609 qum
978 570 1149 609 sequitur:
1174 571 1351 601 Threnodia
1369 578 1465 609 super
1490 569 1585 599 beatae
1619 570 1778 598 memoria:
1800 569 1885 598 viro

229 620 268 649 D.
286 620 530 658 Theophylacto.
547 619 673 650 Scilicet
689 620 850 659 ejusmodi
867 619 981 650 titulus
1011 628 1069 650 nos
1096 623 1243 650 erexerat
1269 619 1301 650 in
1318 628 1420 658 spem,
1443 617 1661 653 Threnodt’um,
1678 618 1718 648 de
1733 627 1799 655 qua
1825 617 1889 646 hic

228 679 346 707 sermo,
364 680 466 710 genus
483 671 614 710 aliquod
628 672 783 702 orationis
800 671 946 702 funebris
964 680 1035 702 esse
1052 671 1085 701 in
1103 671 1384 710 Theophylactum
1402 670 1462 709 jam
1485 673 1661 702 mortuum,
1692 678 1769 708 quae
1794 669 1890 698 huic

233 721 389 752 volumini
412 731 447 753 ea
467 723 590 753 ratione
609 723 705 753 inseri
721 727 842 763 posset,
861 723 945 762 quod
964 722 1072 762 aliqua
1088 731 1126 752 ex
1144 722 1243 761 gestis
1270 722 1510 760 virtutibusque
1543 721 1589 758 (ut
1617 720 1647 750 in
1673 720 1887 759 ilUju‘HIOtil

228 773 429 804 orationibus
455 775 599 805 accidere
613 775 707 815 solet)
734 775 825 806 illius
852 775 989 806 celebris
1012 774 1248 813 archiepiscopi
1283 774 1562 812 complecteretur.
1591 776 1629 804 At
1668 773 1737 803 sola
1774 772 1887 802 lectio

228 822 421 862 epigraphes
451 824 641 862 exemplaris
670 825 707 854 ad
740 832 798 854 nos
829 823 1004 854 transmissi
1052 823 1090 853 ab
1123 825 1210 854 omni
1245 823 1379 854 omnino
1411 833 1468 863 spe
1501 828 1531 853 et
1559 828 1782 862 praeconcepta
1814 831 1883 852 nus

228 873 384 911 opinione
402 874 537 914 dejecit;
556 874 597 904 ita
615 874 700 904 enim
720 883 753 904 se
774 874 868 904 habet
886 885 892 903 :
909 879 977 914 Θρη».

1140 879 1179 914 τῷ
1202 878 1346 914 μακαρῐτῳ
1361 878 1438 914 κύρῳ
1460 878 1641 914 Θεοφυὶάκτῳ
1731 879 1884 905 Baltasa-

231 927 308 963 μίτῳ,
329 923 522 954 Lamentalio
543 933 638 963 super
654 924 756 964 felicis
779 925 934 954 memoria:
957 925 1024 955 viro
1055 925 1179 955 domino
1206 925 1437 964 Thcophylarto
1467 924 1664 955 Bclissarito.
1690 925 1793 955 Porro
1827 925 1886 955 vel

230 975 337 1014 ipsum
363 976 542 1006 Belissuriti
561 984 738 1015 cognomen
766 977 843 1006 satis
870 976 981 1015 procul
1011 977 1110 1007 dubio
1127 976 1253 1013 flliﬁsifl,
1282 982 1315 1007 ut
1338 977 1610 1016 Thcophylactum
1632 977 1718 1007 hunc
1749 986 1768 1007 a
1792 975 1886 1006 Bul-

231 1033 379 1063 garorum
398 1025 641 1064 archiepiscopo
658 1034 914 1064 secerneremus,
930 1026 1057 1057 etiamsi
1080 1035 1153 1066 qum
1176 1027 1383 1057 continentur
1409 1027 1440 1056 in
1472 1027 1528 1058 hac
1549 1027 1692 1058 oratione
1725 1027 1882 1065 lugubri

230 1076 340 1116 aliquo
366 1076 460 1107 modo
482 1076 621 1106 fuissent
645 1076 806 1115 ambigua.
822 1077 881 1107 Sed
909 1080 940 1108 et
953 1086 1004 1107 res
1029 1077 1060 1108 in
1088 1077 1155 1116 ipsa
1183 1081 1341 1108 contentae
1362 1076 1637 1116 Theophylactum
1661 1076 1827 1108 exhibent
1866 1083 1883 1104 a

231 1129 342 1156 tmstro
364 1125 456 1164 plane
476 1125 640 1156 diversum
656 1128 739 1155 :tota
760 1125 845 1155 enim
864 1125 1061 1163 impenditur
1075 1125 1109 1156 in
1126 1125 1325 1164 deplorando
1344 1127 1516 1157 immaturo
1539 1127 1670 1164 juvenis
1689 1127 1875 1166 t-ujusdam

231 1174 350 1205 nobilis
372 1174 516 1211 interitu,
535 1175 587 1214 qui
606 1182 676 1204 cum
695 1174 824 1212 generis
848 1174 1024 1210 nobilitate,
1045 1178 1112 1205 tum
1130 1174 1284 1205 virtutum
1301 1180 1489 1206 ornamento
1512 1178 1677 1214 praestabat
1699 1189 1706 1207 :
1740 1177 1881 1216 quique

230 1226 306 1255 dum
323 1225 457 1256 Athenis
474 1225 581 1255 studio
597 1233 724 1264 operam
740 1227 838 1262 daret,
860 1226 1006 1257 faucibus
1020 1227 1137 1266 angina
1151 1227 1346 1264 interclusis,
1365 1228 1514 1267 migravit
1535 1239 1551 1259 υ
1579 1229 1652 1265 vita,
1677 1229 1763 1259 datis
1787 1234 1874 1259 ante

231 1275 381 1316 pluribus
401 1277 530 1315 pietatis
547 1276 690 1307 indiciis.
717 1278 798 1307 Eum
818 1277 914 1316 igitur
930 1278 1035 1308 solum
1060 1287 1099 1308 ex
1124 1278 1183 1309 hoc
1203 1278 1362 1317 opusculo
1376 1278 1515 1309 fructum
1537 1279 1654 1310 referre
1683 1284 1875 1316 potuerunt

230 1333 395 1358 curatores
413 1327 544 1358 istiusce
557 1327 718 1366 editionis,
737 1332 772 1357 ut
789 1328 887 1366 magis
901 1328 1067 1367 magisque
1082 1333 1276 1368 perspectam
1294 1329 1446 1359 omnibus
1469 1333 1679 1369 testataznque
1692 1330 1881 1361 redderent

231 1379 446 1419 diligentiam,
464 1387 527 1418 qua
553 1379 601 1409 usi
626 1383 714 1415 sunt,
740 1379 907 1409 maximam
936 1379 967 1409 in
995 1378 1229 1418 conquirendis
1252 1379 1409 1418 undique,
1439 1379 1528 1410 nulla
1567 1385 1716 1420 sumptus
1742 1382 1879 1412 ratione

232 1432 350 1465 habita,
371 1429 525 1468 operibus
550 1430 587 1459 ad
612 1428 887 1468 TheOphylactum
915 1433 1060 1458 nostrum
1086 1429 1331 1468 quomodolibet
1374 1430 1622 1468 pertinentibus.
1653 1431 1731 1462 Cum
1770 1433 1880 1471 igitur

231 1480 331 1519 hujus
348 1479 548 1518 alteriusque
565 1478 691 1510 defectu
704 1478 810 1516 operis
830 1487 894 1509 non
916 1486 1013 1517 pauca
1032 1478 1184 1509 deessent
1201 1479 1279 1510 folia
1295 1479 1333 1509 ad
1351 1480 1559 1517 praestitutam
1577 1479 1674 1520 hujus
1692 1481 1880 1512 voluminis

235 1530 362 1566 molem,
382 1532 556 1560 -curatores
588 1527 743 1567 praedicti,
783 1526 950 1566 impressis
985 1527 1047 1566 jam
1075 1527 1221 1566 epistolis
1252 1527 1385 1567 viginti,
1425 1533 1455 1558 et
1485 1530 1594 1560 Graeco
1628 1530 1880 1562 Commentario

233 1579 439 1618 insequente,
466 1578 641 1610 consilium
674 1577 878 1616 capessivere
913 1578 962 1617 (ad
996 1578 1096 1608 alium
1124 1581 1244 1608 tomum
1272 1581 1433 1608 reservato
1465 1587 1579 1618 opere,
1610 1581 1697 1618 quod
1733 1581 1879 1612 Patisiis

235 1629 468 1668 praestolamur)
485 1627 658 1667 adjiciendi
682 1628 776 1658 etiam
796 1628 949 1666 epistolas
968 1636 984 1657 a
1012 1627 1154 1658 Meursio
1176 1632 1206 1658 et
1229 1627 1338 1658 Laniio
1359 1627 1472 1665 editas,
1496 1637 1535 1659 ne
1553 1632 1659 1659 tomus
1688 1630 1748 1660 iste
1775 1640 1879 1671 aequo

235 1680 362 1710 brevior
385 1679 551 1715 evaderet;
578 1677 742 1716 simulque
767 1678 928 1709 celeritate
954 1685 1077 1708 summa
1101 1678 1234 1708 curandi
1254 1678 1366 1717 ipsius.
1394 1678 1655 1717 impressionem,
1685 1689 1724 1710 ne
1753 1683 1879 1712 erudi-

237 1734 344 1760 torum
370 1733 441 1760 vota
467 1729 591 1760 diutius
617 1727 840 1768 fatigarentur.
866 1728 949 1759 Hinc
970 1736 1046 1759 vero
1062 1727 1129 1767 .hoc
1154 1728 1259 1759 solum
1284 1728 1479 1760 incommodi
1511 1729 1626 1761 accidit
1650 1730 1749 1770 (quod
1783 1734 1879 1763 enini

235 1781 393 1821 ejusmodi
413 1782 557 1821 epistolae
572 1782 610 1812 ab
626 1781 698 1812 aliis
715 1781 868 1820 sejunctee
885 1782 1055 1820 prodeant,
1072 1789 1131 1820 pro
1155 1780 1257 1811 nihilo
1286 1780 1466 1812 habendum
1485 1790 1554 1812 esse
1582 1791 1599 1812 a
1625 1783 1703 1813 viris
1725 1785 1879 1822 pruden-

235 1834 322 1864 tibus
338 1833 426 1874 puto)
442 1833 529 1874 quod
546 1823 770 1864 Marinerianaa
790 1832 950 1863 versionis
970 1831 1243 1869 emendationem,
1263 1841 1359 1871 quam
1394 1832 1526 1871 aggredi
1551 1841 1588 1864 ac
1612 1834 1764 1872 perficere
1789 1839 1876 1865 stato

235 1889 380 1924 tempore
400 1884 645 1921 constitueram,
669 1887 761 1923 capto
783 1891 799 1913 a
830 1883 1035 1914 curatoribus
1059 1891 1142 1914 novo
1168 1883 1402 1923 inopinatoque
1432 1885 1583 1922 consilio,
1607 1889 1638 1916 et
1673 1895 1706 1916 re
1731 1886 1877 1917 maxime

236 1939 414 1974 properata,
437 1939 586 1973 praestare
607 1943 670 1965 non
690 1934 861 1972 potuerim.
882 1934 918 1964 At
936 1934 1118 1965 versionem
1142 1934 1227 1964 illam
1245 1935 1446 1965 tolerabilem
1467 1936 1504 1966 ad
1526 1936 1633 1966 minus
1652 1945 1738 1974 esse,
1757 1938 1808 1968 Vel
1834 1947 1875 1968 ex

235 1995 274 2018 eo
296 1987 371 2017 mihi
393 1987 583 2026 persuadeo,
606 1986 693 2026 quod
721 1986 863 2022 Lamius,
889 1986 938 2015 vir
965 1986 1187 2023 doctissimus,
1211 1985 1378 2026 Graecique
1402 1987 1563 2018 idiomatis
1576 1987 1810 2026 peritissimus,
1839 1990 1874 2019 in

235 2039 354 2070 celebri
371 2039 512 2071 editione
528 2039 724 2075 Meursiana,
742 2039 793 2070 cui
810 2042 936 2078 praeest,
954 2047 1023 2069 eam
1051 2038 1211 2074 collocare
1230 2047 1294 2069 non
1311 2038 1477 2070 dubitarit.
1496 2038 1621 2069 Nullam
1643 2039 1744 2078 igitur
1761 2040 1796 2069 in
1823 2040 1874 2070 his

236 2092 370 2122 edendis
388 2092 536 2129 epistolis
554 2092 623 2130 ipse
641 2099 770 2129 operam
789 2091 894 2128 posui,
915 2091 1062 2130 adeoque
1089 2089 1170 2120 nihil
1199 2091 1238 2121 de
1264 2090 1379 2120 iisdem
1401 2094 1550 2129 superest
1575 2090 1654 2120 mihi
1682 2091 1870 2121 dicendurm.

237 2144 274 2173 Et
289 2143 354 2174 hinc
368 2144 473 2182 quoad
490 2143 636 2182 singulas
652 2143 749 2183 hujus
767 2143 944 2174 voluminis
962 2146 1078 2182 partes.
1098 2144 1190 2173 Nunc
1217 2150 1316 2181 pauca
1343 2142 1382 2172 de
1402 2141 1552 2173 versione
1581 2150 1661 2178 utea,
1683 2141 1871 2181 additisque

239 2194 334 2231 notis,
359 2197 529 2232 antequam
548 2193 766 2225 Praefationem
783 2194 928 2230 absolvo,
945 2193 1083 2232 adjicere
1101 2192 1202 2223 lubet.

278 2255 395 2285 XLIX.
420 2255 503 2285 Usus
519 2263 590 2286 sum
611 2256 759 2287 liberiore
774 2255 936 2287 versionis
961 2263 1097 2294 genere;
1125 2263 1189 2285 non
1211 2255 1355 2294 quidem,
1385 2259 1420 2286 ut
1439 2263 1508 2286 eam
1536 2255 1705 2285 redderem
1735 2256 1872 2293 elegan-

241 2304 367 2344 tiorem,
387 2305 440 2335 sed
465 2309 497 2336 ut
513 2305 681 2338 clariorem
699 2307 867 2346 magisque
887 2307 1102 2345 perspicuam.
1121 2306 1247 2336 Etenim
1267 2306 1303 2336 in
1329 2314 1365 2336 ea
1391 2314 1518 2344 semper
1539 2305 1699 2336 sententia
1713 2304 1774 2338 fui.
1796 2313 1870 2334 eum

240 2356 323 2387 haud
342 2355 481 2394 perfecte
506 2356 597 2396 fungi
623 2357 806 2397 interpretis
828 2365 973 2392 munere,
1001 2356 1058 2395 qui
1094 2361 1239 2388 accurate
1264 2357 1396 2396 quidem
1419 2358 1515 2387 verba
1541 2355 1713 2387 transferre
1740 2357 1868 2394 satagit,

239 2408 378 2441 auctoris
396 2416 471 2438 vero
486 2417 619 2440 sensum
641 2409 815 2440 obscurum
833 2409 1000 2448 relinquit.
1020 2409 1123 2448 Hujus
1148 2409 1310 2448 siquidem
1334 2408 1581 2447 explicationem
1599 2407 1807 2447 potissimum
1831 2409 1868 2438 ad

241 2458 444 2498 interpretem
468 2459 641 2497 pertinere,
668 2463 751 2498 patet
781 2460 829 2490 vel
857 2469 896 2490 ex
927 2467 966 2490 eo
997 2459 1083 2498 quod
1112 2459 1133 2488 ii
1159 2459 1254 2490 etiam
1279 2459 1334 2498 qui
1361 2459 1540 2499 cujuSpiam
1562 2458 1704 2488 auctoris
1734 2466 1866 2489 sensum

240 2502 416 2542 tametsi‘i‘n
446 2509 556 2539 eadem
586 2509 709 2547 lingua,
734 2509 902 2540 clariOrcm
931 2510 1080 2546 reddunt,
1111 2509 1236 2540 soleant
1264 2510 1453 2549 interprete:
1483 2509 1650 2548 appellari.
1675 2509 1868 2548 Plerumque

242 2558 341 2598 igitur
369 2558 402 2589 in
437 2558 469 2588 id
503 2559 724 2590 tantummodo
758 2559 911 2595 laboravi,
930 2563 963 2590 ut
979 2568 1110 2590 sensum
1127 2567 1224 2598 quem
1240 2559 1383 2589 auctoris
1402 2559 1498 2590 verba
1513 2558 1705 2597 diligentius
1727 2567 1866 2593 expensa

245 2610 411 2641 continere
428 2609 556 2647 censui,
583 2610 705 2649 phrasi,
733 2610 839 2649 quoad
871 2611 972 2650 potui,
1003 2609 1151 2646 clariore,
1178 2608 1351 2648 verbisque
1374 2609 1643 2648 tequivalentibus
1670 2607 1865 2638 exhiberem.

243 2657 354 2689 Sicubi
372 2667 447 2690 vero
462 2659 602 2689 auctoris
626 2667 717 2690 mens
739 2660 846 2690 minus
862 2664 946 2691 certa
964 2659 1195 2698 explorataque
1214 2658 1293 2689 mihi
1317 2659 1387 2690 visa
1414 2661 1474 2696 est,
1490 2661 1557 2689 tum
1581 2658 1725 2697 pressius
1750 2658 1865 2688 hierere

245 2709 353 2740 verbis
369 2708 551 2740 consultius
570 2709 764 2746 existimavi,
791 2716 884 2741 acuto
915 2709 1037 2741 Lectori
1053 2712 1242 2748 potestatem
1268 2712 1301 2740 ut
1320 2709 1458 2740 facerem
1473 2717 1511 2740 ea
1528 2713 1563 2740 ut
1586 2709 1647 2738 sibi
1668 2707 1865 2746 probabilius

247 2759 411 2790 videretur
432 2758 675 2797 interpretandi.
702 2760 736 2790 ln
762 2759 948 2798 liujusmodi
971 2757 1123 2796 scopulos
1144 2759 1243 2788 semel
1268 2762 1298 2788 et
1330 2759 1446 2789 iterum
1474 2757 1575 2788 incidi
1600 2757 1678 2787 dum
1711 2760 1864 2788 verterem

249 2808 418 2847 Epistolas,
444 2817 516 2849 quae
545 2808 621 2840 mihi
650 2809 769 2850 ubique
794 2809 1086 2847 dilliciles,alicubi
1115 2808 1191 2840 visae
1218 2813 1292 2839 sunt
1323 2808 1417 2840 etiam
1438 2809 1514 2840 satis
1541 2808 1696 2839 obscurae.
1720 2807 1863 2839 Fortasse
