1897 3052
43 147 87 177 άττ
552 143 764 173 LAURENTII
781 143 910 173 SJFANI
932 144 1139 174 Plt/EFATIO.
1607 142 1660 173 478

43 198 292 238 't'heophylactns
327 197 359 228 in
382 197 438 228 'eis
464 197 707 228 conscribendis
734 196 870 228 clariore
893 197 977 237 stylo
1007 206 1085 228 usus
1102 206 1164 228 non
1193 202 1251 235 est,
1269 198 1346 238 quia
1369 198 1407 229 ad
1430 197 1605 229 familiares
1627 202 1659 229 et

44 242 229 282 domesticos
252 251 411 287 scribens,
429 249 548 281 clarius
565 258 637 281 sese
653 250 815 289 explicare
834 253 887 280 aut
900 250 1043 289 neglexit
1064 255 1118 281 aut
1141 251 1258 282 noluit.
1286 251 1320 281 In
1349 250 1446 281 variis
1465 251 1542 282 tomi
1563 251 1660 290 hujus

45 303 187 342 oneribus
209 312 227 333 e
253 312 305 333 me
322 303 432 334 Latine
468 303 602 334 redditis
632 303 852 334 diversitatem
881 303 1021 343 aliquam
1051 303 1085 334 in
1125 303 1194 342 ipsa
1210 303 1359 334 versione
1386 302 1520 334 fortasse
1549 303 1660 333 Lector

43 357 184 390 offendet,
210 355 252 386 ita
269 359 302 386 ut
319 357 415 386 modo
439 355 552 394 magis,
570 356 665 386 modo
680 357 788 386 minus
805 355 963 387 elaborata
974 356 1002 386 ei
1021 356 1168 386 videatur
1181 361 1276 395 atque
1293 355 1451 394 expolita;
1465 355 1660 394 quandoque

44 407 127 437 etiam
151 405 266 444 magis,
296 406 494 445 quandoque
529 406 637 436 minus
664 405 895 445 Thcophylacti
923 404 1029 436 verbis
1061 405 1198 436 astricta.
1233 404 1330 444 Cujus
1368 404 1564 435 diversitatis
1589 412 1659 434 eam

43 464 158 488 causam
183 464 256 487 esse
275 460 365 494 scrat,
381 457 468 495 quod
487 465 546 496 ego
563 464 625 487 non
649 457 863 491 continenter,
878 456 933 486 sed
954 464 1009 494 per
1034 455 1117 486 varia
1136 454 1289 493 temporis
1309 453 1485 491 intervalla,
1514 454 1660 492 adeoque

44 511 70 537 et
91 506 172 537 varia
195 511 290 537 utens
315 506 462 546 corporis
484 507 680 541 valetudine,
709 506 869 546 variisque
898 507 985 536 curis
1009 508 1081 540 plus
1112 506 1260 536 minusve
1283 505 1458 542 distentus,
1492 503 1658 535 versiones

45 557 218 596 hujusmodi
237 557 452 588 elucubrarim
483 569 491 590 :
520 558 607 588 unde
626 556 768 596 aliquam
797 556 874 596 styli
906 561 1004 596 atque
1033 555 1307 596 interpretationis
1332 555 1552 586 diversitatem
1580 554 1658 584 oriri

44 616 165 638 necesse
182 608 258 638 fuit.
272 596 387 645 Quoad
401 613 492 639 notas
508 609 632 644 attinet,
653 608 780 639 noverit
796 609 920 645 Lector,
937 617 988 640 me
1005 608 1138 639 minime
1155 609 1186 639 id
1208 608 1351 640 muneris
1367 607 1446 638 mihi
1468 607 1658 646 sumpsisse,

44 665 73 690 ut
88 662 167 693 notis
194 661 235 692 de
252 664 341 692 more
357 660 514 700 subjectis
536 660 767 700 Theophylacti
788 668 885 699 opera
902 660 1099 691 illustrarem
1119 672 1126 691 :
1144 669 1250 700 neque
1267 660 1355 690 enim
1371 668 1505 690 necesse
1531 659 1562 689 id
1583 662 1661 695 erat,

45 721 139 750 neque
156 721 213 752 per
228 711 459 751 occupationes
475 719 563 741 meas
586 716 616 741 et
635 710 781 749 corporis
800 709 1016 741 valetudinem
1034 714 1186 750 prmslare
1199 710 1231 741 id
1260 710 1342 740 mihi
1368 709 1525 740 licuisset.
1550 709 1660 739 Solum

45 763 132 802 igitur
150 768 243 794 notas
263 763 388 802 aliquas
401 762 555 802 operibus
578 770 596 793 a
615 771 664 793 me
697 761 860 792 translatis
877 761 935 792 hac
953 761 1093 801 illacque
1115 761 1249 801 aspersi,
1276 761 1332 792 ubi
1356 760 1404 791 vel
1435 760 1534 798 major
1553 759 1660 798 aliqua

47 821 151 850 urgvre
166 813 347 844 necessitas
366 812 547 849 videbatur,
565 812 611 843 vel
631 817 812 852 proruptum
833 812 967 843 omnino
983 817 1060 848 erat,
1077 813 1163 852 quod
1181 813 1377 842 ednolarem.
1400 810 1482 841 Illud
1501 814 1660 849 postremo

46 862 107 893 loco
123 863 321 894 monendum
342 867 504 902 superest,
519 871 617 893 sacra;
632 862 804 902 Scriptura;
822 864 929 892 textas
946 861 1036 900 juxta
1052 860 1233 890 versionem
1249 859 1416 898 Vulgalam
1432 858 1578 888 attulisse
1597 866 1659 892 me,

45 920 73 944 ut
87 915 319 946 Catholicorum
347 915 402 954 qui
429 914 458 945 ei
473 916 593 945 assueti
625 918 713 950 sunt,
735 914 906 945 commodo
931 912 1106 952 praesertim
1135 911 1345 948 inservirem;
1369 915 1465 950 atque
1492 919 1555 941 non
1581 910 1661 941 Novi

44 967 196 1002 duntaxat,
228 965 286 996 sed
312 965 407 996 etiam
430 965 557 996 Veteris
581 965 778 995 Testamenti
807 964 902 995 verba
932 963 1097 995 aﬂ‘erendo
1123 974 1130 993 :
1160 962 1233 993 licet
1257 961 1527 1001 Thc0phylactus,
1552 965 1662 999 utpote

44 1017 159 1046 Graicus
187 1019 310 1051 auctor,
328 1014 433 1054 quoad
466 1013 660 1051 secundum,
684 1018 794 1044 utatur
810 1014 960 1045 versione
986 1018 1047 1044 Τῶν
1075 1013 1172 1043 LXX.
1202 1013 1280 1043 Cum
1305 1020 1381 1042 vero
1400 1011 1542 1050 Vulgata;
1569 1011 1662 1041 verba

43 1068 115 1096 adeo
129 1064 296 1096 differrent
315 1073 332 1096 a
348 1065 453 1096 verbis
471 1073 525 1102 per
535 1064 812 1104 Theopbylactum
830 1064 947 1100 allatis,
962 1067 995 1095 ut
1009 1063 1080 1103 ejus
1106 1062 1160 1094 ﬁni
1182 1063 1316 1093 minime
1334 1066 1549 1093 consentanea
1566 1062 1660 1093 vide-

46 1120 155 1153 rentur,
174 1120 250 1146 tunc
264 1116 407 1154 pressius
435 1123 472 1146 ea
489 1119 611 1145 vertere
629 1113 846 1146 necessarium
865 1114 999 1145 omnino
1016 1114 1120 1144 visum
1140 1117 1200 1144 est.

79 1167 110 1196 L.
131 1166 198 1196 1am
224 1173 312 1203 vero,
340 1165 439 1196 lector
466 1165 598 1205 optime,
629 1165 728 1195 habes
757 1165 915 1200 omnium,
947 1173 1020 1204 qure
1048 1169 1154 1195 tomus
1182 1164 1242 1195 iste
1267 1163 1500 1203 complectitur,
1527 1171 1661 1202 operum

46 1213 219 1254 laborisque
236 1223 253 1245 a
271 1223 320 1245 me
334 1214 366 1245 in
383 1222 421 1246 eo
437 1214 593 1253 insumpti
612 1213 783 1244 rationem.
798 1214 909 1251 Quoad
927 1213 1090 1253 duplicem
1113 1213 1199 1244 enim
1217 1213 1368 1248 Iudicem,
1384 1213 1527 1242 Graecum
1545 1219 1659 1249 unum.

45 1265 238 1305 alterumque
253 1265 413 1300 Latinum,
430 1273 512 1304 quos
533 1268 694 1303 postremo
721 1263 792 1294 loco
809 1263 924 1302 adjeci,
949 1263 1029 1294 nihil
1054 1263 1168 1298 habeo,
1192 1263 1279 1302 quod
1296 1262 1411 1296 dicam,
1430 1261 1491 1291 nisi
1510 1269 1558 1291 me
1573 1260 1603 1290 in
1622 1268 1661 1291 eo

45 1322 196 1354 spectasse
213 1316 372 1347 delectum
393 1316 500 1354 potius
515 1323 610 1355 quam
623 1315 760 1352 copiam.
776 1313 862 1344 Nihil
888 1314 983 1344 etiam
998 1316 1037 1344 de
1063 1313 1286 1353 impressionis
1301 1316 1446 1344 accurata
1462 1309 1661 1343 correctione

46 1366 155 1404 dicam;
169 1367 290 1407 quippe
310 1376 382 1407 qua:
402 1367 440 1398 ad
464 1375 513 1398 me
531 1374 594 1397 non
616 1368 750 1405 spectat,
766 1365 824 1395 sed
840 1364 878 1396 ad
894 1373 969 1396 eum
989 1365 1046 1405 qui
1062 1365 1239 1404 specimina
1263 1365 1417 1396 correxit.
1435 1365 1546 1395 Solum
1564 1363 1663 1403 igitur

44 1425 121 1447 nunc
146 1421 309 1456 superest,
338 1420 373 1447 ut
397 1420 426 1447 te
451 1417 547 1448 etiam
570 1419 668 1455 atque
700 1416 794 1446 etiam
825 1423 947 1454 rogem,
978 1424 1084 1446 meum
1113 1415 1199 1446 hunc
1233 1414 1493 1454 qualemcunque
1521 1414 1661 1444 laborem

44 1472 73 1497 ut
87 1467 111 1496 si
130 1467 264 1506 probare
282 1467 415 1498 omnino
429 1475 492 1498 non
523 1467 639 1506 possis,
661 1470 808 1497 conatum
828 1465 940 1496 saltem
972 1474 1079 1497 meum
1103 1473 1196 1505 aequo
1212 1470 1367 1506 gratoque
1391 1466 1499 1496 animo
1515 1465 1662 1505 excipere

44 1518 128 1549 velis.

44 1730 217 1765 Nobilibus,
232 1730 398 1769 generosis
416 1733 512 1765 atque
531 1727 863 1769 Inagniticisjvirisp.
880 1729 985 1759 Marco
1003 1730 1159 1759 etJoanni
1177 1730 1339 1769 FchEnls
1350 1728 1515 1769 fratribus,
1531 1726 1663 1769 Antonii

79 1769 162 1805 ﬁliis,
177 1766 384 1808 Kirchpergaa
403 1773 433 1799 et
449 1766 698 1808 Weissenliorui
717 1766 993 1808 barouibusLeth
1010 1768 1152 1799 dominis
1180 1768 1249 1800 suis
1274 1767 1474 1799 charissimis
1491 1771 1522 1798 et
1551 1766 1664 1798 amicis

78 1809 222 1845 summis,
246 1806 440 1839 Laurentius
457 1807 633 1844 SlFANUS,
647 1806 883 1842 Prunsfeldius,
898 1807 928 1836 J.
946 1807 981 1837 U.
1000 1808 1127 1845 Doctor,
1143 1809 1174 1838 ς.
1189 1809 1223 1839 Ρ.
1241 1808 1277 1838 Ι).

84 1924 149 1952 Cum
178 1924 279 1951 abhinc
302 1923 460 1955 triennium,
489 1924 539 1951 viri
569 1924 706 1958 generosi,
726 1924 864 1952 Arnoldius
888 1924 1098 1956 Bircomanuus,
1122 1923 1330 1961 Agrippinensis
1354 1922 1512 1958 bibliopola,
1529 1923 1579 1950 hoc
1596 1930 1666 1959 opus

45 1972 206 2000 scholiorum
222 1973 250 1999 in
271 1974 338 2000 Acta
354 1973 505 2008 apostolica
522 1972 576 1999 divi
590 1971 681 2003 Lucae.
699 1979 731 1999 ex
747 1972 858 2000 Austria
880 1981 895 2000 a
918 1973 1073 2000 clarissimo
1089 1972 1148 2000 viro
1169 1972 1199 2000 0.
1214 1971 1320 2000 Joanne
1343 1972 1480 1999 Sambuco
1500 1973 1533 1997 ad
1551 1980 1580 1998 se
1596 1973 1666 1999 mis-

46 2026 110 2049 sum,
125 2019 193 2046 mihi
210 2018 381 2046 exhibuisset
397 2026 404 2044 :
420 2017 493 2052 quod
511 2022 569 2044 erat
585 2017 727 2052 exemplar
739 2017 903 2050 obsoletum,
919 2022 946 2045 et
969 2018 1130 2053 compendio
1147 2014 1298 2045 litterarum
1329 2017 1396 2045 adeo
1415 2017 1572 2044 intricatum
1584 2022 1666 2052 atque

45 2066 227 2098 obscuratum,
242 2070 272 2093 ut
285 2066 319 2093 ab
337 2066 484 2093 admodum
503 2065 596 2100 paucis
611 2064 732 2093 Colonia:
748 2066 800 2100 legi
820 2070 921 2100 posset,
939 2074 1044 2094 mecum
1060 2074 1140 2102 agere
1156 2066 1249 2100 coepit,
1262 2071 1291 2093 ut
1304 2066 1472 2101 susciperem
1486 2066 1545 2101 ejus
1558 2065 1666 2093 dcscri-

45 2113 116 2140 bendi
132 2114 265 2141 laborem.
281 2113 358 2140 [laud
376 2113 449 2141 enim
469 2113 612 2148 ignorabat
626 2121 669 2140 me
693 2114 758 2140 olim
776 2113 890 2141 Lutetiae
907 2115 1042 2148 ejusmodi
1060 2114 1250 2143 describendis
1267 2115 1384 2142 vetustis
1400 2114 1539 2141 codicibus
1559 2113 1665 2142 Grmcis

45 2159 228 2193 exercitatum,
245 2159 317 2187 haud
337 2160 452 2187 multum
465 2160 492 2186 in
507 2159 625 2187 lectione
650 2167 711 2187 esse
731 2160 932 2187 laboraturum.
951 2160 1006 2195 Ego
1032 2168 1097 2188 vero
1125 2169 1185 2188 cum
1212 2161 1389 2195 intelligcrcm
1408 2169 1469 2188 cum
1503 2168 1571 2195 opus
1597 2160 1664 2186 illud

45 2203 130 2232 (ἐι-τερα
144 2206 227 2232 simul
243 2209 270 2232 et
286 2205 382 2232 Latine
402 2206 545 2240 divulgare
568 2207 594 2232 in
612 2206 706 2233 animo
720 2207 831 2238 habere,
859 2206 1002 2240 cupiebam
1019 2207 1127 2241 quidem
1148 2211 1174 2234 et
1191 2208 1229 2234 illi
1242 2215 1291 2242 pro
1309 2207 1429 2233 amicitia
1447 2214 1549 2233 morem
1568 2213 1665 2241 gerere

46 2254 66 2274 et
83 2251 195 2284 publica:
211 2251 325 2278 utilitati
343 2251 490 2279 consulere
507 2260 515 2285 ;
531 2252 578 2279 sed
594 2251 750 2279 deterrehat
767 2261 809 2279 me
825 2260 886 2279 cum
901 2253 1045 2288 scriptura:
1060 2253 1168 2280 exilitas
1185 2254 1273 2280 oculis
1295 2252 1415 2286 inimica,
1432 2257 1489 2279 tum
1508 2253 1662 2288 exemplum

47 2299 128 2326 minus
143 2299 330 2332 emendatum,
345 2300 496 2334 praesertim
513 2307 574 2327 eum
592 2300 702 2327 deesset
715 2300 789 2327 aliud
812 2301 998 2336 apographmn
1017 2302 1090 2328 unde
1111 2300 1210 2335 corrigi
1230 2301 1313 2335 hujus
1327 2306 1408 2336 atque
1431 2301 1569 2328 emendari
1597 2300 1661 2328 vitia

47 2351 157 2375 lassent.
174 2345 280 2379 Itaque,
309 2353 466 2381 quanquam
484 2354 564 2381 δἐι-ο,
595 2346 721 2374 conceSSi
740 2351 829 2374 tamen
854 2348 969 2382 petenti,
987 2352 1013 2374 et
1040 2355 1096 2374 rem
1112 2347 1222 2382 suscepi
1245 2356 1252 2376 ι
1269 2353 1295 2375 et
1311 2356 1372 2375 cum
1398 2347 1512 2375 vitanda:
1530 2347 1663 2381 pestifera:

45 2393 205 2427 contagionis
221 2399 303 2419 causa
318 2400 361 2419 me
374 2393 402 2419 in
418 2393 533 2427 patriam
546 2400 579 2420 ex
602 2392 670 2420 urbe
685 2392 862 2427 recepissem,
878 2392 950 2427 apud
966 2393 1097 2420 .lacobum
1113 2392 1281 2420 Paulmsium
1296 2393 1420 2421 abbatem
1438 2393 1553 2420 cmnobii
1573 2391 1663 2419 Stein-

46 2436 127 2468 veldil,
143 2437 233 2464 virum
251 2442 279 2464 et
303 2436 413 2468 litteris,
430 2441 458 2464 et
476 2437 588 2472 pietate,
617 2442 645 2464 et
669 2437 812 2472 prudentia
836 2438 1054 2471 ornatissimum,
1071 2438 1122 2465 hoc
1137 2446 1206 2472 opus
1222 2439 1292 2465 haud
1309 2439 1370 2466 sine
1390 2440 1509 2466 maxime
1523 2439 1614 2465 labore
1630 2445 1662 2464 ac

46 2483 143 2511 liesione
161 2485 305 2512 oculorum
318 2485 452 2520 descripsi
468 2494 475 2515 ;
496 2485 569 2520 quod
587 2485 633 2512 ubi
656 2486 851 2520 transcriptum
870 2485 1052 2513 Bircomanno
1068 2485 1179 2512 tradidi.
1196 2485 1242 2512 ille
1255 2493 1335 2520 porro
1351 2493 1457 2513 mecum
1472 2493 1551 2521 agere
1569 2484 1663 2521 coepit,

45 2534 70 2556 ut
85 2532 152 2564 quod
166 2532 376 2566 descripserant),
393 2532 474 2559 etiam
490 2537 679 2560 converterent
697 2533 723 2560 in
736 2540 888 2560 sermonem
904 2533 1043 2560 Latinum.
1056 2534 1112 2568 Ego
1128 2540 1192 2560 vero
1207 2532 1298 2568 (quod
1317 2532 1388 2559 haud
1407 2533 1562 2568 ignorabam
1580 2540 1664 2567 quatt-

45 2581 128 2610 lupere
143 2578 208 2604 mihi
222 2578 394 2605 aestuandum
413 2584 496 2613 atque
509 2579 663 2606 sudandqu
679 2584 750 2606 esset
766 2579 792 2605 in
809 2587 902 2613 opere,
921 2579 1001 2613 cujus
1015 2588 1099 2607 unum
1117 2580 1250 2606 duntaxat
1264 2581 1385 2606 exstaret
1399 2579 1563 2613 exemplum,
1582 2578 1663 2613 idque

47 2623 129 2650 multis
145 2624 173 2650 in
190 2624 257 2651 locis
274 2624 404 2651 mutilum
420 2628 501 2658 atque
515 2624 718 2660 depravatum),
733 2625 931 2660 aliquantisper
950 2631 1105 2659 cunctatus,
1123 2627 1232 2654 tandem
1252 2624 1392 2656 Ecclesiae,
1406 2624 1432 2651 in
1451 2629 1503 2651 tam
1522 2626 1579 2652 utili
1594 2634 1664 2660 prm-

45 2671 128 2698 sertim
155 2680 187 2699 ac
207 2673 254 2706 pio
271 2680 364 2707 opere.
387 2672 516 2706 juvandze
536 2673 640 2706 studio,
661 2677 742 2707 atque
764 2674 844 2700 etiam
863 2674 996 2701 tolerabili
1017 2681 1032 2700 a
1053 2673 1236 2701 Bircomanno
1250 2673 1389 2709 proposita
1416 2672 1582 2706 conditione,
1605 2682 1660 2701 rem

45 2722 180 2750 aggressus
198 2725 259 2745 sum
279 2727 286 2744 :
303 2725 335 2745 ac
361 2718 404 2744 vix
434 2717 542 2744 tandem
558 2718 674 2746 absolvi.
693 2718 759 2745 Nam
777 2727 976 2755 saepenumero,
999 2719 1062 2746 dum
1084 2719 1110 2746 in
1127 2720 1186 2747 lora
1203 2720 1297 2747 mutila
1312 2723 1394 2754 atque
1409 2724 1535 2754 corrupta
1559 2719 1661 2745 incide-

45 2760 108 2794 ham,
122 2763 201 2790 taedio
227 2763 328 2790 laboris
354 2764 511 2799 frequenter
537 2765 618 2798 irriti,
633 2773 665 2794 ac
687 2767 884 2802 propemodum
911 2766 1101 2801 desperatione
1119 2767 1156 2794 rei
1184 2766 1299 2794 feliciter
1323 2766 1495 2794 absolvenda'
1513 2765 1594 2801 (cum
1611 2773 1660 2793 nec

44 2814 141 2844 semper
156 2809 245 2837 otium
261 2811 355 2845 esset),
372 2811 407 2838 ab
420 2818 501 2846 opere
516 2812 634 2845 cessavi,
646 2813 718 2848 quod
736 2814 897 2848 plerumque
912 2813 994 2841 etiam
1011 2812 1101 2841 facere
1115 2813 1201 2845 soleo,
1213 2813 1258 2840 ubi
1277 2813 1341 2839 mihi
1359 2814 1415 2848 ipse
1429 2820 1483 2840 non
1502 2811 1657 2839 satisfacio:

45 2862 87 2884 nec
100 2857 169 2886 enim
183 2858 251 2886 mihi
268 2860 432 2898 persuadere
447 2867 572 2896 possunt,
594 2861 628 2889 ab
643 2861 704 2890 aliis
717 2861 860 2897 probatura
877 2861 921 2894 iri,
937 2861 1008 2896 quod
1025 2861 1203 2896 mihimctipsi
1213 2861 1362 2896 displiceat.
1379 2860 1471 2895 itaque
1483 2869 1542 2888 cum
1559 2868 1657 2896 perpe-
