1897 3052
196 139 250 171 119
715 137 925 169 LAURENTII
951 138 984 168 Sl
991 138 1079 169 FANI
1097 138 1304 169 PRIEFATIO.
1767 136 1844 170 480

196 202 272 223 tuum
289 194 316 222 in
334 194 520 223 convertendo
540 202 641 222 morem
658 202 767 223 servare
779 195 864 227 soleo,
875 200 966 222 utnon
982 199 1045 222 ante
1060 203 1168 230 pergam
1184 203 1265 231 opere
1277 196 1412 228 instituto,
1427 203 1508 231 quant
1522 196 1621 230 prioris
1637 196 1690 223 diei
1713 196 1843 224 labores

198 248 394 276 recognovcro,
412 246 439 269 et
454 249 541 277 usque
555 249 588 270 eo
605 250 760 276 correxero,
774 247 803 269 ut
820 242 911 269 animo
927 249 987 270 meo
1003 242 1093 276 aliquo
1109 242 1190 270 modo
1206 243 1332 271 satisﬁat.
1354 242 1391 270 Ac
1406 250 1560 278 quanquam
1576 242 1640 269 mihi
1654 250 1707 268 non
1719 243 1844 276 ubique

197 287 317 316 satisfeci
351 289 409 322 (qui
429 288 500 315 enim
517 288 667 323 potuissem
683 289 709 315 in
727 289 761 317 iis
779 289 858 320 locis,
872 289 918 316 ubi
934 293 1064 323 corrupto
1079 291 1186 323 penitus
1201 297 1232 316 ac
1247 289 1370 316 mutilato
1386 289 1541 324 apographo
1552 288 1727 322 conjecturas
1743 285 1842 321 sequi

199 342 312 362 necesse
327 335 409 362 habui
423 335 457 370 ?),
474 335 557 362 malui
573 339 664 362 tamen
681 343 710 363 re
724 340 850 371 suscepta
868 335 946 362 ﬁdem
960 343 1048 362 meam
1066 336 1194 368 liberare,
1209 343 1259 364 nec
1270 336 1410 363 hominum
1425 335 1659 370 exspectationem
1675 333 1825 363 frustrari
1835 360 1843 365 ,

200 385 228 408 et
247 381 349 416 aliquid
365 382 457 416 potius
469 381 496 407 in
517 384 594 414 parte
608 381 711 415 operis,
725 382 796 416 quod
815 381 961 416 aliquando
976 381 1122 414 sarciatur,
1150 381 1243 408 minus
1257 380 1377 415 probari.
1391 388 1472 415 quam
1491 383 1576 407 totum
1592 387 1662 414 opus
1680 379 1726 406 diu
1747 377 1844 405 desi-

203 428 305 455 derari.
322 427 433 455 Habetis
454 427 534 454 simul
553 427 697 454 consilium
715 435 804 454 111011111
818 427 845 453 111
862 427 1036 461 suscipienda
1050 435 1090 460 re,
1107 432 1132 454 et
1151 435 1180 454 re
1195 430 1334 461 suscepta,
1349 433 1462 453 causam
1477 434 1526 453 cur
1541 430 1595 453 tam
1613 433 1676 453 sero
1689 432 1758 459 opus
1777 423 1847 449 ab-

200 474 320 502 solutum
348 477 429 507 atque
445 473 596 508 perfectum
618 472 732 508 prodeat
760 473 788 499 in
815 474 913 499 lucem.
937 472 1005 499 Cum
1022 472 1105 507 igitur
1122 473 1197 507 operi
1212 472 1267 507 jam
1286 471 1482 506 propemodum
1499 471 1562 499 ﬁnis
1577 471 1723 506 impositus
1738 472 1844 502 esset,

203 524 284 553 atque
299 525 350 553 ego
366 525 470 544 mecum
484 517 662 544 deliberarem
676 522 757 552 atque
770 518 954 544 consultarent
971 525 1052 552 quem
1071 518 1112 545 his
1132 517 1274 545 laboribus
1290 517 1357 545 meis
1372 517 1547 551 potissimum
1569 517 1724 551 deligeretu-
1733 520 1846 549 patrs-

201 572 277 594 num,
295 562 391 590 amicis
407 562 467 589 aliis
488 562 678 596 alios,eosque
692 562 876 596 amplissimos
887 562 996 596 quidem
1012 562 1096 595 viros,
1111 562 1158 590 sed
1174 562 1337 596 quibuscum
1354 562 1419 589 mihi
1431 562 1504 588 nulla
1515 561 1711 596 propemodum
1728 559 1842 587 notitia

202 610 396 642 intercederet,
429 610 666 645 proponentibus:
697 616 747 645 ego
773 617 835 637 cum
867 610 988 644 ineptum
1009 614 1036 637 et
1052 611 1236 644 importunum
1255 617 1315 636 esse
1337 609 1504 644 judicabam,
1522 616 1683 643 magnorum
1703 609 1843 635 virorum

200 665 351 692 eorumque
365 657 530 692 ignotorum,
544 661 571 684 et
585 657 618 684 ad
635 665 704 691 quos
720 657 823 684 nullum
844 656 906 691 quis
920 656 1023 683 aditum
1042 656 1148 688 habeat,
1167 656 1302 683 amicitias
1319 660 1456 691 appetere,
1473 663 1505 683 ac
1521 663 1581 683 sese
1599 663 1653 682 non
1672 655 1754 682 modo
1769 661 1847 682 ser—

201 703 300 734 viliter,
316 709 408 728 verum
428 702 510 730 etiam
528 702 700 737 impudenter
715 703 857 729 insinuare
875 707 952 729 :tum
969 710 1036 730 mea:
1053 707 1158 729 natura:
1173 707 1256 737 atque
1281 702 1389 737 ingenio
1405 701 1529 729 videbam
1550 708 1606 728 rem
1630 709 1691 729 esse
1709 701 1846 728 maxime

202 751 345 778 adversam
360 755 387 779 et
401 751 552 780 inimicam.
567 752 657 787 Atque
674 752 747 779 haud
764 752 923 787 ignorabam
934 759 991 784 eos,
1011 753 1110 786 quibus
1132 752 1233 787 ignotis
1251 751 1384 786 ejusmodi
1400 751 1489 778 honos
1506 751 1634 782 habetur,
1650 757 1704 776 non
1722 750 1846 784 absque

203 807 286 827 causa
299 800 434 834 suspicari
450 799 538 827 solere
555 807 633 827 suam
645 800 680 826 ab
695 799 854 827 hominibus
869 799 1033 834 importunis
1050 799 1265 826 muniﬁcentiam
1282 804 1364 833 atque
1378 799 1567 826 liberalitatem
1591 797 1733 825 sollicitari
1752 805 1759 824 :
1783 795 1845 822 scd

203 846 225 871 si
241 847 303 880 quis
320 846 452 873 beneficio
468 845 581 873 allectus
594 846 678 873 animi
699 846 742 873 sui
760 846 953 880 gratitudinem
969 846 1110 874 declarare
1122 845 1239 878 studeat,
1249 853 1312 873 eum
1332 853 1387 873 non
1405 845 1486 872 modo
1503 853 1558 872 non
1571 843 1721 875 offendere,
1734 849 1845 870 verum

203 892 285 919 etiam
299 891 418 925 laudem,
433 891 456 918 si
466 892 534 918 nihil
547 891 619 918 aliud
637 891 768 926 proﬁciat,
782 891 816 919 ab
833 891 991 919 hominibus
1004 891 1074 919 ferre
1089 892 1187 919 solere.
1203 891 1268 924 Quae
1283 899 1345 918 cum
1359 891 1451 918 animo
1461 891 1603 925 agitarem,
1620 895 1703 925 atque
1721 888 1846 923 perple-

204 945 256 965 xus
273 938 402 966 hrcrerem
418 938 462 965 cui
479 938 528 966 hos
546 946 622 966 meos
648 938 758 966 labores
773 938 876 973 absque
888 938 1041 966 oﬁ‘ensione
1069 944 1151 974 atque
1175 939 1375 966 obtrectatione
1389 939 1549 973 cujusquam
1578 938 1734 966 dedicarem
1760 937 1842 972 (nan

204 983 277 1010 cnim
294 983 441 1011 convenire
455 990 504 1011 nec
517 983 645 1019 expedire
659 983 811 1016 videbatur,
822 984 922 1011 librum
934 984 1039 1020 absque
1054 989 1169 1020 patrono
1178 989 1259 1019 atque
1272 984 1417 1012 defensore
1427 984 1558 1019 judicium
1569 984 1708 1011 hominum
1722 983 1842 1010 subire.

205 1031 357 1065 praesertim
374 1031 454 1066 cujus
473 1036 570 1059 auctor
584 1032 666 1059 etiam
682 1039 757 1059 nunc
770 1035 927 1066 superesset
942 1041 949 1059 :
974 1033 1074 1068 quippe
1088 1040 1150 1060 cum
1177 1032 1231 1060 vivi
1259 1033 1346 1068 magis
1370 1040 1449 1067 quam
1474 1032 1573 1059 mortui
1591 1032 1700 1059 invidia:
1715 1031 1842 1059 obnoxii

204 1078 291 1105 simus
303 1082 331 1104 et
343 1078 563 1106 obtrectantibus
576 1078 746 1114 opportuni),
765 1086 813 1106 vos
827 1078 892 1105 mihi
906 1079 933 1106 in
949 1079 1057 1114 primis,
1071 1084 1100 1106 ut
1114 1087 1163 1114 par
1177 1084 1230 1112 est,
1245 1080 1272 1106 in
1288 1085 1407 1107 mentem
1420 1079 1545 1111 venistis,
1563 1078 1662 1113 quibus
1678 1085 1733 1105 non
1749 1079 1843 1105 modo

206 1128 318 1159 propter
332 1130 435 1157 vetera,
448 1132 542 1152 verum
560 1125 643 1152 etiant
662 1125 697 1152 ob
712 1126 832 1152 recentia
850 1126 959 1157 merita,
985 1127 1042 1154 imo
1065 1134 1132 1154 vero
1147 1130 1260 1161 propter
1277 1131 1436 1161 perpetuam
1459 1132 1522 1160 erga
1546 1133 1588 1152 me
1617 1124 1841 1152 benefiCentiam

206 1175 286 1204 atque
300 1170 498 1202 liberalitatem,
514 1171 635 1198 omnium
651 1170 728 1205 longe
743 1171 891 1206 plurimum
914 1170 1052 1198 deberem.
1067 1171 1126 1199 Non
1152 1179 1195 1199 me
1217 1171 1348 1206 praeterit,
1379 1170 1495 1198 auribus
1525 1170 1622 1197 vestris
1645 1170 1784 1204 ingratam
1811 1173 1842 1195 et

206 1215 382 1250 injucundam
403 1223 465 1243 esse
494 1216 667 1243 immodicam
687 1224 719 1244 ac
733 1218 844 1244 nimiam
865 1217 1037 1245 liberalitatis
1051 1222 1148 1245 vestrae
1178 1217 1397 1252 pra‘dicationem
1418 1225 1425 1242 :
1446 1223 1539 1243 verum
1555 1216 1628 1247 date,
1641 1222 1744 1250 qumso,
1760 1215 1843 1240 hanc

206 1262 314 1288 veniam
330 1262 407 1294 mihi,
424 1262 469 1288 cui
485 1262 553 1289 nihil
571 1270 689 1297 unquam
705 1264 806 1298 petenti
821 1263 989 1298 denegastis,
1003 1263 1051 1290 sed
1072 1264 1188 1297 plurima
1212 1270 1265 1290 non
1282 1263 1383 1297 petenti
1400 1263 1544 1294 tribuistis,
1560 1266 1590 1288 ut
1603 1261 1760 1289 summatim
1777 1261 1838 1287 sal‘

207 1311 261 1335 tem
275 1308 301 1334 in
322 1315 364 1335 me
376 1309 475 1335 collata
494 1309 626 1336 beneﬁcia
642 1315 731 1337 vestra
748 1318 916 1346 percurram.
933 1310 1000 1338 Nam
1024 1311 1109 1345 patris
1127 1311 1222 1342 vestri,
1246 1311 1405 1344 amplissimi
1424 1314 1505 1345 atque
1519 1309 1615 1344 optimi
1645 1309 1707 1340 viri,
1734 1309 1761 1335 in
1794 1316 1844 1334 me

208 1360 315 1380 summa
329 1354 428 1380 collata
446 1355 588 1386 beneﬁcia.
608 1356 661 1382 alio
682 1356 741 1382 loco
758 1356 865 1384 abunde
882 1356 950 1384 satis
965 1357 1187 1389 commemoravi,
1207 1363 1262 1390 quo
1278 1357 1331 1383 vita
1349 1354 1487 1387 defuncto,
1505 1363 1554 1382 vos
1570 1362 1624 1381 non
1639 1354 1720 1381 tnodo
1744 1353 1843 1380 facill-

207 1405 294 1427 tatum
306 1405 333 1428 et
349 1409 430 1436 opum
444 1401 517 1429 illius
532 1402 654 1429 hmrcdes
671 1403 826 1435 exstitistis,
841 1411 935 1430 verum
952 1403 1032 1430 etiam
1049 1403 1181 1430 virtutum
1205 1408 1232 1430 et
1256 1403 1427 1430 liberalitatis
1450 1402 1476 1428 in
1498 1402 1593 1437 primis
1613 1401 1765 1428 imitatores
1784 1400 1844 1426 fui-

208 1445 260 1473 stis
278 1455 286 1474 ;
302 1455 363 1481 quae
374 1451 449 1474 tanta
465 1449 569 1475 exstitit
591 1457 655 1484 erga
676 1457 729 1480 me,
752 1454 781 1476 ut
802 1450 875 1477 illius
895 1450 994 1476 mortui
1014 1449 1205 1476 liberalitatem
1229 1455 1311 1484 atque
1336 1449 1549 1476 muniﬁcentiam
1572 1448 1644 1475 haud
1668 1454 1843 1482 magnopere

209 1493 401 1521 desiderarim.
418 1495 497 1529 Nam,
513 1501 542 1522 ut
554 1497 694 1531 superiora
715 1502 884 1531 prmtercam,
904 1505 963 1531 quae
989 1497 1142 1532 frequentia
1167 1503 1248 1531 atque
1271 1497 1391 1531 ingentia
1417 1496 1536 1528 fuerunt,
1560 1495 1677 1531 primum
1699 1501 1749 1520 vos
1771 1496 1843 1518 ante

210 1539 363 1573 biennium,
386 1548 447 1568 cum
476 1542 502 1568 in
527 1543 578 1570 hoc
599 1550 681 1578 opere
706 1552 839 1576 versarer,
865 1545 931 1571 nihil
946 1544 998 1571 tale
1015 1552 1069 1571 non
1087 1544 1167 1571 modo
1186 1544 1296 1578 petenti,
1314 1551 1407 1571 verum
1423 1544 1504 1570 etiam
1525 1551 1558 1570 ne
1572 1541 1701 1577 cogitanti
1722 1540 1841 1574 quidem

211 1585 309 1612 bonam
328 1586 450 1619 pecunia:
476 1594 610 1614 summam
634 1589 698 1614 mihi
726 1589 895 1623 suppeditari
922 1597 953 1616 ac
980 1589 1187 1616 subministrari
1217 1589 1335 1615 curastis
1353 1596 1360 1615 :
1381 1588 1488 1620 deinde,
1505 1586 1631 1620 eumjam
1644 1585 1842 1612 liberalitatem

210 1634 329 1657 vestram
343 1631 424 1659 citius
441 1631 580 1666 fatigatam
592 1639 653 1660 esse
664 1634 821 1667 suspicatus
844 1633 967 1666 fuissem,
983 1641 1065 1668 quam
1098 1634 1200 1668 aliquid
1226 1633 1360 1668 ejusmodi
1377 1640 1498 1667 sperare,
1520 1631 1618 1658 nedum
1635 1636 1736 1664 petere,
1749 1637 1843 1656 ausus

210 1685 311 1709 essem,
328 1682 391 1704 ante
408 1685 511 1712 paucos
524 1686 632 1706 menses
644 1680 797 1714 praeteritos
809 1687 886 1714 aeque
901 1687 998 1714 magna
1013 1683 1093 1714 atque
1110 1679 1220 1706 biennio
1238 1683 1302 1706 ante
1315 1687 1357 1707 mc
1370 1687 1475 1707 summa
1490 1677 1758 1718 pecuniadonastis.
1774 1677 1842 1709 Quo

211 1723 344 1750 beneflcio
367 1728 489 1757 tempore
519 1725 781 1759 opportunissimoa
797 1727 874 1753 voltis
889 1730 1012 1762 accepto,
1032 1734 1093 1753 cum
1111 1726 1236 1752 videlicet
1263 1725 1442 1753 deliberarem
1471 1733 1551 1759 quem
1580 1723 1754 1758 potissimum
1773 1724 1842 1751 huic

211 1768 301 1802 partui
317 1776 378 1795 meo
397 1773 514 1798 tutorem
530 1778 562 1797 ac
582 1771 753 1799 defensorem
773 1780 911 1808 pararem,
932 1773 1022 1800 omnis
1048 1773 1183 1800 dubitatio
1205 1773 1399 1807 cuuctatioque
1417 1772 1482 1798 mihi
1500 1769 1695 1806 propemodum
1709 1775 1839 1805 exempta

210 1818 253 1840 est
271 1822 278 1840 :
295 1821 357 1841 nam
374 1815 494 1842 restabat
510 1817 592 1843 etiam
607 1825 680 1845 nunc
699 1819 845 1854 scrupulus
863 1827 944 1846 unus.
965 1818 1097 1851 Quoniam
1114 1818 1194 1845 ctiam
1213 1817 1342 1849 sciebam,
1361 1825 1415 1852 qtto
1431 1817 1522 1844 minus
1537 1815 1675 1851 appetitis,
1693 1823 1727 1842 eo
1743 1816 1842 1850 plures

211 1859 410 1888 vobishonores
420 1861 530 1895 deferri,
539 1870 569 1903 ac
579 1864 679 1892 multos
691 1864 815 1892 homines
821 1865 915 1892 doctos
922 1865 999 1892 vobis
1008 1872 1072 1892 suos
1082 1864 1188 1891 labores
1201 1869 1281 1898 atque
1293 1863 1496 1891 lucubrationes
1509 1863 1659 1896 dedicasse,
1669 1862 1841 1890 subverebar

213 1913 248 1933 ne
267 1907 373 1933 animos
388 1911 493 1935 vestros
511 1908 610 1936 talibus
623 1910 710 1944 epulis
725 1911 840 1938 satiatos
854 1916 936 1945 atque
952 1911 1071 1945 repletos
1082 1909 1272 1943 intempestiva
1283 1910 1468 1937 benevolentia
1480 1909 1644 1936 oﬂenderem
1658 1909 1740 1936 citius
1754 1916 1838 1943 quam

211 1950 265 1977 hoe
278 1958 378 1985 genere
391 1952 470 1978 cilicii
487 1955 602 1987 gratiam
619 1961 633 1981 a
652 1955 730 1982 vobis
746 1955 856 1983 inirem.
869 1955 923 1983 Sed
941 1959 1030 1982 tamen
1051 1963 1112 1982 cum
1125 1955 1193 1982 liber
1201 1955 1304 1989 absque
1319 1960 1435 1989 patrono
1448 1955 1560 1982 omnino
1577 1962 1630 1981 non
1644 1954 1838 1989 divulgandns,

216 2004 266 2023 nec
282 1997 422 2024 horninum
435 1997 540 2032 judicio
555 2000 728 2034 objiciendus
741 2009 804 2029 csse
821 2001 968 2033 videretur,
982 2005 1007 2028 et
1024 2001 1158 2028 nonsatis
1170 1999 1215 2030 pie
1234 2007 1283 2026 nec
1300 2005 1373 2027 recte
1388 2008 1430 2028 me
1445 2000 1579 2026 facturum
1599 2007 1660 2026 esse
1670 1999 1838 2033 judicarem,

218 2043 241 2069 si
255 2043 332 2070 vobis
350 2044 496 2077 pra-teritis
512 2045 581 2072 alios
595 2046 660 2072 mihi
675 2049 805 2081 patronos
818 2055 968 2081 quzrrcrcm
983 2049 1047 2082 (non
1065 2048 1137 2075 cnim
1154 2053 1315 2075 ceterorum
1331 2046 1470 2073 hominum
1486 2045 1580 2073 cadent
1599 2053 1658 2079 qua:
1670 2050 1760 2072 vestra
1776 2050 1840 2072 sunt

223 2090 320 2123 tulit-ia)
332 2090 414 2118 malui
424 2091 449 2118 iu
463 2091 531 2118 hanc
545 2095 646 2126 partem
657 2100 776 2127 peccare,
788 2094 1002 2128 quamcuiquam
1012 2093 1100 2120 minus
1110 2094 1233 2129 prudenti
1243 2101 1295 2121 non
1310 2093 1377 2120 satis
1388 2097 1481 2127 gratus
1498 2091 1595 2118 videri.
1606 2091 1664 2118 Non
1677 2092 1750 2118 enim
1762 2092 1840 2118 video

213 2143 263 2163 nec
283 2144 392 2170 sperare
404 2145 511 2171 possum
532 2137 590 2164 fore
604 2138 751 2172 aliquando
763 2143 880 2174 tempus,
899 2147 953 2174 quo
965 2139 1018 2166 alio
1030 2140 1109 2166 cilicii
1129 2147 1228 2174 genere
1242 2143 1323 2174 atque
1338 2139 1401 2169 hoc,
1415 2142 1505 2166 vestra
1522 2138 1653 2165 beneficia
1670 2138 1838 2165 remunerari

213 2182 328 2215 possim,
360 2182 462 2217 quippe
482 2191 543 2210 cmn
566 2184 632 2210 nihil
651 2185 717 2210 mihi
746 2189 870 2220 suppetat
901 2190 998 2219 praeter
1024 2185 1203 2212 voluntatem.
1232 2184 1290 2211 lluc
1311 2185 1416 2211 accedit
1435 2184 1507 2219 quod
1528 2183 1653 2210 videbant
1671 2183 1743 2210 haud
1759 2182 1839 2210 facile

214 2226 283 2254 alios
307 2235 341 2254 ex
371 2235 486 2254 nurnero
504 2230 653 2255 amicorum
676 2235 773 2264 pra-ter
791 2238 838 2257 vos
858 2238 898 2257 me
917 2231 1037 2265 reperire
1058 2238 1149 2265 posse,
1173 2231 1218 2265 qui
1236 2238 1297 2256 cum
1318 2234 1427 2265 propter
1439 2230 1581 2264 utriusque
1597 2229 1694 2262 linguae
1710 2229 1837 2263 peritiam

215 2275 286 2302 haud
305 2276 442 2311 vulgarem
459 2277 561 2311 optime
587 2277 621 2304 dc
646 2278 802 2312 hujusmodi
831 2279 941 2313 scriptis
967 2278 1092 2312 judicare
1108 2281 1228 2312 possent,
1255 2282 1312 2304 tum
1338 2277 1454 2304 candide
1467 2282 1549 2311 atque
1567 2277 1674 2303 sincere
1688 2275 1838 2310 iudicaturi

216 2326 317 2348 essent.
333 2322 516 2355 Qriamobrem
531 2332 545 2351 a
560 2324 636 2352 vobis
654 2334 703 2360 pro
720 2330 809 2352 vestra
829 2325 855 2351 in
876 2332 918 2351 me
933 2329 1063 2358 perpetua
1077 2331 1109 2350 ac
1126 2324 1242 2350 maxima
1255 2323 1441 2351 benevolentia
1456 2323 1586 2356 majorem
1606 2321 1633 2348 in
1653 2321 1765 2348 modum
1779 2325 1839 2355 peto

215 2375 372 2404 quzcsoquc,
389 2374 416 2396 ut
429 2370 500 2398 hunc
518 2378 629 2405 parvum
642 2376 669 2398 ct
683 2371 810 2404 exiguum
828 2374 946 2403 partum,
961 2376 1041 2404 quem
1055 2369 1132 2396 vobis
1149 2369 1175 2396 in
1191 2369 1344 2396 clientelam
1360 2372 1387 2395 et
1404 2368 1482 2395 fidem
1499 2367 1670 2399 commendo,
1686 2367 1721 2394 ab
1741 2366 1839 2396 invidis

215 2415 289 2442 omni
310 2423 361 2450 ope
375 2416 456 2449 tueri,
471 2424 486 2443 a
500 2416 747 2443 calunmiatoribus
761 2420 787 2442 et
800 2415 1033 2442 obtrectatoribus
1052 2414 1180 2442 omnibus
1197 2415 1301 2442 viribus
1317 2413 1464 2441 defendere
1480 2413 1570 2440 velitis
1590 2421 1597 2439 :
1615 2413 1662 2448 qui
1680 2413 1702 2439 si
1725 2420 1741 2439 a
1763 2413 1839 2439 vobis

215 2462 313 2497 dignus
340 2461 476 2496 judicatus
504 2462 585 2489 fuerit
608 2469 687 2496 quem
713 2460 924 2495 amplectamini,
949 2467 1030 2494 quem
1061 2460 1088 2487 in
1112 2460 1241 2486 familiam
1271 2465 1387 2488 vestram
1424 2459 1564 2494 recipiatis
1578 2463 1660 2492 atque
1674 2458 1801 2490 foveatis,
1817 2459 1837 2484 si

219 2509 378 2537 hominibus
398 2511 450 2544 piis
465 2516 489 2537 ct
502 2509 637 2537 studiosis
651 2507 800 2543 aliquando
817 2508 893 2535 utilis
913 2507 1005 2539 fuerit,
1022 2507 1091 2535 nihil
1109 2507 1176 2534 mihi
1201 2507 1263 2534 istic
1286 2507 1440 2539 vindicabo,
1470 2506 1498 2533 in
1516 2513 1565 2533 vos
1584 2513 1680 2533 omnes
1694 2512 1786 2531 meum
1795 2505 1838 2539 jus

217 2556 363 2587 transfero,
378 2563 494 2589 quormn
511 2555 611 2589 opibus
626 2555 738 2588 adjutus
753 2559 779 2580 et
794 2557 974 2586 sustentatus,
994 2553 1067 2581 hunc
1083 2552 1176 2581 foetum
1194 2553 1309 2586 produxi
1336 2561 1343 2579 :
1371 2553 1418 2587 qui
1434 2551 1523 2580 sicubi
1539 2551 1691 2579 deformior
1715 2551 1838 2578 minusve

218 2602 353 2637 perfectus
369 2606 396 2627 ct
424 2601 449 2627 in
472 2601 561 2635 aliqua
581 2605 656 2634 parte
673 2599 714 2627 sui
736 2598 846 2629 mutilus
861 2605 892 2626 ac
907 2597 1070 2634 depravatus
1088 2598 1255 2633 apparuerit,
1278 2597 1329 2625 hoc
1345 2598 1442 2632 partim
1459 2597 1534 2624 vitiis
1546 2596 1641 2624 matris
1652 2596 1764 2628 Graeca),
1780 2602 1838 2630 quae

217 2649 283 2676 mihi
299 2648 371 2676 haud
386 2649 543 2683 incorrupta
553 2647 698 2675 conciliata
714 2650 765 2678 est,
779 2646 952 2673 attribuitote
971 2654 977 2671 :
995 2645 1095 2680 partior
1113 2653 1178 2672 inea:
1191 2644 1362 2672 inbecillitati
1375 2645 1553 2680 assignatote,
1572 2652 1586 2671 a
1612 2651 1677 2678 quo,
1694 2647 1837 2676 superante

219 2695 290 2722 malo
304 2695 376 2722 vires
396 2699 422 2720 ct
438 2694 576 2728 ingenium
593 2693 718 2724 artificis,
735 2692 826 2719 omnia
856 2691 957 2726 corrigi
984 2695 1011 2718 et
1039 2690 1178 2718 emendari
1200 2698 1252 2717 non
1281 2695 1438 2725 potuerunt.
1457 2690 1524 2716 Nam
1540 2690 1562 2718 si
1579 2691 1640 2724 quis
1669 2689 1790 2723 iniquior
1812 2695 1837 2715 et

220 2740 367 2773 malignior
383 2739 466 2773 judex
489 2741 556 2770 lucc,
572 2746 631 2772 qua:
650 2737 684 2765 de
701 2737 795 2764 matris
812 2737 910 2764 Graeca:
930 2736 1002 2763 vitiis
1017 2736 1088 2767 dico,
1108 2737 1198 2763 minus
1218 2736 1324 2763 sincera
1341 2741 1422 2770 atque
1437 2735 1541 2770 integra
1558 2735 1609 2762 ﬁde
1629 2742 1643 2761 a
1668 2742 1710 2761 mc
1725 2734 1834 2768 proferri

221 2787 416 2822 suspicabitur.
431 2786 577 2820 producam
604 2794 698 2813 eorum
713 2794 773 2820 quae
789 2785 851 2812 dico
869 2784 1115 2818 locupletissimum
1136 2787 1242 2814 testem,
1273 2783 1455 2810 clarissimum
1483 2782 1728 2814 doetissimumque
1754 2780 1834 2806 Virmn

222 2833 250 2860 D.
269 2832 399 2860 Joannem
419 2834 582 2860 Sanihucum
602 2833 768 2860 Pannonium
787 2842 790 2857 :
825 2833 851 2859 in
867 2831 925 2865 cjus
940 2830 1011 2857 cnim
1036 2833 1170 2864 pntrstatc
1187 2829 1279 2857 matris
1304 2829 1382 2857 istius
1400 2833 1523 2863 parentes
1543 2832 1615 2860 sunt,
1635 2831 1660 2855 ct
1675 2826 1833 2857 clarissima,
