1897 3052
53 125 96 158 481
564 121 774 152 LAURENTII
789 119 915 150 SIFANI
931 121 1138 153 PREFATIO.
1607 125 1661 157 482

54 179 200 214 gravissima
217 178 427 213 firmissitnaque
438 182 546 205 exstant
563 184 669 208 eorum,
684 182 743 209 qua:
759 174 831 206 dico,
854 175 931 209 signa
948 179 1029 209 atque
1052 175 1225 203 documenta.
1241 176 1303 205 [huc
1318 185 1365 205 ros
1393 177 1495 206 idcirco
1511 181 1661 207 monendos

55 225 246 260 essejudicaxi,
261 230 291 252 ut
307 225 498 252 instructiores
513 223 575 251 sitis
592 222 725 249 adversus
739 229 786 248 eos
805 221 850 255 qtti
867 221 949 248 istum
966 220 1061 249 fastum
1082 223 1219 250 voluerint
1238 224 1397 259 impugnare
1410 244 1417 255 ,
1439 232 1502 251 nam
1528 231 1658 260 qttantttut

53 272 76 299 in
91 279 129 297 ate
144 271 206 302 fuit,
219 271 289 298 nulli
307 279 357 298 nec
371 271 456 298 labori
473 278 523 297 nec
540 269 686 304 diligentiae
702 268 728 295 in
744 275 776 294 eo
795 268 921 302 ﬁngendo
937 272 1019 302 atque
1036 268 1179 296 formando
1194 277 1312 304 unquam
1330 271 1447 305 peperci.
1466 270 1536 303 Quid
1554 271 1661 306 praesti-

53 317 120 343 terim
149 316 248 350 quidve
275 321 418 344 assecutus
442 316 505 348 sim,
529 315 659 350 quoniam
683 318 792 341 exstant
821 314 985 341 documenta
1014 314 1108 342 Crtece
1136 320 1218 350 atque
1247 316 1353 348 Latine,
1385 321 1466 352 atqtte
1494 317 1561 344 adeo
1581 321 1662 345 ωηε-

54 369 134 388 rorum
148 361 291 388 hominum
309 361 452 397 utriusque
466 362 565 397 linguae
578 361 738 395 peritorum,
753 359 777 386 si
792 359 920 387 vitiorum
934 359 1015 387 modo
1026 364 1182 387 memoratae
1192 361 1286 388 matris
1296 360 1396 388 Graeca:
1410 361 1540 388 rationem
1560 361 1662 388 habue-

53 409 113 441 ritis,
127 408 229 443 judicio
249 409 387 444 permitto.

81 453 152 485 Quod
170 454 269 481 attinet
282 453 316 481 ad
330 455 464 482 rationem
481 458 646 489 temporum,
671 455 771 490 quibus
788 453 885 481 vixerit
899 453 1121 489 Tlteophylaclus
1139 453 1272 489 Bulgaria:
1289 455 1521 490 archiepiscopus,
1537 454 1659 482 ttondum

53 499 109 526 mihi
135 499 201 526 satis
218 505 347 527 constare
370 501 480 534 potuit:
498 504 527 527 ut
551 503 621 528 enim
649 501 786 534 conjicere
809 506 930 533 possum.
955 500 1047 534 plures
1063 500 1114 528 hoc
1137 501 1245 528 nomine
1258 500 1377 529 fuerunt.
1398 501 1464 528 Nam
1481 501 1661 536 Nicephorum

55 544 236 571 Ecclesiasticat
254 545 382 573 Historia:
398 546 444 573 lib.
461 554 516 577 xiv,
531 554 591 582 cap.
610 547 653 579 39,
671 547 716 573 ubi
730 546 762 573 de
776 546 956 573 translatione
969 545 1072 580 aliquot
1085 546 1274 581 episcoporum
1299 547 1364 581 agit,
1383 547 1483 574 Basilio
1503 544 1660 582 Porphyro-

53 597 153 625 genneta
170 591 408 627 Constantinopoli
427 594 589 628 imperante,
608 594 840 629 Theopltylactum
863 593 1008 628 quemdam
1028 593 1160 621 Sebastiaa
1181 594 1351 629 episcopum-
1365 594 1475 620 Bosiam
1496 594 1659 620 translatqu

54 645 105 664 csse
118 638 221 664 scribit.
235 638 400 666 Wilbelmus
415 639 566 670 Lindanus.
581 647 666 667 sacrae
681 639 824 674 theologia:
840 638 981 673 professor
994 638 1184 671 Lovaniensis,
1202 640 1228 666 in
1244 639 1420 674 chronologia
1439 647 1521 674 quam
1542 639 1574 665 ad
1588 639 1661 666 frun-

53 689 99 711 t--m
111 691 162 711 sum
177 684 316 718 Pauoplt‘ce
329 686 464 720 apposuit,
480 684 711 719 Theophylaetum
723 685 879 720 quemdam,
897 692 976 720 quem
999 684 1025 711 in
1041 684 1085 711 illa
1099 692 1148 711 sua
1165 683 1295 718 Pauoplia
1307 686 1377 712 inter
1393 691 1506 712 ctett-ros
1522 689 1659 712 auctorem

55 734 151 757 secutus
166 731 213 763 sit,
236 738 311 758 anno
334 739 348 758 :t
371 733 514 760 nativitate
530 733 637 759 Domini
656 732 898 768 septingentesimo
923 731 1026 759 vixisse
1048 732 1194 767 significat,
1215 732 1263 758 sed
1284 731 1364 766 c'ujus
1380 732 1500 759 civitatis
1513 731 1658 766 episcopus

57 775 135 807 fuerit,
150 783 203 802 non
219 777 326 811 adjicit.
340 777 387 805 Est
405 782 495 805 autent
509 778 668 810 verisimile,
685 778 813 812 quoniam
831 778 934 805 nullius
949 778 1075 810 alterius,
1089 777 1161 812 quod
1173 777 1297 812 equidem
1314 777 1410 810 sciam,
1426 778 1527 811 scripta
1541 781 1660 810 exstant,

57 819 116 847 hunc
125 821 359 857 archiepiscopum
375 823 506 858 Bulgaria:
523 823 557 850 ab
571 823 617 849 illo
630 823 792 858 significari,
811 831 891 857 quem
910 823 992 849 etiam
1009 822 1141 851 Erasmus
1157 822 1342 857 Chrysostomi
1367 822 1583 850 abbreviatorem
1600 831 1661 850 esse

57 866 122 898 dixit,
140 872 166 894 et
180 868 276 896 titultts
294 869 377 904 hujus
393 870 484 904 operis
501 870 552 896 hoc
563 877 618 903 pra:
633 877 663 896 se
677 869 738 896 fert.
754 868 820 895 Nam
843 877 896 896 non
918 869 1006 896 solum
1022 876 1055 895 ex
1074 867 1181 896 Joanne
1199 868 1406 903 Cbrysoslotno,
1420 876 1513 895 verum
1532 868 1613 899 etiam
1627 877 1660 896 ex

56 912 151 945 Basilio,
175 912 289 948 Cyrillo,
318 914 474 948 Severo,et
489 916 628 944 nonnullis
642 915 714 946 aliis,
730 923 790 950 qua:
803 915 836 942 ad
857 915 1026 950 propositum
1042 920 1069 943 et
1090 923 1145 942 rem
1167 915 1318 942 institutam
1333 915 1470 949 pertinere
1490 915 1660 948 viderentur,

56 958 189 993 desumpsit
202 964 230 987 et
244 960 271 987 in
286 968 369 987 unttm
383 968 483 996 corpus
498 962 635 988 contraxit
653 970 660 988 :
681 968 761 995 quam
775 968 830 986 rem
848 967 901 986 non
918 960 999 987 tnodo
1017 968 1102 994 genus
1115 959 1235 990 dicendi.
1259 959 1282 987 si
1298 960 1359 994 quis
1384 960 1504 987 animum
1528 961 1662 993 intendat,

57 1011 135 1030 rerum
150 1005 230 1032 etiam
251 1006 361 1033 nomina
378 1012 517 1034 auctorum
534 1007 562 1034 in
576 1006 697 1041 tnargine
713 1009 844 1032 annotata
859 1005 1014 1038 significant
1034 1009 1114 1040 atque
1131 1005 1279 1032 declarant.
1292 1005 1411 1032 Joannes
1424 1005 1664 1041 OEeolatupadius,

56 1057 78 1088 in
91 1050 238 1084 prtrfatinne
251 1059 333 1086 qttam
350 1053 476 1087 apposuit
490 1052 683 1088 Thcophylacti
696 1056 812 1087 quatuor
828 1050 1032 1086 Evangeliorum
1050 1052 1212 1086 explication
1226 1052 1277 1079 btts
1289 1051 1324 1079 ab
1350 1059 1410 1079 sese
1429 1053 1578 1084 conversis,
1595 1053 1663 1079 nihl

56 1097 117 1123 aliud
130 1105 204 1130 quatn
222 1098 298 1125 illum
317 1099 388 1126 inter
399 1099 505 1127 Gratcos
519 1099 658 1134 theologos
671 1100 847 1126 recentiorem
858 1098 943 1124 fuisse
951 1097 1096 1132 significat,
1119 1097 1165 1125 sed
1182 1098 1253 1124 haud
1272 1097 1346 1125 falsis
1358 1105 1420 1124 eum
1432 1097 1558 1126 laudibus
1572 1105 1662 1132 ornat,

56 1149 113 1176 quas
125 1143 146 1170 si
162 1143 222 1177 quis
240 1136 364 1179 requirit,
382 1151 414 1171 ne
427 1144 461 1170 ab
475 1144 536 1172 aliis
547 1144 614 1171 bene
630 1143 702 1171 dicta
723 1143 788 1170 mihi
805 1150 866 1170 cum
876 1141 985 1170 fastidio
1001 1143 1148 1178 legentium
1163 1149 1283 1178 repetere
1299 1152 1409 1171 necesse
1424 1145 1470 1176 sit,
1488 1145 1561 1172 illiue
1580 1150 1663 1180 petat,

58 1193 126 1221 atque
136 1189 213 1215 etiam
231 1197 264 1217 ex
279 1189 439 1224 przefatione
451 1189 554 1217 Nicolai
572 1189 688 1220 Beraldi,
704 1197 763 1224 qua:
781 1189 925 1224 praeposita
944 1193 986 1216 est
1002 1187 1215 1216 Commentariis
1231 1190 1303 1217 illius
1320 1189 1346 1216 in
1358 1189 1492 1224 Epistolas
1502 1191 1556 1218 divi
1570 1191 1661 1224 Pauli,

56 1241 68 1259 ιι
81 1233 269 1269 Christopltoro
286 1235 416 1268 Porsena,
430 1235 564 1268 Romano,
583 1235 610 1262 in
624 1235 751 1262 Latinum
770 1243 922 1262 sermonem
937 1235 1079 1262 conversis
1093 1244 1099 1262 :
1121 1235 1166 1269 qui
1181 1235 1190 1270 (
1206 1235 1278 1271 quod
1296 1237 1433 1271 praeterire
1447 1245 1500 1264 non
1525 1245 1634 1272 possunt
1653 1239 1663 1272 )

60 1287 67 1302 ι
86 1278 165 1306 Unum
189 1280 251 1313 hor,
278 1281 375 1316 inquit,
406 1282 472 1309 satis
502 1286 619 1314 constat,
645 1281 671 1309 itt
690 1282 732 1309 his
748 1281 960 1309 Commentariis
975 1281 1019 1315 pia
1035 1288 1095 1309 esse
1111 1282 1204 1308 omnia
1219 1287 1246 1310 et
1267 1282 1418 1310 orthodoxa
1434 1283 1568 1319 longeque
1583 1285 1617 1310 ab
1630 1284 1663 1311 iis

57 1326 201 1353 dissidentia
219 1334 281 1361 qua:
296 1327 483 1362 theologorum
496 1327 592 1361 vulgus
609 1328 730 1362 quotidie
748 1334 849 1361 magno
868 1327 1016 1361 supercilio
1036 1327 1152 1354 indocta:
1170 1328 1255 1362 plebis
1276 1329 1389 1356 auribus
1411 1330 1542 1357 inculcat.
1558 1330 1664 1365 Ubique

60 1373 122 1400 enim
136 1374 316 1408 apostolicum
335 1379 430 1409 pectus
456 1382 510 1400 non
526 1374 608 1401 modo
634 1374 753 1408 explicat
779 1373 870 1408 operis
887 1374 969 1408 hujus
987 1378 1095 1405 auctor,
1107 1373 1155 1400 scd
1172 1374 1253 1400 etiam
1268 1374 1362 1406 refert,
1380 1375 1451 1409 sapit
1470 1382 1502 1401 ac
1514 1376 1611 1410 spirat,
1636 1376 1662 1403 id

58 1419 120 1453 quod
135 1428 213 1454 quant
230 1420 326 1455 paucis
342 1420 439 1446 merito
455 1420 628 1447 tribuendum
647 1421 694 1452 sit,
719 1419 799 1447 facile
828 1419 973 1454 intelliget,
1005 1420 1052 1454 qui
1079 1420 1196 1447 novitios
1214 1420 1353 1455 theologos
1371 1421 1491 1455 antiquis
1509 1421 1572 1454 illis,
1600 1430 1663 1449 cutn

60 1464 149 1491 Latinis
170 1471 224 1493 tttm
243 1465 356 1498 Graecis,
372 1466 568 1501 compOsuerit.
588 1478 596 1492 I
619 1467 682 1493 Ha‘c
698 1466 838 1494 Bcruldus.
853 1467 1080 1501 (Ecolatnpadius
1095 1467 1227 1501 prolixius
1240 1474 1270 1494 ac
1286 1467 1443 1502 singulatim
1469 1466 1663 1503 Tlteopltylacti

60 1511 159 1538 virtutes
180 1511 352 1546 persequitur
369 1515 451 1547 atqtte
479 1516 612 1545 recenset.
631 1510 847 1546 Christopltorus
859 1511 990 1544 Porsena,
1007 1513 1034 1538 in
1050 1519 1098 1539 sua
1113 1511 1273 1539 Prwfatione
1288 1512 1322 1539 ad
1336 1512 1443 1539 Sixtttm
1458 1513 1490 1539 IV
1508 1513 1663 1548 pontificem

60 1555 206 1590 Romanum,
237 1558 435 1593 Theophylaeti
469 1561 621 1592 temporum
653 1557 753 1585 nullam
788 1558 853 1586 facit
881 1559 1059 1585 mentionem.
1092 1557 1165 1585 Misit
1192 1557 1224 1584 ad
1256 1565 1305 1584 nos
1324 1557 1491 1586 D.Joanncs
1511 1558 1664 1586 Sambucus

59 1605 192 1632 orationem
207 1605 330 1633 Graecam
346 1606 396 1633 bac
409 1606 587 1640 inscriptione
604 1615 611 1633 :
628 1605 808 1640 Θεοφυλάκτοι

928 1606 968 1637 εἰς
993 1605 1039 1632 τὸν
1058 1605 1248 1641 αὐτοκρατορα
1269 1606 1364 1641 κύριον
1399 1606 1516 1639 ’Δλέξιον
1543 1607 1589 1633 τὸν
1613 1608 1664 1634 Ko-

61 1653 155 1687 μνηνόν.
170 1652 245 1686 Quod
261 1654 282 1681 si
301 1653 325 1681 is
335 1657 377 1680 est
397 1658 490 1680 noster
509 1653 740 1688 Theophylactus,
751 1661 849 1688 nempe
861 1653 1086 1688 archiepiscopus
1103 1653 1247 1688 Bulgarite.
1262 1653 1318 1688 jam
1341 1661 1394 1681 non
1417 1654 1532 1689 amplius
1552 1654 1664 1681 dubium

60 1704 111 1724 esse
127 1703 208 1732 potest
223 1707 278 1734 quo
292 1703 412 1734 tempore
424 1692 531 1726 vixerit.
541 1699 695 1726 Nihilaliud
711 1706 760 1734 ego
771 1706 859 1733 neque
873 1699 907 1726 de
920 1699 973 1726 vita
990 1707 1077 1734 neque
1089 1699 1122 1726 de
1134 1699 1303 1733 temporibus
1319 1699 1401 1734 hujus
1416 1701 1501 1727 nostri
1520 1699 1664 1734 TlteOphy-

62 1743 114 1770 iacti
141 1745 281 1780 diligenter
299 1746 447 1773 scrutando
463 1751 546 1782 atque
559 1746 722 1781 inquirendo
738 1746 814 1781 potui
840 1746 973 1773 invenire.
995 1747 1072 1778 Quod
1099 1747 1233 1781 reliquum
1254 1752 1305 1780 cst,
1321 1755 1368 1774 vos
1386 1747 1466 1774 etiatn
1483 1752 1565 1782 atque
1582 1749 1664 1774 etiam

64 1799 119 1826 rogo
134 1801 163 1821 ac
178 1794 353 1822 vehementer
370 1798 443 1829 peto,
457 1799 486 1821 ut
502 1795 552 1821 ltoc
567 1794 694 1829 exiguum
717 1798 799 1829 atque
814 1793 881 1821 adeo
895 1794 1084 1821 tenttissinmtn
1113 1795 1317 1827 munusculum,
1342 1796 1419 1822 vobis
1443 1795 1507 1822 lieet
1522 1795 1664 1831 indignum

63 1840 196 1875 vestrisque
215 1841 240 1868 iu
260 1849 302 1869 me
317 1841 432 1869 stttntnis
448 1841 588 1868 beneficiis
601 1847 633 1868 ac
650 1840 757 1867 meritis
773 1840 948 1874 impar,aaqui
965 1844 1054 1867 tamen
1068 1839 1158 1867 facere
1171 1841 1290 1875 bonique
1303 1841 1455 1873 consulere,
1469 1846 1496 1868 ct
1511 1847 1539 1868 ut
1559 1842 1592 1868 ab
1605 1841 1665 1868 ani-

63 1884 90 1910 mi
103 1886 282 1915 benevolentia
297 1892 378 1922 atque
395 1887 561 1922 gratitttdinc
575 1886 740 1922 profectum.
760 1886 841 1913 hilari
858 1887 933 1913 vultu
948 1886 1062 1920 laetaque
1074 1886 1163 1912 fronte
1178 1887 1301 1920 accipere
1317 1887 1417 1913 velitis.
1436 1886 1491 1914 lloc
1506 1887 1528 1913 si
1551 1894 1564 1913 a
1587 1887 1665 1914 \‘obis

62 1937 208 1960 consecutus
233 1933 321 1967 fuero,
348 1933 457 1961 abunde
483 1933 550 1960 satis
577 1939 690 1967 magnos
717 1932 843 1960 laborttm
871 1939 916 1959 me
943 1931 1049 1958 fructus
1073 1931 1180 1965 cepisse
1207 1931 1381 1960 existimabo.
1401 1931 1472 1960 Bene
1488 1932 1583 1966 valeto,
1614 1933 1665 1960 viri

63 1979 217 2012 amplissimi.

92 2060 123 2087 Et
138 2064 300 2091 monasterio
319 2063 493 2092 Steinwcldio
507 2071 544 2091 xtt
560 2063 697 2091 Kalendas
709 2062 890 2098 Septembris,
908 2070 981 2089 anno
993 2061 1098 2089 Domini
1115 2061 1192 2090 l567.

73 2174 144 2181 r—

65 2263 228 2294 Clarissimo
245 2264 585 2303 excellentissimoque
602 2264 683 2299 viro,
718 2265 752 2303 D.
779 2263 894 2294 Joanni
921 2265 1091 2303 Samnuco,
1108 2264 1286 2299 Pannonio,
1315 2264 1464 2294 Ctesaretze
1489 2264 1663 2303 Majcslatis

107 2304 219 2335 medico
236 2308 268 2334 et
285 2302 557 2342 historiographo,
573 2302 765 2334 Laurentius
778 2302 955 2338 SlFANUS,
973 2302 1213 2340 Prunsi‘eldius,
1235 2305 1264 2334 J.
1282 2304 1317 2333 U.
1334 2304 1458 2339 Doctor,
1476 2304 1507 2334 S.
1522 2302 1554 2334 Ρ.
1572 2304 1610 2333 D.

95 2403 126 2430 En
140 2407 223 2439 prodit
235 2407 344 2436 tandem
359 2408 387 2435 in
399 2410 548 2444 publicttm,
565 2409 608 2437 vir
618 2409 779 2440 clarissime,
794 2409 1014 2445 Theophylactus
1027 2413 1090 2436 tuus
1112 2409 1224 2436 Grtecus
1235 2416 1248 2435 a
1267 2417 1309 2436 tne
1325 2409 1414 2436 factus
1439 2408 1552 2436 Latinus
1565 2417 1572 2435 :
1586 2411 1662 2435 tuum
1698 2423 1701 2426 -

67 2447 127 2482 dico,
143 2459 192 2485 quo
205 2460 373 2486 careremus.
389 2455 443 2482 nisi
459 2460 487 2482 ιιι
505 2455 576 2490 quod
592 2455 738 2490 separatim
752 2455 853 2483 habere
869 2456 915 2483 tibi
926 2456 1065 2490 proprium
1082 2455 1189 2487 licebat,
1203 2462 1348 2482 commune
1360 2462 1392 2481 ac
1409 2454 1544 2489 publicum
1561 2454 1662 2481 bonuut

69 2502 118 2524 esse
131 2500 277 2530 maluisses.
295 2501 383 2529 Causa
399 2509 447 2529 cur
461 2506 516 2529 tam
534 2510 596 2530 sero
619 2502 748 2538 prodeat,
765 2507 793 2530 ut
811 2503 892 2530 etiam
913 2503 1017 2531 librarii
1043 2503 1150 2538 culpam
1166 2503 1296 2537 recipiam
1319 2503 1345 2528 in
1364 2510 1416 2533 me,
1433 2503 1490 2529 lucc
1515 2507 1568 2532 est,
1590 2501 1662 2537 qttod

67 2541 118 2570 dum
133 2545 172 2572 ille
183 2547 214 2574 de
231 2555 274 2575 me
290 2547 396 2580 Latine,
410 2556 461 2583 ego
472 2549 506 2576 de
519 2548 566 2576 illo
599 2548 692 2576 Graece
708 2548 816 2577 discere
832 2549 997 2582 nitebamur,
1013 2549 1058 2577 ubi
1080 2550 1149 2577 alter
1168 2551 1282 2576 alterum
1313 2549 1404 2576 minus
1434 2548 1662 2582 intelligebamus,

68 2594 119 2615 cum
130 2590 256 2627 interpres
271 2594 380 2629 utrique
395 2594 514 2627 deesset,
531 2599 612 2630 atque
626 2595 698 2622 haud
710 2595 879 2630 incorruptis
894 2596 1028 2624 ministris
1044 2600 1196 2627 uterentur,
1214 2595 1379 2629 coniecturis
1396 2595 1496 2630 quibus
1513 2595 1581 2621 alter
1596 2595 1664 2621 a!te-

68 2633 114 2661 rius
128 2643 200 2665 sensa
226 2646 446 2675 assequcremur,
463 2640 556 2668 tnnltis
578 2640 604 2667 in
628 2640 694 2668 locis
714 2641 753 2668 ttti
769 2641 915 2668 habuimus
941 2649 1061 2669 necesse.
1088 2641 1172 2677 Cujus
1199 2641 1237 2668 rei
1261 2640 1390 2676 qttoniam
1408 2641 1480 2667 clara
1498 2641 1662 2668 documenta

69 2684 152 2709 suntin
167 2689 302 2721 promptu,
321 2694 355 2713 ne
366 2686 459 2721 inepta
475 2686 631 2721 prolixitate
643 2687 790 2714 verborum
809 2687 979 2722 typograplto
996 2687 1133 2714 festinanti
1148 2687 1198 2714 situ
1212 2688 1238 2714 in
1256 2693 1340 2717 mora.
1356 2691 1380 2713 te
1391 2687 1472 2714 etiam
1487 2691 1568 2721 atque
1579 2688 1661 2714 etiam

70 2731 130 2761 ι’(ιεο,
141 2734 168 2757 ιιι
183 2731 238 2760 hac
249 2733 307 2767 ipsa
322 2740 384 2768 qua!
397 2733 459 2760 dico
474 2733 637 2760 documenta
659 2733 809 2760 scrutando
831 2737 911 2768 atque
925 2733 1119 2765 examinando,
1142 2741 1249 2768 aequum
1271 2740 1295 2760 te
1311 2733 1376 2760 tnihi
1389 2733 1508 2767 judicent
1525 2738 1606 2768 atque
1622 2733 1664 2760 fa-

71 2778 158 2803 ventem
170 2778 297 2811 prabere,
312 2782 340 2806 et
351 2778 432 2806 istam
450 2786 560 2814 operam
576 2786 657 2814 quam
677 2779 789 2813 prazstiti
807 2778 876 2813 aequi
895 2778 1012 2812 bonique
1038 2778 1127 2808 facere
1145 2779 1222 2806 velis.
1240 2779 1315 2812 Quod
1330 2779 1463 2814 reliqttutn
1477 2782 1531 2811 est,
1550 2786 1663 2814 magnas

71 2818 108 2846 tibi
119 2825 140 2848 et
153 2822 253 2858 agimus
268 2827 295 2853 et
310 2823 443 2853 habemus
457 2824 571 2861 gratias,
589 2825 634 2860 qui
654 2825 726 2853 istud
743 2825 908 2860 mancipium
925 2825 1038 2860 publirze
1054 2824 1180 2852 utilitatis
1194 2826 1428 2860 inservirc,quam
1441 2825 1512 2853 domi
1528 2827 1663 2860 privatum
