1897 3052
153 156 204 190 ΠΙ
672 155 863 185 BONIFACl‘I
884 157 902 186 1‘

1058 155 1104 186 PB
1145 156 1254 185 FATIO
1726 152 1794 187 ΗΞ

153 221 331 253 earumque
349 211 554 251 penultimam
572 214 604 241 ut
622 211 774 242 ineditnm
794 212 907 248 notari,
929 212 1097 243 confestim
1115 212 1229 251 scripsi
1249 211 1287 242 ad
1306 211 1345 241 cl.
1366 210 1469 241 virum
1486 219 1522 241 ac
1537 211 1629 242 dictat
1652 211 1779 243 biblio-

153 264 253 294 thecas
266 263 433 294 custodem
458 261 686 300 dignissimum
704 262 886 294 Goti'riduin
910 263 1139 302 Heckingium,
1165 271 1279 302 rogans
1298 267 1331 293 ut
1347 262 1386 293 de
1414 271 1448 293 ea
1478 263 1613 301 epistola
1631 263 1777 294 notitiam

153 314 230 344 mihi
250 313 391 352 aliquam
406 311 620 342 submitteret.
640 314 678 342 At
697 312 752 343 ille
769 321 832 344 non
851 314 945 344 modo
961 314 1082 353 absque
1098 321 1189 344 mora
1204 321 1357 352 perquam
1371 312 1509 343 humane
1528 313 1705 351 rescripsit,
1720 313 1776 343 sed

151 366 255 403 ipsam
272 365 368 395 etiam
384 363 567 402 epistolam,
585 363 625 394 de
642 372 704 403 qua
721 364 837 395 certior
853 365 920 395 ﬁeri
944 366 1151 404 exoptabam.
1168 369 1312 396 accurate
1337 365 1508 404 nitideque
1524 363 1717 402 descriptam
1735 363 1777 393 ad

151 422 210 444 nos
225 411 412 443 transmisit.
433 411 494 442 Vix
509 420 545 442 ea
568 417 694 452 accepta
710 413 923 452 deprehendi,
939 422 1004 446 non
1020 423 1036 445 a
1054 414 1296 454 TheOphylacto
1313 414 1521 452 Bulgarorum
1538 413 1700 452 episcopo,
1719 413 1778 444 sed

150 464 189 494 ab
200 463 262 494 alio
276 463 517 503 Theophylacto
532 463 633 494 fuisse
649 465 875 503 conscriptam,
890 465 942 496 cui
958 466 1120 496 Simoenta:
1136 473 1314 505 cognomen
1326 469 1408 500 erat;
1426 465 1549 504 quique
1564 465 1643 495 alias
1659 474 1776 504 quam-

151 513 261 552 plurcs
280 513 313 544 in
329 521 463 544 suorum
483 514 564 544 forte
581 513 816 552 discipulorum
833 523 927 546 usum
945 515 1024 554 (erat
1037 516 1162 555 quippe
1182 514 1383 554 professione
1400 516 1554 555 sophista,
1580 523 1638 545 seu
1656 524 1776 553 prince-

150 567 220 601 ptor
237 562 427 604 rhetorices)
444 563 655 594 elucubravit.
673 564 761 594 Hanc
779 568 887 604 utpote
906 565 1074 602 ineditam,
1093 572 1123 597 et
1136 566 1261 606 alioqui
1276 565 1514 602 brevissimam,
1535 566 1660 596 veniam
1678 565 1779 596 lector

149 612 292 652 Optimus
309 613 409 650 dabit,
428 615 456 645 si
482 613 570 645 velut
586 622 743 653 parergon
767 615 827 645 hoc
846 614 907 646 loci
925 624 1108 654 apposuero
1123 625 1184 647 una
1203 625 1275 648 cum
1299 615 1446 647 versione
1463 615 1574 646 Latina
1591 616 1621 646 in
1640 616 1776 656 gratiam

149 669 262 693 eorum
278 662 334 702 qui
354 662 514 702 ejusmodi
535 662 655 694 studiis
671 663 882 695 delectantur.
900 665 954 694 Est
968 673 1044 696 vero
1059 676 1067 695 :

379 746 552 774 Da'modotuc
567 747 707 782 Antigono.

1198 751 1377 785 Δαιμόὸοχος
1401 751 1567 785 Ἀντηνίνῳ.

184 802 213 830 Si
230 802 293 830 vitae
310 801 424 838 pignora
439 801 569 830 Socrates
588 810 643 830 non
657 803 791 838 possidet,
809 805 933 840 paedago-

1030 806 1054 832 Εὶ
1070 806 1108 841 μὴ
1128 805 1185 841 βίον
1204 807 1352 841 Σωκράτης
1372 806 1488 842 ἐνέχυρα.
1515 807 1657 841 κέκτηται,
1681 806 1779 833 παιδα-

147 857 198 883 gus
217 849 266 876 tilii
280 851 322 877 tul
343 857 397 877 non
412 850 610 878 constituatur.
623 850 742 885 Pignora
762 851 822 879 vita
835 852 896 879 inte}

1028 851 1077 885 ηγδς
1089 851 1135 878 τοῦ
1157 851 1204 878 σοῦ
1224 852 1262 886 μὴ
1286 852 1502 887 προχειριζέςθω
1523 852 1628 884 παιδός.
1653 852 1777 886 Ἐνέχυ-

147 900 247 929 gantur
259 895 317 923 ﬁlii.
334 895 419 929 Quem
435 895 508 923 enim
523 902 584 923 esse
601 901 704 930 patrem
719 901 816 924 natura
831 897 896 925 dOCll

1042 897 1070 924 δὲ
1084 897 1158 929 ,βίου
1179 898 1274 930 παῖδες
1287 898 1462 926 νοεῖσθωην.
1479 899 1529 925 Ὃν
1552 899 1606 934 γὰρ
1630 897 1700 924 εἶναι
1725 907 1777 925 πα-

149 942 222 968 hnnc
245 941 422 977 paedagogum
437 949 511 975 esse,
527 945 742 969 consentaneum
760 947 821 971 est:
836 944 898 979 quip

1028 952 1053 970 ta
1068 943 1150 978 φύσις
1166 944 1280 977 ἐδίδαξε,
1310 945 1405 971 τοῦτον
1431 945 1479 972 καὶ
1502 944 1676 978 παιδαγωγόν
1701 945 1777 970 ἐστιν

147 988 199 1024 qui
219 987 387 1023 experientia
405 988 482 1016 novit
505 988 692 1023 generationis
716 987 886 1018 aﬂ'ectioneiu

1027 990 1155 1023 ιόπιστον,
1170 991 1268 1024 πεῖραν
1288 991 1458 1025 μανθάνοντα.
1473 991 1520 1018 καὶ
1534 991 1668 1025 γενέσεως
1682 990 1776 1025 σχέσιν

148 1032 252 1060 amoris
268 1032 391 1061 dolores.

990 1035 1036 1062 καὶ
1056 1034 1173 1071 στοργῆς
1187 1035 1345 1071 ἀλγηδόνας.

841 1128 986 1160 SECTIO
1019 1130 1075 1160 XI.

464 1194 507 1225 De
521 1199 681 1233 postrema
692 1199 784 1234 parte
800 1193 935 1225 humilia:
950 1193 1129 1231 undecim,
1139 1195 1178 1224 In
1190 1194 1468 1225 resurrectionem.

185 1254 298 1286 XLIV.
315 1255 394 1292 Quae
409 1255 449 1286 de
472 1255 531 1286 hac
549 1260 708 1294 postrema
731 1258 819 1294 parte
845 1253 988 1284 homiliae
1011 1254 1246 1293 Theophylacti
1271 1255 1405 1285 dicenda
1426 1253 1478 1284 hic
1504 1253 1582 1284 mihi
1604 1253 1721 1290 forent,
1737 1253 1772 1283 in

145 1303 387 1336 Dissertationis
407 1305 532 1344 praevias
550 1314 640 1336 num.
674 1306 697 1336 L
717 1307 783 1345 jam
812 1308 1031 1344 prmoccnpata
1054 1304 1160 1335 fuere.
1175 1305 1281 1341 Quare
1307 1305 1358 1336 hic
1385 1304 1491 1336 solum
1520 1305 1691 1339 admoneo,
1720 1312 1772 1334 me

145 1353 306 1394 quidquid
324 1363 363 1385 ex
379 1355 513 1386 historia
536 1355 669 1386 Eusebii
687 1355 870 1385 derivatum
886 1354 920 1385 in
942 1362 1010 1385 eam
1027 1358 1088 1390 est,
1103 1362 1176 1384 cum
1193 1354 1330 1393 ipsomet
1346 1353 1435 1386 fonte
1451 1354 1639 1391 contulisse,
1663 1362 1772 1393 aeque

145 1404 208 1434 mei
224 1405 419 1444 exemplaris
445 1405 615 1445 supplesse
631 1405 790 1443 defectus,
815 1409 912 1445 atque
933 1405 1029 1435 etiam
1055 1404 1213 1435 variantes
1242 1405 1396 1435 lectiones
1414 1404 1567 1444 pauculas
1592 1405 1769 1436 addidisse.

145 1454 252 1485 Codex
269 1454 709 1491 Caesareo-Vindobonensis,
725 1454 810 1485 unde
826 1454 893 1485 hinc
909 1453 1052 1484 homilitn
1068 1454 1245 1484 undecimze
1260 1462 1331 1490 pars
1347 1454 1512 1492 desumpta
1530 1458 1590 1490 est,
1606 1455 1770 1494 integrum

145 1505 288 1535 continet
303 1504 541 1540 Homih‘arium,
557 1512 614 1534 seu
634 1504 665 1533 in
682 1504 782 1535 totius
797 1503 873 1534 anni
892 1503 1068 1542 Evangelia
1084 1503 1250 1542 decerptas
1267 1512 1304 1534 ex
1330 1503 1427 1533 variis
1443 1504 1590 1534 Patribus
1606 1503 1770 1534 homilias.

146 1554 192 1584 Ex
209 1561 274 1592 quo
292 1553 370 1583 mihi
387 1553 479 1584 valde
497 1552 680 1584 verosimile
705 1553 749 1589 fit,
778 1562 864 1590 eum,
881 1553 937 1593 qui
958 1554 1143 1592 prmdictum
1163 1553 1368 1584 concinnavit
1389 1554 1625 1590 Homiliarium,
1644 1558 1772 1592 postre-

145 1610 229 1634 mam
248 1602 329 1634 hanc
343 1602 487 1634 homiliaa
502 1603 684 1634 undecima)
707 1607 827 1642 partem
844 1611 907 1635 suo
920 1603 1084 1634 addidisse
1099 1604 1263 1640 arbitratu,
1287 1607 1323 1634 ut
1338 1612 1482 1634 errorem
1499 1603 1587 1642 vulgi
1612 1604 1643 1633 in
1669 1602 1771 1641 patria

145 1661 203 1684 sua
218 1652 316 1684 ni-iuis
331 1653 413 1684 forte
430 1654 590 1692 vigentem
604 1654 643 1684 de
658 1654 781 1684 Joanne
797 1654 831 1685 in
843 1653 906 1685 vita
925 1654 1028 1686 adhuc
1041 1654 1228 1692 superstite,
1242 1654 1374 1685 omnino
1388 1653 1513 1684 tolleret
1530 1658 1560 1684 et
1573 1652 1770 1683 eliminaret.

144 1703 222 1734 Ideo
238 1707 346 1748 autem
362 1712 448 1735 nunc
459 1704 566 1735 editur
578 1704 643 1735 haec
659 1703 802 1735 homilias
811 1713 893 1744 pars,
906 1705 980 1743 quia
997 1705 1208 1736 constitutum
1227 1704 1320 1736 nobis
1336 1709 1394 1738 est.
1412 1703 1490 1735 nihil
1510 1704 1540 1734 in
1557 1704 1614 1734 hac
1628 1702 1771 1734 editione

147 1753 234 1791 quod
254 1753 487 1794 Theophylacti
506 1755 638 1787 nomine
657 1754 849 1795 inscriptum
866 1756 920 1793 sit,
940 1756 1116 1795 praeterire.

835 1819 980 1850 SECTIO
997 1819 1069 1850 XII.

312 1882 357 1912 De
374 1882 603 1913 Commentario
615 1883 649 1912 in
662 1883 741 1913 Acta
755 1883 971 1922 apostolorum
988 1892 1028 1913 ex
1044 1881 1231 1912 bibliotheca
1243 1882 1599 1914 Florentino-Mediam

184 1941 281 1972 XLV.
298 1942 531 1983 Theophylaeti
550 1943 798 1975 Commentarius
815 1944 848 1974 in
867 1943 947 1974 Acta
963 1943 1178 1982 apostolorum
1195 1951 1212 1973 a
1225 1943 1335 1974 Sifano
1352 1943 1458 1974 editus
1473 1944 1554 1974 adeo
1572 1952 1666 1974 rarus
1689 1952 1769 1975 eva-

143 1991 200 2030 sit,
213 1996 249 2023 ut
265 2001 337 2024 cum
354 1993 509 2025 editionis
525 1993 624 2034 hujus
640 1998 804 2025 curatores
820 2002 895 2024 eum
911 1994 967 2024 diu
988 1993 1230 2033 qumsivissent,
1250 1993 1398 2024 invenire
1415 1993 1529 2024 nullibi
1546 1994 1690 2024 venalem
1710 2004 1768 2033 po-

144 2041 279 2072 tuerint.
302 2042 395 2079 Quod
419 2042 448 2072 si
472 2051 547 2073 eum
574 2042 748 2082 aliquando
773 2043 857 2074 nacti
871 2047 960 2080 sunt,
977 2051 1017 2073 ex
1033 2043 1159 2078 Graecia
1184 2043 1307 2082 duplici
1335 2043 1490 2074 editionis
1510 2043 1606 2083 hujus
1634 2053 1770 2082 corpore

142 2095 408 2123 commutandum
426 2097 629 2132 receperunt.
646 2094 771 2124 Interea
787 2093 863 2124 dum
876 2093 1002 2133 jamdiu
1018 2102 1288 2133 supervacaneam
1306 2094 1410 2125 eidem
1424 2093 1665 2133 quomodolibet
1677 2102 1767 2124 com-

145 2142 285 2180 parando
300 2145 472 2172 navassent
487 2150 630 2180 operam,
649 2142 754 2182 deque
766 2142 858 2173 exitu
870 2142 990 2188 negotii
1004 2142 1102 2181 hujus
1115 2142 1273 2173 haererent
1289 2142 1416 2179 incerti,
1434 2142 1468 2173 in
1485 2151 1555 2173 eam
1573 2144 1769 2173 sententiam

142 2194 275 2221 ventum
294 2193 353 2225 est,
374 2192 408 2219 ut
423 2189 492 2228 ejus
506 2189 738 2229 apographum,
755 2190 811 2231 qui
828 2190 861 2221 in
884 2190 1074 2222 Florentino
1093 2190 1202 2222 codice
1216 2191 1376 2229 reperitur
1391 2191 1593 2222 bibliothecae
1608 2192 1769 2223 Mediceo-

143 2239 382 2276 Laurentianas,
398 2247 562 2279 quemque
576 2241 817 2280 'l‘beophylacto
828 2240 960 2271 ascribit
974 2240 1243 2271 Montet‘alconius
1260 2240 1294 2271 in
1311 2250 1369 2272 sua
1390 2241 1587 2272 Bibliotheca
1599 2241 1768 2272 bibliothe-

143 2300 264 2328 carum,
280 2290 341 2322 sibi
362 2291 600 2330 procurandum
620 2291 848 2329 existimarint,
865 2291 935 2328 rati,
955 2291 1104 2334 eumdem
1119 2290 1252 2322 omnino
1266 2300 1337 2323 esse
1353 2301 1425 2323 cum
1439 2301 1476 2323 eo
1493 2293 1551 2332 qui
1566 2293 1671 2323 editus
1686 2302 1702 2322 a
1719 2293 1769 2324 Si-

141 2343 218 2374 fano
238 2347 285 2374 est
302 2354 309 2374 :
329 2347 427 2383 atque
443 2343 535 2380 adeo,
549 2344 709 2384 quidquid
726 2345 856 2375 demum
876 2344 1057 2380 accidisset,
1075 2345 1234 2375 variantes
1247 2343 1358 2375 saltem
1375 2344 1542 2380 lectiones,
1559 2347 1654 2383 atque
1670 2343 1767 2373 etiam

147 2394 385 2426 correctionum
402 2393 548 2425 subsidia
568 2394 864 2434 suppeditaturum.
881 2396 920 2426 At
939 2402 1002 2426 non
1018 2394 1060 2425 ita
1076 2404 1125 2426 res
1141 2395 1249 2426 cessit.
1266 2396 1312 2426 Eo
1328 2394 1415 2425 enim
1429 2394 1613 2433 apographo
1629 2394 1766 2425 Floren—

143 2443 185 2473 tia
201 2443 295 2474 nobis
312 2442 420 2480 allato,
439 2444 579 2482 primum
604 2445 720 2476 turbati
738 2453 852 2475 sumus
869 2445 992 2475 nullam
1008 2444 1041 2475 in
1064 2452 1103 2476 eo
1118 2445 1322 2476 invenientes
1348 2444 1557 2484 epigraphen,
1576 2453 1639 2484 qua
1661 2445 1767 2477 Theo-

143 2494 291 2534 phylacto
310 2494 522 2534 Bulgarorum
539 2495 786 2535 archiepiscopo
799 2495 1032 2532 ascriberetur,
1051 2496 1170 2527 deinde
1187 2505 1260 2527 eum
1279 2495 1372 2526 nobis
1385 2496 1611 2526 evolventibus
1638 2497 1767 2528 nullum

143 2546 292 2585 apparuit
316 2545 488 2580 indicium,
516 2553 574 2575 cur
589 2545 782 2576 tribuendus
798 2545 1038 2586 Theophylacto
1054 2550 1139 2577 esset
1157 2557 1164 2576 :
1179 2546 1324 2585 adeoque
1338 2545 1445 2576 mirari
1459 2546 1626 2585 coepimus,
1642 2555 1660 2576 a
1675 2547 1769 2578 Mon-

144 2596 319 2627 tet‘alconio
333 2595 556 2627 indubitanter
570 2594 673 2626 fuisse
690 2595 930 2635 Theophylacto
944 2595 1175 2634 adiudicatum.
1193 2596 1333 2626 Tandem
1355 2595 1406 2625 vix
1423 2595 1487 2626 ulla
1502 2596 1664 2634 superfuit
1677 2597 1769 2628 dubi-

143 2647 233 2684 tatio,
247 2655 322 2678 eum
342 2655 414 2677 esse
434 2645 473 2676 ab
487 2645 642 2683 legitimis
653 2645 885 2685 Theophylacti
902 2646 1052 2684 operibus
1069 2646 1334 2685 expungendum,
1349 2654 1421 2676 cum
1439 2645 1522 2676 inter
1538 2645 1675 2677 aliorum
1700 2655 1761 2679 no-

143 2697 227 2728 mina
242 2697 384 2733 Patrum,
403 2705 475 2735 qua:
494 2695 634 2725 citantur
649 2695 681 2726 in
698 2696 856 2735 margine,
869 2696 963 2726 etiam
979 2697 1080 2727 semel
1097 2700 1191 2733 Θεοφ.,
1212 2696 1363 2734 Theoph.,
1381 2704 1437 2726 seu
1461 2699 1494 2725 ut
1519 2696 1692 2735 legendum
1714 2698 1765 2728 vi-

142 2747 289 2784 debatur,
305 2750 506 2785 θεοφύλαχτος,
527 2745 775 2784 Theophylactus
791 2747 1003 2782 occurrisset;
1021 2755 1055 2777 ac
1073 2746 1248 2785 praesertim
1265 2751 1429 2784 postquam
1451 2744 1654 2784 inspeximus
1671 2747 1766 2779 verba

143 2801 264 2832 ibidem
280 2800 371 2831 allata
392 2803 516 2828 exstare
530 2798 561 2828 in
578 2797 817 2829 Commentario
834 2799 947 2829 editoa
965 2798 1083 2828 Sifano.
1103 2799 1186 2828 Hinc
1203 2799 1289 2828 enim
1310 2798 1400 2836 plane
1417 2806 1620 2837 consequens
1636 2800 1766 2830 videba-

142 2862 206 2892 tur,
226 2861 321 2892 opus,
336 2851 372 2882 in
386 2860 450 2891 quo
464 2850 725 2890 Theonliylactus
745 2852 813 2890 ipse
834 2852 959 2889 cilalur,
978 2851 1115 2890 ejusque
1133 2851 1381 2882 tunimentarius
1396 2850 1467 2882 aliis
1483 2850 1620 2882 aliorum
1635 2853 1768 2883 Patrum
