1897 3052
54 167 89 200 ‘73
440 163 480 194 ΙΝ
498 162 714 199 SEQUENTIA
731 163 1018 193 TIIEOPIIYLACTI
1041 163 1208 192 SCRIPTA.
1585 162 1637 194 474

54 204 260 255 commentariis
275 223 518 254 annumeratur,
531 219 720 250 nullatenus
739 219 799 257 ipsi
821 226 892 248 esse
916 217 1177 257 adjudicandum.
1195 217 1314 247 Verum
1332 216 1391 247 hoc
1413 221 1638 256 argumentum

54 274 99 303 vim
113 279 183 309 pene
202 277 331 301 omnem
351 269 497 300 amittere
516 269 620 299 visum
645 273 704 305 est,
725 272 892 307 postquam
916 277 953 298 ex
971 268 1086 298 Catena
1112 267 1293 297 Oxoniensi
1319 266 1370 304 (de
1387 276 1449 306 qua
1475 268 1637 307 superius)

50 321 176 356 intellexi,
191 319 428 358 expositionem
446 318 534 349 illam
562 318 723 349 Theodori
740 317 964 348 Heracleensis
992 325 1077 353 esse,
1094 319 1204 355 utpote
1221 316 1277 355 qui
1305 316 1424 346 diserte
1451 317 1565 347 eitrrtur
1581 326 1636 356 pa-

50 373 105 413 gina
127 371 242 410 589jus
269 369 404 406 codicis,
424 369 517 408 cujus
544 370 720 407 exemplar,
741 373 776 399 ut
795 369 840 399 rei
859 368 956 407 hujus
975 368 1093 398 certior
1115 368 1236 404 ﬁerem,
1265 368 1422 406 postulavi
1443 373 1474 400 et
1497 369 1637 400 obtinui.

51 423 112 454 Ilinc
129 421 208 451 enim
227 420 358 450 suborta
378 419 456 450 mihi
471 419 616 458 suspicio
632 424 691 455 est,
717 419 885 450 oscitantia
912 419 1030 449 veteris
1051 423 1105 449 aut
1123 418 1310 449 recentioris
1334 419 1538 450 amanuensis
1557 421 1638 450 scri-

50 479 117 514 ptum
132 472 161 502 in
179 470 290 501 codice
309 470 509 506 Florentino,
537 469 585 500 vel
611 473 719 500 nostro
744 469 920 508 exemﬂari
935 469 1036 500 fuisse
1055 472 1151 505 Θεοφ.,
1176 469 1325 508 Thcoph.,
1343 477 1400 508 pro
1416 472 1506 501 8:08.,
1523 469 1636 500 Theod.

49 523 92 554 Sed
105 521 390 561 quomodocunque
405 529 455 550 res
472 521 531 550 ista
549 528 583 550 se
595 518 719 555 habeat,
732 523 765 550 ut
783 523 907 550 certum
925 523 1013 558 pulo.
1031 518 1314 550 Montefalcouium
1331 528 1394 550 non
1412 519 1475 549 alio
1492 520 1549 550 niti
1566 520 1639 550 furt-

50 574 171 604 damento
197 570 342 609 potuisse
359 569 395 600 ad
418 568 686 600 Commentarium
705 568 791 599 hunc
815 568 1055 607 Theolihylacto
1079 568 1302 604 asserendum,
1319 577 1414 608 quam
1438 570 1536 608 quod,
1561 571 1637 600 dum

50 623 139 661 raptim
156 621 244 651 illum
261 619 439 656 evolveret,
461 620 494 650 in
509 619 618 658 aliqua
636 618 867 649 incideritloca
886 617 1083 649 continentia
1103 618 1182 648 illud
1203 618 1287 648 idem
1302 619 1389 657 quod
1414 624 1486 650 ante
1511 619 1543 649 in
1561 619 1641 650 Sifa-

48 676 122 706 niano
135 673 367 704 Commentario
381 672 583 712 perlegisset.
601 671 677 702 Mihi
694 671 806 702 saltem
834 681 897 703 non
913 670 1001 702 aliud
1026 671 1136 701 animo
1161 671 1406 702 fundamentum
1429 671 1578 702 occurrit.
1606 671 1639 701 I-l

48 734 104 756 vero
119 733 208 764 quam
226 726 268 755 sit
289 723 487 755 imbecillum
504 725 536 754 in
554 724 811 760 Commentariis,
829 724 886 763 qui
907 723 955 753 vel
975 731 1085 762 puram
1108 724 1234 754 Catente
1259 724 1414 754 rationem
1442 723 1574 760 habent,
1591 723 1638 754 vel

48 778 74 807 ad
89 776 163 806 illam
180 776 328 815 proxime
343 776 511 811 accedunt,
526 776 675 815 quisquis
692 775 784 807 facile
797 776 962 814 intelligit.

73 828 168 858 XLVI.
185 827 306 858 Verum
326 827 352 857 si
370 835 420 857 res
434 827 475 858 ita
494 835 529 858 se
546 827 651 861 habet.
673 836 729 858 cur
746 826 908 865 igiturhic
923 835 940 857 a
957 826 1051 857 nobis
1132 826 1235 857 lucem
1257 827 1440 857 emittitur?
1456 827 1516 857 Cur
1540 827 1637 857 etiam

46 880 131 909 Grazce
142 878 316 910 duntaxat?
330 879 363 909 In
382 879 485 909 lucem
503 878 554 909 hic
572 879 674 909 emitti
689 879 880 918 respondeo,
898 878 1050 918 primum,
1064 878 1150 917 quod
1168 878 1236 909 viro
1253 887 1330 909 sane
1343 878 1529 908 doctissimo
1552 878 1640 908 visus

44 929 122 960 fuerit
137 937 205 960 esse
222 929 476 968 Theophylacti;
501 937 606 969 neque
631 933 717 961 certo
739 929 848 970 aliquo
868 929 1102 969 perspicuoque
1122 934 1310 969 argumento
1335 929 1438 959 refelli
1453 928 1554 968 possit
1583 929 1640 958 ist-

44 979 94 1010 lrrec
107 979 222 1018 opinio.
237 979 268 1010 2.
285 979 366 1016 Quia
386 987 514 1018 aequum
529 987 592 1010 non
609 979 736 1016 censui,
753 979 971 1018 apographum
988 979 1075 1009 istud
1092 979 1226 1009 omnino
1243 978 1397 1014 interire;
1416 978 1537 1017 quippe
1553 977 1639 1017 quod

46 1028 240 1059 esseicrtasse
256 1029 372 1067 poterit
387 1028 485 1060 alicui
507 1029 645 1069 posteris
669 1029 756 1066 usui,
785 1029 1059 1069 quemadmodum
1082 1028 1160 1059 mihi
1181 1037 1244 1060 non
1261 1029 1377 1060 inutile
1391 1028 1463 1064 fuit,
1489 1031 1523 1057 ut
1549 1028 1641 1057 Corn-

48 1076 172 1108 mentarir
191 1078 333 1109 Vaticani
358 1078 408 1119 (de
430 1087 496 1118 quo
517 1078 637 1110 dictum
659 1082 707 1110 est
722 1079 834 1118 supra)
859 1079 1024 1118 exemplar
1041 1080 1246 1110 emendarem
1278 1082 1374 1118 atque
1387 1078 1584 1116 supplerem.
1604 1077 1640 1106 Et

43 1129 152 1168 quidem
167 1131 274 1170 quoad
292 1131 362 1170 ejus
373 1131 485 1162 attinet
498 1140 606 1168 usum,
626 1131 766 1162 breviter
782 1131 979 1170 patefaciam,
992 1131 1080 1171 quod
1097 1130 1176 1161 mihi
1194 1139 1268 1161 eum
1287 1128 1487 1169 percurrenti
1504 1127 1589 1158 venit
1607 1127 1639 1157 in

45 1184 162 1210 mentem
183 1189 190 1210 :
211 1180 366 1210 nimirum
382 1190 421 1211 ex
438 1180 541 1211 tribus
558 1181 646 1212 hisce
663 1182 697 1212 in
711 1182 790 1212 Acta
809 1181 984 1220 apostolica
1007 1180 1266 1216 Commentariis,
1289 1188 1370 1219 quos
1387 1179 1536 1210 volumen
1556 1177 1639 1207 istud

44 1230 245 1269 complectitur
264 1230 453 1269 (prtesertim
471 1231 500 1261 si
525 1231 743 1270 Clrrysostomi
771 1231 868 1262 f0ntis
890 1231 1034 1262 omnium
1053 1231 1204 1270 praecipui
1228 1230 1451 1261 adnotationes
1472 1228 1640 1263 addant-ar)

43 1282 196 1320 perfectum
213 1283 324 1313 conﬁci
344 1291 450 1321 posse,
472 1283 720 1322 absolutumque
736 1283 768 1314 in
781 1283 889 1314 eadem
909 1283 984 1313 Acta
1009 1282 1296 1315 Commentarium:
1312 1290 1384 1312 cum
1408 1281 1527 1320 singuli
1546 1284 1639 1311 caete-

43 1332 140 1371 roquin
155 1332 239 1364 haud
257 1342 368 1373 parum
386 1333 494 1372 procul
507 1333 573 1364 sint
586 1343 601 1364 a
617 1334 724 1364 debita
740 1333 948 1373 perfectione.
964 1334 1082 1364 Poterit
1096 1333 1193 1372 igitur
1207 1333 1368 1372 quispiam
1388 1341 1428 1363 ex
1444 1333 1581 1371 singulis
1600 1341 1638 1363 ea

43 1393 98 1422 qua:
111 1384 145 1414 ad
163 1394 228 1416 rem
244 1385 382 1416 maxime
398 1384 531 1421 faciunt,
549 1384 707 1424 seligendi
724 1394 832 1416 curam
856 1385 1062 1424 laboremque
1085 1385 1251 1422 suscipere
1269 1395 1277 1416 :
1297 1393 1393 1424 quem
1410 1384 1491 1416 forte
1511 1388 1637 1423 egomet

42 1434 248 1472 suscepissem,
273 1434 335 1464 nisi
362 1434 444 1471 alim,
461 1434 581 1472 quibus
598 1434 767 1471 distrahor,
785 1443 867 1465 curm
879 1438 910 1465 et
925 1435 1118 1465 valetudinis
1131 1434 1575 1465 imbecillitasinhibuissent.
1594 1436 1640 1464 Eu

41 1483 124 1522 igitur
140 1486 230 1522 ratio,
246 1494 304 1516 cur
321 1485 412 1516 illum
430 1486 598 1517 ediderim.
616 1487 722 1517 Graece
737 1490 843 1516 autem
861 1490 982 1516 tantum
998 1485 1096 1520 edidi,
1114 1485 1189 1524 quia
1205 1494 1243 1516 ex
1261 1493 1323 1516 una
1342 1489 1428 1524 parte
1440 1485 1641 1516 levissimuru

40 1538 79 1564 cst
91 1535 334 1567 fundamentum
351 1537 579 1568 Commentar-ii
606 1537 704 1577 hujus
727 1537 967 1576 TheOphylaL-to
989 1536 1198 1576 adjudicandi
1216 1547 1224 1566 :
1241 1545 1280 1568 ex
1297 1537 1395 1568 altera
1420 1537 1642 1575 veroexposi-

40 1584 130 1614 tiones
151 1584 220 1623 ejus
238 1585 399 1624 pleraeque
414 1585 446 1616 in
463 1586 616 1618 alterutro
633 1595 673 1617 ex
690 1586 744 1624 iis,
764 1588 821 1627 qui
840 1586 1016 1618 voluminis
1037 1585 1136 1626 hujus
1156 1586 1249 1618 initio
1277 1587 1428 1626 impressi
1452 1591 1539 1623 sunt,
1559 1587 1641 1617 Sifa-

40 1632 120 1663 niano
132 1633 265 1669 scilicet,
282 1638 313 1664 et
327 1633 490 1670 vaticano,
509 1642 571 1665 non
585 1634 680 1666 modo
695 1635 799 1674 quoad
817 1643 964 1671 sensum,
989 1635 1044 1665 sed
1061 1635 1157 1666 etiam
1173 1635 1279 1675 quoad
1296 1635 1392 1666 verba
1420 1644 1643 1674 saepenumero

40 1684 147 1715 insunt.
163 1685 247 1715 Hinc
264 1685 402 1723 pretium
419 1693 526 1724 operm
542 1685 674 1717 minime
696 1695 767 1718 esse
785 1687 910 1723 censui,
930 1695 1049 1717 novum
1065 1687 1151 1718 hunc
1172 1687 1282 1718 subire
1298 1687 1451 1725 laborem,
1470 1691 1500 1719 et
1514 1687 1641 1726 aliquo-

44 1743 103 1765 rum
118 1735 301 1766 accessione
317 1734 468 1766 foliorum
485 1733 574 1766 nu’lla
592 1736 823 1775 propemodum
845 1736 983 1768 utilitate
1001 1737 1152 1768 volumen
1171 1737 1230 1768 hoc
1245 1745 1394 1768 onerare.

74 1784 194 1815 XLVII.
211 1784 365 1820 Quamvis
378 1790 484 1816 autem
502 1785 773 1817 Commerrtarium
798 1785 884 1817 hunc
901 1786 1010 1816 Latine
1026 1793 1091 1816 non
1114 1786 1276 1824 verterim,
1297 1795 1361 1818 non
1387 1787 1462 1818 ideo
1483 1791 1586 1818 tamen
1605 1790 1645 1819 ab

43 1835 120 1865 omni
135 1835 166 1865 in
182 1843 220 1866 eo
236 1835 362 1866 edendo
375 1835 482 1867 labore
497 1845 545 1866 me
561 1835 696 1866 absolvi.
715 1836 857 1866 Lacunas
875 1835 975 1871 enim,
990 1835 1110 1874 quibus
1127 1835 1345 1875 apographum
1362 1835 1549 1875 frequenter
1573 1837 1643 1869 hia-

43 1886 86 1916 bat
101 1885 283 1926 (praesertim
306 1887 368 1917 sub
383 1887 454 1927 ejus
469 1887 611 1927 initium)
629 1887 759 1926 explere
787 1895 843 1926 pro
859 1887 981 1917 viribus
999 1887 1124 1917 studui.
1150 1888 1188 1918 Et
1206 1887 1301 1918 initio
1317 1887 1460 1927 quidem,
1486 1889 1539 1919 ubi
1562 1892 1645 1928 spis-

40 1936 130 1967 siores
145 1936 267 1968 lacunas
283 1941 384 1974 erant,
403 1937 480 1968 mihi
500 1937 533 1968 in
546 1937 626 1968 hanc
643 1946 710 1968 rem
729 1937 929 1968 incumbenti
946 1937 1206 1975 percommodum
1220 1937 1282 1968 fuit
1300 1938 1425 1969 Catena)
1446 1936 1644 1970 Oxoniensis

42 1986 69 2017 in
81 1987 183 2018 eadem
210 1989 286 2018 Acta
309 1987 459 2027 primum,
483 1988 569 2028 quod
595 1988 750 2019 habebam
774 1996 837 2027 prtia
856 1988 1018 2025 manibus,
1038 1987 1178 2018 folium:
1200 1997 1272 2019 cum
1300 1989 1366 2026 ipsa
1386 1989 1507 2028 quippe
1529 1991 1644 2020 Catena

41 2036 241 2076 apographum
260 2046 366 2068 meum
387 2037 432 2068 sic
448 2037 529 2068 inibi
545 2038 720 2069 convenire
745 2037 957 2077 deprehendi,
974 2042 1008 2068 ut
1035 2037 1120 2068 idem
1144 2047 1213 2068 esse
1229 2047 1312 2076 opus
1331 2039 1505 2075 videretur,
1525 2040 1587 2070 nisi
1605 2050 1644 2070 ex

42 2092 183 2125 postrema
197 2088 288 2119 illius
305 2093 402 2128 parte,
418 2092 512 2128 atque
529 2098 567 2120 ex
583 2090 712 2121 duobus
728 2090 812 2127 aliis,
829 2098 901 2129 qua:
927 2089 1005 2119 mihi
1022 2097 1153 2120 cernere
1174 2089 1278 2123 licuit,
1304 2089 1374 2128 ejus
1400 2089 1487 2120 foliis
1512 2091 1644 2122 omnino

41 2140 262 2177 eognovissem,
281 2141 428 2171 Catenam
445 2139 666 2171 Oxoniensem
682 2142 780 2172 multa
799 2140 980 2179 complecti,
997 2148 1069 2179 qum
1090 2140 1124 2170 in
1139 2139 1326 2170 Florentino
1342 2140 1578 2172 Commentario
1590 2142 1646 2173 de-

41 2188 222 2221 siderantur.
238 2190 400 2221 Posterior
416 2191 476 2221 iste
493 2190 628 2222 fortasse
649 2194 820 2230 excerptus
838 2195 885 2221 est
907 2199 945 2221 ex
960 2190 1013 2220 illa
1041 2189 1159 2228 priore.
1183 2189 1230 2220 Ad
1255 2189 1438 2220 sarciendas
1463 2199 1551 2228 vero,
1575 2200 1647 2231 qum

42 2244 234 2272 Ortcurrerent
248 2241 283 2272 in
305 2249 490 2281 progressu,
508 2241 638 2272 lacunas
652 2242 806 2273 alterutro
829 2250 868 2272 ex
881 2241 1127 2272 Commentariis
1141 2240 1312 2280 praedictis,
1331 2240 1494 2272 Sifaniarro
1509 2241 1644 2276 scilicet,

41 2293 66 2320 et
82 2291 242 2328 Vaticano,
260 2291 316 2322 sed
333 2291 478 2322 omnium
495 2291 759 2331 frequentissime
775 2300 890 2331 magno
907 2291 1136 2330 Chrysostomo
1153 2300 1232 2322 usus
1248 2300 1338 2328 sum;
1352 2295 1382 2322 et
1398 2300 1434 2322 ea
1450 2292 1581 2331 quidem
1595 2291 1644 2322 fc-

42 2339 162 2379 licitate,
183 2348 216 2374 ut
235 2353 274 2375 ex
292 2343 451 2382 plurimis,
468 2353 540 2384 qum
556 2343 682 2375 inerant
698 2348 803 2381 antea,
819 2343 942 2375 lacunis
959 2352 1020 2374 una
1042 2347 1176 2379 tantum,
1193 2343 1242 2374 vel
1263 2343 1360 2374 altera
1383 2343 1543 2381 inexpleta
1569 2342 1647 2372 milii

43 2394 229 2424 remanserit.
259 2393 364 2425 Verba
389 2402 405 2425 a
429 2395 525 2426 nobis
550 2394 658 2425 addita
683 2403 723 2425 ex
756 2394 873 2432 signis,
897 2393 1017 2432 quibus
1042 2393 1088 2424 uti
1112 2393 1144 2424 in
1168 2393 1332 2424 similibus
1356 2393 1512 2430 solemus,
1536 2394 1647 2423 Lector

42 2447 191 2482 agnoscet.
206 2444 253 2475 Ad
271 2444 388 2476 calcem
404 2445 643 2482 Commentarii,
660 2453 699 2475 ne
716 2444 841 2484 integra
860 2443 976 2483 pagina
991 2443 1125 2474 omnino
1143 2452 1238 2474 vacua
1254 2448 1444 2481 remaneret,
1467 2444 1506 2473 ab
1522 2452 1559 2475 eo
1578 2443 1647 2476 loco

43 2500 102 2531 μηδ.
116 2494 183 2528 629,
200 2494 261 2525 col.
274 2495 306 2531 2,
323 2499 413 2526 Ἐστὶν
424 2497 470 2526 οὖν
480 2501 494 2527 ὁ
510 2501 564 2532 πᾶς
583 2500 688 2536 χρόνος,
707 2499 792 2534 rogat

897 2493 1028 2534 ograplii
1047 2494 1149 2533 adjeci
1168 2496 1274 2531 verba,
1293 2495 1413 2535 quibus
1431 2496 1542 2537 Catena
1558 2497 1645 2527 Oxu-

42 2541 152 2574 niensis
168 2543 357 2576 absolvitur.
375 2546 486 2585 Neque
504 2546 536 2576 id
556 2546 681 2577 Lectori
699 2545 911 2585 injucundth
928 2545 996 2575 fore
1006 2544 1130 2574 conlido
1147 2545 1213 2575 :sic
1227 2546 1312 2576 enim
1328 2546 1497 2585 praedicta;
1510 2547 1643 2580 Catena);

42 2598 124 2628 quam
136 2595 429 2632 prwalantiuimam
444 2595 583 2634 appellat
599 2595 768 2627 Fabricius
782 2595 814 2626 in
832 2594 917 2625 Bibl.
935 2594 1056 2630 erca,
1076 2593 1206 2624 initium
1223 2595 1344 2625 tenebit
1363 2599 1394 2626 et
1409 2595 1516 2627 ﬁnem.

713 2645 853 2676 SECTIO
876 2645 961 2676 XIII.

446 2698 491 2728 De
511 2698 668 2737 Epistolis
691 2708 710 2727 a
733 2699 873 2729 Meursio
898 2698 1001 2734 editis,
1025 2703 1053 2728 et
1075 2708 1094 2727 a
1117 2697 1232 2727 Lamia.

78 2746 213 2777 XLVIII.
236 2748 330 2778 Forte
359 2749 527 2780 mirabitur
549 2751 671 2787 Lector,
705 2751 790 2790 quod
823 2750 890 2780 ista)
915 2750 1060 2789 epistola)
1084 2750 1123 2780 ab
1151 2748 1222 2779 aliis
1249 2748 1363 2787 viginti
1388 2750 1542 2789 sejunctas
1573 2750 1647 2782 huic

42 2795 160 2828 editioni
180 2800 299 2830 fuerint
323 2799 466 2838 inserito,
486 2811 559 2832 cum
590 2810 684 2832 nemo
715 2811 778 2833 non
802 2803 917 2837 videat,
935 2801 1112 2832 naturalem
1139 2800 1285 2831 ordinem
1310 2800 1490 2839 postulasse
1516 2806 1549 2832 ut
1565 2810 1642 2832 corr-

41 2843 160 2883 iunctim
181 2850 354 2881 ederentur
370 2859 493 2882 omnes.
515 2852 648 2883 Consilii
667 2852 774 2890 itaque
798 2852 896 2883 nostri
923 2852 1001 2882 liam-
1026 2852 1179 2882 rationem
1206 2850 1330 2882 habeto.
1360 2850 1518 2889 Principio
1544 2850 1645 2887 fuerat
