1897 3052
223 113 277 146 175
731 111 925 142 BONlFAClI
939 114 967 142 -F

1126 113 1330 143 PREFATIO.
1804 110 1875 143 476

224 167 500 207 constitutumdut
520 166 633 205 viginti
656 165 810 197 duntaxat
828 167 1056 207 Theophylacti
1081 168 1227 206 epistola;
1242 168 1301 198 hoc
1323 168 1355 198 in
1380 168 1545 199 volumine
1561 168 1671 199 sedem
1687 167 1874 199 baberent,

223 227 296 258 quas
320 218 462 248 nondum
488 216 649 256 publicam
674 217 775 246 lucem
793 222 1000 256 aspexerant;
1026 227 1097 248 cum
1124 227 1168 248 ene
1197 222 1320 248 tantum
1342 218 1418 249 huic
1444 219 1540 248 tertio
1564 218 1739 254 volumini,
1767 217 1873 257 quod

222 268 354 300 incditis
368 266 597 306 Theophj'lacti
611 266 763 305 operibus
776 268 976 306 cxcipiendis
1004 267 1200 299 destinatum
1218 268 1250 298 in
1277 268 1388 306 primis
1414 271 1492 303 erat,
1512 268 1672 307 explendo
1687 268 1767 299 satis
1784 277 1869 299 esse

224 319 419 353 viderentur,
442 317 574 356 adjectis
603 321 707 347 tamen
732 318 860 348 duobus
888 319 1041 356 operibus
1066 319 1171 350 adhuc
1198 319 1340 354 ineditis,
1371 327 1510 358 quorum
1544 319 1681 348 alterum
1707 319 1875 356 Parisiis,

223 369 358 398 alterum
379 367 541 397 Florentia
564 367 835 405 prtestolabamur.
859 368 918 398 Sed
938 368 1076 407 primum
1095 369 1173 399 illud
1188 378 1272 407 saepe
1287 370 1494 407 promissum,
1516 377 1679 407 nunquam
1697 369 1874 407 perlatum

222 417 260 447 ad
287 425 343 447 nos
366 421 424 447 est.
452 416 596 447 Alterum
626 416 756 456 quidem
773 417 975 456 accepimus;
1006 418 1061 449 sed
1091 418 1173 449 illud
1202 418 1476 457 perpendentibus
1504 418 1595 448 nobis
1626 426 1690 448 non
1710 419 1804 456 suspi
1823 418 1876 447 -io

221 467 386 503 duntaxat,
416 467 471 496 sed
505 471 587 497 certa
613 468 780 505 persuasio
798 467 927 504 insedit,
947 467 985 497 ad
1003 467 1280 506 TheOphylactum
1298 467 1485 497 nullatenus
1510 467 1681 504 pertinere.
1698 467 1761 497 Nos
1783 474 1875 496 vero

224 518 255 547 in
280 526 419 548 errorem
443 518 649 556 perduxerat,
678 527 750 558 quae
776 519 860 557 apud
897 519 1184 549 Montefalconium
1211 519 1328 558 legitur
1357 519 1389 549 in
1420 518 1571 550 Biblioth.
1599 519 1876 549 bibliothecarum

221 574 244 598 t.
264 570 288 604 l,
309 578 378 608 pag.
399 570 448 606 35,
475 569 643 601 imminuta
671 569 849 608 inscriptio,
872 578 943 609 quae
973 570 1144 609 sequitur:
1169 571 1346 601 Threnodia
1364 578 1460 608 super
1485 569 1580 599 beata
1614 570 1769 599 memoria:
1789 571 1873 599 viro

224 619 262 649 D.
281 620 524 658 Theophylacto.
541 619 668 650 Scilicet
685 619 844 658 ejusmodi
862 619 976 650 titulus
1006 628 1064 650 nos
1091 623 1238 650 erexerat
1265 619 1296 650 in
1313 628 1416 658 spem,
1438 617 1655 653 Threnodium,
1673 619 1713 649 de
1726 627 1789 656 qua
1810 618 1878 647 hic

223 678 340 707 sermo,
359 679 461 710 genus
478 670 608 710 aliquod
623 672 777 702 orationis
795 671 941 702 funebris
959 671 1080 702 essein
1099 670 1380 709 Theophylactum
1397 670 1457 709 jam
1479 674 1656 703 moi-tuum,
1687 678 1760 709 qua:
1784 669 1878 699 huic

227 721 383 752 volumini
406 731 441 753 ea
461 723 584 752 ratione
603 722 699 753 inseri
716 726 837 762 posset,
855 723 940 762 quod
958 722 1067 762 aliqua
1084 731 1121 752 ex
1139 722 1238 760 gestis
1265 722 1506 760 virtutibusque
1538 721 1584 758 (ut
1610 721 1642 750 iu
1668 721 1875 759 hujusmodi

223 773 424 804 orationibus
450 775 593 805 accidere
608 775 701 814 solet)
730 775 820 806 illius
847 774 984 805 celebris
1007 774 1242 813 archiepiscopi
1277 774 1557 812 complecteretur.
1585 776 1624 804 At
1663 773 1730 804 sola
1763 772 1876 802 lectio

223 821 415 861 epigraphes
445 824 636 861 exemplaris
665 824 702 854 ad
734 829 793 854 nos
823 823 999 854 transmissi
1046 823 1085 853 ab
1118 824 1205 854 omni
1241 823 1374 854 omnino
1407 833 1462 862 spe
1496 828 1526 853 et
1554 828 1771 862 praeeratet-pta
1800 832 1871 853 nus

223 872 379 910 opinione
396 874 531 913 dejecit;
550 874 591 904 ita
610 873 694 904 enim
715 883 748 903 se
769 873 863 904 habet
880 885 887 902 :
904 879 972 913 θρηι,

1135 879 1174 913 τῷ
1197 878 1341 914 pangi-dp
1356 877 1433 914 κύρῳ
1455 879 1635 914 Baeculam}:
1662 879 1701 913 τῷ
1725 879 1872 905 Baltasa-

225 927 302 962 ρίτῳ,
323 923 517 954 Lammtatio
538 932 633 962 super
649 924 751 964 felicis
774 924 929 953 memoria:
952 925 1020 954 viro
1049 924 1174 954 domino
1201 924 1431 963 Theophylacto
1461 924 1658 955 Belissart'to.
1685 925 1783 955 Porro
1812 925 1873 955 vel

225 975 332 1012 ipsum
357 975 537 1006 Belissaritt'
555 984 732 1014 cognomen
760 977 837 1006 satis
865 975 975 1015 procul
1006 976 1104 1007 dubio
1122 976 1247 1013 fuissi-t,
1276 981 1310 1007 ut
1332 976 1605 1015 Thcophylactum
1627 977 1712 1007 hunc
1741 986 1758 1008 a
1780 976 1875 1006 Bul-

225 1032 374 1062 garorum
393 1025 635 1064 archiepiscopo
652 1034 908 1063 secerneremus,
925 1025 1052 1057 etiamsi
1075 1035 1147 1066 quae
1170 1027 1377 1057 continentur
1403 1027 1435 1056 in
1466 1027 1523 1058 hac
1543 1027 1687 1058 Oratione
1719 1027 1870 1065 lugubri

222 1075 334 1114 aliquo
360 1075 455 1106 modo
477 1075 616 1106 fuissent
640 1075 800 1115 ambigua.
817 1077 876 1107 Sed
904 1080 934 1107 et
948 1085 998 1107 res
1024 1077 1054 1107 in
1083 1077 1149 1116 ipsa
1178 1080 1335 1108 contentae
1356 1076 1632 1116 Theophylactum
1655 1077 1813 1108 exhibent
1853 1083 1872 1105 a

226 1128 336 1155 nostro
358 1124 451 1163 plane
471 1125 634 1155 diversum
651 1127 734 1154 :tota
754 1124 839 1155 enim
859 1125 1055 1162 impenditur
1070 1125 1104 1156 in
1121 1125 1319 1164 deplorando
1339 1126 1511 1157 immaturo
1533 1127 1665 1164 juvenis
1684 1127 1863 1166 cujusdam

225 1173 345 1204 nobilis
367 1173 510 1210 interitu,
529 1174 582 1213 qui
600 1182 671 1203 cum
690 1173 818 1212 generis
843 1174 1019 1210 nobilitate,
1039 1178 1106 1204 tum
1125 1174 1278 1205 virtutum
1296 1180 1483 1206 ornamento
1506 1177 1672 1215 [ti‘tDSleﬂl
1694 1189 1700 1207 :
1734 1177 1870 1216 quique

225 1225 300 1254 dum
317 1224 451 1255 Athenis
469 1224 575 1255 studio
591 1233 719 1263 operam
734 1226 832 1262 daret,
854 1225 1000 1257 faucibus
1014 1227 1132 1266 angina
1146 1227 1341 1263 interclusis,
1360 1228 1508 1267 migravit
1529 1239 1545 1259 ρ
1573 1230 1647 1265 vita,
1671 1229 1754 1259 dalis
1777 1234 1862 1259 ante

226 1274 375 1314 pluribus
395 1276 524 1314 pietatis
541 1275 684 1307 indiciis.
711 1278 793 1307 Eum
813 1277 909 1315 igitur
925 1277 1029 1308 solum
1054 1287 1093 1308 ex
1118 1278 1177 1309 hoc
1197 1279 1356 1317 opusculo
1370 1278 1509 1309 Iructum
1532 1279 1649 1310 referre
1678 1284 1865 1316 potuerunt

225 1332 389 1357 curatores
408 1327 538 1357 istiusce
552 1326 712 1366 editionis,
731 1332 766 1357 ut
783 1328 881 1366 magis
895 1328 1060 1367 magisque
1076 1333 1270 1368 perspectam
1288 1329 1440 1359 omnibus
1463 1333 1673 1369 testatamque
1687 1330 1869 1361 reciderent

226 1378 440 1418 diligentiam,
458 1387 521 1418 qua
547 1378 595 1408 usi
620 1382 708 1414 sunt,
734 1379 901 1408 maximam
930 1378 961 1408 in
989 1378 1223 1418 conquirendis
1247 1379 1404 1418 undique,
1433 1379 1522 1410 nulla
1562 1385 1709 1420 sumptus
1735 1382 1869 1412 ratione

228 1430 345 1464 habita.
365 1428 520 1468 operibus
545 1429 581 1458 ad
606 1427 881 1467 Theophylactum
909 1432 1053 1458 nostrum
1080 1429 1325 1468 quomodolibet
1367 1430 1617 1469 pertinentibus.
1647 1431 1724 1462 Cum
1761 1433 1869 1471 igitur

227 1480 325 1519 hujus
342 1479 542 1517 alteriusque
559 1477 685 1509 defectu
698 1478 804 1516 operis
824 1486 887 1508 non
910 1486 1007 1516 pauca
1026 1478 1178 1509 deessent
1195 1479 1272 1510 folia
1289 1479 1327 1509 ad
1344 1480 1553 1517 praestitutam
1570 1479 1668 1520 hujus
1686 1481 1869 1512 voluminis

229 1530 356 1565 molem,
376 1532 550 1560 curatores
583 1527 738 1566 praedicti,
776 1526 944 1566 impressis
979 1527 1042 1566 jam
1069 1527 1216 1566 epistolis
1247 1527 1379 1567 viginti,
1418 1533 1448 1558 et
1479 1529 1588 1560 Graeco
1622 1530 1869 1562 Commentario

226 1578 433 1617 insequente,
460 1577 635 1609 consilium
668 1576 872 1615 capessivere
907 1577 956 1617 (ad
990 1577 1089 1608 alium
1118 1581 1238 1608 tomum
1266 1582 1427 1608 reservato
1458 1587 1572 1618 opere,
1603 1581 1690 1618 quod
1725 1581 1868 1612 Palisiis

229 1629 462 1667 priestolantur)
479 1627 652 1666 adjiciendi
676 1627 770 1658 etiam
790 1627 943 1666 epistolas
962 1635 978 1657 a
1005 1627 1148 1658 Meursio
1170 1632 1200 1658 et
1223 1627 1332 1658 Lamio
1353 1627 1466 1664 editas,
1489 1637 1529 1659 ne
1546 1632 1653 1659 tomus
1681 1630 1742 1660 iste
1766 1641 1868 1671 aequo

229 1679 357 1709 brevior
379 1678 545 1715 evaderet;
572 1677 736 1716 simulque
761 1677 922 1708 celeritate
948 1685 1071 1708 summa
1095 1677 1228 1708 curandi
1248 1677 1359 1717 ipsius.
1388 1677 1649 1717 impressionem,
1678 1689 1717 1711 ne
1746 1683 1868 1712 erudi-

231 1733 338 1760 torum
364 1732 435 1759 vota
461 1728 585 1759 diutius
611 1727 834 1768 fatigarentur.
860 1728 943 1758 Hinc
964 1736 1040 1759 vero
1056 1727 1122 1767 ,hoc
1147 1727 1253 1758 solum
1278 1728 1473 1759 incommodi
1505 1729 1620 1760 accidit
1644 1730 1743 1770 (quod
1775 1734 1868 1763 enim

229 1780 387 1820 ejusmodi
406 1781 550 1820 epistolae
566 1782 604 1812 ab
620 1781 692 1826 aliis
709 1781 862 1820 sejunctae
879 1782 1049 1820 prodeant,
1066 1788 1124 1820 pro
1149 1779 1251 1812 nihilo
1280 1780 1459 1812 habendum
1478 1790 1547 1812 esse
1576 1791 1593 1812 a
1619 1783 1696 1813 viris
1718 1785 1868 1822 pruden-

228 1833 316 1863 tibus
333 1833 420 1873 puto)
436 1833 522 1873 quod
540 1832 764 1863 Marineriante
784 1831 944 1863 versionis
964 1831 1237 1869 emendationem,
1257 1841 1352 1871 quam
1388 1832 1519 1871 aggredi
1545 1841 1581 1864 ac
1605 1834 1757 1872 perficere
1781 1839 1866 1865 stato

230 1889 374 1924 tempore
394 1883 639 1920 constitueram,
663 1886 755 1922 capto
777 1891 793 1913 a
824 1883 1029 1914 curatoribus
1052 1891 1136 1913 novo
1162 1883 1395 1923 inepinatoque
1426 1885 1576 1922 consilio,
1601 1889 1632 1916 et
1667 1895 1699 1916 re
1723 1887 1865 1917 maxime

230 1938 407 1973 properata,
431 1938 580 1972 praestare
601 1942 663 1964 non
683 1933 855 1971 potuerim.
876 1934 912 1963 At
930 1934 1111 1965 versionem
1136 1933 1221 1964 illam
1239 1934 1440 1965 tolerabilem
1461 1936 1498 1966 ad
1520 1936 1626 1967 minus
1646 1945 1731 1973 esse,
1749 1938 1799 1968 vel
1825 1947 1864 1968 ex

229 1994 267 2017 eo
290 1986 365 2016 mihi
387 1987 577 2025 persuadeo,
600 1985 688 2025 quod
715 1985 857 2022 Lamius,
882 1986 932 2015 vir
959 1986 1180 2022 doctissimus,
1205 1985 1372 2025 Graacique
1395 1986 1556 2018 idiomatis
1569 1987 1800 2026 peritissimus,
1829 1990 1862 2018 in

229 2039 348 2069 celebri
365 2038 506 2070 editione
522 2038 717 2075 Meursiana,
736 2038 787 2069 cui
803 2042 930 2078 praeest,
948 2047 1017 2069 eam
1045 2038 1204 2074 collocare
1223 2047 1288 2069 non
1305 2038 1471 2070 dubitarit.
1490 2038 1615 2069 Nullam
1636 2039 1737 2078 igitur
1753 2040 1787 2070 in
1813 2040 1863 2070 his

230 2091 364 2121 edendis
382 2091 530 2128 epistolis
547 2091 616 2130 ipse
634 2099 764 2129 operam
782 2090 888 2128 posui,
909 2090 1056 2130 adquue
1083 2090 1164 2120 nihil
1192 2090 1232 2120 de
1257 2089 1373 2120 iisdem
1395 2095 1543 2128 superest
1569 2090 1647 2120 mihi
1675 2091 1860 2120 dicendum.

230 2143 268 2172 Et
282 2142 348 2173 haec
362 2143 466 2182 quoad
484 2142 630 2182 singulas
645 2143 743 2182 hujus
761 2142 937 2174 voluminis
955 2146 1071 2181 partes.
1091 2143 1183 2173 Nunc
1211 2150 1310 2180 pauca
1337 2142 1376 2172 de
1396 2141 1546 2173 versione
1574 2150 1655 2178 mea,
1677 2141 1861 2181 additisque

232 2193 328 2230 notis,
353 2196 522 2232 antequam
542 2193 760 2225 Praefationem
777 2194 922 2230 absolvo,
938 2193 1077 2232 adjicere
1095 2192 1196 2223 lubet.

271 2255 389 2284 XLIX.
413 2255 496 2285 Usus
512 2263 583 2286 sum
604 2256 753 2287 liberiore
768 2255 930 2286 versionis
954 2263 1090 2294 genere;
1119 2262 1182 2285 non
1204 2255 1348 2293 quidem,
1378 2259 1414 2286 ut
1433 2263 1502 2286 eam
1530 2255 1698 2285 redderem
1729 2256 1862 2293 elegan-

234 2304 361 2343 tiorem,
381 2305 434 2335 sed
458 2309 490 2335 ut
507 2305 674 2337 clariorem
693 2306 861 2345 magisque
881 2307 1096 2345 perspicuam.
1114 2306 1240 2336 Etenim
1261 2305 1296 2336 in
1322 2314 1358 2336 ea
1384 2314 1512 2344 semper
1532 2305 1691 2335 sententia
1706 2304 1767 2337 fui,
1788 2312 1862 2334 eum

234 2355 317 2386 haud
337 2355 475 2394 perfecte
500 2356 590 2396 fungi
616 2357 800 2396 interpretis
821 2365 967 2391 munere,
995 2356 1052 2395 qui
1088 2361 1232 2387 accurate
1258 2356 1389 2396 quidem
1412 2358 1508 2387 verba
1534 2355 1706 2387 transferre
1733 2356 1859 2394 satagit,

233 2407 372 2440 auctoris
390 2416 465 2437 vero
479 2417 613 2439 sensum
634 2409 808 2439 obscurum
827 2408 994 2447 relinquit.
1014 2409 1116 2447 Hujus
1142 2409 1303 2448 siquidem
1327 2408 1574 2447 explicationem
1592 2407 1799 2448 potissimum
1824 2409 1861 2438 ad

234 2457 438 2497 interpretem
461 2459 635 2496 pertinere,
662 2462 744 2497 patet
775 2460 823 2489 vel
851 2468 890 2490 ex
921 2467 960 2489 co
990 2459 1076 2497 quod
1106 2459 1127 2488 ii
1153 2459 1248 2490 etiam
1272 2459 1327 2497 qui
1354 2459 1533 2498 cujuSpiam
1555 2458 1696 2488 auctoris
1726 2466 1859 2488 sensum

234 2507 358 2541 tametsi
371 2503 410 2538 ’ἶτι
440 2508 550 2539 eadem
581 2508 703 2547 lingua,
728 2509 895 2540 clariorem
925 2509 1074 2545 reddunt,
1104 2509 1229 2540 soleant
1258 2510 1446 2548 interprete:
1476 2509 1643 2548 appellari.
1668 2510 1860 2548 Plerumque

236 2557 335 2598 igitur
363 2558 396 2588 in
431 2558 462 2587 id
497 2559 717 2589 tantummodo
752 2559 904 2595 laboravi,
924 2563 957 2589 ut
973 2567 1104 2589 sensum
1121 2567 1218 2598 quem
1233 2559 1376 2589 auctoris
1395 2559 1491 2589 verba
1506 2558 1698 2598 diligentius
1720 2567 1860 2593 expensa

239 2609 405 2640 continere
422 2609 550 2646 censui,
576 2609 698 2648 phrasi,
727 2610 833 2649 quoad
864 2610 966 2649 potui,
997 2609 1144 2645 clariore,
1172 2608 1344 2648 verbisque
1367 2608 1636 2648 tequivalentibus
1663 2607 1859 2638 exhiberem.

237 2657 348 2689 Sicubi
367 2666 441 2688 vero
456 2659 596 2689 auctoris
620 2667 711 2690 mens
733 2659 839 2690 minus
856 2664 939 2690 certa
957 2658 1188 2698 explorataque
1207 2658 1286 2689 mihi
1311 2659 1379 2689 visa
1407 2661 1466 2696 est,
1483 2661 1550 2689 tum
1574 2658 1718 2697 pressius
1743 2658 1859 2688 hterere

239 2708 347 2739 verbis
363 2708 545 2739 consultius
564 2709 757 2745 existimavi.
785 2716 878 2740 acuto
909 2709 1030 2740 Lectori
1048 2712 1235 2748 potestatem
1261 2712 1294 2740 ut
1314 2709 1451 2740 facerem
1467 2717 1504 2740 ea
1521 2713 1555 2739 ut
1579 2709 1641 2738 sibi
1661 2707 1860 2747 probabilius

241 2758 405 2789 videretur
426 2757 669 2798 interpretandi.
696 2760 729 2789 ιη
756 2758 941 2798 hujusmodi
965 2757 1116 2796 scopulos
1137 2759 1236 2788 semel
1261 2762 1292 2788 et
1323 2758 1439 2789 iterum
1467 2757 1567 2788 incidi
1593 2758 1670 2788 (lum
1703 2761 1859 2788 verterem

242 2808 412 2846 Epistolas,
438 2818 510 2848 quae
539 2808 615 2841 mihi
644 2809 763 2849 ubique
788 2809 1079 2846 dillicilcs,alicubi
1107 2808 1184 2839 visa:
1211 2812 1285 2839 sunt
1317 2808 1410 2840 etiam
1431 2808 1507 2840 satis
1534 2809 1689 2839 obscurae.
1714 2808 1858 2840 Fortasse
