1897 3052
40 165 84 196 47⁸1
552 163 764 193 LAURENTII
781 163 789 192 ξ

932 163 1139 194 PR/EFA'I‘IO.
1606 161 1659 194 ‘78

41 217 292 258 'l'heophylactus
327 216 359 248 in
382 217 438 248 eis
463 217 706 248 conscribendis
734 216 870 248 clariore
892 217 977 256 stylo
1007 226 1084 248 usus
1102 226 1164 248 non
1193 222 1251 255 est,
1269 218 1345 258 quia
1369 219 1406 249 ad
1430 218 1604 250 familiares
1627 222 1658 249 et

41 261 228 301 domesticos
250 270 410 306 scribens,
428 269 548 300 clarius
564 278 637 301 sese
653 270 814 309 explicare
833 270 1043 309 autneglexit
1064 274 1118 301 aut
1141 271 1258 302 noluit.
1285 271 1320 302 In
1349 271 1446 302 variis
1465 272 1542 303 tomi
1563 271 1660 311 hujus

41 323 185 361 aperibus
207 331 226 353 a
253 331 305 354 me
323 323 431 353 Latine
467 323 601 353 redditis
631 323 851 354 diversitatem
881 323 1021 362 aliquam
1052 323 1085 354 in
1125 323 1194 362 ipsa
1210 324 1359 354 versione
1385 322 1520 354 fortasse
1549 324 1660 354 Lector

40 376 181 409 uﬂendet,
208 375 252 406 ita
269 379 301 405 ut
319 377 414 406 modo
439 375 552 414 magis,
570 376 665 406 modo
680 376 788 406 minus
805 375 962 407 elaborata
974 375 1001 406 ei
1020 375 1168 406 videatur
1181 381 1276 415 atque
1293 375 1451 415 expolita;
1465 376 1659 414 quandoque

40 426 124 456 etiam
148 425 266 464 magis,
296 426 493 464 quandoque
528 425 636 456 minus
663 425 894 465 Theophylacti
922 425 1028 456 verbis
1060 425 1198 455 astricta.
1233 424 1330 464 Cujus
1368 424 1564 456 diversitatis
1589 432 1659 454 eam

40 483 155 507 causam
181 484 256 507 esse
274 480 364 513 sctat,
381 477 467 516 quod
487 484 546 516 ego
562 484 624 507 non
648 477 863 511 continenter,
877 476 933 506 sed
954 483 1008 514 per
1034 474 1117 505 varia
1136 474 1289 513 temporis
1309 473 1485 512 intervalla,
1513 474 1660 514 adeoque

40 530 66 556 et
88 525 170 556 varia
193 530 290 557 utens
314 526 461 565 corporis
484 526 679 561 valetudine.
708 527 869 566 variisque
898 527 984 556 curis
1008 528 1081 560 plus
1112 526 1260 556 minusve
1283 525 1457 562 distentus,
1492 524 1658 555 versiones

41 576 218 615 hujusmodi
236 577 452 608 elucubrarim
483 589 490 610 :
520 577 606 608 unde
626 576 768 616 aliquam
797 576 873 616 styli
905 580 1003 616 atque
1032 576 1307 616 interpretationis
1332 575 1552 606 diversitatem
1580 575 1658 605 oriri

41 635 162 657 necesse
181 627 257 658 fuit.
271 616 387 664 Quoad
401 632 491 659 notas
507 629 632 664 attinet,
653 628 780 659 noverit
795 629 919 665 Lector,
937 637 987 660 me
1004 629 1137 660 minime
1154 629 1186 659 id
1208 628 1351 660 muneris
1367 627 1446 658 mihi
1467 627 1657 666 sumpsisse,

41 684 69 708 ut
84 681 166 712 notis
193 681 234 711 de
252 684 340 712 more
357 679 513 720 subjectis
536 679 767 720 Theophylacti
788 688 885 720 opera
902 680 1098 711 illustrarem
1119 692 1126 711 :
1144 689 1250 720 neque
1267 680 1355 710 enim
1371 688 1504 710 necesse
1530 679 1562 709 id
1582 683 1660 715 erat,

41 741 136 769 neque
154 740 213 770 per
228 730 458 770 occupationes
474 739 563 761 meas
585 736 616 761 et
635 730 780 769 cor-poris
800 729 1015 762 valetudinem
1034 735 1185 770 praestare
1199 730 1230 761 id
1259 729 1341 760 mihi
1368 729 1524 760 licuisset.
1550 729 1660 759 Solum

42 782 130 820 io-itur
147 787 242 813 notas
262 782 387 822 aliquas
401 782 555 821 operibus
578 790 596 813 a
615 791 664 813 me
697 781 859 812 translatis
877 781 934 812 hac
953 781 1092 821 illacque
1114 781 1249 821 aspersi,
1276 781 1331 812 ubi
1355 780 1404 811 vel
1434 780 1533 819 major
1553 779 1659 818 aliqua

43 840 148 869 urgrre
165 832 346 863 necessitas
365 832 546 869 videbatur,
564 832 611 863 vel
630 836 812 872 prornptum
833 832 967 863 omnino
983 837 1060 868 erat,
1077 833 1162 871 quod
1180 833 1377 863 adnotarem.
1400 830 1482 862 Illud
1500 834 1660 869 postremo

42 882 104 912 loco
119 883 320 912 monendum
341 886 504 921 superest,
519 891 616 913 sacra)
631 882 803 921 Scriptum
821 885 928 912 textus
946 881 1035 920 juxta
1051 881 1233 911 versionem
1249 879 1415 918 Vulgatam
1432 878 1578 909 attulisse
1596 887 1659 912 me.

41 939 69 963 ut
83 934 319 965 Catholicorum
346 935 403 974 qui
428 934 458 965 ei
472 936 592 965 assueti
624 937 712 969 sunt,
734 934 905 965 commodo
931 932 1106 973 praesertim
1134 931 1344 968 inservirem;
1369 936 1465 970 atque
1491 939 1555 961 non
1581 930 1661 962 Nevi

39 986 196 1022 duntaxat,
227 985 285 1016 sed
311 985 406 1016 etiam
430 985 557 1015 Veteris
580 985 777 1015 Testamenti
807 984 901 1015 verba
932 983 1097 1015 aﬂerendo
1123 994 1130 1014 :
1160 983 1232 1013 licet
1257 981 1527 1021 TheOpbyIactus,
1551 985 1661 1020 utpote

39 1037 157 1065 Graecus
186 1038 310 1070 auctor,
328 1033 433 1074 quoad
466 1033 659 1070 secundant,
683 1037 793 1064 utatur
809 1034 959 1064 versione
985 1038 1047 1064 Τῶν
1075 1033 1172 1063 LXX.
1201 1033 1280 1063 Cum
1305 1040 1380 1062 vero
1399 1031 1541 1070 Vulgata)
1568 1031 1662 1062 verba

39 1088 112 1115 adeo
126 1084 296 1116 diﬂ'errent
314 1093 331 1115 a
347 1084 453 1115 verbis
470 1093 525 1122 per
535 1084 811 1124 TheOphylactum
829 1083 946 1119 allatis,
961 1087 994 1115 ut
1009 1083 1079 1123 ejus
1105 1083 1160 1114 ﬁni
1182 1082 1316 1114 minime
1334 1086 1548 1114 consentanea
1566 1082 1660 1113 vidc-

42 1139 154 1172 rentur,
173 1140 249 1165 tune
263 1135 407 1174 pressius
434 1142 471 1165 ea
488 1138 610 1165 vertere
629 1133 846 1166 necessarium
864 1134 998 1165 omnino
1016 1134 1119 1164 visum
1139 1137 1199 1164 est.

76 1186 107 1215 L.
129 1186 198 1215 Jam
222 1193 311 1223 vero,
339 1184 438 1216 lector
466 1185 598 1224 optime,
628 1184 726 1215 habes
756 1184 914 1220 omnium,
947 1193 1019 1224 quae
1047 1189 1152 1215 tomus
1180 1185 1242 1215 iste
1266 1183 1500 1223 complectitur,
1527 1191 1661 1222 operum

42 1233 218 1273 laborisque
236 1242 252 1265 a
270 1242 320 1264 me
333 1234 365 1264 in
382 1241 420 1265 eo
436 1233 592 1273 insumpti
611 1233 782 1264 rationem.
797 1234 908 1271 Quoad
927 1233 1089 1272 duplicem
1112 1233 1198 1264 enim
1216 1234 1368 1268 Iudicem,
1383 1233 1527 1263 Gnaeum
1544 1239 1658 1269 unum.

41 1285 237 1324 alterumque
252 1285 412 1320 Latinum,
429 1292 512 1324 quos
532 1288 694 1323 postremo
720 1283 791 1314 loco
808 1283 923 1322 adjeci,
949 1283 1028 1314 nihil
1054 1283 1167 1319 habeo,
1191 1283 1278 1322 quod
1295 1282 1410 1316 dicam,
1429 1281 1490 1312 uisi
1508 1289 1557 1311 me
1572 1281 1603 1311 in
1621 1289 1660 1311 eo

42 1341 196 1373 spectasse
213 1336 372 1366 delectum
392 1335 499 1374 potius
515 1343 609 1374 quam
623 1335 759 1372 copiam.
775 1333 861 1364 Nihil
887 1334 982 1364 etiam
997 1336 1036 1364 de
1062 1333 1285 1373 impressionis
1301 1336 1444 1364 accurata
1461 1329 1661 1363 correctione

42 1385 154 1423 dicam;
169 1387 289 1426 quippe
309 1396 382 1426 quae
402 1387 440 1418 ad
463 1395 513 1418 me
530 1394 593 1417 non
616 1388 750 1424 spectat,
765 1385 823 1415 sed
839 1384 877 1416 ad
893 1393 968 1416 eum
989 1385 1045 1425 qui
1061 1385 1238 1424 specimina
1262 1385 1416 1416 correxit.
1434 1385 1546 1416 Solum
1563 1383 1663 1423 igitur

41 1445 120 1467 nunc
145 1440 308 1475 superest,
337 1440 372 1467 ut
396 1440 425 1466 te
450 1436 546 1467 etiam
569 1439 668 1475 atque
699 1436 793 1466 etiam
824 1443 946 1474 rogem,
977 1443 1083 1466 meum
1113 1435 1198 1466 hunc
1232 1435 1492 1475 qualemcunque
1520 1434 1661 1465 laborem

41 1491 70 1516 ut
84 1487 109 1516 si
128 1487 263 1526 probare
281 1487 414 1518 omnino
428 1495 491 1518 non
522 1487 638 1526 possis,
659 1489 808 1516 conatum
827 1485 939 1516 saltem
972 1494 1078 1517 meum
1102 1494 1195 1526 aequo
1211 1491 1366 1526 gratoque
1390 1486 1497 1517 animo
1514 1485 1661 1526 excipere

42 1537 127 1568 velis.

42 1749 216 1790 Nobilibus,
231 1750 397 1790 generosis
415 1747 862 1790 atquemagniﬁcisvirisp.
879 1749 984 1779 Marco
1001 1754 1031 1790 et
1043 1750 1158 1790 Joanni
1176 1751 1337 1790 Fuaoears
1349 1748 1514 1790 fratribus,
1529 1746 1662 1790 Antonii

77 1788 161 1825 ﬁliis,
177 1786 384 1827 Kirchpergte
402 1793 432 1819 et
448 1786 696 1818 Weissenliorni
715 1786 901 1827 baronibus,
918 1791 992 1824 etc.,
1009 1789 1151 1819 dominis
1179 1788 1249 1820 suis
1273 1787 1472 1819 eharissimis
1490 1791 1520 1818 et
1550 1786 1662 1818 amicis

76 1828 221 1864 summis,
244 1825 438 1859 Laurentius
456 1827 632 1864 SIFANUS,
646 1825 882 1862 Prunsfeldius,
897 1826 927 1856 Ι.
944 1827 979 1857 U.
999 1827 1126 1865 Doctor,
1142 1829 1172 1859 S.
1189 1829 1222 1859 P.
1241 1829 1277 1858 Ι).

82 1943 148 1971 Cum
177 1944 278 1971 abhinc
300 1943 458 1975 triennium,
487 1944 538 1971 viri
567 1944 704 1978 generosi,
724 1944 863 1972 Arnoldus
886 1943 1097 1976 Bircomannus,
1121 1944 1329 1981 Agrippinensis
1353 1942 1510 1978 bibliopola,
1527 1943 1578 1970 hoc
1595 1949 1664 1979 opus

43 1992 205 2020 scboliorum
221 1992 249 2019 in
270 1993 336 2020 Acta
352 1993 503 2028 apostolica
520 1991 574 2019 divi
588 1991 680 2023 Lucae,
697 2000 729 2019 ex
746 1993 856 2020 Austria
878 2001 893 2020 a
917 1993 1072 2020 clarissimo
1088 1992 1147 2019 viro
1168 1992 1198 2020 D.
1213 1992 1319 2020 Joanne
1342 1993 1479 2019 Sambuco
1498 1992 1531 2018 ad
1549 2000 1578 2018 se
1595 1993 1664 2019 mis-

43 2045 108 2069 sum,
124 2038 191 2065 mihi
209 2038 380 2066 exhibuisset
395 2046 402 2064 :
418 2037 491 2072 quod
509 2042 568 2064 erat
584 2037 725 2072 exemplar
737 2038 902 2071 obsoletum,
917 2042 944 2066 et
967 2037 1129 2073 compendio
1145 2038 1297 2065 litterarum
1327 2038 1395 2066 adeo
1413 2038 1570 2065 intricatum
1582 2042 1665 2072 atque

42 2086 225 2117 obscuratum,
240 2090 271 2113 ttt
284 2085 318 2113 ab
336 2086 482 2113 admodum
501 2085 594 2120 paucis
608 2085 730 2113 Coloniae
747 2086 798 2120 legi
818 2091 920 2120 posset,
937 2094 1042 2114 meeum
1059 2093 1139 2121 agere.
1155 2086 1248 2119 erepit,
1262 2091 1290 2113 ut
1303 2087 1471 2122 susciperem
1485 2086 1543 2121 ejus
1556 2085 1664 2113 descri-

43 2133 115 2159 bendi
130 2133 263 2161 laborem.
279 2133 356 2160 llaud
374 2133 448 2161 enim
467 2133 610 2168 ignorabat
624 2141 667 2160 me
691 2133 756 2160 olint
774 2134 888 2161 Lutetiae
905 2134 1040 2169 ejusmodi
1058 2134 1249 2162 describendis
1265 2135 1383 2162 vetustis
1398 2135 1538 2162 codicibus
1558 2134 1663 2162 Grzrcis

43 2179 226 2212 exercitatum,
244 2179 316 2207 haud
335 2180 450 2206 multum
463 2180 490 2206 in
505 2179 623 2208 lectione
648 2187 709 2207 esse
729 2180 930 2208 Iaboraturum.
949 2180 1004 2215 Ego
1030 2188 1096 2208 vero
1123 2188 1184 2208 cum
1211 2180 1387 2215 intelligcrcm
1406 2190 1468 2208 cum
1501 2189 1570 2216 opus
1595 2181 1662 2207 illud

43 2224 128 2252 Grzeee
143 2225 225 2252 simul
241 2229 269 2252 et
285 2225 380 2252 Latine
400 2225 543 2260 divulgare
566 2227 592 2252 in
611 2226 704 2253 animo
718 2227 829 2258 habere,
857 2227 1001 2261 cupiebam
1017 2227 1126 2262 quidem
1146 2231 1173 2253 et
1190 2227 1227 2253 illi
1240 2234 1289 2262 pro
1307 2227 1428 2253 amicitia
1446 2235 1548 2254 morem
1566 2234 1664 2262 gerere

43 2274 62 2294 et
79 2271 194 2304 publica:
210 2271 323 2298 utilitati
341 2271 488 2299 consulere
505 2280 513 2305 ;
529 2272 576 2299 sed
592 2271 748 2299 deterrebat
765 2280 807 2299 me
823 2281 884 2299 cum
899 2273 1043 2308 scriptura:
1058 2273 1166 2300 exilitas
1183 2273 1271 2300 oculis
1292 2272 1413 2306 inimica,
1431 2277 1487 2300 tum
1507 2274 1660 2308 exemplum

44 2320 126 2345 minus
141 2319 328 2352 emendatum,
343 2320 494 2354 praesertim
511 2327 572 2347 cum
590 2320 700 2348 deesset
713 2320 787 2347 aliud
810 2321 996 2356 apograpbum
1015 2323 1088 2348 unde
1109 2321 1207 2356 corrigi
1228 2321 1311 2355 hujus
1325 2325 1406 2356 atque
1428 2321 1568 2348 emendari
1595 2321 1660 2349 vitia

43 2370 155 2395 lassent.
174 2365 278 2399 Itaque,
307 2373 464 2401 quanquam
481 2374 562 2401 δἐι-ο,
592 2367 718 2394 concessi
737 2371 827 2394 tamen
852 2367 966 2402 petenti,
985 2373 1011 2394 et
1038 2376 1093 2395 rem
1111 2368 1220 2403 suscepi
1243 2376 1249 2397 :
1267 2372 1292 2395 et
1309 2375 1370 2395 curn
1396 2367 1511 2394 vitanda:
1528 2368 1662 2401 pestifer-tr

41 2412 204 2447 raritagionis
219 2419 302 2439 causa
316 2420 358 2439 me
372 2413 399 2439 iu
415 2413 530 2447 patriam
544 2420 577 2440 ex
599 2413 668 2440 urbe
683 2413 860 2447 recepissem,
876 2412 948 2448 apud
964 2412 1095 2440 Jacobum
1111 2413 1279 2441 Panhusium
1293 2413 1417 2440 abbatem
1435 2413 1552 2440 rmnobii
1572 2413 1662 2440 Stein-

41 2456 123 2488 veldii,
140 2457 231 2483 virum
249 2462 277 2484 et
301 2456 411 2489 litteris,
428 2461 455 2484 et
474 2458 586 2492 pietate,
615 2462 643 2484 et
667 2458 810 2492 prudentia
834 2458 1052 2491 ornatissimum,
1069 2459 1121 2486 hoc
1135 2467 1204 2494 opus
1219 2459 1289 2487 haud
1307 2459 1367 2487 sine
1387 2459 1507 2486 maximo
1520 2459 1612 2486 labore
1629 2466 1661 2485 ac

42 2503 141 2532 laesione
159 2504 302 2532 oculorum
316 2505 449 2540 descripsi
465 2514 473 2535 :
493 2506 566 2540 quod
585 2506 631 2533 ubi
653 2505 849 2540 transcriptum
868 2506 1050 2533 Bircomanno
1066 2506 1177 2533 tradidi.
1194 2507 1240 2534 Ille
1253 2514 1333 2541 porro
1349 2513 1454 2533 meeum
1469 2513 1548 2540 agere
1567 2505 1662 2541 erepit,

41 2555 65 2576 ut
80 2552 150 2585 quod
164 2552 373 2586 descripserant,
390 2552 471 2579 etiam
487 2558 676 2581 converterem
694 2554 720 2580 in
734 2561 886 2581 sermonem
902 2553 1041 2580 Latinum.
1055 2554 1110 2588 Ego
1126 2561 1190 2580 vero
1205 2554 1296 2589 (quod
1315 2554 1386 2582 haud
1405 2553 1560 2589 ignorabam
1577 2561 1662 2587 quart-

42 2602 124 2630 Inpere
141 2597 206 2624 mihi
220 2598 391 2625 :estuandutn
410 2603 494 2633 atque
507 2599 660 2626 sudandum
677 2605 747 2627 esset
763 2600 790 2626 in
806 2607 900 2634 opere,
919 2600 999 2634 cujus
1013 2607 1097 2626 unum
1115 2599 1248 2626 duntaxat
1262 2604 1383 2627 exstaret
1397 2599 1560 2634 exemplum,
1579 2598 1661 2633 idque

43 2644 125 2671 multis
142 2644 170 2670 in
187 2644 255 2671 locis
272 2644 401 2670 mutilum
417 2649 499 2678 atque
513 2644 715 2680 depravatum),
731 2646 929 2680 aliquantisper
948 2651 1103 2680 Cunctatus,
1122 2646 1229 2674 tandem
1250 2646 1390 2678 Ecclesiae,
1403 2646 1429 2673 in
1448 2651 1500 2672 tam
1519 2645 1577 2672 utili
1591 2653 1662 2680 prte-

42 2692 125 2718 scrtim
153 2699 184 2719 ac
206 2693 252 2726 pio
268 2699 362 2726 opere,
385 2692 514 2727 juvandae
534 2693 637 2726 studio,
658 2698 739 2728 atque
761 2695 842 2721 etiam
861 2694 993 2721 tolerabili
1015 2702 1029 2721 a
1050 2693 1234 2721 Bircomanno
1247 2693 1386 2728 proposita
1413 2694 1580 2726 conditione,
1602 2701 1658 2721 rem

42 2743 177 2770 aggressus
195 2745 257 2764 sum
276 2747 283 2764 :
300 2745 332 2765 ac
357 2738 402 2764 vix
431 2738 540 2765 tandem
556 2738 671 2766 absolvi.
690 2738 757 2766 Nam
774 2747 973 2775 saepenumero,
996 2739 1060 2767 dum
1082 2739 1108 2767 in
1124 2740 1183 2767 lora
1201 2739 1295 2766 mutila
1310 2742 1391 2773 atque
1407 2746 1533 2775 corrupta
1556 2739 1658 2767 incide-

42 2781 200 2814 1ηιιι,ι;ι;άίο
224 2783 325 2811 laboris
351 2784 509 2819 frequenter
534 2785 615 2818 irriti,
631 2793 663 2814 ac
684 2787 882 2822 propemodum
908 2787 1099 2822 desperatione
1116 2787 1154 2814 rei
1181 2786 1297 2814 feliciter
1320 2786 1493 2813 absolvenda‘
1510 2786 1592 2822 (cum
1609 2794 1658 2814 nec

42 2834 138 2864 semper
153 2829 242 2857 οιίιιω
258 2830 353 2865 esset),
369 2831 404 2859 ab
417 2839 499 2866 opere
513 2833 632 2865 cessavi,
644 2833 715 2868 quod
733 2834 894 2869 plerumque
909 2833 991 2861 etiam
1009 2833 1098 2861 facere
1113 2833 1198 2866 soleo,
1210 2833 1255 2861 ubi
1274 2833 1338 2860 mihi
1357 2833 1413 2867 ipse
1426 2840 1480 2859 non
1500 2833 1655 2861 satisfaeio:

43 2883 83 2905 nec
95 2877 166 2906 enim
180 2878 248 2906 milti
266 2880 430 2915 persuadere
445 2887 569 2916 possunt,
592 2881 625 2909 ab
641 2881 701 2910 aliis
714 2881 858 2917 probatura
874 2881 918 2915 iri,
934 2881 1005 2917 quod
1023 2881 1200 2917 mihimetipsi-
1210 2881 1359 2917 displiceat.
1377 2880 1468 2915 Itaque
1480 2888 1540 2908 eum
1557 2888 1653 2916 perpe-
