1897 3052
172 143 225 175 4⁵79
691 141 901 173 LAURENTII

1083 141 1280 172 .‘REFATIO.
1755 138 1832 173 480

172 205 247 227 tuum
264 198 292 226 in
309 198 495 226 convertenda
516 206 618 226 morem
633 206 743 227 servare
754 200 840 231 soleo,
851 204 942 226 utnon
958 203 1020 226 ante
1035 206 1144 234 pergam
1160 207 1241 234 opere
1253 200 1387 232 instituto,
1403 207 1483 235 quant
1498 200 1596 234 prioris
1613 200 1665 228 dici
1688 199 1833 227 labores

174 252 369 280 recognovero,
387 250 414 273 et
430 253 517 281 usque
531 253 563 273 eo
580 253 735 280 correxero,
749 251 778 273 ut
795 246 886 273 animo
903 253 963 273 meo
978 246 1069 280 aliquo
1084 246 1165 273 modo
1182 247 1307 274 satisﬁat.
1329 246 1366 274 Ac
1382 254 1536 281 quanquam
1551 245 1615 273 mihi
1629 254 1682 273 non
1697 245 1833 279 ubique

172 291 291 319 satisfeci
327 293 384 326 (qui
405 292 476 318 enim
493 292 642 327 potuissem
658 292 684 319 in
703 293 736 321 iis
754 293 834 325 locis,
848 292 893 319 ubi
910 297 1039 327 corrupto
1054 294 1162 327 penitus
1176 300 1208 320 ac
1222 293 1346 320 mutilata
1361 292 1517 327 apograplto
1528 292 1704 326 conjecturas
1721 287 1831 323 sequi

175 346 287 366 necesse
303 339 385 366 habui
398 339 432 374 ἲ),
449 338 532 365 malui
549 343 639 366 tamen
657 347 686 367 re
699 344 826 375 suscepta
843 339 921 366 fidem
935 346 1024 366 meam
1041 340 1169 372 liberare,
1184 347 1235 367 nec
1246 340 1386 366 hominum
1400 339 1634 374 exspectationem
1650 335 1813 366 frustrari
1824 363 1831 369 _

175 388 203 411 et
222 385 324 419 aliquid
341 386 432 420 potius
444 385 471 411 in
491 389 569 418 parte
583 385 686 419 operis,
700 385 772 420 quod
790 385 936 420 aliquando
952 385 1098 417 sarciatur,
1126 385 1218 412 minus
1232 384 1353 419 probari.
1367 391 1448 419 quam
1466 387 1552 411 totum
1567 391 1636 418 opus
1655 383 1703 410 diu
1725 380 1833 410 desi-

177 431 280 458 derari.
297 431 408 458 Habetis
429 431 509 459 simul
528 431 673 458 consilium
690 439 779 458 rneum
794 431 821 457 in
838 430 1012 465 suscipienda
1026 438 1065 463 re,
1083 435 1107 458 et
1127 438 1156 458 re
1171 434 1310 464 suscepta,
1325 437 1438 457 causam
1453 437 1501 457 cur
1516 435 1571 457 tam
1589 437 1651 457 sero
1664 436 1736 463 opus
1762 426 1836 453 21)-

175 478 295 506 solutum
323 481 404 511 atquc
421 477 572 512 perfectum
594 476 707 511 prodeat
735 476 763 503 in
790 478 888 503 lucem.
913 476 980 503 Cum
997 476 1081 511 igitur
1098 476 1173 511 operi
1187 476 1243 511 jam
1261 475 1457 510 propemodum
1474 475 1538 503 ﬁnis
1552 475 1699 510 impositus
1716 475 1833 504 esset,

178 528 259 557 atque
275 529 324 556 ego
342 529 446 548 tnecum
459 521 638 548 deliberarem
651 526 733 556 atque
745 521 930 548 consultarent
947 529 1027 556 quem
1046 521 1087 548 his
1108 521 1249 548 laboribus
1265 521 1333 548 meis
1347 521 1523 556 potissimum
1544 521 1700 556 deligeren-
1709 524 1834 553 patre-

176 576 252 598 num,
271 566 367 593 muricis
382 566 443 592 aliis
463 566 654 600 alios,cosque
667 565 852 600 amplissimos
862 565 972 600 quidem
988 566 1072 598 viros,
1087 566 1133 594 sed
1149 566 1312 600 quibuscum
1329 566 1395 593 mihi
1407 566 1479 592 nulla
1491 565 1685 600 propemodum
1704 563 1831 591 notitia

177 614 371 645 intercederet,
404 614 642 649 propellentibus:
672 621 722 648 ego
749 621 810 640 cum
842 614 963 647 ineptum
985 617 1012 641 et
1027 614 1212 648 importunum
1230 620 1291 640 esse
1312 613 1480 648 judicabam,
1498 620 1658 647 magnorum
1677 613 1831 639 virorum

175 669 326 696 eorumque
340 661 506 695 ignotorum,
519 664 546 688 et
560 660 593 688 ad
610 668 679 695 quos
695 660 798 687 nullum
820 660 882 695 quis
895 660 998 687 aditum
1017 660 1123 692 habeat,
1143 660 1278 687 amicitias
1295 663 1432 695 appetere,
1448 667 1480 687 ac
1496 667 1556 687 sese
1574 667 1629 686 non
1647 659 1731 686 modo
1746 665 1834 685 ser—

176 707 275 738 viliter,
291 713 383 732 verum
403 706 485 733 etiam
504 706 676 740 impudenter
690 707 833 733 insinuare
850 715 857 732 :
871 710 927 733 tum
944 714 1012 733 mea:
1029 711 1133 732 natura:
1149 710 1232 741 atque
1256 706 1364 741 ingenio
1380 705 1505 732 videbam
1525 713 1581 732 rem
1605 713 1666 733 esse
1683 705 1834 733 maxime

177 755 321 782 adversam
335 759 362 782 ct
377 755 528 783 inimicam.
542 755 632 791 Atque
650 755 722 783 haud
739 756 898 791 ignorabam
910 763 967 788 eos,
986 756 1086 790 quibus
1107 756 1208 791 ignotis
1227 755 1359 790 ejusmodi
1376 755 1464 782 Itonos
1481 755 1609 787 habetur,
1626 761 1680 780 non
1697 754 1833 787 absque

178 811 261 831 causa
274 803 409 838 suspicari
425 803 514 831 solere
530 811 608 831 suam
621 804 655 831 ab
670 803 830 831 hominibus
843 803 1009 838 importunis
1025 803 1240 831 munificentiam
1258 808 1340 838 atque
1354 803 1542 830 liberalitatem
1566 801 1709 829 sollicitari
1729 809 1736 828 :
1762 799 1832 827 sed

178 849 200 875 si
216 851 278 884 quis
296 850 428 877 beneﬁcio
443 849 557 877 affectus
570 849 653 876 animi
674 850 718 877 sui
735 850 929 884 gratitudinem
944 850 1086 878 declarare
1098 849 1215 882 studeat,
1225 857 1288 877 eum
1308 857 1362 877 non
1380 849 1461 876 modo
1478 857 1533 876 nott
1547 848 1696 880 oil'endere,
1709 853 1828 874 verum

178 895 260 922 etiam
275 895 394 929 laudent,
408 895 431 923 si
441 895 510 922 nihil
522 895 594 922 aliud
612 895 743 930 proﬁciat,
757 896 791 923 ab
809 895 966 923 hominibus
979 895 1050 922 ferre
1064 896 1163 923 solere.
1178 894 1244 928 Quae
1258 903 1319 922 cum
1334 895 1426 922 anitno
1436 895 1578 929 agitarem,
1596 899 1678 929 atque
1695 892 1831 928 perple-

179 949 231 969 xus
249 942 377 970 haererem
393 942 437 969 cui
454 942 504 970 bos
521 950 597 970 meos
624 942 733 970 labores
748 942 851 977 absque
863 943 1016 971 offensione
1044 948 1127 978 atque
1150 943 1350 970 obtrectatione
1365 943 1525 977 cujusquam
1553 942 1710 970 dedicarem
1737 941 1824 976 (nan

179 987 252 1013 enim
270 987 416 1014 convenire
430 994 479 1015 nec
492 988 620 1023 expedire
634 987 787 1020 videbatur,
797 988 897 1015 librum
909 988 1014 1024 absque
1029 993 1144 1023 patrono
1154 993 1235 1023 atque
1247 988 1392 1016 defensore
1403 988 1533 1023 judicium
1544 988 1683 1016 hominum
1697 987 1826 1015 subire.

181 1035 333 1069 prtesertim
349 1035 429 1070 cujus
448 1040 545 1063 auctor
559 1036 642 1062 etiam
658 1043 732 1063 nunc
746 1040 902 1071 superesset
917 1045 924 1063 :
949 1038 1050 1072 quippe
1064 1044 1125 1064 cum
1153 1037 1206 1063 vivi
1234 1037 1321 1071 magis
1345 1044 1425 1071 quam
1450 1037 1549 1063 mortui
1566 1036 1675 1063 invidia:
1691 1035 1824 1063 obnoxii

180 1082 266 1108 simus
279 1086 306 1108 et
319 1082 538 1110 obtrectantibus
551 1083 721 1118 opportuni)l
741 1090 788 1110 vos
803 1082 868 1109 mihi
882 1083 909 1110 in
925 1084 1032 1118 primis,
1047 1088 1075 1111 ut
1089 1091 1138 1119 par
1152 1088 1206 1115 est,
1221 1084 1248 1110 in
1263 1089 1383 1111 mentem
1395 1083 1520 1115 venistis,
1539 1083 1637 1117 quibus
1653 1089 1708 1109 non
1726 1083 1826 1110 modo

181 1131 293 1163 propter
307 1134 410 1160 vetera,
424 1136 518 1155 verum
535 1129 618 1156 etiam
637 1129 672 1156 ob
688 1130 807 1156 recentia
826 1130 934 1161 merita,
960 1131 1018 1158 imo
1040 1138 1106 1158 vero
1123 1134 1235 1165 propter
1252 1135 1411 1165 perpetuam
1434 1136 1497 1164 erga
1522 1137 1564 1156 me
1592 1129 1821 1156 beneﬁcentiam

181 1179 261 1208 atque
276 1174 473 1206 liberalitatem,
490 1175 611 1201 omnium
626 1174 704 1209 longe
719 1175 867 1210 plurimum
889 1174 1027 1202 deberem.
1043 1175 1101 1202 Non
1127 1183 1170 1203 me
1192 1175 1323 1210 praeterit,
1354 1174 1471 1202 auribus
1500 1174 1597 1202 vestris
1621 1174 1759 1209 ingratam
1789 1177 1822 1199 et

181 1219 358 1254 injucundam
378 1227 440 1247 esse
469 1220 643 1247 immodicam
663 1228 694 1248 ac
709 1221 819 1248 nimiam
840 1221 1012 1249 liberalitatis
1026 1225 1123 1248 vestra:
1153 1221 1372 1256 praedicationem
1393 1229 1400 1247 ε
1421 1227 1515 1247 verum
1531 1220 1602 1251 date,
1616 1227 1719 1254 quaso,
1737 1219 1822 1245 hanc

181 1266 290 1293 veniant
306 1265 383 1298 mihi,
399 1266 444 1293 cui
461 1266 529 1293 nihil
547 1274 665 1301 unquam
681 1268 782 1302 petenti
797 1267 964 1302 denegastis,
979 1267 1026 1294 sed
1047 1267 1164 1301 plurima
1187 1274 1240 1294 non
1257 1267 1359 1302 petenti
1375 1267 1520 1298 tribuistis,
1535 1270 1565 1292 ut
1578 1265 1737 1293 summatim
1753 1265 1818 1292 εει·

182 1315 237 1339 tem
250 1311 276 1338 in
297 1319 339 1339 me
351 1313 450 1339 collata
469 1313 601 1340 beneﬁcia
618 1319 707 1341 vestra
723 1322 892 1350 percurram.
908 1314 975 1342 Nam
999 1315 1084 1349 patris
1103 1315 1197 1346 vestri,
1221 1315 1381 1348 amplissimi
1399 1318 1480 1349 atque
1494 1313 1589 1348 optimi
1620 1313 1682 1344 viri,
1709 1314 1737 1339 in
1769 1320 1823 1338 me

183 1364 291 1384 summa
304 1358 403 1384 collata
421 1359 564 1390 beneﬁcia.
584 1360 637 1386 alio
657 1360 716 1386 levo
733 1360 840 1387 abunde
857 1360 925 1388 satis
940 1361 1162 1393 commemoravi,
1182 1367 1237 1395 quo
1253 1361 1306 1387 vita
1324 1359 1463 1391 defuncto,
1481 1367 1530 1386 vos
1544 1366 1599 1386 non
1615 1358 1696 1384 modo
1719 1357 1823 1384 facul-

183 1409 269 1431 tatum
281 1409 308 1432 et
323 1413 405 1440 opum
420 1405 492 1434 illius
507 1406 629 1433 ineredes
646 1407 801 1439 exstitistis,
817 1415 910 1434 verum
927 1407 1007 1434 etiam
1024 1407 1156 1434 virtutum
1181 1412 1208 1434 et
1231 1407 1402 1434 liberalitatis
1426 1406 1452 1433 in
1472 1406 1568 1441 primis
1587 1405 1742 1432 imitatores
1760 1404 1823 1430 fui-

184 1450 235 1477 stis
253 1459 261 1478 :
278 1459 337 1485 qua:
349 1455 424 1478 tanta
440 1453 544 1479 exstitit
566 1461 630 1488 erga
651 1461 704 1484 me.
728 1458 756 1480 ut
777 1454 850 1481 illius
869 1455 969 1480 mortui
989 1453 1180 1481 liberalitatem
1204 1459 1286 1488 atque
1311 1453 1524 1480 munilicentiam
1547 1452 1619 1479 haud
1643 1458 1823 1486 magnopere

184 1498 376 1525 desiderarim.
393 1499 472 1533 Nam,
488 1502 669 1535 utsuperiora
690 1506 859 1535 przeteream,
879 1509 939 1535 quae
964 1501 1118 1536 frequentia
1143 1507 1224 1535 atque
1247 1501 1367 1536 ingentia
1392 1500 1511 1533 fuerunt,
1535 1499 1652 1535 primum
1675 1505 1724 1524 vos
1747 1501 1821 1523 ante

185 1543 338 1577 biennium,
362 1553 422 1572 cum
451 1546 477 1573 in
502 1547 553 1574 hoc
574 1554 656 1582 opere
682 1556 814 1580 versarer,
840 1549 906 1575 nihil
921 1548 974 1575 tale
990 1557 1045 1575 non
1062 1548 1142 1575 modo
1162 1549 1271 1582 petenti,
1290 1555 1382 1575 verum
1398 1548 1480 1574 etiam
1500 1555 1533 1574 ne
1547 1545 1676 1581 cogitanti
1697 1544 1819 1578 quidem

186 1589 284 1616 bonam
303 1590 424 1623 pecunia:
451 1599 585 1618 summam
609 1593 673 1619 mihi
702 1593 871 1627 suppeditari
897 1601 929 1620 ac
956 1593 1162 1620 subministrari
1193 1593 1310 1619 curastis
1329 1601 1336 1620 :
1356 1592 1463 1624 deinde,
1480 1589 1818 1624 eumjamliberalilatettu

185 1638 304 1661 vestram
317 1635 399 1663 citius
416 1635 555 1670 fatigatam
567 1644 628 1664 esse
640 1638 796 1671 suspicatus
819 1637 942 1670 fuissem,
959 1645 1040 1672 quam
1073 1638 1176 1672 aliquid
1201 1637 1335 1672 ejusmodi
1352 1644 1474 1672 sperare,
1495 1636 1593 1663 nedum
1609 1640 1711 1669 petere,
1725 1641 1820 1661 ausus

185 1689 286 1713 essent,
303 1686 366 1708 ante
383 1689 487 1716 paucos
499 1689 608 1710 menses
619 1684 772 1718 prateritos
784 1692 862 1718 aeque
877 1691 974 1718 magna
988 1688 1069 1718 atque
1085 1684 1195 1710 biennio
1213 1688 1277 1710 ante
1290 1692 1333 1711 me
1346 1691 1450 1711 summa
1465 1681 1733 1722 pecuniie‘donastis.
1750 1681 1818 1713 Quo

186 1727 319 1754 beneﬁcio
342 1732 465 1761 tempore
494 1730 756 1764 opportunissimoa
772 1731 850 1758 vobis
865 1735 988 1766 accepto,
1007 1738 1068 1757 cum
1086 1730 1212 1756 videlicet
1239 1730 1417 1757 deliberarem
1446 1737 1526 1764 quem
1556 1728 1728 1763 potissimum
1748 1729 1818 1755 huic

185 1772 276 1806 partui
292 1780 353 1800 meo
373 1777 489 1802 tutorem
506 1782 537 1802 ac
557 1775 728 1803 defensorem
749 1784 886 1812 pararem,
907 1777 998 1804 omnis
1024 1777 1158 1804 dubitatio
1181 1777 1374 1811 cunctatioquc
1392 1776 1457 1802 mihi
1475 1774 1670 1810 propemodum
1684 1779 1814 1809 exempta

185 1823 228 1844 est
246 1826 253 1844 :
270 1826 332 1845 nam
349 1819 469 1846 restabat
485 1821 567 1848 etiam
582 1829 656 1849 nunc
674 1823 820 1858 scrupulus
838 1830 919 1850 unus.
941 1822 1073 1855 Quoniam
1089 1822 1170 1849 etiam
1188 1822 1318 1854 sciebam,
1336 1829 1390 1856 qtto
1407 1822 1497 1848 minus
1512 1820 1650 1855 appetitis,
1669 1827 1701 1847 eo
1717 1820 1818 1854 plures

186 1863 262 1891 vobis
269 1864 386 1892 honores
395 1866 505 1899 deferri,
514 1874 545 1907 ac
555 1868 654 1896 multos
666 1868 790 1896 homines
797 1869 890 1896 doctos
897 1870 974 1896 vobis
983 1876 1048 1897 suos
1058 1868 1163 1896 labores
1176 1873 1257 1902 atque
1269 1868 1471 1895 lucubrationes
1484 1867 1634 1900 dedicasse,
1643 1867 1816 1894 subvereha-r

188 1917 223 1936 ne
242 1911 348 1938 animos
364 1915 469 1940 vestros
486 1913 586 1941 talibus
598 1914 685 1948 epulis
701 1915 815 1942 satiatos
830 1920 911 1950 atque
928 1915 1046 1949 repletos
1058 1914 1247 1948 intempestiva
1259 1914 1443 1941 benevolentia
1455 1913 1619 1941 oﬁ‘enderem
1633 1913 1714 1940 citius
1728 1920 1814 1947 quam

187 1954 240 1981 hoe
254 1962 354 1989 genere
367 1956 446 1983 oﬁicii
463 1958 578 1991 gratiam
594 1966 609 1984 a
628 1959 705 1986 vobis
721 1959 832 1986 inirem.
844 1959 898 1987 Sed
916 1964 1006 1987 tamen
1026 1967 1088 1987 cum
1101 1959 1168 1986 liber
1177 1959 1280 1993 absque
1294 1965 1411 1994 patrono
1424 1959 1535 1986 omnino
1552 1966 1605 1986 non
1619 1958 1813 1993 divulgandus,

191 2008 242 2027 nec
257 2001 397 2028 hominum
410 2001 516 2036 judicio
531 2003 703 2038 objiciendus
716 2012 779 2032 esse
796 2005 943 2038 videretur,
957 2009 983 2033 et
999 2013 1053 2032 non
1066 2005 1134 2032 satis
1147 2004 1190 2034 pie
1209 2011 1259 2031 nec
1275 2009 1349 2032 recte
1363 2012 1405 2032 me
1420 2004 1555 2031 facturum
1574 2011 1635 2031 esse
1645 2004 1814 2037 judicaretl,

193 2047 216 2073 si
231 2047 308 2074 vobis
326 2048 471 2081 prateritis
488 2050 556 2076 alios
571 2050 636 2076 mihi
651 2054 780 2085 patronos
793 2059 944 2085 qmrrerctn
958 2053 1023 2086 (non
1040 2053 1113 2079 enim
1129 2057 1290 2079 caeterorum
1307 2050 1445 2077 hominum
1461 2049 1554 2077 eadem
1573 2057 1634 2083 quae
1645 2054 1734 2076 vestra
1749 2055 1815 2076 sunt

199 2094 296 2127 mlit‘ia)
308 2094 390 2121 malui
400 2095 425 2122 iu
439 2095 507 2122 hattc
521 2100 622 2130 partem
632 2105 752 2131 peccare,
763 2105 843 2132 quam
851 2099 977 2132 cuiquam
988 2098 1076 2124 minus
1086 2099 1209 2133 prudenti
1219 2105 1270 2126 non
1286 2098 1352 2125 satis
1363 2102 1457 2132 gratus
1473 2095 1569 2123 videri.
1581 2095 1639 2123 Non
1653 2096 1723 2122 enim
1735 2096 1814 2122 video

189 2147 238 2166 nec
259 2148 367 2175 sperare
380 2149 487 2175 possunt
507 2141 565 2169 fore
579 2142 726 2177 aliquando
739 2147 855 2178 tempus,
874 2151 928 2178 quo
940 2144 993 2170 alio
1005 2144 1084 2171 ollicii
1104 2152 1203 2178 genere
1217 2147 1298 2178 atque
1314 2143 1376 2174 hoc,
1391 2146 1480 2170 vestra
1497 2142 1627 2169 bene-licia
1645 2143 1812 2169 remunerari

189 2186 303 2220 possint,
336 2187 437 2221 quippe
457 2195 518 2214 cum
541 2189 607 2215 nihil
627 2189 692 2215 mihi
721 2193 846 2224 suppetat
876 2194 974 2223 printer
1000 2190 1179 2217 voluntatem.
1208 2188 1266 2216 lluc
1287 2189 1392 2216 accedit
1411 2189 1483 2223 qttod
1503 2187 1628 2214 videbam
1646 2187 1717 2214 baud
1733 2187 1813 2214 facile

189 2231 259 2258 alios
283 2239 317 2258 ex
347 2240 462 2259 numero
479 2235 628 2260 amicorum
651 2240 748 2268 pra-ter
766 2242 813 2261 vos
833 2243 874 2261 me
892 2236 1012 2270 reperire
1033 2243 1124 2270 posse,
1148 2235 1193 2269 qui
1212 2242 1272 2261 cum
1293 2238 1402 2269 propter
1415 2234 1556 2268 utriusque
1573 2234 1669 2268 lingua:
1685 2233 1811 2268 peritiam

191 2279 261 2307 haud
281 2281 417 2316 vulgarem
434 2282 536 2316 optime
562 2282 596 2309 de
621 2282 777 2315 hujusmodi
807 2283 915 2318 scriptis
941 2283 1067 2317 judicare
1083 2286 1203 2316 possent,
1231 2286 1287 2309 tum
1313 2281 1430 2309 candide
1443 2286 1524 2316 atque
1543 2279 1812 2314 sincerejudicaturi

192 2330 293 2353 essent.
309 2327 492 2360 Quamobrem
507 2337 521 2356 a
536 2329 612 2356 vobis
630 2337 678 2364 pro
696 2334 784 2356 vestra
804 2329 830 2356 in
852 2337 893 2356 me
909 2334 1038 2363 perpetua
1052 2335 1084 2354 ac
1101 2328 1217 2355 maxima
1230 2327 1416 2355 benevolentia
1432 2327 1562 2361 majorem
1581 2326 1608 2352 in
1628 2326 1738 2352 modum
1752 2329 1813 2359 peto

191 2380 347 2408 quazsoque,
364 2379 391 2401 ut
404 2374 476 2402 hunc
494 2382 604 2409 parvum
618 2379 644 2402 et
658 2375 785 2408 exiguum
804 2379 921 2409 partum,
936 2381 1016 2408 quem
1030 2373 1107 2400 vobis
1124 2373 1150 2400 in
1167 2374 1319 2400 clientelam
1335 2377 1362 2400 et
1379 2372 1458 2400 ﬁdem
1474 2371 1646 2403 commendo,
1662 2371 1695 2398 ab
1715 2371 1814 2400 invidis

191 2419 265 2446 omni
286 2427 337 2454 ope
351 2420 432 2453 tueri.
447 2428 462 2447 a
477 2421 722 2448 calunmiatoribus
737 2425 762 2447 et
776 2419 1008 2448 obtrectatoribus
1027 2419 1155 2446 omnibus
1173 2420 1276 2446 viribus
1292 2418 1439 2446 defendere
1456 2418 1545 2445 velitis
1565 2426 1572 2444 :
1590 2417 1638 2452 qui
1655 2417 1676 2444 si
1699 2424 1714 2444 a
1737 2417 1814 2443 vobis

191 2466 289 2502 dignus
316 2465 452 2500 judicatus
480 2466 560 2493 fuerit
584 2473 663 2500 quem
688 2465 899 2500 amplectamim’,
925 2471 1005 2499 quem
1037 2465 1063 2491 in
1087 2464 1216 2491 familiam
1247 2469 1362 2492 vestram
1399 2463 1539 2498 recipiatis
1553 2467 1635 2497 atque
1649 2462 1774 2494 foveatis,
1791 2463 1812 2488 si

195 2514 354 2542 hominibus
374 2515 426 2548 piis
442 2519 466 2540 et
479 2513 612 2541 studiosis
627 2513 775 2548 aliquando
792 2513 868 2539 utilis
888 2511 980 2543 fuerit,
998 2512 1066 2539 nihil
1084 2512 1151 2539 mihi
1176 2513 1238 2539 istic
1262 2511 1416 2543 vindicabo,
1445 2511 1473 2537 in
1491 2517 1540 2538 vos
1559 2517 1655 2538 omnes
1669 2516 1759 2536 meum
1769 2509 1814 2543 jus

193 2560 340 2590 transfero,
354 2566 470 2593 quormu
487 2559 587 2594 opibus
602 2560 713 2594 adjutus
729 2564 755 2585 et
769 2562 950 2591 sustentatus,
970 2557 1042 2585 hunc
1059 2557 1151 2586 fectum
1169 2557 1284 2591 produxi
1311 2566 1318 2583 :
1347 2557 1394 2591 qui
1410 2556 1498 2584 sicubi
1515 2555 1666 2584 deformior
1689 2555 1815 2582 minusve

193 2606 329 2641 perfectus
346 2609 373 2631 et
400 2605 425 2631 in
448 2605 536 2639 aliqua
556 2610 631 2639 parte
649 2605 690 2632 sui
711 2603 821 2634 nnuilus
836 2610 868 2630 ac
882 2602 1046 2638 depravatus
1063 2603 1230 2638 apparuerit,
1253 2602 1304 2630 hoc
1321 2602 1418 2637 partim
1434 2602 1510 2628 vitiis
1521 2601 1616 2628 matris
1627 2601 1737 2632 Graecae,
1753 2607 1814 2634 qua:

194 2653 260 2680 Inibi
274 2652 346 2680 haud
362 2653 518 2688 incorrupta
529 2653 673 2680 conciliata
690 2655 740 2682 est,
755 2650 928 2677 attribuitote
947 2659 953 2676 :
971 2651 1070 2685 partim
1088 2658 1153 2677 meae
1167 2649 1336 2677 inbecillitati
1350 2649 1528 2684 assignatoteI
1547 2656 1562 2676 a
1587 2655 1652 2682 quo,
1669 2651 1814 2680 superante

195 2699 266 2726 malo
281 2699 352 2726 vires
371 2703 398 2725 et
414 2699 552 2734 ingenium
569 2698 694 2728 artificis,
711 2696 802 2723 omnia
832 2695 932 2731 corrigi
959 2700 986 2723 et
1014 2695 1154 2723 emendari
1175 2703 1227 2722 non
1256 2699 1413 2730 potuerunt.
1433 2694 1499 2721 Nam
1516 2694 1537 2722 si
1554 2694 1615 2728 quis
1644 2693 1763 2727 iniquior
1787 2699 1814 2719 et

196 2744 344 2777 malignior
359 2743 443 2777 judex
465 2746 533 2775 lucc,
548 2751 607 2777 qure
626 2742 659 2770 de
677 2742 771 2769 matris
788 2741 886 2768 Graeca:
906 2741 977 2768 vitiis
992 2741 1063 2772 dico,
1084 2741 1173 2768 minus
1193 2741 1300 2768 sincera
1316 2746 1397 2775 atque
1412 2740 1516 2774 integra
1532 2739 1584 2767 ﬁde
1604 2746 1618 2765 a
1642 2746 1684 2765 tlte
1698 2737 1811 2773 proferri

197 2792 391 2826 suspicabitur.
407 2791 553 2825 producam
580 2799 674 2818 eorum
689 2798 748 2826 quae
765 2790 826 2816 dico
845 2789 1090 2824 locupletissimum
1111 2792 1217 2820 testem,
1248 2788 1431 2814 clarissimum
1458 2786 1702 2819 doetissimumque
1727 2784 1812 2810 virum

197 2838 227 2865 ι),
245 2837 376 2864 Joannem
395 2837 559 2865 Samhucum
578 2838 744 2865 Pannonium
763 2847 766 2862 :
801 2837 827 2864 in
843 2836 900 2870 ejus
915 2835 986 2863 enim
1011 2837 1145 2869 potestate
1161 2834 1255 2862 malr's
1279 2834 1357 2862 istius
1375 2837 1499 2868 parentes
1519 2836 1590 2864 sunt,
1610 2835 1635 2859 ct
1650 2830 1810 2862 clarissima,
