1897 3052
50 132 93 165 481
566 129 775 160 LAURENTII
791 127 917 158 SIFANI
933 129 1139 160 PIl/EFATIO.
1609 133 1662 165 482

52 186 200 222 gravissima
217 186 429 222 flrmissimaque
440 190 548 213 exstant
565 192 671 216 eorum,
685 190 745 218 qua:
760 182 832 214 dico,
856 183 933 217 signa
950 187 1030 217 atque
1054 183 1227 211 documenta.
1242 184 1305 213 Haec
1320 192 1367 213 vos
1394 185 1497 214 idcirco
1513 189 1662 215 monendos

53 233 248 268 essejudicavi,
264 238 292 260 ut
308 233 500 261 instructiores
515 232 576 260 silis
594 230 726 257 adversus
741 237 788 256 eos
807 229 852 263 qui
868 229 951 256 istum
968 228 1063 256 fretum
1084 231 1221 257 volnt-rint
1240 231 1398 267 impugnare
1412 252 1419 263 ,
1441 240 1504 259 nam
1530 239 1660 267 quantmu

51 280 73 307 in
89 287 127 306 nte
143 278 206 310 fuit,
220 279 290 306 nulli
308 287 358 306 nec
372 279 458 306 labori
475 286 525 306 nec
541 277 688 312 diligentia
703 276 730 303 in
746 283 778 303 eo
797 276 923 311 fingendo
939 280 1021 310 atque
1038 276 1181 304 formando
1196 285 1313 312 unquam
1332 278 1449 313 peperci.
1468 278 1537 311 Quid
1556 278 1663 313 pra-sti-

49 325 118 351 terim
147 324 249 358 quidve
276 329 420 352 assecutus
444 325 507 356 sim,
530 323 661 358 quoniam
684 326 794 349 exstant
822 322 987 349 documenta
1016 322 1109 350 Grmce
1137 328 1220 358 atque
1249 323 1355 356 Latine,
1387 329 1468 359 atque
1496 325 1563 352 adeo
1583 328 1664 352 crete-

51 377 132 396 roruin
148 369 292 396 hominum
310 370 454 405 utriusque
468 370 566 405 linguae
580 370 740 404 peritorum,
755 367 778 394 si
793 367 922 395 vitiorum
936 367 1017 395 modo
1027 367 1398 396 memoratzematrisGrtecze
1411 368 1542 395 rationem
1562 368 1664 396 habue-

50 418 111 448 ritis,
125 416 230 450 judicio
251 418 389 452 permitto.

79 461 152 494 Quod
170 462 270 490 attinet
283 462 318 489 ad
332 463 466 490 rationein
483 466 648 498 temporum,
673 463 773 498 quibus
790 462 887 489 vixerit
901 460 1123 497 Theophylaclus
1141 460 1274 496 Bulgaria
1291 462 1523 498 archiepiscopus,
1539 462 1660 489 nondum

49 507 107 534 mihi
134 508 201 534 satis
220 513 348 535 constare
372 509 482 541 potuit:
500 512 530 535 ut
552 511 623 536 enim
651 509 788 542 conjicere
810 514 932 542 possum,
957 508 1049 543 plures
1065 508 1115 536 hoc
1138 509 1247 536 nomine
1260 508 1379 536 fuerunt.
1400 509 1466 536 Nam
1482 509 1663 544 Nicephorus,

52 551 239 579 Ecclesiastica:
256 553 384 581 llisloric
400 554 446 582 lib.
464 563 518 586 xiv,
532 562 592 589 cap.
611 555 655 586 39,
672 555 717 581 tibi
732 555 765 581 de
778 554 957 581 translatione
971 554 1074 588 aliquot
1087 554 1276 589 episcoporum
1301 555 1366 589 agit,
1384 555 1484 582 Basilio
1505 551 1661 590 Porpher-

50 605 152 633 g-‘nneta
170 599 410 635 Constantinopoli
429 602 591 636 imperante,
609 601 842 637 Theophylactutn
865 601 1010 636 quemdam
1029 601 1161 629 Sebastiae
1183 602 1353 637 episcopum-
1368 601 1477 628 Rosiam
1498 601 1661 628 translatum

50 653 103 673 esse
115 646 222 673 scribit.
237 645 402 675 Willielmus
417 647 569 679 Liudanus,
583 655 669 675 sacra:
683 647 827 682 theologia?
842 647 983 681 professor
996 646 1186 679 Lovanicnsis,
1204 647 1230 674 in
1246 647 1422 682 ehronologia
1441 655 1523 682 quam
1544 647 1576 673 ad
1590 646 1664 673 frmi-

50 697 96 719 t--tn
108 699 161 718 sua»
176 692 318 726 Panapliw
331 693 466 728 apposuit,
482 692 713 728 Theophylactum
725 693 881 728 quemdam.
899 700 978 728 quem
1000 693 1027 719 in
1042 692 1086 719 illa
1101 700 1149 719 sua
1166 691 1297 726 Pauoplia
1309 693 1379 720 inter
1395 698 1508 720 rtetcros
1525 697 1661 719 auctorem

51 742 150 766 secutus
166 739 214 771 sit,
238 746 312 766 anno
335 747 350 766 a
373 741 516 768 nativitatc
532 741 639 768 Domini
658 741 900 776 septingentesimo
925 739 1028 767 vixisse
1050 740 1196 775 significat,
1217 739 1265 767 sed
1286 739 1366 774 c'ujus
1382 740 1501 767 civitatis
1516 739 1660 773 episcopus

54 783 133 815 lllel‘ll,
149 791 204 810 non
221 785 329 820 adjicit.
343 785 389 813 Est
407 790 496 813 autent
510 786 670 818 verisimile,
687 786 816 821 quoniam
833 786 935 813 nullius
951 785 1077 817 alterius,
1091 785 1163 820 quod
1174 785 1300 820 equidem
1316 786 1412 818 sciam,
1428 786 1529 819 scripta
1543 790 1662 817 exstant,

53 828 113 856 hunc
123 829 361 866 archiepiscopum
377 831 508 866 Bulgaria:
525 831 559 858 ab
573 831 619 858 illo
632 831 794 866 significari,
813 839 893 865 quem
912 831 994 857 etiam
1011 830 1143 858 Erasmus
1159 830 1344 865 Chrysostomi
1369 830 1586 858 abbreviatoretn
1602 838 1663 858 esse

53 874 120 907 dixit,
139 880 166 902 et
180 876 279 904 titulos
296 877 378 912 hujus
395 878 486 912 operis
503 878 553 904 hoc
565 885 620 912 pra:
635 885 665 904 se
679 877 740 904 fert.
756 876 822 903 Nam
845 885 898 904 non
920 877 1008 904 solum
1024 884 1057 903 ex
1076 875 1182 904 Joanne
1201 876 1408 911 Chrysostomo,
1422 884 1515 903 verum
1534 876 1614 907 etiam
1629 885 1661 904 ex

52 921 150 954 Basilio,
174 920 290 956 Cyrillo.
320 922 433 956 Severo,
444 928 476 951 et
491 924 630 952 nonnullis
644 923 717 955 aliis,
732 931 792 958 qua
805 923 838 950 ad
859 923 1027 958 propositum
1044 928 1071 951 et
1092 931 1148 950 rem
1169 923 1320 950 institutam
1335 922 1473 957 pertinere
1492 922 1663 955 viderentur,

52 967 190 1001 desumpsit
203 972 231 995 et
246 968 274 995 in
288 976 371 995 unum
385 977 485 1004 corpus
500 970 637 997 contraxit
655 978 661 997 :
683 976 763 1004 quant
777 976 832 994 rem
850 975 903 994 non
920 968 1001 995 modo
1019 976 1104 1002 genus
1117 967 1237 998 dicendi.
1262 967 1284 995 si
1300 967 1362 1002 quis
1386 968 1506 994 animum
1531 969 1664 1000 attendal,

52 1019 134 1038 verum
149 1013 232 1040 etiam
254 1015 363 1042 nomina
380 1021 519 1042 auctorum
536 1015 564 1043 in
578 1015 699 1050 margine
715 1017 846 1040 annotata
861 1014 1016 1047 significant
1036 1017 1116 1048 atque
1133 1013 1281 1040 declarant.
1294 1013 1414 1041 Joannes
1426 1013 1666 1049 OEcolampadins,

52 1065 75 1096 in
88 1058 240 1092 pra-ratione
254 1067 335 1095 quam
352 1061 478 1096 apposuit
492 1060 685 1097 Theophylacti
699 1064 814 1095 quatuor
830 1059 1034 1094 Evangeliorum
1052 1060 1214 1094 explieation
1228 1059 1279 1087 bus
1292 1059 1326 1087 ab
1353 1067 1413 1088 sese
1431 1061 1581 1092 conversis.
1597 1060 1665 1087 nihl

52 1105 114 1131 aliud
128 1113 205 1138 quam
224 1107 300 1133 illum
319 1108 390 1134 inter
401 1107 508 1135 Grmcos
521 1108 660 1143 theologos
672 1108 850 1134 recentiorem
860 1106 945 1133 fuisse
953 1106 1098 1140 significat,
1121 1105 1168 1133 sed
1184 1106 1256 1133 haud
1274 1105 1348 1133 falsis
1361 1114 1422 1133 eum
1434 1106 1560 1134 laudibus
1574 1113 1664 1139 ornat,

52 1157 112 1184 quas
124 1151 145 1178 si
162 1152 224 1186 quis
243 1144 366 1187 requirit,
384 1160 417 1179 ne
429 1152 463 1178 ah
478 1152 538 1180 aliis
550 1152 617 1180 bene
632 1151 704 1180 dicta
725 1152 791 1178 mihi
807 1158 868 1178 eum
878 1150 987 1178 fastidio
1003 1151 1150 1186 legentium
1165 1157 1286 1185 repetere
1301 1160 1411 1179 necesse
1427 1153 1472 1185 sit,
1490 1153 1562 1180 illinc
1582 1158 1665 1187 petat,

53 1201 124 1230 atque
134 1197 215 1224 etiam
233 1205 267 1225 ex
281 1198 442 1232 przefatione
454 1198 556 1225 Nicolai
574 1198 690 1228 Beraldi.
706 1205 765 1232 qua:
783 1198 927 1233 praeposita
946 1201 988 1224 est
1004 1196 1218 1224 Commentariis
1233 1198 1306 1225 illius
1322 1197 1349 1224 in
1360 1197 1494 1233 Epistolas
1504 1199 1558 1226 divi
1572 1199 1663 1232 Pauli,

53 1250 64 1268 a
79 1241 272 1278 Cliristophoro
289 1244 419 1277 Porsena,
433 1244 566 1276 Romano,
586 1244 612 1271 in
626 1243 754 1271 Latinum
772 1251 924 1270 sermonem
939 1243 1081 1270 conversis
1095 1252 1102 1270 :
1123 1243 1169 1277 qui
1183 1243 1192 1279 (
1209 1243 1281 1279 quod
1299 1244 1435 1278 prmterit‘e
1449 1253 1502 1272 non
1526 1253 1636 1280 possunt
1655 1247 1665 1280 )

56 1295 63 1310 ί
83 1286 164 1314 Unum
189 1289 254 1322 hor,
280 1289 377 1324 inquit,
409 1290 475 1317 satis
505 1294 622 1323 constat,
647 1289 673 1317 in
692 1290 734 1317 his
750 1289 962 1317 Commentariis
978 1289 1022 1323 pia
1037 1296 1098 1317 esse
1113 1290 1206 1317 omnia
1221 1295 1249 1318 et
1269 1290 1420 1318 orthodoxa
1436 1291 1570 1327 longeque
1585 1293 1619 1318 ab
1631 1292 1665 1319 iis

54 1334 202 1361 dissidentia
221 1343 284 1369 quae
298 1335 485 1370 theologorum
498 1336 594 1369 vulgus
611 1336 732 1370 quotidie
750 1343 850 1370 magno
870 1335 1018 1369 supercilio
1039 1335 1154 1362 indocta:
1173 1336 1258 1370 plebis
1279 1337 1392 1364 auribus
1413 1338 1543 1364 inculcat.
1560 1338 1666 1373 Ubique

56 1381 121 1408 enim
135 1382 318 1416 apostolicum
337 1387 432 1417 pectus
458 1390 512 1408 non
529 1383 611 1409 modo
637 1382 756 1417 explicat
781 1381 873 1416 operis
889 1382 971 1416 hujus
989 1387 1097 1414 auctor,
1109 1381 1157 1409 sed
1174 1382 1255 1408 etiam
1271 1382 1364 1414 refert,
1383 1382 1453 1417 Sttpit
1472 1390 1503 1409 ac
1516 1384 1613 1417 spirat,
1638 1385 1664 1411 id

55 1427 119 1462 quod
135 1436 215 1462 quam
233 1429 328 1463 paucis
345 1428 442 1455 merito
457 1428 630 1455 tribuendum
649 1428 696 1459 sit,
722 1427 801 1455 facile
830 1428 975 1463 intelliget,
1007 1428 1055 1462 qui
1081 1428 1199 1455 novitios
1217 1428 1355 1463 theologos
1373 1429 1493 1463 antiquis
1510 1428 1574 1461 illis,
1602 1437 1664 1457 cum

55 1473 148 1500 Latinis
170 1480 227 1501 tum
247 1474 358 1507 Graecis,
375 1475 570 1509 composuerit.
590 1486 598 1500 ι
621 1475 684 1501 Hac
700 1474 840 1502 Beruldus.
855 1475 1082 1510 OEcolampadius
1097 1475 1230 1510 prolixius
1243 1482 1273 1502 ac
1288 1475 1445 1510 singulatim
1471 1474 1665 1510 Tlieophytacti

56 1519 159 1547 virtutes
180 1520 354 1555 persequitur
371 1524 454 1555 atque
482 1524 615 1553 recenset.
633 1518 849 1554 Christophorus
861 1520 992 1552 Porsena,
1009 1521 1037 1547 in
1053 1527 1101 1548 sua
1116 1519 1276 1547 Praefatioue
1290 1520 1324 1547 ad
1339 1519 1445 1547 Sixtum
1460 1520 1493 1547 IV
1510 1521 1665 1556 ρυιιιῑίὶρυιιι

56 1564 208 1598 Romanum,
241 1566 437 1602 Theophylacti
472 1569 624 1600 temporum
655 1566 756 1594 nullam
790 1566 855 1594 facit
883 1567 1062 1593 mentionem.
1094 1565 1167 1594 Misit
1194 1565 1227 1592 ad
1258 1573 1308 1593 nos
1326 1565 1493 1594 D..loannes
1514 1567 1667 1594 Sambucus

56 1613 194 1641 orationem
209 1613 332 1641 Graecam
348 1614 398 1641 hac
412 1614 590 1648 inscriptione
607 1623 614 1641 :
631 1613 802 1648 Θεοφυλάκτο

931 1614 970 1645 εἰς
996 1614 1041 1640 τὸν
1060 1614 1250 1649 αὺτοκρατορα
1272 1614 1366 1649 κύριον
1402 1614 1519 1646 Ἀλέξων
1545 1615 1592 1641 τὶν
1615 1616 1667 1642 Ko-

57 1661 155 1695 μνηνόν.
170 1661 249 1694 Quod
264 1663 285 1689 si
304 1662 327 1690 is
337 1666 380 1688 cst
400 1666 493 1689 noster
512 1661 742 1697 Theophylactus,
754 1669 851 1696 nempe
863 1661 1089 1696 archiepiscopus
1106 1661 1249 1696 Bulgaria.
1265 1661 1321 1695 jam
1343 1669 1396 1688 non
1419 1662 1535 1696 amplius
1554 1661 1666 1689 dubium

56 1713 110 1733 esse
125 1711 210 1741 p0test
226 1715 280 1742 quo
294 1711 415 1742 tempore
427 1700 533 1734 vixerit.
544 1707 698 1734 Nihilaliud
714 1714 762 1742 ego
774 1714 861 1741 neque
876 1707 909 1734 de
922 1707 976 1733 vita
993 1715 1080 1742 neque
1091 1707 1125 1734 de
1137 1707 1306 1741 temporibus
1321 1707 1403 1742 hujus
1418 1709 1504 1735 nostri
1523 1707 1667 1742 TheOphy-

58 1752 112 1779 lacti
140 1754 284 1789 diligenter
301 1754 450 1782 scrutando
466 1759 548 1790 atque
561 1755 724 1789 inquirendo
740 1754 817 1790 potui
843 1754 976 1781 invenire.
998 1754 1075 1787 Quod
1102 1755 1235 1789 reliquum
1256 1759 1308 1788 est,
1324 1763 1371 1782 vos
1389 1755 1469 1782 etiam
1486 1760 1568 1790 atque
1585 1756 1666 1782 etiam

61 1809 118 1834 rogo
133 1809 164 1830 ac
179 1802 356 1831 vehementer
372 1806 446 1837 peto,
459 1807 488 1830 ut
504 1803 555 1829 hoc
569 1802 697 1837 exiguum
719 1806 801 1837 atque
816 1802 884 1830 adeo
898 1802 1087 1829 tennissinuun
1115 1803 1319 1835 munuscnlmn,
1345 1803 1422 1830 vobis
1445 1803 1510 1830 licrt
1525 1803 1666 1838 indignum

59 1849 198 1884 vestrisque
217 1850 244 1876 in
262 1857 304 1877 me
319 1849 435 1877 summis
451 1849 590 1876 beneficiis
604 1856 636 1875 ac
653 1848 760 1876 meritis
775 1848 874 1882 impar,
882 1847 951 1882 aequi
967 1852 1057 1875 tamen
1071 1847 1160 1875 facere
1174 1849 1292 1883 bonique
1306 1849 1458 1880 consulere,
1472 1854 1498 1876 ct
1513 1854 1542 1875 ut
1561 1850 1595 1876 ab
1607 1849 1668 1876 ani-

60 1893 89 1919 mi
102 1895 285 1924 benevolentia
299 1901 381 1930 atque
397 1895 564 1931 gratitudine
578 1895 742 1930 profectum.
762 1894 843 1921 hilari
861 1895 936 1921 vultu
951 1894 1064 1928 laetaque
1077 1893 1165 1921 fronte
1181 1894 1304 1928 accipere
1319 1895 1420 1921 velitis.
1439 1894 1494 1921 lloc
1509 1895 1531 1921 si
1554 1902 1567 1921 a
1589 1895 1668 1922 vobis

59 1946 210 1969 consecutus
236 1941 324 1975 fuero,
351 1941 459 1969 abunde
486 1941 553 1969 satis
580 1947 692 1975 magnos
720 1940 845 1968 laborum
874 1948 918 1968 me
945 1939 1052 1966 fructus
1075 1939 1183 1973 cepisse
1210 1938 1384 1968 existimabo.
1403 1939 1474 1967 Bene
1491 1939 1586 1974 valeto,
1616 1941 1668 1968 viri

60 1989 220 2021 amplissimi.

90 2069 122 2096 Et
138 2072 302 2100 monasterio
322 2071 496 2100 Steinweldio
510 2080 547 2099 xu
563 2071 700 2100 Kalendas
712 2070 892 2106 Septembris,
911 2077 983 2097 anno
996 2069 1101 2097 Domini
1117 2069 1194 2098 l567.

70 2184 1660 2193 νήσω-Μή

62 2273 231 2303 Clarissima
249 2272 588 2311 excellentissimoque
606 2272 686 2307 viro,
721 2273 756 2311 D.
782 2271 897 2302 Joanni
924 2273 1093 2311 Saunoco,
1112 2272 1289 2307 Pannonio,
1317 2272 1466 2302 Caesareae
1492 2272 1666 2311 Majestatis

105 2313 223 2343 medico
241 2316 271 2342 et
288 2310 560 2351 historiograpbo,
576 2310 769 2342 Laurentius
781 2310 958 2347 SJFANUS,
977 2310 1216 2348 Prunsfeldius,
1238 2313 1266 2341 .I.
1285 2312 1319 2341 U.
1337 2312 1461 2347 Doctor,
1479 2312 1509 2342 S.
1525 2310 1557 2342 Ρ.
1575 2312 1612 2341 1).

92 2413 124 2440 En
139 2415 225 2448 prodit
239 2416 347 2444 laudent
363 2417 389 2444 in
401 2418 551 2452 publicum,
568 2417 610 2445 vir
621 2417 782 2448 clarissime,
797 2417 1017 2453 Theophylactus
1030 2421 1094 2445 tuus
1116 2418 1227 2445 Grzccus
1238 2425 1251 2444 a
1270 2425 1312 2444 mc
1328 2417 1418 2444 factus
1441 2415 1555 2443 Latinus
1568 2424 1575 2442 :
1588 2419 1664 2442 tuum
1700 2430 1704 2433 -

63 2457 126 2491 dico,
142 2469 195 2494 quo
207 2469 376 2494 careremus.
392 2463 445 2491 nisi
462 2468 490 2490 tu
507 2463 579 2498 quod
595 2463 741 2498 separatim
755 2463 856 2491 habere
871 2464 917 2491 tibi
929 2463 1068 2498 proprium
1085 2463 1192 2495 licet-at,
1207 2471 1350 2491 commune
1364 2470 1395 2490 ac
1412 2462 1547 2497 publicum
1564 2462 1664 2488 bonum

64 2513 116 2534 esse
130 2510 280 2537 maluisses.
298 2510 385 2537 Causa
401 2518 450 2538 cur
464 2514 518 2538 tam
537 2518 599 2538 sero
621 2511 751 2546 prodeat,
768 2515 797 2538 ut
814 2511 895 2538 etiam
915 2511 1020 2538 librarii
1046 2511 1153 2546 culpam
1170 2511 1299 2546 recipiam
1322 2512 1348 2538 in
1367 2519 1419 2542 me,
1436 2511 1493 2538 hare
1518 2514 1570 2540 est,
1592 2508 1665 2544 quod

62 2552 116 2580 dum
132 2554 173 2581 ille
184 2556 217 2582 de
235 2563 278 2583 me
293 2555 399 2589 Latine,
413 2564 464 2591 ego
475 2557 508 2584 de
522 2557 569 2584 illo
602 2556 695 2585 Graece
711 2557 818 2585 discere
835 2557 1001 2590 nitebamur,
1016 2557 1062 2585 u-bi
1083 2558 1153 2585 alter
1171 2559 1285 2584 alterum
1316 2558 1407 2584 minus
1437 2556 1664 2591 intelligebamus,

63 2605 116 2625 cum
129 2600 260 2636 interpres
274 2602 383 2637 utrique
398 2602 517 2635 deesset,
534 2607 615 2638 atque
629 2603 701 2631 haud
714 2603 881 2638 incorruptis
897 2604 1032 2632 ministris
1047 2608 1199 2635 uteremur,
1217 2603 1382 2637 coniecturis
1400 2604 1499 2638 quibus
1517 2603 1583 2630 alter
1599 2603 1666 2629 alte-

63 2643 112 2672 rius
127 2653 202 2674 sensa
229 2654 449 2683 assequeremur,
466 2649 558 2676 inultis
582 2649 607 2676 in
631 2648 698 2676 locis
717 2649 756 2676 uti
772 2649 918 2677 habuimus
943 2656 1064 2677 necesse.
1092 2649 1175 2684 Cujus
1202 2649 1240 2676 rei
1264 2649 1393 2683 quoniam
1411 2650 1484 2676 clara
1502 2650 1664 2677 documenta

63 2694 151 2718 suntin
167 2697 305 2729 promptu,
324 2701 358 2722 ne
369 2695 463 2729 inepta
478 2694 635 2730 prolixitate
647 2695 793 2722 verborum
812 2695 982 2730 typographo
999 2694 1136 2722 festinanti
1151 2695 1202 2722 siin
1215 2695 1241 2722 in
1259 2701 1343 2724 mora.
1359 2699 1384 2721 te
1395 2695 1475 2721 etiam
1490 2700 1571 2730 atque
1582 2697 1664 2722 etiam

64 2741 128 2771 l‘ogo,
139 2743 168 2766 ut
184 2740 241 2769 haec
252 2741 310 2775 ipsa
326 2748 387 2776 quae
400 2741 462 2768 dico
478 2741 640 2768 documenta
662 2741 812 2768 scrutando
833 2745 914 2775 atque
929 2741 1122 2773 exaniinando,
1145 2749 1252 2775 aequum
1275 2747 1298 2768 lc
1314 2740 1378 2767 mihi
1391 2740 1511 2774 jndiecm
1529 2747 1609 2776 atque
1625 2742 1666 2769 l'a-

66 2788 157 2812 ventem
169 2787 301 2820 praebere,
315 2790 343 2814 et
355 2787 435 2815 istaut
453 2794 563 2822 operam
579 2794 660 2822 quam
680 2786 792 2822 praestiti
810 2786 879 2822 aequi
898 2786 1016 2821 bonique
1041 2787 1130 2816 facere
1149 2787 1226 2813 velis.
1243 2787 1318 2820 Quod
1333 2786 1466 2820 reliquum
1480 2790 1534 2819 est,
1553 2794 1666 2822 magnas

66 2829 106 2856 tibi
116 2835 138 2859 et
152 2831 256 2868 agimus
271 2835 298 2861 et
314 2832 446 2861 habemus
461 2833 574 2868 gratias,
592 2833 638 2868 qui
657 2833 729 2861 istud
746 2833 911 2868 mancipium
929 2833 1042 2868 publiczc
1058 2833 1183 2860 utilitatis
1198 2833 1431 2867 inservire,quam
1445 2833 1515 2859 domi
1530 2833 1665 2867 privatum
