1897 3052
194 142 248 174 H9
714 140 923 171 LAURENTll
950 140 1009 171 SlF
1012 141 1062 171 AN
1066 141 1078 170 Ι
1096 140 1302 171 PILEFATIO.
1782 137 1859 172 480

195 205 270 226 tuum
288 197 315 225 in
332 196 518 225 convertendo
538 204 640 225 ntorem
656 205 765 225 servare
777 198 862 230 soleo,
874 202 964 225 utnort
981 201 1043 225 ante
1058 205 1167 233 pergant
1183 206 1264 233 opere
1275 199 1411 230 instituto,
1426 206 1506 234 qttant
1521 198 1619 233 prioris
1636 199 1689 226 dici
1710 198 1859 226 labores

197 251 392 279 recognovcro,
410 248 438 272 et
453 252 539 279 usque
553 251 586 272 eo
603 252 758 278 eorrcxcro,
772 249 801 272 ut
818 245 910 272 anitno
925 252 986 272 meo
1001 245 1092 279 aliquo
1107 245 1188 272 tnodo
1205 245 1330 273 satisﬁat.
1352 245 1390 272 Ac
1405 252 1559 280 quanquam
1574 245 1639 272 mihi
1652 252 1704 271 non
1717 244 1858 278 ubique

195 290 315 318 satisfeci
350 291 407 325 (qui
428 291 499 317 enittt
516 291 665 325 potttissem
681 292 707 318 itt
726 292 760 320 iis
777 292 857 324 locis,
871 291 916 318 ubi
933 296 1062 326 corrupto
1077 293 1185 326 pettittts
1199 299 1231 318 ac
1245 292 1369 318 tnutilato
1385 291 1540 326 apngraplto
1551 291 1725 325 conjecturas
1744 286 1857 322 sequ?

198 345 311 365 necesse
326 337 408 364 habui
421 337 456 373 ?),
473 337 555 364 malui
572 341 662 365 tanien
680 345 709 365 re
722 343 849 373 suscepta
867 338 945 365 ﬁdem
958 345 1047 365 meam
1065 339 1192 370 liberare.
1207 346 1258 366 nec
1269 339 1409 366 hominum
1423 338 1657 372 exspectationem
1674 334 1856 367 frustrari.

198 387 226 411 et
245 384 347 418 aliquid
363 385 455 418 potius
468 383 494 410 itt
515 387 592 417 parte
607 384 709 418 operis,
723 384 795 419 quod
813 383 959 418 aliquando
975 384 1121 417 sarciatur,
1149 384 1241 411 minus
1255 383 1376 418 probari.
1391 390 1471 418 quam
1489 386 1575 410 totum
1590 389 1660 416 opus
1678 382 1725 408 diu
1748 379 1858 408 desi'

201 431 303 458 derari.
320 429 431 457 Habetis
452 430 533 457 simul
551 430 696 457 eonsiliuttt
713 437 802 457 mcum
817 429 843 456 in
861 429 1035 464 suscipienda
1049 437 1088 462 re,
1105 434 1130 457 et
1150 437 1179 456 re
1194 433 1333 464 suscepta,
1348 436 1460 456 causam
1476 436 1525 456 cur
1539 433 1594 456 tam
1611 435 1674 455 sero
1687 435 1764 462 opus
1789 425 1860 452 ab—

198 477 318 505 solutum
346 480 428 510 atque
444 475 595 511 perfectttm
617 475 731 510 prodeat
758 475 786 502 itt
813 477 912 502 lucem.
936 475 1003 501 Cum
1020 475 1104 510 igitur
1121 475 1196 510 operi
1210 475 1266 510 jam
1285 475 1480 509 propemodum
1498 474 1562 502 ﬁnis
1575 473 1721 508 itttpositus
1737 474 1858 503 esset,

201 527 283 556 atque
298 528 348 556 ego
365 528 469 547 tttecum
482 520 661 547 deliberarem
675 525 756 555 atque
768 520 953 547 consultarent
970 528 1050 555 quem
1069 520 1111 547 his
1130 519 1272 547 laboribus
1288 520 1356 547 meis
1371 519 1546 554 potissimunt
1568 519 1723 554 deligerent
1731 522 1859 552 patre-

199 575 276 597 tttttn,
293 565 390 592 amicis
406 565 466 591 aliis
486 565 677 599 alios,eosquc
691 565 875 599 amplissimos
885 565 995 599 quidem
1011 565 1094 597 viros,
1110 565 1157 593 sed
1172 565 1335 598 quibuscum
1353 564 1418 592 mihi
1430 564 1502 591 nulla
1514 564 1709 599 propemodum
1727 562 1855 590 notitia

200 613 395 644 intercederet,
427 613 665 648 proponentibus:
695 619 746 648 ego
771 620 834 640 cum
866 613 986 646 ineptum
1008 616 1035 640 et
1051 613 1235 647 importunum
1253 619 1314 639 esse
1335 612 1503 647 judicabam,
1521 619 1681 646 magnorum
1701 612 1855 638 virorum

198 668 350 695 corntnque
364 660 529 695 ignotorum,
543 663 570 687 et
584 659 617 686 ad
633 667 703 694 quos
718 660 822 686 nullum
843 659 905 694 quis
919 659 1021 686 aditum
1040 659 1146 691 habeat,
1166 659 1301 686 amicitias
1318 663 1455 693 appetere,
1471 665 1504 686 ac
1520 666 1580 686 sese
1598 666 1652 685 non
1670 658 1753 684 modo
1772 664 1858 684 ser-

200 706 299 737 viliter,
315 713 406 732 verum
427 705 509 732 etiam
527 705 699 740 impudenter
713 705 856 732 insinuare
873 713 880 731 :
894 709 951 732 tum
967 713 1035 732 mea:
1052 709 1157 731 natura:
1172 709 1255 740 atque
1279 705 1388 740 ingenio
1403 705 1528 731 videbam
1548 711 1604 731 rem
1628 712 1689 732 esse
1707 704 1858 731 maxime

201 755 344 782 adversam
359 758 385 782 et
400 754 551 782 inimicam.
565 754 655 789 Atque
673 754 745 782 ltaud
762 754 921 790 ignorabant
933 762 990 787 eos,
1009 755 1109 789 quibus
1130 755 1232 789 ignotis
1249 754 1382 789 ejusmodi
1399 754 1488 781 ltottos
1505 754 1633 785 habetur,
1649 760 1703 779 non
1720 753 1855 786 absque

202 810 284 830 causa
298 803 433 837 suspicari
449 802 537 830 solere
554 810 632 830 suam
644 803 678 829 ab
694 802 853 830 hominibus
867 802 1032 837 importunis
1048 802 1263 829 muniﬁcentiam
1281 807 1363 836 atque
1377 802 1566 829 liberalitatem
1590 800 1730 828 sollicitari
1751 808 1759 827 :
1789 797 1854 825 scd

202 849 224 874 si
240 850 302 883 quis
319 849 451 876 beneﬁcio
466 848 580 876 aﬁ‘ectus
593 848 677 876 animi
698 848 741 876 sui
759 849 952 882 gratitudinent
968 849 1109 877 declarare
1121 848 1238 881 studeat,
1248 856 1311 876 eum
1331 855 1385 876 non
1404 847 1484 875 modo
1502 856 1556 875 non
1571 846 1719 878 oﬁ‘endere,
1732 851 1851 872 verum

201 895 283 922 etiam
298 894 417 928 laudem,
432 894 454 922 si
465 895 533 921 nihil
546 894 618 922 aliud
635 894 767 929 proﬁciat,
781 894 814 921 ab
831 894 990 922 hominibus
1002 894 1073 922 ferre
1087 895 1186 922 solere.
1201 893 1267 927 Quae
1282 901 1343 921 cum
1358 894 1449 921 animo
1459 894 1602 928 agitarem,
1619 898 1701 928 atque
1718 891 1854 926 perple-

203 949 254 968 xus
272 941 401 969 haererem
417 941 461 968 cui
478 941 527 969 hos
545 949 620 969 meos
647 941 756 969 labores
772 941 875 976 absque
886 941 1039 970 oﬁ'ensione
1067 947 1150 977 atqtte
1173 942 1374 969 obtrectatione
1388 942 1549 976 cujusquam
1577 941 1732 968 dedicarem
1759 940 1847 974 (non

203 986 276 1012 enim
294 986 440 1014 convenire
453 993 502 1014 nec
516 986 644 1022 expedire
658 987 810 1019 videbatur,
820 986 921 1014 librum
933 987 1037 1022 absque
1052 991 1168 1022 patrono
1177 992 1258 1022 atque
1271 987 1416 1015 defensore
1426 987 1557 1021 judicium
1568 987 1706 1014 hominum
1720 986 1848 1013 subire.

205 1034 356 1068 praesertim
373 1034 452 1069 cujus
472 1039 568 1062 auctor
583 1035 665 1062 etiam
681 1042 755 1062 nunc
769 1039 926 1069 superesset
941 1043 948 1062 :
972 1036 1073 1070 quippe
1087 1043 1149 1063 cum
1176 1035 1229 1062 vivi
1258 1036 1345 1070 magis
1369 1043 1448 1070 quam
1473 1035 1573 1062 mortui
1589 1034 1698 1061 invidia
1714 1034 1846 1062 obnoxii

203 1081 289 1107 simus
303 1085 330 1107 et
342 1081 561 1108 obtrectantibus
575 1081 745 1116 opportuni),
763 1089 812 1108 vos
827 1081 891 1108 tnilti
905 1081 932 1108 in
948 1082 1056 1117 primis.
1070 1087 1099 1109 ut
1113 1090 1162 1117 par
1176 1086 1229 1114 est,
1244 1083 1271 1109 in
1287 1087 1406 1110 tttetttem
1419 1081 1544 1113 venistis,
1562 1081 1661 1116 quibus
1677 1089 1731 1108 non
1748 1081 1849 1108 modo

205 1130 317 1162 propter
331 1133 434 1160 vetera,
447 1135 541 1154 verum
559 1128 642 1155 etiam
660 1128 696 1155 ob
711 1128 831 1155 recentia
849 1129 958 1160 merita.
984 1130 1041 1156 imo
1064 1137 1130 1156 vero
1147 1133 1259 1164 propter
1276 1133 1435 1164 perpetuam
1457 1135 1521 1162 erga
1545 1135 1587 1154 me
1617 1127 1844 1154 beneﬁcentiam

205 1177 285 1207 atque
300 1173 497 1205 liberalitatem,
513 1174 634 1200 ontttittm
649 1173 727 1208 longe
742 1173 890 1209 plttritnum
913 1173 1051 1201 deberem.
1066 1174 1125 1201 Non
1151 1182 1194 1201 me
1216 1174 1347 1208 praeterit,
1378 1173 1494 1201 auribtts
1524 1173 1621 1200 vestris
1644 1173 1784 1208 ingratam
1815 1175 1846 1197 ct

205 1218 382 1253 injucundatn
402 1226 464 1246 esse
493 1219 666 1246 immodicam
686 1227 718 1247 ac
732 1220 843 1247 nimiam
863 1220 1036 1248 liberalitatis
1049 1224 1147 1247 vestra:
1177 1220 1396 1255 praedicationem
1417 1227 1423 1245 :
1445 1226 1539 1245 verum
1554 1218 1626 1250 date,
1640 1225 1742 1253 quaeso,
1759 1217 1845 1243 hanc

205 1264 313 1291 veniam
329 1264 406 1296 tnilti,
423 1264 468 1291 cui
485 1265 552 1292 nihil
570 1273 688 1300 unquam
704 1267 805 1301 petenti
820 1266 987 1301 denegastis,
1003 1266 1050 1293 sed
1071 1267 1187 1300 plurima
1211 1273 1263 1292 non
1281 1266 1382 1300 petenti
1399 1265 1543 1296 tribuistis,
1559 1269 1588 1291 ttt
1601 1263 1760 1292 summatim
1778 1263 1840 1290 sal'

205 1314 260 1337 tem
274 1311 300 1337 in
321 1318 363 1338 mc
375 1311 474 1338 collata
493 1312 625 1339 beneﬁcia
641 1318 730 1339 vestra
747 1321 915 1349 percurram.
932 1313 999 1340 Nam
1023 1314 1108 1348 patris
1126 1313 1221 1345 vestri,
1244 1313 1405 1347 amplissimi
1423 1317 1504 1348 atque
1518 1312 1613 1347 optimi
1644 1311 1706 1343 viri,
1733 1312 1760 1338 in
1794 1319 1845 1337 me

207 1363 314 1383 summa
328 1357 428 1383 collata
444 1357 587 1389 beneﬁcia.
607 1359 660 1385 alio
681 1359 740 1385 luco
757 1359 864 1386 abunde
881 1358 949 1386 satis
964 1359 1186 1392 commemorari,
1206 1366 1261 1393 quo
1277 1359 1330 1385 vita
1347 1359 1486 1390 defuncto,
1505 1366 1553 1385 vos
1569 1365 1622 1384 nott
1638 1356 1720 1383 modo
1743 1356 1845 1382 facul-

207 1408 293 1429 tatum
305 1408 333 1430 ct
347 1412 429 1438 opunt
443 1404 516 1432 illitis
531 1405 653 1432 lncrcdes
670 1406 825 1438 exstitistis,
839 1413 934 1433 verum
951 1406 1031 1432 etiam
1048 1406 1180 1432 virtutum
1205 1411 1231 1433 ct
1254 1405 1426 1433 liberalitatis
1449 1405 1475 1431 in
1496 1404 1592 1439 pritnis
1611 1404 1764 1431 intitatores
1784 1403 1845 1429 l'ui-

208 1449 259 1475 stis
277 1457 284 1476 :
301 1457 362 1484 qua:
373 1454 448 1477 tanta
464 1452 567 1478 exstitit
590 1459 654 1487 erga
675 1460 728 1483 me.
751 1457 780 1479 ut
800 1453 874 1480 illitts
893 1453 993 1479 tnortui
1013 1452 1204 1479 liberalitatem
1227 1457 1309 1487 atque
1335 1451 1547 1479 muniﬁcentiam
1571 1451 1642 1478 haud
1667 1457 1844 1485 magnopere

208 1496 400 1524 desiderarim.
417 1497 496 1532 Nam,
512 1503 540 1525 ut
553 1500 692 1534 superiora
713 1505 883 1534 prmteream,
903 1508 963 1534 qua:
988 1499 1142 1534 frequentia
1166 1506 1247 1534 atque
1271 1499 1390 1534 ingentia
1415 1498 1535 1532 fuerunt,
1559 1498 1676 1533 primum
1699 1504 1748 1523 vos
1770 1500 1844 1521 ante

210 1541 362 1575 biennium,
386 1551 446 1570 cutn
475 1545 501 1571 in
526 1546 577 1572 hoc
598 1553 679 1580 operc
705 1555 838 1579 versarer,
864 1547 930 1573 nihil
945 1547 998 1574 tale
1014 1555 1068 1574 non
1086 1547 1166 1574 modo
1186 1547 1295 1581 petenti,
1313 1554 1406 1573 verum
1422 1547 1503 1573 etiam
1524 1553 1556 1572 ne
1571 1544 1700 1580 cogitanti
1721 1543 1841 1578 quidem

210 1588 308 1614 bonam
327 1589 448 1622 pecunia:
475 1597 609 1617 summam
633 1591 697 1618 mihi
725 1592 894 1626 suppeditari
921 1599 952 1619 ac
979 1592 1186 1619 subministrari
1216 1592 1334 1618 eurastis
1352 1599 1359 1618 :
1380 1591 1487 1623 deinde,
1504 1588 1841 1623 cumjamliberalitatcm

209 1637 328 1660 vestram
341 1634 423 1662 citius
440 1634 579 1669 fatigatam
591 1643 652 1663 esse
663 1637 820 1670 suspicatus
843 1637 966 1668 fuissent,
983 1644 1064 1671 quam
1096 1637 1200 1670 aliquid
1225 1636 1359 1671 ejusmodi
1376 1643 1497 1670 sperare,
1518 1634 1617 1661 nedum
1633 1639 1735 1668 petere,
1748 1640 1842 1659 ausus

209 1687 310 1712 essem,
327 1685 390 1707 ante
406 1688 510 1715 paucos
523 1688 631 1709 menses
643 1683 796 1716 praeteritos
808 1691 885 1717 aeque
901 1690 997 1717 magna
1012 1686 1092 1717 atque
1109 1682 1219 1709 biennio
1237 1687 1300 1709 ante
1314 1690 1356 1710 mc
1369 1690 1473 1710 summa
1489 1680 1758 1716 pecunitedonastis.
1773 1680 1841 1712 Quo

210 1725 343 1753 beneﬁcio
366 1731 488 1760 tempore
518 1729 780 1762 opportunissimoa
796 1730 874 1756 vobis
889 1733 1012 1764 accepto,
1031 1737 1092 1756 cuttt
1110 1729 1236 1755 videlicet
1262 1729 1440 1756 deliberarem
1470 1736 1550 1762 quem
1580 1717 1753 1761 potissimum
1772 1727 1840 1754 huic

209 1771 299 1805 partui
316 1779 377 1799 ttteo
397 1776 513 1800 tutorem
530 1781 562 1801 ac
582 1774 752 1802 defensorem
773 1783 909 1810 pararem,
931 1776 1021 1803 omnis
1047 1775 1182 1802 dubitatio
1204 1776 1398 1810 cttnctatioque
1416 1774 1481 1801 mihi
1499 1773 1693 1808 propctttodutn
1709 1779 1837 1808 exempta

209 1821 252 1843 est
270 1825 277 1843 ε
294 1825 356 1844 nam
373 1818 493 1845 restabat
509 1820 591 1846 etiarn
606 1828 680 1848 nunc
698 1821 844 1856 scrupulus
862 1829 942 1849 unus.
964 1821 1096 1854 Quoniam
1113 1821 1193 1847 etiam
1212 1821 1341 1852 sciebam,
1360 1828 1414 1855 quo
1430 1820 1521 1847 minus
1536 1818 1674 1854 appetitis.
1692 1826 1726 1846 eo
1742 1819 1840 1853 Plures

210 1862 286 1890 vobis
293 1863 409 1891 honores
419 1865 529 1898 deferri,
538 1873 569 1906 a_c
579 1867 678 1894 multos
691 1867 914 1896 ltomincsdoctos
920 1868 998 1895 vobis
1007 1875 1071 1895 suos
1081 1867 1187 1894 labores
1200 1871 1281 1901 atque
1293 1867 1495 1894 lucubrationes
1508 1866 1658 1899 dedicasse,
1667 1865 1838 1893 subverebar

213 1916 247 1936 ne
265 1910 372 1937 animos
387 1914 493 1938 vestros
510 1911 610 1940 talibus
622 1913 708 1947 epulis
724 1914 839 1941 satiatos
853 1919 935 1948 atque
951 1914 1070 1948 repletos
1081 1913 1271 1946 intempestiva
1282 1913 1467 1940 benevolentia
1479 1912 1643 1940 oﬂcnderem
1657 1912 1739 1939 citius
1753 1919 1836 1946 quam

210 1953 264 1980 hoc
278 1961 377 1988 genere
390 1955 469 1982 ofﬁcii
487 1957 602 1990 gratiam
618 1965 632 1984 a
651 1958 729 1985 vobis
745 1957 855 1986 inirem.
868 1958 922 1986 Sed
940 1963 1029 1985 tatnen
1050 1966 1112 1986 curn
1125 1958 1192 1985 liber
1201 1958 1303 1992 absque
1318 1963 1435 1992 patrono
1448 1958 1559 1985 omnino
1576 1965 1629 1984 non
1643 1957 1835 1992 divulgandns,

215 2007 265 2026 nec
281 2000 421 2027 hominum
434 2000 540 2035 judicio
555 2003 727 2038 objiciendus
740 2012 802 2032 esse
820 2005 967 2036 videretur,
981 2008 1007 2031 et
1023 2012 1077 2031 tton
1089 2003 1157 2031 satis
1170 2003 1214 2033 uie
1233 2010 1282 2030 nec
1299 2008 1373 2031 recte
1387 2011 1429 2030 me
1444 2003 1578 2030 facturum
1598 2010 1659 2029 esse
1669 2003 1835 2036 judicaretur,

217 2046 240 2072 si
255 2046 332 2073 vobis
349 2048 494 2080 pra-teritis
512 2048 580 2076 alios
594 2049 659 2076 tuihi
674 2053 803 2084 patronos
817 2058 967 2084 qua-rorem
982 2052 1046 2084 (non
1064 2051 1136 2078 enim
1153 2056 1314 2078 cretcrorum
1330 2049 1469 2076 hominum
1485 2048 1579 2076 eadem
1598 2055 1658 2082 quae
1669 2053 1759 2075 vestra
1774 2053 1836 2076 aunt

223 2093 320 2126 Iltiit‘ia)
331 2093 412 2121 malui
423 2094 448 2121 in
462 2094 530 2121 hanc
544 2099 645 2130 partem
655 2104 775 2130 peccare,
787 2104 866 2131 quam
875 2097 1001 2131 cuiquam
1011 2097 1099 2123 minus
1109 2097 1233 2132 prudenti
1243 2105 1294 2124 non
1310 2097 1376 2124 satis
1387 2100 1481 2130 gratus
1498 2094 1594 2122 videri.
1604 2094 1664 2122 Non
1677 2095 1748 2121 enim
1760 2095 1836 2121 video

213 2145 262 2165 nec
283 2147 391 2173 sperare
403 2148 510 2173 possunt
531 2141 589 2167 fore
602 2141 750 2176 aliquando
762 2146 879 2177 tempus,
898 2150 952 2177 quo
964 2142 1017 2169 alio
1029 2143 1108 2169 oﬁicii
1128 2151 1227 2177 genere
1241 2146 1323 2177 atquc
1338 2143 1400 2173 hoc.
1414 2145 1504 2169 vcstra
1521 2141 1651 2168 beneﬁcia
1669 2142 1834 2168 remunerari

213 2185 327 2218 possim,
359 2185 461 2219 quippe
481 2194 542 2212 cum
564 2187 630 2213 nihil
650 2188 716 2214 mihi
745 2192 869 2223 suppetat
900 2192 997 2222 praeter
1024 2188 1203 2215 voluntatem.
1232 2187 1289 2215 lluc
1311 2188 1416 2215 accedit
1435 2187 1506 2222 qttod
1527 2186 1652 2213 videbam
1670 2186 1741 2213 haud
1757 2185 1835 2212 facile

214 2229 283 2256 alios
307 2237 341 2256 ex
371 2238 485 2256 ttuutero
503 2233 652 2258 amicorum
675 2238 772 2266 pratter
790 2241 837 2260 vos
857 2242 898 2260 tne
916 2234 1035 2268 rcpcrire
1056 2241 1147 2268 posse,
1172 2234 1217 2268 qui
1236 2241 1296 2260 cuttt
1317 2237 1426 2268 propter
1438 2233 1580 2267 utriusque
1596 2233 1694 2266 lingua:
1709 2231 1833 2267 peritiam

215 2277 286 2305 haud
305 2279 441 2313 vulgarem
458 2279 560 2313 optimc
586 2280 620 2307 dc
645 2280 801 2313 ltujustuodi
831 2282 940 2316 scriptis
965 2281 1091 2316 judicare
1107 2285 1227 2316 possent,
1255 2285 1311 2308 tuttt
1337 2280 1454 2308 candide
1467 2286 1547 2314 atque
1566 2281 1674 2306 sincere
1687 2279 1833 2312 judicaturi

216 2328 317 2351 essent.
333 2325 515 2357 Quamobrem
531 2335 545 2353 a
560 2327 635 2354 vobis
653 2335 702 2362 pro
719 2332 808 2354 vestra
828 2328 854 2354 in
875 2335 917 2354 me
933 2332 1061 2361 perpetua
1075 2335 1107 2354 ac
1125 2327 1241 2354 maxima
1254 2326 1441 2354 benevolentia
1456 2326 1586 2360 tuajorettt
1605 2325 1632 2351 itt
1652 2324 1762 2351 modum
1776 2328 1834 2358 peto

215 2378 371 2406 qnazsoque,
388 2377 415 2398 ttt
428 2371 500 2400 hunc
517 2380 628 2407 parvum
641 2378 668 2400 ct
682 2374 809 2406 exiguum
827 2377 944 2407 partum,
960 2380 1040 2407 quem
1054 2373 1131 2399 vobis
1148 2373 1174 2399 itt
1191 2373 1343 2399 clientelam
1359 2376 1386 2398 et
1403 2371 1482 2399 ﬁdem
1498 2370 1669 2402 commendo,
1685 2370 1719 2398 ab
1740 2370 1834 2398 invidis

215 2417 289 2444 omni
310 2425 361 2452 ope
375 2418 456 2451 ttteri,
470 2426 485 2445 a
500 2418 746 2446 calumniatoribus
761 2423 786 2445 et
799 2418 1031 2446 obtrectatoribus
1050 2417 1179 2446 omnibus
1197 2419 1300 2445 viribus
1317 2417 1464 2445 defendere
1479 2417 1569 2444 velitis
1589 2425 1596 2443 :
1614 2416 1661 2451 qui
1678 2416 1701 2442 si
1723 2423 1739 2442 a
1761 2417 1834 2442 voltis

215 2464 313 2499 dignus
339 2463 476 2498 judicatus
504 2464 584 2491 fuerit
607 2471 686 2498 quem
712 2463 922 2498 atttplectantitti,
948 2471 1029 2498 quem
1060 2463 1087 2490 itt
1111 2463 1241 2490 familiam
1270 2468 1387 2491 vestram
1424 2462 1563 2496 recipiatis
1577 2466 1659 2496 atque
1673 2461 1798 2493 foveatis,
1813 2462 1832 2488 si

218 2511 377 2539 hominibus
397 2513 450 2546 piis
465 2518 489 2539 ct
503 2512 636 2539 studiosis
650 2511 799 2546 aliquando
816 2511 891 2539 utilis
911 2511 1004 2542 fuerit,
1021 2511 1090 2538 nihil
1108 2511 1175 2538 tnilti
1200 2511 1262 2538 istic
1286 2510 1440 2542 vindicabo,
1469 2510 1498 2536 in
1515 2516 1564 2536 vos
1583 2516 1679 2536 omnes
1692 2507 1833 2542 meumjus

216 2557 364 2588 transfero.
378 2565 494 2591 quorum
511 2557 610 2591 opibus
626 2558 737 2591 adjutus
753 2562 779 2583 et
793 2561 973 2590 sustentatus,
993 2557 1066 2584 hunc
1082 2556 1175 2584 factum
1193 2556 1308 2590 produxi
1335 2564 1343 2582 :
1371 2555 1418 2590 qui
1433 2555 1522 2583 sicubi
1539 2554 1690 2582 deformior
1713 2554 1833 2580 minusve

217 2603 353 2639 perfectus
369 2607 396 2630 ct
423 2603 449 2630 in
472 2602 561 2637 aliqua
580 2607 655 2637 parte
672 2603 714 2630 sui
735 2602 845 2633 mutilus
860 2608 891 2629 ac
906 2601 1069 2637 depravatus
1087 2602 1254 2636 apparuerit,
1277 2601 1329 2628 hoc
1345 2601 1442 2636 partim
1458 2600 1534 2627 vitiis
1545 2599 1640 2627 matris
1651 2599 1762 2630 Graecae,
1778 2605 1832 2633 quat

218 2651 283 2678 inibi
298 2650 370 2678 haud
386 2651 542 2685 incorrupta
553 2650 697 2678 conciliata
713 2653 764 2682 est,
778 2649 951 2676 attribuitotc
970 2657 977 2674 :
995 2649 1094 2683 partim
1112 2657 1178 2676 mea:
1190 2648 1361 2675 inbecillitati
1374 2648 1552 2683 assignatote,
1571 2655 1586 2674 a
1611 2654 1676 2681 quo,
1692 2649 1832 2679 Superaute

219 2697 289 2724 malo
304 2697 375 2724 vires
395 2701 421 2723 et
438 2697 576 2731 ingenium
593 2696 717 2727 artiﬁcis,
734 2695 825 2722 omnia
855 2694 956 2729 corrigi
983 2699 1010 2721 et
1038 2694 1177 2721 emendari
1197 2702 1250 2721 non
1280 2698 1437 2728 potuerunt.
1457 2693 1523 2720 Nam
1539 2693 1561 2721 si
1578 2693 1639 2727 quis
1668 2691 1787 2726 iniquior
1807 2697 1831 2717 et

220 2742 367 2775 malignior
383 2741 466 2775 judex
489 2743 556 2773 lucc,
571 2749 631 2774 qute
649 2741 683 2768 dc
701 2741 795 2767 matris
812 2740 910 2767 Gt‘zcca:
929 2739 1001 2766 vitiis
1015 2739 1087 2770 dico,
1107 2740 1197 2766 minus
1217 2739 1323 2767 sincera
1340 2745 1422 2774 atque
1437 2738 1541 2773 integra
1557 2737 1608 2765 ﬁde
1628 2745 1642 2764 a
1667 2745 1708 2763 nte
1723 2736 1828 2771 proferri

220 2789 416 2824 suspicabitur.
431 2789 577 2823 producant
604 2797 697 2816 eorum
712 2796 772 2823 quae
789 2788 850 2815 dico
869 2787 1114 2822 locupletissitttuttt
1134 2791 1241 2818 testem,
1272 2787 1455 2814 clarissimuttt
1482 2785 1726 2818 doctissimutttquc
1751 2783 1828 2810 Virum

221 2835 250 2862 D.
269 2835 399 2862 Joannem
419 2835 582 2863 Sambucutn
602 2836 768 2863 Pannonium
787 2845 790 2859 :
825 2835 850 2862 in
867 2834 924 2868 t‘jtts
939 2834 1009 2861 enim
1035 2837 1169 2868 potestate
1186 2833 1279 2860 ntatris
1303 2833 1381 2860 istius
1400 2836 1522 2866 parentes
1542 2835 1614 2863 sunt,
1634 2834 1659 2857 ct
1674 2828 1825 2860 clarissima,
