1897 3052
51 130 92 163 tat
566 127 775 158 LAURENTII
791 125 917 156 SIFANI
933 126 1140 158 PRIEFATIO.
1609 129 1663 161 432

52 185 199 219 gravissima
217 184 429 220 llrntiSsimaque
440 188 548 212 exstant
565 190 671 214 eorum,
686 188 745 215 qua:
760 180 833 212 dico,
856 181 933 215 signa
950 184 1031 214 atquc
1054 181 1227 208 documenta.
1243 181 1305 210 llaec
1320 189 1368 210 vos
1395 182 1497 217 ideirco
1514 186 1663 212 monendos

52 239 104 258 esse
114 231 249 265 judicavi,
263 236 292 258 ιιι
308 231 500 259 instructiores
516 229 577 258 sitis
594 228 726 255 adversus
741 235 788 254 eos
807 227 852 261 qui
869 227 951 254 islum
968 225 1063 254 foetum
1084 228 1221 255 voluerint
1240 229 1399 264 impugnare
1412 248 1419 260 ,
1441 237 1504 256 nam
1530 236 1660 264 quantum

50 278 72 305 in
86 285 125 303 me
141 276 205 308 fuit,
220 278 291 305 nulli
309 285 359 305 nec
373 277 458 305 labori
475 284 525 304 nec
542 275 688 310 diligentize
703 274 730 301 in
746 281 778 300 eo
797 273 924 308 ﬁngendo
939 278 1021 308 atque
1038 274 1181 301 formando
1196 283 1314 310 unquam
1332 275 1449 310 peperci.
1468 275 1538 308 Quid
1557 276 1663 311 prasti-

48 323 116 348 terim
145 322 250 356 quidve
276 327 421 350 assecutus
444 323 507 354 sim,
530 321 661 357 quoniam
685 324 794 347 exstant
823 320 988 347 documenta
1016 320 1110 348 Graece
1138 325 1220 356 atque
1250 321 1355 353 Latine,
1387 326 1468 356 atque
1496 322 1564 349 adeo
1583 325 1664 349 caete-

50 375 130 394 rorunt
146 367 292 395 hominum
311 368 455 404 utriusque
468 367 567 403 linguae
580 368 741 402 peritorum,
755 365 778 392 si
794 365 922 392 vitiorum
936 365 1018 393 modo
1028 366 1288 393 memorataamatris
1298 365 1398 393 Brute
1412 365 1543 393 rationem
1562 365 1664 393 habue-

49 415 108 446 ritis,
123 415 231 449 judicio
252 416 390 450 permitto.

76 459 150 492 Quod
168 460 271 488 attinet
284 460 319 488 ad
333 461 466 488 rationein
483 464 648 496 temporttm,
673 460 774 496 quibus
791 459 887 486 vixerit
901 458 1124 495 Theophylactus
1142 458 1275 494 Bulgaria;
1291 459 1524 495 archiepiscopus,
1540 459 1661 487 nondum

48 505 104 532 mihi
131 506 201 532 satis
220 512 350 533 constare
373 507 482 540 potuit:
500 511 530 534 ut
553 509 624 534 enim
652 507 788 540 conjicere
811 512 932 539 possum,
957 505 1050 540 plures
1065 506 1116 533 hoc
1139 506 1248 534 nomine
1261 505 1380 534 fuerunt.
1401 507 1467 533 Nam
1483 506 1664 541 Nicephorus,

49 550 240 578 Ecclesiasticw
258 551 384 579 Historia
401 553 447 579 lib.
464 561 518 584 xiv,
533 560 594 588 cap.
612 553 656 584 39,
673 552 718 579 ubi
732 552 765 579 de
779 552 957 579 translatione
971 551 1075 586 aliquot
1087 551 1277 587 episcoporum
1301 552 1367 586 agit,
1385 553 1486 579 Basilio
1506 549 1662 586 Porphyro-

47 603 150 631 g--nneta
169 597 410 634 Constantinopoli
429 600 592 634 imperante,
610 599 843 634 Theophylaelutn
866 599 1011 634 quemdam
1030 599 1162 626 Sebastia:
1183 599 1354 634 episcopum-
1368 599 1478 626 Rosiam
1498 599 1662 626 translatum

47 651 100 671 esse
113 644 224 671 scribit.
238 644 402 673 Wilbelmus
418 645 569 677 Lindanus,
583 653 669 673 sacrae
684 645 828 680 theologite
843 644 984 679 professor
997 644 1186 677 Levaniensis,
1204 645 1231 672 in
1247 645 1423 679 chronologia
1442 652 1523 679 quam
1545 644 1576 670 ad
1591 643 1664 670 fron-

47 696 93 717 1""!
106 698 160 716 sum
176 690 319 725 Ραηοριὶω
332 692 467 726 apposuit,
482 690 714 726 Theophylaetum
726 691 882 726 quemdam,
899 698 979 726 quem
1001 690 1028 716 in
1043 690 1087 717 illa
1102 697 1150 717 sua
1167 689 1298 723 Panoplia
1309 690 1380 717 inter
1396 695 1508 718 caeteros
1525 694 1662 717 auctorem

48 740 148 764 secutus
165 737 216 770 sit,
240 745 313 764 anno
337 745 350 764 a
374 739 516 766 nativitate
533 739 640 766 Domini
659 738 901 774 septingentesimo
926 737 1029 765 vix-isse
1051 737 1197 773 significat,
1218 737 1265 764 sed
1287 737 1367 771 e'ujus
1383 737 1502 764 civitatis
1517 736 1661 770 episcopus

50 781 131 813 fuerit,
147 789 205 809 non
223 783 330 818 adjicit.
344 783 390 811 Est
408 788 498 812 autem
511 784 671 816 verisimile,
688 784 817 819 quoniam
834 784 936 811 nullius
953 783 1078 815 alterius,
1092 783 1164 818 quod
1175 782 1300 817 equidem
1317 783 1413 816 sciam,
1429 783 1530 816 scripta
1544 787 1663 815 exstant,

49 826 111 854 hunc
121 828 362 864 archiepiscopum
378 829 509 864 Bulgarite
526 829 560 856 ab
574 829 620 856 illo
633 829 796 864 signiﬁcari,
814 837 895 863 quem
913 829 995 855 etiam
1012 828 1144 856 Erasmus
1160 828 1345 863 Chrysostomi
1371 827 1587 855 abbreviatorcm
1603 835 1664 854 esse

50 873 118 905 dixit,
137 878 165 900 et
181 874 280 902 titulus
297 875 380 910 hujus
396 876 487 910 operis
504 876 555 902 hoc
566 883 621 910 pra:
637 883 666 902 se
680 875 741 902 fert.
757 874 824 901 Nam
846 883 899 902 non
921 874 1009 902 solum
1025 881 1058 901 ex
1077 873 1184 901 Joanne
1202 874 1410 908 Chrysostomo,
1423 881 1516 900 verum
1535 874 1616 904 etiam
1630 882 1663 901 ex

49 919 149 951 Basilio,
174 919 291 955 Cyrillo,
321 921 434 954 Severo,
445 927 477 949 et
492 923 631 950 nonnullis
645 921 718 952 aliis,
733 929 793 956 qua:
806 921 839 948 ad
860 921 1029 956 propositum
1045 925 1072 949 et
1094 928 1149 947 rem
1170 920 1321 947 institutam
1336 919 1474 954 pertinere
1493 920 1664 953 viderentur,

49 966 191 1000 desumpsit
205 970 234 994 et
248 967 275 994 in
288 974 372 994 unum
386 975 486 1002 corpus
502 968 638 995 contraxit
655 976 662 995 :
684 974 765 1001 qttatn
778 974 833 992 rem
852 973 904 992 non
921 965 1002 992 modo
1020 973 1105 1000 genus
1118 965 1238 996 dicendi,
1263 965 1285 992 si
1301 965 1363 999 quis
1387 965 1507 992 animum
1532 966 1665 998 atlendat,

49 1018 132 1037 verum
148 1012 235 1038 etiam
256 1013 364 1040 nomina
381 1018 520 1040 auctorum
537 1013 565 1040 in
579 1013 700 1047 margine
716 1015 848 1038 annotata
863 1011 1017 1044 signiﬁcant
1037 1015 1117 1046 atqtte
1134 1011 1282 1038 declarant.
1295 1010 1414 1038 Joannes
1427 1010 1667 1046 OEeolampadins,

49 1064 71 1094 in
85 1056 243 1090 prrfatione
256 1066 336 1093 quam
353 1059 479 1094 apposuit
493 1058 686 1094 Thcophylacti
700 1062 816 1093 quatuor
831 1056 1035 1092 Evangeliorum
1053 1057 1216 1092 explication
1229 1057 1280 1084 btts
1293 1056 1327 1084 ab
1354 1065 1414 1084 sese
1432 1058 1582 1089 conversis.
1598 1057 1666 1084 nihl

48 1103 112 1130 aliud
126 1112 208 1137 quam
227 1105 301 1132 illum
320 1106 391 1133 inter
403 1105 509 1134 [ἔνυδρος
522 1106 661 1141 theologos
674 1107 851 1132 recentiorem
862 1104 946 1130 fuisse
954 1103 1099 1137 significat,
1122 1103 1169 1130 sed
1185 1103 1257 1130 haud
1275 1103 1350 1130 falsis
1362 1111 1423 1130 eum
1435 1103 1561 1131 laudibus
1575 1110 1665 1136 ornat,

49 1157 109 1183 quas
122 1150 144 1177 si
162 1151 227 1184 quis
245 1142 368 1186 requirit,
385 1158 418 1178 ne
430 1150 464 1177 ab
479 1150 540 1178 aliis
551 1150 618 1178 bene
633 1149 705 1177 dicta
726 1149 792 1176 milii
808 1156 869 1176 cum
879 1148 988 1176 fastidio
1005 1148 1151 1183 legentium
1166 1154 1287 1183 repetere
1303 1157 1412 1176 necesse
1428 1150 1473 1182 sit,
1491 1150 1564 1177 illiue
1583 1155 1666 1185 petat,

50 1200 122 1228 atque
133 1196 218 1222 etiam
237 1204 268 1223 ex
283 1196 443 1231 praefatione
455 1195 557 1223 Nicolai
576 1196 691 1226 Beraldi.
707 1203 767 1230 quae
784 1195 928 1230 praeposita
947 1199 989 1221 est
1005 1193 1218 1222 Commentariis
1234 1195 1307 1222 illius
1323 1195 1350 1221 in
1361 1194 1495 1230 Epistolas
1505 1196 1559 1223 divi
1573 1196 1664 1229 Pauli,

49 1249 61 1266 a
75 1240 274 1276 Cbristoplioro
290 1242 420 1275 Porsena,
434 1242 567 1274 Romano,
587 1242 614 1269 in
627 1241 755 1269 Latinum
773 1248 926 1268 sermonem
940 1240 1082 1267 conversis
1096 1250 1102 1267 :
1124 1240 1170 1275 qui
1185 1241 1194 1276 (
1210 1241 1282 1276 qttod
1300 1242 1436 1276 praeterire
1450 1250 1503 1269 non
1528 1250 1637 1277 possum
1657 1244 1666 1277 )

52 1294 59 1310 ι
80 1285 165 1313 Unum
191 1287 256 1320 hoc,
281 1288 379 1323 inquit,
410 1288 476 1315 satis
506 1292 623 1320 constat,
648 1287 675 1315 iu
694 1288 736 1315 his
751 1286 963 1315 Commentariis
979 1286 1023 1320 pia
1039 1294 1099 1314 esse
1115 1288 1208 1314 omnia
1223 1293 1250 1315 et
1270 1288 1422 1315 orthodoxa
1438 1288 1570 1324 longeque
1587 1290 1620 1315 ali
1633 1289 1666 1316 iis

51 1333 204 1360 dissidentia
224 1341 285 1367 qua:
300 1333 486 1369 theologorum
500 1334 596 1368 vulgus
613 1334 734 1368 quotidie
751 1340 852 1368 magno
871 1332 1019 1366 supercilio
1040 1332 1156 1360 indocta:
1174 1333 1259 1367 plebis
1280 1334 1393 1362 auribus
1414 1335 1545 1362 inculcat.
1561 1335 1667 1370 Ubique

52 1380 119 1407 enim
134 1381 320 1415 apostolicum
339 1386 434 1415 pectus
460 1388 514 1407 non
530 1381 612 1407 modo
638 1380 757 1415 explicat
782 1379 874 1414 operis
891 1379 973 1413 hujus
991 1384 1098 1411 auctor,
1111 1378 1159 1406 sed
1175 1379 1257 1406 etiam
1272 1379 1366 1411 refert,
1384 1380 1455 1414 sapit
1473 1387 1505 1406 ac
1517 1381 1614 1414 spirat,
1639 1381 1666 1408 id

51 1427 117 1460 quod
134 1435 218 1461 quant
236 1427 330 1462 paucis
346 1426 443 1453 merito
459 1426 632 1454 tribuendum
650 1427 697 1458 sit,
724 1425 802 1452 facile
832 1425 977 1460 intelliget,
1009 1426 1057 1459 qui
1083 1426 1200 1452 novitios
1218 1425 1357 1460 theologos
1375 1426 1495 1460 antiquis
1512 1426 1575 1458 illis,
1604 1434 1666 1454 cuut

52 1472 148 1498 Latinis
172 1478 230 1499 tum
248 1473 360 1505 Ciceris,
376 1473 571 1507 composuerit.
592 1484 600 1498 ι
623 1473 686 1499 llaec
701 1471 842 1499 Beraldus.
857 1472 1084 1507 OEcolampadius
1099 1472 1231 1507 prolixius
1244 1479 1274 1499 ac
1290 1472 1447 1507 singulatim
1473 1471 1667 1508 Tlieophytacti

52 1518 160 1546 virtutes
182 1519 356 1554 persequitur
373 1522 455 1554 atque
483 1522 616 1551 recenset.
635 1516 851 1552 Christophorus
862 1517 994 1550 Porsena,
1012 1518 1038 1544 in
1054 1525 1102 1545 sua
1118 1517 1278 1544 Przefatioue
1292 1517 1325 1544 ad
1340 1517 1447 1544 Sixtum
1462 1517 1494 1544 ιν
1512 1519 1666 1553 pontificum

53 1563 211 1596 Romanum,
242 1564 439 1600 Theophylacti
473 1568 626 1598 temporum
657 1563 757 1591 nullam
792 1563 856 1591 facit
885 1564 1063 1591 mentionem.
1096 1562 1169 1591 Misit
1196 1563 1228 1589 ad
1260 1570 1309 1590 nos
1328 1562 1358 1589 Ι).
1375 1563 1495 1590 Joannes
1515 1563 1668 1591 Sambucus

53 1612 196 1639 orationetn
213 1611 334 1640 Graecam
350 1612 400 1639 hac
414 1612 591 1647 inscriptione
608 1621 616 1639 ε
633 1611 802 1646 Θεοφυλάκτη

932 1612 972 1643 εἰς
998 1611 1043 1637 τὸν
1062 1611 1252 1646 αὑτοκρατορα
1273 1611 1368 1646 κύριον
1403 1611 1520 1644 Ἀλέξων
1547 1612 1593 1638 τὸν
1617 1613 1668 1639 Κο-

54 1660 156 1694 μνηνόν.
171 1660 251 1693 Quod
265 1661 287 1687 si
305 1660 329 1688 is
339 1664 381 1686 est
401 1664 495 1687 noster
514 1659 744 1695 Theophylactus,
755 1666 853 1694 nempe
865 1659 1091 1694 archiepiscopus
1108 1658 1251 1693 Bulgaritn,
1266 1659 1322 1693 jam
1344 1666 1398 1686 non
1421 1659 1536 1694 amplius
1556 1659 1668 1686 dubium

54 1712 108 1732 csse
125 1710 213 1740 potest
229 1713 282 1740 qtto
296 1709 417 1740 tempore
429 1699 535 1732 vixerit.
546 1705 699 1732 Nihilaliud
715 1712 764 1740 ego
775 1711 864 1739 neque
877 1704 911 1732 de
924 1705 978 1731 vita
995 1712 1082 1740 neque
1093 1705 1126 1732 de
1138 1705 1308 1739 temporibus
1323 1704 1405 1739 hujus
1420 1706 1506 1732 nostri
1524 1704 1669 1739 Theophy-

55 1751 111 1778 lacti
140 1753 285 1787 diligenter
303 1752 452 1780 scrutando
467 1757 550 1788 atque
563 1752 726 1787 inquirendo
742 1752 818 1787 potui
845 1752 978 1779 invenire.
1000 1752 1077 1784 Quod
1104 1753 1238 1786 reliquum
1258 1756 1310 1785 cst,
1326 1761 1373 1780 vos
1391 1752 1471 1779 etiam
1487 1757 1570 1787 atque
1587 1753 1668 1779 etiam

58 1808 117 1834 rogo
133 1809 164 1829 ac
181 1801 358 1829 vehementer
374 1804 448 1836 peto,
461 1805 490 1828 ut
506 1801 557 1828 hoc
571 1800 699 1835 exiguum
721 1804 803 1835 atque
818 1799 886 1828 adeo
900 1800 1089 1827 tenuissimum
1118 1800 1321 1832 munusculum,
1347 1801 1424 1828 vobis
1447 1800 1511 1827 licet
1527 1800 1668 1836 indignum

56 1848 201 1883 vastrisque
220 1848 246 1875 in
264 1856 306 1876 me
321 1847 436 1876 summis
453 1847 592 1875 beneficiis
605 1854 638 1874 ac
655 1846 761 1874 meritis
777 1846 953 1880 itnpar,:equi
969 1850 1059 1872 tamen
1073 1845 1162 1873 facere
1175 1847 1294 1880 bonique
1308 1846 1460 1877 consulere,
1473 1850 1500 1873 et
1516 1852 1543 1872 ut
1563 1847 1597 1873 ah
1609 1845 1670 1873 ani-

56 1893 86 1919 mi
100 1894 286 1922 benevolentia
301 1899 382 1929 atque
399 1893 566 1929 gratitudiue
580 1893 744 1928 profectum,
764 1892 846 1919 hilari
862 1893 937 1919 vultu
953 1892 1066 1926 lanaque
1079 1892 1167 1918 froute
1183 1892 1306 1926 accipere
1321 1892 1421 1918 velitis.
1440 1891 1496 1918 lloc
1511 1892 1533 1918 si
1555 1899 1569 1917 a
1591 1892 1669 1918 vobis

56 1946 213 1968 consecutus
239 1940 326 1973 fuero,
353 1940 461 1968 abunde
488 1939 555 1967 satis
582 1945 695 1973 magnos
722 1938 847 1966 laborum
875 1945 920 1966 me
947 1937 1054 1964 fructus
1077 1937 1185 1970 cepisse
1211 1936 1386 1965 existimabo.
1405 1936 1476 1964 Bene
1492 1937 1588 1970 valeto,
1617 1938 1670 1964 viri

57 1988 222 2021 amplissimi.

88 2069 121 2096 Et
137 2071 305 2098 monasterio
324 2070 497 2099 Steiuweldio
512 2078 548 2098 xu
565 2069 701 2097 Kalendas
714 2067 894 2104 Septembris,
912 2075 985 2095 anno
998 2067 1103 2094 Domini
1119 2066 1197 2095 l567.

59 2272 233 2303 (Σιθτίεείωο
251 2270 590 2310 excellentissimoque
607 2270 688 2305 viro,
722 2271 758 2310 D.
784 2269 1098 2310 ,Ιοθηῐῆυειιιιιειιῡεί),Δ
1114 2269 1469 2310 PannonioLCtesnrete
1485 2268 1668 2310 illlajcstatis

102 2313 226 2342 medico
243 2315 274 2341 et
290 2307 562 2349 historiogrupbo,
578 2308 770 2340 Laurentius
783 2308 961 2344 SIFANUS,
978 2307 1218 2345 Prunsl‘eldius,
1241 2310 1268 2339 .I.
1287 2309 1321 2338 U.
1340 2309 1463 2344 Doctor,
1481 2309 1511 2339 S.
1528 2309 1559 2338 P.
1576 2309 1614 2338 D.

88 2414 121 2440 En
137 2414 229 2448 prodit
242 2415 350 2442 tandem
365 2415 391 2442 in
404 2416 554 2450 publicum,
570 2415 613 2443 vir
623 2415 784 2446 clarissime,
799 2415 1020 2451 Theophylactus
1033 2418 1096 2442 tuus
1118 2415 1254 2442 Grzccusa
1273 2422 1314 2441 me
1330 2414 1421 2441 factus
1444 2413 1557 2440 Latinus
1570 2421 1577 2439 :
1590 2416 1666 2439 tuum
1703 2426 1706 2429 -

59 2458 123 2492 dico,
141 2469 197 2494 quo
211 2467 378 2492 careremus,
394 2462 447 2489 nisi
464 2467 492 2488 ιιι
510 2461 581 2496 quod
597 2461 743 2496 separatim
757 2460 858 2489 habere
874 2462 920 2489 tibi
932 2461 1070 2496 propriutn
1087 2461 1194 2493 hcet-at,
1209 2468 1353 2488 commune
1366 2467 1397 2487 ac
1414 2459 1550 2494 publicum
1566 2458 1666 2485 bonum

61 2514 113 2534 esse
127 2509 282 2536 maluisses.
301 2509 388 2536 Causa
403 2516 452 2536 eur
466 2513 521 2536 tam
539 2516 601 2536 sero
625 2509 754 2544 prodeat,
770 2513 799 2536 ut
816 2509 897 2536 etiam
918 2509 1022 2536 librarii
1048 2509 1155 2544 culpam
1173 2509 1301 2544 recipiam
1325 2509 1351 2534 in
1369 2516 1422 2538 me,
1439 2508 1495 2534 lucc
1520 2511 1572 2538 est.
1595 2505 1667 2541 quod

58 2552 112 2580 dum
129 2555 175 2581 ille
187 2554 220 2581 de
238 2562 280 2582 me
295 2554 402 2587 Latine,
416 2563 466 2590 ego
477 2555 511 2583 de
525 2555 572 2582 illo
605 2554 697 2582 Gratee
713 2555 821 2583 discere
837 2555 1003 2587 nitebamur,
1019 2555 1064 2582 ubi
1085 2555 1155 2582 alter
1174 2557 1288 2582 alterum
1319 2555 1409 2581 minus
1440 2553 1667 2588 intelligebamus,

59 2606 113 2626 cum
125 2600 262 2635 interpres
277 2601 385 2636 utrique
401 2600 519 2633 deesset,
536 2605 618 2636 atque
631 2601 703 2629 haud
716 2601 884 2636 incorruptis
899 2602 1034 2630 ministris
1050 2605 1202 2632 uteremur,
1219 2601 1384 2634 coniecturis
1402 2601 1501 2635 quibus
1519 2600 1586 2626 alter
1601 2600 1669 2626 alte-

59 2644 108 2673 rius
122 2653 205 2673 sensa
232 2653 452 2682 assequeremur,
469 2647 561 2674 inultis
584 2647 610 2674 in
633 2647 700 2674 locis
720 2648 758 2674 uti
775 2647 921 2675 habuimus
946 2654 1067 2674 necesse.
1094 2646 1177 2682 Cujus
1205 2647 1242 2674 rei
1266 2646 1396 2681 qnoniatn
1413 2647 1486 2673 clara
1504 2647 1667 2673 documenta

60 2696 112 2718 sunt
123 2695 151 2719 in
168 2696 307 2728 promptu,
326 2700 360 2720 ne
372 2692 465 2727 inepta
481 2693 637 2728 prolixitate
649 2693 796 2720 verborum
815 2693 985 2728 typographo
1001 2692 1139 2720 festinanti
1154 2692 1204 2719 sim
1217 2693 1244 2719 in
1261 2699 1346 2722 mora,
1361 2697 1386 2719 tc
1397 2692 1478 2719 etiam
1493 2697 1574 2726 atque
1585 2693 1666 2718 etiam

61 2743 124 2772 rogo,
137 2743 169 2766 ut
185 2739 243 2767 haec
255 2739 313 2774 ipsa
329 2747 390 2774 quae
403 2739 465 2767 dico
480 2739 642 2766 documenta
665 2739 814 2767 scrutando
836 2743 917 2773 atque
931 2738 1124 2771 examinando,
1147 2746 1255 2772 aequum
1277 2745 1300 2765 te
1317 2738 1381 2765 mihi
1394 2737 1513 2771 judicem
1531 2743 1612 2773 atque
1627 2738 1668 2765 fa-

62 2789 156 2813 ventem
170 2785 303 2820 prabere,
318 2788 346 2812 et
357 2785 437 2813 istam
455 2792 565 2820 operam
582 2792 663 2820 quam
682 2785 795 2820 praestiti
812 2784 882 2820 aequi
901 2784 1018 2818 bonique
1043 2784 1133 2814 facere
1151 2784 1228 2810 velis.
1245 2784 1321 2817 Quod
1335 2783 1468 2817 reliqtnnn
1482 2787 1536 2815 est,
1555 2791 1668 2818 magnas

63 2830 101 2858 tibi
111 2835 135 2860 ct
150 2831 259 2868 agimus
274 2833 301 2859 et
316 2830 449 2860 habemus
463 2831 577 2866 gratius,
595 2831 640 2866 qui
659 2831 732 2859 istud
749 2831 914 2866 mancipium
931 2831 1045 2866 publica:
1060 2830 1186 2858 utilitatis
1200 2831 1433 2865 inservirc,quam
1447 2829 1517 2856 domi
1533 2830 1668 2864 privatum
