1897 3052
147 135 198 168 Hi.
667 134 856 164 BONIFACiI
879 135 896 164 Β

1051 134 1246 164 ΡΙΗΞΡΑΤΙΟ
1718 131 1790 166 47ὶῖ⁴

147 198 323 230 earumque
342 189 548 228 pcnuftimam
566 193 599 220 ut
616 190 768 221 ineditam
788 190 900 226 notari,
922 190 1090 221 confestim
1107 190 1221 229 scripsi
1242 189 1279 220 ad
1298 189 1337 219 cl.
1358 188 1461 219 virum
1478 197 1514 220 ac
1529 189 1621 220 dictae
1645 189 1771 221 biblio-

146 241 246 271 thecae
259 240 427 271 custodem
452 239 679 279 dignissimum
697 240 878 272 Gott‘riduui
902 241 1131 280 Hcckingiuni,
1157 249 1272 280 rogans
1290 245 1324 271 ut
1340 241 1379 271 de
1405 249 1440 271 ea
1470 241 1606 279 epistola
1624 241 1770 272 notitiam

146 291 223 321 mihi
243 290 385 330 aliquam
400 289 614 321 submitteret.
634 292 672 320 At
690 290 745 321 ille
761 299 824 322 non
843 292 938 322 modo
954 292 1075 331 absque
1091 299 1181 322 mora
1196 299 1349 330 perquam
1364 290 1501 321 humane
1521 291 1697 329 rescripsit,
1712 291 1769 321 sed

144 343 248 380 ipsam
265 343 362 372 etiam
378 341 562 381 epistolam,
579 342 618 372 de
635 350 697 381 qua
713 341 830 372 certior
846 343 913 373 ﬁeri
936 344 1143 382 exoptabam.
1161 347 1305 374 accurate
1329 343 1500 382 nitideque
1516 341 1709 380 descriptam
1728 341 1770 372 ad

145 399 202 422 nos
219 390 407 422 transmisit.
427 391 488 421 Vix
503 399 539 421 ca
561 394 686 429 accepta
702 391 915 430 deprehendi,
931 399 996 423 non
1012 400 1029 423 a
1046 392 1288 432 TheOphylaeto
1305 392 1513 430 Bulgarorum
1529 391 1693 430 episcopo,
1711 390 1771 422 sed

143 442 183 472 ab
193 441 257 472 alio
271 441 511 481 Theophylacto
525 441 625 472 fuisse
642 442 867 480 conscriptam,
883 443 934 474 cui
950 444 1113 474 Simocatte
1127 451 1306 483 cognomen
1317 447 1400 478 erat;
1417 443 1541 482 quique
1557 443 1635 473 alias
1651 452 1768 482 qua-

145 491 255 530 plurcs
274 492 307 523 in
323 500 456 523 suorum
476 492 557 522 forte
573 491 808 529 discipulorum
825 501 919 524 usum
937 493 1017 532 (erat
1030 494 1154 533 quippe
1174 492 1375 532 professione
1392 494 1546 533 sophista.
1572 501 1630 523 seu
1648 502 1769 531 prace-

144 546 214 580 ptor
231 541 420 581 rhetorices)
437 541 648 572 elucubravit.
666 542 753 572 Hanc
771 546 880 582 utpote
898 543 1066 581 incditam,
1085 550 1115 575 et
1128 544 1252 584 alioqui
1268 543 1506 580 brevissimam,
1527 543 1652 574 veniam
1670 544 1771 574 lector

143 591 285 630 optimus
301 592 401 628 dabit,
420 592 448 622 si
474 591 562 622 velut
579 600 735 631 parergon
759 593 819 623 hoc
838 592 900 624 loci
917 601 1099 632 apposuero
1116 603 1177 625 una
1195 602 1267 626 cum
1291 594 1439 624 versione
1456 594 1566 624 Latina
1583 594 1613 624 in
1633 594 1768 634 gratiam

143 647 254 671 eorum
271 640 327 679 qui
347 639 506 679 ejusmodi
528 640 647 671 studiis
663 641 874 673 delectantur.
893 643 946 672 Est
961 650 1059 674 vero:

371 723 545 751 Dwmodocus
559 724 699 760 Antigono.

1190 728 1369 762 Δαιμόὃολτος
1393 729 1559 762 ’.Αἰγίνη-(Ῥω.

177 780 206 808 Si
223 780 286 808 vitae
302 779 417 816 pignora
431 779 561 808 Socrates
580 787 635 808 non
650 780 784 816 possidet,
801 783 926 817 paedago-

1022 784 1047 809 Εὶ
1062 784 1100 818 μὴ
1120 783 1177 819 βίον
1197 784 1344 819 Σωκράτης
1364 784 1480 820 ἐνέχυρα
1507 785 1649 820 κέκτηται,
1673 784 1771 811 παιδα-

140 835 191 860 aus
210 827 258 854 lilii
273 828 314 854 tui
335 835 389 855 non
404 827 602 855 constituatur.
616 827 734 863 Pignora
754 829 814 856 vita
827 830 889 857 intcl

1020 829 1069 863 ηγὺς
1081 829 1128 856 τοῦ
1149 829 1197 856 σοῦ
1216 830 1254 864 μὴ
1278 830 1494 865 προχειριζέποω
1516 830 1620 861 παιδός.
1645 830 1769 864 Ὲνέχυ-

139 878 239 907 gantur
251 872 309 901 ﬁlii.
326 873 412 906 Quem
428 873 500 900 enim
515 880 576 900 esse
592 879 696 908 patrem
711 879 808 902 natura
823 875 888 903 dOCll

1034 875 1062 902 δὲ
1076 875 1150 907 ,βίου
1170 876 1266 908 παῖδες
1279 876 1454 904 νοεῖσθωσιν.
1472 877 1521 903 ’ον
1545 877 1598 912 γάρ
1623 875 1692 902 εἶναι
1716 885 1770 902 πα-

141 920 214 946 tiunc
238 919 415 955 pedagogum
429 926 503 952 esse,
519 923 734 947 consentaneum
751 925 813 948 est:
828 921 890 956 quip

1020 930 1046 948 in
1060 921 1142 956 φύσις
1158 922 1272 955 ἐδίδαξε,
1302 923 1397 949 τοῦτον
1423 923 1471 949 καὶ
1495 922 1668 956 παιδαγωγόν
1693 923 1769 948 ἐστιν

139 966 192 1002 qui.
211 965 379 1001 experientia
396 965 474 993 novit
498 965 684 1001 generationis
708 965 878 995 aﬂ‘ectionem

1020 967 1147 1000 ιόπιστον,
1162 969 1260 1002 πεῖραν
1279 969 1450 1003 μανθάνοντα
1465 969 1512 996 καὶ
1527 969 1661 1003 γενέσεως
1674 969 1769 1004 σχέσιν

140 1009 244 1038 amoris
260 1009 383 1039 dolores.

981 1012 1028 1040 καὶ
1048 1012 1165 1049 στοργῆς
1179 1013 1338 1049 ἀλγηδόνας.

833 1106 978 1138 SECTIO
1011 1108 1067 1138 XI.

456 1172 500 1203 Bc
513 1177 674 1211 postrema
685 1177 776 1211 parte
792 1171 927 1203 homiliw
941 1171 1122 1209 undecim,
1132 1173 1171 1202 1η
1182 1172 1460 1203 resurrectionem.

178 1232 290 1264 XLIV.
307 1233 386 1270 Quae
401 1233 441 1264 de
465 1233 524 1264 hac
541 1238 701 1272 postrema
724 1236 811 1271 parte
837 1231 980 1262 homiliaa
1003 1231 1238 1271 ’l'heophylacti
1263 1233 1397 1264 dicenda
1418 1231 1470 1262 hic
1497 1231 1574 1262 mihi
1596 1231 1713 1268 t‘orent,
1730 1232 1764 1261 in

137 1281 379 1315 Dissertationis
399 1283 524 1322 praevias
543 1292 633 1314 num.
666 1284 689 1314 L
709 1285 775 1323 jam
804 1287 1023 1322 prmoccupata
1046 1282 1151 1313 fuere.
1167 1283 1272 1319 Quare
1298 1283 1350 1314 hic
1377 1282 1483 1314 solum
1511 1283 1683 1318 admoneo,
1712 1290 1764 1312 me

137 1332 298 1372 quidquid
317 1341 355 1363 ex
371 1333 505 1364 historia
528 1332 662 1364 Eusebii
680 1332 861 1363 derivatum
878 1332 912 1362 in
933 1340 1002 1363 eam
1019 1335 1080 1368 est,
1095 1339 1168 1362 cum
1185 1332 1322 1371 ipsomet
1337 1331 1426 1364 fonte
1443 1331 1632 1368 contulisse,
1655 1340 1764 1371 quue

137 1382 200 1412 mei
217 1383 411 1422 exemplaris
437 1383 607 1423 supplesse
623 1383 782 1420 defectus,
807 1387 904 1422 atque
925 1383 1021 1413 etiam
1047 1382 1205 1412 variantes
1234 1383 1388 1413 lectiones
1405 1382 1559 1422 pauculas
1584 1383 1760 1414 addidisse.

137 1432 245 1463 Codex
261 1431 701 1468 Caesareo-Vindobonensis,
716 1432 803 1462 unde
818 1432 885 1462 haec
901 1430 1044 1462 homiliae
1060 1432 1237 1462 undecima;
1252 1440 1324 1468 pars
1339 1432 1504 1470 desumpta
1522 1436 1582 1468 est,
1599 1432 1762 1472 integrum

137 1483 280 1513 continet
295 1482 533 1517 Homiliarium,
548 1490 606 1512 seu
626 1482 656 1511 in
674 1481 773 1512 totius
789 1481 865 1512 anni
884 1481 1060 1520 Evangelia
1076 1480 1242 1520 decerptas
1259 1489 1296 1511 ex
1322 1481 1419 1511 variis
1435 1481 1582 1512 Patribus
1598 1480 1761 1512 homilias.

138 1533 184 1562 Ex
201 1539 266 1570 quo
284 1531 362 1561 mihi
379 1531 471 1562 valde
489 1530 672 1562 verosimiie
697 1531 741 1567 ﬁt,
770 1539 856 1567 eum,
873 1531 929 1570 qui
950 1531 1136 1570 praedictum
1155 1531 1359 1562 concinnavit
1381 1532 1617 1567 Ilomt'liarium,
1636 1536 1764 1570 postre-

137 1588 221 1612 mam
240 1580 322 1612 banc
335 1580 479 1612 humilia;
494 1581 676 1612 undecimae
699 1584 819 1620 partem
836 1589 899 1612 suo
912 1580 1076 1612 addidisse
1091 1582 1255 1617 arbitratu,
1280 1585 1315 1612 ut
1330 1590 1473 1612 errorem
1490 1581 1578 1619 vulgi
1605 1582 1635 1610 in
1661 1579 1763 1618 patria

137 1639 195 1662 sua
209 1630 308 1662 nimis
322 1630 404 1662 forte
423 1631 581 1670 vigentem
595 1631 635 1662 de
650 1632 773 1662 Joanne
789 1632 823 1663 in
835 1631 898 1663 vita
917 1631 1020 1663 adhuc
1033 1632 1221 1670 superstite,
1234 1632 1366 1662 omnino
1380 1631 1505 1662 tolleret
1521 1636 1552 1662 et
1565 1630 1762 1661 eliminaret.

137 1681 214 1712 Ideo
230 1685 338 1726 autem
354 1690 440 1713 nunc
451 1682 558 1713 editur
570 1681 635 1712 haec
651 1681 794 1713 humilia:
803 1691 886 1722 pars,
899 1682 972 1721 quia
990 1683 1199 1713 constitutum
1219 1682 1312 1713 nobis
1328 1687 1386 1716 est.
1404 1681 1482 1713 nihil
1500 1681 1531 1712 in
1549 1681 1606 1712 hac
1620 1680 1763 1712 editione

139 1730 226 1769 quod
246 1731 478 1772 Theomiylacti
498 1732 630 1764 nomine
649 1732 841 1773 inscriptum
858 1733 913 1771 sit,
932 1734 1108 1773 praeterire.

827 1797 972 1828 SECTIO
989 1797 1061 1827 ΧΠ.

304 1860 349 1889 De
366 1859 595 1891 Commentario
608 1861 642 1890 in
654 1861 733 1891 Acta
748 1860 963 1900 apostolorum
980 1869 1020 1891 ex
1036 1859 1223 1890 bibliotheca
1235 1859 1591 1892 Florentino-Medium

177 1919 274 1950 XLV.
290 1920 524 1960 TheOphylacti
542 1921 791 1952 Commentarius
807 1922 841 1952 in
860 1921 940 1952 Acta
955 1921 1170 1960 apostolorum
1187 1929 1203 1951 a
1217 1920 1327 1952 Sifano
1343 1921 1450 1952 editus
1465 1922 1546 1952 adeo
1564 1930 1658 1952 rarus
1682 1930 1762 1953 eva-

135 1969 192 2007 sit,
206 1973 242 2001 ut
257 1978 329 2002 cum
347 1971 502 2002 editionis
518 1971 616 2011 hujus
632 1976 797 2003 curatores
812 1979 887 2002 eum
904 1971 959 2002 diu
979 1971 1222 2010 quaasivissent,
1242 1971 1390 2002 invenire
1407 1970 1521 2001 nullibi
1538 1971 1683 2002 venalem
1703 1981 1761 2010 po-

137 2019 272 2050 tuerint.
295 2019 388 2056 Quod
412 2020 440 2050 si
464 2029 539 2051 eum
566 2020 741 2060 aliquando
766 2020 849 2051 nacti
864 2024 953 2058 sunt,
970 2029 1009 2051 ex
1024 2021 1150 2055 Graecia
1176 2020 1299 2060 duplici
1327 2021 1482 2052 editionis
1502 2021 1598 2061 hujus
1626 2030 1762 2060 corpore

135 2073 400 2101 commutandum
419 2075 621 2110 receperunt.
638 2072 764 2103 Interea
779 2071 856 2102 dum
869 2071 994 2111 jamdiu
1010 2079 1281 2111 supervacaneam
1297 2072 1401 2102 eidem
1416 2071 1657 2110 quomodolibet
1669 2080 1761 2102 com-

138 2120 278 2158 parando
293 2123 465 2150 navassent
480 2128 622 2158 operam,
641 2120 746 2160 deque
758 2119 851 2151 exitu
862 2119 982 2165 negotii
996 2119 1094 2159 hujus
1107 2119 1265 2150 haererent
1281 2119 1408 2156 incerti,
1426 2120 1460 2151 in
1477 2129 1547 2151 eam
1566 2121 1763 2151 sententiam

134 2172 268 2199 ventum
287 2171 346 2204 est,
366 2170 400 2198 ut
415 2167 484 2206 ejus
499 2167 731 2207 apographum,
747 2167 853 2208 quiin
876 2167 1066 2199 Florentino
1085 2168 1194 2199 codice
1208 2168 1368 2206 reperitur
1382 2168 1585 2200 bibliothecas
1600 2170 1762 2201 Medicco-

135 2218 373 2254 Laurentinum,
390 2226 554 2258 quemque
568 2218 810 2258 'l‘beophylacto
820 2218 951 2249 ascribit
966 2217 1235 2249 Montefalconius
1252 2218 1286 2249 in
1303 2227 1361 2250 sua
1382 2219 1579 2250 Bibliotheca
1591 2219 1760 2250 bibliothe-

135 2278 256 2307 carum,
272 2269 333 2300 sibi
355 2270 592 2309 procurandum
612 2269 840 2306 existimarint,
857 2269 927 2306 rati,
946 2269 1096 2312 eumdem
1111 2268 1244 2300 omnino
1258 2277 1329 2300 esse
1345 2279 1417 2300 cum
1431 2278 1469 2301 eo
1485 2270 1542 2310 qui
1558 2271 1664 2301 editus
1678 2280 1694 2300 a
1712 2271 1760 2301 Si-

134 2322 210 2353 t‘ano
230 2326 277 2353 est
294 2332 302 2352 :
322 2326 419 2361 atque
435 2322 528 2358 adeo,
541 2321 702 2361 quidquid
718 2321 848 2353 demum
868 2322 1049 2359 accidisset,
1067 2322 1225 2352 variantes
1239 2320 1350 2352 saltem
1368 2321 1534 2358 lectiones,
1552 2325 1646 2360 atque
1662 2321 1758 2351 etiam

139 2372 378 2404 correctionum
394 2372 541 2403 subsidia
561 2371 856 2411 suppeditaturum.
872 2374 912 2404 At
930 2380 994 2404 non
1011 2372 1052 2403 ita
1067 2381 1118 2404 res
1133 2373 1241 2404 cessit.
1259 2373 1304 2403 Eo
1320 2371 1407 2403 enim
1422 2371 1605 2411 apograpbo
1621 2372 1757 2403 Floren-

135 2421 177 2452 tia
193 2421 288 2452 nobis
304 2421 413 2458 allato,
432 2421 571 2460 primum
597 2422 712 2453 turbati
731 2431 844 2453 sumus
861 2423 984 2453 nullam
1000 2422 1033 2453 in
1056 2430 1095 2453 eo
1110 2422 1314 2453 invenientes
1340 2421 1549 2461 epigraphen,
1567 2431 1630 2462 qua
1653 2423 1758 2454 Theo-

136 2473 283 2513 phylacto
303 2472 514 2511 Bulgarorum
532 2472 778 2513 archiepiscopo
791 2473 1025 2510 ascriberetur,
1043 2474 1162 2505 deinde
1179 2483 1252 2505 eum
1271 2473 1364 2504 nobis
1377 2474 1603 2504 evolventibus
1630 2475 1757 2506 nullum

135 2524 285 2563 apparuit
308 2522 480 2557 indicium.
509 2530 567 2552 cur
582 2522 774 2554 tribuendus
790 2523 1030 2563 Theophylacto
1046 2527 1131 2554 esset
1149 2534 1156 2554 :
1171 2524 1317 2563 adeoque
1330 2522 1438 2553 mirari
1452 2523 1618 2562 cmpimus,
1635 2533 1652 2554 a
1667 2525 1759 2555 Mon-

137 2574 312 2605 tet'alconio
326 2572 548 2604 indubitanter
563 2572 665 2603 fuisse
682 2573 922 2613 Theophylacto
936 2573 1167 2612 adjudicatum.
1185 2573 1326 2604 Tandem
1347 2572 1398 2602 vix
1415 2572 1479 2603 ulla
1494 2574 1656 2611 superfuit
1669 2574 1759 2606 dubi-

136 2625 225 2662 tatio,
240 2633 314 2656 eum
335 2632 406 2654 esse
426 2622 465 2654 ab
480 2623 634 2662 legitimis
645 2623 877 2663 Theophylacti
894 2623 1044 2662 operibus
1060 2623 1326 2663 expungendum,
1342 2631 1413 2654 cum
1431 2623 1514 2653 inter
1530 2623 1668 2655 aliorum
1692 2633 1752 2656 no-

135 2675 220 2706 mina
235 2675 377 2711 Patrum,
396 2682 468 2713 quae
486 2673 627 2704 citantur
641 2673 673 2703 in
691 2674 848 2713 margine,
862 2674 955 2704 etiam
972 2674 1072 2705 semel
1089 2677 1183 2711 Θεοφ.,
1205 2673 1355 2712 Theoph.,
1373 2682 1430 2703 seu
1453 2677 1486 2702 ut
1510 2673 1684 2713 legendum
1705 2675 1756 2706 vi-

134 2725 281 2762 debatur,
297 2728 498 2763 Θεοφύλακτος,
520 2723 767 2762 Theophylactus
783 2724 996 2760 occurrisset;
1013 2732 1047 2754 ac
1065 2723 1240 2762 prmsertim
1257 2729 1422 2762 postquam
1443 2722 1646 2762 inspeximus
1663 2725 1758 2756 verba

136 2779 256 2810 ibidem
272 2777 364 2809 allata
384 2781 508 2807 exstare
523 2776 553 2806 in
571 2776 809 2806 Commentario
826 2777 939 2807 editoa
957 2775 1075 2806 Sifano.
1096 2777 1178 2806 Hinc
1195 2776 1281 2805 enim
1303 2776 1393 2813 plane
1409 2783 1612 2814 consequens
1628 2778 1758 2808 videba-

135 2840 198 2870 tur,
219 2839 313 2871 opus,
329 2830 363 2860 in
378 2838 442 2869 quo
457 2828 717 2869 Tbcopbylactus
736 2829 805 2868 ipso
825 2829 951 2865 citatur,
970 2828 1106 2867 ejusque
1124 2828 1373 2859 commentarius
1388 2828 1459 2859 aliis
1475 2827 1612 2860 aliorum
1627 2830 1760 2861 Patrum
