1897 3052
27 175 66 207 ‘73
428 172 468 202 ΙΝ
486 171 702 208 SEQUENTIA
719 172 1007 202 TIlEOPllYLACTI
1029 173 1196 202 SCRIPTA.
1573 172 1625 203 674

28 228 250 263 commentariis
264 228 708 264 annumeratur,nullatenus
727 227 788 266 ipsi
809 235 880 258 esse
905 227 1165 266 adjudicandum.
1184 227 1302 257 Verum
1320 226 1379 257 hoc
1401 231 1626 266 argumentum

28 282 78 311 vim
94 287 170 317 pene
190 286 319 309 omnem
339 277 485 308 amittere
504 277 609 308 visum
633 282 693 314 est,
714 282 880 316 postquam
905 286 941 307 ex
959 278 1075 308 Catena
1100 276 1281 307 Oxnuiensi
1307 276 1358 314 (de
1375 286 1437 315 qua
1463 277 1625 316 superius)

25 329 162 365 intellexi,
178 327 416 366 expositionem
435 326 522 357 illam
550 327 711 358 Theodori
729 326 952 357 Heracleensis
980 334 1065 362 esse,
1082 329 1193 364 utpote
1209 325 1265 365 qui
1293 325 1413 356 diserte
1439 326 1553 356 citatar
1569 335 1624 366 pa—

25 381 86 421 gina
109 379 144 410 58
159 379 231 418 ejus
258 378 392 415 codicis,
413 378 505 417 cujus
532 379 709 417 exemplar,
728 382 764 408 ut
782 378 828 409 rei
847 378 944 417 hujus
963 377 1080 408 certior
1103 377 1223 413 ﬁerem,
1253 378 1409 416 postulavi
1431 383 1461 409 et
1485 379 1625 410 obtinui.

28 431 94 462 Hine
113 430 196 460 enim
216 429 346 459 suborta
365 428 444 458 mihi
459 428 604 467 suspicio
620 433 679 464 est,
705 428 873 459 oscilantia
900 428 1018 458 veteris
1038 432 1092 458 aut
1111 428 1298 458 recentioris
1322 429 1526 459 amanuensis
1544 430 1626 460 seri-

27 486 100 521 ptum
116 480 147 510 in
166 478 278 510 codice
298 478 497 514 Florentino,
525 478 573 508 vel
599 483 707 509 nostro
732 478 908 517 exemplari
922 479 1023 509 fuisse
1043 481 1138 515 θεοφ..
1163 478 1313 517 Theoph.,
1331 486 1388 517 pro
1404 481 1493 511 8:06..
1511 479 1623 510 Thcod.

26 531 74 563 Sed
88 530 378 570 quomodocumque
393 537 443 559 res
459 529 520 559 ista
537 537 571 558 se
584 527 707 565 habeat,
720 532 754 559 ut
771 532 895 559 certum
913 532 1001 568 puto,
1019 527 1301 559 Montefalconium
1319 537 1382 559 non
1399 529 1463 560 alio
1480 530 1537 560 niti
1554 529 1626 559 fun-

28 582 158 611 damento
185 578 330 617 potuisse
346 578 383 609 ad
406 577 674 609 Commentarium
693 578 779 608 hunc
804 577 1042 616 Theophylacto
1067 577 1289 614 asserendum,
1307 587 1402 617 quam
1425 580 1524 618 quod,
1549 581 1625 610 dum

28 631 124 670 raptim
141 629 233 659 illum
249 628 427 665 evolveret,
449 628 481 659 in
497 627 606 666 aliqua
624 627 775 658 inciderit
788 627 855 658 loca
873 627 1071 658 continentia
1091 627 1170 658 illud
1191 627 1274 658 idem
1290 628 1376 667 quod
1401 633 1473 659 ante
1498 628 1530 658 in
1548 629 1629 659 επη-

26 684 106 715 niano
120 682 356 713 Commentario
369 681 571 720 perlegisset.
590 681 666 711 Mihi
682 680 794 711 saltem
822 689 885 712 non
901 679 989 711 aliud
1014 680 1123 710 animo
1149 680 1394 712 fundamentum
1417 681 1565 712 occurrit.
1594 681 1627 711 Iul

27 742 88 765 vero
104 742 196 773 quam
214 734 257 764 sit
276 732 476 764 imbecillum
491 733 524 763 in
542 733 799 769 Commentariis,
818 733 874 772 qui
895 732 942 762 vel
963 741 1072 770 puram
1095 733 1222 763 Catenae
1247 733 1402 764 rationem
1428 733 1562 769 habent,
1579 732 1626 764 vel

27 786 56 816 ad
72 784 149 815 illam
168 785 316 824 proxime
331 784 499 820 accedunt,
514 785 663 824 quisquis
679 784 772 816 facile
785 784 950 823 intelligit.

56 836 155 866 XLVI.
172 836 294 866 Verum
314 836 340 866 si
358 844 408 866 res
422 835 463 866 ita
482 844 517 866 se
534 835 639 870 habet.
661 844 717 866 cur
734 835 832 874 igitur
843 835 896 866 hic
911 843 929 866 a
946 835 1039 866 nobis
1120 835 1223 866 lucem
1244 836 1428 866 emittitur?
1443 837 1504 867 Cur
1527 836 1624 866 etiam

26 888 116 918 Graece
128 887 304 918 duntaxat?
318 889 351 917 In
370 888 473 918 lucem
491 887 542 918 hic
560 887 662 918 emitti
677 888 869 926 respondeo,
886 887 1037 926 primum,
1052 887 1138 926 quod
1156 887 1224 918 viro
1241 896 1317 918 sane
1330 887 1517 918 doclissirno
1540 888 1628 917 visus

24 937 108 968 fuerit
123 946 193 968 esse
211 937 463 977 'l‘heophylacti;
489 946 594 978 neque
619 942 705 970 certo
727 938 836 978 aliquo
856 938 1090 978 perspicueque
1109 943 1298 978 argumento
1322 938 1426 968 refelli
1441 937 1541 977 possit
1571 938 1627 967 ist-

25 988 78 1018 liiec
92 987 210 1026 opinio.
227 988 257 1018 2.
274 988 354 1024 Quia
373 996 502 1026 aequum
516 996 580 1018 non
597 987 724 1024 censui,
741 987 959 1027 apographum
975 987 1061 1018 istud
1080 987 1214 1017 omnino
1231 987 1385 1023 interire;
1404 987 1524 1026 quippe
1541 986 1626 1026 quod

28 1046 85 1068 esse
96 1037 230 1068 fortasse
246 1038 360 1076 poterit
375 1037 473 1068 alicui
495 1038 633 1077 posteris
657 1038 744 1074 usui,
773 1037 1046 1077 quemadmodum
1070 1037 1148 1068 mihi
1169 1046 1231 1068 non
1249 1038 1365 1068 inutile
1379 1037 1451 1073 fuit,
1477 1040 1511 1066 ut
1537 1037 1629 1067 Com-

30 1085 159 1117 mentarit
178 1087 321 1118 Vaticani
346 1086 395 1127 (de
418 1096 483 1127 quo
505 1087 625 1119 dictum
647 1091 695 1119 est
710 1088 822 1126 supra)
846 1087 1011 1127 exemplar
1029 1088 1234 1119 emendarem
1266 1091 1362 1127 atque
1375 1087 1572 1125 supplercm.
1592 1086 1629 1115 Et

26 1138 139 1177 quidem
155 1139 262 1178 quoad
280 1139 349 1179 ejus
361 1139 473 1170 attinet
486 1149 594 1178 usum,
614 1140 753 1170 breviter
769 1139 966 1179 patefaciam,
980 1139 1067 1179 quod
1085 1139 1164 1170 mihi
1182 1147 1257 1170 eum
1275 1137 1475 1178 percurrenti
1492 1137 1577 1167 venit
1596 1137 1628 1167 in

28 1192 149 1219 mentem
170 1197 178 1218 :
200 1189 353 1219 nimirum
370 1198 408 1219 ex
427 1189 529 1220 tribus
545 1190 633 1221 hisce
651 1191 685 1220 in
698 1190 778 1220 Acta
797 1190 972 1228 apostolica
995 1189 1253 1225 Commentariis,
1277 1197 1358 1228 quos
1375 1189 1524 1219 volumen
1544 1186 1627 1217 istud

27 1239 234 1277 complectitur
252 1239 440 1278 (prtesertim
458 1240 488 1270 si
513 1240 731 1278 Chrysostomi
758 1240 855 1271 fentis
878 1240 1022 1271 omnium
1040 1239 1193 1279 praecipui
1216 1239 1439 1270 adnotationes
1460 1237 1628 1272 addant-nr)

27 1291 184 1329 perfectum
201 1291 312 1322 conﬁci
332 1299 438 1330 posse,
459 1291 708 1331 absolutumque
724 1292 756 1322 in
769 1292 877 1323 eadem
897 1292 972 1322 Acta
997 1290 1284 1324 Commentarium;
1300 1299 1372 1321 cum
1396 1290 1515 1328 singuli
1533 1293 1627 1320 ewle-

26 1341 126 1380 roquin
143 1341 228 1372 haud
245 1351 356 1382 parum
374 1341 483 1381 procul
496 1342 561 1372 sint
574 1351 589 1373 a
605 1342 711 1373 debita
728 1342 935 1382 perfectione.
952 1342 1070 1373 Poterit
1084 1342 1181 1381 igitur
1195 1341 1356 1381 quispiam
1376 1351 1415 1372 ex
1432 1341 1569 1380 singulis
1587 1350 1625 1371 ea

27 1401 84 1431 quae
97 1393 132 1424 ad
150 1403 217 1424 rem
234 1394 370 1425 maxime
386 1393 519 1430 faciunt,
536 1393 695 1433 seligendi
711 1402 820 1425 curam
843 1394 1050 1433 laboremque
1073 1394 1239 1431 suscipere
1257 1404 1265 1424 :
1285 1402 1380 1433 quem
1398 1393 1479 1424 forte
1498 1397 1625 1432 egomet

26 1443 237 1481 suscepissem,
260 1443 323 1473 nisi
350 1442 432 1479 aliae,
448 1443 569 1481 quibus
586 1443 755 1479 distrahor,
773 1452 855 1474 curm
867 1447 898 1474 et
913 1443 1106 1474 valetudinis
1119 1443 1321 1474 imbecillitas
1334 1443 1562 1474 inhibuissent.
1582 1445 1628 1474 En

26 1492 111 1531 igitur
126 1494 219 1531 ratio,
235 1503 292 1525 cur
308 1494 400 1525 illum
418 1494 586 1526 ediderim.
604 1496 710 1526 Graece
725 1499 831 1525 autem
849 1499 969 1525 tantum
985 1493 1084 1529 edidi,
1101 1494 1176 1533 quia
1193 1503 1230 1525 ex
1249 1503 1311 1525 una
1330 1498 1415 1533 parte
1428 1494 1628 1525 levissimum

25 1546 65 1573 cst
77 1543 321 1576 fundamentum
339 1546 566 1577 Commentarii
593 1546 691 1586 hujus
715 1545 954 1585 Theophylarto
976 1545 1186 1585 adjudicandi
1203 1556 1211 1575 :
1229 1555 1268 1577 ex
1285 1546 1383 1577 altera
1409 1546 1629 1584 veroexposi-

25 1593 117 1623 tiones
138 1593 210 1632 ejus
227 1593 387 1633 pleraeque
402 1594 434 1624 in
451 1594 604 1626 alterutro
621 1604 660 1626 ex
678 1595 732 1633 iis,
752 1596 809 1635 qui
828 1595 1003 1626 voluminis
1024 1595 1124 1635 hujus
1142 1595 1236 1626 initio
1264 1596 1416 1635 impressi
1439 1601 1527 1633 sunt,
1547 1596 1628 1627 Sii‘a-

26 1641 107 1672 uiano
119 1641 253 1678 scilicet,
270 1647 300 1672 et
314 1641 478 1679 vaticano,
497 1651 559 1674 non
573 1643 668 1674 modo
683 1644 787 1683 quoad
805 1652 952 1680 sensum,
976 1643 1031 1674 sed
1048 1644 1144 1674 etiam
1160 1644 1266 1684 quoad
1283 1645 1380 1675 verba
1407 1653 1631 1684 saepenumero

26 1694 134 1724 insunt.
151 1694 235 1724 Hinc
252 1693 390 1732 pretium
407 1701 513 1733 opera)
529 1694 661 1726 minime
684 1703 755 1726 esse
772 1695 898 1732 censui,
918 1703 1038 1726 novum
1052 1696 1139 1727 hunc
1159 1696 1270 1727 subire
1285 1697 1438 1734 laborem,
1457 1701 1488 1728 et
1502 1697 1629 1736 aliquo-

31 1751 89 1774 rum
105 1743 289 1774 accessione
304 1742 456 1775 ioliorum
473 1741 562 1774 nu'lla
580 1745 811 1784 propemodum
833 1745 971 1776 utilitate
988 1745 1139 1777 volumen
1158 1746 1217 1777 hoc
1232 1754 1381 1777 onerare.

61 1793 182 1824 XLVII.
200 1792 352 1829 Quamvis
366 1798 472 1824 autem
490 1795 761 1826 Commentarium
786 1794 871 1825 hunc
888 1795 997 1825 Latine
1014 1803 1078 1825 non
1101 1795 1264 1833 verterim,
1283 1804 1348 1826 non
1374 1796 1449 1827 ideo
1470 1800 1573 1828 tamen
1593 1800 1632 1829 ab

29 1843 107 1874 omni
122 1843 153 1874 in
169 1851 209 1875 eo
225 1843 350 1874 edendo
363 1843 470 1875 labore
484 1853 533 1875 me
549 1844 684 1875 absolvi.
703 1845 845 1875 Lacunas
862 1844 962 1880 enim,
978 1844 1098 1883 quibus
1115 1845 1331 1884 apographum
1348 1844 1536 1883 frequenter
1560 1847 1630 1878 hia-

29 1894 72 1924 bat
88 1895 270 1934 (przrsertim
294 1895 356 1926 sub
371 1896 441 1935 ejus
457 1895 599 1936 initium)
617 1896 747 1935 explere
775 1903 831 1935 pro
846 1895 969 1926 viribus
987 1896 1112 1926 studui.
1138 1898 1175 1927 Et
1193 1896 1288 1927 initio
1304 1897 1447 1936 quidem,
1473 1898 1526 1928 ubi
1549 1901 1633 1938 spis-

27 1945 116 1976 siores
132 1945 255 1976 lacuum
270 1950 372 1982 erant,
391 1945 468 1976 mihi
488 1945 521 1976 in
534 1946 614 1977 hanc
632 1955 697 1976 rem
717 1946 917 1977 incumbeuti
934 1946 1194 1984 percommodum
1207 1946 1269 1977 fuit
1288 1947 1412 1978 Catente
1434 1946 1632 1978 Oxoniensis

29 1995 55 2026 in
67 1996 170 2027 eadem
199 1997 273 2027 Acta
296 1996 447 2036 primum,
471 1997 557 2036 quod
583 1997 737 2028 habebam
762 2006 825 2036 prie
844 1996 1006 2034 manibus,
1026 1997 1140 2028 folium
1159 2008 1166 2028 :
1187 2007 1260 2029 cum
1287 1998 1354 2036 ipsa
1374 1998 1494 2037 quippe
1516 1999 1631 2029 Catena

28 2045 230 2084 apographum
248 2054 354 2076 meum
374 2046 420 2077 sic
436 2046 518 2076 inibi
533 2046 708 2078 convenire
733 2046 944 2086 deprehendi,
962 2051 996 2077 ut
1023 2047 1108 2077 idem
1132 2056 1201 2078 esse
1217 2057 1299 2086 opus
1318 2048 1492 2084 videretur,
1512 2048 1573 2079 nisi
1591 2059 1631 2080 ex

29 2101 170 2134 postrema
186 2097 275 2127 illius
292 2102 390 2137 parte,
406 2101 499 2137 atque
517 2106 555 2128 ex
571 2098 700 2130 duobus
716 2099 800 2136 aliis,
816 2107 889 2138 quae.
915 2098 992 2129 mihi
1010 2107 1141 2128 cernere
1162 2098 1266 2133 licuit,
1292 2099 1362 2138 ejus
1388 2099 1475 2130 foliis
1499 2100 1631 2131 omnino

29 2148 249 2185 cognovissem,
269 2149 416 2179 Catenam
433 2148 654 2180 Oxonieusem
670 2151 768 2180 multa
786 2149 968 2188 complecti,
985 2157 1056 2188 quae
1078 2149 1111 2179 in
1127 2148 1314 2180 Florentino
1329 2150 1565 2182 Commentario
1577 2151 1633 2181 de-

29 2196 211 2229 siderantur.
228 2199 388 2229 Posterior
404 2199 464 2230 iste
481 2199 616 2230 fortasse
637 2203 807 2238 excerptus
826 2203 873 2230 est
895 2207 933 2229 ex
948 2198 1001 2229 illa
1029 2199 1146 2237 priore.
1171 2198 1218 2229 Ad
1243 2199 1426 2230 sarciendas
1451 2209 1538 2238 vero,
1562 2209 1634 2240 qua)

30 2252 222 2280 oiecurrerent
237 2250 270 2280 in
293 2258 478 2289 progressu,
496 2250 626 2281 lacunas
639 2251 794 2282 alterutro
817 2259 856 2281 ex
869 2249 1115 2281 Commentariis
1129 2249 1300 2288 praedictis,
1318 2250 1481 2282 Sifaniano
1497 2251 1631 2285 scilicet,

30 2301 53 2328 et
69 2299 230 2336 Vaticano,
247 2300 303 2330 sed
321 2299 466 2331 omnium
482 2299 747 2340 frequentissime
763 2308 878 2340 magno
895 2300 1124 2339 Chrysostomo
1141 2309 1220 2331 usus
1236 2309 1325 2337 sum;
1340 2304 1369 2331 et
1385 2310 1422 2332 ea
1437 2302 1568 2341 quidem
1583 2301 1631 2332 fe-

31 2348 149 2388 licitate,
171 2356 204 2382 ut
223 2361 262 2383 ex
279 2352 439 2391 plurimis,
456 2361 528 2392 quae
544 2352 670 2383 inerant
685 2356 790 2391 antea,
806 2353 930 2384 lacunis
947 2361 1008 2382 una
1030 2356 1163 2387 tantum,
1181 2352 1230 2383 vel
1251 2352 1348 2383 altera
1371 2352 1531 2391 inexpleta
1557 2351 1635 2383 mihi

31 2402 217 2432 remanserit.
247 2401 351 2433 Verba
376 2411 393 2433 a
417 2404 513 2434 nobis
538 2403 646 2434 addita
671 2411 710 2433 ex
744 2403 861 2441 signis,
884 2402 1004 2442 quibus
1029 2402 1075 2432 uti
1100 2402 1131 2432 in
1156 2401 1320 2432 similibus
1344 2403 1499 2440 solemus,
1523 2404 1635 2433 Lector

31 2456 179 2490 agnoscet.
194 2452 241 2483 Ad
258 2453 376 2484 calcem
391 2453 631 2490 Commentarii,
647 2461 687 2483 ne
704 2453 828 2492 integra
848 2453 963 2493 pagina
979 2451 1113 2483 omnino
1131 2460 1226 2483 vacua
1241 2457 1431 2490 remaneret,
1454 2453 1493 2482 ab
1509 2463 1547 2485 eo
1565 2454 1634 2486 loco

32 2509 89 2540 pag.
103 2502 171 2537 629,
189 2502 248 2533 col.
261 2503 293 2540 2,
311 2507 401 2535 Ἐστὶν
412 2505 458 2535 οὖν
468 2509 482 2535 ό
497 2509 551 2540 πᾶς
570 2509 676 2544 χρόνος,
695 2508 781 2542 regat

884 2503 1015 2543 ographi
1035 2503 1136 2542 adjeci
1156 2504 1262 2539 verba,
1281 2503 1400 2543 quibus
1418 2505 1530 2546 Catena
1545 2506 1633 2536 Oxo-

31 2550 139 2582 nieusis
155 2551 345 2584 absolvitur.
363 2555 474 2593 Neque
492 2554 524 2584 id
544 2555 669 2586 Lectori
687 2554 898 2593 injucundum
916 2554 983 2584 fore
994 2553 1118 2584 conlido
1135 2554 1200 2584 :sie
1214 2554 1300 2584 enim
1315 2554 1484 2593 prmdictm
1497 2555 1630 2590 Catena);

31 2607 111 2637 quam
122 2603 417 2640 prastantt'uimam
431 2604 570 2642 appellat
587 2604 756 2635 Fabricius
769 2603 802 2634 in
819 2603 904 2634 Bibl.
923 2603 1043 2640 Gra'ca,
1063 2603 1193 2634 initium
1211 2603 1332 2634 tenebit
1350 2607 1381 2634 et
1396 2603 1502 2635 (inea).

701 2654 841 2685 SECTIO
863 2653 948 2685 XIII.

434 2707 478 2736 De
499 2706 655 2745 Epistolis
679 2716 698 2736 α
720 2707 860 2738 Meursio
885 2706 988 2743 editis,
1012 2711 1041 2737 ct
1062 2717 1082 2736 α
1104 2707 1220 2737 Lamia.

66 2754 200 2787 XLVIII.
223 2756 317 2786 Forte
347 2757 514 2788 mirabitur
537 2759 658 2796 Lector,
692 2759 777 2798 quod
810 2759 878 2789 istae
903 2758 1047 2797 epistolae
1072 2759 1111 2788 ab
1138 2757 1209 2788 aliis
1236 2757 1350 2797 viginti
1375 2759 1528 2798 sejunctas
1559 2758 1634 2790 huic

32 2804 147 2837 editioni
166 2808 286 2838 fuerint
310 2808 454 2846 inserito,
473 2819 547 2841 cum
577 2819 672 2841 nemo
702 2819 766 2841 non
789 2811 904 2846 videat,
923 2809 1100 2840 naturalem
1127 2808 1271 2838 Ordinem
1297 2809 1477 2848 postulasse
1503 2815 1536 2841 ut
1552 2819 1630 2842 cou-

30 2852 146 2892 junctlm
167 2859 341 2889 ederentur
357 2867 481 2890 omnes.
502 2861 636 2891 Consilii
654 2861 761 2898 itaque
785 2861 884 2891 nostri
911 2861 988 2890 hanc
1013 2860 1166 2890 rationem
1193 2858 1317 2890 habeto.
1347 2860 1505 2899 Principio
1531 2860 1633 2897 fuerat
