1897 3052
241 118 294 148 ιῖῆ
748 114 941 144 BONIFACII
956 114 1116 144 ~FlNETTl
1137 114 1332 145 PRiEFATIO
1339 137 1346 144 .
1827 112 1895 144 476·

240 169 517 208 constitututn,tut
536 169 650 208 viginti
672 168 826 199 duntaxat
844 170 1072 209 Thwphylacti
1097 170 1242 208 epistola)
1258 170 1316 200 hoc
1339 170 1370 199 in
1396 169 1560 201 volumine
1576 169 1687 200 sedem
1703 169 1882 200 haberent.

239 228 311 259 quae
335 220 478 250 nondum
505 219 665 259 publicam
690 220 791 249 lucem
809 225 1016 258 aspexerant;
1042 229 1113 251 cum
1140 229 1184 250 ere
1213 224 1336 250 tantum
1357 220 1434 250 huic
1459 221 1555 250 tertio
1579 219 1756 255 volumini,
1784 220 1883 258 quod

237 268 370 301 ineditis
384 269 613 308 Theophylacti
627 268 779 307 operibus
792 270 992 308 excipiendis
1020 269 1216 300 destinatum
1233 270 1266 300 in
1292 270 1404 308 primis
1429 273 1507 305 erat,
1528 270 1687 308 explendo
1703 270 1785 300 satis
1805 278 1879 300 esse

239 320 435 356 viderentur,
459 320 591 358 adjectis
619 323 722 350 tamen
747 319 876 350 duobus
903 320 1056 358 operibus
1081 321 1187 352 adhuc
1214 321 1356 356 ineditis,
1387 328 1526 360 quorum
1559 321 1696 350 alterum
1722 320 1885 358 Parisiis,

239 371 375 400 alterum
396 369 557 400 Florentia
580 369 851 407 praastolabamur.
874 370 933 400 Sed
953 370 1092 409 primum
1111 371 1189 400 illud
1203 380 1287 408 saepe
1303 371 1510 409 promissum,
1531 379 1695 409 nunquam
1712 370 1884 409 perlatum

239 419 277 450 ad
304 429 361 450 nos
384 424 441 450 est.
469 419 612 449 Alterum
641 419 772 458 quidem
789 419 991 458 accepimus;
1021 421 1077 451 sed
1108 420 1188 450 illud
1218 420 1492 459 perpendentibus
1519 419 1611 450 nobis
1641 428 1705 450 non
1725 419 1827 457 su5pi
1844 419 1886 448 ~io

239 470 403 505 duntaxat,
433 470 487 499 sed
521 474 603 499 certa
629 470 795 507 persuasio
813 469 943 506 insedit,
963 469 1000 500 ad
1019 469 1295 508 Theophylactum
1315 469 1501 500 nullatenus
1526 469 1696 506 pertinere.
1713 469 1777 498 Nos
1803 476 1884 497 vero

242 521 272 550 in
298 529 435 550 errorem
460 520 665 558 perduxerat,
694 529 766 560 qua;
792 521 876 559 apud
913 521 1200 552 Montefalconium
1227 521 1344 560 legitur
1372 521 1404 551 in
1436 520 1587 551 Biblioth.
1615 520 1885 551 bibliothecarum

239 577 261 601 t.
281 573 305 606 Ι,
326 580 395 610 pag.
415 572 465 607 35,
491 571 658 603 imminuta
687 571 864 610 inscriptio,
887 580 958 611 quas
988 572 1160 611 sequitur:
1185 573 1362 603 Threnodia
1379 580 1475 611 super
1501 571 1595 601 beatw
1629 572 1787 601 memoriw
1809 572 1883 600 viro

241 622 279 650 Π.
298 622 541 660 Theophylacto.
557 621 683 652 Scilicet
700 621 859 660 ejusmodi
878 621 992 652 titulus
1022 630 1080 652 nos
1107 625 1253 652 erexerat
1280 621 1311 652 in
1328 630 1431 660 spem,
1453 619 1671 654 Threnodz’um,
1688 620 1727 650 de
1742 629 1810 657 qua
1831 619 1887 648 hic

240 681 357 709 sermo,
375 681 477 712 genus
494 672 624 712 aliquod
639 674 794 704 orationis
811 673 957 704 funebris
975 682 1046 704 esse
1063 673 1096 703 in
1114 672 1395 712 Theophylactum
1413 672 1473 711 jam
1495 675 1672 704 DlOi'lUlllt],
1702 680 1777 710 quae
1804 670 1888 700 huic

244 723 399 754 volumini
422 733 457 754 ea
477 724 601 754 ratione
620 724 715 755 inseri
732 729 852 764 posset,
871 725 956 764 quod
974 724 1082 764 aliqua
1099 733 1137 754 ex
1155 724 1254 762 gestis
1279 723 1521 762 virtutibusque
1554 723 1600 760 (ut
1626 722 1657 752 iu
1684 722 1885 761 liujusmodi

240 775 440 806 orationibus
466 777 609 807 accidere
624 777 718 816 solet)
745 777 836 808 illius
863 777 1000 808 celebris
1023 776 1258 815 archiepiscopi
1293 776 1572 814 complecteretur.
1601 778 1639 806 At
1679 775 1746 805 sola
1782 774 1886 803 lectio

240 823 431 863 epigraphes
461 826 651 863 exemplaris
681 826 718 856 ad
751 832 809 856 nos
839 825 1015 856 transmissi
1062 825 1100 855 ab
1133 826 1221 856 omni
1257 825 1390 856 omnino
1422 834 1478 864 spe
1511 830 1542 855 et
1570 829 1790 864 prmconcepla
1823 833 1882 855 nos

239 874 395 912 opinione
413 875 548 916 dejecit;
566 876 608 906 ita
626 876 710 906 enim
730 885 764 905 se
784 875 879 906 habet
896 887 903 905 :
920 881 988 916 Θρηι

1151 881 1189 916 τῷ
1213 880 1356 916 pangi-top
1371 879 1449 916 κόρῳ
1471 880 1651 916 θεοφυὶάκτῳ
1678 880 1716 915 τῷ
1741 880 1883 906 Baltasa-

242 929 318 964 ρίτῳ,
339 925 533 956 Lamentatio
554 934 649 964 super
666 925 767 966 felicis
790 927 945 955 meritoria:
968 927 1035 957 viro
1065 927 1190 956 domino
1217 926 1447 966 Theophylacto
1477 926 1674 957 Belissarilo.
1700 927 1803 956 Porro
1833 926 1884 957 vel

241 977 347 1015 ipsum
373 977 553 1008 Belissan‘ti
572 986 749 1016 cognomen
777 978 854 1008 satis
881 978 991 1017 procul
1022 978 1120 1009 dubio
1137 978 1263 1015 fuisSet,
1292 983 1326 1009 ut
1348 978 1621 1018 Theophylactum
1642 979 1728 1009 hunc
1758 987 1778 1009 α
1801 977 1885 1008 Bul-

241 1034 390 1065 garorum
409 1027 651 1065 archiepiscopo
669 1036 925 1066 secerneremus,
941 1028 1068 1059 etiamsi
1090 1037 1163 1068 quae
1186 1028 1393 1059 continentur
1419 1029 1451 1059 in
1482 1029 1538 1059 hac
1559 1029 1702 1060 oratione
1735 1028 1882 1066 lugubri

240 1077 350 1116 aliquo
377 1077 472 1108 modo
492 1077 632 1108 fuissent
656 1078 892 1116 ambigua.Sed
921 1082 951 1109 et
964 1088 1014 1109 res
1040 1079 1071 1109 in
1098 1080 1165 1118 ipsa
1193 1083 1351 1110 contentae
1372 1079 1647 1118 Theophylactum
1671 1078 1834 1109 exhibent
1867 1085 1883 1106 δ

242 1130 353 1157 nostro
375 1126 467 1166 plane
487 1127 650 1157 diversum
667 1129 751 1156 :tota
771 1126 856 1156 enim
876 1127 1071 1164 impenditur
1086 1128 1120 1158 in
1137 1127 1335 1166 deplorando
1355 1129 1527 1159 immaturo
1549 1129 1680 1165 juvenis
1700 1129 1876 1167 rujusdam

242 1176 362 1206 nobilis
383 1175 527 1212 interitu,
545 1176 598 1215 qui
616 1184 687 1205 cum
706 1176 835 1214 generis
859 1175 1035 1212 nobilitate,
1055 1180 1122 1206 tum
1141 1176 1294 1206 virtutum
1312 1182 1499 1207 ornamento
1523 1179 1688 1216 praestabat
1709 1190 1716 1209 :
1749 1178 1881 1217 quique

241 1227 317 1257 dum
334 1226 468 1257 Athenis
485 1227 592 1257 studio
608 1235 735 1266 operam
751 1228 849 1264 daret,
870 1228 1016 1259 faucibus
1031 1229 1148 1268 angina
1162 1229 1357 1265 interclusis,
1376 1229 1525 1268 migravit
1545 1241 1561 1260 e
1589 1230 1663 1266 vita,
1688 1231 1773 1260 datis
1799 1235 1874 1261 ante

243 1276 392 1318 pluribus
413 1278 541 1316 pietatis
558 1278 701 1309 indiciis.
728 1280 809 1309 Eum
829 1279 925 1318 igitur
941 1279 1046 1310 solum
1069 1289 1109 1310 ex
1134 1280 1194 1310 hoc
1213 1280 1372 1319 opusculo
1387 1279 1526 1310 Iructum
1548 1280 1665 1311 referre
1695 1286 1877 1317 potuerunt

241 1334 406 1360 curatores
424 1329 556 1359 istiuscc
569 1329 729 1368 editionis,
748 1334 783 1360 ut
799 1330 898 1369 magis
912 1330 1077 1369 magisque
1092 1335 1286 1370 perspectam
1304 1330 1456 1360 omnibus
1479 1334 1690 1370 testatauique
1704 1331 1881 1362 redderent

243 1381 457 1421 diligentiam,
475 1389 538 1420 qua
564 1380 612 1411 usi
637 1385 725 1416 sunt,
751 1381 918 1411 maximam
946 1380 977 1410 in
1006 1380 1239 1420 conquirendis
1263 1380 1420 1420 undique,
1449 1381 1538 1411 nulla
1578 1386 1726 1420 sumptus
1752 1383 1882 1413 ratione

244 1433 361 1468 habita,
381 1431 536 1471 operibus
562 1431 598 1461 ad
623 1430 898 1470 Theophylactum
926 1434 1070 1460 nostrum
1097 1430 1341 1470 quomodolibet
1384 1431 1634 1470 pertinentibus.
1664 1433 1742 1463 Cum
1782 1434 1882 1472 igitur

244 1483 342 1522 hujus
359 1482 558 1519 alteriusque
576 1480 703 1511 defectu
715 1480 821 1518 operis
841 1489 904 1511 non
927 1489 1023 1518 pauca
1042 1480 1194 1510 deessent
1212 1480 1288 1511 folia
1306 1481 1344 1511 ad
1361 1481 1569 1518 praestitutam
1587 1481 1685 1521 hujus
1703 1482 1882 1513 voluminis

246 1533 372 1568 molem,
393 1534 567 1562 -curalores
600 1529 755 1569 praedicti,
794 1528 961 1568 impressis
995 1529 1058 1568 jam
1085 1529 1232 1568 epistolis
1263 1529 1395 1568 viginti,
1435 1534 1465 1560 et
1496 1531 1604 1561 Graeco
1639 1532 1882 1563 Commentario

244 1581 450 1620 insequente,
477 1580 653 1612 consilium
685 1579 889 1618 capessivere
924 1579 973 1619 (ad
1006 1579 1106 1610 alium
1134 1583 1255 1609 tomum
1283 1583 1444 1610 reservato
1475 1589 1589 1619 opere,
1620 1582 1708 1619 quod
1742 1582 1882 1613 Parisiis

246 1631 479 1670 prteslolantur)
496 1629 669 1669 adjiciendi
693 1630 788 1660 etiam
807 1629 960 1668 epistolas
978 1638 995 1659 a
1022 1629 1164 1659 Meursio
1186 1633 1216 1659 et
1239 1628 1349 1659 Lamio
1369 1628 1482 1666 editas,
1506 1638 1546 1660 ne
1564 1633 1670 1661 tonius
1698 1631 1759 1662 iste
1787 1641 1882 1672 aequo

246 1682 374 1712 brevior
396 1681 562 1717 evaderet;
589 1679 754 1718 simulque
778 1679 939 1710 celeritate
964 1687 1088 1710 summa
1111 1679 1244 1710 curandi
1265 1679 1376 1718 ipsius.
1405 1679 1666 1718 impressionem,
1696 1690 1734 1711 ne
1764 1683 1882 1713 erudi-

248 1736 355 1762 torum
381 1735 452 1762 vota
478 1731 602 1762 diutius
629 1729 851 1770 fatigarentur.
876 1730 960 1760 Hinc
981 1738 1057 1761 vero
1072 1729 1139 1769 .hoc
1164 1729 1269 1760 solum
1294 1729 1490 1760 incommodi
1521 1731 1637 1762 accidit
1661 1731 1761 1771 (quod
1795 1734 1881 1764 enim

246 1783 404 1823 ejusmodi
424 1784 568 1823 epistolae
583 1784 621 1814 ab
637 1783 710 1828 aliis
727 1783 879 1822 sejunctas
896 1784 1065 1822 prodeant,
1082 1790 1141 1821 pro
1165 1781 1268 1813 nihilo
1296 1781 1476 1813 habendum
1495 1791 1564 1813 esse
1593 1792 1610 1814 a
1636 1784 1714 1815 viris
1736 1786 1880 1823 pruden-

246 1836 333 1866 tibus
350 1835 437 1875 puto)
454 1835 540 1875 quod
558 1834 781 1866 Marineriame
802 1833 961 1865 versionis
981 1833 1254 1870 emendationem,
1274 1842 1370 1872 quam
1405 1834 1536 1872 aggredi
1562 1842 1598 1865 ac
1623 1835 1776 1874 perﬁcere
1801 1839 1878 1865 stato

248 1891 392 1926 tempore
412 1885 657 1922 constitueram,
681 1889 772 1924 capto
794 1893 810 1915 a
841 1884 1046 1915 curat0ribus
1069 1893 1153 1914 novo
1179 1885 1412 1924 inopinatoque
1443 1887 1594 1924 consilio,
1618 1891 1649 1917 et
1684 1896 1717 1917 re
1742 1887 1878 1917 maxime

248 1940 426 1975 prOperata,
449 1940 598 1975 praestare
619 1944 681 1966 non
701 1935 872 1974 potuerim.
892 1936 929 1965 At
946 1935 1128 1966 versionem
1152 1935 1238 1965 illam
1256 1936 1456 1966 tolerabilem
1477 1937 1514 1967 ad
1537 1937 1643 1968 minus
1663 1946 1749 1974 esse,
1768 1939 1817 1969 Vel
1841 1947 1878 1968 ex

247 1997 287 2020 eo
309 1988 384 2018 mihi
405 1989 595 2028 persuadeo,
618 1987 704 2027 quod
733 1987 874 2024 Lamius,
901 1987 949 2016 vir
976 1987 1197 2023 doctissimus,
1222 1987 1389 2026 Graecique
1412 1987 1574 2019 idiomatis
1587 1988 1818 2026 peritissimus,
1845 1990 1875 2018 in

248 2041 367 2072 celebri
384 2040 525 2072 editione
541 2041 735 2077 Meursiana,
753 2041 803 2071 cui
821 2043 947 2080 praeest,
965 2048 1034 2070 eam
1062 2039 1222 2075 collocare
1241 2048 1305 2070 non
1322 2039 1488 2071 dubitarit.
1507 2039 1632 2070 Nullam
1654 2040 1756 2079 igitur
1773 2041 1805 2070 in
1830 2041 1876 2070 his

249 2093 383 2124 edendis
401 2093 548 2131 epistolis
565 2093 634 2132 ipse
652 2101 781 2131 operam
800 2091 906 2129 posui,
927 2091 1072 2130 adeoque
1100 2090 1181 2121 nihil
1209 2091 1249 2122 de
1275 2091 1390 2121 iisdem
1412 2095 1560 2129 superest
1586 2091 1665 2121 mihi
1693 2091 1873 2121 dicendum.

250 2146 287 2175 Et
302 2145 367 2175 haec
381 2145 485 2184 quoad
502 2145 647 2184 singulas
663 2145 761 2184 hujus
779 2143 955 2175 voluminis
973 2147 1088 2182 partes.
1108 2144 1200 2174 Nunc
1228 2151 1326 2182 pauca
1354 2143 1392 2173 de
1412 2142 1563 2174 versione
1591 2150 1672 2179 mea,
1695 2142 1874 2181 additisque

251 2196 346 2233 notis,
371 2199 540 2235 antequam
559 2195 778 2227 Praefationem
795 2195 939 2231 absolvo,
955 2193 1094 2233 adjicere
1112 2193 1212 2225 lubet.

290 2257 407 2287 XLIX.
431 2257 514 2287 Usus
530 2266 601 2288 sum
622 2258 770 2288 liberiore
785 2256 947 2288 versionis
972 2265 1107 2295 genere;
1135 2264 1199 2287 non
1221 2256 1366 2295 quidem,
1396 2259 1431 2287 ut
1450 2263 1519 2286 eam
1547 2255 1717 2286 redderem
1747 2257 1875 2294 elegan-

253 2307 378 2346 tiorem,
399 2308 452 2338 sed
476 2312 508 2338 ut
524 2308 693 2339 clariorem
711 2307 878 2346 magisque
898 2308 1113 2346 perspicuam.
1132 2307 1258 2338 Etenim
1278 2307 1313 2337 in
1339 2315 1376 2337 ea
1402 2314 1529 2344 semper
1550 2306 1710 2336 sententia
1725 2305 1786 2339 fui,
1807 2312 1875 2335 eum

252 2358 334 2389 haud
354 2358 493 2396 perfecte
517 2358 608 2397 fungi
634 2357 817 2397 interpretis
839 2366 984 2393 munere,
1012 2358 1069 2396 qui
1105 2362 1250 2389 accurate
1275 2357 1407 2397 quidem
1429 2359 1527 2388 verba
1551 2356 1725 2387 transferre
1752 2356 1873 2394 satagit,

251 2410 389 2443 auctoris
408 2418 483 2440 vero
498 2418 631 2440 sensum
653 2409 826 2440 obscurum
845 2409 1011 2449 relinquit.
1031 2411 1134 2449 Hujus
1159 2410 1321 2449 siquidem
1345 2409 1592 2448 explicationem
1610 2408 1818 2448 potissimum
1841 2408 1874 2437 ad

253 2460 456 2500 interpretem
480 2460 653 2498 pertinere,
680 2464 762 2499 patet
793 2461 841 2491 vel
869 2469 907 2491 ex
939 2468 978 2491 eo
1008 2461 1094 2499 quod
1123 2460 1144 2490 ii
1170 2460 1265 2491 etiam
1290 2460 1345 2498 qui
1372 2460 1551 2499 cujuSpiam
1573 2459 1715 2490 auctoris
1745 2467 1873 2490 sensum

252 2504 428 2543 tametsi'iu
458 2509 568 2540 eadem
599 2509 721 2548 lingua,
746 2510 913 2542 clerici-em
943 2511 1091 2546 reddunt,
1122 2510 1248 2541 soleant
1276 2511 1465 2549 interpretes
1494 2510 1661 2549 appellari.
1686 2511 1875 2549 Plerumque

254 2560 353 2599 igitur
381 2559 415 2589 in
449 2559 481 2589 id
515 2560 735 2590 tantummodo
770 2561 922 2596 laboravi,
941 2565 975 2590 ut
991 2568 1122 2590 sensum
1139 2568 1236 2599 quem
1251 2559 1394 2590 auctoris
1413 2560 1509 2590 verba
1524 2559 1716 2598 diligentius
1739 2566 1873 2594 expensa

257 2611 423 2642 continere
441 2610 568 2648 censui,
594 2610 716 2650 phrasi,
745 2611 851 2650 quoad
882 2611 984 2650 potui,
1015 2610 1163 2646 clariore,
1189 2609 1363 2648 verbisque
1386 2609 1654 2648 aequivalentibus
1681 2608 1874 2639 exhiberem.

256 2659 366 2690 Sicubi
385 2668 459 2690 vero
474 2659 614 2691 auctoris
638 2669 729 2691 mens
751 2660 858 2690 minus
874 2665 958 2691 certa
976 2659 1206 2698 explorataque
1225 2659 1304 2689 mihi
1329 2659 1398 2690 visa
1425 2662 1485 2696 est,
1502 2661 1568 2689 tum
1591 2659 1736 2697 pressius
1761 2659 1873 2689 haerere

258 2710 365 2741 verbis
381 2710 563 2741 consultius
582 2710 776 2746 existimavi,
803 2716 896 2741 acuto
927 2709 1048 2741 Lectori
1066 2712 1254 2747 potestatem
1280 2713 1312 2740 ut
1332 2709 1469 2741 facerem
1485 2718 1522 2740 ea
1539 2713 1574 2740 ut
1598 2709 1658 2739 sibi
1679 2708 1874 2747 probabilius

260 2759 423 2790 videretur
445 2759 688 2798 interpretandi.
713 2760 748 2789 ln
775 2759 960 2798 bujusmodi
983 2757 1134 2796 scopulos
1156 2759 1254 2788 semel
1280 2762 1310 2788 et
1341 2759 1457 2789 iterum
1486 2758 1586 2788 incidi
1611 2758 1689 2788 dum
1722 2761 1873 2788 verterem

261 2809 431 2847 Epistolas,
456 2819 528 2850 qua:
557 2808 634 2841 mihi
662 2809 782 2849 ubique
807 2808 1097 2846 dilliciles,alicubi
1126 2808 1203 2839 visae
1230 2813 1304 2840 sunt
1335 2809 1429 2840 etiam
1449 2809 1526 2840 satis
1553 2809 1708 2840 obscurae.
1732 2808 1873 2840 Fortasse
