1897 3052
42 139 93 170 ᾹἿἸ
569 139 781 170 LAURENTH
798 139 927 169 SlFANI
949 141 1155 172 PlL’EFA'l‘lO.
1623 140 1677 172 £78

43 192 309 233 'l'heophylactus
343 192 376 224 in
398 193 455 224 -eis
480 193 724 224 conscribendis
751 193 887 224 clariore
909 194 994 233 stylo
1024 203 1101 226 usus
1119 204 1181 226 non
1210 200 1268 233 est,
1286 196 1362 236 quia
1385 196 1423 227 ad
1447 196 1622 228 iamiliares
1644 201 1676 228 et

44 236 244 276 domesticos
267 246 427 283 scribens,
445 245 565 276 clarius
581 254 653 277 sese
669 246 831 286 explicare
850 247 1059 286 autneglexit
1081 252 1134 279 aut
1158 249 1274 280 noluit.
1302 250 1336 280 In
1365 249 1462 280 variis
1482 250 1558 281 tomi
1579 250 1677 289 hujus

45 298 203 336 cperibus
225 307 243 329 e
269 307 322 329 me
339 299 448 329 Latine
485 299 618 330 redditis
648 299 868 330 diversitatem
897 300 1037 340 aliquam
1068 300 1101 331 in
1141 301 1210 340 ipsa
1227 302 1375 333 versione
1402 300 1536 332 fortasse
1565 303 1677 332 Lector

44 350 201 385 oﬂ‘eudet,
226 351 269 381 ita
286 355 318 381 ut
336 353 430 381 modo
456 351 568 390 magis,
587 352 682 383 modo
697 353 805 383 minus
822 353 979 384 elaborata
991 353 1018 383 ei
1037 353 1184 384 videatur
1197 358 1292 393 atque
1309 353 1467 393 expolita;
1481 354 1676 392 quandoque

44 401 142 431 etiam
168 401 282 440 magis,
308 402 510 441 quandoque
545 402 653 432 minus
680 402 911 441 Theophylacti
939 402 1045 433 verbis
1077 402 1214 433 astricta.
1249 402 1346 442 Cujus
1384 402 1580 434 diversitatis
1605 411 1675 433 eam

44 460 175 482 causam
201 460 273 483 esse
291 456 381 489 sciat,
397 453 484 491 quod
503 460 562 492 ego
579 461 641 483 non
665 453 879 488 continenter,
893 453 949 482 sed
970 461 1025 492 per
1050 452 1133 483 varia
1153 452 1305 490 temporis
1325 452 1501 490 intervalla,
1530 453 1676 492 adeoque

45 505 76 531 et
102 501 190 532 varia
213 506 306 532 utens
331 502 478 541 corporis
500 503 695 537 valetudine,
725 503 885 543 variisque
914 504 1001 533 curis
1025 505 1097 538 plus
1128 504 1277 534 minusve
1299 503 1473 540 distentus,
1508 502 1674 534 versiones

47 551 235 590 hujusmodi
253 552 469 594 elucubrarim
499 565 507 586 ς
536 554 623 584 unde
642 552 784 593 aliquam
813 553 889 592 styli
922 557 1020 594 atque
1049 553 1323 593 interpretationis
1348 553 1568 584 diversitatem
1596 554 1674 583 oriri

47 610 182 633 ncccsse
200 603 273 634 fuit.
287 592 403 640 Quoad
418 608 507 635 notas
524 605 648 640 attinet,
669 605 796 636 noverit
811 606 936 642 Lector,
953 614 1003 637 me
1020 606 1154 637 minime
1170 606 1202 636 id
1224 606 1367 637 muneris
1383 605 1462 636 mihi
1483 605 1673 644 sumpsisse,

47 659 80 684 ut
98 657 185 688 notis
212 657 251 687 de
268 659 356 687 more
373 655 529 696 subjectis
552 656 783 696 Theophylacti
804 665 901 696 opera
918 657 1114 688 illustrarem
1135 670 1142 689 :
1160 666 1266 697 neque
1283 658 1370 688 enim
1387 666 1520 688 necesse
1546 657 1578 688 id
1598 661 1676 694 erat,

48 716 156 745 neque
174 716 230 746 per
245 706 474 746 occupationes
491 715 579 737 meas
602 712 632 738 et
651 707 797 746 corporis
816 707 1031 738 valetudinem
1050 712 1201 747 praestare
1214 707 1246 738 id
1276 707 1357 738 mihi
1384 707 1540 739 licuisset.
1566 707 1675 738 Solum

47 757 149 796 iéitur
167 763 258 789 notas
278 758 403 798 aliquas
417 758 571 797 operibus
594 767 612 789 a
631 767 680 789 me
713 757 875 790 translatis
893 758 950 789 hac
969 758 1108 798 illarque
1130 759 1265 798 aSpersi,
1291 759 1347 789 ubi
1371 758 1420 789 vel
1450 758 1549 797 major
1569 758 1675 797 aliqua

50 816 168 845 urgr-re
184 808 362 839 necessitas
381 808 562 846 videbatur,
581 809 627 839 vel
646 813 828 848 promptum
849 809 982 839 omnino
999 814 1075 846 erat,
1093 810 1179 849 quod
1196 810 1393 840 adnotarem.
1416 809 1498 840 Illud
1517 812 1676 848 postremo

49 857 120 887 loco
138 858 336 888 monendum
357 862 520 897 superest,
535 867 632 889 sacrae
647 859 819 898 Scriptura)
838 861 944 888 textus
962 857 1051 897 juxta
1067 858 1248 888 versionem
1264 857 1431 896 Vulgalam
1448 856 1593 887 attulisse
1612 865 1674 890 me.

46 915 80 939 ut
97 910 334 941 Catholicorum
362 911 418 949 qui
444 910 473 941 ei
488 912 608 941 assueti
640 914 728 946 sunt,
750 911 921 942 commodo
947 909 1121 949 praesertim
1150 910 1360 945 inServirem;
1384 914 1480 948 atque
1506 917 1570 940 non
1596 909 1676 939 Novi

45 961 213 997 duntaxat,
243 960 300 992 sed
327 960 422 991 etiam
446 961 572 991 Veteris
596 961 794 991 Testamenti
823 961 917 992 verba
947 961 1112 992 aﬂ‘erendo
1138 971 1146 991 :
1175 960 1248 991 licet
1272 959 1542 1000 'l‘beOphylactus,
1567 963 1676 998 utpote

45 1012 176 1041 Graccus
205 1014 325 1046 auctor,
343 1009 448 1050 quoad
481 1009 675 1047 secundum,
699 1014 809 1041 utatur
825 1011 975 1041 versione
1001 1015 1062 1041 Τῶν
1090 1011 1187 1041 LXX.
1217 1011 1295 1041 Cum
1320 1018 1396 1040 vero
1415 1009 1557 1049 Vulgata;
1583 1010 1676 1040 verba

44 1063 128 1091 adeo
144 1059 311 1091 dilferrent
330 1069 347 1091 a
362 1060 468 1091 verbis
486 1069 541 1098 per
551 1060 826 1100 Theophylactum
845 1061 962 1097 allatis,
977 1065 1010 1092 ut
1025 1061 1095 1101 ejus
1121 1060 1175 1092 fini
1197 1060 1331 1091 minime
1349 1064 1563 1092 consentanea
1581 1061 1675 1092 vide-

48 1115 172 1148 rentur,
191 1116 265 1141 tunc
279 1111 423 1150 pressius
450 1119 486 1142 ea
504 1115 626 1141 vertere
644 1110 861 1142 necessarium
880 1111 1013 1142 omnino
1031 1112 1135 1142 visum
1154 1114 1214 1142 est.

88 1161 123 1190 L.
147 1162 215 1191 Jam
239 1168 327 1198 vero,
355 1160 454 1192 lector
481 1161 613 1201 optime,
644 1161 742 1192 habes
771 1161 930 1197 omnium,
962 1170 1035 1202 quae
1062 1166 1168 1193 tomus
1196 1162 1257 1193 iste
1282 1161 1514 1201 complectitur,
1542 1169 1675 1200 operum

48 1209 234 1249 laborisque
251 1218 268 1240 a
286 1218 336 1240 me
348 1210 380 1240 in
397 1218 435 1241 eo
451 1209 608 1249 insumpti
627 1209 797 1240 rationem.
813 1211 924 1247 Quoad
942 1210 1104 1250 duplicem
1128 1211 1214 1241 enim
1231 1211 1383 1247 Iudicem,
1398 1212 1542 1241 Graecum
1559 1218 1673 1247 unum,

46 1260 252 1300 alterumque
267 1260 427 1296 Latinum,
445 1269 527 1300 quos
547 1264 709 1299 postremo
736 1259 806 1290 loco
824 1260 938 1299 adjeci,
963 1260 1043 1291 nihil
1069 1260 1182 1296 habeo,
1206 1261 1293 1300 quod
1310 1260 1425 1295 dicam,
1444 1259 1505 1290 uisi
1524 1267 1572 1290 me
1587 1259 1617 1289 in
1636 1267 1674 1290 eo

48 1317 212 1349 spectasse
228 1311 387 1342 delectum
407 1311 515 1350 potius
530 1319 624 1350 quam
637 1311 774 1349 copiam.
791 1310 876 1341 Nihil
902 1311 997 1341 etiam
1012 1314 1051 1341 de
1077 1311 1300 1350 impressionis
1315 1314 1459 1342 accurata
1476 1308 1675 1342 correctione

48 1361 171 1399 dicam;
185 1362 305 1402 quippe
325 1371 396 1402 quae
416 1363 455 1394 ad
479 1371 528 1394 me
545 1371 608 1393 non
631 1365 765 1401 spectat,
780 1361 839 1392 sed
854 1361 892 1392 ad
908 1370 983 1393 eum
1003 1362 1060 1402 qui
1076 1363 1252 1402 specimina
1278 1364 1431 1394 correxit.
1449 1364 1560 1394 Solum
1578 1362 1677 1402 igitur

47 1420 136 1442 nunc
162 1416 324 1450 superest,
351 1416 387 1443 ut
411 1416 440 1443 te
465 1412 561 1444 etiam
584 1415 682 1451 atque
714 1413 809 1443 etiam
839 1419 961 1451 rogem,
992 1421 1098 1443 meum
1127 1413 1213 1443 hunc
1247 1413 1506 1453 qualemcunque
1535 1413 1675 1444 laborem

47 1467 82 1492 ut
98 1462 124 1492 si
145 1462 279 1501 probare
296 1463 428 1494 omnino
443 1471 506 1494 non
537 1463 653 1502 possis,
674 1466 822 1493 conatum
842 1462 954 1493 saltem
987 1471 1092 1494 meum
1117 1471 1210 1503 aequo
1225 1468 1381 1503 gratoque
1405 1465 1513 1496 animo
1529 1464 1676 1505 excipere

46 1513 143 1544 velis.

47 1725 230 1760 Nobilibus.
245 1725 411 1764 generosis
429 1728 525 1761 atque
543 1723 876 1764 inagniticisrvirier.
893 1726 999 1756 Marco
1015 1728 1172 1757 etJoanni
1190 1728 1351 1759 Fuceaats
1363 1726 1528 1763 fratribus,
1543 1726 1676 1758 Antonii

86 1764 175 1800 ﬁliis,
191 1763 397 1803 Kirchpergze
416 1769 446 1795 et
462 1764 711 1794 Weissenhorni
730 1763 915 1800 baronibus,
932 1769 1007 1801 etc.,
1024 1766 1165 1797 dominis
1193 1766 1262 1797 suis
1287 1765 1486 1797 charissimis
1503 1769 1534 1797 et
1564 1765 1676 1797 amicis

84 1804 234 1840 summis,
257 1802 452 1834 Laurentius
470 1803 646 1840 SIFANUS,
660 1802 896 1839 Prunsfeldius,
911 1804 941 1834 J.
958 1803 993 1834 U.
1013 1805 1140 1843 Doctor,
1156 1806 1186 1836 ς.
1203 1807 1235 1837 Ρ.
1254 1807 1290 1836 Ι).

90 1919 161 1947 Cum
190 1919 291 1947 abhinc
314 1919 472 1951 triennium,
502 1920 552 1947 viri
581 1921 718 1954 generosi,
738 1921 877 1949 Arnoldus
900 1921 1111 1954 Bircomannus,
1135 1922 1342 1959 Agrippinensis
1366 1921 1523 1956 bibliopola,
1541 1921 1591 1949 hoc
1608 1929 1678 1958 opus

47 1969 218 1996 scholiorum
234 1968 262 1995 in
283 1969 350 1995 Acta
366 1968 517 2003 apostolica
534 1968 587 1995 divi
602 1967 693 2000 Lucae,
712 1976 743 1995 ex
760 1969 870 1997 Austria
892 1977 907 1997 a
930 1970 1085 1997 clarissimo
1101 1969 1161 1997 viro
1181 1970 1212 1998 D.
1227 1971 1332 1998 Joanne
1355 1971 1492 1997 Sambuco
1511 1971 1544 1996 ad
1562 1979 1592 1997 se
1608 1972 1678 1998 mis-

47 2022 118 2045 sum,
135 2014 204 2040 mihi
222 2013 393 2042 exhibuisset
409 2022 416 2040 :
432 2013 505 2048 quod
523 2019 581 2040 erat
598 2013 739 2048 exemplar
751 2014 915 2048 obsoletum,
931 2019 958 2043 ct
981 2015 1142 2050 compendio
1159 2016 1311 2044 litterarum
1341 2017 1408 2044 adeo
1426 2016 1583 2043 intricatum
1596 2021 1678 2052 atque

46 2062 238 2093 obscuratum,
253 2065 283 2088 ut
297 2061 331 2088 ab
350 2061 495 2088 admodum
514 2061 608 2096 paucis
622 2061 744 2089 Coloniae
760 2063 812 2097 legi
832 2067 933 2097 posset,
951 2071 1055 2091 mecum
1072 2071 1152 2099 agere
1168 2065 1261 2097 cuepit,
1275 2069 1303 2092 ut
1316 2065 1483 2100 susciperem
1498 2065 1556 2099 ejus
1570 2065 1677 2092 descri-

46 2109 125 2136 bendi
141 2109 277 2136 laborem.
292 2109 369 2136 llaud
388 2109 460 2137 enim
481 2109 623 2144 ignorabat
638 2118 681 2137 me
705 2110 770 2136 olim
787 2110 901 2138 Lutetiae
918 2112 1054 2146 ejusmodi
1072 2112 1262 2140 describendis
1279 2114 1396 2141 vetustis
1411 2113 1550 2140 codicibus
1570 2112 1676 2141 Grrrcis

46 2155 238 2187 exercitatum,
257 2155 328 2182 haud
349 2155 463 2182 multum
477 2155 503 2182 in
518 2155 637 2184 lectione
661 2163 722 2184 esse
742 2157 944 2184 Iaboralurmn.
962 2157 1017 2192 Ego
1043 2165 1109 2186 vero
1136 2166 1197 2186 cum
1223 2158 1400 2192 intelligercm
1420 2168 1481 2187 cum
1514 2167 1582 2194 opus
1608 2159 1675 2186 illud

46 2200 138 2227 (ἔκπεσε
154 2201 238 2227 simul
254 2204 282 2227 et
298 2200 393 2228 Latine
414 2201 556 2236 divulgare
578 2203 605 2228 in
624 2202 717 2229 animo
732 2203 842 2235 habere,
871 2203 1013 2238 cupiebam
1030 2205 1139 2239 quidem
1159 2208 1186 2231 et
1203 2205 1240 2231 illi
1253 2212 1302 2239 pro
1321 2206 1441 2232 amicitia
1459 2213 1561 2233 morem
1579 2213 1676 2240 gerere

46 2250 67 2270 et
86 2246 205 2280 publicae
222 2246 336 2273 utilitati
354 2247 501 2275 consulere
518 2256 526 2281 ;
542 2248 589 2275 sed
605 2247 761 2276 deterrehat
778 2257 821 2276 me
836 2257 897 2276 cum
912 2251 1056 2285 scriptura:
1071 2251 1179 2278 exilitas
1196 2251 1284 2278 oculis
1305 2250 1426 2284 inimica,
1445 2256 1500 2278 tmn
1520 2253 1673 2287 exemplum

47 2296 135 2321 minus
152 2294 341 2327 emendatum,
357 2295 507 2330 praesertim
524 2303 585 2322 cum
603 2296 713 2324 deesset
726 2296 800 2324 aliud
823 2298 1009 2333 apographum
1028 2300 1100 2326 unde
1122 2298 1220 2333 corrigi
1241 2298 1323 2333 hujus
1338 2303 1418 2334 atque
1441 2300 1581 2327 emendari
1607 2300 1672 2327 vitia

47 2345 166 2371 lassent.
184 2340 291 2374 Itaque,
320 2349 476 2376 quanquam
494 2350 575 2377 aegre,
605 2343 732 2371 concessi
751 2347 840 2370 tamen
865 2345 979 2379 petenti,
997 2349 1024 2372 ct
1051 2354 1106 2372 rem
1123 2346 1232 2380 suscepi
1255 2354 1262 2374 ε
1279 2350 1305 2373 et
1321 2353 1382 2372 cum
1408 2346 1524 2373 vitanda:
1541 2347 1674 2380 pestiferae

45 2387 216 2422 roritagionis
231 2394 314 2414 causa
329 2396 371 2415 me
385 2388 412 2414 iu
428 2389 543 2423 patriam
557 2396 590 2416 ex
612 2389 681 2416 urbe
695 2389 872 2424 recepissem,
889 2389 960 2424 apud
976 2390 1108 2417 Jacobum
1124 2391 1292 2419 Panhusium
1306 2391 1430 2418 abbatem
1447 2392 1565 2418 cccnobii
1585 2391 1674 2418 Stein~

46 2433 134 2464 veldii,
151 2432 243 2459 virum
262 2437 290 2459 et
313 2432 423 2464 litteris,
441 2436 468 2460 et
486 2434 598 2468 pietate,
628 2438 655 2461 ct
680 2434 823 2469 prudentia
847 2435 1065 2468 ornatissimum,
1082 2436 1133 2463 hoc
1147 2445 1216 2471 opus
1232 2437 1302 2464 haud
1320 2437 1380 2464 sine
1399 2437 1519 2464 maximo
1533 2438 1625 2465 labore
1641 2445 1673 2464 ac

47 2480 151 2507 laesione
170 2480 315 2507 oculorum
329 2480 462 2515 descripsi
478 2490 485 2511 :
506 2482 579 2516 quod
598 2482 643 2509 ubi
666 2482 861 2517 transcriptum
880 2483 1062 2510 Bircomanno
1079 2484 1190 2510 tradidi.
1206 2485 1252 2511 Ille
1265 2492 1345 2519 porro
1361 2491 1467 2511 mecum
1481 2492 1561 2519 agere
1579 2484 1674 2520 cmpit.

47 2531 72 2552 ut
87 2527 161 2560 quod
175 2527 386 2561 descripserant),
402 2527 483 2554 etiam
500 2533 688 2557 converterent
706 2529 732 2556 in
746 2537 899 2557 sermonem
914 2530 1053 2557 Latinum.
1067 2531 1122 2565 Ego
1138 2539 1202 2558 vero
1218 2531 1308 2566 (quod
1327 2531 1398 2559 haud
1416 2531 1572 2567 ignorabam
1590 2540 1674 2566 quan-

47 2578 134 2606 topere
151 2573 218 2599 mihi
231 2573 403 2600 aestuandum
422 2579 507 2608 atque
519 2575 672 2602 satiandum
689 2581 759 2603 esset
775 2576 802 2602 in
819 2584 912 2610 opere,
931 2577 1011 2610 cujus
1025 2584 1109 2603 unum
1127 2577 1260 2603 duntaxat
1274 2581 1395 2605 exstaret
1409 2576 1572 2612 exemplum,
1591 2577 1673 2612 idque

49 2619 134 2646 multis
153 2619 181 2646 in
198 2619 267 2646 locis
284 2619 413 2646 mutilum
429 2624 511 2654 atque
525 2619 728 2656 depravatum),
743 2622 941 2657 aliquantisper
960 2628 1115 2656 Cunctatus,
1133 2624 1242 2651 tandem
1262 2624 1402 2656 Ecclesiae,
1415 2624 1441 2650 in
1460 2628 1512 2650 tam
1531 2623 1589 2651 utili
1603 2632 1674 2659 przc-

47 2667 133 2693 sertim
163 2675 195 2694 ac
217 2668 263 2701 pio
280 2675 374 2702 opere.
397 2668 526 2702 juvauda:
546 2669 649 2702 studio,
670 2674 751 2704 atque
773 2671 853 2697 etiam
872 2671 1005 2698 tolerabili
1027 2679 1041 2697 a
1062 2670 1245 2698 Bircomanno
1259 2671 1398 2706 proposita
1425 2671 1592 2704 conditione,
1614 2680 1670 2700 rem

47 2719 187 2746 aggressus
206 2720 268 2739 sum
288 2722 295 2740 :
312 2720 344 2740 ac
369 2713 413 2739 vix
443 2713 552 2740 tandem
568 2714 683 2742 absolvi.
702 2715 769 2742 Nam
786 2724 985 2751 saepenumero,
1008 2716 1071 2744 dum
1093 2717 1119 2743 in
1136 2716 1195 2744 lora
1213 2716 1306 2743 mutila
1322 2720 1403 2751 atque
1418 2723 1544 2753 corrupta
1568 2717 1670 2744 incide-

47 2757 110 2790 lmn,
125 2759 209 2785 tmdio
234 2758 337 2785 laboris
363 2759 520 2794 frequenter
546 2761 627 2794 irriti,
643 2769 674 2790 ac
696 2764 894 2798 propemodum
920 2764 1111 2798 desperatione
1128 2765 1165 2791 rei
1193 2763 1308 2791 feliciter
1331 2764 1504 2791 absolvendm
1522 2764 1604 2800 (cum
1620 2773 1669 2793 nec

45 2811 144 2840 semper
161 2805 253 2832 otium
269 2805 364 2840 esset),
381 2806 416 2834 ab
429 2814 511 2841 opere
525 2808 643 2841 cessavi,
655 2809 727 2844 quod
745 2810 906 2845 plerumque
921 2810 1003 2838 etiam
1020 2810 1110 2838 facere
1124 2811 1209 2842 solco,
1222 2810 1266 2838 tibi
1285 2810 1350 2837 mihi
1368 2810 1424 2845 ipse
1438 2818 1491 2837 non
1511 2811 1666 2839 satisfacio:

45 2860 86 2881 nec
99 2853 173 2882 enim
188 2853 259 2882 mihi
276 2855 441 2890 persuadere
456 2863 581 2892 possunt,
603 2857 637 2885 ab
652 2857 712 2885 aliis
726 2857 869 2893 probatum
886 2858 930 2890 iri,
946 2858 1016 2894 quod
1034 2858 1211 2894 mihimctipsi-
1221 2859 1370 2894 displiceat.
1387 2857 1480 2893 itaque
1491 2866 1550 2886 cum
1568 2866 1664 2894 perpe-
