1897 3052
197 134 252 167 H9
717 133 927 164 LAURENTII
953 134 1081 165 SlFANl
1099 134 1306 165 PRJEFATIO.
1785 130 1859 165 480

198 197 275 219 tuum
292 191 319 219 in
337 190 522 220 eonvertendo
542 197 643 218 morem
659 197 769 218 servare
781 192 866 224 soleo,
877 196 968 218 utnon
984 195 1047 219 ante
1062 199 1170 226 pergam
1186 199 1267 227 opere
1279 192 1414 224 instituto,
1429 199 1510 227 quam
1524 192 1622 226 prioris
1639 192 1692 220 dici
1714 191 1859 220 labores

201 245 397 273 recognovcro,
414 242 442 266 et
457 245 543 272 usque
557 244 589 264 eo
606 245 761 272 corrcxero,
776 243 805 265 ut
821 239 913 266 animo
929 245 989 266 meo
1004 238 1095 272 aliquo
1110 238 1191 266 tnodo
1208 239 1334 266 satisfiat.
1355 238 1392 266 Ac
1408 246 1562 273 quanquatn
1578 238 1642 265 mihi
1656 245 1708 265 non
1721 237 1859 271 ubique

200 285 319 313 satisfeci
354 285 410 319 (qui
431 284 502 310 enim
519 283 669 318 potuissem
685 284 711 311 in
729 285 763 313 iis
781 285 860 317 locis,
874 284 919 312 ubi
936 289 1066 319 corrupto
1081 287 1188 319 penitus
1203 292 1234 312 ac
1248 285 1372 312 mutilato
1387 284 1544 320 apograplto
1555 285 1729 318 conjecturas
1750 280 1858 316 sequi

203 339 314 359 necesse
329 331 411 358 habui
425 331 459 366 ?),
476 331 559 357 malui
575 335 666 358 tanten
683 339 712 359 re
725 336 852 367 Suscepta
870 331 948 358 fidem
962 339 1050 358 nteam
1068 332 1196 364 liberare.
1210 339 1261 360 nec
1272 332 1412 359 hominum
1426 331 1660 366 exspectationem
1677 328 1841 359 frustrari
1851 355 1857 361 ,

202 381 230 404 et
249 377 350 411 aliquid
367 378 458 412 potius
471 377 497 403 in
518 381 595 411 parte
610 377 713 411 operis,
726 378 798 412 quod
817 377 963 412 aliquando
978 377 1124 410 sarciatur,
1152 377 1245 404 minus
1259 377 1379 412 probari,
1394 384 1474 411 quam
1492 380 1578 403 totum
1593 383 1662 410 opus
1682 375 1728 402 diu
1755 373 1859 401 desi-

205 423 306 451 derari.
323 422 435 450 Habetis
456 424 536 450 simul
555 423 699 450 consilium
717 431 806 450 meum
821 423 847 450 in
864 423 1038 457 suscipienda
1052 431 1092 456 rc,
1109 427 1133 450 et
1153 431 1182 450 re
1197 427 1336 457 suscepta,
1351 429 1464 449 causam
1479 430 1528 449 cur
1543 427 1598 449 tam
1615 429 1678 449 sero
1690 428 1770 456 opus
1795 418 1863 445 ab-

201 470 321 497 solutum
349 473 431 503 atque
448 469 598 504 perfectum
621 468 734 504 prodeat
762 469 790 496 in
817 470 915 495 lucem.
939 468 1007 495 Cum
1024 468 1107 504 igitur
1124 468 1199 503 operi
1214 468 1269 503 jam
1288 468 1484 502 propemodum
1501 467 1565 495 ﬁnis
1579 467 1725 502 itttpositus
1741 468 1859 496 esset,

204 519 286 549 atque
301 521 351 549 ego
368 521 473 540 tttecum
486 514 665 541 deliberarem
679 518 760 548 atque
772 514 956 541 consultarent
973 521 1053 548 quem
1072 513 1114 540 his
1135 513 1276 540 laboribus
1292 513 1359 541 meis
1374 513 1549 547 potissimum
1571 513 1726 548 deligerent-
1735 516 1861 546 patra-

202 567 279 590 num,
297 558 394 585 amicis
409 558 470 585 aliis
490 558 680 593 alios,cosque
694 558 878 593 amplissimos
888 558 998 592 quidem
1014 558 1098 590 viros,
1113 558 1160 586 sed
1176 558 1339 592 quibuscum
1356 558 1422 585 mihi
1433 558 1505 584 nulla
1517 558 1712 593 propemodum
1730 555 1858 584 notitia

203 606 398 638 intercederet,
431 606 668 641 proponentibus:
699 613 749 641 ego
775 613 837 633 cum
869 606 990 640 ineptum
1011 610 1038 633 et
1054 607 1238 640 importunum
1257 612 1318 633 esse
1339 605 1506 640 judicabam,
1524 613 1684 639 magnorum
1704 605 1858 631 virorum

201 661 353 688 eorumque
367 654 532 688 ignotorum,
546 657 573 680 et
587 653 620 680 ad
637 661 706 687 quos
721 653 825 680 nullum
846 653 908 687 quis
922 652 1025 679 aditum
1044 653 1150 684 habeat,
1169 653 1304 679 amicitias
1322 656 1458 687 appetere,
1475 659 1506 679 ac
1523 659 1583 679 sese
1601 659 1655 679 non
1673 651 1760 678 modo
1780 658 1861 678 ser-

203 699 302 730 viliter,
318 706 410 725 verum
430 699 512 726 etiam
530 699 703 733 impudenter
717 699 860 726 insinuare
877 702 954 725 :tum
971 706 1038 725 meae
1055 703 1160 725 naturae
1175 703 1258 733 atque
1283 699 1391 734 ingenio
1407 698 1531 725 videbam
1552 705 1608 725 rem
1631 705 1692 725 esse
1710 697 1861 725 maxime

204 747 347 775 adversam
362 752 389 775 ct
403 748 554 775 inimicam.
569 748 658 783 Atque
676 748 749 776 ltaud
765 748 924 784 ignorabam
936 755 993 780 eos,
1013 748 1112 783 quibus
1133 748 1235 783 ignotis
1253 747 1386 782 ejusmodi
1402 748 1490 775 ltouos
1508 747 1635 779 habetur,
1651 754 1706 773 non
1723 746 1859 779 absque

204 803 287 823 causa
301 796 436 830 suspicari
452 796 541 823 solere
557 803 635 823 suam
647 796 681 823 ab
697 795 856 823 hominibus
870 795 1036 830 importunis
1051 796 1267 823 munificentiam
1284 800 1366 830 atque
1381 795 1569 822 liberalitatem
1593 793 1734 822 sollicitari
1754 801 1764 820 :
1796 791 1858 819 sed

205 842 226 867 si
243 843 305 876 quis
323 843 454 869 beneficio
469 841 583 869 affectus
596 842 680 868 animi
701 842 744 869 sui
761 842 955 876 gratitudinem
971 842 1112 870 declarare
1124 842 1241 874 studeat,
1251 849 1314 869 eutn
1334 849 1388 869 non
1407 841 1487 868 modo
1505 849 1559 868 non
1573 840 1722 872 offendere,
1734 845 1856 866 verum

204 888 287 914 etiam
302 887 420 921 laudetu,
435 888 458 914 si
468 887 536 914 nihil
549 887 621 914 aliud
639 887 770 922 proﬁciat,
784 887 818 915 ab
835 887 993 916 hominibus
1005 887 1076 915 ferre
1090 888 1189 915 solere.
1204 887 1270 921 Quae
1284 895 1346 914 cum
1361 887 1452 914 anitno
1463 887 1605 922 agitarem,
1622 891 1704 921 atque
1721 885 1858 920 perple-

206 941 258 961 xus
275 934 404 962 haererem
420 934 464 961 cui
480 933 530 962 hos
548 942 623 962 ttteos
650 934 760 962 labores
775 934 878 969 absque
890 935 1042 963 offensione
1071 940 1153 970 atque
1177 935 1377 962 obtrectatione
1391 935 1552 969 cujusquam
1580 935 1734 962 dedicarem
1764 933 1852 968 (nan

206 979 279 1005 enim
296 978 443 1006 convenire
456 986 506 1006 nec
519 979 646 1015 expedire
661 979 813 1012 videbatur,
823 979 924 1007 librum
936 980 1041 1016 absque
1055 985 1171 1015 patrono
1180 986 1261 1015 atque
1274 980 1419 1008 defensore
1429 980 1560 1015 judicium
1571 981 1709 1008 hominum
1723 980 1853 1007 subire.

207 1027 360 1061 prmsertim
376 1027 456 1062 cujus
475 1032 571 1055 auctor
585 1028 668 1054 etiam
684 1035 758 1055 nunc
772 1032 929 1063 superesset
944 1037 951 1055 :
975 1030 1076 1064 quippe
1090 1036 1152 1056 cum
1179 1029 1232 1056 vivi
1260 1029 1348 1064 magis
1371 1036 1451 1063 quam
1476 1029 1575 1055 mortui
1592 1028 1701 1055 invidia:
1717 1027 1851 1056 obnoxii

206 1073 292 1100 simus
306 1078 333 1100 et
345 1074 564 1102 obtrectantibus
578 1074 748 1110 opportuni),
767 1082 815 1102 vos
830 1074 894 1101 mihi
908 1075 935 1102 in
951 1076 1059 1110 primis,
1073 1080 1102 1103 ut
1116 1083 1165 1110 par
1179 1080 1232 1108 est,
1247 1076 1274 1102 in
1289 1081 1409 1103 mentem
1421 1075 1547 1107 venistis,
1565 1075 1663 1109 quibus
1679 1082 1733 1102 non
1751 1075 1853 1102 modo

207 1123 320 1155 propter
335 1125 437 1153 vetera,
450 1128 544 1148 verum
562 1121 645 1148 etiam
663 1121 699 1148 ob
715 1122 834 1149 recentia
852 1122 961 1153 merita.
986 1123 1044 1150 imo
1067 1130 1133 1150 vero
1149 1126 1261 1157 propter
1279 1127 1438 1157 perpetuant
1460 1129 1524 1156 erga
1548 1129 1590 1148 tne
1620 1121 1848 1148 beneficentiam

208 1170 288 1200 atque
303 1166 500 1198 liberalitatem,
516 1167 637 1193 omnium
652 1167 730 1202 longe
745 1167 893 1202 plurimum
916 1166 1054 1194 deberem.
1069 1167 1128 1195 Non
1154 1175 1196 1195 me
1219 1167 1350 1202 praeterit,
1381 1166 1497 1194 auribus
1527 1167 1623 1194 vestris
1648 1166 1790 1201 ingratam
1820 1169 1850 1191 et

208 1211 385 1245 lnjucuudam
405 1219 467 1239 esse
496 1212 669 1239 immodicam
689 1220 720 1240 ac
735 1213 846 1241 nimiam
867 1213 1039 1241 liberalitatis
1053 1217 1150 1240 vestra:
1180 1213 1399 1248 praedicationem
1419 1221 1426 1238 :
1448 1219 1541 1239 verum
1557 1212 1629 1244 date,
1643 1219 1744 1246 quaeso,
1763 1211 1850 1237 hanc

208 1258 316 1284 veniam
332 1257 409 1289 mihi,
426 1258 470 1284 cui
487 1258 555 1285 nihil
573 1266 691 1293 unquam
707 1260 808 1294 petenti
823 1259 990 1294 denegastis,
1005 1259 1053 1286 sed
1073 1260 1190 1293 plurima
1213 1267 1266 1286 non
1284 1259 1385 1293 petenti
1401 1259 1545 1290 tribuistis,
1561 1263 1591 1285 ttt
1604 1257 1764 1285 summatim
1782 1257 1845 1284 snl'

209 1307 263 1330 tem
277 1303 303 1330 in
324 1311 366 1331 me
378 1305 477 1331 collata
496 1305 627 1332 beneficia
644 1311 733 1333 vestra
750 1314 918 1342 percurram.
935 1306 1001 1333 Nam
1025 1307 1111 1341 patris
1129 1307 1223 1338 vestri,
1247 1307 1408 1341 amplissimi
1425 1311 1506 1341 atque
1521 1305 1616 1340 optimi
1646 1305 1708 1337 viri,
1735 1305 1763 1331 in
1799 1312 1850 1330 me

210 1356 317 1376 summa
331 1350 430 1376 collata
447 1350 590 1382 beneﬁcia.
610 1352 663 1378 alio
683 1352 742 1378 loro
759 1352 867 1379 abunde
884 1351 952 1380 satis
966 1352 1189 1385 commemoravi,
1208 1359 1263 1386 quo
1279 1353 1332 1379 vita
1350 1351 1489 1383 defuncto,
1507 1359 1556 1378 vos
1571 1358 1625 1377 non
1641 1350 1722 1377 ntodo
1745 1349 1849 1376 facul-

209 1401 295 1423 tatum
308 1401 335 1423 et
350 1405 431 1432 opum
446 1397 519 1425 illitis
534 1398 656 1425 haercdes
671 1399 827 1431 exstitistis,
843 1407 937 1426 verum
953 1399 1034 1426 etiam
1051 1399 1182 1426 virtutum
1207 1404 1234 1426 et
1257 1399 1429 1426 liberalitatis
1452 1398 1478 1425 in
1499 1398 1595 1433 primis
1614 1398 1768 1424 imitatores
1788 1396 1850 1423 fui-

211 1441 262 1468 stis
280 1451 288 1469 :
304 1451 364 1477 qua:
375 1447 451 1470 tanta
467 1444 570 1471 exstitit
593 1453 656 1480 erga
677 1453 730 1476 me,
753 1450 782 1472 ut
804 1446 877 1473 illius
895 1447 996 1472 mortui
1015 1445 1207 1472 liberalitatem
1230 1451 1312 1480 atque
1337 1445 1550 1472 munificentiam
1573 1444 1645 1471 haud
1669 1450 1848 1478 magnopere

211 1489 403 1517 desiderarim.
419 1491 499 1524 Nam,
515 1496 543 1518 ut
555 1493 695 1527 superiora
716 1498 886 1527 prmteream,
905 1501 965 1527 quae
991 1493 1144 1528 frequentia
1169 1499 1250 1528 atque
1273 1493 1393 1528 ingentia
1418 1492 1538 1525 fuerunt,
1562 1491 1679 1527 primum
1701 1497 1750 1517 vos
1774 1492 1848 1515 ante

212 1535 364 1568 biennium,
388 1544 448 1563 cum
477 1538 504 1564 in
528 1539 580 1566 hoc
600 1546 682 1574 opere
708 1548 841 1571 versarer,
866 1541 933 1566 nihil
948 1541 1000 1567 tale
1017 1548 1071 1568 non
1088 1540 1168 1567 modo
1188 1541 1298 1574 petenti,
1316 1547 1408 1567 verum
1425 1540 1506 1566 etiam
1527 1547 1559 1566 ne
1573 1538 1703 1573 cogitanti
1724 1537 1845 1571 quidem

213 1580 311 1607 bonam
329 1582 451 1614 pecunia:
478 1590 611 1610 summam
635 1584 700 1611 utilti
728 1585 897 1619 suppeditari
924 1593 955 1612 ac
982 1585 1188 1613 subministrari
1219 1585 1337 1611 curastis
1355 1593 1362 1611 :
1383 1585 1490 1616 deinde,
1507 1591 1568 1611 cum
1578 1583 1632 1617 jam
1645 1582 1845 1608 liberalitatem

212 1630 331 1653 vestram
344 1627 426 1655 citius
443 1627 582 1662 fatigatam
594 1635 654 1655 esse
666 1630 823 1663 suspicatus
846 1629 969 1662 fuissem,
986 1637 1067 1664 quant
1099 1630 1202 1664 aliquid
1227 1629 1362 1664 ejusmodi
1378 1636 1500 1664 sperare,
1522 1628 1619 1655 nedum
1636 1633 1737 1661 petere,
1751 1633 1845 1653 ausus

212 1681 313 1705 essent,
330 1677 393 1700 ante
409 1681 513 1708 paucos
525 1681 634 1702 menses
646 1676 799 1709 praetcritos
811 1683 888 1710 atque
903 1684 1000 1710 magna
1014 1680 1095 1710 atque
1111 1676 1222 1702 biennio
1239 1680 1303 1702 ante
1317 1684 1359 1703 me
1372 1683 1476 1703 summa
1492 1673 1760 1714 pecuniadonastis.
1776 1673 1844 1706 Quo

213 1719 345 1746 benellcio
369 1724 491 1753 tempore
521 1721 783 1755 opportunissimoa
799 1723 876 1750 vobis
891 1727 1014 1758 accepto,
1033 1730 1094 1749 cum
1112 1722 1238 1749 videlicet
1265 1721 1443 1749 deliberarem
1473 1729 1552 1756 quem
1582 1720 1755 1755 potissimum
1774 1721 1843 1747 huic

212 1764 302 1797 partui
319 1772 379 1791 meo
399 1768 516 1793 tutorem
532 1774 564 1793 ac
584 1767 755 1795 defensorem
775 1775 912 1804 pararem,
933 1770 1024 1796 omnis
1050 1769 1185 1796 dubitatio
1207 1769 1401 1803 cuuctatioque
1418 1768 1484 1794 milti
1502 1766 1696 1802 propemodum
1711 1771 1840 1801 exempta

212 1814 255 1836 est
273 1818 279 1836 :
297 1817 359 1836 nam
376 1811 496 1838 restabat
512 1813 594 1839 etiam
609 1821 683 1841 nunc
701 1815 847 1850 scrupulus
865 1823 945 1843 unus.
967 1814 1099 1848 Quoniam
1115 1814 1196 1841 etiam
1215 1814 1344 1845 sciebam,
1362 1821 1416 1848 qtto
1433 1814 1524 1840 ntittus
1538 1812 1676 1847 appetitis,
1695 1819 1728 1839 eo
1745 1812 1843 1847 plures

213 1855 412 1884 vobisltonnres
422 1857 532 1891 deferri,
541 1866 571 1898 ac
581 1860 681 1888 multos
694 1860 816 1888 homines
823 1861 917 1889 doctos
923 1862 1001 1888 vobis
1010 1868 1074 1889 suos
1084 1860 1190 1888 labores
1203 1865 1283 1894 atque
1295 1860 1498 1887 lucubrationes
1511 1859 1661 1892 dedicasse,
1670 1859 1842 1887 subverehar

215 1909 250 1928 tte
269 1903 375 1930 animos
391 1907 496 1931 vestros
513 1904 613 1932 talibus
625 1906 712 1940 epulis
727 1907 842 1934 satiatos
856 1912 938 1941 atque
954 1907 1073 1941 repletos
1084 1906 1273 1940 intempestiva
1285 1906 1470 1933 benevolentia
1482 1905 1646 1933 oﬂ‘enderem
1660 1905 1742 1932 citius
1756 1912 1839 1939 quam

213 1946 267 1973 hoe
281 1954 380 1981 genere
394 1948 472 1974 oflicii
489 1951 605 1983 gratiam
621 1957 635 1977 a
654 1951 732 1978 vobis
748 1951 858 1979 inirem.
871 1951 925 1978 Sed
943 1955 1033 1979 tamen
1053 1959 1114 1978 cum
1127 1951 1195 1978 liber
1203 1951 1306 1985 absque
1320 1956 1437 1986 patrono
1450 1951 1562 1978 omnino
1578 1958 1631 1978 non
1645 1950 1838 1985 divulgandns,

218 2000 269 2019 tice
284 1993 424 2019 hominum
437 1993 543 2028 judicio
558 1995 730 2030 objiciendus
743 2004 805 2024 csse
823 1997 970 2029 videretur,
983 2002 1010 2024 et
1026 1997 1160 2024 nonsatis
1172 1996 1216 2026 pie
1236 2003 1284 2023 nec
1301 2001 1375 2024 recte
1389 2005 1432 2024 me
1446 1996 1581 2023 facturunt
1601 2003 1662 2023 esse
1672 1996 1838 2029 judicarent,

220 2039 243 2065 si
257 2039 335 2066 vobis
353 2040 498 2073 pra-teritis
515 2041 583 2068 alios
597 2042 662 2068 tuihi
677 2046 807 2077 patronos
820 2051 970 2077 qna'rcrcm
985 2045 1049 2077 (non
1067 2044 1139 2071 cnint
1155 2049 1316 2071 catterorum
1332 2042 1471 2069 hominum
1487 2041 1581 2069 eadem
1600 2049 1660 2076 quae
1672 2047 1762 2068 vestra
1777 2046 1840 2068 sunt

226 2085 323 2119 udicia)
335 2086 416 2114 tttalui
426 2087 451 2114 iu
465 2087 533 2114 ltattc
547 2092 648 2123 partem
658 2097 779 2124 peccare,
790 2089 1004 2124 quanicuiquam
1014 2090 1102 2116 minus
1112 2090 1235 2125 prudenti
1245 2098 1296 2118 non
1312 2090 1379 2117 satis
1390 2093 1483 2123 gratus
1499 2087 1596 2115 videri.
1607 2087 1666 2115 Non
1679 2089 1751 2114 enim
1764 2088 1839 2114 video

215 2139 265 2159 nec
286 2140 393 2166 sperare
406 2141 513 2167 possunt
534 2134 592 2161 fore
605 2135 753 2169 aliquando
765 2139 882 2170 tempus,
901 2143 955 2170 quo
967 2136 1020 2162 alio
1032 2136 1110 2162 cilicii
1131 2144 1229 2170 genere
1243 2139 1324 2170 atque
1339 2136 1402 2166 hoc,
1417 2139 1506 2162 vestra
1524 2135 1654 2162 beneficia
1672 2135 1838 2161 remunerari

215 2179 330 2211 possint,
363 2178 464 2213 quippe
484 2187 544 2206 cum
567 2180 633 2207 nihil
653 2181 719 2207 tuilti
747 2185 872 2216 suppetat
903 2186 1000 2216 praeter
1026 2182 1205 2209 voluntatem.
1234 2181 1292 2208 llttc
1313 2181 1418 2208 accedit
1437 2181 1509 2215 qttod
1529 2180 1655 2206 videbant
1673 2179 1744 2206 haud
1761 2179 1838 2206 facile

216 2222 286 2250 alios
310 2231 344 2250 ex
373 2232 488 2250 numero
506 2226 655 2252 amicorum
677 2232 775 2260 pra-ter
793 2234 840 2253 vos
859 2235 901 2253 nte
919 2227 1038 2262 reperire
1059 2234 1150 2262 posse,
1175 2227 1220 2262 qui
1238 2234 1299 2253 cum
1320 2230 1428 2261 propter
1441 2226 1582 2260 utriusque
1599 2225 1696 2259 lingua:
1712 2225 1836 2260 peritiam

217 2271 288 2298 haud
308 2272 444 2307 vulgarem
461 2273 562 2307 optime
589 2274 622 2300 de
648 2274 804 2307 hujusmndi
833 2275 942 2309 scriptis
968 2275 1094 2309 judicare
1110 2278 1229 2309 possent,
1257 2279 1314 2301 tum
1340 2273 1456 2301 candide
1469 2278 1550 2307 atque
1569 2274 1676 2300 sincere
1689 2271 1836 2306 iudicaturi

219 2321 319 2344 rsscnt.
335 2318 518 2351 Quamobrem
533 2328 548 2347 a
562 2321 638 2347 vobis
656 2329 705 2356 pro
722 2326 811 2347 vestra
830 2321 857 2348 in
878 2329 920 2348 me
935 2326 1064 2355 perpetua
1078 2328 1110 2347 ac
1128 2321 1244 2347 maxima
1257 2319 1443 2347 benevolentia
1458 2319 1588 2353 majorem
1608 2318 1634 2344 itt
1655 2318 1766 2344 modum
1780 2321 1838 2351 peto

217 2371 374 2400 quaesoque,
391 2370 418 2392 ut
431 2366 502 2394 ltunc
520 2374 630 2401 parvutn
644 2371 671 2393 et
685 2367 812 2400 exiguum
830 2370 947 2400 partum,
962 2373 1043 2401 quem
1057 2366 1134 2393 vobis
1150 2366 1176 2392 itt
1193 2365 1346 2393 clientelam
1362 2369 1388 2391 et
1405 2364 1484 2392 fidem
1500 2364 1672 2395 commendo,
1688 2363 1722 2391 ab
1742 2362 1838 2391 invidis

218 2411 292 2438 ontni
312 2419 364 2445 ope
378 2412 458 2444 tueri,
473 2420 488 2439 a
503 2412 749 2439 caluumiatoribus
763 2417 788 2438 et
802 2412 1034 2440 obtrectatoribus
1053 2411 1182 2439 omnibus
1199 2412 1302 2438 viribus
1319 2410 1466 2438 defendere
1482 2409 1571 2437 velitis
1592 2418 1599 2436 :
1617 2410 1664 2444 qui
1681 2409 1703 2436 si
1726 2416 1741 2436 a
1763 2410 1838 2435 voltis

218 2458 316 2493 dignus
342 2456 478 2492 judicatus
507 2458 587 2484 fuerit
610 2465 690 2492 quem
715 2457 925 2492 autplectantitti,
951 2465 1032 2491 quem
1063 2457 1090 2484 in
1114 2456 1243 2483 familiam
1273 2461 1389 2484 vestram
1427 2455 1566 2490 recipiatis
1580 2459 1661 2489 alque
1676 2454 1802 2486 foveatis,
1817 2454 1836 2480 si

221 2505 380 2533 hominibus
401 2506 453 2540 piis
468 2511 492 2532 et
505 2505 638 2532 studiosis
653 2504 801 2540 aliquando
818 2505 894 2532 utilis
914 2504 1007 2536 fuerit,
1024 2504 1092 2531 nihil
1111 2504 1178 2531 mihi
1203 2504 1265 2531 istic
1288 2503 1442 2535 vindicabo,
1471 2503 1500 2529 in
1518 2509 1567 2530 vos
1585 2509 1681 2530 omnes
1695 2509 1786 2528 meum
1796 2501 1837 2535 jus

219 2551 366 2582 transfero,
380 2558 497 2584 qttorum
514 2551 613 2585 opibus
628 2551 740 2585 adjutus
755 2556 781 2577 et
796 2554 976 2583 sustentatus,
996 2550 1069 2578 hunc
1085 2549 1178 2578 fastum
1196 2549 1311 2583 produxi
1339 2558 1345 2576 :
1373 2549 1421 2583 qui
1436 2548 1525 2576 sicubi
1542 2547 1692 2576 deformior
1715 2547 1837 2574 minusve

220 2597 355 2632 perfectus
372 2601 399 2623 et
426 2597 452 2623 in
474 2596 563 2630 aliqtta
583 2601 658 2630 parte
675 2596 716 2624 sui
738 2596 847 2626 mutilus
863 2602 894 2623 ac
909 2595 1072 2630 depravatus
1090 2595 1257 2630 apparuerit,
1280 2594 1331 2622 hoc
1347 2595 1444 2629 partim
1461 2593 1536 2620 vitiis
1548 2593 1642 2620 matris
1654 2593 1763 2624 Graecae,
1780 2599 1838 2627 quae

221 2645 286 2672 mihi
301 2644 373 2671 haud
389 2645 545 2679 incorrupta
555 2644 700 2671 conciliata
716 2647 766 2675 est,
781 2642 954 2670 atlrihuitotc
974 2651 979 2668 :
998 2642 1097 2677 partim
1115 2650 1181 2669 meae
1193 2641 1364 2668 inbecillitati
1377 2641 1555 2676 assignatote,
1574 2648 1588 2667 a
1613 2648 1678 2674 quo,
1695 2643 1837 2672 superante

222 2690 293 2717 malo
307 2691 378 2717 vires
398 2694 424 2716 ct
440 2690 578 2725 ingenium
596 2690 720 2721 artificis,
737 2689 828 2715 outuia
858 2687 959 2722 corrigi
986 2692 1012 2714 et
1041 2687 1180 2714 emendari
1201 2695 1254 2714 non
1283 2691 1440 2722 potuerunt.
1460 2686 1526 2713 Nam
1542 2686 1564 2714 si
1580 2687 1642 2720 quis
1671 2685 1790 2719 iniquior
1813 2691 1837 2711 et

223 2736 370 2768 malignior
386 2734 469 2768 judet‘
492 2737 559 2767 lucc,
574 2743 633 2768 quae
652 2735 685 2762 de
703 2734 798 2761 matris
814 2733 913 2760 Grzeca:
932 2733 1004 2760 vitiis
1019 2733 1090 2764 (lico,
1110 2733 1200 2760 minus
1220 2733 1327 2760 sincera
1343 2737 1424 2767 atque
1439 2732 1544 2766 integra
1559 2731 1611 2758 fide
1630 2739 1644 2758 a
1669 2738 1711 2757 me
1725 2729 1834 2765 proferri

223 2783 418 2817 suspicabitur.
433 2783 579 2816 producam
606 2791 700 2810 eorum
715 2789 775 2817 quae
792 2782 853 2808 dico
871 2781 1118 2815 locupletissimum
1138 2784 1244 2811 testem,
1275 2779 1457 2807 clarissimum
1485 2778 1728 2811 doetissimumque
1753 2776 1835 2802 virum

225 2829 253 2856 υ.
271 2828 402 2856 Joannem
421 2829 585 2857 Snuthucunt
604 2829 770 2857 Pannonium
790 2838 793 2853 ε
828 2829 853 2855 in
870 2828 927 2862 r-jus
942 2827 1012 2854 enim
1038 2830 1172 2862 μοῑυδιέιιθ
1188 2827 1282 2854 matr's
1306 2826 1384 2853 istius
1403 2830 1526 2860 pttt‘cntt‘s
1545 2828 1617 2857 sunt,
1636 2828 1662 2851 ct
1676 2822 1834 2853 clarissima,
