1897 3052
54 126 95 159 tsi
564 122 773 153 LAURENTII
789 120 915 151 stFANt
931 121 1137 153 PREFATIO.
1607 125 1661 157 43.2

55 179 200 216 gravissima
216 179 426 215 flrtniSsimaque
438 183 546 206 exstant
563 185 668 209 eorum,
683 183 743 210 qua:
758 175 830 207 diro,
854 176 930 210 signa
947 180 1028 210 atque
1051 176 1224 204 documenta.
1240 177 1303 205 Haec
1317 185 1365 206 vos
1392 177 1495 206 idcirco
1511 181 1660 208 monendos

56 235 108 254 esse
118 227 245 261 judicavi,
259 231 289 253 ιιι
305 226 498 254 instructiores
513 224 574 252 silis
592 223 724 250 adversus
739 230 786 249 eos
804 222 849 256 qui
866 222 949 248 istum
965 221 1061 249 fmtum
1081 223 1218 250 voluerint
1238 224 1396 259 impugnare
1409 244 1417 256 ,
1439 232 1501 252 nam
1528 231 1658 260 quantum

55 274 76 301 in
91 280 128 298 me
144 272 205 303 fuit,
219 272 288 299 nulli
306 280 356 300 nec
370 272 456 299 labori
473 279 523 298 nec
539 270 685 305 diligentiae
700 269 727 296 in
744 276 776 295 eo
795 269 921 303 ﬁngendo
936 272 1018 303 atque
1036 269 1178 296 formando
1193 278 1311 305 unquam
1329 271 1446 306 peperci.
1465 271 1535 304 Quid
1554 271 1660 306 pta-sti-

53 318 120 345 teri-tn
147 317 247 351 quidve
273 322 418 345 assecutus
442 318 504 349 sim,
527 316 658 351 quoniam
682 319 791 342 exstant
820 315 985 342 documenta
1013 315 1107 343 Graece
1135 320 1218 351 atque
1247 316 1352 348 Latine.
1385 322 1466 352 atque
1494 318 1561 345 adeo
1580 321 1662 345 crete-

55 370 133 389 rerum
148 362 290 389 hominum
308 363 452 398 utriusque
466 363 564 398 lingua
578 363 738 396 peritorum,
753 360 776 387 si
791 359 919 388 vitiorum
933 360 1015 388 modo
1025 361 1286 389 memorataematuis
1295 360 1396 389 Graeca:
1410 361 1540 388 rationem
1559 361 1661 389 habue-

54 411 112 442 ritis,
126 409 229 444 judicio
249 411 387 445 permitto.

81 454 152 486 Quod
169 455 268 483 attinet
281 455 316 482 ad
330 456 463 483 rationem
480 459 645 490 temporum,
670 455 771 491 quibus
788 455 884 482 vixerit
898 453 1121 490 Theophylactus
1139 453 1272 489 Bulgaria:
1288 455 1521 490 archiepiscopus,
1537 455 1658 482 nondum

54 501 108 527 mihi
134 501 200 528 satis
217 506 347 528 constare
370 501 480 534 potuit:
498 505 527 528 ut
550 503 621 529 cuitu
649 501 786 535 conjicere
808 507 930 534 possum,
954 500 1046 535 plures
1062 501 1114 528 hoc
1136 501 1245 529 nomine
1258 501 1377 529 fuerunt.
1397 502 1464 529 Nam
1480 502 1661 537 Nicephorum

55 545 237 572 Ecclesiauictz
254 546 382 574 Historia:
398 547 444 574 lib.
461 555 516 579 xxv,
530 555 590 582 cap.
609 548 653 579 39,
670 547 715 574 ubi
729 547 762 574 de
776 547 955 574 translatione
969 546 1072 581 aliquot
1085 547 1274 582 episcoporqu
1299 547 1364 582 agit,
1382 548 1483 575 Basilio
1503 544 1660 582 Porpher-

54 598 152 626 genneta
169 592 408 628 Constantinopoli
426 595 589 629 imperante,
607 594 840 630 Theophylaclum
863 594 1008 628 quemdam
1027 594 1159 622 Sebastite
1181 595 1351 629 episcopum-
1366 594 1475 621 Rosiam
1496 594 1659 621 translatum

54 646 105 666 esse
117 639 220 666 scribit.
234 639 400 668 Wilhelmus
415 640 566 671 Lindanus,
581 647 666 668 sacra:
681 639 825 675 theologiae
840 639 980 674 professor
994 639 1183 672 Lovaniensis,
1202 640 1228 667 in
1244 640 1420 675 ehronologia
1439 647 1520 675 quam
1542 639 1574 666 ad
1587 639 1661 666 fron-

54 691 98 712 t--tn
110 692 160 711 sum
176 685 316 720 Ραηοριὶιε
329 686 464 721 apposuit,
480 685 710 720 Theophylactutu
722 686 879 721 quemdam,
896 693 976 721 quem
998 685 1025 712 in
1040 685 1084 712 illa
1099 693 1147 712 sua
1164 684 1295 719 Panoplia
1307 686 1378 713 inter
1393 691 1506 713 cant-ros
1522 690 1659 713 auctorem

55 735 150 758 secutus
165 732 212 764 sit,
236 739 311 759 anno
334 740 348 759 a
370 734 513 761 nativitate
530 734 636 760 Domini
656 733 898 769 septingentesimo
922 732 1026 760 vix-isse
1048 733 1194 768 significat,
1215 732 1263 759 sed
1284 732 1365 767 c'ujus
1380 733 1499 760 civitatis
1514 731 1658 766 cpiscOpus

57 776 133 809 tulerit,
149 784 202 804 non
219 778 326 812 adjicit.
340 778 387 806 Est
405 783 494 806 autent
508 779 668 811 verisimile,
684 779 813 813 quoniam
831 779 933 806 nullius
949 778 1075 810 alterius,
1089 778 1161 813 quod
1173 777 1298 813 equidem
1314 778 1410 811 sciam,
1426 778 1527 812 scripta
1541 782 1660 810 exstant,

56 821 115 848 hunc
123 822 359 858 archiepiscopum
375 824 506 858 Bulgaria:
523 824 556 851 ab
571 824 617 850 illo
630 824 792 859 significari,
811 831 891 858 quem
910 824 992 850 etiam
1009 823 1141 852 Erasmus
1157 823 1342 858 Cbrysostomi
1368 823 1583 850 abbreviatorem
1600 831 1661 850 esse

57 867 121 900 dixit,
139 873 165 895 et
179 869 276 896 titulus
294 870 376 905 hujus
393 871 484 905 operis
501 871 551 897 hoc
563 878 618 904 prae
633 878 663 898 se
677 870 738 896 fert.
754 869 820 896 Nam
843 878 896 897 non
918 869 1006 897 solum
1022 877 1055 896 ex
1074 868 1180 896 Joanne
1199 869 1406 904 Cbrysostomo,
1420 877 1513 896 verum
1531 869 1612 900 etiam
1627 877 1660 897 ex

56 913 150 946 Basilio,
173 914 289 949 Cyrillo.
318 915 474 949 Severo,et
489 917 628 945 nonnullis
642 916 714 947 aliis,
729 923 790 950 qua:
803 916 836 943 ad
857 915 1025 950 propositum
1042 921 1069 944 et
1090 923 1145 942 rem
1167 915 1318 943 institutam
1333 915 1471 950 pertinere
1490 915 1661 948 viderentur,

55 960 189 994 desumpsit
201 965 229 988 et
245 961 272 988 in
286 969 369 988 unttm
383 969 483 997 corpus
498 963 635 990 contraxit
652 971 659 990 :
681 969 761 996 quam
775 969 830 988 rem
848 968 901 987 non
918 961 999 988 modo
1016 969 1102 995 genus
1115 960 1235 991 dicendi.
1260 960 1282 988 si
1298 960 1360 995 quis
1384 960 1504 987 animum
1528 961 1662 993 attendat,

56 1012 134 1032 rerum
148 1006 231 1033 etiam
252 1007 362 1034 nomina
377 1013 517 1035 auctorum
534 1007 562 1035 in
575 1007 697 1042 margine
713 1010 845 1033 aunotata
859 1007 1014 1040 significant
1034 1010 1114 1041 atque
1131 1006 1279 1033 declarant.
1292 1006 1412 1034 Joannes
1424 1005 1664 1042 ()Ecolauupadius,

56 1058 77 1089 in
89 1051 239 1085 prmfatione
252 1061 333 1088 quam
350 1054 476 1089 apposuit
490 1053 683 1090 ’l'heophylacti
696 1057 812 1088 quatuor
828 1051 1032 1087 Evangeliorum
1050 1053 1212 1087 explieation
1226 1053 1277 1080 bus
1289 1052 1323 1080 ab
1351 1060 1411 1080 sese
1429 1054 1579 1084 conversis.
1595 1053 1663 1080 nih.l

56 1098 115 1125 aliud
128 1106 204 1132 quam
222 1100 298 1126 illum
317 1101 388 1127 inter
399 1100 505 1128 Grmcus
519 1101 658 1136 theologos
670 1101 848 1127 recentiorem
858 1099 943 1126 fuisse
951 1099 1096 1132 significat,
1119 1099 1166 1126 sed
1182 1099 1253 1125 haud
1272 1098 1346 1126 falsis
1358 1106 1420 1126 eum
1431 1099 1558 1127 laudibus
1572 1105 1662 1132 ornat,

55 1151 112 1178 quas
124 1144 144 1171 si
161 1145 223 1179 quis
241 1137 364 1180 requirit,
382 1153 414 1172 ue
427 1145 461 1172 ab
475 1145 536 1173 aliis
548 1145 615 1172 bene
629 1145 702 1172 dicta
723 1145 788 1171 mihi
805 1151 866 1171 cum
876 1143 985 1171 fastidio
1001 1144 1147 1178 legentium
1163 1150 1284 1178 repetere
1299 1153 1409 1172 necesse
1424 1146 1469 1177 sit,
1488 1146 1560 1172 illinc
1579 1151 1663 1180 petat,

57 1194 125 1223 atque
134 1190 214 1216 etiam
231 1198 264 1217 ex
280 1191 440 1225 przefalione
451 1190 554 1218 Nicolai
572 1191 688 1221 Beraldi,
704 1198 763 1225 quae
781 1191 925 1225 praeposita
943 1194 985 1216 est
1002 1189 1215 1217 Commentariis
1231 1191 1304 1218 illius
1320 1190 1346 1217 in
1358 1190 1492 1225 Epistolas
1502 1192 1555 1218 divi
1570 1192 1661 1225 Pauli,

55 1243 67 1261 a
80 1235 270 1271 Christophoro
287 1237 417 1270 Porsena,
430 1236 564 1269 Romano,
583 1237 610 1264 in
624 1236 751 1264 Latinutn
770 1243 922 1263 sermonem
937 1235 1078 1262 conversis
1093 1245 1099 1262 :
1121 1236 1166 1270 qui
1181 1236 1190 1271 (
1206 1236 1278 1272 quod
1297 1237 1433 1271 praeterire
1447 1246 1500 1264 non
1524 1246 1634 1273 possum
1653 1240 1663 1273 )

59 1289 66 1304 ι
84 1280 164 1308 Unum
188 1281 252 1315 hor,
279 1282 375 1317 inquit,
406 1283 472 1310 satis
502 1287 620 1315 constat,
644 1282 671 1310 in
690 1283 732 1310 his
748 1281 959 1310 Commentariis
976 1282 1019 1316 pia
1035 1289 1095 1309 esse
1111 1283 1204 1310 omnia
1219 1288 1246 1310 ct
1267 1283 1418 1310 orthodoxa
1434 1283 1568 1320 longeque
1583 1285 1663 1312 abiis

57 1327 201 1354 diSsideutia
219 1335 282 1362 qua:
297 1329 483 1364 theologorum
496 1329 592 1362 vulgus
609 1329 730 1363 quotidie
748 1335 848 1362 magno
867 1327 1016 1362 supercilio
1036 1327 1152 1355 indocta:
1171 1329 1255 1362 plebis
1277 1330 1390 1357 auribus
1411 1330 1542 1358 inculcat.
1558 1331 1663 1366 Ubique

58 1375 121 1401 enim
135 1375 317 1409 apostolicum
335 1380 430 1410 pectus
456 1383 510 1401 non
527 1375 609 1402 modo
635 1375 754 1410 explicat
778 1374 870 1409 operis
887 1374 970 1409 hujus
987 1379 1095 1406 auctor,
1107 1374 1155 1402 sed
1172 1375 1253 1401 etiam
1268 1375 1362 1407 refert,
1381 1376 1451 1410 Sttpit
1470 1383 1501 1402 ac
1513 1377 1611 1410 spirat,
1636 1377 1662 1403 id

57 1421 119 1455 quod
134 1429 213 1456 quam
231 1422 326 1456 paucis
342 1421 439 1447 merito
455 1421 628 1448 tribuendum
647 1421 694 1453 sit,
720 1420 799 1448 facile
828 1421 973 1456 intelliget,
1005 1421 1052 1454 qui
1079 1421 1197 1448 novitios
1214 1421 1354 1455 theologos
1371 1422 1491 1456 antiquis
1509 1421 1572 1454 illis,
1600 1430 1662 1449 cutn

58 1466 148 1493 Latinis
169 1473 225 1494 tum
244 1467 356 1499 Gimcis,
372 1468 568 1502 composuerit.
588 1478 596 1492 ι
620 1467 682 1494 "ac
697 1467 838 1494 Bcruldus.
853 1468 1080 1503 OEcolampadius
1095 1468 1227 1502 prolixius
1241 1474 1271 1494 ac
1286 1468 1443 1503 singulatim
1469 1467 1664 1503 Theophylacti

57 1513 158 1540 virtutes
179 1513 352 1548 persequitur
369 1517 451 1548 atque
479 1517 612 1546 recenset.
631 1511 847 1547 Christophorus
859 1513 990 1545 Porsena,
1008 1514 1034 1540 in
1050 1520 1099 1541 sua
1113 1512 1274 1540 Praefatioue
1288 1512 1322 1540 ad
1337 1512 1443 1540 Sixtum
1459 1513 1491 1540 ιν
1508 1514 1663 1549 ροιιίὶίὶοι-ιιι

59 1558 206 1591 Romanum,
238 1559 435 1594 Tbeophylacti
469 1563 622 1593 temporum
653 1559 753 1586 nullam
788 1558 853 1586 facit
882 1560 1060 1586 mentionem.
1092 1558 1165 1586 Misit
1192 1558 1225 1585 ad
1256 1566 1306 1586 nos
1324 1557 1355 1585 D.
1371 1558 1491 1586 Joannes
1512 1559 1664 1587 Sambucus

58 1606 192 1633 orationem
207 1606 330 1634 ercam
346 1607 396 1634 hac
410 1607 587 1641 inseriptioue
605 1616 612 1634 :
629 1606 807 1642 Θεοφυλάκτοτ

929 1607 968 1638 εἰς
993 1607 1039 1633 τὸν
1058 1607 1248 1642 αὑτοκρατορα
1269 1607 1364 1642 κύριον
1399 1607 1517 1640 Ἀλέξων
1543 1608 1589 1634 τὸν
1613 1609 1665 1635 Ko-

59 1654 154 1689 μνηνόν.
169 1654 247 1687 Quod
262 1655 283 1682 si
302 1655 325 1682 is
335 1659 377 1681 cst
397 1659 491 1682 noster
510 1654 740 1690 Theophylactus,
752 1662 849 1689 nempe
861 1654 1086 1689 archiepiscopus
1104 1653 1247 1689 Bttlgarim.
1262 1654 1319 1688 jam
1340 1662 1394 1681 non
1417 1655 1532 1690 amplius
1552 1654 1664 1682 dubium

59 1706 110 1726 esse
125 1704 208 1734 potest
224 1708 278 1735 quo
292 1704 413 1734 tempore
425 1693 531 1727 vixerit.
542 1699 696 1727 Nihilaliud
711 1707 760 1735 ego
771 1707 859 1734 neque
874 1699 907 1727 de
920 1700 974 1726 vita
991 1707 1078 1734 neque
1089 1700 1122 1727 de
1134 1701 1304 1734 temporibus
1319 1700 1401 1735 hujus
1416 1702 1502 1728 nostri
1521 1700 1665 1734 Theophy-

60 1745 112 1772 laeti
139 1747 282 1782 diligenter
299 1747 448 1774 scrutando
464 1752 546 1782 atque
559 1748 722 1782 inquirendo
738 1747 814 1782 potui
841 1747 974 1774 invenire.
996 1747 1073 1780 Quod
1100 1748 1233 1782 reliquum
1254 1752 1306 1781 cst,
1322 1756 1369 1775 vos
1387 1748 1467 1775 etiam
1484 1753 1566 1783 atque
1583 1749 1664 1775 etiam

63 1802 118 1827 rogo
132 1803 162 1822 ac
177 1795 354 1823 vehementer
370 1799 444 1830 peto,
457 1800 486 1822 ut
502 1796 553 1822 hoc
567 1795 695 1830 exiguum
717 1799 799 1830 atque
814 1795 882 1823 adeo
896 1795 1085 1822 tenuissimum
1113 1796 1318 1828 munusculum,
1342 1796 1420 1823 vobis
1443 1796 1507 1823 licet
1522 1796 1664 1831 indignum

61 1842 196 1877 vestrisque
215 1843 242 1869 in
260 1850 302 1870 me
317 1842 432 1870 summis
449 1842 588 1869 beneﬁciis
601 1849 634 1868 ac
651 1841 757 1868 meritis
773 1841 871 1875 impar,
879 1841 949 1875 aequi
965 1845 1055 1868 tamen
1069 1840 1158 1868 facere
1171 1841 1290 1876 bonique
1304 1842 1456 1873 consulere,
1469 1847 1496 1869 ct
1512 1848 1539 1868 ut
1559 1843 1592 1869 ah
1605 1842 1666 1868 ani-

61 1887 89 1912 mi
102 1888 282 1916 bencvolcntia
297 1894 378 1924 atque
395 1888 562 1924 gratitudine
576 1887 740 1922 profectum,
760 1887 841 1914 hilari
858 1888 933 1914 vultu
949 1887 1062 1921 lectaque
1074 1887 1163 1914 fronte
1178 1887 1302 1921 accipere
1317 1887 1417 1914 velitis.
1437 1887 1492 1914 lloc
1506 1888 1528 1914 si
1551 1895 1565 1914 a
1587 1888 1665 1914 \obis

60 1939 208 1962 consecutus
234 1935 322 1968 fuero,
349 1935 457 1962 abunde
484 1934 551 1962 satis
578 1940 691 1968 magnos
718 1933 843 1961 laborum
871 1941 916 1960 me
943 1932 1050 1959 fructus
1073 1932 1181 1966 cepisse
1208 1931 1382 1960 existimabo.
1401 1932 1472 1960 Bene
1488 1932 1583 1966 valeto,
1614 1934 1665 1961 viri

61 1981 218 2014 amplissimi.

90 2062 121 2090 Ει
136 2065 300 2092 monasterio
319 2065 493 2093 Steinwcldio
507 2072 544 2092 xu
561 2064 697 2092 Kalendas
710 2063 889 2099 Septembris,
908 2070 981 2090 anno
994 2062 1099 2090 Domini
1114 2062 1192 2090 l56‘l.

62 2266 228 2296 Clarissimo
247 2265 586 2304 excellentissitnoque
603 2265 684 2300 viro,
719 2266 753 2295 D.
780 2264 895 2295 Joanni
921 2265 1092 2304 Saunuco.
1109 2264 1287 2304 Pannonio,
1315 2264 1465 2295 Cmsarem
1490 2265 1663 2304 Majrstatis

103 2306 220 2336 medico
238 2309 269 2336 et
285 2303 557 2344 historiographo,
574 2303 766 2335 Laurentius
779 2303 956 2340 SIFANUS,
974 2303 1213 2341 Prunsfeldius,
1236 2305 1264 2335 .l.
1282 2305 1317 2334 U.
1335 2304 1459 2340 Doctor,
1477 2304 1507 2335 S.
1523 2305 1555 2334 Ρ.
1572 2304 1610 2334 Ι).

91 2407 122 2434 En
137 2409 223 2442 prodit
237 2409 345 2437 tandem
360 2410 387 2436 in
399 2411 549 2445 publicum,
566 2410 608 2438 vir
618 2409 780 2441 clarissime,
795 2409 1015 2446 Theophylactus
1028 2413 1092 2437 tuus
1113 2410 1225 2438 Crzecus
1235 2418 1249 2437 a
1268 2418 1309 2437 me.
1325 2410 1416 2437 factus
1439 2409 1572 2436 Latinus:
1586 2412 1662 2435 tuum
1698 2423 1701 2425 -

63 2451 124 2484 dico,
140 2462 192 2488 quo
205 2462 373 2486 careremus.
389 2457 443 2484 nisi
459 2461 487 2483 tu
505 2456 577 2491 quod
592 2456 738 2491 separatim
752 2455 854 2484 habere
869 2457 915 2484 tibi
927 2456 1066 2491 proprium
1083 2456 1190 2488 hcehat.
1204 2463 1348 2484 commune
1361 2463 1392 2483 ac
1410 2455 1545 2490 publiequ
1562 2455 1662 2482 bonum

65 2507 114 2527 esse
128 2503 278 2530 maluisses.
296 2503 383 2530 Causa
399 2511 448 2530 cur
461 2507 516 2531 tam
534 2511 596 2531 sero
619 2504 749 2539 prodeat,
766 2509 794 2530 ut
811 2504 893 2531 etiam
913 2504 1017 2531 librarii
1043 2504 1150 2539 culpam
1168 2504 1296 2539 recipiam
1319 2505 1346 2530 in
1365 2512 1417 2535 me,
1434 2504 1491 2530 hinc
1516 2507 1568 2534 est,
1590 2501 1663 2537 quod

62 2546 114 2573 dum
129 2548 171 2574 ille
181 2549 215 2575 de
233 2556 275 2576 me
291 2548 397 2582 Latine,
411 2557 462 2584 ego
472 2550 506 2577 de
520 2550 567 2577 illo
600 2549 693 2577 Graece
708 2549 816 2578 discere
833 2550 998 2582 nitebamur,
1014 2550 1059 2577 ubi
1080 2551 1150 2578 alter
1169 2552 1283 2576 alterum
1313 2551 1404 2577 minus
1435 2549 1662 2584 intelligebamus.

64 2599 115 2619 cum
127 2593 258 2629 interpres
271 2595 380 2630 utrique
396 2595 515 2628 deesset,
531 2600 613 2631 atque
627 2596 698 2624 haud
711 2596 879 2631 incorruptis
894 2597 1030 2625 ministris
1045 2600 1197 2628 uteremur,
1214 2596 1380 2630 conjecturis
1397 2597 1496 2631 quibus
1514 2597 1582 2623 alter
1596 2597 1664 2622 alte-

64 2637 110 2665 rius
124 2646 200 2667 sensa
227 2647 447 2676 assequeremur,
464 2641 556 2669 multis
579 2642 605 2669 in
629 2641 695 2669 locis
715 2642 753 2668 uti
770 2642 916 2669 habuimus
942 2649 1062 2670 necesse.
1089 2642 1173 2677 Cujus
1200 2642 1237 2669 rei
1261 2642 1391 2676 quoniam
1408 2643 1481 2668 clara
1499 2643 1662 2669 documenta

65 2688 148 2712 suntin
164 2690 302 2722 promptu,
322 2695 356 2714 ne
367 2687 460 2722 inepta
476 2687 632 2722 prolixitate
644 2688 791 2715 verborum
810 2687 980 2723 typographo
997 2687 1134 2715 festinanti
1149 2688 1199 2715 sim
1213 2688 1239 2714 in
1257 2695 1341 2717 mora,
1357 2692 1381 2714 te
1392 2687 1473 2714 etiam
1488 2693 1569 2722 atque
1580 2690 1662 2715 etiam

66 2735 126 2765 Ιὀεο,
137 2737 165 2759 ut
181 2733 238 2761 haec
249 2734 308 2768 ipsa
324 2741 384 2768 qua:
398 2734 460 2761 dico
475 2734 637 2761 documenta
660 2734 810 2762 scrutando
831 2738 912 2768 atque
926 2733 1120 2766 exatninando,
1142 2742 1250 2768 aequum
1272 2740 1295 2761 le
1312 2734 1376 2760 mihi
1389 2733 1508 2767 judicem
1526 2739 1607 2769 atque
1622 2734 1663 2761 fu-

67 2782 154 2805 mttem
167 2779 298 2814 praebere,
313 2783 340 2807 et
352 2779 432 2807 istam
450 2787 560 2814 operam
577 2787 658 2815 quam
678 2779 790 2815 praestiti
807 2779 877 2814 zequi
896 2779 1014 2814 bonique
1039 2780 1128 2809 facere
1146 2780 1224 2806 velis.
1240 2779 1316 2813 Quod
1331 2779 1463 2814 reliquum
1477 2783 1531 2811 est,
1551 2787 1663 2814 magnas

67 2822 136 2852 tibiet
149 2825 253 2861 agimus
269 2828 296 2854 et
311 2825 444 2854 habemus
458 2826 572 2862 gratias,
590 2826 635 2862 qui
654 2826 726 2854 istud
744 2826 909 2861 mancipium
926 2826 1040 2860 publica:
1056 2826 1181 2854 utilitatis
1195 2827 1428 2861 iuservire,quam
1442 2825 1512 2852 domi
1528 2826 1662 2860 privatqu
