1897 3052
225 93 278 125 483
677 90 967 120 'l'llEOPllYLACTl
991 90 1197 121 BUl.GARI/l:‘.
1217 88 1394 119 ARClllEP.
1809 84 1873 116 484

227 152 327 179 habere
352 151 491 179 maluisti:
513 157 544 178 ac
561 154 586 178 lc
614 149 766 180 hortamur,
786 153 814 176 ut
839 149 968 183 deinceps
985 153 1073 175 macta
1098 149 1149 175 ista
1175 148 1275 174 virtute
1289 147 1338 178 sis,
1356 150 1383 174 et
1399 153 1431 174 ea
1444 153 1504 181 quae
1522 146 1602 173 etiam
1620 152 1695 173 nunc
1710 151 1812 180 penes
1842 149 1872 170 te

228 200 313 228 habes
330 199 451 234 ejusdem
468 199 585 234 generis,
603 202 686 233 atque
700 199 781 225 etiam
803 198 917 225 diversae
930 198 1049 225 nationis
1063 196 1197 232 nmnripia
1218 196 1412 222 manumittere
1430 202 1462 222 ac
1478 195 1551 222 bono
1567 194 1678 228 publico
1694 193 1802 221 dicare
1818 199 1871 218 ve-

227 245 273 275 lis.
291 244 357 273 lllud
374 244 446 279 quod
465 252 533 279 pene
549 244 743 279 praeterieram.
758 249 784 272 te
795 245 965 272 admonitum
983 244 1073 276 relim,
1087 251 1130 270 me
1146 243 1172 270 in
1191 243 1223 269 iis
1242 241 1319 273 locis,
1337 241 1383 268 ubi
1400 242 1480 268 lectio
1498 241 1593 276 scripti
1607 239 1725 275 exempli
1742 246 1873 274 prorsus

226 299 281 318 non
305 291 414 318 tolerari
430 298 478 317 nec
501 291 627 318 excusztri
644 298 724 325 posse
745 291 897 325 \idcbatur,
907 293 940 318 ad
957 291 1107 326 marginem
1122 298 1136 317 e
1150 291 1261 325 regione
1274 289 1401 324 posuisse
1417 288 1491 315 illam
1507 288 1593 322 ipsam
1611 287 1763 314 lectionem
1780 294 1870 320 quam

227 337 348 369 correxi,
368 336 476 371 adjecto
494 336 620 363 videlicet
636 337 722 364 verbo
731 337 843 365 habetur
856 342 904 364 aut
917 337 1057 364 habebatur
1073 345 1082 364 :
1101 340 1132 363 ut
1145 336 1169 363 si
1184 335 1375 370 lquodalicubi
1391 334 1448 361 ﬁeri
1461 333 1558 368 potuit)
1571 340 1720 364 errassem.
1739 331 1873 359 lectoris

227 383 361 416 judicium
379 382 515 417 integrum
531 387 707 413 esset.utram
736 384 880 411 lectionem
901 383 977 418 sequi
995 384 1097 410 mallet.
1114 381 1167 410 Sed
1186 382 1232 409 ubi
1248 381 1370 409 dubitari
1388 380 1422 408 de
1443 380 1561 408 lectione
1584 380 1650 415 (scis
1663 380 1740 406 enim
1779 378 1872 405 unico

226 436 267 455 me
282 428 415 455 duntaxat
431 432 478 455 tuo
498 435 577 455 usum
597 436 658 456 esse
675 429 856 464 apograpbo),
873 429 910 457 ibi
927 429 953 456 in
968 429 1089 463 margine
1105 428 1218 463 apposui
1236 427 1317 454 aliam
1333 426 1490 456 lectionem.
1510 433 1592 460 quam
1609 425 1800 460 conjecturas
1818 431 1868 450 se—

226 478 305 501 cutus
315 481 406 501 veram
416 481 476 501 esse
488 479 534 500 aut
551 481 612 501 esse
626 474 722 501 debere
738 480 812 509 puto,
828 475 933 509 adjecta
948 474 1075 502 videlicet
1086 474 1205 502 dictione
1219 475 1295 505 ἴσως.
1306 475 1393 508 Atque
1405 473 1455 500 hoc
1472 477 1500 499 ut
1510 473 1683 500 admonerem
1699 471 1871 503 sludicsos,

230 520 331 551 quibus
349 527 380 547 ea
395 519 509 547 facultas
525 524 577 551 cst,
597 526 626 547 ut
638 520 770 547 adhibitis
782 520 996 548 correctioribtts
1012 521 1231 555 exemplaribus,
1248 520 1300 555 ipsi
1318 519 1369 547 sibi
1383 519 1462 554 juxta
1482 526 1515 546 ac
1538 517 1694 553 reipublicae
1707 517 1872 544 consulam.

228 567 256 592 in
273 565 427 593 istiusmodi
440 565 518 598 locis,
538 566 583 593 ubi
599 567 649 593 hoc
660 566 693 593 ad
714 566 917 600 intelligendum
935 566 1032 594 melius
1053 566 1262 601 explicationem
1280 565 1478 600 Tbeophylacti
1489 563 1644 592 conducere
1656 562 1825 593 videbatur,
1842 563 1868 588 in

233 611 346 639 scholiis
364 611 477 646 repetivi
493 612 575 638 verba
590 611 643 639 divi
656 611 745 643 Luem.
761 616 841 646 atque
852 613 932 639 etiam
951 613 1047 639 iterata
1062 613 1165 640 inserui
1176 611 1322 647 exemplari
1336 611 1448 642 Graeco;
1461 610 1534 644 quod
1548 609 1693 637 collatione
1708 608 1791 635 facta
1804 615 1870 634 cum

238 661 284 684 tuo
296 659 484 691 manuscripto
497 656 693 690 propemodum
709 659 896 685 necessarium
915 657 1001 685 fuisse
1018 657 1123 685 videbis
1143 657 1170 685 in
1190 657 1284 686 multis
1300 656 1380 689 locis,
1397 663 1485 690 quae:
1497 656 1588 682 minus
1601 654 1732 690 prudenti
1758 654 1870 682 lectore

230 712 326 738 parum
348 705 485 732 intellecta
499 703 630 739 praeteriri
648 704 814 739 potuissent.

268 758 342 787 Bene
358 759 427 786 vale.
445 757 551 792 llaptim
564 765 597 785 ex
611 760 777 788 monasterio
791 759 967 787 Steinmeldio
983 766 1000 785 ι
1018 758 1156 786 Kalendas
1170 759 1351 794 Septembris.
1367 765 1439 786 anno
1452 757 1558 785 Domini
1579 757 1659 785 l567.

292 915 327 945 ln
345 915 574 955 Theophylncti
595 914 628 945 in
644 915 720 946 Acta
737 915 954 955 apostolorum
970 915 1208 954 Explicationes
1226 923 1240 945 ε
1256 914 1425 945 Laurentio
1442 913 1550 945 Silano
1566 915 1675 946 Latine
1692 915 1815 951 factas,

779 954 864 983 Petri
881 955 1074 994 Kempeusis
1092 954 1304 993 Epigramma.

233 1049 325 1076 Βίιιιιιςι
341 1057 390 1077 cur
410 1051 533 1085 geminos
549 1050 677 1078 dill‘undlt
695 1050 796 1078 vertice
810 1057 910 1082 ramos,
1107 1050 1247 1079 Permittis
1263 1051 1333 1078 crelo
1349 1050 1476 1078 liberiore
1491 1049 1563 1077 frui?

266 1095 332 1128 Quze
348 1096 418 1123 viret
437 1097 479 1125 his
491 1097 613 1131 scriptis,
634 1098 714 1124 docte
731 1096 835 1124 Silane.
855 1095 931 1122 tuis?
1070 1096 1102 1124 Et
1113 1096 1181 1124 Latii
1196 1097 1300 1133 spirare
1313 1097 1402 1130 (idem,
1418 1092 1580 1132 Latiumque
1595 1095 1712 1124 nitorem

231 1141 352 1174 Quorum
368 1143 417 1170 hos
434 1143 558 1177 populeis
571 1143 651 1169 docta
664 1143 795 1170 insitione
812 1142 946 1174 ridemus,
1103 1142 1172 1169 Dum
1188 1143 1273 1170 subiit
1288 1143 1380 1170 cultus
1399 1143 1489 1178 lingua
1507 1142 1618 1177 Pelasga
1635 1149 1724 1169 novos
1736 1141 1750 1168 2

269 1188 357 1222 Atque
372 1188 434 1215 illos
449 1188 517 1215 lauri
532 1189 669 1216 luxuriare
683 1189 780 1216 contis.
1070 1187 1138 1214 Cum
1154 1187 1304 1216 Herculeus
1319 1188 1395 1215 labor
1411 1188 1466 1218 hic.
1481 1188 1568 1223 pietas
1582 1194 1609 1215 et
1621 1187 1751 1222 Apolline
1771 1186 1862 1222 digna.

232 1232 342 1260 Necnon
358 1233 498 1268 Argolicos
515 1234 596 1261 simili
611 1235 760 1262 ambitione
778 1236 896 1269 lepores,
1103 1232 1199 1268 Magna
1213 1233 1287 1260 venit
1302 1233 1407 1262 meritis
1425 1235 1512 1269 gratia
1530 1233 1620 1261 danda
1635 1233 1702 1260 tuis.

271 1279 373 1307 Ambas
395 1279 501 1314 spirare
513 1284 539 1307 et
552 1280 690 1307 Ausonias
705 1281 834 1308 Veneres.
1071 1278 1220 1313 Propterea
1234 1279 1294 1314 ipse
1305 1286 1369 1307 suas
1384 1279 1547 1314 Tirynthius
1562 1278 1682 1313 explicat
1695 1278 1830 1308 umbras.

232 1323 300 1350 Esse
314 1324 378 1359 quid
390 1325 441 1351 llOC
451 1325 537 1351 dicam
549 1324 560 1350 τ
570 1325 715 1360 numlquod
725 1330 770 1352 tua
780 1325 880 1360 scripta
889 1325 1022 1352 columnis
1108 1325 1230 1360 lmplicet
1244 1330 1274 1352 ut
1288 1325 1416 1353 meritum
1434 1325 1502 1352 lecta
1518 1332 1620 1353 corona
1640 1329 1736 1359 caput.

265 1368 354 1397 Graiis
367 1374 393 1396 et
408 1369 492 1397 Latiis
507 1370 696 1397 diseriminata
713 1370 822 1397 nitent?

1111 1370 1129 1395 ιὶ
1145 1369 1204 1403 σοῦ,
1222 1370 1367 1405 Λαυρέντι,
1384 1369 1537 1405 κροτάςους
1555 1369 1702 1405 περίδησεν
1724 1366 1860 1395 Ἀπόλλων

233 1415 317 1447 Queis
333 1416 399 1442 satis
413 1416 536 1443 ostendis
546 1416 644 1451 linguae
658 1416 705 1443 tibi
718 1417 804 1451 gloria
816 1421 928 1452 quanta,

1111 1415 1248 1450 Κορικίοις
1264 1415 1366 1450 δάφνης
1387 1415 1525 1450 πλέγμασι
1540 1415 1724 1451 χρυσοκόμης).

271 1459 337 1486 Dum
355 1467 449 1488 versas
460 1460 539 1488 Latio
554 1461 636 1489 Graia
657 1461 758 1496 scripta
773 1461 854 1497 stylo.

1080 1459 1146 1488 Ἱσον
1167 1461 1204 1488 ὅτ’
1217 1461 1380 1496 ἀμφοτέρων
1398 1461 1489 1497 σοφίῃ,
1508 1461 1614 1497 γλώττῃ
1631 1460 1654 1487 τ’
1669 1461 1829 1496 ὕπερὲχειςτ

235 1505 275 1532 An
286 1506 377 1540 potius
392 1514 452 1541 qua:
470 1514 564 1541 pressa
580 1506 626 1534 ditt
645 1507 748 1534 latuere
762 1507 813 1535 sub
829 1508 896 1540 alto,

1109 1507 1248 1542 Δείγματα
1265 1507 1397 1543 μειλιχίης
1408 1507 1565 1543 ἀμφοτέρου
1576 1508 1695 1543 χάριτος.

274 1550 387 1578 Nomina
405 1552 542 1586 neglectu,
555 1544 581 1580 et
597 1553 764 1588 squalidiore
779 1553 846 1584 situ.
1073 1552 1129 1580 lloc
1142 1553 1259 1586 pretium
1276 1553 1359 1580 studii
1375 1554 1600 1589 vigilatorumque
1615 1553 1759 1585 laborum,

237 1597 368 1631 lnccpere
387 1597 441 1624 tuis
453 1597 560 1626 tandem
577 1598 753 1633 iuvenescere
766 1598 880 1639 chartis,
1110 1597 1158 1625 llic
1170 1599 1269 1626 studiis
1287 1604 1383 1633 partus
1396 1603 1421 1627 te
1433 1600 1580 1627 comitatur
1594 1599 1692 1627 bonos.

270 1641 303 1668 Et
320 1643 377 1670 lieri
391 1646 453 1670 voto
471 1643 656 1678 splendidiora
681 1646 750 1672 tuo?
1074 1643 1111 1671 Te
1127 1644 1224 1671 merito
1242 1644 1299 1672 hmc
1322 1645 1406 1681 igitur
1420 1646 1567 1673 comitatur
1585 1646 1670 1682 gloria
1691 1646 1776 1679 lauri,

242 1687 406 1723 Scriptaque
421 1687 582 1725 Grajugenis
597 1693 701 1717 tantum
711 1690 847 1718 celebrata
864 1689 968 1726 Lycmis
1111 1688 1248 1725 Famaque
1268 1699 1316 1726 per
1330 1691 1420 1719 nullos
1434 1692 1582 1719 interitura
1596 1691 1665 1720 dies.

535 1853 748 1882 LAUREA'TII
779 1854 911 1882 SIFANI
927 1855 1270 1884 ADMUNITIUNCULA
1285 1857 1333 1884 AD
1350 1857 1557 1886 LECTOREH.

275 1909 460 1950 Admonendns
472 1909 626 1943 Lcctor,ubi
639 1911 741 1950 diversa
757 1912 785 1950 in
796 1913 913 1950 margine
926 1948 929 1950 _
940 1913 1081 1950 Irnmlatio
1095 1914 1215 1948 apposita
1228 1919 1277 1950 est,
1290 1923 1336 1950 per
1344 1915 1377 1942 ν.
1393 1914 1533 1950 Vulgatam
1547 1917 1689 1943 versionem
1701 1917 1854 1950 signiﬁcari:

237 1945 367 1986 diuersam
381 1945 412 1971 ab
429 1945 476 1986 hoc
495 1954 579 1986 meum
601 1954 665 1986 esse.
692 1947 768 1978 Quod
787 1945 880 1973 attinet
897 1948 930 1973 ad
956 1948 1087 1986 diversam
1104 1945 1240 1986 lectionem
1254 1945 1385 1986 Grecam,
1402 1945 1454 1976 ubi
1466 1951 1493 1977 in
1509 1952 1628 1986 margine
1643 1945 1794 1986 appositum
1809 1958 1853 1981 est,

240 1979 391 2020 habebatur
403 1985 450 2006 aut
464 1980 592 2020 liabetur,
608 1981 664 2020 illis
685 1989 701 2007 a
712 1990 751 2020 me
764 1986 908 2020 correctam
921 1990 977 2020 esse
987 1983 1080 2020 procul
1093 1983 1173 2020 dubio
1189 1979 1741 2020 corruptamjnmaltuscripto'leclionhn;
1756 1987 1800 2013 sed
1813 1979 1854 2014 ubi

238 2014 432 2056 ascriptum‘est
445 2014 479 2056 ad
497 2014 652 2042 ercamin
664 2016 780 2051 margine
794 2016 907 2050 positam
919 2014 1048 2044 diversam
1061 2018 1209 2052 lectionem,
1228 2014 1303 2051 ἴσώς,
1319 2018 1346 2045 id
1361 2024 1411 2052 est,
1432 2014 1559 2054 forsitan,
1581 2021 1618 2047 ibi
1645 2029 1686 2048 me
1703 2014 1852 2056 coitjcrturfs

238 2056 315 2075 usum
330 2050 366 2075 ita
380 2049 515 2084 legendum
529 2058 585 2077 esse
597 2055 704 2085 putare.

244 2143 1831 2164 W

494 2223 778 2269 ΥΠΟΘΕΣΙΣ
807 2226 916 2268 ΤΗΣ
949 2226 1150 2277 ΒΙΒΛΟΥ
1183 2229 1298 2272 ΤΩΝ
1343 2226 1607 2274 ΠΡΑΞΕΩΝ

786 2315 854 2342 ΣΥΝ
871 2316 948 2343 TUI!
960 2316 1166 2346 ΚΕΦΔΛΔΙΟΙΣ
1187 2318 1314 2346 ΛΥΤΩΝ.

573 2487 995 2533 ARGUMENTUM
1030 2489 1193 2532 LIBRI
1242 2489 1527 2536 ACTORUM

803 2580 873 2609 UNA
889 2582 960 2611 CUM
977 2582 1158 2611 CAPITULIS
1176 2583 1306 2614 EORUM.

278 2741 345 2768 Acta
372 2741 556 2776 apostolorum
589 2742 657 2769 liber
681 2742 725 2769 hic
754 2745 876 2773 vocatur,
900 2742 1027 2775 quoniam

1118 2741 1233 2777 Πράξεις
1249 2743 1445 2772 ἀπθστόλωντὸ
1464 2745 1566 2780 βιϐλίον
1599 2746 1737 2781 καλεῖται,
1763 2743 1838 2777 ἐπειδὴ

242 2787 324 2816 simul
338 2788 458 2816 continet
472 2791 532 2816 actn
561 2787 745 2824 apostolorum
766 2797 772 2815 :
791 2788 837 2823 qni
854 2791 944 2815 autem
970 2788 991 2815 b:

1090 2788 1128 2820 τὰς
1143 2788 1258 2824 πράξεις
1272 2789 1340 2823 ὁμοῦ
1361 2791 1415 2818 τῶν
1446 2791 1602 2819 ἀποστόλων
1631 2793 1759 2828 περιέχει.
1776 2791 1800 2818 ὀ
1820 2790 1839 2814 ελ
