1878 3056
166 143 220 175 4³19
687 141 897 172 LAURENTJI

1077 142 1276 172 PRtEFATIO.
1740 139 1818 174 480

168 206 244 228 tuum
261 199 288 227 in
306 198 491 228 convertendo
512 205 613 226 morem
629 206 738 227 servare
750 199 835 232 solco,
846 204 937 226 utnon
953 203 1016 226 ante
1031 206 1140 234 pergam
1156 207 1237 235 opere
1249 200 1383 232 instituto,
1399 207 1480 234 quam
1494 200 1593 234 prioris
1610 200 1663 227 dici
1686 199 1818 227 labores

170 254 366 282 recognovcro,
384 251 411 274 et
426 253 512 280 usque
526 253 558 273 eo
575 253 731 280 correxero,
745 251 774 273 ut
791 247 882 274 anitno
898 253 959 273 meo
974 246 1064 280 aliquo
1080 246 1161 273 modo
1178 247 1303 274 satisﬁat.
1325 246 1363 274 Ac
1378 253 1532 281 quanquam
1548 246 1612 273 mihi
1625 253 1679 272 non
1692 247 1818 280 ubique

169 294 289 321 satisfeci
323 294 380 327 (qui
401 292 472 319 enim
489 292 638 327 potuissem
654 293 680 319 in
699 293 732 321 iis
750 293 830 325 locis,
844 293 889 320 ubi
906 298 1035 327 corrupto
1050 295 1157 327 penitus
1173 300 1204 320 ac
1218 293 1342 320 mutilato
1357 292 1514 328 apographo
1525 292 1700 326 conjecturas
1716 288 1817 325 sequi

172 347 284 368 necesse
299 339 380 366 habui
394 339 428 374 ?),
445 339 528 366 malui
545 343 635 366 tamen
653 347 682 367 re
695 344 822 375 suscepta
840 340 918 366 ﬁdetn
931 347 1020 366 meam
1037 340 1166 372 liberare,
1180 347 1231 367 nec
1242 339 1382 367 hominum
1396 339 1631 374 exspectationem
1647 336 1799 366 frustrari
1809 364 1818 370 ,

172 389 199 413 et
218 385 320 420 aliquid
336 386 428 420 potius
441 385 467 411 in
488 389 565 419 parte
580 385 682 419 operis,
696 386 768 420 quod
786 385 932 420 aliquando
948 385 1094 418 sarciatur,
1122 385 1215 412 minus
1229 384 1349 420 probari,
1363 391 1444 419 quam
1463 387 1548 411 totum
1564 391 1633 418 opus
1653 383 1699 410 diu
1720 381 1819 410 (ἰθεῖα

174 432 276 459 derari.
293 431 404 459 Habetis
425 432 506 459 simul
524 431 669 458 c0nsilium
686 439 775 458 meum
790 431 817 458 in
834 431 1008 465 suscipienda
1022 438 1061 463 re,
1078 436 1104 458 et
1123 438 1152 458 re
1167 434 1306 465 suscepta,
1321 437 1434 457 causam
1449 437 1498 457 cur
1513 434 1567 457 tam
1585 437 1648 457 sero
1661 436 1731 463 opus
1749 427 1822 454 ab—

171 478 290 506 solutum
319 481 400 512 atque
417 477 568 512 perfectum
589 476 704 512 prodeat
732 477 759 504 in
786 478 884 503 lucem.
909 476 976 503 Cum
993 476 1077 511 igitur
1094 476 1169 511 operi
1184 476 1239 511 jam
1258 476 1454 510 propemodum
1471 475 1535 503 ﬁnis
1549 475 1696 510 impositus
1712 476 1819 505 esset,

173 528 255 557 atque
271 530 321 557 ego
338 530 443 549 mecum
456 522 634 549 deliberarem
648 527 730 556 atque
742 522 926 549 consultarent
943 529 1023 556 quem
1042 521 1084 549 his
1104 521 1245 548 laboribus
1262 521 1329 548 meis
1344 521 1519 555 potissimum
1541 520 1697 555 deligerent-
1706 524 1821 554 patra-

172 576 248 598 num,
267 567 364 594 amicis
379 567 439 593 aliis
460 567 650 601 alios,eosque
664 566 848 601 amplissimos
859 565 968 600 quidem
984 566 1068 599 viros,
1083 566 1130 594 sed
1146 566 1309 600 quibuscum
1326 566 1391 593 mihi
1403 566 1476 592 nulla
1487 565 1683 600 propemodum
1701 564 1818 591 notitia

173 615 368 646 intercederet,
401 615 638 650 proponentibus:
669 621 718 650 ego
745 621 807 641 cum
839 615 960 648 ineptum
981 617 1008 641 et
1024 615 1208 648 importunum
1226 620 1287 640 esse
1309 613 1476 648 judicabam,
1494 620 1655 647 magnorum
1674 612 1819 639 virorum

171 670 323 697 eorumque
337 662 503 697 ignotorum,
516 665 542 688 et
557 661 590 688 ad
607 669 676 695 quos
691 661 795 688 nullum
816 661 878 695 quis
892 660 995 687 aditum
1014 661 1120 692 habeat,
1139 660 1274 687 amicitias
1292 664 1428 695 appetere,
1445 667 1476 687 ac
1492 667 1553 687 sese
1571 667 1625 686 non
1644 659 1727 686 modo
1741 666 1822 686 ser—

173 707 272 739 viliter,
288 714 380 733 verum
400 707 482 734 etiam
500 707 672 741 impudenter
687 707 830 734 insinuare
847 715 853 733 :
867 711 924 733 tum
941 714 1008 733 more
1025 711 1130 733 natura;
1145 711 1228 741 atque
1253 706 1361 741 ingenio
1377 706 1502 733 videbam
1521 713 1578 732 rem
1601 713 1663 733 esse
1681 706 1822 733 maxime

174 756 317 783 adversam
333 760 359 783 et
374 756 524 784 inimicam.
539 756 629 791 Atque
646 756 719 783 haud
735 756 894 792 ignorabam
907 763 963 788 eos,
983 756 1082 791 quibus
1104 756 1205 791 ignotis
1223 755 1356 790 ejusmodi
1372 755 1461 782 Itonos
1478 755 1606 787 habetur,
1622 762 1677 780 non
1694 754 1820 788 absque

175 812 258 831 causa
271 804 406 838 suspicari
422 804 511 832 solere
527 812 605 831 suam
617 804 651 831 ab
667 803 826 831 hominibus
841 804 1006 838 importunis
1022 803 1237 830 muniﬁcentiam
1254 808 1337 837 atque
1350 803 1539 830 liberalitatem
1563 801 1706 829 sollicitari
1725 809 1732 828 :
1755 799 1820 827 sed

175 850 197 876 si
213 851 275 885 quis
293 850 424 877 beneficio
440 850 554 878 affectus
567 850 650 877 animi
671 850 714 878 sui
732 850 926 884 gratitudinem
941 850 1082 878 declarare
1094 849 1211 882 studeat,
1222 857 1284 877 eum
1304 857 1359 877 non
1377 849 1458 876 modo
1475 857 1530 876 non
1544 848 1694 879 offendere,
1706 853 1817 873 verum

175 896 257 923 etiam
272 896 390 929 laudem,
405 896 428 923 si
438 896 506 923 nihil
519 895 591 923 aliud
609 896 740 930 proﬁciat,
754 896 788 923 ab
806 896 963 924 hominibus
976 896 1046 923 ferre
1061 896 1159 923 solere.
1175 895 1240 928 Quae
1255 903 1316 922 cum
1331 895 1423 922 animo
1433 895 1575 929 agitarem,
1593 899 1675 929 atque
1693 892 1820 927 perple-

176 950 228 969 xus
245 943 374 970 liatrerem
390 943 434 970 cui
451 942 501 970 hos
518 950 594 970 meos
621 943 730 970 labores
745 942 848 977 absque
860 943 1013 971 offensione
1041 948 1123 978 alqtte
1147 943 1347 970 obtrectatione
1362 943 1522 977 cujusquam
1550 942 1706 970 dedicarem
1733 941 1815 976 (non

176 987 249 1014 enim
267 987 413 1015 convenire
427 995 476 1015 nec
489 988 617 1024 expedire
631 988 784 1020 videbatur,
794 988 894 1015 librum
906 989 1011 1024 absque
1026 993 1141 1023 patrono
1151 993 1232 1023 atque
1245 988 1389 1016 defensore
1399 988 1530 1023 judicium
1541 988 1680 1015 hominum
1694 987 1817 1015 subire.

178 1036 330 1070 praesertim
346 1036 426 1070 cujus
445 1040 542 1063 auctor
556 1036 639 1063 etiam
654 1043 728 1064 nunc
742 1040 899 1071 superesset
915 1045 921 1063 :
946 1038 1046 1072 quippe
1061 1044 1122 1064 eum
1150 1037 1203 1063 vivi
1231 1037 1319 1071 magis
1342 1044 1422 1071 qttam
1446 1036 1545 1063 mortui
1563 1036 1673 1063 invidia:
1688 1035 1815 1063 obnoxii

177 1082 262 1109 simus
276 1087 303 1108 et
316 1082 535 1110 obtrectantibus
548 1083 718 1118 opportuni),
737 1090 785 1110 vos
800 1082 865 1109 mibi
878 1083 905 1110 in
921 1084 1029 1118 primis,
1043 1088 1072 1110 ut
1086 1091 1135 1118 par
1149 1088 1203 1115 est,
1218 1083 1245 1110 in
1260 1089 1380 1110 mentem
1392 1083 1518 1115 venistis,
1535 1083 1634 1117 quibus
1650 1089 1705 1109 non
1722 1083 1818 1109 tnodo

178 1131 290 1163 propter
305 1134 407 1161 vetera,
420 1136 514 1156 verum
532 1130 615 1156 etiam
633 1129 669 1156 ob
684 1130 804 1156 recentia
822 1130 931 1161 merita,
957 1131 1014 1158 imo
1037 1138 1104 1157 vero
1120 1134 1232 1165 propter
1249 1134 1408 1165 perpetuam
1431 1136 1494 1164 erga
1518 1136 1561 1156 me
1590 1128 1814 1155 beneficentiam

178 1179 258 1208 atque
273 1174 470 1206 liberalitatem,
486 1175 607 1201 omnium
622 1175 700 1209 longe
715 1175 864 1210 plurimum
886 1174 1024 1202 deberem.
1040 1175 1098 1202 Non
1125 1183 1167 1202 me
1189 1175 1321 1210 praeterit,
1351 1174 1468 1202 auribth
1497 1174 1594 1201 vestris
1618 1174 1754 1208 ingratam
1782 1177 1817 1199 et

178 1219 355 1254 injucundam
375 1227 437 1247 esse
466 1220 639 1247 immodicam
659 1228 691 1248 ac
705 1221 816 1248 nitniam
837 1221 1009 1249 liberalitatis
1024 1225 1120 1248 vestra:
1151 1221 1370 1256 pra‘dicationem
1390 1229 1397 1246 :
1419 1227 1512 1246 verum
1528 1220 1600 1251 date,
1613 1226 1716 1254 quaeso,
1733 1219 1817 1244 hanc

178 1266 287 1293 veniant
302 1266 379 1298 inihi,
396 1265 441 1292 cui
458 1266 525 1293 nihil
543 1274 661 1301 unquam
678 1268 778 1302 petenti
793 1267 960 1303 denegastis,
976 1267 1023 1294 sed
1044 1267 1161 1301 plurima
1185 1274 1237 1293 non
1255 1267 1356 1301 petenti
1372 1267 1516 1298 tribuistis,
1532 1270 1562 1292 ιιι
1575 1265 1733 1293 summatim
1748 1265 1812 1292 sal-

179 1315 233 1338 tem
247 1312 273 1338 in
294 1319 336 1339 me
348 1313 447 1339 collata
466 1313 598 1340 beneﬁcia
614 1319 703 1341 vestra
720 1323 888 1350 percurram.
905 1314 972 1341 Nam
996 1315 1082 1349 patris
1100 1315 1194 1346 vestri,
1218 1315 1379 1348 amplissimi
1396 1318 1477 1349 atque
1491 1313 1587 1348 optimi
1617 1312 1680 1344 viri,
1706 1313 1733 1339 in
1762 1319 1818 1338 me

180 1365 287 1384 summa
301 1358 400 1384 collata
418 1359 560 1390 beneﬁcia.
581 1360 633 1387 alio
654 1360 713 1386 loro
730 1360 838 1387 abunde
854 1359 922 1387 satis
938 1360 1160 1392 commemorari,
1179 1367 1235 1394 quo
1251 1361 1304 1387 vita
1321 1360 1460 1391 defuncto,
1478 1367 1527 1386 vos
1542 1366 1596 1385 non
1611 1358 1693 1384 modo
1716 1357 1818 1384 facul-

179 1409 266 1431 tatum
279 1409 306 1432 ct
320 1413 402 1440 opum
416 1405 489 1433 illitis
504 1406 626 1433 bazrcdes
643 1407 798 1439 exstitistis,
813 1415 908 1434 verum
924 1407 1005 1433 etiam
1022 1407 1154 1434 virtutum
1178 1412 1205 1434 et
1229 1407 1400 1434 liberalitatis
1423 1406 1449 1433 in
1470 1406 1565 1440 prituis
1585 1405 1737 1432 imitatores
1754 1404 1819 1430 fui-

181 1450 232 1477 stis
251 1459 258 1478 :
275 1459 335 1485 qua:
346 1455 422 1478 tanta
437 1453 541 1479 exstitit
563 1461 628 1488 erga
648 1461 701 1484 me,
725 1458 753 1480 ttt
774 1453 848 1481 illius
867 1454 967 1480 mortui
986 1453 1178 1480 liberalitatem
1201 1459 1283 1488 atqtte
1309 1452 1520 1480 muniﬁcentiam
1544 1451 1616 1479 haud
1640 1458 1818 1486 magnopere

181 1498 374 1525 desiderarim.
390 1499 469 1533 Nam,
485 1504 514 1526 ut
526 1501 666 1535 superiora
687 1506 857 1535 prteteream,
876 1509 936 1535 qua:
961 1500 1115 1535 frequentia
1140 1507 1221 1535 atque
1245 1500 1364 1535 ingentia
1390 1500 1509 1533 fuerunt,
1532 1499 1650 1534 primum
1672 1505 1720 1525 vos
1743 1500 1818 1522 ante

183 1543 335 1576 biennium,
359 1552 419 1571 cum
447 1546 474 1572 in
499 1547 550 1573 hoc
571 1554 653 1582 opere
679 1555 811 1580 versarer,
837 1549 904 1574 nihil
919 1548 971 1575 tale
988 1556 1042 1575 non
1059 1548 1140 1575 modo
1159 1548 1268 1582 petenti.
1287 1555 1380 1574 rerum
1396 1548 1477 1574 etiam
1497 1554 1530 1574 ne
1544 1545 1673 1581 cogitanti
1694 1544 1815 1578 quidem

184 1589 282 1616 bonam
301 1590 422 1622 pecunia.-
449 1598 582 1618 summam
606 1592 670 1618 mihi
699 1593 868 1627 suppeditari
894 1601 926 1620 ac
953 1593 1159 1620 subministrari
1190 1593 1333 1619 curastis:
1354 1592 1460 1624 deinde,
1478 1589 1816 1624 cnmjamliberalilatcm

183 1638 301 1661 vestram
315 1635 397 1663 citius
413 1635 552 1670 fatigatam
564 1643 626 1664 esse
637 1638 793 1671 suspicatus
816 1637 940 1670 fuissem,
956 1645 1038 1672 quam
1070 1638 1173 1671 aliquid
1198 1637 1333 1672 ejusmodi
1349 1644 1471 1671 sperare,
1492 1635 1590 1662 nedum
1607 1640 1708 1669 petere,
1721 1641 1817 1660 ausus

183 1689 284 1713 essem,
301 1685 364 1708 ante
380 1689 484 1716 paucos
496 1689 605 1710 menses
617 1683 770 1717 praeteritos
782 1691 859 1718 teque
874 1692 971 1718 magna
985 1688 1066 1718 atque
1082 1683 1193 1710 biennio
1211 1688 1274 1710 ante
1287 1692 1329 1711 me
1343 1691 1447 1711 summa
1462 1681 1730 1717 pecunitedonastis.
1745 1681 1816 1713 Qua

184 1727 316 1754 beneﬁcio
340 1731 462 1761 tempore
492 1729 754 1763 opportunissimoa
769 1731 847 1758 vobis
862 1735 984 1766 accepto,
1004 1738 1065 1757 eum
1083 1730 1209 1756 videlicet
1235 1730 1414 1757 deliberarem
1444 1737 1523 1764 quem
1553 1718 1724 1762 potissimum
1744 1729 1815 1755 huic

183 1772 273 1806 partui
289 1780 350 1799 meo
370 1777 487 1801 tutorem
503 1781 535 1801 ac
555 1775 726 1803 defensorem
746 1784 883 1812 pararem,
904 1777 995 1804 omnis
1020 1776 1155 1804 dubitatio
1178 1777 1372 1811 cunctatioque
1390 1775 1454 1802 mihi
1472 1774 1667 1810 propemodum
1682 1779 1812 1809 exempta

183 1822 226 1844 est
243 1826 250 1844 :
267 1826 330 1845 nam
346 1819 466 1846 restabat
483 1821 564 1847 etiam
580 1829 653 1849 nunc
671 1823 817 1858 scrupulus
835 1831 916 1850 unus.
938 1822 1070 1855 Quoniam
1086 1822 1167 1848 etiam
1185 1821 1315 1853 sciebam,
1333 1829 1387 1856 quo
1404 1822 1494 1848 minus
1509 1819 1647 1855 appetitis,
1666 1827 1698 1846 eo
1715 1819 1815 1854 plures

184 1863 383 1892 vobishonores
393 1865 502 1899 deferri,
511 1874 542 1907 ac
552 1868 652 1896 multos
664 1868 787 1896 ltomines
793 1870 888 1896 doctos
894 1869 971 1896 vobis
980 1875 1044 1896 suos
1055 1868 1160 1895 labores
1173 1873 1254 1902 atque
1266 1868 1468 1895 lucubrationes
1481 1867 1632 1900 dedicasse,
1641 1866 1814 1894 subverebar

186 1917 221 1936 ne
239 1911 345 1938 animos
361 1915 466 1939 vestros
484 1913 583 1941 talibus
595 1914 682 1948 epulis
698 1915 813 1942 satiatos
827 1919 908 1949 atque
925 1914 1043 1948 repletos
1055 1913 1244 1947 intempestiva
1255 1913 1440 1941 benevolentia
1452 1913 1616 1940 offenderem
1631 1913 1711 1940 citius
1725 1920 1811 1947 quam

184 1954 238 1981 hoc
251 1962 351 1989 genere
364 1956 443 1983 ofﬁcii
460 1959 575 1991 gratiam
592 1966 606 1985 a
624 1959 703 1986 vobis
719 1958 829 1986 inirem.
842 1959 896 1986 Sed
913 1963 1003 1986 tamen
1023 1966 1085 1986 cum
1098 1959 1166 1986 liber
1174 1959 1277 1993 absque
1291 1964 1408 1993 patrono
1421 1959 1532 1986 omnino
1549 1966 1602 1986 non
1616 1958 1811 1993 divulgandtls,

189 2008 239 2027 nec
255 2001 395 2028 hominum
407 2001 513 2036 judicio
528 2004 700 2039 objiciendus
713 2012 776 2032 esse
793 2005 941 2036 videretur,
954 2009 980 2032 et
997 2012 1050 2032 non
1063 2004 1130 2031 satis
1143 2003 1187 2034 pie
1207 2011 1255 2030 nec
1272 2009 1346 2031 recte
1360 2012 1402 2031 me
1417 2004 1552 2031 facturum
1571 2011 1632 2030 esse
1643 2004 1812 2037 judicarem,

191 2047 214 2074 si
228 2047 305 2074 vobis
323 2049 468 2081 prater-itis
486 2050 553 2076 alios
568 2050 633 2076 mihi
648 2053 777 2084 patronos
791 2058 941 2084 qumrcrem
956 2052 1020 2085 (non
1037 2052 1110 2078 enim
1126 2057 1287 2079 cancrorum
1303 2050 1442 2077 hominum
1458 2049 1552 2077 eadem
1571 2057 1631 2083 quae
1642 2054 1731 2076 vestra
1745 2055 1813 2076 sunt

197 2094 293 2127 udicia)
305 2094 386 2122 malui
397 2095 422 2122 in
436 2095 504 2122 hanc
517 2099 619 2130 partem
630 2104 749 2131 peccare,
761 2105 840 2131 quam
849 2097 974 2131 cuiquam
984 2097 1072 2124 minus
1083 2098 1206 2132 prudenti
1215 2105 1267 2125 non
1283 2098 1349 2124 satis
1360 2101 1454 2131 gratus
1471 2095 1567 2123 videri.
1578 2095 1637 2122 Non
1650 2096 1720 2122 enim
1732 2096 1813 2122 video

185 2147 235 2167 nec
256 2149 364 2175 sperare
377 2149 484 2175 possum
504 2141 562 2168 fore
576 2142 724 2176 aliquando
736 2146 853 2177 tempus,
872 2151 926 2177 quo
937 2143 991 2170 alio
1002 2144 1081 2170 ofﬁcii
1101 2151 1200 2178 genere
1214 2147 1295 2178 atque
1310 2143 1373 2174 hoc,
1387 2146 1477 2170 vestra
1494 2142 1625 2169 beneﬁcia
1642 2143 1811 2169 remunerari

186 2187 300 2220 possim,
333 2187 434 2221 quippe
454 2195 515 2214 cum
538 2188 604 2214 nihil
624 2188 690 2214 mihi
718 2193 842 2223 suppetat
873 2194 971 2223 prmter
996 2190 1176 2216 voluntatem.
1204 2188 1262 2215 Huc
1284 2189 1389 2215 accedit
1408 2188 1479 2223 quod
1500 2187 1625 2214 videbant
1643 2187 1714 2214 haud
1730 2187 1811 2214 facile

186 2231 256 2258 alios
280 2239 314 2258 ex
344 2239 459 2258 numero
477 2234 626 2260 amicorum
649 2239 746 2267 pra-ter
763 2242 810 2260 vos
829 2243 871 2261 tne
889 2236 1008 2270 reperire
1030 2242 1121 2270 posse,
1145 2235 1190 2269 qui
1209 2242 1269 2261 cuin
1290 2238 1399 2268 propter
1411 2234 1553 2268 utriusque
1570 2233 1666 2267 lingua:
1683 2233 1810 2268 peritiam

188 2279 259 2306 haud
279 2280 414 2315 vulgarem
431 2281 533 2315 optime
560 2281 593 2308 de
618 2281 774 2315 hujnsmodi
803 2283 913 2318 scriptis
939 2283 1064 2318 judicare
1080 2285 1200 2317 possent,
1227 2286 1284 2308 tum
1311 2281 1426 2309 candide
1439 2286 1521 2315 atque
1539 2281 1647 2308 sincere
1660 2279 1810 2314 iudicaturi

189 2330 290 2352 essent.
306 2326 489 2359 Quamobrem
504 2336 518 2355 a
533 2328 609 2355 vobis
627 2337 675 2363 pro
693 2334 781 2356 vestra
801 2329 827 2356 in
848 2337 890 2356 mc
906 2334 1035 2363 perpetua
1049 2336 1080 2354 ac
1098 2328 1214 2354 maxima
1227 2327 1413 2355 benevolentia
1428 2327 1558 2361 majorem
1578 2326 1605 2352 in
1625 2326 1735 2352 modum
1749 2329 1812 2359 peto

188 2380 344 2408 qttazsoque,
361 2378 389 2400 ut
402 2373 473 2401 hunc
491 2381 601 2408 parvum
615 2379 641 2401 et
655 2375 782 2408 exiguum
800 2379 918 2408 partum,
933 2381 1013 2408 quem
1027 2373 1104 2400 vobis
1121 2374 1148 2400 in
1164 2373 1316 2400 clientelam
1332 2376 1359 2399 et
1376 2371 1454 2399 ﬁdem
1471 2371 1643 2403 commendo,
1659 2371 1692 2398 ab
1712 2371 1813 2400 invidis

188 2419 262 2446 otnni
283 2427 334 2453 ope
348 2420 429 2452 ttteri,
444 2428 459 2446 a
473 2420 719 2448 calumniatoribus
733 2425 759 2447 et
772 2419 1005 2448 obtrectatoribus
1024 2418 1152 2446 omnibus
1170 2419 1273 2446 viribus
1289 2417 1436 2445 defendere
1452 2417 1542 2444 velitis
1562 2425 1569 2444 :
1587 2417 1634 2451 qui
1652 2417 1674 2444 si
1697 2424 1712 2443 a
1734 2417 1812 2444 vobis

188 2466 286 2501 dignus
312 2464 449 2499 judicatus
477 2466 557 2493 fuerit
581 2473 659 2501 quem
685 2465 896 2500 amplectamini,
921 2471 1002 2498 queat
1034 2464 1060 2491 in
1084 2464 1214 2491 familiam
1243 2469 1360 2492 vestram
1396 2463 1536 2497 recipiatis
1550 2466 1632 2497 atque
1646 2462 1772 2494 foveatis,
1788 2463 1811 2488 si

191 2513 351 2541 hominibus
372 2515 423 2548 piis
438 2519 462 2541 et
476 2513 609 2541 studiosis
623 2513 772 2548 aliquando
789 2513 864 2539 utilis
885 2511 977 2543 fuerit,
994 2511 1063 2539 nihil
1081 2512 1148 2539 mihi
1173 2512 1235 2538 istic
1259 2511 1413 2543 vindicabo,
1442 2510 1470 2537 in
1487 2517 1537 2537 vos
1556 2517 1652 2537 omnes
1666 2516 1756 2536 meum
1766 2509 1812 2543 jus

189 2559 336 2590 transfero.
351 2567 467 2593 quorum
484 2559 583 2594 opibtts
598 2560 710 2594 adjutus
726 2564 751 2585 et
766 2561 946 2590 sustentatus,
966 2558 1039 2585 hunc
1056 2557 1148 2585 ftetum
1166 2557 1282 2591 produxi
1309 2565 1316 2583 :
1344 2556 1390 2590 qui
1406 2555 1496 2584 sicubi
1512 2555 1663 2583 deformior
1687 2556 1812 2582 minusve

190 2605 326 2640 perfectus
342 2609 369 2631 et
396 2605 422 2631 in
444 2605 533 2640 aliqua
553 2610 628 2639 parte
645 2605 687 2632 sui
708 2603 818 2633 mutilus
833 2609 865 2630 ac
879 2602 1043 2638 depravatus
1060 2602 1227 2637 apparuerit,
1250 2601 1302 2629 hoc
1317 2602 1414 2636 partim
1431 2601 1507 2628 vitiis
1518 2601 1613 2628 matris
1624 2600 1734 2632 (intem,
1751 2607 1812 2634 quae

191 2653 256 2680 mihi
272 2652 343 2679 haud
359 2653 515 2688 incorrupta
525 2652 670 2680 conciliata
686 2655 737 2682 cst,
751 2650 924 2677 atlribuitotc
943 2658 950 2676 :
968 2650 1067 2684 partim
1085 2657 1151 2677 mea:
1164 2648 1334 2676 inbecillitati
1347 2649 1525 2684 assignatole,
1544 2655 1559 2675 a
1584 2655 1649 2682 quo,
1666 2651 1811 2680 superante

191 2699 262 2725 malo
277 2699 348 2726 vires
368 2703 394 2725 ct
410 2699 549 2733 ingenium
566 2697 690 2728 artificis,
708 2696 798 2723 omnia
829 2695 929 2730 corrigi
956 2700 983 2722 et
1011 2695 1150 2722 emendari
1171 2702 1224 2721 non
1253 2698 1410 2730 potuerunt.
1430 2694 1496 2720 Nam
1512 2694 1534 2722 si
1551 2695 1612 2728 quis
1642 2693 1760 2727 iniquior
1785 2699 1811 2719 et

193 2744 340 2777 malignior
356 2743 439 2777 judex
462 2745 529 2774 hare,
544 2750 603 2776 quae
623 2741 656 2769 de
674 2741 768 2768 matris
784 2741 883 2768 Currat
902 2741 974 2767 vitiis
988 2741 1060 2772 dico,
1080 2741 1170 2768 minus
1190 2740 1297 2768 sincera
1314 2745 1394 2775 atque
1409 2740 1514 2774 integra
1530 2738 1581 2766 ﬁde
1601 2746 1615 2765 a
1640 2746 1682 2765 me
1696 2737 1808 2772 proferri

194 2791 388 2825 suspicabitur.
404 2790 550 2823 producam
577 2797 671 2817 eorum
685 2797 745 2824 quae
762 2789 823 2816 dico
841 2789 1087 2823 locupletissimum
1107 2792 1214 2819 testem,
1245 2788 1427 2814 clarissimum
1455 2786 1699 2818 doetissimumque
1724 2784 1808 2810 virum

195 2837 223 2864 Ι).
241 2836 372 2864 Joannem
392 2836 555 2864 Samhuctnn
575 2837 741 2864 Pannonium
760 2846 763 2861 :
798 2836 823 2863 in
840 2835 897 2870 ejus
912 2835 982 2862 enim
1008 2838 1142 2869 potestate
1159 2834 1251 2861 matr's
1276 2834 1354 2862 istius
1373 2837 1496 2867 parentes
1515 2836 1587 2864 sunt=
1607 2835 1632 2859 ct
1647 2830 1806 2861 clarissima,
