  <div class='ocr_page' id='page_1' title='image "/cluster/home/n/w/nwhite01/storage/ocr_20150623/125/njp.32101010942736/490.png"; bbox 0 0 1878 3056; ppageno 0'>
   <div class='ocr_carea' id='block_1_1' title="bbox 50 110 1660 148">
    <p class='ocr_par' dir='ltr' id='par_1_1' title="bbox 50 110 1660 148">
     <span class='ocr_line' id='line_1_1' title="bbox 50 110 1660 148; baseline -0.002 -4"><span class='ocrx_word' id='word_1_1' title='bbox 50 115 93 148; x_wconf 73' lang='lat'><strong>481</strong></span> <span class='ocrx_word' id='word_1_2' title='bbox 562 112 771 143; x_wconf 70' lang='lat' dir='ltr'><strong>LAURENTII</strong></span> <span class='ocrx_word' id='word_1_3' title='bbox 787 111 820 141; x_wconf 77' lang='lat' dir='ltr'><strong>SI</strong></span> <span class='ocrx_word' id='word_1_4' title='bbox 827 110 914 140; x_wconf 80' lang='lat' dir='ltr'><strong>FANl</strong></span> <span class='ocrx_word' id='word_1_5' title='bbox 930 111 1137 143; x_wconf 63' lang='lat' dir='ltr'><strong>PBEFATIO.</strong></span> <span class='ocrx_word' id='word_1_6' title='bbox 1605 115 1660 147; x_wconf 69' lang='grc'><strong>482</strong></span> 
     </span>
    </p>
   </div>
   <div class='ocr_carea' id='block_1_2' title="bbox 52 165 1659 205">
    <p class='ocr_par' dir='ltr' id='par_1_2' title="bbox 52 165 1659 205">
     <span class='ocr_line' id='line_1_2' title="bbox 52 165 1659 205; baseline 0.001 -9"><span class='ocrx_word' id='word_1_7' title='bbox 52 169 200 205; x_wconf 78' lang='lat' dir='ltr'><strong>gravissima</strong></span> <span class='ocrx_word' id='word_1_8' title='bbox 216 169 426 204; x_wconf 76' lang='lat' dir='ltr'><strong>lli-Inissimaque</strong></span> <span class='ocrx_word' id='word_1_9' title='bbox 437 173 545 196; x_wconf 81' lang='lat' dir='ltr'><strong>exstant</strong></span> <span class='ocrx_word' id='word_1_10' title='bbox 562 175 668 199; x_wconf 84' lang='lat' dir='ltr'><strong>eorum,</strong></span> <span class='ocrx_word' id='word_1_11' title='bbox 682 173 742 200; x_wconf 74' lang='lat' dir='ltr'><strong>qua:</strong></span> <span class='ocrx_word' id='word_1_12' title='bbox 757 165 829 197; x_wconf 83' lang='lat' dir='ltr'><strong>diro,</strong></span> <span class='ocrx_word' id='word_1_13' title='bbox 852 165 930 200; x_wconf 81' lang='lat' dir='ltr'><strong>signa</strong></span> <span class='ocrx_word' id='word_1_14' title='bbox 947 169 1027 199; x_wconf 88' lang='lat' dir='ltr'><strong>atque</strong></span> <span class='ocrx_word' id='word_1_15' title='bbox 1050 165 1223 193; x_wconf 84' lang='lat' dir='ltr'><strong>documenta.</strong></span> <span class='ocrx_word' id='word_1_16' title='bbox 1239 166 1301 195; x_wconf 82' lang='lat' dir='ltr'><strong>Haec</strong></span> <span class='ocrx_word' id='word_1_17' title='bbox 1317 175 1364 196; x_wconf 82' lang='lat' dir='ltr'><strong>vos</strong></span> <span class='ocrx_word' id='word_1_18' title='bbox 1391 167 1494 196; x_wconf 88' lang='lat' dir='ltr'><strong>idcirco</strong></span> <span class='ocrx_word' id='word_1_19' title='bbox 1510 171 1659 197; x_wconf 81' lang='lat' dir='ltr'><strong>monendos</strong></span> 
     </span>
    </p>
   </div>
   <div class='ocr_carea' id='block_1_3' title="bbox 53 211 1656 250">
    <p class='ocr_par' dir='ltr' id='par_1_3' title="bbox 53 211 1656 250">
     <span class='ocr_line' id='line_1_3' title="bbox 53 211 1656 250; baseline -0.001 -6"><span class='ocrx_word' id='word_1_20' title='bbox 53 225 106 244; x_wconf 79' lang='lat' dir='ltr'><strong>esse</strong></span> <span class='ocrx_word' id='word_1_21' title='bbox 117 216 244 250; x_wconf 71' lang='lat' dir='ltr'><strong>iudicavi,</strong></span> <span class='ocrx_word' id='word_1_22' title='bbox 259 221 289 242; x_wconf 85' lang='grc' dir='ltr'><strong>ιιι</strong></span> <span class='ocrx_word' id='word_1_23' title='bbox 305 215 497 244; x_wconf 87' lang='lat' dir='ltr'><strong>instructiores</strong></span> <span class='ocrx_word' id='word_1_24' title='bbox 512 214 573 242; x_wconf 80' lang='lat' dir='ltr'><strong>sitis</strong></span> <span class='ocrx_word' id='word_1_25' title='bbox 591 213 723 240; x_wconf 83' lang='lat' dir='ltr'><strong>adversus</strong></span> <span class='ocrx_word' id='word_1_26' title='bbox 738 219 785 239; x_wconf 85' lang='lat' dir='ltr'><strong>eos</strong></span> <span class='ocrx_word' id='word_1_27' title='bbox 803 212 848 246; x_wconf 89' lang='lat' dir='ltr'><strong>qui</strong></span> <span class='ocrx_word' id='word_1_28' title='bbox 865 212 948 238; x_wconf 90' lang='lat' dir='ltr'><strong>istum</strong></span> <span class='ocrx_word' id='word_1_29' title='bbox 965 211 1060 239; x_wconf 61' lang='lat' dir='ltr'><strong>fastum</strong></span> <span class='ocrx_word' id='word_1_30' title='bbox 1081 213 1218 240; x_wconf 78' lang='lat' dir='ltr'><strong>voluerint</strong></span> <span class='ocrx_word' id='word_1_31' title='bbox 1237 214 1395 249; x_wconf 85' lang='lat' dir='ltr'><strong>impugnare</strong></span> <span class='ocrx_word' id='word_1_32' title='bbox 1409 234 1416 245; x_wconf 80' lang='lat'><strong>,</strong></span> <span class='ocrx_word' id='word_1_33' title='bbox 1438 222 1500 241; x_wconf 88' lang='lat' dir='ltr'><strong>nam</strong></span> <span class='ocrx_word' id='word_1_34' title='bbox 1526 221 1656 250; x_wconf 84' lang='lat' dir='ltr'><strong>quantum</strong></span> 
     </span>
    </p>
   </div>
   <div class='ocr_carea' id='block_1_4' title="bbox 51 258 1659 296">
    <p class='ocr_par' dir='ltr' id='par_1_4' title="bbox 51 258 1659 296">
     <span class='ocr_line' id='line_1_4' title="bbox 51 258 1659 296; baseline -0.001 -6"><span class='ocrx_word' id='word_1_35' title='bbox 51 263 74 290; x_wconf 80' lang='lat' dir='ltr'><strong>in</strong></span> <span class='ocrx_word' id='word_1_36' title='bbox 89 270 128 288; x_wconf 88' lang='lat' dir='ltr'><strong>me</strong></span> <span class='ocrx_word' id='word_1_37' title='bbox 144 261 206 293; x_wconf 86' lang='lat' dir='ltr'><strong>fuit,</strong></span> <span class='ocrx_word' id='word_1_38' title='bbox 220 262 287 288; x_wconf 91' lang='lat' dir='ltr'><strong>nulli</strong></span> <span class='ocrx_word' id='word_1_39' title='bbox 306 269 356 289; x_wconf 86' lang='lat' dir='ltr'><strong>nec</strong></span> <span class='ocrx_word' id='word_1_40' title='bbox 369 261 454 289; x_wconf 79' lang='lat' dir='ltr'><strong>labori</strong></span> <span class='ocrx_word' id='word_1_41' title='bbox 472 269 522 288; x_wconf 82' lang='lat' dir='ltr'><strong>nec</strong></span> <span class='ocrx_word' id='word_1_42' title='bbox 538 259 685 295; x_wconf 65' lang='lat' dir='ltr'><strong>diligentiae</strong></span> <span class='ocrx_word' id='word_1_43' title='bbox 700 259 727 286; x_wconf 93' lang='lat' dir='ltr'><strong>in</strong></span> <span class='ocrx_word' id='word_1_44' title='bbox 743 266 775 285; x_wconf 92' lang='lat' dir='ltr'><strong>eo</strong></span> <span class='ocrx_word' id='word_1_45' title='bbox 794 258 920 293; x_wconf 75' lang='lat' dir='ltr'><strong>tingendo</strong></span> <span class='ocrx_word' id='word_1_46' title='bbox 935 263 1018 292; x_wconf 88' lang='lat' dir='ltr'><strong>atque</strong></span> <span class='ocrx_word' id='word_1_47' title='bbox 1035 259 1178 286; x_wconf 88' lang='lat' dir='ltr'><strong>formando</strong></span> <span class='ocrx_word' id='word_1_48' title='bbox 1193 267 1310 294; x_wconf 81' lang='lat' dir='ltr'><strong>unquam</strong></span> <span class='ocrx_word' id='word_1_49' title='bbox 1328 261 1446 295; x_wconf 78' lang='lat' dir='ltr'><strong>peperci.</strong></span> <span class='ocrx_word' id='word_1_50' title='bbox 1465 260 1534 293; x_wconf 87' lang='lat' dir='ltr'><strong>Quid</strong></span> <span class='ocrx_word' id='word_1_51' title='bbox 1553 261 1659 296; x_wconf 74' lang='lat' dir='ltr'><strong>praesti-</strong></span> 
     </span>
    </p>
   </div>
   <div class='ocr_carea' id='block_1_5' title="bbox 50 305 1660 341">
    <p class='ocr_par' dir='ltr' id='par_1_5' title="bbox 50 305 1660 341">
     <span class='ocr_line' id='line_1_5' title="bbox 50 305 1660 341; baseline 0 -7"><span class='ocrx_word' id='word_1_52' title='bbox 50 307 119 334; x_wconf 76' lang='lat' dir='ltr'><strong>terim</strong></span> <span class='ocrx_word' id='word_1_53' title='bbox 148 307 246 341; x_wconf 84' lang='lat' dir='ltr'><strong>quidve</strong></span> <span class='ocrx_word' id='word_1_54' title='bbox 272 312 417 335; x_wconf 81' lang='lat' dir='ltr'><strong>assecutus</strong></span> <span class='ocrx_word' id='word_1_55' title='bbox 441 307 504 339; x_wconf 87' lang='lat' dir='ltr'><strong>sim,</strong></span> <span class='ocrx_word' id='word_1_56' title='bbox 527 306 658 341; x_wconf 90' lang='lat' dir='ltr'><strong>quoniam</strong></span> <span class='ocrx_word' id='word_1_57' title='bbox 681 309 790 332; x_wconf 87' lang='lat' dir='ltr'><strong>exstant</strong></span> <span class='ocrx_word' id='word_1_58' title='bbox 819 305 984 332; x_wconf 87' lang='lat' dir='ltr'><strong>documenta</strong></span> <span class='ocrx_word' id='word_1_59' title='bbox 1013 305 1106 333; x_wconf 72' lang='lat' dir='ltr'><strong>Grmce</strong></span> <span class='ocrx_word' id='word_1_60' title='bbox 1134 310 1217 341; x_wconf 89' lang='lat' dir='ltr'><strong>atque</strong></span> <span class='ocrx_word' id='word_1_61' title='bbox 1246 306 1352 338; x_wconf 80' lang='lat' dir='ltr'><strong>Latine,</strong></span> <span class='ocrx_word' id='word_1_62' title='bbox 1384 311 1465 341; x_wconf 87' lang='lat' dir='ltr'><strong>atque</strong></span> <span class='ocrx_word' id='word_1_63' title='bbox 1493 307 1560 334; x_wconf 88' lang='lat' dir='ltr'><strong>adeo</strong></span> <span class='ocrx_word' id='word_1_64' title='bbox 1579 311 1660 334; x_wconf 63' lang='lat' dir='ltr'><strong>crete-</strong></span> 
     </span>
    </p>
   </div>
   <div class='ocr_carea' id='block_1_6' title="bbox 52 349 1660 388">
    <p class='ocr_par' dir='ltr' id='par_1_6' title="bbox 52 349 1660 388">
     <span class='ocr_line' id='line_1_6' title="bbox 52 349 1660 388; baseline 0 -10"><span class='ocrx_word' id='word_1_65' title='bbox 52 359 133 379; x_wconf 87' lang='lat' dir='ltr'><strong>rorum</strong></span> <span class='ocrx_word' id='word_1_66' title='bbox 148 351 290 379; x_wconf 79' lang='lat' dir='ltr'><strong>hominum</strong></span> <span class='ocrx_word' id='word_1_67' title='bbox 307 352 451 388; x_wconf 84' lang='lat' dir='ltr'><strong>utriusque</strong></span> <span class='ocrx_word' id='word_1_68' title='bbox 465 352 563 387; x_wconf 73' lang='lat' dir='ltr'><strong>linguae</strong></span> <span class='ocrx_word' id='word_1_69' title='bbox 577 353 737 386; x_wconf 86' lang='lat' dir='ltr'><strong>peritorum,</strong></span> <span class='ocrx_word' id='word_1_70' title='bbox 752 349 775 377; x_wconf 83' lang='lat' dir='ltr'><strong>si</strong></span> <span class='ocrx_word' id='word_1_71' title='bbox 791 349 919 377; x_wconf 89' lang='lat' dir='ltr'><strong>vitiorum</strong></span> <span class='ocrx_word' id='word_1_72' title='bbox 932 349 1014 378; x_wconf 86' lang='lat' dir='ltr'><strong>modo</strong></span> <span class='ocrx_word' id='word_1_73' title='bbox 1025 351 1285 378; x_wconf 72' lang='lat' dir='ltr'><strong>memoratzematris</strong></span> <span class='ocrx_word' id='word_1_74' title='bbox 1295 350 1395 378; x_wconf 69' lang='lat' dir='ltr'><strong>Grazete</strong></span> <span class='ocrx_word' id='word_1_75' title='bbox 1409 350 1539 378; x_wconf 83' lang='lat' dir='ltr'><strong>rationem</strong></span> <span class='ocrx_word' id='word_1_76' title='bbox 1558 350 1660 378; x_wconf 88' lang='lat' dir='ltr'><strong>habue-</strong></span> 
     </span>
    </p>
   </div>
   <div class='ocr_carea' id='block_1_7' title="bbox 51 399 386 434">
    <p class='ocr_par' dir='ltr' id='par_1_7' title="bbox 51 399 386 434">
     <span class='ocr_line' id='line_1_7' title="bbox 51 399 386 434; baseline -0.003 -7"><span class='ocrx_word' id='word_1_77' title='bbox 51 400 112 432; x_wconf 78' lang='lat' dir='ltr'><strong>ritis,</strong></span> <span class='ocrx_word' id='word_1_78' title='bbox 126 399 229 434; x_wconf 84' lang='lat' dir='ltr'><strong>judicio</strong></span> <span class='ocrx_word' id='word_1_79' title='bbox 248 400 386 434; x_wconf 90' lang='lat' dir='ltr'><strong>permitto.</strong></span> 
     </span>
    </p>
   </div>
   <div class='ocr_carea' id='block_1_8' title="bbox 80 443 1658 481">
    <p class='ocr_par' dir='ltr' id='par_1_8' title="bbox 80 443 1658 481">
     <span class='ocr_line' id='line_1_8' title="bbox 80 443 1658 481; baseline 0 -11"><span class='ocrx_word' id='word_1_80' title='bbox 80 443 152 476; x_wconf 86' lang='lat' dir='ltr'><strong>Quod</strong></span> <span class='ocrx_word' id='word_1_81' title='bbox 170 444 267 472; x_wconf 89' lang='lat' dir='ltr'><strong>attinet</strong></span> <span class='ocrx_word' id='word_1_82' title='bbox 281 444 315 472; x_wconf 81' lang='lat' dir='ltr'><strong>ad</strong></span> <span class='ocrx_word' id='word_1_83' title='bbox 329 445 463 473; x_wconf 87' lang='lat' dir='ltr'><strong>rationem</strong></span> <span class='ocrx_word' id='word_1_84' title='bbox 480 448 644 480; x_wconf 84' lang='lat' dir='ltr'><strong>temporum,</strong></span> <span class='ocrx_word' id='word_1_85' title='bbox 670 445 770 481; x_wconf 83' lang='lat' dir='ltr'><strong>quibus</strong></span> <span class='ocrx_word' id='word_1_86' title='bbox 787 444 883 471; x_wconf 79' lang='lat' dir='ltr'><strong>vixerit</strong></span> <span class='ocrx_word' id='word_1_87' title='bbox 898 443 1120 480; x_wconf 85' lang='lat' dir='ltr'><strong>Theophylactus</strong></span> <span class='ocrx_word' id='word_1_88' title='bbox 1138 443 1271 478; x_wconf 69' lang='lat' dir='ltr'><strong>Bulgaria:</strong></span> <span class='ocrx_word' id='word_1_89' title='bbox 1287 444 1520 480; x_wconf 87' lang='lat' dir='ltr'><strong>archiepiscopus,</strong></span> <span class='ocrx_word' id='word_1_90' title='bbox 1536 444 1658 472; x_wconf 91' lang='lat' dir='ltr'><strong>nondum</strong></span> 
     </span>
    </p>
   </div>
   <div class='ocr_carea' id='block_1_9' title="bbox 51 490 1660 526">
    <p class='ocr_par' dir='ltr' id='par_1_9' title="bbox 51 490 1660 526">
     <span class='ocr_line' id='line_1_9' title="bbox 51 490 1660 526; baseline 0.001 -9"><span class='ocrx_word' id='word_1_91' title='bbox 51 490 108 517; x_wconf 84' lang='lat' dir='ltr'><strong>mihi</strong></span> <span class='ocrx_word' id='word_1_92' title='bbox 135 490 201 517; x_wconf 82' lang='lat' dir='ltr'><strong>satis</strong></span> <span class='ocrx_word' id='word_1_93' title='bbox 218 496 346 518; x_wconf 87' lang='lat' dir='ltr'><strong>constare</strong></span> <span class='ocrx_word' id='word_1_94' title='bbox 369 491 479 524; x_wconf 90' lang='lat' dir='ltr'><strong>potuit:</strong></span> <span class='ocrx_word' id='word_1_95' title='bbox 497 495 526 518; x_wconf 91' lang='lat' dir='ltr'><strong>ut</strong></span> <span class='ocrx_word' id='word_1_96' title='bbox 549 493 620 518; x_wconf 91' lang='lat' dir='ltr'><strong>enim</strong></span> <span class='ocrx_word' id='word_1_97' title='bbox 648 491 785 525; x_wconf 86' lang='lat' dir='ltr'><strong>conjicere</strong></span> <span class='ocrx_word' id='word_1_98' title='bbox 807 497 929 524; x_wconf 82' lang='lat' dir='ltr'><strong>possum.</strong></span> <span class='ocrx_word' id='word_1_99' title='bbox 953 490 1046 525; x_wconf 87' lang='lat' dir='ltr'><strong>plures</strong></span> <span class='ocrx_word' id='word_1_100' title='bbox 1061 491 1112 518; x_wconf 89' lang='lat' dir='ltr'><strong>hoc</strong></span> <span class='ocrx_word' id='word_1_101' title='bbox 1135 491 1244 518; x_wconf 88' lang='lat' dir='ltr'><strong>nomine</strong></span> <span class='ocrx_word' id='word_1_102' title='bbox 1257 490 1376 518; x_wconf 84' lang='lat' dir='ltr'><strong>fuerunt.</strong></span> <span class='ocrx_word' id='word_1_103' title='bbox 1397 491 1463 518; x_wconf 81' lang='lat' dir='ltr'><strong>Nam</strong></span> <span class='ocrx_word' id='word_1_104' title='bbox 1480 491 1660 526; x_wconf 60' lang='lat' dir='ltr'><strong>Nicephorus.</strong></span> 
     </span>
    </p>
   </div>
   <div class='ocr_carea' id='block_1_10' title="bbox 53 533 1659 572">
    <p class='ocr_par' dir='ltr' id='par_1_10' title="bbox 53 533 1659 572">
     <span class='ocr_line' id='line_1_10' title="bbox 53 533 1659 572; baseline 0.001 -11"><span class='ocrx_word' id='word_1_105' title='bbox 53 535 237 562; x_wconf 70' lang='lat' dir='ltr'><strong>Eccluiasticc</strong></span> <span class='ocrx_word' id='word_1_106' title='bbox 253 535 381 563; x_wconf 70' lang='lat' dir='ltr'><strong>Historia</strong></span> <span class='ocrx_word' id='word_1_107' title='bbox 397 537 443 564; x_wconf 86' lang='lat' dir='ltr'><strong>lib.</strong></span> <span class='ocrx_word' id='word_1_108' title='bbox 461 545 515 568; x_wconf 79' lang='lat' dir='ltr'><strong>xiv,</strong></span> <span class='ocrx_word' id='word_1_109' title='bbox 529 545 590 572; x_wconf 85' lang='lat' dir='ltr'><strong>cap.</strong></span> <span class='ocrx_word' id='word_1_110' title='bbox 608 538 652 569; x_wconf 78' lang='lat'><strong>59.</strong></span> <span class='ocrx_word' id='word_1_111' title='bbox 670 537 714 564; x_wconf 92' lang='lat' dir='ltr'><strong>ubi</strong></span> <span class='ocrx_word' id='word_1_112' title='bbox 729 537 761 564; x_wconf 88' lang='lat' dir='ltr'><strong>de</strong></span> <span class='ocrx_word' id='word_1_113' title='bbox 775 536 954 564; x_wconf 86' lang='lat' dir='ltr'><strong>translatione</strong></span> <span class='ocrx_word' id='word_1_114' title='bbox 968 536 1070 570; x_wconf 86' lang='lat' dir='ltr'><strong>aliquot</strong></span> <span class='ocrx_word' id='word_1_115' title='bbox 1084 537 1274 572; x_wconf 83' lang='lat' dir='ltr'><strong>episcoporum</strong></span> <span class='ocrx_word' id='word_1_116' title='bbox 1298 537 1363 572; x_wconf 77' lang='lat' dir='ltr'><strong>agit,</strong></span> <span class='ocrx_word' id='word_1_117' title='bbox 1382 537 1482 564; x_wconf 82' lang='lat' dir='ltr'><strong>Basilio</strong></span> <span class='ocrx_word' id='word_1_118' title='bbox 1502 533 1659 572; x_wconf 60' lang='lat' dir='ltr'><strong>Porphyrm</strong></span> 
     </span>
    </p>
   </div>
   <div class='ocr_carea' id='block_1_11' title="bbox 52 581 1658 619">
    <p class='ocr_par' dir='ltr' id='par_1_11' title="bbox 52 581 1658 619">
     <span class='ocr_line' id='line_1_11' title="bbox 52 581 1658 619; baseline 0 -11"><span class='ocrx_word' id='word_1_119' title='bbox 52 588 153 616; x_wconf 73' lang='lat' dir='ltr'><strong>grnneta</strong></span> <span class='ocrx_word' id='word_1_120' title='bbox 170 581 407 618; x_wconf 88' lang='lat' dir='ltr'><strong>Constantinopoli</strong></span> <span class='ocrx_word' id='word_1_121' title='bbox 426 584 588 618; x_wconf 87' lang='lat' dir='ltr'><strong>imperante,</strong></span> <span class='ocrx_word' id='word_1_122' title='bbox 606 584 839 619; x_wconf 87' lang='lat' dir='ltr'><strong>’l‘heophylaclum</strong></span> <span class='ocrx_word' id='word_1_123' title='bbox 862 584 1007 618; x_wconf 89' lang='lat' dir='ltr'><strong>quemdam</strong></span> <span class='ocrx_word' id='word_1_124' title='bbox 1026 583 1158 611; x_wconf 73' lang='lat' dir='ltr'><strong>Sebastia:</strong></span> <span class='ocrx_word' id='word_1_125' title='bbox 1180 584 1351 619; x_wconf 82' lang='lat' dir='ltr'><strong>episcopum-</strong></span> <span class='ocrx_word' id='word_1_126' title='bbox 1365 584 1474 611; x_wconf 77' lang='lat' dir='ltr'><strong>Rosiam</strong></span> <span class='ocrx_word' id='word_1_127' title='bbox 1495 584 1658 611; x_wconf 80' lang='lat' dir='ltr'><strong>translatum</strong></span> 
     </span>
    </p>
   </div>
   <div class='ocr_carea' id='block_1_12' title="bbox 52 628 1661 664">
    <p class='ocr_par' dir='ltr' id='par_1_12' title="bbox 52 628 1661 664">
     <span class='ocr_line' id='line_1_12' title="bbox 52 628 1661 664; baseline 0 -10"><span class='ocrx_word' id='word_1_128' title='bbox 52 636 104 655; x_wconf 80' lang='lat' dir='ltr'><strong>esse</strong></span> <span class='ocrx_word' id='word_1_129' title='bbox 117 629 221 655; x_wconf 86' lang='lat' dir='ltr'><strong>scribit.</strong></span> <span class='ocrx_word' id='word_1_130' title='bbox 234 628 399 657; x_wconf 83' lang='lat' dir='ltr'><strong>Wilhelmns</strong></span> <span class='ocrx_word' id='word_1_131' title='bbox 415 630 565 661; x_wconf 84' lang='lat' dir='ltr'><strong>Lindanus,</strong></span> <span class='ocrx_word' id='word_1_132' title='bbox 580 637 665 657; x_wconf 70' lang='lat' dir='ltr'><strong>sacrae</strong></span> <span class='ocrx_word' id='word_1_133' title='bbox 681 629 824 664; x_wconf 72' lang='lat' dir='ltr'><strong>theologia:</strong></span> <span class='ocrx_word' id='word_1_134' title='bbox 840 629 980 664; x_wconf 90' lang='lat' dir='ltr'><strong>professor</strong></span> <span class='ocrx_word' id='word_1_135' title='bbox 993 629 1183 662; x_wconf 81' lang='lat' dir='ltr'><strong>Lovaniensis,</strong></span> <span class='ocrx_word' id='word_1_136' title='bbox 1201 630 1227 656; x_wconf 92' lang='lat' dir='ltr'><strong>in</strong></span> <span class='ocrx_word' id='word_1_137' title='bbox 1243 630 1419 664; x_wconf 80' lang='lat' dir='ltr'><strong>chronologia</strong></span> <span class='ocrx_word' id='word_1_138' title='bbox 1439 637 1520 664; x_wconf 88' lang='lat' dir='ltr'><strong>quam</strong></span> <span class='ocrx_word' id='word_1_139' title='bbox 1541 629 1573 655; x_wconf 90' lang='lat' dir='ltr'><strong>ad</strong></span> <span class='ocrx_word' id='word_1_140' title='bbox 1587 629 1661 656; x_wconf 77' lang='lat' dir='ltr'><strong>iron-</strong></span> 
     </span>
    </p>
   </div>
   <div class='ocr_carea' id='block_1_13' title="bbox 52 674 1658 711">
    <p class='ocr_par' dir='ltr' id='par_1_13' title="bbox 52 674 1658 711">
     <span class='ocr_line' id='line_1_13' title="bbox 52 674 1658 711; baseline -0.002 -9"><span class='ocrx_word' id='word_1_141' title='bbox 52 680 98 702; x_wconf 68' lang='lat' dir='ltr'><strong>tun</strong></span> <span class='ocrx_word' id='word_1_142' title='bbox 110 682 161 701; x_wconf 67' lang='lat' dir='ltr'><strong>sorr</strong></span> <span class='ocrx_word' id='word_1_143' title='bbox 177 674 316 710; x_wconf 80' lang='lat' dir='ltr'><strong>Pauoplia:</strong></span> <span class='ocrx_word' id='word_1_144' title='bbox 329 676 464 710; x_wconf 80' lang='lat' dir='ltr'><strong>apposuit,</strong></span> <span class='ocrx_word' id='word_1_145' title='bbox 479 675 710 710; x_wconf 79' lang='lat' dir='ltr'><strong>Theophylactnm</strong></span> <span class='ocrx_word' id='word_1_146' title='bbox 722 675 879 711; x_wconf 79' lang='lat' dir='ltr'><strong>quemdam,</strong></span> <span class='ocrx_word' id='word_1_147' title='bbox 896 682 975 710; x_wconf 86' lang='lat' dir='ltr'><strong>quem</strong></span> <span class='ocrx_word' id='word_1_148' title='bbox 998 675 1024 701; x_wconf 93' lang='lat' dir='ltr'><strong>in</strong></span> <span class='ocrx_word' id='word_1_149' title='bbox 1039 675 1083 701; x_wconf 91' lang='lat' dir='ltr'><strong>illa</strong></span> <span class='ocrx_word' id='word_1_150' title='bbox 1098 682 1147 702; x_wconf 87' lang='lat' dir='ltr'><strong>sua</strong></span> <span class='ocrx_word' id='word_1_151' title='bbox 1164 674 1294 708; x_wconf 84' lang='lat' dir='ltr'><strong>I’auoplia</strong></span> <span class='ocrx_word' id='word_1_152' title='bbox 1306 675 1376 702; x_wconf 89' lang='lat' dir='ltr'><strong>inter</strong></span> <span class='ocrx_word' id='word_1_153' title='bbox 1392 680 1505 702; x_wconf 60' lang='grc' dir='ltr'><strong>(αξιοι-ος</strong></span> <span class='ocrx_word' id='word_1_154' title='bbox 1522 679 1658 702; x_wconf 87' lang='lat' dir='ltr'><strong>auctorem</strong></span> 
     </span>
    </p>
   </div>
   <div class='ocr_carea' id='block_1_14' title="bbox 53 721 1657 758">
    <p class='ocr_par' dir='ltr' id='par_1_14' title="bbox 53 721 1657 758">
     <span class='ocr_line' id='line_1_14' title="bbox 53 721 1657 758; baseline 0.001 -12"><span class='ocrx_word' id='word_1_155' title='bbox 53 724 151 748; x_wconf 67' lang='lat' dir='ltr'><strong>secutus</strong></span> <span class='ocrx_word' id='word_1_156' title='bbox 166 721 213 754; x_wconf 89' lang='lat' dir='ltr'><strong>sit,</strong></span> <span class='ocrx_word' id='word_1_157' title='bbox 236 729 309 749; x_wconf 89' lang='lat' dir='ltr'><strong>anno</strong></span> <span class='ocrx_word' id='word_1_158' title='bbox 333 729 347 749; x_wconf 86' lang='lat' dir='ltr'><strong>a</strong></span> <span class='ocrx_word' id='word_1_159' title='bbox 370 723 512 750; x_wconf 87' lang='lat' dir='ltr'><strong>nativitate</strong></span> <span class='ocrx_word' id='word_1_160' title='bbox 529 723 636 750; x_wconf 90' lang='lat' dir='ltr'><strong>Domini</strong></span> <span class='ocrx_word' id='word_1_161' title='bbox 655 723 897 758; x_wconf 89' lang='lat' dir='ltr'><strong>septingentesimo</strong></span> <span class='ocrx_word' id='word_1_162' title='bbox 922 721 1025 749; x_wconf 77' lang='lat' dir='ltr'><strong>vix-isse</strong></span> <span class='ocrx_word' id='word_1_163' title='bbox 1048 722 1193 757; x_wconf 83' lang='lat' dir='ltr'><strong>significat,</strong></span> <span class='ocrx_word' id='word_1_164' title='bbox 1215 722 1262 749; x_wconf 86' lang='lat' dir='ltr'><strong>sed</strong></span> <span class='ocrx_word' id='word_1_165' title='bbox 1283 722 1364 756; x_wconf 82' lang='lat' dir='ltr'><strong>c&#39;njus</strong></span> <span class='ocrx_word' id='word_1_166' title='bbox 1379 722 1498 749; x_wconf 87' lang='lat' dir='ltr'><strong>civitatis</strong></span> <span class='ocrx_word' id='word_1_167' title='bbox 1513 721 1657 756; x_wconf 87' lang='lat' dir='ltr'><strong>episcopus</strong></span> 
     </span>
    </p>
   </div>
   <div class='ocr_carea' id='block_1_15' title="bbox 55 766 1660 803">
    <p class='ocr_par' dir='ltr' id='par_1_15' title="bbox 55 766 1660 803">
     <span class='ocr_line' id='line_1_15' title="bbox 55 766 1660 803; baseline 0.002 -12"><span class='ocrx_word' id='word_1_168' title='bbox 55 766 134 798; x_wconf 81' lang='lat' dir='ltr'><strong>fuerit,</strong></span> <span class='ocrx_word' id='word_1_169' title='bbox 150 773 203 793; x_wconf 91' lang='lat' dir='ltr'><strong>non</strong></span> <span class='ocrx_word' id='word_1_170' title='bbox 219 767 326 802; x_wconf 86' lang='lat' dir='ltr'><strong>adjicit.</strong></span> <span class='ocrx_word' id='word_1_171' title='bbox 340 767 386 796; x_wconf 85' lang='lat' dir='ltr'><strong>Est</strong></span> <span class='ocrx_word' id='word_1_172' title='bbox 404 773 494 796; x_wconf 88' lang='lat' dir='ltr'><strong>autem</strong></span> <span class='ocrx_word' id='word_1_173' title='bbox 507 769 667 801; x_wconf 69' lang='lat' dir='ltr'><strong>verisimile,</strong></span> <span class='ocrx_word' id='word_1_174' title='bbox 684 769 813 803; x_wconf 89' lang='lat' dir='ltr'><strong>quoniam</strong></span> <span class='ocrx_word' id='word_1_175' title='bbox 830 768 933 795; x_wconf 88' lang='lat' dir='ltr'><strong>nullius</strong></span> <span class='ocrx_word' id='word_1_176' title='bbox 949 767 1074 800; x_wconf 83' lang='lat' dir='ltr'><strong>alterius,</strong></span> <span class='ocrx_word' id='word_1_177' title='bbox 1089 767 1160 802; x_wconf 92' lang='lat' dir='ltr'><strong>quod</strong></span> <span class='ocrx_word' id='word_1_178' title='bbox 1172 767 1297 802; x_wconf 88' lang='lat' dir='ltr'><strong>equidem</strong></span> <span class='ocrx_word' id='word_1_179' title='bbox 1314 768 1409 800; x_wconf 86' lang='lat' dir='ltr'><strong>sciam,</strong></span> <span class='ocrx_word' id='word_1_180' title='bbox 1425 768 1526 802; x_wconf 83' lang='lat' dir='ltr'><strong>scripta</strong></span> <span class='ocrx_word' id='word_1_181' title='bbox 1540 772 1660 800; x_wconf 86' lang='lat' dir='ltr'><strong>exstant,</strong></span> 
     </span>
    </p>
   </div>
   <div class='ocr_carea' id='block_1_16' title="bbox 55 810 1660 848">
    <p class='ocr_par' dir='ltr' id='par_1_16' title="bbox 55 810 1660 848">
     <span class='ocr_line' id='line_1_16' title="bbox 55 810 1660 848; baseline 0.002 -12"><span class='ocrx_word' id='word_1_182' title='bbox 55 810 115 838; x_wconf 87' lang='lat' dir='ltr'><strong>hunc</strong></span> <span class='ocrx_word' id='word_1_183' title='bbox 124 812 358 848; x_wconf 86' lang='lat' dir='ltr'><strong>archiepiscopum</strong></span> <span class='ocrx_word' id='word_1_184' title='bbox 374 813 506 848; x_wconf 78' lang='lat' dir='ltr'><strong>Bulgaria:</strong></span> <span class='ocrx_word' id='word_1_185' title='bbox 522 814 556 841; x_wconf 86' lang='lat' dir='ltr'><strong>ab</strong></span> <span class='ocrx_word' id='word_1_186' title='bbox 570 813 616 840; x_wconf 93' lang='lat' dir='ltr'><strong>illo</strong></span> <span class='ocrx_word' id='word_1_187' title='bbox 629 814 791 848; x_wconf 80' lang='lat' dir='ltr'><strong>significari,</strong></span> <span class='ocrx_word' id='word_1_188' title='bbox 810 821 891 848; x_wconf 83' lang='lat' dir='ltr'><strong>quem</strong></span> <span class='ocrx_word' id='word_1_189' title='bbox 910 813 992 840; x_wconf 90' lang='lat' dir='ltr'><strong>etiam</strong></span> <span class='ocrx_word' id='word_1_190' title='bbox 1009 812 1141 841; x_wconf 84' lang='lat' dir='ltr'><strong>Erasmus</strong></span> <span class='ocrx_word' id='word_1_191' title='bbox 1156 813 1342 848; x_wconf 76' lang='lat' dir='ltr'><strong>Chrysostomi</strong></span> <span class='ocrx_word' id='word_1_192' title='bbox 1367 813 1583 840; x_wconf 86' lang='lat' dir='ltr'><strong>abbreviatorem</strong></span> <span class='ocrx_word' id='word_1_193' title='bbox 1599 821 1660 840; x_wconf 86' lang='lat' dir='ltr'><strong>esse</strong></span> 
     </span>
    </p>
   </div>
   <div class='ocr_carea' id='block_1_17' title="bbox 55 857 1659 895">
    <p class='ocr_par' dir='ltr' id='par_1_17' title="bbox 55 857 1659 895">
     <span class='ocr_line' id='line_1_17' title="bbox 55 857 1659 895; baseline 0.001 -11"><span class='ocrx_word' id='word_1_194' title='bbox 55 857 121 889; x_wconf 83' lang='lat' dir='ltr'><strong>dixit,</strong></span> <span class='ocrx_word' id='word_1_195' title='bbox 140 862 165 885; x_wconf 86' lang='lat' dir='ltr'><strong>et</strong></span> <span class='ocrx_word' id='word_1_196' title='bbox 179 858 276 886; x_wconf 91' lang='lat' dir='ltr'><strong>titulus</strong></span> <span class='ocrx_word' id='word_1_197' title='bbox 293 859 376 894; x_wconf 81' lang='lat' dir='ltr'><strong>hujus</strong></span> <span class='ocrx_word' id='word_1_198' title='bbox 392 861 483 895; x_wconf 84' lang='lat' dir='ltr'><strong>operis</strong></span> <span class='ocrx_word' id='word_1_199' title='bbox 501 861 551 886; x_wconf 89' lang='lat' dir='ltr'><strong>hoc</strong></span> <span class='ocrx_word' id='word_1_200' title='bbox 562 867 618 894; x_wconf 72' lang='lat' dir='ltr'><strong>prae</strong></span> <span class='ocrx_word' id='word_1_201' title='bbox 633 867 662 887; x_wconf 87' lang='lat' dir='ltr'><strong>se</strong></span> <span class='ocrx_word' id='word_1_202' title='bbox 677 859 737 886; x_wconf 88' lang='lat' dir='ltr'><strong>fert.</strong></span> <span class='ocrx_word' id='word_1_203' title='bbox 753 858 820 886; x_wconf 86' lang='lat' dir='ltr'><strong>Nam</strong></span> <span class='ocrx_word' id='word_1_204' title='bbox 842 867 895 886; x_wconf 90' lang='lat' dir='ltr'><strong>non</strong></span> <span class='ocrx_word' id='word_1_205' title='bbox 917 859 1006 886; x_wconf 89' lang='lat' dir='ltr'><strong>solum</strong></span> <span class='ocrx_word' id='word_1_206' title='bbox 1022 866 1054 886; x_wconf 90' lang='lat' dir='ltr'><strong>ex</strong></span> <span class='ocrx_word' id='word_1_207' title='bbox 1073 858 1180 886; x_wconf 83' lang='lat' dir='ltr'><strong>Joanne</strong></span> <span class='ocrx_word' id='word_1_208' title='bbox 1198 858 1406 893; x_wconf 77' lang='lat' dir='ltr'><strong>Chrysostomo,</strong></span> <span class='ocrx_word' id='word_1_209' title='bbox 1419 867 1512 885; x_wconf 76' lang='lat' dir='ltr'><strong>verum</strong></span> <span class='ocrx_word' id='word_1_210' title='bbox 1531 859 1611 886; x_wconf 88' lang='lat' dir='ltr'><strong>etiam</strong></span> <span class='ocrx_word' id='word_1_211' title='bbox 1626 867 1659 886; x_wconf 87' lang='lat' dir='ltr'><strong>ex</strong></span> 
     </span>
    </p>
   </div>
   <div class='ocr_carea' id='block_1_18' title="bbox 55 903 1660 940">
    <p class='ocr_par' dir='ltr' id='par_1_18' title="bbox 55 903 1660 940">
     <span class='ocr_line' id='line_1_18' title="bbox 55 903 1660 940; baseline 0.002 -12"><span class='ocrx_word' id='word_1_212' title='bbox 55 903 150 936; x_wconf 77' lang='lat' dir='ltr'><strong>Basilio,</strong></span> <span class='ocrx_word' id='word_1_213' title='bbox 173 903 288 939; x_wconf 80' lang='lat' dir='ltr'><strong>Cyrillo,</strong></span> <span class='ocrx_word' id='word_1_214' title='bbox 318 905 430 938; x_wconf 83' lang='lat' dir='ltr'><strong>Severo,</strong></span> <span class='ocrx_word' id='word_1_215' title='bbox 441 911 474 934; x_wconf 88' lang='lat' dir='ltr'><strong>et</strong></span> <span class='ocrx_word' id='word_1_216' title='bbox 489 907 627 934; x_wconf 88' lang='lat' dir='ltr'><strong>nonnullis</strong></span> <span class='ocrx_word' id='word_1_217' title='bbox 641 906 714 937; x_wconf 85' lang='lat' dir='ltr'><strong>aliis,</strong></span> <span class='ocrx_word' id='word_1_218' title='bbox 729 913 789 940; x_wconf 83' lang='lat' dir='ltr'><strong>quae</strong></span> <span class='ocrx_word' id='word_1_219' title='bbox 803 905 835 932; x_wconf 87' lang='lat' dir='ltr'><strong>ad</strong></span> <span class='ocrx_word' id='word_1_220' title='bbox 857 905 1025 940; x_wconf 85' lang='lat' dir='ltr'><strong>propositum</strong></span> <span class='ocrx_word' id='word_1_221' title='bbox 1041 910 1068 933; x_wconf 90' lang='lat' dir='ltr'><strong>et</strong></span> <span class='ocrx_word' id='word_1_222' title='bbox 1090 913 1145 932; x_wconf 89' lang='lat' dir='ltr'><strong>rem</strong></span> <span class='ocrx_word' id='word_1_223' title='bbox 1166 905 1317 932; x_wconf 83' lang='lat' dir='ltr'><strong>institutam</strong></span> <span class='ocrx_word' id='word_1_224' title='bbox 1332 905 1470 939; x_wconf 88' lang='lat' dir='ltr'><strong>pertinere</strong></span> <span class='ocrx_word' id='word_1_225' title='bbox 1489 905 1660 938; x_wconf 82' lang='lat' dir='ltr'><strong>viderentur,</strong></span> 
     </span>
    </p>
   </div>
   <div class='ocr_carea' id='block_1_19' title="bbox 54 949 1661 986">
    <p class='ocr_par' dir='ltr' id='par_1_19' title="bbox 54 949 1661 986">
     <span class='ocr_line' id='line_1_19' title="bbox 54 949 1661 986; baseline 0.001 -11"><span class='ocrx_word' id='word_1_226' title='bbox 54 950 189 984; x_wconf 79' lang='lat' dir='ltr'><strong>desumpsit</strong></span> <span class='ocrx_word' id='word_1_227' title='bbox 202 954 230 977; x_wconf 94' lang='lat' dir='ltr'><strong>ct</strong></span> <span class='ocrx_word' id='word_1_228' title='bbox 245 951 272 978; x_wconf 93' lang='lat' dir='ltr'><strong>in</strong></span> <span class='ocrx_word' id='word_1_229' title='bbox 285 959 368 978; x_wconf 90' lang='lat' dir='ltr'><strong>unum</strong></span> <span class='ocrx_word' id='word_1_230' title='bbox 382 959 483 986; x_wconf 86' lang='lat' dir='ltr'><strong>corpus</strong></span> <span class='ocrx_word' id='word_1_231' title='bbox 498 952 634 979; x_wconf 76' lang='lat' dir='ltr'><strong>contraxit</strong></span> <span class='ocrx_word' id='word_1_232' title='bbox 652 961 659 979; x_wconf 90' lang='lat'><strong>:</strong></span> <span class='ocrx_word' id='word_1_233' title='bbox 680 959 761 986; x_wconf 85' lang='lat' dir='ltr'><strong>quam</strong></span> <span class='ocrx_word' id='word_1_234' title='bbox 775 958 830 977; x_wconf 91' lang='lat' dir='ltr'><strong>rem</strong></span> <span class='ocrx_word' id='word_1_235' title='bbox 848 957 900 976; x_wconf 94' lang='lat' dir='ltr'><strong>non</strong></span> <span class='ocrx_word' id='word_1_236' title='bbox 918 950 999 977; x_wconf 90' lang='lat' dir='ltr'><strong>modo</strong></span> <span class='ocrx_word' id='word_1_237' title='bbox 1016 958 1101 984; x_wconf 74' lang='lat' dir='ltr'><strong>genus</strong></span> <span class='ocrx_word' id='word_1_238' title='bbox 1114 949 1235 980; x_wconf 82' lang='lat' dir='ltr'><strong>dicendi.</strong></span> <span class='ocrx_word' id='word_1_239' title='bbox 1259 949 1281 977; x_wconf 93' lang='lat' dir='ltr'><strong>si</strong></span> <span class='ocrx_word' id='word_1_240' title='bbox 1297 950 1359 984; x_wconf 91' lang='lat' dir='ltr'><strong>quis</strong></span> <span class='ocrx_word' id='word_1_241' title='bbox 1383 950 1503 977; x_wconf 89' lang='lat' dir='ltr'><strong>animum</strong></span> <span class='ocrx_word' id='word_1_242' title='bbox 1528 951 1661 983; x_wconf 85' lang='lat' dir='ltr'><strong>attendat,</strong></span> 
     </span>
    </p>
   </div>
   <div class='ocr_carea' id='block_1_20' title="bbox 54 995 1663 1032">
    <p class='ocr_par' dir='ltr' id='par_1_20' title="bbox 54 995 1663 1032">
     <span class='ocr_line' id='line_1_20' title="bbox 54 995 1663 1032; baseline 0 -11"><span class='ocrx_word' id='word_1_243' title='bbox 54 1002 134 1022; x_wconf 85' lang='lat' dir='ltr'><strong>verum</strong></span> <span class='ocrx_word' id='word_1_244' title='bbox 149 996 231 1022; x_wconf 88' lang='lat' dir='ltr'><strong>etiam</strong></span> <span class='ocrx_word' id='word_1_245' title='bbox 252 997 361 1024; x_wconf 90' lang='lat' dir='ltr'><strong>nomina</strong></span> <span class='ocrx_word' id='word_1_246' title='bbox 377 1003 517 1025; x_wconf 85' lang='lat' dir='ltr'><strong>auctorum</strong></span> <span class='ocrx_word' id='word_1_247' title='bbox 533 997 562 1025; x_wconf 88' lang='lat' dir='ltr'><strong>in</strong></span> <span class='ocrx_word' id='word_1_248' title='bbox 575 997 697 1032; x_wconf 86' lang='lat' dir='ltr'><strong>margine</strong></span> <span class='ocrx_word' id='word_1_249' title='bbox 713 999 844 1023; x_wconf 79' lang='lat' dir='ltr'><strong>annotata</strong></span> <span class='ocrx_word' id='word_1_250' title='bbox 859 996 1014 1029; x_wconf 78' lang='lat' dir='ltr'><strong>significant</strong></span> <span class='ocrx_word' id='word_1_251' title='bbox 1034 999 1114 1030; x_wconf 86' lang='lat' dir='ltr'><strong>atque</strong></span> <span class='ocrx_word' id='word_1_252' title='bbox 1131 995 1279 1022; x_wconf 83' lang='lat' dir='ltr'><strong>declarant.</strong></span> <span class='ocrx_word' id='word_1_253' title='bbox 1292 995 1411 1023; x_wconf 82' lang='lat' dir='ltr'><strong>Joannes</strong></span> <span class='ocrx_word' id='word_1_254' title='bbox 1423 995 1663 1031; x_wconf 75' lang='lat' dir='ltr'><strong>OEcolampadius,</strong></span> 
     </span>
    </p>
   </div>
   <div class='ocr_carea' id='block_1_21' title="bbox 54 1040 1662 1079">
    <p class='ocr_par' dir='ltr' id='par_1_21' title="bbox 54 1040 1662 1079">
     <span class='ocr_line' id='line_1_21' title="bbox 54 1040 1662 1079; baseline 0.001 -12"><span class='ocrx_word' id='word_1_255' title='bbox 54 1048 76 1079; x_wconf 76' lang='lat' dir='ltr'><strong>in</strong></span> <span class='ocrx_word' id='word_1_256' title='bbox 89 1040 238 1075; x_wconf 75' lang='lat' dir='ltr'><strong>pra-latione</strong></span> <span class='ocrx_word' id='word_1_257' title='bbox 253 1050 332 1077; x_wconf 81' lang='lat' dir='ltr'><strong>quam</strong></span> <span class='ocrx_word' id='word_1_258' title='bbox 349 1043 475 1078; x_wconf 87' lang='lat' dir='ltr'><strong>apposuit</strong></span> <span class='ocrx_word' id='word_1_259' title='bbox 490 1042 682 1079; x_wconf 85' lang='lat' dir='ltr'><strong>Thcophylacti</strong></span> <span class='ocrx_word' id='word_1_260' title='bbox 696 1047 812 1078; x_wconf 90' lang='lat' dir='ltr'><strong>quatuor</strong></span> <span class='ocrx_word' id='word_1_261' title='bbox 827 1041 1032 1076; x_wconf 79' lang='lat' dir='ltr'><strong>Evangeliorum</strong></span> <span class='ocrx_word' id='word_1_262' title='bbox 1050 1042 1212 1076; x_wconf 84' lang='lat' dir='ltr'><strong>explication</strong></span> <span class='ocrx_word' id='word_1_263' title='bbox 1226 1042 1277 1069; x_wconf 90' lang='lat' dir='ltr'><strong>bus</strong></span> <span class='ocrx_word' id='word_1_264' title='bbox 1289 1041 1323 1070; x_wconf 87' lang='lat' dir='ltr'><strong>ai)</strong></span> <span class='ocrx_word' id='word_1_265' title='bbox 1350 1050 1410 1070; x_wconf 89' lang='lat' dir='ltr'><strong>sese</strong></span> <span class='ocrx_word' id='word_1_266' title='bbox 1429 1044 1578 1074; x_wconf 79' lang='lat' dir='ltr'><strong>conversis,</strong></span> <span class='ocrx_word' id='word_1_267' title='bbox 1594 1043 1662 1070; x_wconf 79' lang='lat' dir='ltr'><strong>nihl</strong></span> 
     </span>
    </p>
   </div>
   <div class='ocr_carea' id='block_1_22' title="bbox 54 1087 1662 1125">
    <p class='ocr_par' dir='ltr' id='par_1_22' title="bbox 54 1087 1662 1125">
     <span class='ocr_line' id='line_1_22' title="bbox 54 1087 1662 1125; baseline 0.002 -12"><span class='ocrx_word' id='word_1_268' title='bbox 54 1087 115 1114; x_wconf 81' lang='lat' dir='ltr'><strong>aliud</strong></span> <span class='ocrx_word' id='word_1_269' title='bbox 128 1096 204 1122; x_wconf 83' lang='lat' dir='ltr'><strong>quam</strong></span> <span class='ocrx_word' id='word_1_270' title='bbox 222 1089 298 1116; x_wconf 91' lang='lat' dir='ltr'><strong>illum</strong></span> <span class='ocrx_word' id='word_1_271' title='bbox 317 1090 387 1117; x_wconf 89' lang='lat' dir='ltr'><strong>inter</strong></span> <span class='ocrx_word' id='word_1_272' title='bbox 399 1090 505 1118; x_wconf 63' lang='lat' dir='ltr'><strong>Graecos</strong></span> <span class='ocrx_word' id='word_1_273' title='bbox 519 1090 657 1125; x_wconf 87' lang='lat' dir='ltr'><strong>theologos</strong></span> <span class='ocrx_word' id='word_1_274' title='bbox 670 1091 847 1117; x_wconf 86' lang='lat' dir='ltr'><strong>recentiorem</strong></span> <span class='ocrx_word' id='word_1_275' title='bbox 858 1089 943 1115; x_wconf 82' lang='lat' dir='ltr'><strong>fuisse</strong></span> <span class='ocrx_word' id='word_1_276' title='bbox 951 1088 1096 1122; x_wconf 80' lang='lat' dir='ltr'><strong>significat,</strong></span> <span class='ocrx_word' id='word_1_277' title='bbox 1119 1088 1165 1115; x_wconf 87' lang='lat' dir='ltr'><strong>sed</strong></span> <span class='ocrx_word' id='word_1_278' title='bbox 1182 1088 1253 1115; x_wconf 89' lang='lat' dir='ltr'><strong>haud</strong></span> <span class='ocrx_word' id='word_1_279' title='bbox 1272 1088 1346 1115; x_wconf 77' lang='lat' dir='ltr'><strong>falsis</strong></span> <span class='ocrx_word' id='word_1_280' title='bbox 1358 1096 1419 1115; x_wconf 89' lang='lat' dir='ltr'><strong>eum</strong></span> <span class='ocrx_word' id='word_1_281' title='bbox 1431 1088 1557 1117; x_wconf 71' lang='lat' dir='ltr'><strong>laudibus</strong></span> <span class='ocrx_word' id='word_1_282' title='bbox 1571 1095 1662 1122; x_wconf 89' lang='lat' dir='ltr'><strong>ornat,</strong></span> 
     </span>
    </p>
   </div>
   <div class='ocr_carea' id='block_1_23' title="bbox 54 1126 1662 1170">
    <p class='ocr_par' dir='ltr' id='par_1_23' title="bbox 54 1126 1662 1170">
     <span class='ocr_line' id='line_1_23' title="bbox 54 1126 1662 1170; baseline 0.002 -10"><span class='ocrx_word' id='word_1_283' title='bbox 54 1141 112 1168; x_wconf 82' lang='lat' dir='ltr'><strong>quas</strong></span> <span class='ocrx_word' id='word_1_284' title='bbox 124 1134 144 1161; x_wconf 90' lang='lat' dir='ltr'><strong>si</strong></span> <span class='ocrx_word' id='word_1_285' title='bbox 161 1135 222 1168; x_wconf 87' lang='lat' dir='ltr'><strong>quis</strong></span> <span class='ocrx_word' id='word_1_286' title='bbox 241 1126 364 1170; x_wconf 85' lang='lat' dir='ltr'><strong>requirit,</strong></span> <span class='ocrx_word' id='word_1_287' title='bbox 381 1143 415 1161; x_wconf 86' lang='lat' dir='ltr'><strong>ne</strong></span> <span class='ocrx_word' id='word_1_288' title='bbox 427 1135 461 1161; x_wconf 89' lang='lat' dir='ltr'><strong>ab</strong></span> <span class='ocrx_word' id='word_1_289' title='bbox 475 1135 536 1162; x_wconf 86' lang='lat' dir='ltr'><strong>aliis</strong></span> <span class='ocrx_word' id='word_1_290' title='bbox 547 1135 614 1162; x_wconf 88' lang='lat' dir='ltr'><strong>bene</strong></span> <span class='ocrx_word' id='word_1_291' title='bbox 629 1134 702 1162; x_wconf 86' lang='lat' dir='ltr'><strong>dicta</strong></span> <span class='ocrx_word' id='word_1_292' title='bbox 723 1134 788 1161; x_wconf 88' lang='lat' dir='ltr'><strong>mihi</strong></span> <span class='ocrx_word' id='word_1_293' title='bbox 804 1140 865 1160; x_wconf 81' lang='lat' dir='ltr'><strong>cum</strong></span> <span class='ocrx_word' id='word_1_294' title='bbox 876 1132 985 1160; x_wconf 78' lang='lat' dir='ltr'><strong>fastidio</strong></span> <span class='ocrx_word' id='word_1_295' title='bbox 1001 1133 1148 1168; x_wconf 80' lang='lat' dir='ltr'><strong>legentium</strong></span> <span class='ocrx_word' id='word_1_296' title='bbox 1163 1139 1284 1168; x_wconf 83' lang='lat' dir='ltr'><strong>repetere</strong></span> <span class='ocrx_word' id='word_1_297' title='bbox 1299 1142 1409 1161; x_wconf 78' lang='lat' dir='ltr'><strong>necesse</strong></span> <span class='ocrx_word' id='word_1_298' title='bbox 1424 1135 1470 1167; x_wconf 89' lang='lat' dir='ltr'><strong>sit,</strong></span> <span class='ocrx_word' id='word_1_299' title='bbox 1488 1136 1560 1162; x_wconf 78' lang='lat' dir='ltr'><strong>illinc</strong></span> <span class='ocrx_word' id='word_1_300' title='bbox 1579 1141 1662 1170; x_wconf 80' lang='lat' dir='ltr'><strong>petat,</strong></span> 
     </span>
    </p>
   </div>
   <div class='ocr_carea' id='block_1_24' title="bbox 56 1177 1661 1215">
    <p class='ocr_par' dir='ltr' id='par_1_24' title="bbox 56 1177 1661 1215">
     <span class='ocr_line' id='line_1_24' title="bbox 56 1177 1661 1215; baseline 0.002 -10"><span class='ocrx_word' id='word_1_301' title='bbox 56 1184 124 1213; x_wconf 85' lang='lat' dir='ltr'><strong>atque</strong></span> <span class='ocrx_word' id='word_1_302' title='bbox 134 1180 213 1206; x_wconf 87' lang='lat' dir='ltr'><strong>etiam</strong></span> <span class='ocrx_word' id='word_1_303' title='bbox 232 1188 265 1208; x_wconf 80' lang='lat' dir='ltr'><strong>ex</strong></span> <span class='ocrx_word' id='word_1_304' title='bbox 279 1180 440 1215; x_wconf 73' lang='lat' dir='ltr'><strong>pncfatione</strong></span> <span class='ocrx_word' id='word_1_305' title='bbox 451 1180 554 1207; x_wconf 81' lang='lat' dir='ltr'><strong>Nicolai</strong></span> <span class='ocrx_word' id='word_1_306' title='bbox 572 1180 688 1211; x_wconf 86' lang='lat' dir='ltr'><strong>Beraldi,</strong></span> <span class='ocrx_word' id='word_1_307' title='bbox 703 1187 763 1215; x_wconf 70' lang='lat' dir='ltr'><strong>quae</strong></span> <span class='ocrx_word' id='word_1_308' title='bbox 781 1180 986 1214; x_wconf 58' lang='lat' dir='ltr'><strong>praepositaest</strong></span> <span class='ocrx_word' id='word_1_309' title='bbox 1002 1177 1215 1206; x_wconf 87' lang='lat' dir='ltr'><strong>Commentariis</strong></span> <span class='ocrx_word' id='word_1_310' title='bbox 1231 1180 1303 1207; x_wconf 91' lang='lat' dir='ltr'><strong>illius</strong></span> <span class='ocrx_word' id='word_1_311' title='bbox 1320 1180 1346 1207; x_wconf 86' lang='lat' dir='ltr'><strong>in</strong></span> <span class='ocrx_word' id='word_1_312' title='bbox 1358 1179 1492 1215; x_wconf 78' lang='lat' dir='ltr'><strong>Epistolas</strong></span> <span class='ocrx_word' id='word_1_313' title='bbox 1501 1182 1556 1208; x_wconf 78' lang='lat' dir='ltr'><strong>divi</strong></span> <span class='ocrx_word' id='word_1_314' title='bbox 1569 1182 1661 1215; x_wconf 79' lang='lat' dir='ltr'><strong>Pauli,</strong></span> 
     </span>
    </p>
   </div>
   <div class='ocr_carea' id='block_1_25' title="bbox 54 1224 1663 1263">
    <p class='ocr_par' dir='ltr' id='par_1_25' title="bbox 54 1224 1663 1263">
     <span class='ocr_line' id='line_1_25' title="bbox 54 1224 1663 1263; baseline 0.002 -12"><span class='ocrx_word' id='word_1_315' title='bbox 54 1233 66 1251; x_wconf 88' lang='lat' dir='ltr'><strong>a</strong></span> <span class='ocrx_word' id='word_1_316' title='bbox 79 1224 270 1260; x_wconf 77' lang='lat' dir='ltr'><strong>Cbristopboro</strong></span> <span class='ocrx_word' id='word_1_317' title='bbox 286 1226 416 1259; x_wconf 84' lang='lat' dir='ltr'><strong>Porsena,</strong></span> <span class='ocrx_word' id='word_1_318' title='bbox 430 1226 564 1259; x_wconf 78' lang='lat' dir='ltr'><strong>Rmuano,</strong></span> <span class='ocrx_word' id='word_1_319' title='bbox 583 1226 610 1253; x_wconf 90' lang='lat' dir='ltr'><strong>in</strong></span> <span class='ocrx_word' id='word_1_320' title='bbox 624 1225 751 1253; x_wconf 85' lang='lat' dir='ltr'><strong>Latinum</strong></span> <span class='ocrx_word' id='word_1_321' title='bbox 770 1233 922 1253; x_wconf 86' lang='lat' dir='ltr'><strong>sermonem</strong></span> <span class='ocrx_word' id='word_1_322' title='bbox 937 1225 1079 1252; x_wconf 82' lang='lat' dir='ltr'><strong>conversis</strong></span> <span class='ocrx_word' id='word_1_323' title='bbox 1093 1234 1100 1252; x_wconf 84' lang='lat'><strong>:</strong></span> <span class='ocrx_word' id='word_1_324' title='bbox 1121 1225 1167 1260; x_wconf 84' lang='lat' dir='ltr'><strong>qui</strong></span> <span class='ocrx_word' id='word_1_325' title='bbox 1181 1225 1191 1260; x_wconf 93' lang='lat'>(</span> <span class='ocrx_word' id='word_1_326' title='bbox 1206 1226 1278 1261; x_wconf 86' lang='lat' dir='ltr'><strong>quod</strong></span> <span class='ocrx_word' id='word_1_327' title='bbox 1297 1227 1433 1261; x_wconf 63' lang='lat' dir='ltr'><strong>prmterire</strong></span> <span class='ocrx_word' id='word_1_328' title='bbox 1447 1236 1500 1255; x_wconf 87' lang='lat' dir='ltr'><strong>non</strong></span> <span class='ocrx_word' id='word_1_329' title='bbox 1524 1236 1634 1263; x_wconf 83' lang='lat' dir='ltr'><strong>possunt</strong></span> <span class='ocrx_word' id='word_1_330' title='bbox 1653 1230 1663 1263; x_wconf 83' lang='lat'><strong>)</strong></span> 
     </span>
    </p>
   </div>
   <div class='ocr_carea' id='block_1_26' title="bbox 58 1269 1663 1309">
    <p class='ocr_par' dir='ltr' id='par_1_26' title="bbox 58 1269 1663 1309">
     <span class='ocr_line' id='line_1_26' title="bbox 58 1269 1663 1309; baseline 0.003 -14"><span class='ocrx_word' id='word_1_331' title='bbox 58 1278 65 1294; x_wconf 82' lang='grc' dir='ltr'><strong>ι</strong></span> <span class='ocrx_word' id='word_1_332' title='bbox 84 1269 164 1297; x_wconf 90' lang='lat' dir='ltr'><strong>Unum</strong></span> <span class='ocrx_word' id='word_1_333' title='bbox 188 1271 252 1304; x_wconf 87' lang='lat' dir='ltr'><strong>hoc,</strong></span> <span class='ocrx_word' id='word_1_334' title='bbox 277 1272 375 1307; x_wconf 86' lang='lat' dir='ltr'><strong>inquit,</strong></span> <span class='ocrx_word' id='word_1_335' title='bbox 406 1273 472 1300; x_wconf 87' lang='lat' dir='ltr'><strong>satis</strong></span> <span class='ocrx_word' id='word_1_336' title='bbox 502 1277 619 1305; x_wconf 87' lang='lat' dir='ltr'><strong>constat,</strong></span> <span class='ocrx_word' id='word_1_337' title='bbox 644 1272 671 1299; x_wconf 92' lang='lat' dir='ltr'><strong>in</strong></span> <span class='ocrx_word' id='word_1_338' title='bbox 689 1273 732 1300; x_wconf 75' lang='lat' dir='ltr'><strong>his</strong></span> <span class='ocrx_word' id='word_1_339' title='bbox 748 1271 959 1300; x_wconf 84' lang='lat' dir='ltr'><strong>Commentariis</strong></span> <span class='ocrx_word' id='word_1_340' title='bbox 976 1271 1020 1306; x_wconf 88' lang='lat' dir='ltr'><strong>pia</strong></span> <span class='ocrx_word' id='word_1_341' title='bbox 1035 1279 1096 1299; x_wconf 86' lang='lat' dir='ltr'><strong>esse</strong></span> <span class='ocrx_word' id='word_1_342' title='bbox 1111 1273 1204 1299; x_wconf 89' lang='lat' dir='ltr'><strong>omnia</strong></span> <span class='ocrx_word' id='word_1_343' title='bbox 1219 1277 1246 1300; x_wconf 84' lang='lat' dir='ltr'><strong>et</strong></span> <span class='ocrx_word' id='word_1_344' title='bbox 1267 1273 1418 1300; x_wconf 78' lang='lat' dir='ltr'><strong>orthodoxa</strong></span> <span class='ocrx_word' id='word_1_345' title='bbox 1435 1273 1567 1309; x_wconf 81' lang='lat' dir='ltr'><strong>longeque</strong></span> <span class='ocrx_word' id='word_1_346' title='bbox 1583 1276 1616 1301; x_wconf 85' lang='lat' dir='ltr'><strong>ah</strong></span> <span class='ocrx_word' id='word_1_347' title='bbox 1629 1275 1663 1302; x_wconf 91' lang='lat' dir='ltr'><strong>iis</strong></span> 
     </span>
    </p>
   </div>
   <div class='ocr_carea' id='block_1_27' title="bbox 55 1317 1663 1356">
    <p class='ocr_par' dir='ltr' id='par_1_27' title="bbox 55 1317 1663 1356">
     <span class='ocr_line' id='line_1_27' title="bbox 55 1317 1663 1356; baseline 0.002 -13"><span class='ocrx_word' id='word_1_348' title='bbox 55 1317 200 1344; x_wconf 78' lang='lat' dir='ltr'><strong>dissidentia</strong></span> <span class='ocrx_word' id='word_1_349' title='bbox 219 1325 282 1352; x_wconf 80' lang='lat' dir='ltr'><strong>qua:</strong></span> <span class='ocrx_word' id='word_1_350' title='bbox 296 1318 483 1353; x_wconf 75' lang='lat' dir='ltr'><strong>theologorum</strong></span> <span class='ocrx_word' id='word_1_351' title='bbox 496 1318 592 1352; x_wconf 78' lang='lat' dir='ltr'><strong>vulgus</strong></span> <span class='ocrx_word' id='word_1_352' title='bbox 609 1318 730 1352; x_wconf 65' lang='lat' dir='ltr'><strong>quotidie</strong></span> <span class='ocrx_word' id='word_1_353' title='bbox 748 1325 848 1352; x_wconf 85' lang='lat' dir='ltr'><strong>magno</strong></span> <span class='ocrx_word' id='word_1_354' title='bbox 867 1317 1016 1351; x_wconf 86' lang='lat' dir='ltr'><strong>supercilio</strong></span> <span class='ocrx_word' id='word_1_355' title='bbox 1037 1317 1152 1344; x_wconf 78' lang='lat' dir='ltr'><strong>indocta:</strong></span> <span class='ocrx_word' id='word_1_356' title='bbox 1171 1318 1256 1352; x_wconf 84' lang='lat' dir='ltr'><strong>plebis</strong></span> <span class='ocrx_word' id='word_1_357' title='bbox 1277 1319 1390 1347; x_wconf 90' lang='lat' dir='ltr'><strong>auribus</strong></span> <span class='ocrx_word' id='word_1_358' title='bbox 1411 1320 1541 1347; x_wconf 86' lang='lat' dir='ltr'><strong>inculcat.</strong></span> <span class='ocrx_word' id='word_1_359' title='bbox 1558 1321 1663 1356; x_wconf 87' lang='lat' dir='ltr'><strong>Ubique</strong></span> 
     </span>
    </p>
   </div>
   <div class='ocr_carea' id='block_1_28' title="bbox 57 1363 1662 1400">
    <p class='ocr_par' dir='ltr' id='par_1_28' title="bbox 57 1363 1662 1400">
     <span class='ocr_line' id='line_1_28' title="bbox 57 1363 1662 1400; baseline 0.002 -10"><span class='ocrx_word' id='word_1_360' title='bbox 57 1364 120 1391; x_wconf 84' lang='lat' dir='ltr'><strong>enim</strong></span> <span class='ocrx_word' id='word_1_361' title='bbox 135 1365 316 1399; x_wconf 84' lang='lat' dir='ltr'><strong>apostolicum</strong></span> <span class='ocrx_word' id='word_1_362' title='bbox 335 1370 430 1400; x_wconf 84' lang='lat' dir='ltr'><strong>pectus</strong></span> <span class='ocrx_word' id='word_1_363' title='bbox 455 1372 510 1391; x_wconf 91' lang='lat' dir='ltr'><strong>non</strong></span> <span class='ocrx_word' id='word_1_364' title='bbox 526 1365 608 1391; x_wconf 90' lang='lat' dir='ltr'><strong>modo</strong></span> <span class='ocrx_word' id='word_1_365' title='bbox 634 1364 753 1399; x_wconf 80' lang='lat' dir='ltr'><strong>explicat</strong></span> <span class='ocrx_word' id='word_1_366' title='bbox 778 1363 870 1398; x_wconf 90' lang='lat' dir='ltr'><strong>operis</strong></span> <span class='ocrx_word' id='word_1_367' title='bbox 887 1364 970 1398; x_wconf 89' lang='lat' dir='ltr'><strong>hujus</strong></span> <span class='ocrx_word' id='word_1_368' title='bbox 987 1369 1095 1396; x_wconf 86' lang='lat' dir='ltr'><strong>auctor,</strong></span> <span class='ocrx_word' id='word_1_369' title='bbox 1108 1363 1155 1391; x_wconf 87' lang='lat' dir='ltr'><strong>sed</strong></span> <span class='ocrx_word' id='word_1_370' title='bbox 1172 1365 1253 1391; x_wconf 85' lang='lat' dir='ltr'><strong>etiam</strong></span> <span class='ocrx_word' id='word_1_371' title='bbox 1269 1364 1362 1396; x_wconf 81' lang='lat' dir='ltr'><strong>refert,</strong></span> <span class='ocrx_word' id='word_1_372' title='bbox 1381 1365 1451 1399; x_wconf 73' lang='lat' dir='ltr'><strong>sapit</strong></span> <span class='ocrx_word' id='word_1_373' title='bbox 1470 1372 1501 1391; x_wconf 91' lang='lat' dir='ltr'><strong>ac</strong></span> <span class='ocrx_word' id='word_1_374' title='bbox 1513 1366 1610 1400; x_wconf 86' lang='lat' dir='ltr'><strong>spirat,</strong></span> <span class='ocrx_word' id='word_1_375' title='bbox 1636 1367 1662 1393; x_wconf 87' lang='lat' dir='ltr'><strong>id</strong></span> 
     </span>
    </p>
   </div>
   <div class='ocr_carea' id='block_1_29' title="bbox 56 1409 1662 1446">
    <p class='ocr_par' dir='ltr' id='par_1_29' title="bbox 56 1409 1662 1446">
     <span class='ocr_line' id='line_1_29' title="bbox 56 1409 1662 1446; baseline 0.001 -9"><span class='ocrx_word' id='word_1_376' title='bbox 56 1411 119 1445; x_wconf 87' lang='lat' dir='ltr'><strong>quod</strong></span> <span class='ocrx_word' id='word_1_377' title='bbox 134 1419 213 1445; x_wconf 80' lang='lat' dir='ltr'><strong>quant</strong></span> <span class='ocrx_word' id='word_1_378' title='bbox 231 1411 326 1446; x_wconf 83' lang='lat' dir='ltr'><strong>paucis</strong></span> <span class='ocrx_word' id='word_1_379' title='bbox 342 1411 439 1437; x_wconf 89' lang='lat' dir='ltr'><strong>merito</strong></span> <span class='ocrx_word' id='word_1_380' title='bbox 455 1410 628 1438; x_wconf 86' lang='lat' dir='ltr'><strong>tribuendum</strong></span> <span class='ocrx_word' id='word_1_381' title='bbox 647 1411 693 1442; x_wconf 86' lang='lat' dir='ltr'><strong>sit,</strong></span> <span class='ocrx_word' id='word_1_382' title='bbox 719 1409 799 1437; x_wconf 84' lang='lat' dir='ltr'><strong>facile</strong></span> <span class='ocrx_word' id='word_1_383' title='bbox 828 1410 973 1445; x_wconf 69' lang='lat' dir='ltr'><strong>intelliget,</strong></span> <span class='ocrx_word' id='word_1_384' title='bbox 1005 1411 1052 1444; x_wconf 84' lang='lat' dir='ltr'><strong>qui</strong></span> <span class='ocrx_word' id='word_1_385' title='bbox 1079 1411 1196 1438; x_wconf 81' lang='lat' dir='ltr'><strong>novitios</strong></span> <span class='ocrx_word' id='word_1_386' title='bbox 1215 1411 1354 1445; x_wconf 75' lang='lat' dir='ltr'><strong>theologos</strong></span> <span class='ocrx_word' id='word_1_387' title='bbox 1371 1411 1491 1445; x_wconf 83' lang='lat' dir='ltr'><strong>antiquis</strong></span> <span class='ocrx_word' id='word_1_388' title='bbox 1508 1411 1571 1444; x_wconf 87' lang='lat' dir='ltr'><strong>illis,</strong></span> <span class='ocrx_word' id='word_1_389' title='bbox 1600 1420 1662 1439; x_wconf 80' lang='lat' dir='ltr'><strong>curn</strong></span> 
     </span>
    </p>
   </div>
   <div class='ocr_carea' id='block_1_30' title="bbox 57 1456 1662 1493">
    <p class='ocr_par' dir='ltr' id='par_1_30' title="bbox 57 1456 1662 1493">
     <span class='ocr_line' id='line_1_30' title="bbox 57 1456 1662 1493; baseline 0.001 -11"><span class='ocrx_word' id='word_1_390' title='bbox 57 1456 148 1483; x_wconf 78' lang='lat' dir='ltr'><strong>Latinis</strong></span> <span class='ocrx_word' id='word_1_391' title='bbox 169 1462 224 1483; x_wconf 86' lang='lat' dir='ltr'><strong>tum</strong></span> <span class='ocrx_word' id='word_1_392' title='bbox 244 1456 356 1489; x_wconf 68' lang='lat' dir='ltr'><strong>Graecis,</strong></span> <span class='ocrx_word' id='word_1_393' title='bbox 372 1457 567 1492; x_wconf 84' lang='lat' dir='ltr'><strong>composuerit.</strong></span> <span class='ocrx_word' id='word_1_394' title='bbox 588 1468 596 1482; x_wconf 79' lang='grc' dir='ltr'><strong>ι</strong></span> <span class='ocrx_word' id='word_1_395' title='bbox 619 1457 682 1483; x_wconf 69' lang='lat' dir='ltr'><strong>llaec</strong></span> <span class='ocrx_word' id='word_1_396' title='bbox 697 1456 838 1484; x_wconf 56' lang='lat' dir='ltr'><strong>Berl-ldus.</strong></span> <span class='ocrx_word' id='word_1_397' title='bbox 853 1457 1079 1492; x_wconf 70' lang='lat' dir='ltr'><strong>(Ecolampadius</strong></span> <span class='ocrx_word' id='word_1_398' title='bbox 1095 1457 1227 1492; x_wconf 88' lang='lat' dir='ltr'><strong>prolixius</strong></span> <span class='ocrx_word' id='word_1_399' title='bbox 1240 1465 1271 1484; x_wconf 86' lang='lat' dir='ltr'><strong>ac</strong></span> <span class='ocrx_word' id='word_1_400' title='bbox 1286 1457 1443 1492; x_wconf 82' lang='lat' dir='ltr'><strong>singulatim</strong></span> <span class='ocrx_word' id='word_1_401' title='bbox 1469 1457 1662 1493; x_wconf 80' lang='lat' dir='ltr'><strong>Theuphylacti</strong></span> 
     </span>
    </p>
   </div>
   <div class='ocr_carea' id='block_1_31' title="bbox 57 1501 1662 1539">
    <p class='ocr_par' dir='ltr' id='par_1_31' title="bbox 57 1501 1662 1539">
     <span class='ocr_line' id='line_1_31' title="bbox 57 1501 1662 1539; baseline 0.002 -12"><span class='ocrx_word' id='word_1_402' title='bbox 57 1502 158 1530; x_wconf 77' lang='lat' dir='ltr'><strong>virtutes</strong></span> <span class='ocrx_word' id='word_1_403' title='bbox 179 1502 352 1538; x_wconf 85' lang='lat' dir='ltr'><strong>persequitur</strong></span> <span class='ocrx_word' id='word_1_404' title='bbox 369 1506 451 1538; x_wconf 90' lang='lat' dir='ltr'><strong>atque</strong></span> <span class='ocrx_word' id='word_1_405' title='bbox 479 1507 612 1535; x_wconf 73' lang='lat' dir='ltr'><strong>recenset.</strong></span> <span class='ocrx_word' id='word_1_406' title='bbox 631 1501 847 1536; x_wconf 86' lang='lat' dir='ltr'><strong>Christopborus</strong></span> <span class='ocrx_word' id='word_1_407' title='bbox 858 1502 990 1534; x_wconf 84' lang='lat' dir='ltr'><strong>Porsena,</strong></span> <span class='ocrx_word' id='word_1_408' title='bbox 1007 1503 1034 1529; x_wconf 95' lang='lat' dir='ltr'><strong>in</strong></span> <span class='ocrx_word' id='word_1_409' title='bbox 1050 1510 1098 1530; x_wconf 84' lang='lat' dir='ltr'><strong>sua</strong></span> <span class='ocrx_word' id='word_1_410' title='bbox 1113 1502 1274 1530; x_wconf 69' lang='lat' dir='ltr'><strong>Praafatione</strong></span> <span class='ocrx_word' id='word_1_411' title='bbox 1288 1502 1322 1529; x_wconf 88' lang='lat' dir='ltr'><strong>ad</strong></span> <span class='ocrx_word' id='word_1_412' title='bbox 1336 1502 1443 1530; x_wconf 82' lang='lat' dir='ltr'><strong>Sixtum</strong></span> <span class='ocrx_word' id='word_1_413' title='bbox 1458 1503 1490 1530; x_wconf 82' lang='grc' dir='ltr'>ιν</span> <span class='ocrx_word' id='word_1_414' title='bbox 1508 1504 1662 1539; x_wconf 75' lang='lat' dir='ltr'><strong>pontifici-ni</strong></span> 
     </span>
    </p>
   </div>
   <div class='ocr_carea' id='block_1_32' title="bbox 57 1547 1664 1584">
    <p class='ocr_par' dir='ltr' id='par_1_32' title="bbox 57 1547 1664 1584">
     <span class='ocr_line' id='line_1_32' title="bbox 57 1547 1664 1584; baseline 0.001 -9"><span class='ocrx_word' id='word_1_415' title='bbox 57 1547 205 1581; x_wconf 80' lang='lat' dir='ltr'><strong>Romanum,</strong></span> <span class='ocrx_word' id='word_1_416' title='bbox 239 1548 434 1584; x_wconf 70' lang='lat' dir='ltr'><strong>Theophylacti</strong></span> <span class='ocrx_word' id='word_1_417' title='bbox 469 1552 622 1582; x_wconf 90' lang='lat' dir='ltr'><strong>temporum</strong></span> <span class='ocrx_word' id='word_1_418' title='bbox 653 1548 753 1576; x_wconf 89' lang='lat' dir='ltr'><strong>nullam</strong></span> <span class='ocrx_word' id='word_1_419' title='bbox 788 1548 852 1576; x_wconf 84' lang='lat' dir='ltr'><strong>facit</strong></span> <span class='ocrx_word' id='word_1_420' title='bbox 881 1549 1059 1575; x_wconf 87' lang='lat' dir='ltr'><strong>mentionem.</strong></span> <span class='ocrx_word' id='word_1_421' title='bbox 1092 1547 1165 1575; x_wconf 82' lang='lat' dir='ltr'><strong>Misit</strong></span> <span class='ocrx_word' id='word_1_422' title='bbox 1192 1548 1224 1574; x_wconf 86' lang='lat' dir='ltr'><strong>ad</strong></span> <span class='ocrx_word' id='word_1_423' title='bbox 1256 1555 1306 1575; x_wconf 84' lang='lat' dir='ltr'><strong>nos</strong></span> <span class='ocrx_word' id='word_1_424' title='bbox 1324 1547 1354 1575; x_wconf 94' lang='lat' dir='ltr'><strong>D.</strong></span> <span class='ocrx_word' id='word_1_425' title='bbox 1372 1548 1491 1576; x_wconf 83' lang='lat' dir='ltr'><strong>Joannes</strong></span> <span class='ocrx_word' id='word_1_426' title='bbox 1511 1549 1664 1577; x_wconf 83' lang='lat' dir='ltr'><strong>Sambucus</strong></span> 
     </span>
    </p>
   </div>
   <div class='ocr_carea' id='block_1_33' title="bbox 57 1595 798 1632">
    <p class='ocr_par' dir='ltr' id='par_1_33' title="bbox 57 1595 798 1631">
     <span class='ocr_line' id='line_1_33' title="bbox 57 1595 798 1631; baseline 0 -9"><span class='ocrx_word' id='word_1_427' title='bbox 57 1596 191 1623; x_wconf 78' lang='lat' dir='ltr'><strong>orationem</strong></span> <span class='ocrx_word' id='word_1_428' title='bbox 207 1596 329 1623; x_wconf 73' lang='lat' dir='ltr'><strong>Graaeam</strong></span> <span class='ocrx_word' id='word_1_429' title='bbox 346 1596 396 1623; x_wconf 91' lang='lat' dir='ltr'><strong>hac</strong></span> <span class='ocrx_word' id='word_1_430' title='bbox 409 1596 587 1631; x_wconf 74' lang='lat' dir='ltr'><strong>inscriptione</strong></span> <span class='ocrx_word' id='word_1_431' title='bbox 604 1605 611 1623; x_wconf 88' lang='lat'>:</span> <span class='ocrx_word' id='word_1_432' title='bbox 628 1595 798 1631; x_wconf 75' lang='grc' dir='ltr'><strong>Θεοφυλάκτο</strong></span> 
     </span>
    </p>
   </div>
   <div class='ocr_carea' id='block_1_34' title="bbox 923 1595 1664 1632">
    <p class='ocr_par' dir='ltr' id='par_1_34' title="bbox 928 1596 1664 1632">
     <span class='ocr_line' id='line_1_34' title="bbox 928 1596 1664 1632; baseline 0.004 -10"><span class='ocrx_word' id='word_1_433' title='bbox 928 1597 968 1628; x_wconf 82' lang='grc' dir='ltr'><strong>εἰς</strong></span> <span class='ocrx_word' id='word_1_434' title='bbox 993 1596 1039 1622; x_wconf 74' lang='grc' dir='ltr'><strong>τὸν</strong></span> <span class='ocrx_word' id='word_1_435' title='bbox 1058 1596 1248 1632; x_wconf 79' lang='grc' dir='ltr'><strong>αὑτοκρατορα</strong></span> <span class='ocrx_word' id='word_1_436' title='bbox 1269 1597 1364 1632; x_wconf 80' lang='grc' dir='ltr'>κύριον</span> <span class='ocrx_word' id='word_1_437' title='bbox 1399 1597 1516 1629; x_wconf 78' lang='grc' dir='ltr'><strong>Ἀλέξων</strong></span> <span class='ocrx_word' id='word_1_438' title='bbox 1543 1598 1589 1624; x_wconf 61' lang='grc' dir='ltr'><strong>τὸν</strong></span> <span class='ocrx_word' id='word_1_439' title='bbox 1613 1599 1664 1625; x_wconf 79' lang='grc' dir='ltr'><strong>Κο-</strong></span> 
     </span>
    </p>
   </div>
   <div class='ocr_carea' id='block_1_35' title="bbox 59 1643 1663 1679">
    <p class='ocr_par' dir='ltr' id='par_1_35' title="bbox 59 1643 1663 1679">
     <span class='ocr_line' id='line_1_35' title="bbox 59 1643 1663 1679; baseline 0 -9"><span class='ocrx_word' id='word_1_440' title='bbox 59 1644 154 1679; x_wconf 78' lang='grc' dir='ltr'><strong>μνηνόν.</strong></span> <span class='ocrx_word' id='word_1_441' title='bbox 169 1643 246 1677; x_wconf 85' lang='lat' dir='ltr'><strong>Quod</strong></span> <span class='ocrx_word' id='word_1_442' title='bbox 261 1645 282 1671; x_wconf 89' lang='lat' dir='ltr'><strong>si</strong></span> <span class='ocrx_word' id='word_1_443' title='bbox 301 1644 324 1672; x_wconf 87' lang='lat' dir='ltr'><strong>is</strong></span> <span class='ocrx_word' id='word_1_444' title='bbox 335 1648 377 1671; x_wconf 88' lang='lat' dir='ltr'><strong>est</strong></span> <span class='ocrx_word' id='word_1_445' title='bbox 397 1649 490 1671; x_wconf 88' lang='lat' dir='ltr'><strong>noster</strong></span> <span class='ocrx_word' id='word_1_446' title='bbox 509 1643 740 1679; x_wconf 81' lang='lat' dir='ltr'><strong>Theophylactus,</strong></span> <span class='ocrx_word' id='word_1_447' title='bbox 751 1651 849 1678; x_wconf 88' lang='lat' dir='ltr'><strong>nempe</strong></span> <span class='ocrx_word' id='word_1_448' title='bbox 861 1643 1086 1678; x_wconf 85' lang='lat' dir='ltr'><strong>archiepiscopus</strong></span> <span class='ocrx_word' id='word_1_449' title='bbox 1104 1643 1247 1678; x_wconf 74' lang='lat' dir='ltr'><strong>Bulgariae,</strong></span> <span class='ocrx_word' id='word_1_450' title='bbox 1262 1644 1318 1678; x_wconf 86' lang='lat' dir='ltr'><strong>jam</strong></span> <span class='ocrx_word' id='word_1_451' title='bbox 1340 1651 1394 1671; x_wconf 91' lang='lat' dir='ltr'><strong>non</strong></span> <span class='ocrx_word' id='word_1_452' title='bbox 1417 1645 1532 1679; x_wconf 89' lang='lat' dir='ltr'><strong>amplius</strong></span> <span class='ocrx_word' id='word_1_453' title='bbox 1552 1644 1663 1672; x_wconf 87' lang='lat' dir='ltr'><strong>dubium</strong></span> 
     </span>
    </p>
   </div>
   <div class='ocr_carea' id='block_1_36' title="bbox 58 1683 1664 1725">
    <p class='ocr_par' dir='ltr' id='par_1_36' title="bbox 58 1683 1664 1725">
     <span class='ocr_line' id='line_1_36' title="bbox 58 1683 1664 1725; baseline 0.001 -10"><span class='ocrx_word' id='word_1_454' title='bbox 58 1696 109 1716; x_wconf 82' lang='lat' dir='ltr'><strong>esse</strong></span> <span class='ocrx_word' id='word_1_455' title='bbox 125 1694 208 1724; x_wconf 81' lang='lat' dir='ltr'><strong>potest</strong></span> <span class='ocrx_word' id='word_1_456' title='bbox 223 1697 278 1725; x_wconf 89' lang='lat' dir='ltr'><strong>quo</strong></span> <span class='ocrx_word' id='word_1_457' title='bbox 291 1693 412 1724; x_wconf 88' lang='lat' dir='ltr'><strong>tempore</strong></span> <span class='ocrx_word' id='word_1_458' title='bbox 424 1683 531 1717; x_wconf 78' lang='lat' dir='ltr'><strong>vixerit.</strong></span> <span class='ocrx_word' id='word_1_459' title='bbox 541 1689 695 1716; x_wconf 86' lang='lat' dir='ltr'><strong>Nihilaliud</strong></span> <span class='ocrx_word' id='word_1_460' title='bbox 711 1696 759 1724; x_wconf 84' lang='lat' dir='ltr'><strong>ego</strong></span> <span class='ocrx_word' id='word_1_461' title='bbox 771 1696 859 1724; x_wconf 87' lang='lat' dir='ltr'><strong>neque</strong></span> <span class='ocrx_word' id='word_1_462' title='bbox 873 1689 907 1716; x_wconf 89' lang='lat' dir='ltr'><strong>de</strong></span> <span class='ocrx_word' id='word_1_463' title='bbox 920 1689 973 1716; x_wconf 89' lang='lat' dir='ltr'><strong>vita</strong></span> <span class='ocrx_word' id='word_1_464' title='bbox 990 1697 1077 1724; x_wconf 90' lang='lat' dir='ltr'><strong>neque</strong></span> <span class='ocrx_word' id='word_1_465' title='bbox 1089 1690 1122 1717; x_wconf 91' lang='lat' dir='ltr'><strong>de</strong></span> <span class='ocrx_word' id='word_1_466' title='bbox 1134 1690 1304 1724; x_wconf 85' lang='lat' dir='ltr'><strong>temporibus</strong></span> <span class='ocrx_word' id='word_1_467' title='bbox 1319 1689 1401 1724; x_wconf 78' lang='lat' dir='ltr'><strong>hujus</strong></span> <span class='ocrx_word' id='word_1_468' title='bbox 1415 1691 1501 1718; x_wconf 86' lang='lat' dir='ltr'><strong>nostri</strong></span> <span class='ocrx_word' id='word_1_469' title='bbox 1520 1690 1664 1724; x_wconf 82' lang='lat' dir='ltr'><strong>Theophy-</strong></span> 
     </span>
    </p>
   </div>
   <div class='ocr_carea' id='block_1_37' title="bbox 60 1736 1664 1773">
    <p class='ocr_par' dir='ltr' id='par_1_37' title="bbox 60 1736 1664 1773">
     <span class='ocr_line' id='line_1_37' title="bbox 60 1736 1664 1773; baseline 0.002 -12"><span class='ocrx_word' id='word_1_470' title='bbox 60 1736 112 1762; x_wconf 80' lang='lat' dir='ltr'><strong>lacti</strong></span> <span class='ocrx_word' id='word_1_471' title='bbox 138 1737 281 1771; x_wconf 85' lang='lat' dir='ltr'><strong>diligenter</strong></span> <span class='ocrx_word' id='word_1_472' title='bbox 298 1737 448 1764; x_wconf 84' lang='lat' dir='ltr'><strong>scrutando</strong></span> <span class='ocrx_word' id='word_1_473' title='bbox 463 1742 545 1772; x_wconf 86' lang='lat' dir='ltr'><strong>atque</strong></span> <span class='ocrx_word' id='word_1_474' title='bbox 559 1737 722 1772; x_wconf 89' lang='lat' dir='ltr'><strong>inquirendo</strong></span> <span class='ocrx_word' id='word_1_475' title='bbox 738 1737 814 1772; x_wconf 91' lang='lat' dir='ltr'><strong>potui</strong></span> <span class='ocrx_word' id='word_1_476' title='bbox 840 1737 973 1764; x_wconf 88' lang='lat' dir='ltr'><strong>invenire.</strong></span> <span class='ocrx_word' id='word_1_477' title='bbox 995 1737 1072 1769; x_wconf 87' lang='lat' dir='ltr'><strong>Quod</strong></span> <span class='ocrx_word' id='word_1_478' title='bbox 1100 1738 1233 1772; x_wconf 88' lang='lat' dir='ltr'><strong>reliquum</strong></span> <span class='ocrx_word' id='word_1_479' title='bbox 1254 1741 1306 1770; x_wconf 88' lang='lat' dir='ltr'><strong>est,</strong></span> <span class='ocrx_word' id='word_1_480' title='bbox 1321 1746 1369 1765; x_wconf 84' lang='lat' dir='ltr'><strong>vos</strong></span> <span class='ocrx_word' id='word_1_481' title='bbox 1386 1738 1466 1765; x_wconf 87' lang='lat' dir='ltr'><strong>etiam</strong></span> <span class='ocrx_word' id='word_1_482' title='bbox 1483 1742 1565 1773; x_wconf 85' lang='lat' dir='ltr'><strong>atque</strong></span> <span class='ocrx_word' id='word_1_483' title='bbox 1582 1739 1664 1765; x_wconf 83' lang='lat' dir='ltr'><strong>etiam</strong></span> 
     </span>
    </p>
   </div>
   <div class='ocr_carea' id='block_1_38' title="bbox 62 1784 1663 1822">
    <p class='ocr_par' dir='ltr' id='par_1_38' title="bbox 62 1784 1663 1822">
     <span class='ocr_line' id='line_1_38' title="bbox 62 1784 1663 1822; baseline 0.002 -11"><span class='ocrx_word' id='word_1_484' title='bbox 62 1792 117 1817; x_wconf 73' lang='lat' dir='ltr'><strong>rogo</strong></span> <span class='ocrx_word' id='word_1_485' title='bbox 132 1792 162 1812; x_wconf 89' lang='lat' dir='ltr'><strong>ac</strong></span> <span class='ocrx_word' id='word_1_486' title='bbox 177 1785 353 1813; x_wconf 79' lang='lat' dir='ltr'><strong>vehementer</strong></span> <span class='ocrx_word' id='word_1_487' title='bbox 370 1789 443 1820; x_wconf 90' lang='lat' dir='ltr'><strong>peto,</strong></span> <span class='ocrx_word' id='word_1_488' title='bbox 457 1789 486 1812; x_wconf 92' lang='lat' dir='ltr'><strong>ut</strong></span> <span class='ocrx_word' id='word_1_489' title='bbox 502 1785 552 1812; x_wconf 89' lang='lat' dir='ltr'><strong>hoc</strong></span> <span class='ocrx_word' id='word_1_490' title='bbox 567 1785 694 1819; x_wconf 81' lang='lat' dir='ltr'><strong>exiguum</strong></span> <span class='ocrx_word' id='word_1_491' title='bbox 717 1788 798 1820; x_wconf 85' lang='lat' dir='ltr'><strong>atque</strong></span> <span class='ocrx_word' id='word_1_492' title='bbox 814 1784 882 1812; x_wconf 86' lang='lat' dir='ltr'><strong>adeo</strong></span> <span class='ocrx_word' id='word_1_493' title='bbox 896 1785 1084 1812; x_wconf 89' lang='lat' dir='ltr'><strong>teuuissinmm</strong></span> <span class='ocrx_word' id='word_1_494' title='bbox 1113 1785 1317 1818; x_wconf 73' lang='lat' dir='ltr'><strong>munusmilum,</strong></span> <span class='ocrx_word' id='word_1_495' title='bbox 1342 1786 1419 1813; x_wconf 90' lang='lat' dir='ltr'><strong>vobis</strong></span> <span class='ocrx_word' id='word_1_496' title='bbox 1443 1786 1507 1813; x_wconf 72' lang='lat' dir='ltr'><strong>licot</strong></span> <span class='ocrx_word' id='word_1_497' title='bbox 1522 1786 1663 1822; x_wconf 84' lang='lat' dir='ltr'><strong>indignum</strong></span> 
     </span>
    </p>
   </div>
   <div class='ocr_carea' id='block_1_39' title="bbox 60 1830 1664 1866">
    <p class='ocr_par' dir='ltr' id='par_1_39' title="bbox 60 1830 1664 1866">
     <span class='ocr_line' id='line_1_39' title="bbox 60 1830 1664 1866; baseline 0.001 -9"><span class='ocrx_word' id='word_1_498' title='bbox 60 1832 196 1866; x_wconf 88' lang='lat' dir='ltr'><strong>vestrisque</strong></span> <span class='ocrx_word' id='word_1_499' title='bbox 215 1833 241 1859; x_wconf 93' lang='lat' dir='ltr'><strong>in</strong></span> <span class='ocrx_word' id='word_1_500' title='bbox 259 1840 302 1860; x_wconf 88' lang='lat' dir='ltr'><strong>me</strong></span> <span class='ocrx_word' id='word_1_501' title='bbox 317 1832 432 1860; x_wconf 86' lang='lat' dir='ltr'><strong>summis</strong></span> <span class='ocrx_word' id='word_1_502' title='bbox 449 1831 588 1859; x_wconf 87' lang='lat' dir='ltr'><strong>beneflciis</strong></span> <span class='ocrx_word' id='word_1_503' title='bbox 601 1839 633 1858; x_wconf 90' lang='lat' dir='ltr'><strong>ac</strong></span> <span class='ocrx_word' id='word_1_504' title='bbox 650 1831 757 1858; x_wconf 89' lang='lat' dir='ltr'><strong>meritis</strong></span> <span class='ocrx_word' id='word_1_505' title='bbox 773 1830 948 1865; x_wconf 77' lang='lat' dir='ltr'><strong>impar,:equi</strong></span> <span class='ocrx_word' id='word_1_506' title='bbox 965 1835 1054 1858; x_wconf 86' lang='lat' dir='ltr'><strong>tamen</strong></span> <span class='ocrx_word' id='word_1_507' title='bbox 1069 1830 1158 1858; x_wconf 87' lang='lat' dir='ltr'><strong>facere</strong></span> <span class='ocrx_word' id='word_1_508' title='bbox 1171 1831 1289 1866; x_wconf 90' lang='lat' dir='ltr'><strong>honique</strong></span> <span class='ocrx_word' id='word_1_509' title='bbox 1303 1832 1456 1862; x_wconf 86' lang='lat' dir='ltr'><strong>consulere,</strong></span> <span class='ocrx_word' id='word_1_510' title='bbox 1469 1836 1495 1859; x_wconf 88' lang='lat' dir='ltr'><strong>et</strong></span> <span class='ocrx_word' id='word_1_511' title='bbox 1511 1838 1539 1858; x_wconf 92' lang='lat' dir='ltr'><strong>nt</strong></span> <span class='ocrx_word' id='word_1_512' title='bbox 1559 1833 1592 1859; x_wconf 92' lang='lat' dir='ltr'><strong>ab</strong></span> <span class='ocrx_word' id='word_1_513' title='bbox 1605 1831 1664 1858; x_wconf 86' lang='lat' dir='ltr'><strong>ani-</strong></span> 
     </span>
    </p>
   </div>
   <div class='ocr_carea' id='block_1_40' title="bbox 60 1876 1664 1913">
    <p class='ocr_par' dir='ltr' id='par_1_40' title="bbox 60 1876 1664 1913">
     <span class='ocr_line' id='line_1_40' title="bbox 60 1876 1664 1913; baseline 0.001 -11"><span class='ocrx_word' id='word_1_514' title='bbox 60 1877 88 1902; x_wconf 90' lang='lat' dir='ltr'><strong>mi</strong></span> <span class='ocrx_word' id='word_1_515' title='bbox 101 1878 282 1906; x_wconf 80' lang='lat' dir='ltr'><strong>benevolentia</strong></span> <span class='ocrx_word' id='word_1_516' title='bbox 297 1883 378 1913; x_wconf 85' lang='lat' dir='ltr'><strong>atque</strong></span> <span class='ocrx_word' id='word_1_517' title='bbox 395 1877 561 1913; x_wconf 87' lang='lat' dir='ltr'><strong>gratitndine</strong></span> <span class='ocrx_word' id='word_1_518' title='bbox 575 1877 740 1912; x_wconf 88' lang='lat' dir='ltr'><strong>profectum,</strong></span> <span class='ocrx_word' id='word_1_519' title='bbox 759 1876 841 1904; x_wconf 85' lang='lat' dir='ltr'><strong>hilari</strong></span> <span class='ocrx_word' id='word_1_520' title='bbox 859 1877 933 1904; x_wconf 85' lang='lat' dir='ltr'><strong>vultu</strong></span> <span class='ocrx_word' id='word_1_521' title='bbox 949 1877 1062 1911; x_wconf 65' lang='lat' dir='ltr'><strong>Imaque</strong></span> <span class='ocrx_word' id='word_1_522' title='bbox 1074 1876 1163 1903; x_wconf 84' lang='lat' dir='ltr'><strong>fronte</strong></span> <span class='ocrx_word' id='word_1_523' title='bbox 1178 1877 1301 1911; x_wconf 89' lang='lat' dir='ltr'><strong>accipere</strong></span> <span class='ocrx_word' id='word_1_524' title='bbox 1317 1877 1417 1904; x_wconf 90' lang='lat' dir='ltr'><strong>velitis.</strong></span> <span class='ocrx_word' id='word_1_525' title='bbox 1436 1877 1491 1904; x_wconf 86' lang='lat' dir='ltr'><strong>lloc</strong></span> <span class='ocrx_word' id='word_1_526' title='bbox 1506 1878 1528 1904; x_wconf 88' lang='lat' dir='ltr'><strong>si</strong></span> <span class='ocrx_word' id='word_1_527' title='bbox 1551 1885 1564 1904; x_wconf 87' lang='lat' dir='ltr'><strong>a</strong></span> <span class='ocrx_word' id='word_1_528' title='bbox 1586 1878 1664 1904; x_wconf 84' lang='lat' dir='ltr'><strong>\obis</strong></span> 
     </span>
    </p>
   </div>
   <div class='ocr_carea' id='block_1_41' title="bbox 59 1921 1664 1958">
    <p class='ocr_par' dir='ltr' id='par_1_41' title="bbox 59 1921 1664 1958">
     <span class='ocr_line' id='line_1_41' title="bbox 59 1921 1664 1958; baseline 0.001 -10"><span class='ocrx_word' id='word_1_529' title='bbox 59 1929 208 1952; x_wconf 72' lang='lat' dir='ltr'><strong>consecutus</strong></span> <span class='ocrx_word' id='word_1_530' title='bbox 234 1924 322 1958; x_wconf 84' lang='lat' dir='ltr'><strong>fuero,</strong></span> <span class='ocrx_word' id='word_1_531' title='bbox 348 1924 457 1952; x_wconf 89' lang='lat' dir='ltr'><strong>abunde</strong></span> <span class='ocrx_word' id='word_1_532' title='bbox 484 1924 550 1951; x_wconf 88' lang='lat' dir='ltr'><strong>satis</strong></span> <span class='ocrx_word' id='word_1_533' title='bbox 577 1929 690 1957; x_wconf 84' lang='lat' dir='ltr'><strong>magnos</strong></span> <span class='ocrx_word' id='word_1_534' title='bbox 718 1923 843 1951; x_wconf 91' lang='lat' dir='ltr'><strong>laborum</strong></span> <span class='ocrx_word' id='word_1_535' title='bbox 872 1930 916 1950; x_wconf 92' lang='lat' dir='ltr'><strong>me</strong></span> <span class='ocrx_word' id='word_1_536' title='bbox 943 1922 1049 1950; x_wconf 79' lang='lat' dir='ltr'><strong>fructus</strong></span> <span class='ocrx_word' id='word_1_537' title='bbox 1073 1922 1180 1956; x_wconf 86' lang='lat' dir='ltr'><strong>cepisse</strong></span> <span class='ocrx_word' id='word_1_538' title='bbox 1207 1921 1382 1951; x_wconf 81' lang='lat' dir='ltr'><strong>existimabo.</strong></span> <span class='ocrx_word' id='word_1_539' title='bbox 1401 1922 1472 1950; x_wconf 81' lang='lat' dir='ltr'><strong>Bene</strong></span> <span class='ocrx_word' id='word_1_540' title='bbox 1488 1923 1583 1956; x_wconf 80' lang='lat' dir='ltr'><strong>valeto,</strong></span> <span class='ocrx_word' id='word_1_541' title='bbox 1613 1924 1664 1951; x_wconf 83' lang='lat' dir='ltr'><strong>viri</strong></span> 
     </span>
    </p>
   </div>
   <div class='ocr_carea' id='block_1_42' title="bbox 60 1972 217 2004">
    <p class='ocr_par' dir='ltr' id='par_1_42' title="bbox 60 1972 217 2004">
     <span class='ocr_line' id='line_1_42' title="bbox 60 1972 217 2004; baseline 0.025 -9"><span class='ocrx_word' id='word_1_542' title='bbox 60 1972 217 2004; x_wconf 79' lang='lat' dir='ltr'><strong>amplissimi.</strong></span> 
     </span>
    </p>
   </div>
   <div class='ocr_carea' id='block_1_43' title="bbox 89 2052 1192 2088">
    <p class='ocr_par' dir='ltr' id='par_1_43' title="bbox 89 2052 1192 2088">
     <span class='ocr_line' id='line_1_43' title="bbox 89 2052 1192 2088; baseline 0.001 -10"><span class='ocrx_word' id='word_1_543' title='bbox 89 2052 120 2079; x_wconf 80' lang='grc' dir='ltr'>Ει</span> <span class='ocrx_word' id='word_1_544' title='bbox 135 2055 300 2082; x_wconf 87' lang='lat' dir='ltr'><strong>monasterio</strong></span> <span class='ocrx_word' id='word_1_545' title='bbox 319 2054 493 2083; x_wconf 87' lang='lat' dir='ltr'><strong>Steiuwcldio</strong></span> <span class='ocrx_word' id='word_1_546' title='bbox 507 2062 544 2082; x_wconf 89' lang='lat' dir='ltr'><strong>xu</strong></span> <span class='ocrx_word' id='word_1_547' title='bbox 561 2054 697 2082; x_wconf 82' lang='lat' dir='ltr'><strong>Kalendas</strong></span> <span class='ocrx_word' id='word_1_548' title='bbox 709 2053 890 2088; x_wconf 61' lang='lat' dir='ltr'><strong>Septembris,</strong></span> <span class='ocrx_word' id='word_1_549' title='bbox 908 2061 981 2080; x_wconf 86' lang='lat' dir='ltr'><strong>anno</strong></span> <span class='ocrx_word' id='word_1_550' title='bbox 994 2052 1099 2080; x_wconf 91' lang='lat' dir='ltr'><strong>Domini</strong></span> <span class='ocrx_word' id='word_1_551' title='bbox 1115 2052 1192 2080; x_wconf 81' lang='lat' dir='ltr'><strong>i567.</strong></span> 
     </span>
    </p>
   </div>
   <div class='ocr_carea' id='block_1_44' title="bbox 62 2253 1663 2294">
    <p class='ocr_par' dir='ltr' id='par_1_44' title="bbox 62 2253 1663 2294">
     <span class='ocr_line' id='line_1_44' title="bbox 62 2253 1663 2294; baseline 0 -8"><span class='ocrx_word' id='word_1_552' title='bbox 62 2256 228 2286; x_wconf 78' lang='lat' dir='ltr'><strong>Clarissimo</strong></span> <span class='ocrx_word' id='word_1_553' title='bbox 245 2255 586 2294; x_wconf 84' lang='lat' dir='ltr'><strong>excellentissimoque</strong></span> <span class='ocrx_word' id='word_1_554' title='bbox 602 2254 684 2290; x_wconf 85' lang='lat' dir='ltr'><strong>viro,</strong></span> <span class='ocrx_word' id='word_1_555' title='bbox 718 2255 753 2294; x_wconf 89' lang='lat' dir='ltr'><strong>D.</strong></span> <span class='ocrx_word' id='word_1_556' title='bbox 779 2253 1092 2294; x_wconf 35' lang='lat' dir='ltr'><strong>JoanniﬁSaunuco,</strong></span> <span class='ocrx_word' id='word_1_557' title='bbox 1110 2255 1287 2290; x_wconf 78' lang='lat' dir='ltr'><strong>Pannonio,</strong></span> <span class='ocrx_word' id='word_1_558' title='bbox 1315 2254 1464 2285; x_wconf 72' lang='lat' dir='ltr'><strong>Cmsareaa</strong></span> <span class='ocrx_word' id='word_1_559' title='bbox 1489 2255 1663 2294; x_wconf 71' lang='lat' dir='ltr'><strong>Majestatis</strong></span> 
     </span>
    </p>
   </div>
   <div class='ocr_carea' id='block_1_45' title="bbox 102 2293 1609 2333">
    <p class='ocr_par' dir='ltr' id='par_1_45' title="bbox 102 2293 1609 2333">
     <span class='ocr_line' id='line_1_45' title="bbox 102 2293 1609 2333; baseline -0.001 -8"><span class='ocrx_word' id='word_1_560' title='bbox 102 2296 219 2326; x_wconf 82' lang='lat' dir='ltr'><strong>medico</strong></span> <span class='ocrx_word' id='word_1_561' title='bbox 237 2298 269 2325; x_wconf 87' lang='lat' dir='ltr'><strong>et</strong></span> <span class='ocrx_word' id='word_1_562' title='bbox 286 2293 557 2333; x_wconf 80' lang='lat' dir='ltr'><strong>historiographo,</strong></span> <span class='ocrx_word' id='word_1_563' title='bbox 573 2293 766 2324; x_wconf 80' lang='lat' dir='ltr'><strong>Laurentius</strong></span> <span class='ocrx_word' id='word_1_564' title='bbox 779 2293 956 2329; x_wconf 78' lang='lat' dir='ltr'><strong>SlFANUS,</strong></span> <span class='ocrx_word' id='word_1_565' title='bbox 975 2293 1213 2331; x_wconf 81' lang='lat' dir='ltr'><strong>Prunsfeldins,</strong></span> <span class='ocrx_word' id='word_1_566' title='bbox 1236 2295 1264 2324; x_wconf 87' lang='lat' dir='ltr'><strong>J.</strong></span> <span class='ocrx_word' id='word_1_567' title='bbox 1282 2294 1317 2324; x_wconf 93' lang='lat' dir='ltr'><strong>U.</strong></span> <span class='ocrx_word' id='word_1_568' title='bbox 1335 2295 1458 2330; x_wconf 87' lang='lat' dir='ltr'><strong>Doctor,</strong></span> <span class='ocrx_word' id='word_1_569' title='bbox 1476 2295 1506 2324; x_wconf 91' lang='lat' dir='ltr'><strong>S.</strong></span> <span class='ocrx_word' id='word_1_570' title='bbox 1523 2293 1554 2324; x_wconf 79' lang='grc' dir='ltr'><strong>Ρ.</strong></span> <span class='ocrx_word' id='word_1_571' title='bbox 1572 2295 1609 2324; x_wconf 86' lang='grc' dir='ltr'><strong>ι).</strong></span> 
     </span>
    </p>
   </div>
   <div class='ocr_carea' id='block_1_46' title="bbox 90 2397 1700 2435">
    <p class='ocr_par' dir='ltr' id='par_1_46' title="bbox 90 2397 1700 2435">
     <span class='ocr_line' id='line_1_46' title="bbox 90 2397 1700 2435; baseline 0.001 -12"><span class='ocrx_word' id='word_1_572' title='bbox 90 2397 121 2423; x_wconf 80' lang='lat' dir='ltr'><strong>En</strong></span> <span class='ocrx_word' id='word_1_573' title='bbox 136 2398 223 2431; x_wconf 83' lang='lat' dir='ltr'><strong>prodit</strong></span> <span class='ocrx_word' id='word_1_574' title='bbox 236 2398 345 2426; x_wconf 89' lang='lat' dir='ltr'><strong>tandem</strong></span> <span class='ocrx_word' id='word_1_575' title='bbox 360 2399 387 2426; x_wconf 94' lang='lat' dir='ltr'><strong>in</strong></span> <span class='ocrx_word' id='word_1_576' title='bbox 399 2400 549 2434; x_wconf 88' lang='lat' dir='ltr'><strong>publicum,</strong></span> <span class='ocrx_word' id='word_1_577' title='bbox 566 2399 608 2427; x_wconf 78' lang='lat' dir='ltr'><strong>vir</strong></span> <span class='ocrx_word' id='word_1_578' title='bbox 618 2399 780 2431; x_wconf 85' lang='lat' dir='ltr'><strong>clarissime,</strong></span> <span class='ocrx_word' id='word_1_579' title='bbox 794 2399 1015 2435; x_wconf 88' lang='lat' dir='ltr'><strong>Theophylactus</strong></span> <span class='ocrx_word' id='word_1_580' title='bbox 1028 2403 1091 2427; x_wconf 88' lang='lat' dir='ltr'><strong>tuus</strong></span> <span class='ocrx_word' id='word_1_581' title='bbox 1113 2399 1225 2427; x_wconf 78' lang='lat' dir='ltr'><strong>Grzeeus</strong></span> <span class='ocrx_word' id='word_1_582' title='bbox 1235 2407 1249 2426; x_wconf 89' lang='lat' dir='ltr'><strong>a</strong></span> <span class='ocrx_word' id='word_1_583' title='bbox 1268 2407 1310 2426; x_wconf 88' lang='lat' dir='ltr'><strong>me</strong></span> <span class='ocrx_word' id='word_1_584' title='bbox 1325 2399 1416 2427; x_wconf 81' lang='lat' dir='ltr'><strong>factus</strong></span> <span class='ocrx_word' id='word_1_585' title='bbox 1439 2399 1572 2427; x_wconf 87' lang='lat' dir='ltr'><strong>Latinus:</strong></span> <span class='ocrx_word' id='word_1_586' title='bbox 1585 2402 1661 2426; x_wconf 88' lang='lat' dir='ltr'><strong>tuum</strong></span> <span class='ocrx_word' id='word_1_587' title='bbox 1697 2412 1700 2416; x_wconf 74' lang='grc' dir='ltr'><strong>ι</strong></span> 
     </span>
    </p>
   </div>
   <div class='ocr_carea' id='block_1_47' title="bbox 63 2441 1661 2481">
    <p class='ocr_par' dir='ltr' id='par_1_47' title="bbox 63 2441 1661 2481">
     <span class='ocr_line' id='line_1_47' title="bbox 63 2441 1661 2481; baseline 0.001 -12"><span class='ocrx_word' id='word_1_588' title='bbox 63 2441 122 2474; x_wconf 84' lang='lat' dir='ltr'><strong>dico,</strong></span> <span class='ocrx_word' id='word_1_589' title='bbox 139 2451 191 2477; x_wconf 89' lang='lat' dir='ltr'><strong>quo</strong></span> <span class='ocrx_word' id='word_1_590' title='bbox 204 2451 374 2476; x_wconf 82' lang='lat' dir='ltr'><strong>careremus,</strong></span> <span class='ocrx_word' id='word_1_591' title='bbox 390 2446 443 2473; x_wconf 88' lang='lat' dir='ltr'><strong>nisi</strong></span> <span class='ocrx_word' id='word_1_592' title='bbox 459 2451 487 2473; x_wconf 93' lang='lat' dir='ltr'><strong>tu</strong></span> <span class='ocrx_word' id='word_1_593' title='bbox 505 2445 577 2480; x_wconf 91' lang='lat' dir='ltr'><strong>quod</strong></span> <span class='ocrx_word' id='word_1_594' title='bbox 592 2445 738 2480; x_wconf 82' lang='lat' dir='ltr'><strong>separatim</strong></span> <span class='ocrx_word' id='word_1_595' title='bbox 752 2445 854 2473; x_wconf 86' lang='lat' dir='ltr'><strong>habere</strong></span> <span class='ocrx_word' id='word_1_596' title='bbox 869 2446 915 2473; x_wconf 91' lang='lat' dir='ltr'><strong>tibi</strong></span> <span class='ocrx_word' id='word_1_597' title='bbox 927 2446 1065 2481; x_wconf 90' lang='lat' dir='ltr'><strong>proprium</strong></span> <span class='ocrx_word' id='word_1_598' title='bbox 1083 2446 1189 2478; x_wconf 76' lang='lat' dir='ltr'><strong>licebat,</strong></span> <span class='ocrx_word' id='word_1_599' title='bbox 1204 2453 1349 2473; x_wconf 88' lang='lat' dir='ltr'><strong>commune</strong></span> <span class='ocrx_word' id='word_1_600' title='bbox 1361 2453 1392 2472; x_wconf 91' lang='lat' dir='ltr'><strong>ac</strong></span> <span class='ocrx_word' id='word_1_601' title='bbox 1409 2445 1544 2480; x_wconf 83' lang='lat' dir='ltr'><strong>publicum</strong></span> <span class='ocrx_word' id='word_1_602' title='bbox 1561 2445 1661 2472; x_wconf 87' lang='lat' dir='ltr'><strong>bonum</strong></span> 
     </span>
    </p>
   </div>
   <div class='ocr_carea' id='block_1_48' title="bbox 65 2491 1662 2529">
    <p class='ocr_par' dir='ltr' id='par_1_48' title="bbox 65 2491 1662 2529">
     <span class='ocr_line' id='line_1_48' title="bbox 65 2491 1662 2529; baseline 0.001 -13"><span class='ocrx_word' id='word_1_603' title='bbox 65 2496 114 2517; x_wconf 77' lang='lat' dir='ltr'><strong>esse</strong></span> <span class='ocrx_word' id='word_1_604' title='bbox 127 2492 278 2520; x_wconf 84' lang='lat' dir='ltr'><strong>maluisses.</strong></span> <span class='ocrx_word' id='word_1_605' title='bbox 296 2492 383 2520; x_wconf 81' lang='lat' dir='ltr'><strong>Causa</strong></span> <span class='ocrx_word' id='word_1_606' title='bbox 399 2500 447 2520; x_wconf 91' lang='lat' dir='ltr'><strong>cur</strong></span> <span class='ocrx_word' id='word_1_607' title='bbox 461 2497 516 2520; x_wconf 89' lang='lat' dir='ltr'><strong>tam</strong></span> <span class='ocrx_word' id='word_1_608' title='bbox 534 2500 596 2520; x_wconf 83' lang='lat' dir='ltr'><strong>sero</strong></span> <span class='ocrx_word' id='word_1_609' title='bbox 619 2493 749 2528; x_wconf 77' lang='lat' dir='ltr'><strong>prodeat,</strong></span> <span class='ocrx_word' id='word_1_610' title='bbox 766 2498 794 2520; x_wconf 91' lang='lat' dir='ltr'><strong>ut</strong></span> <span class='ocrx_word' id='word_1_611' title='bbox 811 2493 893 2520; x_wconf 89' lang='lat' dir='ltr'><strong>ctiam</strong></span> <span class='ocrx_word' id='word_1_612' title='bbox 913 2494 1017 2521; x_wconf 88' lang='lat' dir='ltr'><strong>librarii</strong></span> <span class='ocrx_word' id='word_1_613' title='bbox 1043 2493 1150 2528; x_wconf 89' lang='lat' dir='ltr'><strong>culpam</strong></span> <span class='ocrx_word' id='word_1_614' title='bbox 1168 2494 1297 2529; x_wconf 89' lang='lat' dir='ltr'><strong>recipiam</strong></span> <span class='ocrx_word' id='word_1_615' title='bbox 1320 2495 1346 2520; x_wconf 91' lang='lat' dir='ltr'><strong>in</strong></span> <span class='ocrx_word' id='word_1_616' title='bbox 1365 2502 1417 2525; x_wconf 85' lang='lat' dir='ltr'><strong>me,</strong></span> <span class='ocrx_word' id='word_1_617' title='bbox 1434 2494 1490 2521; x_wconf 65' lang='lat' dir='ltr'><strong>hinc</strong></span> <span class='ocrx_word' id='word_1_618' title='bbox 1516 2497 1567 2524; x_wconf 84' lang='lat' dir='ltr'><strong>est,</strong></span> <span class='ocrx_word' id='word_1_619' title='bbox 1589 2491 1662 2527; x_wconf 87' lang='lat' dir='ltr'><strong>quod</strong></span> 
     </span>
    </p>
   </div>
   <div class='ocr_carea' id='block_1_49' title="bbox 62 2535 1662 2574">
    <p class='ocr_par' dir='ltr' id='par_1_49' title="bbox 62 2535 1662 2574">
     <span class='ocr_line' id='line_1_49' title="bbox 62 2535 1662 2574; baseline 0.002 -12"><span class='ocrx_word' id='word_1_620' title='bbox 62 2535 113 2562; x_wconf 88' lang='lat' dir='ltr'><strong>dum</strong></span> <span class='ocrx_word' id='word_1_621' title='bbox 128 2537 170 2564; x_wconf 90' lang='lat' dir='ltr'><strong>ille</strong></span> <span class='ocrx_word' id='word_1_622' title='bbox 181 2538 214 2565; x_wconf 91' lang='lat' dir='ltr'><strong>de</strong></span> <span class='ocrx_word' id='word_1_623' title='bbox 231 2546 275 2565; x_wconf 91' lang='lat' dir='ltr'><strong>me</strong></span> <span class='ocrx_word' id='word_1_624' title='bbox 291 2537 397 2571; x_wconf 87' lang='lat' dir='ltr'><strong>Latine,</strong></span> <span class='ocrx_word' id='word_1_625' title='bbox 411 2547 461 2574; x_wconf 86' lang='lat' dir='ltr'><strong>ego</strong></span> <span class='ocrx_word' id='word_1_626' title='bbox 472 2539 506 2567; x_wconf 90' lang='lat' dir='ltr'><strong>de</strong></span> <span class='ocrx_word' id='word_1_627' title='bbox 520 2539 567 2567; x_wconf 93' lang='lat' dir='ltr'><strong>illo</strong></span> <span class='ocrx_word' id='word_1_628' title='bbox 600 2539 692 2567; x_wconf 69' lang='lat' dir='ltr'><strong>Graece</strong></span> <span class='ocrx_word' id='word_1_629' title='bbox 708 2539 816 2567; x_wconf 80' lang='lat' dir='ltr'><strong>discere</strong></span> <span class='ocrx_word' id='word_1_630' title='bbox 833 2539 998 2572; x_wconf 88' lang='lat' dir='ltr'><strong>nitebamur,</strong></span> <span class='ocrx_word' id='word_1_631' title='bbox 1013 2539 1059 2567; x_wconf 86' lang='lat' dir='ltr'><strong>ubi</strong></span> <span class='ocrx_word' id='word_1_632' title='bbox 1080 2540 1150 2567; x_wconf 90' lang='lat' dir='ltr'><strong>alter</strong></span> <span class='ocrx_word' id='word_1_633' title='bbox 1169 2542 1284 2566; x_wconf 90' lang='lat' dir='ltr'><strong>alterum</strong></span> <span class='ocrx_word' id='word_1_634' title='bbox 1313 2541 1404 2567; x_wconf 87' lang='lat' dir='ltr'><strong>minus</strong></span> <span class='ocrx_word' id='word_1_635' title='bbox 1435 2539 1662 2574; x_wconf 76' lang='lat' dir='ltr'><strong>intelligebamus,</strong></span> 
     </span>
    </p>
   </div>
   <div class='ocr_carea' id='block_1_50' title="bbox 63 2583 1663 2621">
    <p class='ocr_par' dir='ltr' id='par_1_50' title="bbox 63 2583 1663 2621">
     <span class='ocr_line' id='line_1_50' title="bbox 63 2583 1663 2621; baseline 0.003 -13"><span class='ocrx_word' id='word_1_636' title='bbox 63 2588 113 2609; x_wconf 85' lang='lat' dir='ltr'><strong>cum</strong></span> <span class='ocrx_word' id='word_1_637' title='bbox 125 2583 258 2619; x_wconf 88' lang='lat' dir='ltr'><strong>interpres</strong></span> <span class='ocrx_word' id='word_1_638' title='bbox 272 2585 380 2619; x_wconf 87' lang='lat' dir='ltr'><strong>utrique</strong></span> <span class='ocrx_word' id='word_1_639' title='bbox 396 2584 515 2618; x_wconf 86' lang='lat' dir='ltr'><strong>deesset,</strong></span> <span class='ocrx_word' id='word_1_640' title='bbox 532 2590 613 2621; x_wconf 86' lang='lat' dir='ltr'><strong>atque</strong></span> <span class='ocrx_word' id='word_1_641' title='bbox 627 2585 698 2613; x_wconf 83' lang='lat' dir='ltr'><strong>haud</strong></span> <span class='ocrx_word' id='word_1_642' title='bbox 711 2585 879 2620; x_wconf 87' lang='lat' dir='ltr'><strong>incorruptis</strong></span> <span class='ocrx_word' id='word_1_643' title='bbox 894 2586 1029 2614; x_wconf 84' lang='lat' dir='ltr'><strong>ministris</strong></span> <span class='ocrx_word' id='word_1_644' title='bbox 1045 2590 1196 2618; x_wconf 86' lang='lat' dir='ltr'><strong>uteremur,</strong></span> <span class='ocrx_word' id='word_1_645' title='bbox 1215 2586 1380 2619; x_wconf 75' lang='lat' dir='ltr'><strong>coniecturis</strong></span> <span class='ocrx_word' id='word_1_646' title='bbox 1397 2587 1496 2621; x_wconf 88' lang='lat' dir='ltr'><strong>quibus</strong></span> <span class='ocrx_word' id='word_1_647' title='bbox 1514 2586 1581 2613; x_wconf 86' lang='lat' dir='ltr'><strong>alter</strong></span> <span class='ocrx_word' id='word_1_648' title='bbox 1595 2587 1663 2612; x_wconf 84' lang='lat' dir='ltr'><strong>alte-</strong></span> 
     </span>
    </p>
   </div>
   <div class='ocr_carea' id='block_1_51' title="bbox 64 2626 1662 2667">
    <p class='ocr_par' dir='ltr' id='par_1_51' title="bbox 64 2626 1662 2667">
     <span class='ocr_line' id='line_1_51' title="bbox 64 2626 1662 2667; baseline 0.003 -13"><span class='ocrx_word' id='word_1_649' title='bbox 64 2626 109 2655; x_wconf 85' lang='lat' dir='ltr'><strong>rius</strong></span> <span class='ocrx_word' id='word_1_650' title='bbox 123 2636 199 2656; x_wconf 87' lang='lat' dir='ltr'><strong>scnsa</strong></span> <span class='ocrx_word' id='word_1_651' title='bbox 226 2637 447 2666; x_wconf 88' lang='lat' dir='ltr'><strong>assequeremur,</strong></span> <span class='ocrx_word' id='word_1_652' title='bbox 464 2631 556 2658; x_wconf 81' lang='lat' dir='ltr'><strong>inultis</strong></span> <span class='ocrx_word' id='word_1_653' title='bbox 579 2631 605 2658; x_wconf 94' lang='lat' dir='ltr'><strong>in</strong></span> <span class='ocrx_word' id='word_1_654' title='bbox 628 2630 696 2658; x_wconf 87' lang='lat' dir='ltr'><strong>locis</strong></span> <span class='ocrx_word' id='word_1_655' title='bbox 715 2632 753 2658; x_wconf 88' lang='lat' dir='ltr'><strong>uti</strong></span> <span class='ocrx_word' id='word_1_656' title='bbox 770 2631 916 2659; x_wconf 86' lang='lat' dir='ltr'><strong>habuimus</strong></span> <span class='ocrx_word' id='word_1_657' title='bbox 941 2639 1062 2659; x_wconf 84' lang='lat' dir='ltr'><strong>necesse.</strong></span> <span class='ocrx_word' id='word_1_658' title='bbox 1089 2631 1173 2667; x_wconf 88' lang='lat' dir='ltr'><strong>Cujus</strong></span> <span class='ocrx_word' id='word_1_659' title='bbox 1200 2632 1237 2658; x_wconf 87' lang='lat' dir='ltr'><strong>rei</strong></span> <span class='ocrx_word' id='word_1_660' title='bbox 1261 2632 1391 2666; x_wconf 87' lang='lat' dir='ltr'><strong>quoniam</strong></span> <span class='ocrx_word' id='word_1_661' title='bbox 1408 2633 1481 2659; x_wconf 83' lang='lat' dir='ltr'><strong>clara</strong></span> <span class='ocrx_word' id='word_1_662' title='bbox 1499 2633 1662 2660; x_wconf 79' lang='lat' dir='ltr'><strong>documenta</strong></span> 
     </span>
    </p>
   </div>
   <div class='ocr_carea' id='block_1_52' title="bbox 64 2676 1661 2713">
    <p class='ocr_par' dir='ltr' id='par_1_52' title="bbox 64 2676 1661 2713">
     <span class='ocr_line' id='line_1_52' title="bbox 64 2676 1661 2713; baseline 0.004 -14"><span class='ocrx_word' id='word_1_663' title='bbox 64 2677 147 2701; x_wconf 67' lang='lat' dir='ltr'><strong>suntin</strong></span> <span class='ocrx_word' id='word_1_664' title='bbox 163 2679 302 2712; x_wconf 86' lang='lat' dir='ltr'><strong>promptu,</strong></span> <span class='ocrx_word' id='word_1_665' title='bbox 321 2684 355 2704; x_wconf 90' lang='lat' dir='ltr'><strong>ne</strong></span> <span class='ocrx_word' id='word_1_666' title='bbox 367 2676 460 2711; x_wconf 85' lang='lat' dir='ltr'><strong>inepta</strong></span> <span class='ocrx_word' id='word_1_667' title='bbox 476 2677 632 2712; x_wconf 76' lang='lat' dir='ltr'><strong>prolixitate</strong></span> <span class='ocrx_word' id='word_1_668' title='bbox 644 2678 791 2704; x_wconf 89' lang='lat' dir='ltr'><strong>verborum</strong></span> <span class='ocrx_word' id='word_1_669' title='bbox 810 2677 980 2712; x_wconf 85' lang='lat' dir='ltr'><strong>typographo</strong></span> <span class='ocrx_word' id='word_1_670' title='bbox 996 2677 1133 2704; x_wconf 89' lang='lat' dir='ltr'><strong>festinanti</strong></span> <span class='ocrx_word' id='word_1_671' title='bbox 1149 2677 1199 2704; x_wconf 90' lang='lat' dir='ltr'><strong>sim</strong></span> <span class='ocrx_word' id='word_1_672' title='bbox 1213 2678 1239 2704; x_wconf 93' lang='lat' dir='ltr'><strong>in</strong></span> <span class='ocrx_word' id='word_1_673' title='bbox 1257 2685 1341 2707; x_wconf 86' lang='lat' dir='ltr'><strong>mora.</strong></span> <span class='ocrx_word' id='word_1_674' title='bbox 1357 2682 1381 2704; x_wconf 92' lang='lat' dir='ltr'><strong>te</strong></span> <span class='ocrx_word' id='word_1_675' title='bbox 1392 2678 1472 2704; x_wconf 89' lang='lat' dir='ltr'><strong>etiam</strong></span> <span class='ocrx_word' id='word_1_676' title='bbox 1487 2683 1569 2713; x_wconf 88' lang='lat' dir='ltr'><strong>atque</strong></span> <span class='ocrx_word' id='word_1_677' title='bbox 1579 2680 1661 2705; x_wconf 88' lang='lat' dir='ltr'><strong>etiam</strong></span> 
     </span>
    </p>
   </div>
   <div class='ocr_carea' id='block_1_53' title="bbox 65 2723 1663 2759">
    <p class='ocr_par' dir='ltr' id='par_1_53' title="bbox 65 2723 1663 2759">
     <span class='ocr_line' id='line_1_53' title="bbox 65 2723 1663 2759; baseline 0.003 -11"><span class='ocrx_word' id='word_1_678' title='bbox 65 2725 124 2754; x_wconf 69' lang='lat' dir='ltr'><strong>rogo,</strong></span> <span class='ocrx_word' id='word_1_679' title='bbox 136 2726 164 2749; x_wconf 91' lang='lat' dir='ltr'><strong>ut</strong></span> <span class='ocrx_word' id='word_1_680' title='bbox 180 2723 238 2750; x_wconf 63' lang='lat' dir='ltr'><strong>haec</strong></span> <span class='ocrx_word' id='word_1_681' title='bbox 250 2723 309 2758; x_wconf 85' lang='lat' dir='ltr'><strong>ipsa</strong></span> <span class='ocrx_word' id='word_1_682' title='bbox 324 2730 384 2758; x_wconf 70' lang='lat' dir='ltr'><strong>quae</strong></span> <span class='ocrx_word' id='word_1_683' title='bbox 398 2723 460 2750; x_wconf 75' lang='lat' dir='ltr'><strong>diro</strong></span> <span class='ocrx_word' id='word_1_684' title='bbox 476 2723 637 2750; x_wconf 87' lang='lat' dir='ltr'><strong>doctnnenta</strong></span> <span class='ocrx_word' id='word_1_685' title='bbox 659 2724 810 2751; x_wconf 89' lang='lat' dir='ltr'><strong>scrutando</strong></span> <span class='ocrx_word' id='word_1_686' title='bbox 831 2727 912 2758; x_wconf 88' lang='lat' dir='ltr'><strong>atque</strong></span> <span class='ocrx_word' id='word_1_687' title='bbox 926 2723 1120 2756; x_wconf 72' lang='lat' dir='ltr'><strong>examinanda,</strong></span> <span class='ocrx_word' id='word_1_688' title='bbox 1142 2731 1250 2758; x_wconf 69' lang='lat' dir='ltr'><strong>tequum</strong></span> <span class='ocrx_word' id='word_1_689' title='bbox 1272 2730 1295 2750; x_wconf 88' lang='lat' dir='ltr'><strong>te</strong></span> <span class='ocrx_word' id='word_1_690' title='bbox 1312 2723 1376 2750; x_wconf 91' lang='lat' dir='ltr'><strong>mihi</strong></span> <span class='ocrx_word' id='word_1_691' title='bbox 1388 2723 1508 2757; x_wconf 75' lang='lat' dir='ltr'><strong>judicent</strong></span> <span class='ocrx_word' id='word_1_692' title='bbox 1526 2730 1606 2759; x_wconf 89' lang='lat' dir='ltr'><strong>atque</strong></span> <span class='ocrx_word' id='word_1_693' title='bbox 1622 2725 1663 2752; x_wconf 85' lang='lat' dir='ltr'><strong>fa-</strong></span> 
     </span>
    </p>
   </div>
   <div class='ocr_carea' id='block_1_54' title="bbox 66 2769 1663 2805">
    <p class='ocr_par' dir='ltr' id='par_1_54' title="bbox 66 2769 1663 2805">
     <span class='ocr_line' id='line_1_54' title="bbox 66 2769 1663 2805; baseline 0.001 -12"><span class='ocrx_word' id='word_1_694' title='bbox 66 2772 153 2795; x_wconf 59' lang='lat' dir='ltr'><strong>tentem</strong></span> <span class='ocrx_word' id='word_1_695' title='bbox 166 2769 298 2803; x_wconf 67' lang='lat' dir='ltr'><strong>prmbcre,</strong></span> <span class='ocrx_word' id='word_1_696' title='bbox 313 2772 340 2796; x_wconf 91' lang='lat' dir='ltr'><strong>et</strong></span> <span class='ocrx_word' id='word_1_697' title='bbox 352 2769 432 2797; x_wconf 82' lang='lat' dir='ltr'><strong>istam</strong></span> <span class='ocrx_word' id='word_1_698' title='bbox 450 2776 561 2804; x_wconf 87' lang='lat' dir='ltr'><strong>operam</strong></span> <span class='ocrx_word' id='word_1_699' title='bbox 577 2777 658 2804; x_wconf 85' lang='lat' dir='ltr'><strong>quam</strong></span> <span class='ocrx_word' id='word_1_700' title='bbox 677 2769 790 2804; x_wconf 62' lang='lat' dir='ltr'><strong>praestiti</strong></span> <span class='ocrx_word' id='word_1_701' title='bbox 807 2769 877 2804; x_wconf 68' lang='lat' dir='ltr'><strong>mqui</strong></span> <span class='ocrx_word' id='word_1_702' title='bbox 896 2769 1013 2803; x_wconf 87' lang='lat' dir='ltr'><strong>bonique</strong></span> <span class='ocrx_word' id='word_1_703' title='bbox 1038 2769 1127 2799; x_wconf 81' lang='lat' dir='ltr'><strong>facere</strong></span> <span class='ocrx_word' id='word_1_704' title='bbox 1146 2769 1223 2796; x_wconf 74' lang='lat' dir='ltr'><strong>velis.</strong></span> <span class='ocrx_word' id='word_1_705' title='bbox 1240 2769 1316 2802; x_wconf 87' lang='lat' dir='ltr'><strong>Quod</strong></span> <span class='ocrx_word' id='word_1_706' title='bbox 1330 2769 1463 2803; x_wconf 84' lang='lat' dir='ltr'><strong>reliquum</strong></span> <span class='ocrx_word' id='word_1_707' title='bbox 1477 2773 1531 2802; x_wconf 77' lang='lat' dir='ltr'><strong>est,</strong></span> <span class='ocrx_word' id='word_1_708' title='bbox 1550 2777 1663 2805; x_wconf 74' lang='lat' dir='ltr'><strong>magnas</strong></span> 
     </span>
    </p>
   </div>
   <div class='ocr_carea' id='block_1_55' title="bbox 66 2812 1662 2851">
    <p class='ocr_par' dir='ltr' id='par_1_55' title="bbox 66 2812 1662 2851">
     <span class='ocr_line' id='line_1_55' title="bbox 66 2812 1662 2851; baseline 0.002 -12"><span class='ocrx_word' id='word_1_709' title='bbox 66 2812 134 2842; x_wconf 80' lang='lat' dir='ltr'><strong>Iibiet</strong></span> <span class='ocrx_word' id='word_1_710' title='bbox 148 2814 254 2850; x_wconf 80' lang='lat' dir='ltr'><strong>agimus</strong></span> <span class='ocrx_word' id='word_1_711' title='bbox 269 2817 296 2843; x_wconf 88' lang='lat' dir='ltr'><strong>et</strong></span> <span class='ocrx_word' id='word_1_712' title='bbox 311 2814 444 2843; x_wconf 86' lang='lat' dir='ltr'><strong>habemus</strong></span> <span class='ocrx_word' id='word_1_713' title='bbox 458 2815 572 2851; x_wconf 84' lang='lat' dir='ltr'><strong>gratias,</strong></span> <span class='ocrx_word' id='word_1_714' title='bbox 589 2816 635 2850; x_wconf 90' lang='lat' dir='ltr'><strong>qui</strong></span> <span class='ocrx_word' id='word_1_715' title='bbox 654 2815 727 2843; x_wconf 90' lang='lat' dir='ltr'><strong>istud</strong></span> <span class='ocrx_word' id='word_1_716' title='bbox 744 2816 909 2850; x_wconf 82' lang='lat' dir='ltr'><strong>mancipium</strong></span> <span class='ocrx_word' id='word_1_717' title='bbox 926 2815 1039 2850; x_wconf 79' lang='lat' dir='ltr'><strong>publica:</strong></span> <span class='ocrx_word' id='word_1_718' title='bbox 1055 2815 1181 2843; x_wconf 82' lang='lat' dir='ltr'><strong>utilitatis</strong></span> <span class='ocrx_word' id='word_1_719' title='bbox 1195 2816 1428 2850; x_wconf 71' lang='lat' dir='ltr'><strong>inscrvire,qnam</strong></span> <span class='ocrx_word' id='word_1_720' title='bbox 1442 2815 1512 2842; x_wconf 88' lang='lat' dir='ltr'><strong>domi</strong></span> <span class='ocrx_word' id='word_1_721' title='bbox 1528 2816 1662 2850; x_wconf 78' lang='lat' dir='ltr'><strong>privatum</strong></span> 
     </span>
    </p>
   </div>
  </div>
