1878 3056
53 163 100 196 (9⁵1

529 163 734 194 EXPOSITIO
755 163 794 193 ΙΝ
806 162 901 192 ACTA
916 163 1206 195 APOSTOLORUM.

1630 166 1686 200 408

86 219 124 245 Τὸ
147 218 176 245 δὲ
198 218 280 246 πλέον
311 219 368 246 τῶν
391 220 509 247 ἐνταῦθα
528 221 708 255 ἐγκειμένων,
734 220 830 246 Παύλοι

940 219 1015 247 ’⁸01Το
1029 221 1117 254 major
1129 229 1192 255 pars
1214 228 1323 253 eorum,
1337 229 1397 256 qua:
1422 222 1466 250 hic
1495 221 1683 254 continentur,

55 266 168 301 πράξεις
184 266 238 293 εἰσὶ
251 287 259 298 ,
276 266 324 293 τοῦ
351 267 546 302 περισσότερον
565 268 675 294 πάντων
692 267 842 294 κοπιάσαν-

55 321 107 342 to;
134 312 172 338 Τδ
190 312 219 338 δὲ
241 312 340 343 αἴτιον,
357 313 440 339 αὑτοῦ
457 313 588 348 φοιτητὴς
611 311 644 348 ἦν
663 314 676 339 ὁ
688 313 717 338 τὸ
741 312 842 347 βιϐλίον

55 358 131 384 τοῦτο
150 358 268 392 συνθεξ,
287 359 394 390 Λουκᾶς
412 360 426 386 6
444 358 580 394 μακάριος
594 367 600 374 ⁸
622 355 653 385 οὗ
678 358 727 394 τὴν
743 358 842 394 ἀρετὴν

57 404 226 439 πολλαχόθεν
243 405 294 439 μὲν
311 405 358 431 καὶ
372 404 521 440 ἀλλαχόθεν
537 404 611 448 ἐστιν
632 404 706 431 ίδεῖνθ
725 405 843 437 μάλιστα

56 451 102 484 μὲν
121 451 145 466 ⁵⁵
162 452 196 477 ἐκ
224 450 272 478 τοῦ
299 452 368 486 πρδς
393 451 439 478 τὸν
458 451 620 479 διδάσκαλον
648 451 842 482 ἀδιασπὰστως

56 497 138 531 ἔχειν,
160 497 209 524 καὶ
233 496 277 524 διὰ
295 497 395 529 παντὸς
415 497 491 532 αὐτῷ
522 496 750 532 παρακολουθεῖν.
763 497 798 523 ’⁷0
814 504 844 523 τε

57 542 121 576 γοῦν
148 544 245 578 Δημᾶς
271 543 318 569 καὶ
334 542 503 578 Ἑρμογένης
529 542 610 569 αὐτὸν
627 542 816 576 ὲγκατέλιπον·
831 543 845 568 ὁ

59 589 108 623 μὲν
135 589 176 620 είς
204 588 350 620 Γαλατίαν,
373 589 386 615 ὁ
415 589 444 615 δὲ
468 590 508 620 εἰς
528 588 684 623 Δαλματίαν
708 587 844 615 ἀπελθών.

59 635 204 666 Ἄκουσον,
219 634 245 660 τί
261 642 327 669 φησι
349 633 413 669 περὶ
426 634 521 661 τούτου
539 642 545 648 ·
559 634 666 665 Λουκᾶς
683 635 741 660 ἐστι
765 634 846 669 μόνος

60 681 117 715 μετ’
132 680 213 716 ἐμοῦ,
228 680 283 707 Καὶ
300 680 456 716 Κορινθίοις
470 681 498 707 δὲ
517 680 694 712 ἐπιστέλλων,
712 680 778 716 περὶ
798 680 847 707 αὐ-

60 728 102 754 τοῦ
121 736 214 763 φησιν’
233 726 269 755 Οὗ
287 729 397 760 ἔπαινος
416 729 445 754 ὲν
467 728 506 764 τῷ
522 728 680 763 Εὑαγγελίῳ
695 728 739 755 διὰ
753 728 847 755 πασῶν

60 775 112 800 τῶν
134 774 314 809 Ἐκκλησιῶν.
329 775 384 802 Καὶ
402 775 466 802 ὅταν
485 774 563 811 λέγῃ,
584 775 625 802 ὅτι
645 774 735 810 Ὠῳθη
752 775 845 810 Κηφᾷ,

61 818 117 846 εἶτα
133 821 191 852 τοτς
214 820 327 848 δώδεκα·
343 821 390 848 καὶ
409 821 480 848 κατὰ
500 821 531 847 τὸ
553 821 716 856 Εὐαγγέλιον
732 821 746 847 δ
775 829 847 855 παρ-

61 867 183 898 ελάϐετε,
199 867 230 894 τὸ
245 866 342 894 τούτου
362 866 448 902 λέγει.
466 867 547 893 Ὥστε
565 867 614 893 οὐκ
625 867 658 894 ἄν
672 875 714 899 τις
728 867 846 902 ἁμάρτοι

61 911 108 946 τὴν
130 912 325 947 πραγματείαν
342 912 444 947 ταύτην
473 912 548 947 αὐτῷ
578 911 687 944 ἀναθείς
701 920 708 928 ο
729 912 794 938 ὅταν
819 912 847 938 δὲ

62 958 128 993 εῑςτῳ
138 958 238 992 τούτῳ,
266 957 305 991 τῷ
321 957 430 994 Χριστῶ
441 956 523 991 λέγω.

96 1048 127 1074 Εἰ
156 1047 185 1074 δέ
203 1056 244 1080 τις
268 1047 354 1082 λέγει·
369 1048 424 1075 Καὶ
440 1047 468 1074 τί
491 1047 592 1083 δήποτε
618 1047 679 1084 οὐχὶ
698 1047 784 1075 πάντα
804 1048 850 1075 ἀν-

62 1093 164 1128 έγραψε
189 1093 271 1128 μέχρι
299 1093 393 1125 τέλους
416 1093 455 1120 ὢν
475 1093 535 1129 μετ’
567 1093 670 1127 αὐτοῦς
691 1094 792 1120 Ἐκεῖνο
815 1093 849 1120 ἂν

63 1139 198 1173 εἴποιμεν,
213 1139 254 1165 ὅτι
274 1139 322 1165 καὶ
346 1139 432 1166 ταῦτα
449 1138 586 1174 ἀρκοῦντα
599 1137 633 1175 ἦν
646 1141 703 1171 τοῖς
721 1139 850 1175 βουλομέ-

62 1193 117 1215 νοις
145 1184 302 1220 προσέχειν·
320 1185 367 1211 καὶ
386 1185 428 1212 ὅτι
447 1185 515 1220 πρὸς
532 1185 568 1212 τὰ
590 1185 790 1220 κατεπείγοντα
807 1185 851 1212 ἀεὶ

62 1229 165 1256 ἵστατο·
181 1230 228 1256 καὶ
247 1230 287 1257 ὅτι
309 1230 358 1257 οὐκ
374 1231 403 1257 ὲν
418 1230 456 1266 τῷ
474 1231 655 1268 λογογραφεῖν
673 1229 707 1268 ἦν
723 1232 816 1264 αὐτοῖς
832 1232 849 1268 ἡ

63 1277 177 1312 σπουδή·
191 1277 276 1304 πολλὰ
291 1278 346 1313 γὰρ
362 1279 408 1305 καὶ
426 1278 541 1314 ἀγράφῳ
559 1279 706 1314 παραδόσει
723 1279 849 1316 παρέδωο

62 1333 127 1351 ιον.
139 1325 234 1352 Πάντα
248 1325 298 1360 μὲν
310 1324 357 1353 οὖν
367 1325 430 1358 ἀξια
445 1325 594 1362 θαύματος,
612 1326 646 1353 τὰ
658 1327 687 1353 ὲν
703 1326 742 1362 τῷ
756 1326 851 1362 βιϐλίῳ

62 1369 151 1404 τούτῳ
167 1370 293 1405 κείμεναο
311 1370 429 1406 μάλιστα
449 1371 477 1398 δὲ
497 1371 552 1398 τῶν
571 1371 730 1399 ἀποστόλων
747 1372 763 1407 ὴ
784 1380 850 1406 συγ-

63 1416 230 1448 κατάϐασις,
247 1416 282 1452 ἢν
295 1417 342 1444 καὶ
357 1417 388 1444 τὸ
405 1417 517 1456 Πνεῦμα
535 1418 627 1450 αὐτοῖς
641 1417 773 1452 ὑπέϐαλε,
797 1428 854 1452 παν

66 1462 247 1496 ρασκευάζων
263 1463 361 1494 αὐτοὺς
373 1463 412 1498 τῷ
427 1463 477 1498 τῆς
496 1464 654 1499 οἰκονομίας
670 1465 853 1499 ἐνδιατρίϐειν

63 1508 148 1542 λόγῳ·
162 1509 207 1536 διὰ
229 1509 260 1544 δή
278 1509 368 1542 τοῦτο,
385 1510 505 1538 τοσαῦτα
520 1511 585 1546 περὶ
596 1511 679 1538 αὐτοῦ
697 1511 852 1547 διαλεχθέν-

895 263 970 291 Pauli
987 269 1050 292 sunt
1063 271 1133 298 acta,
1145 265 1191 300 qui
1216 266 1333 301 amplius
1360 273 1442 302 quam
1461 274 1557 295 omnes
1577 268 1685 294 laboru-

894 313 942 341 vit.
955 312 1020 346 Ejus
1034 317 1123 340 autem
1137 313 1175 340 rei
1191 321 1273 340 causa
1298 318 1350 346 est,
1373 314 1446 349 quod
1473 314 1627 349 discipulus
1653 316 1685 341 il—

895 358 948 385 lius
973 363 1031 386 erat
1053 359 1087 390 is,
1106 359 1151 394 qui
1172 359 1247 386 hunc
1269 359 1368 386 librutn
1398 361 1564 394 composuit,
1589 369 1686 396 nempe

896 402 993 430 beatus
1008 402 1096 431 Lucas
1111 409 1119 429 ε
1133 403 1213 437 cujus
1231 402 1318 430 virtus
1332 411 1394 430 cum
1412 411 1444 431 ex
1463 404 1556 431 multis
1575 404 1685 439 quidem

895 449 978 476 rebus
1001 449 1074 482 aliis,
1092 454 1148 476 tum
1166 457 1230 476 vero
1261 450 1379 477 maxime
1390 457 1423 478 ex
1437 457 1481 482 eo,
1501 451 1573 486 quod
1596 458 1611 477 a
1630 459 1686 478 ma-

896 495 982 530 gistro
1004 502 1056 522 non
1073 495 1160 530 potuit
1171 494 1274 527 divelli,
1287 495 1334 523 sed
1361 495 1535 523 continenter
1551 504 1612 524 eum
1642 504 1687 524 as-

896 544 1018 568 sectatus
1031 545 1084 573 est,
1097 540 1182 568 videri
1199 544 1300 575 potest.
1315 539 1383 567 Nam
1401 541 1499 568 Demas
1510 545 1541 568 et‘
1571 541 1687 569 Hermo-

897 594 980 621 grues
987 594 1048 613 eum
1057 586 1248 619 deseruerunt,
1262 586 1306 614 hic
1312 585 1421 621 quidem
1435 586 1461 614 in
1472 586 1685 622 Gallogrzeciam,

897 633 942 660 ille
958 633 984 660 in
1015 632 1175 660 Dalmatiam
1197 632 1347 667 profectus.
1364 632 1435 660 Audi
1467 632 1534 668 quid
1549 633 1631 668 dicat
1652 634 1686 661 de

898 680 970 707 hoc:
987 679 1075 707 Lucas
1093 686 1200 707 mecum
1216 683 1259 706 est
1273 679 1360 706 solus.
1373 679 1462 713 Atque
1482 678 1566 706 etiam
1587 678 1685 706 Corin-

899 725 964 753 thiis
976 725 1099 752 scribens
1114 725 1147 752 de
1157 732 1190 752 eo
1203 724 1270 751 dicit
1287 733 1292 751 :
1308 724 1394 759 Cujus
1422 725 1482 752 laus
1498 730 1540 752 cst
1554 725 1580 752 in
1598 726 1688 752 Evan-

898 771 967 806 gelio
991 779 1039 806 per
1059 778 1155 798 omnes
1182 770 1320 798 Ecclesias
1337 779 1344 797 :
1363 773 1389 797 et
1416 777 1477 798 eum
1494 770 1561 798 dicit
1579 779 1586 797 :
1604 771 1686 799 Visus

898 822 938 844 est
955 816 1062 851 Ccphae,
1087 815 1186 844 deinde
1216 815 1270 843 illis
1295 815 1440 844 duodecim
1458 825 1465 843 :
1482 820 1508 843 et
1535 817 1685 844 secundum

900 861 1073 898 Evangelium
1091 862 1163 897 quod
1197 861 1358 896 accepistis,
1378 861 1460 896 hujus
1476 862 1542 890 dicit
1566 863 1688 898 Evange-

900 909 977 936 lium.
994 908 1088 944 itaque
1105 915 1184 936 nemo
1197 908 1340 939 erraverit,
1358 908 1432 935 hunc
1458 909 1687 936 commentarium

899 955 963 981 huic
977 958 1119 989 acceptum
1151 953 1266 982 ferens:
1288 961 1351 982 cum
1377 958 1480 986 autem,
1514 954 1589 988 huic,
1614 955 1689 987 dico,

898 1000 1010 1028 Christo
1021 1000 1094 1028 dico.
1549 1000 1557 1006 '

935 1047 1012 1080 Quod
1032 1047 1053 1075 si
1077 1047 1140 1082 quis
1155 1047 1227 1075 dicat
1242 1055 1250 1075 ;
1266 1047 1300 1074 Et
1318 1054 1368 1075 cur
1391 1047 1501 1075 tandem
1532 1054 1585 1074 non
1598 1047 1689 1074 omnia

899 1093 996 1121 litteris
1009 1093 1226 1126 mandavit,cum
1239 1101 1326 1128 usque
1334 1093 1367 1120 ad
1383 1093 1462 1121 linem
1475 1097 1547 1120 esset
1561 1101 1613 1120 una
1626 1100 1688 1120 cum

901 1140 1045 1167 illo‘lhuic
1070 1139 1272 1175 responderim,
1293 1139 1366 1174 quod
1381 1139 1462 1167 etiam
1498 1139 1556 1166 haec
1580 1138 1689 1166 abunde

900 1186 969 1214 satis
984 1186 1069 1214 multa
1084 1186 1139 1214 sint
1153 1186 1199 1220 iis,
1213 1187 1260 1222 qui
1278 1186 1422 1213 attendere
1445 1185 1531 1213 velint
1549 1194 1555 1212 :
1576 1189 1603 1213 et
1615 1185 1687 1220 quod

901 1231 935 1260 ad
954 1239 995 1265 ea.
1010 1239 1071 1267 quae
1088 1231 1232 1267 urgebant,
1248 1239 1356 1267 semper
1385 1231 1569 1258 consisterent
1590 1239 1598 1257 :
1613 1230 1688 1265 quod

901 1286 956 1306 non
970 1278 998 1306 in
1011 1278 1089 1306 libris
1103 1277 1258 1306 scribendis
1271 1277 1395 1305 studium
1413 1284 1493 1304 suum
1511 1276 1689 1310 collocarent,

902 1332 964 1352 nam
983 1325 1068 1352 multa
1111 1324 1194 1351 etiam
1210 1323 1270 1362 viva
1293 1331 1369 1355 voce,
1383 1331 1444 1358 qua:
1456 1323 1558 1358 scripta
1571 1330 1625 1349 non
1641 1329 1689 1350 ex-

902 1374 985 1403 stant.
997 1370 1151 1398 tradebant.
1167 1369 1256 1404 Atque
1269 1375 1331 1396 eum
1345 1368 1437 1396 omnia
1456 1368 1578 1403 quidem,
1593 1367 1690 1403 quain

902 1418 955 1446 hoc
983 1417 1052 1445 libro
1076 1417 1264 1448 continentur,
1288 1415 1470 1443 admiratione
1492 1415 1572 1450 digna
1601 1419 1689 1442 sunt:

902 1468 958 1490 tum
975 1470 1040 1490 vero
1056 1462 1173 1489 maxime
1192 1460 1378 1497 apostolorum
1414 1459 1634 1494 συγκατάϐασις,
1663 1458 1690 1487 id

902 1513 953 1540 est,
969 1515 1001 1536 ea
1016 1507 1114 1541 virtus,
1135 1515 1189 1543 qua
1212 1514 1242 1535 se
1258 1506 1503 1535 accommodabant
1520 1506 1552 1533 ad
1569 1510 1693 1540 tempora

64 1563 121 1587 τες,
137 1555 218 1589 ὀλίγα
231 1555 297 1592 περὶ
314 1557 362 1591 τῆς
384 1556 511 1592 θεότητος
536 1557 620 1584 αὑτοῦ
647 1558 787 1594 εἰρήκασι.
812 1559 830 1585 Ἰ

940 1562 990 1590 με
1000 1562 1146 1590 personas,
1160 1558 1186 1581 et
1207 1553 1286 1588 quasi
1302 1560 1356 1580 una
1370 1559 1434 1580 cum
1454 1552 1509 1580 illis
1523 1552 1693 1579 condescen-

65 1601 94 1628 δὲ
123 1601 225 1629 πλέονα
251 1602 316 1637 περὶ
340 1602 389 1638 τῆς
415 1602 655 1639 ἐνανθρωπότητος
684 1604 852 1639 διελέγοντο,

66 1648 174 1675 καὶτοῦ
194 1648 307 1681 πάθους,
324 1650 372 1676 καὶ
386 1649 435 1684 τῆς
451 1650 627 1682 ἀναστάσεως
637 1671 645 1682 ,
661 1651 708 1678 καὶ
724 1651 774 1686 τῆς
792 1651 855 1678 ἀνα-

67 1694 185 1726 ϐάσεως.
205 1695 242 1721 To
261 1695 316 1730 γὰρ
342 1695 510 1731 ζητούμενον
543 1697 623 1730 τέως,
647 1696 727 1724 τοῦτο
755 1694 800 1732 ἦν,
825 1696 855 1724 τὸ

68 1741 250 1775 πιστευθῆναι
273 1741 315 1774 ὅτι
330 1742 442 1777 ἀνέστη,
458 1743 505 1770 καὶ
527 1742 611 1778 ἀνέϐη
628 1743 668 1774 είς
686 1743 750 1775 τοὺς
769 1743 854 1778 οὐρα-

67 1786 142 1818 νοῦς.
157 1786 264 1821 Ὠσπερ
278 1784 325 1814 οὖν
344 1787 426 1819 αὐτος
444 1788 585 1823 ὁΧριστδς
612 1788 729 1823 μάλιστα
746 1789 855 1816 πάντων

68 1832 220 1865 ἐσπούδαζε
233 1833 332 1866 δεῖξαι,
348 1834 388 1860 ὅτι
408 1834 484 1869 παρὰ
502 1833 549 1860 τοῦ
573 1834 679 1869 Πατρὸς
697 1834 774 1870 ἥκει,
785 1834 856 1862 οὕτω

68 1879 116 1904 καὶ
129 1875 219 1910 οὗτος,
245 1879 286 1905 ὃτι
311 1878 428 1915 ἀνέστη,
448 1879 497 1906 καὶ
516 1879 654 1915 ἀνελήφθη
669 1900 676 1912 ,
704 1880 752 1906 καὶ
782 1881 852 1914 πρὸς

68 1926 149 1953 αὐτὸν
166 1926 286 1961 ἀπῆλθε,
303 1927 348 1953 καὶ
367 1927 434 1963 παρ’
449 1927 533 1954 αὑτοῦ
552 1928 677 1962 ἀφίκετο.
694 1928 725 1955 Εἰ
743 1928 797 1964 γὰρ
818 1929 856 1964 μὴ

68 1974 147 2000 τοῦτο
174 1973 323 2009 ἐπιστεύθη
360 1974 516 2009 πρότερον,
548 1974 639 2009 πολλῷ
668 1975 782 2009 μᾶλλον,
805 1975 855 2009 τῆς

68 2019 230 2055 προσθήκης
251 2020 414 2055 γενομένης,
430 2020 481 2056 τῆς
501 2020 572 2047 κατὰ
585 2021 636 2055 τὴν
647 2020 796 2048 ἀνάστασιν
810 2021 857 2048 καὶ

68 2065 116 2101 τὴν
124 2066 273 2101 ἀνάληψιν,
286 2067 400 2094 ἄπιστον
417 2067 491 2095 ἅπαν
504 2066 534 2093 τὸ
548 2067 637 2102 δόγμα
647 2067 703 2098 τοῖς
720 2066 857 2100 Ἰουδαίοις

69 2113 156 2146 ἔδοξεν
171 2111 254 2140 εἶναι.
272 2113 317 2140 Διδ
330 2114 422 2149 ἡρέμα
442 2114 487 2141 καὶ
500 2114 570 2140 κατὰ
581 2113 680 2148 μικρὸν
695 2113 794 2145 αὐτοὺς
811 2114 858 2140 ἐπὶ

27 2184 32 2189 ,
68 2159 101 2185 τὰ
116 2159 276 2195 ὑψηλότερα
292 2159 399 2194 ἀνάγει·
415 2160 445 2187 ἐν
462 2159 490 2186 δὲ
506 2159 632 2195 Ἀθήναις
649 2160 697 2186 καὶ
714 2159 857 2195 ἄνθρωπον

69 2205 147 2232 αὑτὸν
158 2205 255 2237 ἁπλῶς
280 2207 294 2232 ὁ
319 2205 425 2238 Παῦλος
442 2207 537 2238 καλεῖ,
556 2206 633 2233 οὐδὲν
657 2206 738 2232 πλέον
759 2206 855 2239 εἰπὼν,

68 2253 191 2283 εἰκότως.
224 2252 253 2279 Εἰ
279 2252 332 2287 γὰρ
355 2252 436 2279 αὐτὸν
455 2252 500 2279 τὸν
517 2253 645 2288 Χριστὸν.
665 2252 858 2288 διαλεγόμενον

69 2298 130 2332 περὶ
146 2299 200 2333 τῆς
212 2298 254 2330 είς
268 2298 314 2325 τὸν
334 2299 444 2334 Πατέρα
461 2298 715 2333 ίσότητος,’λιθάσαι
729 2298 858 2330 πολλάκις

69 2343 262 2378 ἐπεχείρησαν,
283 2343 331 2370 καὶ
362 2344 524 2378 βλάσφημον
549 2343 594 2370 διὰ
626 2343 706 2370 τοῦτο
727 2344 858 2371 ὲκὰλουν.²

68 2389 151 2424 Σχολῇ
171 2388 239 2422 γοῦν
260 2389 336 2424 παρὰ
360 2389 414 2415 τῶν
426 2389 524 2417 ἁλιέων
538 2388 633 2416 τοῦτον
648 2388 694 2415 τὸν
709 2389 786 2422 λόγον
801 2389 858 2416 ἐδέ-

70 2434 157 2467 ξαντο,
178 2434 324 2461 καὶταῦτα
340 2434 387 2461 τοῦ
403 2434 523 2469 σταυροῦ
542 2434 784 2469 προχωρήσαντος.

69 2479 169 2507 l‘aulus
194 2481 276 2507 etiam
308 2480 470 2515 simpliciter
501 2479 639 2508 hominem
680 2483 769 2512 vocat,
796 2479 871 2507 nulla

70 2527 156 2562 ipsum
177 2527 261 2555 verba
284 2527 429 2555 facientem
451 2527 484 2555 de
503 2535 552 2555 sua
567 2534 629 2554 cum
654 2528 734 2556 Patre
757 2527 913 2561 aequalitate
935 2523 1049 2559 parique
1081 2519 1248 2551 conditione,

905 1601 1006 1629 debant
1018 1608 1050 1629 ac
1067 1608 1127 1629 sese
1138 1600 1338 1628 demittebant:
1357 1606 1439 1634 quam
1460 1599 1589 1626 virtutem
1607 1597 1694 1629 Spiri-

905 1652 951 1676 tus
964 1647 1005 1675 eis
1029 1646 1203 1682 suggerebat,
1224 1650 1303 1681 aptos
1325 1649 1353 1672 et
1378 1645 1491 1672 idoneos
1507 1651 1555 1672 eos
1573 1643 1693 1671 elilciens

906 1695 939 1722 ad
953 1693 1015 1726 hoc,
1029 1699 1059 1721 ut
1069 1692 1258 1721 incumberent
1273 1692 1300 1719 in
1313 1691 1446 1718 rationem
1462 1690 1652 1726 dispositionis
1667 1693 1695 1717 ει

906 1739 1167 1767 administrationis.
1190 1737 1295 1766 Idcirco
1315 1737 1443 1764 nimirum
1470 1741 1525 1764 tant
1550 1736 1636 1763 multa
1660 1735 1694 1764 de

906 1787 1016 1816 Christo
1029 1787 1123 1818 locuti.
1145 1793 1230 1820 pauca
1244 1785 1278 1813 de
1298 1784 1444 1812 divinitate
1462 1784 1522 1818 ejus
1542 1783 1693 1810 dixerunt:

906 1833 1038 1868 majorem
1077 1836 1168 1860 autem
1196 1835 1299 1866 partem
1330 1829 1365 1858 de
1394 1830 1635 1857 humanaenaturae
1652 1835 1696 1855 as-

906 1879 1073 1914 sumptione,
1084 1879 1118 1906 de
1134 1877 1272 1913 passione,
1285 1877 1320 1904 de
1337 1876 1542 1904 resurrectione
1557 1879 1585 1903 et
1598 1881 1696 1902 ascen-

907 1925 985 1953 sione
998 1924 1189 1959 l0quebantur.
1215 1922 1283 1950 Nam
1298 1922 1350 1950 hoc
1369 1926 1438 1954 erat,
1452 1921 1526 1956 quod
1558 1925 1623 1947 tunc
1641 1919 1695 1946 ini-

907 1970 946 1998 tio
966 1969 1168 2004 requirebatur,
1183 1971 1214 1996 ut
1233 1967 1392 1995 crederetur
1417 1966 1602 1994 resurrexisse
1617 1970 1645 1993 et
1667 1965 1694 1992 in

907 2015 993 2043 caelos
1006 2014 1174 2043 ascendisse.
1187 2012 1422 2047 Quemadmodum
1438 2012 1520 2046 igitur
1534 2011 1592 2046 ipse
1615 2010 1696 2037 Chri-

908 2065 970 2088 stus
981 2061 1103 2088 omnium
1116 2059 1235 2086 maxime
1246 2058 1375 2086 studebat
1387 2057 1541 2089 ostendere,
1553 2063 1582 2084 se
1590 2064 1604 2082 a
1617 2056 1696 2084 Patre

908 2107 1002 2134 venire
1019 2115 1024 2132 :
1043 2105 1085 2133 sic
1097 2105 1179 2133 etiam
1198 2104 1242 2131 hic
1261 2104 1451 2132 demonstrare
1469 2102 1495 2138 3
1509 2105 1694 2130 cottatureum

909 2152 1093 2180 resurrexisse
1101 2155 1128 2179 et
1137 2155 1311 2184 assumptum
1321 2157 1393 2183 esse.
1404 2153 1431 2176 et
1446 2149 1479 2177 ad
1495 2149 1568 2176 illum
1583 2147 1696 2179 abiisse,

909 2205 936 2227 et
948 2199 983 2227 ab
1000 2198 1046 2226 illo
1063 2199 1183 2226 venisse.
1207 2196 1266 2224 Nisi
1282 2196 1354 2225 enim
1372 2196 1439 2224 illud
1466 2196 1542 2231 prius
1561 2193 1696 2223 creditum

912 2246 1020 2279 fui5set,
1035 2246 1122 2284 multo
1135 2244 1221 2280 magis
1233 2243 1386 2279 adjectione
1399 2243 1474 2270 laeta
1488 2249 1581 2270 earum
1593 2247 1695 2273 rerum,

906 2301 969 2329 quae
981 2292 1054 2320 circa
1072 2290 1302 2319 resurrectionem
1326 2293 1353 2317 et
1364 2289 1587 2329 assumptiouem
1623 2287 1697 2314 acci-

907 2326 1018 2370 derunt,
1040 2336 1210 2366 incredibilis
1222 2343 1284 2364 esse
1313 2326 1380 2362 ﬁdei»
1409 2335 1538 2361 universa
1571 2333 1695 2360 doctrina

906 2383 1008 2412 Judaeis
1024 2383 1083 2411 visa
1101 2382 1218 2410 fuisset:
1233 2379 1408 2416 quamobrem
1422 2379 1524 2406 sensim
1550 2385 1583 2405 ac
1600 2377 1697 2411 paula-

908 2432 956 2459 titn
975 2437 1023 2458 eos
1051 2429 1086 2456 ad
1105 2428 1203 2455 altiora
1224 2426 1360 2459 subducit,
1380 2430 1462 2460 atque
1490 2424 1606 2452 Athenis
1620 2423 1696 2450 illum

908 2486 938 2506 re
962 2475 1081 2511 amplius
1105 2474 1223 2508 adjecta,
1248 2480 1281 2501 ac
1298 2471 1406 2499 merito.
1421 2470 1488 2497 Nam
1517 2469 1539 2498 si
1555 2470 1694 2498 Christum

1292 2517 1428 2552 lapidibus
1456 2517 1575 2544 obruere
1610 2524 1696 2551 smpe-

70 2583 185 2603 numero
214 2580 399 2608 tentaveruut,
424 2580 451 2602 et
467 2575 667 2610 blasphemum,
683 2575 709 2602 id
734 2579 787 2607 est,
805 2575 877 2601 laesae
890 2570 1042 2607 maiestatis
1063 2568 1163 2596 divinae
1174 2573 1262 2599 reum,
1282 2565 1383 2593 idcirco
1398 2565 1536 2592 vocabant
1550 2572 1558 2590 :
1574 2563 1698 2599 profecto

70 2622 110 2648 vix
130 2629 191 2648 eam
213 2622 363 2649 orationem
394 2621 578 2658 piscatoribus
593 2621 796 2656 proferentibus
815 2621 988 2656 probassent,
1007 2614 1158 2653 praesertim
1173 2621 1234 2642 cum
1255 2620 1323 2640 crux
1337 2613 1535 2646 preceSsisset.

102 2670 159 2696 Καὶ
172 2668 199 2695 τί
221 2669 262 2694 δεῖ
274 2668 364 2702 λέγειν
378 2669 440 2699 τοὺς
457 2668 615 2701 Ἰουδαίους,
636 2668 703 2694 ὅπου
721 2668 767 2694 καὶ
779 2667 856 2694 αὐτοὶ

70 2714 199 2744 πολλάκις
212 2713 236 2740 οι
254 2712 374 2748 μαθηταὶ
383 2712 437 2739 τῶν
448 2712 623 2748 ὑψηλοτέρων
633 2711 778 2743 ἀκούοντες
792 2711 854 2746 δογ-
881 2745 883 2747 η

73 2760 175 2794 μάτων,
190 2759 371 2794 ἐθορυϐοῦντο
386 2759 433 2786 καὶ
450 2757 676 2790 ἐσκανδαλίζοντο
689 2766 696 2791 ;
713 2758 763 2784 Διὰ
778 2757 858 2784 τοῦτο

946 2665 977 2692 Et
993 2663 1060 2699 quid
1076 2662 1172 2689 attinet
1185 2660 1278 2688 dicere
1295 2659 1329 2687 de
1341 2657 1444 2686 Judmis
1454 2658 1466 2685 ?
1477 2657 1696 2692 quandoquidem

911 2711 993 2739 etiam
1008 2710 1059 2745 ipsi
1076 2714 1264 2744 swpenumero
1275 2705 1405 2741 discipuli
1421 2705 1454 2732 de
1471 2704 1615 2732 altioribus
1632 2712 1698 2732 sen-

910 2757 1003 2785 tentiis
1018 2757 1172 2791 loquentem
1189 2753 1329 2782 Christum
1362 2751 1517 2785 audientes,
1548 2751 1698 2781 turbaban-

687 2827 788 2859 νοτία)
802 2826 957 2858 lectiones
972 2828 1003 2857 ct
1014 2827 1110 2856 notua.

108 2892 129 2908 "
144 2893 237 2927 μέντοι
252 2893 296 2919 la.
