1878 3056
187 119 235 150 503

623 124 673 154 ΤΙΙ
679 126 910 159 EOPIIYLACTI
931 131 1137 163 BULGARIIE
1152 135 1327 167 ARCHIEP.

1759 143 1815 174 ἱνα

186 178 288 207 idcirco
301 179 394 209 multis
406 181 432 209 iu
447 181 515 210 locis
531 184 720 218 evangelistm,
733 193 764 212 ac
778 194 966 222 saepenumero
979 192 1004 221 Α
1017 192 1058 219 τοί

1056 192 1095 219 iro
1106 193 1240 229 πολλαχοῦ
1259 195 1283 221 ot
1301 195 1494 230 εὑαγγελιτταὶ
1518 197 1565 224 καὶ
1578 198 1709 230 πολλάκις
1724 198 1816 233 δῆμον

186 231 255 252 totas
271 230 396 256 catervas
410 235 515 260 eorum,
547 229 593 264 qui
612 231 700 257 sanati
734 231 856 265 fuerunt,
886 234 970 262 silen-

187 272 225 298 tio
242 273 463 305 prmtermittunt,
486 281 517 301 ac
531 275 615 302 multa
644 276 777 305 miracula
806 283 969 308 transeunt:

185 320 376 346 tantummodo
392 319 590 356 signiﬁcantes,
615 323 717 351 mullos
733 332 747 351 a
766 325 849 353 variis
869 327 970 355 morbis

186 364 326 398 Lberatos,
350 370 376 392 et
391 366 476 394 multa
505 367 575 394 [επις]
594 375 654 397 esse
672 371 815 404 miracula,
833 377 858 399 et
873 373 970 408 hujus-

185 410 268 442 modi,
288 411 473 439 narrationem
489 417 578 441 autem
596 422 650 442 non
675 423 825 452 exponunt.
848 418 969 447 Plurinm

183 455 253 483 enim
286 457 461 492 partieularis
480 461 601 488 narratio
619 456 817 491 crassioribus‘
829 469 857 492 et
876 473 971 494 errore

182 502 392 536 praeoccupatis,
425 503 646 533 incredulitatem
662 508 752 541 potius
767 513 850 543 atque
863 509 970 538 detrec-

183 546 312 575 tationem
341 553 367 575 et
396 551 594 579 aversationem
627 553 854 587 auscultatiouis,
887 564 969 591 quam

183 593 263 620 iidem
280 597 306 621 et
322 594 491 623 alacritatem
508 597 539 624 ad
555 598 762 627 auscultandum
775 600 844 628 solet
861 602 971 637 ingene-

182 646 254 666 l'ill'C.

218 685 285 717 Qum
294 685 374 714 Iesus
391 689 470 722 coepit
486 693 540 715 tam
559 689 655 724 furere,
665 699 745 726 quam
760 691 864 720 docere.

218 731 348 759 Miracula
361 737 442 768 atque
457 734 610 762 doctrinam
637 736 704 764 dicit
716 745 732 776 ε,
746 745 801 765 non
822 739 910 766 solum
921 747 970 767 au-

182 781 236 804 tem
271 778 333 810 hoc,
361 787 456 807 verum
485 781 577 813 etiam,
605 782 677 817 quod
700 781 827 812 iaciendo
849 785 969 814 doceret.

181 821 239 850 Non
266 824 337 851 enim
353 825 444 853 verbis
467 826 576 861 quidem
595 827 752 858 hominibus
771 831 927 864 mandabat,
941 837 971 860 ut

182 868 314 901 facerent,
333 870 392 905 ipse
405 878 468 898 vero
485 879 539 898 non
557 872 687 906 faciebat,
716 874 762 902 sed
779 883 826 910 per
836 883 879 908 ea,
908 885 969 912 qua:
986 865 1006 891 Β

181 915 240 948 ipse
257 914 384 949 iaciebat,
402 916 484 943 etiam
501 917 627 946 homines
641 920 815 953 admonebat,
831 925 860 949 ut
872 922 904 948 ad
926 923 968 950 sui

183 960 365 988 imitationem
383 966 409 989 et
423 963 544 990 studium
566 964 678 993 virtutis
694 974 754 994 sese
778 967 968 997 transferrent.

182 1004 330 1034 Sciendum
346 1011 388 1036 est
404 1012 496 1036 autem
510 1009 689 1046 Theophilum
712 1021 796 1040 unum
825 1013 912 1043 fuisse
937 1015 970 1043 de

182 1059 297 1080 numero
327 1054 445 1089 piorum,
476 1055 520 1089 qui
545 1056 579 1084 ab
597 1057 657 1092 ipso
682 1057 755 1086 Luca
781 1059 814 1086 ad
841 1060 969 1094 pietatem

181 1102 260 1125 erant
273 1099 401 1127 instituti.
423 1101 461 1128 Ac
479 1109 514 1130 ne
542 1103 661 1137 mireris,
694 1105 716 1132 si
745 1105 826 1133 unius
851 1106 970 1135 hominis

181 1144 268 1187 gratia
286 1145 353 1173 adeo
365 1146 504 1176 sollicitus
520 1148 582 1183 fuit,
598 1157 716 1185 eumque
731 1151 798 1178 tanti
810 1151 838 1187 6
852 1151 926 1185 fecit,
941 1157 970 1180 ut

179 1181 300 1226 integros
326 1191 410 1221 libros
430 1197 512 1229 atque
526 1181 658 1223 tractatus
670 1181 971 1226 -scriberet.'Servabat

182 1236 259 1267 enim.
273 1236 446 1266 Dominicam
464 1248 570 1274 vocem,
588 1250 648 1277 qna‘
664 1242 730 1270 dicit
748 1253 754 1270 :
774 1243 831 1271 Non
849 1248 891 1272 est
921 1253 970 1273 vo-

182 1281 276 1310 luntas
305 1283 395 1313 Patris
421 1286 485 1319 mei,
517 1291 545 1314 nt
561 1293 655 1323 pereat
677 1297 748 1318 unus
761 1291 795 1318 de
812 1292 904 1326 parvis
914 1291 968 1320 his.

182 1328 235 1356 Sed
253 1338 303 1357 cur
319 1331 366 1358 uni
396 1339 458 1359 eum
484 1333 615 1362 scriberet
629 1335 791 1371 TheOphiIo,
805 1345 858 1365 non
884 1346 968 1366 unum

180 1375 281 1402 librum
298 1375 372 1409 fecit,
390 1377 437 1405 sed
454 1378 481 1405 in
492 1378 562 1407 duas
573 1384 666 1415 partes
677 1381 771 1410 divisit
781 1389 941 1418 argumenta
958 1384 969 1411 ?

181 1420 299 1456 Propter
311 1422 551 1457 perspicuitatem,
564 1429 591 1452 et
605 1429 635 1452 ut
649 1427 775 1455 reﬁceret
804 1429 967 1462 auditorem,

181 1473 265 1502 atque
277 1468 360 1495 etiam
373 1473 535 1503 argumento
552 1470 633 1499 divisi
654 1476 787 1501 tractatus
803 1479 892 1508 erant,
917 1475 968 1502 ita-

1022 238 1083 266 ὅλον
1097 240 1226 267 ῑαθέντων
1240 242 1455 277 παρατρέχουσι,
1469 244 1516 271 καὶ
1531 245 1619 272 πολλὰ
1632 245 1686 272 τῶν
1700 246 1813 281 Θαυμα-

1021 285 1221 320 τουργημάτων
1237 287 1442 321 ὑπερϐαίνουσι,
1456 290 1536 324 μόνον
1552 291 1814 326 ἐπισημαινόμενοῐ.

1021 330 1062 357 ὅτι
1082 331 1173 358 πολλοὶ
1191 332 1223 359 ὲκ
1249 333 1379 360 ποικίλων
1407 334 1502 361 παθῶν
1523 337 1740 372 ἀπηλλάγησαν
1763 339 1815 364 καὶ

1022 375 1107 402 πολλὰ
1124 376 1247 410 ἐγένοντο
1262 377 1398 413 θαύματα,
1418 380 1466 406 καὶ
1477 381 1600 408 τοιαῦτα·
1609 382 1657 417 τὴν
1667 382 1695 408 δὲ
1706 382 1815 417 ἐξήγη-

1022 430 1064 449 σιν
1078 423 1108 448 οὺ
1125 423 1274 450 ποιοῦνται.
1296 424 1357 450 Τῶν
1377 425 1432 460 γὰρ
1449 427 1583 454 πλειόνων
1598 429 1614 462 ἡ
1635 429 1706 455 κατὰ
1724 429 1813 464 μέρος

1022 469 1147 504 διήγησις
1158 471 1214 501 τοῖς
1233 470 1394 506 παχυτέροις
1408 472 1454 499 καὶ
1465 474 1498 508 τῇ
1515 473 1603 509 πλάνῃ
1619 483 1815 511 προκατεσχη-

1023 514 1123 549 μένοις,
1152 516 1280 543 ἀπιστίαν
1302 517 1402 552 μᾶλλον
1416 519 1462 545 καὶ
1480 519 1560 546 ὄκνον
1572 519 1622 555 τῆς
1639 521 1814 557 ἀκροάσεως,

1022 561 1038 596 ἢ
1056 561 1147 588 πίστιν
1169 563 1217 589 καὶ
1241 563 1397 599 προθυμίαν
1411 565 1450 598 είς
1473 565 1522 601 τὴν
1535 567 1669 603 ἀκρόασιν
1684 568 1816 602 ἐμποιεῖν

1022 607 1125 635 εἴωθεν.

1057 695 1112 724 Ὧν
1125 697 1237 732 ἤρξατο
1253 700 1269 726 ό
1287 700 1402 733 Ἰησοῦς
1415 700 1512 727 ποιεῖν
1524 709 1556 728 τε
1575 701 1624 728 καὶ
1641 700 1814 729 διδάσκειν.

1057 742 1097 768 Τὰ
1113 742 1239 778 Θαύματα
1255 744 1301 770 καὶ
1314 745 1363 776 τὰς
1380 745 1554 778 διδασκαλίας
1567 746 1649 781 φησίν
1664 755 1672 762 ’
1684 747 1715 773 οὗ
1729 747 1814 773 τοῦτο

1021 788 1049 815 δὲ
1074 789 1154 823 μόνον
1167 810 1174 821 ,
1192 789 1249 816 ἀλλ’
1267 790 1307 817 ὄτι
1323 791 1371 818 καὶ
1392 792 1421 818 ὲν
1435 790 1474 826 τῷ
1500 793 1586 818 ποιεῖν
1601 792 1744 818 ἐδίδασκεν
1755 801 1762 807 ·
1780 793 1814 818 οὐ

1022 834 1076 869 γὰρ
1103 834 1175 870 λόγῳ
1198 835 1247 870 μὲν
1274 836 1409 872 ἐπέτρεπε
1433 838 1490 869 τοῖς
1517 837 1606 870 ἄλλοις
1620 838 1642 854 ⁸⁸
1665 839 1815 873 πράττειν.

1023 880 1104 912 αὐτὸς
1117 881 1147 907 δὲ
1161 881 1210 908 οὐκ
1227 881 1363 916 ἔπραττεν
1375 902 1383 915 ,
1398 883 1467 910 ἀλλὰ
1479 883 1513 910 δι’
1526 880 1563 910 ὦν
1575 884 1656 915 αὐτὸς
1679 884 1816 919 ἔπραττε,

1021 927 1064 953 διὰ
1082 927 1184 954 τούτων
1195 928 1309 963 παρῄνει
1325 929 1372 956 καὶ
1386 930 1449 961 τοὺς
1463 929 1623 964 ἀνθρώπους
1638 931 1678 962 sl;
1693 930 1816 965 μίμησιν

1021 973 1118 999 ἑαυτοῦ
1134 974 1180 1000 καὶ
1192 975 1294 1010 ἀρετῆς
1306 975 1467 1010 ἐπιμέλειαν
1484 976 1689 1011 μετατίθεσθαι.
1709 977 1814 1004 Ίστέον

1021 1018 1049 1045 δὲ
1067 1019 1108 1046 ὅτι
1126 1018 1278 1054 όΘεόφι).ος
1309 1018 1349 1053 εἷς
1376 1019 1410 1057 ἦν
1428 1022 1482 1048 Ιιῶν
1508 1021 1639 1054 εὐσεϐῶν,
1656 1022 1711 1049 τῶν
1724 1031 1815 1058 κατη-

1021 1063 1158 1099 χηθέντων
1166 1065 1304 1092 ὑπἀὐτοῦ
1319 1067 1367 1101 τὴν
1378 1066 1530 1094 εὐσέϐειαν.
1545 1067 1600 1093 Καὶ
1610 1067 1647 1102 μὴ
1662 1067 1815 1103 θαυμάσῃς

1021 1111 1045 1137 ει
1057 1111 1151 1138 ἕνεκεν
1165 1111 1261 1146 ἀνδρὸς
1271 1112 1330 1144 ἑνὸς
1340 1113 1475 1148 τοσαύτην
1486 1114 1615 1149 φροντίδα
1628 1115 1812 1146 κατεϐάλετο,

1020 1156 1057 1189 ὡς
1072 1157 1118 1184 δύο
1133 1157 1206 1193 αὖτῷ
1221 1158 1325 1193 γράψει
1350 1160 1542 1196 πραγματείας
1563 1161 1744 1196 ὁλοκλήρους·
1767 1162 1815 1187 καὶ

1021 1203 1076 1238 γὰρ
1090 1203 1177 1238 φύλαξ
1187 1202 1221 1240 ἦν
1235 1205 1285 1238 τῆς
1296 1206 1464 1241 Δεσποπτικῆς
1475 1206 1577 1241 φωνῆς,
1592 1207 1642 1241 τῆς
1655 1207 1792 1242 λεγοὺτης
1807 1216 1814 1223 ·

1022 1250 1080 1276 Οὐκ
1100 1249 1158 1276 ἐστι
1175 1250 1282 1285 θέλημα
1296 1251 1343 1277 τοῦ
1355 1251 1461 1286 Πατρός
1479 1260 1540 1287 μου,
1557 1253 1600 1279 ha.
1614 1253 1754 1288 ἀπόληται
1773 1251 1816 1284 εἷς

1019 1296 1073 1322 τῶν
1092 1296 1197 1331 μικρῶν
1205 1297 1321 1333 τούτων.
1337 1297 1415 1330 Τίνος
1427 1298 1455 1324 δὲ
1467 1298 1559 1326 ένεκεν
1586 1300 1626 1326 ἐνὶ
1636 1298 1755 1334 γράφων
1771 1300 1811 1335 τῷ

1019 1341 1152 1377 Θεοφίλῳ,
1180 1343 1229 1378 οὐχ
1249 1343 1278 1370 ἔν
1304 1344 1406 1380 βιϐλίον
1435 1345 1584 1381 ἐποίησεν,
1610 1346 1669 1373 ἀλλ’
1694 1347 1736 1378 εἰς
1766 1347 1816 1374 δύο

1020 1387 1101 1414 διεῖλε
1115 1388 1164 1420 τὰς
1179 1388 1332 1423 ὑποθέσεις
1342 1390 1496 1426 Σαφηνείας
1509 1391 1613 1422 ἕνεκεν,
1628 1393 1675 1418 καὶ
1690 1392 1738 1419 τοῦ
1754 1393 1815 1418 δια-

1018 1432 1156 1460 ναπαῦσαι
1171 1433 1218 1460 τὸν
1232 1434 1388 1470 ἀκροατήν
1410 1436 1450 1462 ἑτι
1468 1437 1516 1463 καὶ
1533 1436 1661 1464 ὑποθέσει
1677 1438 1815 1473 διῃρημέε

1019 1487 1064 1505 ναι
1078 1476 1148 1514 ἦσαν
1160 1480 1188 1506 at
1203 1481 1402 1516 πραγματεῖαι·
1419 1481 1466 1508 καὶ
1481 1482 1596 1514 εἰκότως
1608 1483 1656 1509 καὶ
1669 1483 1753 1515 who;
1773 1484 1813 1515 εἰς

180 1521 234 1546 que
249 1517 325 1541 recte
338 1513 396 1546 ipse
411 1522 521 1550 quoque
542 1516 600 1545 haec
631 1519 758 1553 opera'in
786 1520 854 1548 duas
876 1525 967 1557 partes
983 1532 1005 1561 ο
1020 1523 1058 1551 δύ‹

1056 1533 1066 1551 ο
1081 1513 1161 1551 διεῖλε
1173 1513 1342 1558 ταύταςτὰς
1356 1527 1558 1562 πραγματείας,

179 1559 282 1587 divisit.

219 1604 303 1632 Vens.
330 1605 359 1631 2.
381 1605 467 1642 Usque
494 1608 529 1634 ad
560 1617 618 1635 eum
637 1609 717 1643 diem,
734 1619 784 1645 qua
798 1617 970 1648 posteaquam

180 1650 309 1678 mandata
319 1651 390 1678 dedit
406 1654 534 1687 apostolis
553 1661 600 1688 per
615 1655 747 1689 Spiritum
760 1663 891 1691 sanctum,
905 1667 968 1694 quos

179 1696 303 1731 είεσεναι,
321 1703 472 1732 assumptus
483 1704 508 1726 et
530 1700 666 1728 subvectus
682 1707 732 1729 est.

217 1742 398 1778 Posteaquam
434 1753 481 1780 per
515 1746 648 1781 Spiritum
679 1753 804 1776 sanctum
840 1752 967 1779 mandata

179 1788 275 1816 dedit:
302 1790 328 1816 id
359 1795 411 1824 est,
443 1796 619 1827 posteaquam
646 1793 753 1821 locutus
785 1799 827 1822 est
847 1796 882 1823 ad
918 1804 968 1825 eos

179 1835 341 1874 spiritualia‘
360 1837 453 1864 verba.
484 1837 556 1865 Nihil
596 1839 648 1866 hoc
664 1839 700 1867 sit
717 1841 878 1875 humanum,
894 1844 967 1878 quod

178 1890 230 1916 per
245 1882 378 1916 Spiritum
394 1884 435 1911 eis
451 1884 593 1912 mandavit
611 1894 619 1916 ;
634 1887 865 1920 quemadmodum
881 1889 966 1916 etiam

178 1929 238 1963 ipse
252 1928 387 1958 Dominus
405 1931 537 1960 humilius
550 1937 576 1960 et
588 1933 620 1961 ad
638 1934 846 1969 dispositionem
873 1941 900 1964 ct
919 1937 967 1964 ad-

180 1976 414 2005 ministrationem
440 1979 674 2008 accommodatius
702 1982 816 2017 loquens
843 1983 966 2012 dicebat:

178 2022 226 2050 Sin
244 2028 334 2051 autem
348 2031 397 2058 pcr
412 2024 544 2059 Spiritum
561 2025 609 2053 Dei
637 2034 687 2062 ego
710 2027 844 2056 daemonia
874 2029 966 2064 ejicio.

176 2068 230 2095 Atil.
245 2068 316 2096 :Per
345 2069 476 2105 Spiritum
502 2071 548 2098 ubi
562 2073 691 2100 mandata
711 2073 798 2106 dedit,
812 2074 888 2107 dicit,
911 2083 966 2103 non

176 2114 247 2148 quod
263 2114 348 2143 Filius
362 2116 465 2151 Spiritu
478 2117 624 2153 indiguertt
636 2127 642 2146 :
655 2120 702 2146 sed
725 2120 797 2155 quod
815 2121 860 2148 ubi
877 2121 964 2157 (quid)

177 2160 265 2189 Filius
295 2162 406 2190 coniicit
439 2165 721 2199 etexsequitur,illic
734 2167 815 2194 etiam
834 2166 965 2202 Spiritus,

1059 1615 1139 1649 Ἄχρι
1157 1612 1194 1649 ἧς
1216 1614 1328 1649 ἡμέρας
1354 1615 1564 1652 ἐντειλάμενος
1591 1617 1653 1648 τοῖς
1678 1617 1814 1644 ἀποστό-

1020 1661 1086 1693 λοις
1101 1659 1149 1686 διὰ
1163 1659 1336 1695 Πνεύματος
1351 1661 1449 1696 ἁγίου,
1465 1662 1519 1696 οὒς
1531 1662 1704 1695 ἐξελέξατο,
1739 1663 1812 1690 ἁνε-

1020 1704 1133 1740 ﬁdem].

1054 1751 1104 1778 Διά
1120 1752 1276 1788 Πνεύματος
1285 1753 1483 1788 ἐντειλάμενος,
1490 1755 1614 1782 τουτέστι
1621 1757 1811 1790 ,πνευματικὰ

1020 1796 1089 1831 πρὸς
1120 1796 1217 1828 αὐτοὺς
1247 1797 1332 1825 εἰπὼν
1350 1798 1477 1833 ῥήματα·
1501 1800 1578 1826 οὐδὲν
1601 1801 1776 1836 ἀνθρώπινον

1018 1841 1108 1874 τοῦτο,
1125 1841 1166 1868 ὅτι
1178 1842 1206 1868 ἐν
1225 1842 1365 1878 Πνεύματι
1380 1844 1473 1875 αὐτοῖς
1485 1843 1507 1860 ⁵⁷
1523 1845 1685 1878 ἐνετείλατο,
1716 1847 1811 1878 καθὼς

1020 1887 1066 1914 καὶ
1076 1887 1156 1919 αὐτὸς
1167 1889 1181 1914 ὀ
1200 1888 1340 1924 Δεσπότης
1354 1890 1547 1925 ταπεινότερον
1561 1892 1608 1917 καὶ⁵
1630 1892 1812 1926 οἰκονομικώ-

1018 1941 1098 1969 τερον
1123 1934 1235 1968 φάσκων
1263 1934 1364 1968 ἔλεγεν·
1382 1935 1412 1961 Et
1424 1935 1452 1962 δὲ
1469 1937 1497 1962 ὲν
1514 1937 1654 1971 Πνεύματι
1670 1937 1740 1964 Θεοῦ
1755 1938 1810 1971 ἐγὼ

1018 1978 1177 2006 examen
1191 1979 1226 2005 τὰ
1242 1979 1387 2014 δαιμόνια·
1405 1980 1434 2015 ἦ,
1453 1981 1505 2007 Διὰ
1521 1981 1690 2016 Πνεύματος,
1713 1984 1810 2018 φησὶν.

1019 2024 1218 2060 ἐντειλάμενος,
1231 2026 1280 2061 οὐχ
1291 2025 1332 2052 ὅτι
1346 2027 1361 2052 ό
1376 2026 1440 2057 Υίδς
1454 2026 1551 2062 ἐδεήθη
1567 2027 1614 2054 τοῦ
1634 2028 1807 2062 Πνεύματος,

1018 2070 1076 2097 ἀλλ’
1101 2071 1143 2098 ὅτι
1163 2070 1227 2098 ἔνθα
1238 2070 1272 2098 ἂν
1288 2072 1303 2098 ό
1316 2071 1382 2104 Υἱὸς
1409 2072 1619 2108 διαπράττηται,
1642 2075 1700 2100 ἐκεῖ
1716 2075 1765 2101 καὶ
1778 2075 1808 2102 τὸ

1019 2117 1143 2152 Πνεῦμα,
1165 2117 1203 2149 ὡς
1216 2118 1344 2153 ὁμοφυὲς,
1367 2119 1413 2145 καὶ
1430 2119 1538 2154 ἐνεργεῖ
1553 2121 1601 2146 καὶ
1620 2121 1805 2157 συμπάρεστι.

1019 2164 1051 2190 Τί
1066 2163 1093 2190 δὲ
1106 2164 1256 2191 ἐνετείλατο
1273 2173 1280 2197 ;
1298 2165 1480 2200 Πορευθέντες
1507 2166 1697 2201 μαθητεύσατε
1714 2169 1804 2195 πάντα

176 2211 272 2241 utpote
286 2208 411 2242 ejusdem
428 2217 490 2236 cum
501 2217 534 2237 eo
549 2214 655 2238 natura:
674 2215 756 2247 atque
781 2213 958 2247 conditionis,
979 2204 1004 2234 Ῑ)
1017 2209 1050 2236 τὰ

1067 2210 1151 2244 ἔθνη,
1173 2210 1349 2245 βαπτίζοντες
1367 2211 1465 2242 αὐτοὺς
1476 2212 1516 2244 είς
1530 2212 1559 2238 τὸ
1574 2212 1660 2247 ὄνομα
1676 2213 1723 2240 τοῦ
1750 2214 1806 2240 Πα-

176 2257 203 2279 et
238 2253 266 2280 in
298 2261 382 2288 opere
411 2260 548 2289 versatur,
584 2260 612 2284 et
645 2265 698 2284 una
715 2258 802 2286 adest.
823 2259 876 2287 Sed
899 2261 964 2295 quid

177 2300 340 2328 mandavit?
370 2301 420 2334 Ite,
453 2301 548 2330 docete
577 2309 674 2331 omnes
705 2304 841 2337 nationes,
863 2313 965 2341 eosque

181 2347 318 2382 haptizate
335 2348 363 2375 in
380 2349 492 2376 nomine
522 2349 625 2382 Patris,
647 2355 673 2378 et
699 2350 771 2383 Filii,
789 2355 815 2379 et
845 2351 965 2388 Spiritus

178 2393 265 2420 sancti
283 2403 290 2421 :
307 2401 339 2421 ac
354 2394 450 2422 docete
463 2402 512 2422 eos
527 2403 635 2423 servare
649 2404 821 2432 quaecunque
837 2399 966 2426 mandavi

177 2438 265 2466 vobis.
283 2439 463 2476 Posteaquam
478 2441 608 2469 mandata
621 2442 705 2476 dedit,
724 2443 822 2479 inquit,
838 2446 863 2471 in
878 2446 964 2473 subli-

176 2493 220 2513 me
234 2491 365 2522 exceptus
379 2493 404 2515 et
420 2488 630 2517 subvectusest.
643 2489 702 2517 Non
714 2490 794 2523 dixit,
808 2491 960 2524 Ascendit;

179 2530 226 2558 scd
245 2532 335 2560 adhuc
352 2537 481 2568 tanquam
499 2534 532 2562 de
543 2535 654 2563 homine
669 2536 801 2572 loquitur.
820 2537 890 2564 Hinc
914 2545 965 2564 au-

177 2583 231 2606 tem
250 2578 440 2615 intelligimus,
459 2581 533 2616 quod
546 2582 627 2609 etiam
643 2587 705 2617 post
722 2584 962 2616 resurrectionem,

177 2623 295 2652 docebat
308 2625 472 2660 discipulos.
493 2627 544 2654 Sed
558 2632 667 2662 tempus
685 2629 736 2656 hoc
748 2636 829 2655 nemo
846 2629 925 2664 plene
936 2636 963 2657 ct

1014 2254 1089 2289 τρὸς,
1109 2255 1156 2281 καὶ
1172 2254 1218 2281 τοῦ
1235 2255 1310 2288 Υἱοῦ,
1332 2257 1379 2282 καὶ
1412 2257 1459 2283 τοῦ
1476 2257 1554 2291 ἁγίου
1570 2258 1740 2293 Πκιεύματοςς
1765 2260 1805 2286 δι-

1017 2300 1162 2332 δάσκοντες
1177 2301 1276 2332 αὐτοὺς
1309 2303 1402 2337 τηρεῖν
1428 2303 1526 2333 πάντα.
1557 2304 1607 2330 ὅσα
1630 2305 1807 2340 ἐνετειλάμην

1018 2345 1087 2380 ὑμῖν.
1122 2346 1336 2381 Ἐντειλάμενος,
1360 2348 1453 2383 φησὶν,
1477 2349 1690 2384 ἀνελήφθη-οὒκ
1718 2349 1805 2382 εἶπεν,

1022 2390 1134 2426 ’Λνέϐη-
1150 2391 1208 2418 ἀλλ’
1219 2392 1257 2419 ἔτι
1271 2392 1309 2424 ὼς
1321 2394 1383 2428 περὶ
1400 2393 1544 2428 ἀνθρώπου
1561 2395 1726 2429 διαλέγεται.
1747 2397 1805 2423 Ἑν-

1015 2436 1110 2463 τεῦθεν
1123 2437 1152 2464 δὲ
1166 2437 1337 2472 μανθάνομεν
1353 2439 1394 2465 ὅτι
1415 2441 1462 2466 καὶ
1491 2441 1560 2475 μετὰ
1581 2441 1630 2476 τὴν
1656 2442 1806 2469 ἀνάστασιν

1017 2481 1139 2509 ἐδίδασκε
1160 2485 1220 2515 τοὺς
1230 2483 1363 2520 μαθητάς,
1373 2485 1440 2512 ἀλλὰ
1452 2485 1497 2512 τὸν
1509 2487 1603 2521 χρόνον
1613 2487 1707 2514 τοῦτον
1719 2489 1806 2521 οὐδεὶς

1016 2525 1078 2554 εἶπε
1097 2528 1166 2563 μετὰ
1182 2529 1337 2564 ἀκριϐείας·
1366 2530 1424 2556 ἀλλ’
1449 2531 1601 2566 ἐγχρονίζει
1629 2532 1678 2566 μὲν
1701 2533 1777 2568 αὑτῴ
1792 2534 1805 2560 ὁ

1022 2573 1149 2609 Ἰωάννης
1172 2575 1226 2601 τῶν
1253 2575 1340 2603 ἄλλων
1361 2577 1471 2603 πάντων
1480 2578 1501 2594 ⁸³
1516 2586 1523 2592 ·
1559 2578 1648 2605 πάντα
1670 2579 1698 2606 δὲ
1713 2580 1804 2614 σαφῶς

1015 2619 1101 2651 οὐδεὶς
1112 2621 1273 2655 ἀπήγγειλε·
1290 2622 1357 2658 πρὸς
1370 2623 1425 2656 γὰρ
1439 2622 1532 2658 ἕτερον
1549 2624 1701 2658 ἠπείγοντο.

176 2675 270 2698 exacte
300 2672 458 2708 descripsit;
491 2674 539 2701 sed
582 2674 701 2702 Joannes
729 2676 839 2711 quidem
867 2678 953 2713 magis
973 2686 1056 2713 quam
1081 2680 1172 2707 caeteri
1193 2689 1287 2709 omnes
1303 2682 1466 2710 immoratur
1498 2683 1525 2710 in
1541 2691 1592 2711 co:
1616 2684 1708 2712 omnia
1754 2693 1802 2714 au-

176 2721 229 2746 tem
249 2727 330 2747 nemo
347 2721 425 2748 ulane
437 2723 566 2757 exposuit
583 2732 590 2749 :
613 2724 646 2751 ad
667 2724 741 2752 aliud
757 2725 828 2753 enim
850 2726 1024 2755 festinabant.

772 2805 872 2836 Varia:
889 2805 1042 2838 lectiones
1056 2811 1086 2838 et
1107 2811 1202 2839 notae.

214 2862 235 2875 “'
251 2862 292 2888 ϊσ.
306 2862 468 2894 ἀνθρώποις.
507 2864 529 2882 ⁸⁷
543 2866 652 2898 αὐτοὺς,
663 2873 729 2894 erat.
767 2869 786 2884 δε
806 2869 923 2899 ὲκῗάὶλιε.
939 2875 1006 2896 erat.

1055 2871 1076 2887 ³³
1096 2871 1138 2897 ἵσ.
1157 2871 1247 2898 πλέον.
