1878 3056
181 147 231 182 511

640 139 1146 176 ΤΗΕΟΡΗΥιᾹΕΤῐΒΠῙιΰΛΒΙίΕ
1163 140 1342 172 ARCHIEP,

1752 141 1808 174 51?.

180 207 270 235 stabat
286 210 312 233 et
325 205 457 240 liquebat,
472 204 560 238 ipsum
578 203 706 231 videlicet
722 209 794 234 esse,
822 201 868 237 qui
899 200 967 234 bap-

1048 208 1074 225 υν
1095 207 1103 215 ·
1119 199 1200 232 αὐτὸς
1214 200 1268 235 γὰρ
1291 199 1366 235 ἡμᾶς
1383 198 1508 235 βαπτίσει
1529 197 1559 224 ἐν
1576 190 1714 232 Πνεῦματι
1737 198 1809 232 ἁγίῳ

181 254 279 279 tizaret
300 261 306 278 :
330 251 390 286 lpse
404 250 475 278 enim
499 257 550 277 nos
572 248 721 284 baptizabit
737 247 843 283 Spiritu
873 250 969 274 sancto

181 305 207 326 et
224 299 295 334 igne.
307 298 360 325 Sed
379 297 426 332 qui
455 296 534 328 dixit,
564 295 756 331 Baptizamini,
781 303 833 323 seu
856 294 967 328 perl'un-

181 345 292 377 dcmini,
317 351 379 370 cum
398 349 468 377 aqua
484 343 510 369 in
529 341 671 369 cmnaculo
696 349 751 369 non
783 341 878 369 esset?
900 339 969 372 Quia

182 390 285 424 majore
312 389 338 416 vi
367 396 399 415 ac
423 391 558 423 potestate
592 387 714 422 Spiritus
745 387 875 422 praaditus
905 390 968 414 est:

180 444 229 471 per
256 443 336 470 quem
365 435 447 462 etiam
487 441 557 469 aqua
581 438 721 469 operatur,
741 433 969 468 quemadmodum

182 482 311 509 nimirum
323 480 407 509 etiam
420 481 479 516 ipse
494 479 595 507 dicitur
610 485 710 508 unctus
733 487 806 512 esse,
821 487 882 506 cum
899 487 969 505 nus-

181 534 263 562 quam
277 527 337 554 oleo
349 531 449 554 unctus
463 526 564 559 sit,sed
576 525 706 561 Spiritum
721 525 875 560 acceperit:
888 529 969 559 atque

179 572 301 606 alioquin
328 573 380 608 10
393 573 474 600 etiam
493 580 563 607 aqua
585 572 717 607 baptizari
731 571 791 599 illos
807 571 833 598 in
851 571 970 598 diversis

181 618 352 654 temporibus
364 619 477 654 reperiri
489 622 579 654 potest
602 627 609 645 :
628 626 691 646 nam
705 618 733 645 in
758 617 836 645 nobis
850 622 970 651 utraque

181 665 233 692 sub
262 673 346 692 unum
374 666 506 700 temporis
531 665 678 692 articulum
711 664 810 692 cadere
834 664 968 698 possint:

179 714 247 738 tunc
262 710 461 738 vero'diversis
470 711 552 737 etiam
568 709 736 744 temporibus
753 717 783 736 ac
800 709 945 744 separatim
960 717 968 742 ;

179 763 242 782 nam
266 755 344 782 initio
359 755 477 790 apostoli
500 763 569 790 aqua
583 755 712 789 baptizati
731 758 795 782 sunt
806 755 839 781 ab
853 754 968 787 Joanne,

181 800 228 827 sed
258 805 351 835 postea
369 801 450 827 etiam
465 800 567 835 Spiritu
582 803 689 828 sancto.
702 799 756 827 Sed
773 808 824 828 cur
836 799 969 828 Dominus

179 854 234 874 non
248 847 328 874 etiam
338 847 500 879 declaravit,
516 847 626 882 quando
642 847 761 881 Spiritus
785 850 968 881 superventu—
982 866 1006 896 Β

180 900 229 919 rus
243 897 317 920 esset
333 900 340 919 :
357 892 403 920 sed
414 892 585 920 solummodo
602 893 651 925 ait,
665 892 732 920 Post
745 892 804 920 dies
818 893 900 919 hosce
912 899 966 919 non

179 939 352 966 multos?“
379 939 444 966 Post
461 939 532 966 haud
550 939 651 966 multos
681 939 789 974 quidem
810 939 847 966 ait
865 938 967 965 idcirco

180 990 215 1009 ne
227 983 377 1010 inciderent
391 983 418 1009 in
433 982 650 1017 desperationem
668 992 674 1010 :
707 984 753 1011 sed
775 987 897 1018 tempore
912 989 967 1010 sta-

181 1031 250 1058 tuto.
265 1028 389 1063 quando,
411 1035 466 1055 non
479 1028 559 1061 dixit,
577 1033 606 1055 ut
621 1036 728 1063 semper
749 1028 891 1063 vigilarent
917 1035 967 1055 ex-

183 1077 350 1108 spectantes.
363 1073 433 1107 Quid
452 1074 535 1109 igitur
561 1074 716 1106 admiraris.
738 1075 760 1102 si
791 1081 886 1109 pacem
901 1083 968 1102 con-

181 1120 374 1147 summationis
391 1120 485 1147 saeculi
500 1128 553 1147 non
569 1120 762 1155 prtesigniiicat
777 1120 835 1149 eis?
847 1121 968 1156 quando-

180 1165 288 1200 quidem
303 1165 384 1192 etiain
414 1165 465 1193 hoc
479 1166 662 1201 praestitutum
687 1172 804 1202 tempus,
819 1167 891 1202 quod
901 1167 968 1195 adeo

181 1211 366 1246 propinquum
395 1215 465 1243 erat,
493 1215 605 1246 propter
630 1219 701 1245 cam,
731 1220 812 1247 quam
847 1212 967 1241 diximus

179 1263 302 1288 causam,
317 1256 505 1284 noluitfacere
515 1256 698 1284 manifestum.
717 1256 804 1286 Dictio
821 1258 966 1293 baptizari,

180 1301 208 1328 id
220 1306 273 1333 est,
293 1302 428 1337 immergi,
441 1302 520 1337 tingi,
539 1302 676 1338 perfundi,
702 1308 730 1330 et
758 1303 858 1339 prolui,
881 1304 968 1332 abun-

181 1347 302 1374 dantiam
318 1351 346 1375 et
357 1349 436 1383 quasi
453 1347 562 1375 divitias
579 1349 837 1377 communicationis
852 1354 879 1377 et
904 1357 967 1384 par-

180 1393 346 1428 ticipationis
364 1393 453 1421 sancti
470 1393 591 1429 Spiritus
606 1394 742 1430 signiﬁcat
757 1402 764 1421 ε
792 1396 969 1430 quemadmo-

180 1440 245 1466 dum
268 1440 350 1466 etiam
368 1440 395 1466 in
412 1447 456 1473 co,
472 1440 543 1475 quod
557 1448 640 1468 sensu
656 1441 814 1475 percipitur,
842 1449 871 1469 se
888 1442 969 1470 habet

180 1483 271 1517 aliquo
287 1483 367 1511 modo
384 1484 417 1516 is,
434 1484 480 1518 qui
497 1484 664 1519 baptizatur,
680 1485 707 1513 id
728 1489 780 1519 est,
794 1486 968 1521 perfunditur

1022 247 1069 273 καὶ
1088 246 1169 281 πυρί.
1186 247 1247 278 Πῶς
1261 246 1290 273 δὲ
1305 245 1378 278 εἷπε,
1394 244 1628 280 Βαπτισθήσεσθε,
1649 244 1745 275 ὕδατος
1756 244 1808 270 οὐκ

1020 292 1095 324 δντος
1122 294 1151 319 ἐν
1175 302 1214 327 τῳ
1230 292 1362 328 ὑπερῴῳ;
1378 292 1441 319 ’Ότι
1458 291 1624 326 κυριώτερον
1648 290 1678 316 τὺ
1696 289 1808 324 Πνεῦμᾶ

1020 339 1078 365 ἐστι
1093 347 1100 354 ⁸
1126 339 1159 365 δι’
1176 337 1205 366 οῦ
1221 340 1269 366 καὶ
1295 339 1325 365 τὸ
1352 338 1424 374 ὕδωρ
1448 339 1566 373 ἐνεργεῖ,
1583 337 1678 371 ὥσπερ
1696 334 1743 363 οὖν
1761 337 1808 362 καὶ

1020 384 1100 415 αὐτὸς
1114 383 1257 419 κεκρίσθαι
1271 383 1392 417 λέγεται,
1406 382 1524 417 οὐδαμοῦ
1537 381 1703 416 χρισάμενος
1714 379 1806 414 ἐλαίῳ,

1020 430 1087 458 ἀλλὰ
1104 429 1216 464 Πνεῦμα
1227 429 1373 462 δεξάμενος
1386 437 1392 444 ·
1407 428 1495 460 ἄλλως
1513 428 1542 454 δὲ
1556 427 1601 454 καὶ
1621 427 1697 453 ὖόατι
1710 426 1808 461 βαπτμ

1021 475 1149 510 ζομένους
1168 474 1266 505 αὐτοὺς
1280 474 1353 500 ἐστιν
1374 473 1463 508 εὑρεῖν
1478 473 1506 499 ὲν
1521 472 1662 506 διαφόροις
1676 471 1783 505 καιροῖς
1799 479 1807 486 ·

1021 522 1063 556 ἐφ’
1089 522 1154 557 ἡμῖν
1177 520 1232 556 γὰρ
1255 520 1338 554 ἄμφω
1365 519 1410 554 ὑφ’
1433 519 1462 545 ἓν
1485 518 1609 552 γένηται,
1637 518 1698 544 τότε
1712 517 1740 543 δὲ
1760 516 1806 542 καὶ

1019 567 1236 601 διεσπαρμένως·
1253 565 1330 600 παρὰ
1344 565 1399 600 γὰρ
1421 564 1471 600 τὴν
1494 563 1580 599 ἀρχὴν
1607 563 1632 589 οἱ
1662 561 1807 589 ἀπόστολοι

1019 613 1072 640 ὑπὸ
1094 612 1215 640 Ἰωάννου
1232 612 1309 639 ὕδατι
1331 611 1558 646 ἐϐαπτίσθησαν,
1586 611 1655 645 μετὰ
1678 608 1765 635 ταῦτα
1779 608 1807 634 δὲ

1019 659 1069 687 καὶ
1098 659 1168 694 ἁγίῳ
1190 659 1339 694 Πνεύματι.
1371 657 1419 684 Διὰ
1434 657 1460 684 τί
1484 657 1511 683 δὲ
1524 656 1573 683 οὐκ
1583 655 1717 690 ἐδήλωσεν
1734 654 1748 680 ὁ
1763 655 1808 679 Δε-

1021 706 1122 740 σπότης
1136 725 1144 738 ,
1173 705 1238 731 πότε
1260 703 1438 730 ἐπελεύσεται
1458 703 1507 729 καὶ
1534 702 1565 728 τὸ
1584 700 1696 743 Πνεῦἱμα
1712 721 1720 732 ,
1742 699 1809 726 ἀλλὰ

1021 752 1101 787 μόνον
1121 751 1213 786 φησὶν,
1233 751 1270 777 Οὐ
1290 750 1359 785 μετὰ
1376 749 1476 780 πολλὰς
1500 747 1603 779 ταύτας
1623 747 1750 782 ήμέραςς
1778 746 1808 772 rb

1020 797 1071 832 μὲν
1086 797 1188 829 οὖν,οὺ
1208 797 1276 831 μετὰ
1292 795 1402 829 πολλὰς,
1417 796 1510 830 φησιν,
1520 794 1563 821 ἵνα
1581 793 1617 829 μὴ
1632 793 1672 824 είς
1689 791 1808 825 ἀθυμίαν

1020 843 1177 879 ἐμπέσωσιν
1192 851 1200 857 ·
1221 843 1381 878 ὡρισμένως
1401 842 1429 868 δὲ
1451 841 1517 867 πότε
1528 841 1564 873 ⁸⁸,
1586 839 1636 866 οὐχ
1659 836 1748 868 εἶπεν,
1766 838 1809 863 ἴνα

1021 890 1066 916 ἀεὶ
1081 888 1269 925 ὲγρηγορῶσιν
1286 887 1469 922 ἐκδεχόμενοι.
1487 886 1520 912 Τί
1536 885 1626 912 τοίνυν
1643 882 1808 918 θαυμάζεις,

1021 936 1046 962 εί
1069 936 1117 971 τὴν
1144 936 1256 971 εἰρήνην
1281 935 1331 969 τῆς
1357 933 1512 964 συντελείας
1545 932 1583 967 μὴ
1598 931 1671 965 λέγει
1694 930 1807 959 uiaret;

1020 982 1086 1009 ὅπου
1101 990 1133 1016 γε
1148 982 1195 1008 καὶ
1210 981 1313 1015 ταύτην
1329 980 1377 1014 τὴν
1394 979 1480 1010 οὕτως
1496 977 1579 1012 ἐγγὺς
1594 976 1676 1003 οὖσαν
1709 975 1809 1011 1:901:-

1021 1028 1103 1063 σμίαν
1128 1028 1178 1054 οὐκ
1199 1027 1328 1061 ἠθέλησε,
1343 1026 1377 1053 δι’
1397 1027 1431 1062 ἢν
1452 1025 1565 1060 εἴπομεν
1577 1024 1677 1054 αἰτίαν,
1694 1022 1809 1056 ποιῆσαι

1020 1073 1181 1107 κατάδηλον.
1203 1073 1237 1098 Ἠ
1267 1071 1456 1106 Βαπτισθῆναι
1479 1069 1552 1102 λέξις
1581 1068 1631 1103 τὴν
1656 1067 1809 1102 δαψίλειαν,

1020 1120 1068 1147 καὶ
1095 1119 1176 1146 οἱονεὶ
1201 1118 1247 1145 τὸν
1269 1117 1386 1144 πλοῦτον
1412 1117 1462 1151 τῆς
1491 1115 1638 1150 μετουσίας
1659 1113 1708 1140 τοῦ
1729 1113 1807 1146 ἁγίου

1021 1165 1179 1200 Πνεύματος
1193 1164 1320 1199 σημαίνει
1334 1171 1341 1178 ·
1361 1163 1399 1194 ὡς
1415 1161 1463 1189 καὶ
1478 1162 1524 1188 ἐπὶ
1542 1160 1589 1188 τοῦ
1607 1158 1740 1194 αἰσθητοῦ
1752 1158 1809 1193 ἔχει

1022 1221 1048 1239 τι
1065 1212 1078 1238 ὁ
1104 1210 1301 1246 βαπτιζόμενος
1317 1209 1346 1236 ὲν
1360 1208 1449 1239 ὕδατι,
1471 1207 1530 1234 ὅλον
1548 1206 1577 1233 τὸ
1591 1206 1673 1241 σῶμα
1689 1205 1808 1241 βρέχων,

1021 1258 1068 1285 τοῦ
1094 1257 1279 1293 λαμϐάνοντος
1295 1255 1388 1287 ἁπλῶς
1408 1254 1491 1289 ὕδωρ,
1507 1253 1537 1280 οὐ
1552 1253 1660 1283 πάντως
1676 1253 1809 1286 ὐγραινοο

1023 1303 1104 1338 μένου
1121 1302 1151 1334 ἐξ
1174 1302 1243 1328 ὂλων
1265 1301 1320 1328 τῶν
1335 1300 1427 1327 τόπων
1440 1308 1448 1316 ’
1471 1299 1521 1325 οὐκ
1536 1298 1608 1325 ἔστιν
1624 1297 1670 1324 οὖν
1687 1298 1810 1323 ἀπεναν-

1020 1350 1080 1381 τίας
1097 1349 1192 1384 ἔχοντα
1203 1349 1259 1379 τοῖς
1269 1347 1352 1378 θείοις
1366 1345 1540 1380 Εὑαγγελίοις
1552 1344 1585 1371 τὰ
1600 1343 1647 1370 νῦν
1660 1342 1807 1378 εἰρημένα.

1021 1393 1153 1430 Δηλοῦται
1164 1394 1217 1428 γὰρ
1231 1394 1268 1423 ὼς
1283 1393 1307 1418 εἰ
1320 1392 1367 1418 καὶ
1381 1391 1473 1426 εἴρητο
1486 1391 1554 1425 πρὸς
1564 1389 1626 1420 τοὺς
1640 1388 1810 1420 ἀποστόλους

1023 1439 1093 1475 μετὰ
1115 1439 1163 1474 τὴν
1189 1440 1221 1465 ἐκ
1246 1438 1350 1473 νεκρῶν
1377 1437 1526 1464 ἀνάστασιν
1548 1434 1596 1462 τοῦ
1612 1433 1735 1469 Χριστοῦ
1767 1433 1808 1465 τὸ,

1021 1485 1126 1512 Λάϐετε
1153 1485 1265 1519 Πνεῦμα
1288 1484 1366 1518 ἆγιον
1384 1491 1391 1499 ·
1416 1484 1463 1510 καὶ
1477 1481 1572 1508 ἔλαϐον
1587 1489 1594 1495 ·
1610 1480 1669 1507 ἀλλ’
1683 1480 1745 1506 ἐκεῖ
1762 1479 1811 1513 μὲν

180 1535 262 1562 aqua,
277 1529 341 1556 dum
358 1532 416 1556 toto
437 1537 554 1564 corpore
573 1531 694 1564 madcﬁt,
709 1533 814 1565 cumis,
829 1533 875 1568 qui
885 1534 967 1562 sumit

1048 1530 1159 1566 ληφέναι
1186 1530 1297 1565 Πνεῦμα
1320 1529 1396 1564 ἅγιον
1423 1529 1543 1564 εἴρηται,
1568 1527 1687 1554 ἐνταῦθα
1701 1526 1742 1558 δὲ,
1756 1526 1810 1552 Βα-

181 1581 279 1608 aquam
293 1575 467 1610 simpliciter,
482 1585 537 1604 non
554 1577 663 1612 penitus
675 1586 708 1606 ex
740 1579 869 1607 omnibus
895 1581 966 1609 locis

181 1617 365 1646 humectctur.
399 1619 458 1648 Non
485 1626 549 1649 sunt
577 1622 660 1656 igitur
686 1625 824 1652 contraria
865 1626 966 1655 divinis

180 1661 338 1697 Evangeliis
364 1672 407 1698 ea,
431 1674 492 1698 qua:
505 1674 578 1693 nunc
603 1667 676 1695 dicta
703 1673 777 1696 sunt.
791 1669 968 1706 Signiﬁcatur

182 1709 256 1736 enim
271 1710 344 1745 quod
359 1711 381 1738 si
411 1712 492 1739 etiam
525 1713 628 1741 dictum
664 1720 724 1742 erat
753 1716 785 1744 ad
818 1718 965 1752 apostolos,

180 1758 359 1789 posteaquam
369 1755 496 1784 Christus
510 1764 524 1784 a
539 1759 657 1787 mortuis
688 1767 876 1790 resurrexerat
892 1771 899 1790 ε
915 1765 968 1791 Ac-

180 1799 263 1833 cipite
293 1800 425 1835 Spiritum
460 1808 595 1836 sanctum,
617 1806 697 1832 etiam
723 1807 784 1834 illos
806 1809 965 1844 accepisse:

181 1844 227 1871 sed
242 1845 295 1872 illic
318 1846 426 1881 quidem
445 1855 491 1875 eos
511 1851 650 1884 accepisse
663 1851 806 1888 Spiritum
838 1861 964 1882 sanctum

1019 1576 1205 1612 πτισοήσεσοε
1220 1585 1227 1592 ·
1244 1576 1314 1610 ὅπερ
1328 1575 1377 1612 τὴν
1395 1574 1520 1610 ἐπίχυσιν
1544 1573 1591 1600 καὶ
1619 1572 1664 1599 τὸν
1692 1571 1810 1599 πλοῦτον

1018 1623 1068 1658 τῆς
1084 1623 1217 1658 χορηγίας
1233 1621 1360 1657 σημαίνει
1377 1629 1384 1637 ·
1404 1617 1438 1656 ἦς
1451 1620 1567 1647 δέδωκεν
1582 1619 1674 1650 αὐτοῖς
1689 1617 1810 1645 ἀνελθὼν

1019 1670 1087 1705 πρὸς
1102 1669 1147 1695 τὸν
1160 1668 1279 1704 Πατέρα.
1293 1668 1399 1703 Ὠσπερ
1411 1667 1465 1702 γὰρ
1487 1666 1595 1702 ἔχοντες
1620 1665 1711 1692 πίστιν
1725 1673 1810 1700 προσ-

1019 1715 1101 1750 ῆλθον
1124 1714 1259 1748 λέγοντες,
1288 1713 1409 1749 Πρόσθες
1428 1712 1495 1748 ἡμῖν
1508 1712 1608 1738 πίστιν·
1627 1710 1699 1737 οὕτω
1719 1710 1752 1745 δὴ
1765 1710 1810 1736 καὶ

1022 1760 1149 1791 ἐνταῦθα,
1167 1759 1236 1796 πρὸς
1252 1759 1285 1794 ἡν
1300 1758 1351 1793 ἤδη
1374 1755 1446 1793 εἶχον
1460 1757 1603 1784 κοινωνίαν
1615 1755 1662 1782 τοῦ
1681 1754 1809 1789 Πνεῦμα»

1022 1816 1077 1840 τος,
1108 1806 1267 1842 προσθήκην
1291 1804 1487 1839 ὲπιτεταμένης
1522 1802 1669 1838 μετουσίας
1686 1801 1808 1837 ἐλάμϐα-

1022 1863 1066 1881 νον
1083 1853 1250 1887 ἐπελθούσης
1267 1852 1290 1868 ⁸⁷
1305 1852 1397 1881 αὐτοῖς
1412 1850 1459 1877 τοῦ
1473 1850 1552 1884 ἁγίου
1567 1849 1738 1883 Πνεῦματος.

180 1890 282 1918 dictum
296 1896 354 1919 est:
367 1892 410 1920 hic
427 1902 502 1926 vero,
518 1894 737 1930 Baptizahimini,
748 1898 804 1925 sive
814 1898 1014 1932 perfumlcmini
1031 1907 1061 1927 ac
1072 1897 1333 1935 proluctnini2qnod
1350 1897 1459 1923 νυΓΙιιΙΙΙΙ
1479 1895 1638 1923 clinsiunem
1651 1902 1683 1921 ac
1702 1895 1808 1921 divitias

180 1938 305 1964 muneris
322 1938 468 1972 significat,
489 1941 560 1974 quod
578 1941 652 1968 dedit
689 1943 741 1970 illis
768 1949 944 1981 posteaquam
975 1946 1009 1973 ad
1029 1946 1137 1973 Patrem
1165 1944 1296 1973 ascendit.
1320 1942 1356 1969 Ut
1380 1943 1452 1969 enim
1470 1949 1530 1968 cum
1561 1941 1638 1968 [idem
1668 1941 1807 1971 ἰιειιλτιιι,

180 1983 340 2017 accedentes
357 1984 503 2012 dixerunt:
535 1986 610 2014 Adde
636 1987 714 2015 nobis
730 1988 809 2016 [idem
829 1998 836 2016 :
855 1992 892 2018 ita
927 1992 1057 2020 nimirum
1085 1992 1166 2019 etiam
1183 1991 1227 2017 hic
1247 1994 1343 2024 prazter
1358 1996 1428 2020 eam,
1457 1995 1538 2022 qualn
1569 1987 1624 2022 jam
1663 1986 1808 2014 habebant.

179 2029 296 2064 Spiritus
319 2031 604 2065 communicationem,
618 2034 831 2063 additamentum
845 2038 971 2066 adaucta:
991 2034 1214 2074 participationis
1228 2035 1347 2071 Spiritus
1367 2030 1466 2066 sancti,
1484 2035 1533 2069 qui
1563 2033 1604 2060 eis
1637 2035 1805 2068 supervenit,

179 2077 359 2111 accipiebant.

217 2121 296 2150 Vens.
314 2122 340 2150 6.
353 2123 437 2158 Atque
449 2125 600 2159 illiquidem
609 2135 668 2153 cum
678 2128 857 2156 convenissent
869 2130 963 2158 scirci-

181 2171 266 2193 tmttes
281 2169 312 2193 ab
326 2176 354 2194 eo
365 2168 506 2195 dicebant:
519 2169 638 2203 Domine,
648 2180 682 2199 an
698 2173 723 2199 in
732 2173 781 2199 hoc
798 2178 911 2205 tempore
923 2184 965 2202 re-

1052 2128 1083 2153 (ιι
1093 2125 1151 2160 μὲν
1172 2123 1229 2153 οὖν
1248 2125 1450 2156 συνελθόντες
1472 2123 1632 2157 ἐπηρώτων
1648 2122 1743 2149 αὑτὸν
1758 2123 1805 2148 .ιέ-

1019 2181 1123 2209 τοντες
1136 2180 1143 2187 °
1172 2172 1271 2205 Κύριε,
1286 2172 1312 2198 εί
1335 2171 1369 2197 ἐν
1383 2170 1423 2202 τῲ
1443 2170 1541 2204 χρόνῳ
1562 2169 1656 2202 τούτῳ
1667 2169 1807 2195 ἀποκαθι-

179 2212 268 2238 ιιὶιιιὶδ
276 2221 382 2248 regnum
393 2213 508 2242 lsraeli?

219 2257 301 2285 Vens.
320 2259 346 2285 7.
363 2260 397 2286 At
412 2260 458 2287 ille
470 2262 504 2287 ml
520 2270 574 2294 cos,
589 2262 650 2289 Non
669 2269 708 2290 est
720 2270 843 2297 vestrum,
871 2266 965 2300 inquit,

181 2311 258 2330 noui:
273 2310 402 2339 tetnpora,
420 2311 465 2332 aut
487 2308 617 2335 articulos
634 2314 776 2343 temporum
791 2319 854 2345 quos
886 2311 966 2338 Pater

180 2347 207 2373 ibt
228 2356 277 2374 sua
288 2354 419 2382 potestate
436 2351 544 2384 posuit:

218 2393 299 2421 Vens.
314 2395 341 2422 8.
355 2394 406 2422 Sed
424 2397 559 2431 accipietis
580 2397 702 2425 uirtutem
719 2401 922 2434 supervenieniis
943 2402 970 2428 in

180 2447 224 2466 ros
240 2439 355 2474 Spiritus
366 2442 462 2469 sancti.

215 2486 282 2513 Cum
299 2487 465 2514 sciscitaturi
479 2493 580 2522 essent,
590 2489 671 2517 simul
685 2489 829 2522 aceedunt,
847 2495 877 2519 ut
899 2491 970 2519 mul-

1021 2217 1142 2249 στάνεις
1158 2215 1389 2250 τὴν-,βασιλείαν
1400 2213 1439 2246 τῷ
1457 2213 1602 2247 Ἰσραή.ι;

1057 2260 1129 2288 Eius
1153 2261 1186 2287 δὲ
1203 2260 1278 2294 πρὸς
1296 2260 1406 2292 αὐτούς
1421 2267 1427 2273 ·
1443 2260 1504 2293 Οὐχ
1521 2258 1605 2293 ὑμῶν
1618 2259 1683 2285 ἐστι
1700 2257 1805 2293 γνῶναι

1019 2310 1148 2343 χρόνους
1176 2307 1195 2341 ἢ
1226 2307 1350 2340 καιρούς
1380 2306 1434 2338 οὓς
1457 2307 1473 2333 ὁ
1492 2306 1592 2340 Πατὴρ
1611 2305 1694 2332 ἔθετο
1717 2305 1752 2331 ἐν
1771 2303 1806 2337 τῇ

1018 2355 1078 2387 ἰδίᾳ
1093 2354 1219 2386 ἐξουσίᾳ
1233 2362 1240 2368 '

1054 2400 1142 2427 Ἀλλὰ
1155 2400 1292 2434 λήψεσθε
1307 2399 1436 2434 δύναμιν
1451 2399 1634 2432 ἐπελθόντος
1650 2399 1703 2426 τοῦ
1724 2399 1805 2434 ἁγίου

1020 2446 1193 2480 Πγεύμιιτος
1205 2445 1250 2479 ἐφ’
1268 2444 1356 2479 ὑμᾶς.

1057 2492 1141 2518 Ὂταν
1167 2491 1301 2527 μέλλωσιν
1325 2491 1441 2526 ἐρωτᾷν,
1464 2491 1532 2525 ὁμοῦ
1543 2490 1749 2525 προσέρχονται.
1765 2489 1805 2515 ἵνα

181 2532 300 2560 titudinc
325 2530 466 2561 moverent
504 2543 566 2562 enin
591 2540 618 2563 et
649 2541 803 2564 exorarent.
841 2537 967 2565 Sciebant

1048 2537 1059 2572 ῥ
1074 2537 1171 2572 πλήθει
1181 2537 1212 2564 δυ
1219 2537 1380 2572 τωπήσωσιν
1393 2544 1399 2551 ’
1416 2536 1526 2572 ᾔδεισαν
1543 2537 1598 2572 γὰρ
1609 2537 1650 2563 ὅτι
1668 2537 1696 2562 τὸ
1711 2535 1803 2571 πρώην

182 2579 268 2611 enim,
297 2578 324 2606 id
350 2580 422 2613 quod
437 2585 501 2608 ante
516 2580 618 2608 dictum
650 2588 702 2614 est,
719 2584 918 2612 summoventis
941 2588 967 2612 et

1049 2585 1174 2618 ρημένον,
1192 2583 1405 2619 διακρουομένου
1426 2583 1473 2609 καὶ
1490 2583 1539 2609 οὐκ
1561 2583 1732 2617 ἀγνοοῦντος,
1747 2582 1801 2608 ἀλλ’

183 2633 237 2652 non
253 2627 414 2660 ignorantis,
429 2627 477 2654 sed
492 2627 643 2663 rejicientis
658 2628 731 2655 illam
757 2629 843 2657 fuisse
858 2637 967 2665 respon-

1048 2631 1238 2666 ναϐαλλομένου
1252 2631 1302 2666 τὴν
1318 2631 1474 2666 ἀπόκρισιν·
1494 2629 1560 2662 οἷον,
1575 2630 1672 2662 Οὐδεῒς
1688 2629 1742 2656 οἶδε
1759 2629 1804 2663 τὴν

185 2671 457 2702 sionem.videlicct:
474 2673 559 2701 Nemo
577 2675 652 2701 novit
663 2674 751 2702 diem:
767 2675 967 2705 idcircorursus

1048 2677 1146 2712 ιέραν·
1171 2677 1216 2704 διὰ
1240 2677 1321 2703 τοῦτο
1342 2677 1422 2703 πάλιν
1443 2676 1594 2711 ἐρωτῶσιν.
1622 2676 1731 2710 Ἐπειδὴ
1754 2675 1804 2708 γὰρ

183 2716 591 2754 interrogant.Quandoquidem
601 2720 671 2746 enim
685 2720 855 2755 audiverant,
866 2730 895 2750 sc
908 2723 967 2757 Spi-

1048 2730 1154 2756 ιουσαν,
1180 2723 1222 2750 ὅτι
1246 2723 1276 2750 τὸ
1295 2722 1408 2750 Πνεῦμα
1431 2722 1557 2750 μέλλουσι
1585 2721 1744 2758 λαμϐάνειν,
1767 2719 1802 2750 ὡς

795 2810 894 2841 Varia:
912 2810 1065 2842 lectiones
1081 2815 1111 2843 et
1126 2815 1220 2844 notae.

233 2854 256 2870 "
271 2854 300 2881 δέ
314 2862 389 2881 ποτε.
404 2862 470 2882 erat.
511 2857 532 2873 ³⁷
546 2858 600 2886 Τσ,,
612 2858 778 2889 isi/0673;.
