1878 3056
60 162 103 194 51'}

431 158 634 190 EXPOSITIO
649 159 690 189 ΙΝ
707 159 802 190 ACTA
816 159 1105 192 APOSTOLORUM.
1125 174 1158 178 —
1174 161 1255 193 CAP.
1272 162 1297 192 Ῑ.

1626 163 1678 196 514

60 218 119 250 ἄξιοι
133 213 225 242 λοιπον
253 208 349 250 ἤθελον
374 214 471 250 μαθεῖν
496 215 544 241 καὶ
563 214 755 249 ἀπαλλαγῆναι
781 215 825 242 τῶι

916 221 971 242 ιυιιι
982 223 1043 243 esse
1054 221 1362 252 aeeepturos,tanquam
1376 217 1452 252 digni
1465 218 1597 254 deinceps
1606 221 1678 249 scire

57 262 181 297 δυσχερῶν
196 260 372 296 ἐπεθύμουν·
401 261 432 287 οὺ
450 261 504 296 γὰρ
532 260 674 288 ὲῦούλοντο
690 261 769 288 πάλιν
794 263 835 294 εἰς

57 309 110 339 τοὺς
137 307 272 342 ἐσχάτους
296 307 411 338 ἑαυτοὺς
441 308 566 334 καθεῖναι
596 307 748 339 κινδύνους.
777 308 834 334 Οὐκ

56 353 157 390 ἠρώτων
173 353 215 385 δὲ,
235 353 304 380 Πότε
317 361 324 385 ;
342 352 410 385 ἀλλ’,
426 353 457 379 Et
473 353 502 379 ἐν
517 352 556 388 τῷ
566 353 654 388 χρόνῳ
667 352 754 388 τούτῳ
766 353 835 379 ἀπο-

55 399 212 430 καθιστάνεις
227 399 278 434 τὴν
305 399 445 434 βασιλείαν
475 399 514 434 τῷ
551 398 684 434 Ἰσραήλ;
713 399 744 425 Ei
775 398 832 431 νῦν,

55 445 126 481 φησίν
152 445 174 461 ⁸⁸
192 453 199 460 ·
223 444 310 477 οὕτως
346 445 501 480 ἐπεθύμουν
523 445 572 478 τὴν
601 445 719 481 ἡμέραν.
756 445 834 480 Ἐμοὶ

54 491 166 523 ὁὲδοκεῖ,
201 491 264 517 οὐδὲ
287 491 475 527 τετρανῶσθαι
497 491 520 506 ⁵⁸
536 491 595 522 πῶς
614 491 636 506 ⁶⁰
663 491 768 522 αὐτοῖς,
792 491 833 522 τίς

54 547 107 564 ποτε
126 535 158 573 ἦν
172 538 188 572 ὴ
211 537 336 572 βασιλεία
347 546 354 553 ·
368 537 444 564 οὔπω
461 537 516 572 γὰρ
531 535 565 573 ἦν
584 537 615 564 τὺ
635 537 748 572 Πνεῦμα
763 537 834 564 διδά-

56 584 94 616 Ξσν
105 582 210 614 αὐτούς.
228 583 287 610 Οὐκ
299 581 375 610 εἷπον
389 583 506 615 δὲ,Πότε
524 583 609 615 ἐστὶν,
625 582 693 617 ἀλλ’,
718 584 748 609 Et
765 584 832 610 ἁπο-

53 629 211 660 καθιστὰνεις
227 629 310 660 αὑτός
322 639 329 644 ·
351 629 423 656 οὕτω
437 629 529 656 λοιπὸν
549 629 660 663 μείζονα
673 630 737 664 περὶ
749 628 832 656 αὑτοῦ

54 674 230 709 ιφςιντάζοντο.
262 674 312 701 Διὰ
340 675 419 701 τοῦτο
443 675 492 702 καὶ
522 675 604 706 αὐτὸς
637 675 786 710 ἀνειμένως
809 675 831 691 ⁶¹

55 723 132 752 αὐτοῖς
156 720 337 756 διαλέγεται·
355 721 447 748 οὐκέτι
471 721 525 757 γὰρ
553 721 643 755 λέγει,
673 721 714 748 ὅτι
738 721 799 748 οὐδὲ
818 721 832 747 0

56 769 108 799 Υίὶς
132 765 184 794 οἶδε
200 767 252 803 τὴν
272 767 398 803 ἡμέραν·
428 767 508 794 ἀλλὰ·
523 767 567 801 τίς
602 768 658 802 Οὐχ
681 767 758 802 ὑμῶν
774 768 832 794 ἑστι

56 814 142 849 γνῶναι
165 813 280 849 χρόνους
295 814 312 849 ἢ
340 812 464 849 καὶροὺς.
496 814 534 839 Οὐ
556 813 610 848 γὰρ
632 814 738 847 ἀγνοῶν
751 812 831 844 αὐτὸς

55 861 100 887 τῶν
112 860 215 895 χρόνων
237 860 269 886 τὸ
286 859 486 895 συμπέρασμα,
503 858 542 894 τῷ
559 859 645 894 llath
661 859 710 894 τὴν
725 859 830 894 εἴδησιν

887 261 1027 294 volebant,
1048 263 1097 297 ιι
1112 268 1138 290 et
1156 263 1190 289 ab
1207 263 1337 290 aerumnis
1359 268 1386 291 et
1406 264 1539 292 molestiis
1565 266 1677 294 liberari

887 313 971 343 atque
982 308 1093 344 defungi
1110 309 1269 344 cupiebant.
1281 308 1341 336 Non
1356 309 1428 336 enim
1441 318 1537 339 rursus
1552 313 1678 340 volebant

887 361 950 382 sese
965 356 1099 382 extremis
1112 355 1242 390 periculis
1260 355 1369 383 oll‘erre.
1388 355 1446 383 Non
1462 357 1677 385 sciscitabantur

885 405 987 432 autem,
1003 399 1139 433 Quando?
1161 400 1219 433 sed,
1237 401 1277 428 An
1294 401 1321 428 in
1341 402 1393 429 hoc
1408 407 1531 437 tempore
1551 404 1677 431 restituis

885 453 999 480 regnum
1017 446 1111 474 Israeli
1128 446 1140 472 7
1168 447 1209 474 An
1240 455 1323 480 nunc,
1355 448 1501 482 inquiunt:
1519 449 1588 476 adeo
1603 450 1675 477 diem

885 493 957 518 scire
989 492 1147 527 cupiebant.
1178 492 1244 520 Mihi
1275 498 1366 521 autem
1397 495 1514 528 videtur,
1547 503 1582 523 ne
1611 500 1676 524 tunc

884 537 994 572 quidem
1023 538 1113 565 adhuc
1139 539 1252 573 planum
1276 539 1378 566 factum
1406 540 1460 567 illis
1478 541 1572 574 fuisse,
1590 543 1675 577 quod.

884 590 947 610 nam
977 591 1090 619 regnum
1120 584 1229 612 tandem
1248 590 1344 613 esset:
1365 586 1486 613 nondum
1515 587 1587 614 enim
1617 593 1676 616 erat

884 629 1012 663 Spiritus,
1036 630 1082 664 qui
1101 630 1211 658 doceret
1237 631 1309 658 illos.
1336 630 1394 658 Non
1419 631 1547 660 dixerunt
1570 637 1673 667 autem,

883 674 1000 708 Quando
1015 677 1067 702 erit
1084 685 1090 702 :
1111 676 1171 708 sed,
1189 676 1230 703 An
1247 677 1372 705 restituis
1396 677 1465 712 ipse.
1481 677 1556 706 Adeo
1571 679 1674 714 majora

883 720 1012 756 deinceps
1034 721 1069 748 de
1089 722 1136 748 illo
1164 722 1387 757 imaginabantur
1411 727 1439 750 et
1469 724 1562 753 animo
1581 726 1675 753 conci-

883 767 1006 802 piehaut.
1022 767 1127 795 Idcirco
1141 769 1224 796 etiam
1244 769 1302 804 ipsc
1323 769 1427 804 placide
1441 775 1468 798 et
1489 772 1587 799 leniter
1609 780 1673 800 cum

883 813 937 840 illis
957 815 1170 842 sermocinatur.
1197 814 1258 843 Non
1288 816 1361 844 enim
1383 816 1437 851 jam
1453 818 1571 852 amplius
1583 818 1671 846 dicit:

883 858 921 886 Ne
938 858 1024 887 Filius
1043 860 1154 894 quidem
1170 861 1241 888 diem
1257 862 1331 889 novit
1347 871 1354 889 :
1377 863 1424 890 sed
1439 863 1504 898 quid
1520 863 1532 890 7
1553 863 1613 891 Non
1631 868 1674 892 est

56 906 221 942 παρέπεμψεν
237 913 244 921 ·
275 905 334 933 ἀλλ’
361 906 456 941 ἐπειδὴ
475 906 589 940 περιττή
612 913 654 937 τις
674 905 796 940 ὑπῆρχεν
813 905 825 939 ἦ

918 910 1006 932 strum
1022 906 1094 933 scire
1110 910 1234 941 tempora
1249 911 1276 935 et
1289 912 1425 935 momenta
1438 911 1602 944 temporum.
1613 909 1673 937 Non

56 952 183 988 ἐρώτησις,
205 951 405 987 συμφερόντως
418 950 625 987 παρεσιώπησε.
656 951 761 982 Σκοπὸς
775 950 830 986 γὰρ

55 998 82 1034 ἦν
94 998 160 1034 αὐτῷ
177 999 227 1034 τὴν
246 999 287 1030 εις
306 997 387 1024 τοῦτο
401 996 670 1033 πολυπραγμοσύνην
695 996 830 1028 ἀνακόψαι

54 1046 97 1072 τῶν
120 1045 257 1081 μαθητῶν.
293 1044 446 1080 Κηρύττειν
477 1045 532 1080 γὰρ
559 1044 658 1074 αὐτοὺς
685 1044 830 1070 ἀπέστειλε

55 1093 94 1128 τὴν
111 1092 246 1128 βασιλείαν
266 1091 321 1118 τῶν
335 1090 472 1127 οὐρανῶν,
494 1091 524 1116 οὐ
541 1090 591 1125 τὴν
615 1090 752 1125 ποσότητα
775 1089 830 1116 τῶν

55 1139 143 1173 χρόνων
156 1137 385 1173 κατασημαίνειν.
407 1137 444 1164 00
460 1136 536 1171 λέγει
551 1136 579 1163 δὲ
599 1136 692 1168 αὐτοῖς
711 1136 757 1162 τὸν
769 1144 829 1162 και-

56 1185 101 1220 ρὸν,
128 1183 160 1210 τὰ
189 1183 281 1219 πολλῷ
302 1183 388 1218 μείζω
411 1182 520 1215 διδάξας
537 1190 544 1197 ⁵
567 1182 622 1214 ἵνα,
642 1182 680 1213 ὡς
698 1181 828 1212 πολλάκις

54 1230 153 1264 εῳαμεν,
173 1228 356 1264 ἐγρηγορότες
367 1225 419 1255 ὦσι
432 1236 439 1243 ·
457 1228 505 1254 καὶ
520 1228 562 1254 ὅτι
572 1227 649 1254 οὐδὲν
664 1227 828 1254 ὶὸλάπτοντο

56 1275 86 1310 μὴ
100 1274 192 1306 εἰδότες
207 1282 215 1290 ·
243 1274 307 1301 ἐπεὶ
335 1273 426 1309 πολλῷ
443 1272 554 1309 μείζονα
575 1273 670 1300 τούτου
684 1272 803 1304 ἐδίδαξεν
819 1279 826 1286 ⁶

54 1320 154 1352 ὁτιΥίός
165 1321 222 1346 ἐστι
242 1320 291 1347 τοῦ
303 1319 370 1346 Θεοῦ
382 1340 390 1352 ,
407 1320 453 1346 καὶ
469 1319 510 1346 ὅτι
525 1319 655 1354 ὁμότιμος
668 1318 706 1353 τῷ
722 1318 809 1353 Πατρί
819 1325 826 1332 ·

55 1367 86 1392 ὅτι
104 1365 207 1400 ἀνέστη,
231 1366 275 1392 ὅτι
298 1365 448 1397 ἀνάστασις
466 1365 554 1397 ἔσται,
593 1365 635 1391 ὅτι
653 1365 756 1400 κρίσις,
785 1364 827 1391 ὅτι

55 1411 164 1437 ὲίᾱθισεν
185 1411 214 1437 ὲν
239 1411 315 1446 δεξιᾷ
340 1410 389 1437 τοῦ
410 1410 529 1446 Πατρός.
550 1409 584 1437 Τί
603 1409 668 1445 γὰρ,
686 1409 746 1436 εἰπέ
770 1417 826 1444 μοι,

55 1457 155 1491 μεῖζον;
186 1456 216 1483 τὸ
243 1456 340 1492 μαθεῖν
366 1456 408 1483 ὅτι
434 1455 609 1491 βασιλεύσει,
639 1455 657 1490 ἢ
685 1457 716 1481 τὸ
738 1454 825 1486 mite;

57 1502 148 1536 Ἐμαθε
165 1501 272 1534 Παῦλος
293 1501 311 1529 ἃ
333 1502 384 1528 οὐκ
413 1501 473 1534 ἐξὸν
491 1501 629 1537 ἀνθρώπῳ
653 1501 742 1528 λαλεῖν
755 1510 762 1517 ο
780 1502 827 1528 καὶ

55 1547 158 1582 Μωῡσῆς
180 1546 267 1582 ἔμαθε
282 1546 330 1582 τὴν
347 1546 434 1582 ἀρχὴν
449 1546 496 1574 τοῦ
514 1547 619 1582 κόσμου
634 1554 640 1562 ·
663 1547 710 1573 καὶ
739 1547 804 1573 πότε
817 1555 824 1563 ·
840 1567 861 1596 c

56 1594 94 1620 καὶ
109 1593 157 1628 πρὸ
172 1593 264 1619 πόσων
282 1593 387 1627 χρόνων
400 1601 407 1608 ·
432 1594 479 1619 καὶ
500 1593 614 1628 ἀριθμεῖ
624 1592 659 1619 τὰ
673 1593 720 1627 ἔτη
737 1601 744 1609 ·
760 1592 824 1619 καί-

54 1647 88 1666 τοι
106 1639 121 1674 ή
136 1639 204 1674 ἀρχη
217 1637 267 1664 τοῦ
288 1638 380 1670 τέλους
397 1638 437 1670 είς
452 1638 562 1672 γνῶσιν.
579 1639 616 1670 ὡς
634 1638 747 1670 ἐπίπαν,
761 1640 825 1666 δυσ-

54 1684 206 1720 κολώτερον·
245 1683 344 1716 ἄλλως
357 1683 396 1716 δὲ,
417 1684 515 1710 ἐκεῖνοι
531 1684 590 1710 οὐδὲ
618 1685 682 1719 περὶ
704 1685 753 1720 τῆς
774 1693 825 1711 κα-

56 1729 121 1756 θόλου
138 1729 216 1756 αὑτὸν
229 1729 345 1764 ἠρώτων
360 1728 530 1759 συντελείας
550 1727 619 1760 ἀλλ’,
638 1727 670 1754 Εἰ
685 1728 724 1762 τῷ
735 1728 824 1763 χρόνῳ

55 1776 127 1810 τούτῳ
145 1775 375 1806 ἀποκαθιστάνεις
392 1774 442 1810 τὴν
465 1773 604 1808 βασιλείαν
625 1773 664 1809 τῷ
695 1774 824 1809 Ίσραήλ;

60 1822 84 1848 '0
96 1821 121 1848 δὲ
133 1822 191 1848 οὐδὲ
210 1821 291 1848 τοῦτο
317 1821 410 1852 αὐτοῖς
434 1818 601 1854 ὲξεκάλυψεν
617 1827 625 1835 ·
652 1819 710 1846 ἀλλ’
731 1819 825 1855 ὥσπερ

55 1869 103 1894 ἐκεῖ
116 1867 282 1903 ἁπεκρίνατο
305 1866 420 1900 ἀπάγων
441 1866 540 1897 αὐτοὺς
557 1865 604 1891 τοῦ
631 1865 752 1900 νομίζειν
774 1866 825 1901 τὴν

56 1913 196 1948 ἀπαλλαγὴν
211 1912 267 1940 τῶν
285 1911 424 1948 δυσχερῶν
443 1910 513 1938 εἶναι
534 1911 648 1946 πλησίον
664 1919 671 1926 ·
697 1911 755 1938 ἀλλ’
783 1912 824 1938 ὅτι

57 1958 95 1985 καὶ
113 1958 214 1990 πολλοῖς
230 1957 443 1994 περιπεσοῦνται
461 1956 606 1988 κινδύνοις,
628 1956 699 1983 οὕτω
720 1956 765 1983 καὶ
782 1957 825 1982 ἐν·

54 2003 137 2035 ταῦθα,
153 2003 220 2039 πλὴν
241 2002 419 2039 ἡμερώτεςον
433 2010 442 2018 ο
459 2001 538 2035 ἀλλὰ,
555 2001 680 2037 Λήψεσθε
697 2001 822 2036 δύναμιν.

56 2047 120 2082 hin,
135 2049 175 2075 ἵνα
194 2049 232 2084 μὴ
247 2049 328 2076 πάλιν
344 2048 426 2074 αὐτὸν
442 2048 593 2082 ἐρωτῶσιν,
611 2047 711 2077 εὐθέω;
725 2047 821 2082 ἀνελὴ-

57 2094 110 2129 φθη.
123 2093 195 2128 Εἶτα,
214 2095 283 2131 [Ἕνα
299 2096 336 2130 μὴ
350 2095 458 2126 εῐπωσι,
471 2093 547 2120 Διατί
558 2094 718 2130 ὲπαίρειςτδ
735 2095 824 2130 πρᾶγ-

58 2149 86 2174 μα
99 2149 106 2174 ;
121 2140 210 2177 φη]σὶν
231 2142 247 2168 0
267 2141 331 2173 Υἱός
343 2149 350 2156 ·
374 2141 428 2172 Οὓς
441 2141 456 2167 0
468 2140 563 2175 Πατὴρ
582 2140 658 2166 ἔθετο
677 2141 706 2167 ὲν
720 2142 754 2176 τῇ
771 2140 824 2176 ἰδίᾳ

58 2186 149 2223 ἐξουσίᾳ
161 2196 168 2203 ·
183 2188 200 2222 ἡ
214 2187 245 2214 δὲ
258 2187 306 2214 τοῦ
323 2186 429 2222 Πατρὺς
444 2186 564 2219 ἐξουσία,
577 2186 699 2221 δηλονότι
716 2188 763 2214 καὶ
776 2186 823 2213 τοῦ

881 951 967 983 enim,
982 951 1046 986 quia
1063 951 1122 986 ipse
1137 952 1276 988 ignoraret
1292 958 1444 988 temporum
1456 952 1673 983 consummatio-

880 1003 942 1023 nem
965 996 999 1023 ad
1024 995 1132 1024 Patrem
1163 997 1306 1025 scientiam
1339 998 1449 1033 rejicit:
1475 1000 1522 1027 sed
1541 1002 1671 1035 quoniam

881 1048 1052 1076 supervacua
1069 1042 1181 1077 quidam
1205 1047 1264 1070 erat
1285 1044 1473 1080 interrogatio,
1491 1046 1594 1074 utiliter
1607 1047 1673 1074 reti-

879 1087 947 1115 cuil.
964 1087 1031 1114 Nam
1050 1087 1076 1115 id
1092 1088 1199 1123 agebat,
1217 1094 1245 1116 ut
1263 1089 1322 1123 ejus
1342 1091 1380 1118 rei
1397 1091 1535 1118 curiosam
1548 1091 1673 1127 discipu-

879 1133 967 1160 lorum
991 1134 1190 1162 scrutationem
1222 1135 1383 1170 reprimeret
1410 1142 1493 1172 atque
1523 1138 1670 1167 inhiberet.

880 1177 1004 1206 Mittebat
1017 1179 1089 1206 enim
1099 1186 1158 1211 eos,
1171 1184 1201 1206 ut
1212 1179 1392 1214 praedicarent
1403 1189 1514 1216 regnum
1525 1183 1670 1216 malorum,

879 1231 934 1250 non
967 1228 996 1251 ut
1024 1224 1158 1251 rationem
1191 1229 1343 1259 temporum
1365 1231 1504 1254 notarent.
1529 1227 1589 1255 Non
1613 1229 1671 1256 edit

879 1272 972 1295 autem
994 1268 1049 1296 illis
1067 1269 1212 1296 articulum
1229 1269 1374 1304 temporis,
1387 1277 1446 1298 eum
1467 1271 1553 1299 multo
1566 1272 1669 1306 majora

878 1314 1029 1347 docuisset,
1043 1317 1084 1346 ut,
1098 1314 1328 1349 quemadmodum
1347 1323 1419 1350 sape
1431 1316 1511 1349 dixit,
1526 1317 1669 1353 vigilantes

877 1364 990 1388 essent:
1011 1364 1038 1387 et
1053 1359 1127 1394 quod
1143 1360 1212 1387 nihil
1229 1360 1270 1388 eis
1286 1361 1333 1387 illa
1360 1361 1516 1397 ignorantia
1547 1368 1668 1396 noceret,

877 1405 1008 1440 quoniam
1024 1406 1105 1440 longe
1134 1406 1249 1441 majora,
1268 1413 1352 1442 quam
1382 1407 1440 1434 haec
1464 1415 1509 1435 res
1534 1412 1603 1440 erat,
1619 1409 1669 1436 do-

877 1454 991 1483 cuerat,
1018 1450 1092 1485 quod
1128 1450 1215 1477 Filius
1262 1449 1310 1477 Dei
1355 1456 1448 1484 esset,
1484 1453 1556 1487 qurd
1594 1453 1669 1482 Patri

877 1496 1002 1531 :equalis,
1034 1495 1108 1530 quod
1136 1496 1356 1524 resurrexisset:
1389 1497 1462 1532 quod
1488 1500 1667 1532 resurrectio,

878 1542 1095 1578 quodjudieinm
1110 1542 1202 1570 l'utura
1217 1543 1274 1570 sint
1290 1544 1382 1578 :quod
1398 1544 1513 1572 sedebat
1526 1545 1560 1572 ad
1575 1546 1670 1574 dexte-

880 1596 937 1616 ram
970 1589 1070 1617 Palris.
1098 1589 1168 1623 Quid
1193 1590 1277 1622 enim,
1292 1590 1337 1618 dic
1365 1590 1442 1623 mihi,
1464 1591 1575 1626 majus?
1597 1593 1670 1620 scire

877 1635 949 1670 quod
965 1639 1129 1671 regnaturus
1145 1635 1192 1668 sit,
1227 1643 1273 1669 an,
1301 1636 1430 1672 quando?
1447 1637 1584 1666 Didicerat
1598 1638 1670 1666 Pau-

877 1680 930 1712 lus,
943 1688 1003 1715 qua:
1014 1677 1117 1707 ho'mini
1132 1680 1207 1716 loqui
1220 1688 1274 1708 non
1289 1680 1399 1713 licebat,
1423 1685 1451 1710 et
1473 1682 1581 1719 Moyses
1597 1683 1670 1711 didi-

877 1731 953 1754 cerat
970 1726 1076 1754 initiqu
1093 1727 1187 1754 mundi
1204 1736 1210 1755 :
1239 1731 1277 1760 et,
1307 1728 1417 1764 quando
1433 1736 1440 1755 :
1455 1733 1492 1762 et,
1507 1734 1570 1757 ante
1584 1738 1667 1765 quam

877 1774 962 1799 multa
973 1776 1117 1806 tempora:
1141 1776 1168 1800 et
1195 1777 1322 1800 numerat
1337 1781 1444 1801 annos:
1472 1775 1548 1810 atqui
1564 1776 1669 1810 princi-

877 1818 951 1854 pium
978 1818 1005 1845 in
1038 1819 1197 1846 universum
1227 1819 1338 1854 cognitu
1355 1820 1492 1849 dillicilius
1520 1825 1562 1848 est
1585 1829 1668 1857 quam

877 1865 950 1892 linis.
967 1865 1057 1900 Atque
1072 1865 1153 1892 aliter
1170 1864 1234 1892 :llli
1262 1872 1312 1892 nec
1327 1866 1361 1893 de
1386 1867 1534 1894 universali
1556 1868 1667 1903 quidem

876 1912 1112 1940 consummatione
1128 1919 1190 1939 eum
1206 1912 1409 1947 interrogabant
1425 1922 1432 1940 :
1451 1914 1510 1945 sed,
1521 1916 1562 1941 An
1575 1914 1602 1941 in
1616 1914 1668 1942 hoc

877 1962 1000 1992 tempore
1014 1957 1138 1985 restituis
1160 1965 1274 1992 regnum
1304 1958 1396 1986 lsraeli
1412 1959 1425 1986 Ἰ
1451 1959 1486 1986 At
1509 1960 1555 1987 ille
1568 1967 1602 1987 ne
1615 1960 1668 1988 hoc

875 2002 986 2038 quidem
1016 2003 1057 2030 eis
1085 2003 1234 2037 patefecit:
1268 2003 1316 2031 sed
1346 2004 1575 2038 quemadmodum
1611 2005 1668 2034 illic

877 2048 912 2075 ita
931 2048 1084 2082 respondit,
1101 2053 1129 2074 ut
1143 2047 1292 2074 abduceret
1303 2055 1351 2074 eos
1366 2048 1400 2075 ab
1416 2048 1462 2074 illa
1476 2048 1617 2081 opinione,
1632 2056 1667 2076 ne

876 2097 1004 2129 putarent
1019 2092 1099 2120 linem
1115 2091 1301 2119 molestiarum
1323 2098 1349 2120 et
1365 2100 1550 2120 aerumnarum
1567 2100 1666 2128 appro-

876 2139 1022 2174 pinquare,
1053 2138 1101 2166 sed
1117 2138 1240 2165 futurum
1256 2146 1328 2171 esse,
1343 2143 1373 2166 ut
1391 2139 1418 2166 in
1439 2139 1524 2167 multa
1536 2139 1665 2175 deinceps

875 2186 957 2213 etiam
973 2185 1094 2220 pericula
1111 2185 1336 2213 inciderent:ita
1357 2185 1439 2213 etiam
1461 2185 1517 2219 hic,
1553 2190 1666 2221 praeter-

57 2231 110 2258 ὶῖοῡ
121 2240 127 2247 ·
144 2232 236 2269 ὥσπερ
248 2234 301 2269 γὰρ
318 2233 332 2260 0
355 2233 451 2268 Πατὴρ
461 2232 562 2267 ὲγείρει
574 2232 637 2262 τοὺς
648 2232 763 2267 νεκροὺς
776 2232 822 2258 καὶ

915 2240 956 2259 ani
995 2231 1067 2267 quod
1100 2232 1219 2261 mitius:
1255 2231 1308 2259 Sed
1342 2232 1484 2268 accipietis
1523 2233 1664 2262 virtutem.

56 2275 173 2311 ζωοποιεῖ,
185 2278 256 2304 οὓτω
268 2278 315 2304 καὶ
327 2278 341 2304 0
354 2277 428 2310 Υἱὸς,
443 2275 489 2308 οὓς
506 2276 587 2307 θέλει,
605 2276 741 2308 ζωοποιεῖ.
753 2276 785 2303 Εἰ
795 2276 823 2302 δι

57 2320 108 2348 ἔνθα
119 2323 283 2356 ἐργάσασθαι
295 2322 335 2349 δεῖ
350 2322 383 2349 τὰ
395 2321 518 2357 φρικώδη
532 2321 579 2347 καὶ
593 2321 738 2356 ἀπόρρητα.
754 2321 823 2356 μετὰ

57 2367 96 2401 τῆς
110 2369 231 2401 ἐξουσίας
257 2370 271 2396 0
290 2369 323 2395 ⁶¹.
351 2369 366 2395 0
392 2368 486 2403 Πατὴρ
504 2368 526 2383 ⁸³
552 2367 709 2402 ἐργάζεται,
733 2368 824 2403 πολλῷ

58 2414 151 2448 μᾶλλον,
168 2415 232 2443 ἔνθα
253 2415 295 2442 δεῖ
313 2415 422 2442 ειδέναι.
445 2414 539 2449 Πολλῷ
563 2414 617 2449 γὰρ
634 2414 727 2448 μεῖζον
754 2414 784 2440 τὸ
801 2414 824 2430 ⁸⁵

57 2461 151 2494 νεκροὺς
182 2461 300 2497 ἐγείρειν
327 2461 396 2497 μετὰ
418 2460 469 2496 τῆς
501 2461 561 2494 ίσης
592 2461 639 2486 καὶ
662 2462 711 2494 τῆς
736 2461 822 2495 αὐτῆς

58 2506 162 2539 ἐξουσίας
183 2508 222 2543 τῷ
247 2508 346 2542 Πατρὶ,
368 2507 385 2542 ἦ
404 2507 453 2542 τὴν
467 2507 575 2542 ἡμέραν
598 2506 708 2532 ειδέναι.
730 2507 779 2533 Διὰ
795 2507 822 2532 τί

874 2278 979 2304 Deinde
998 2285 1032 2304 ne
1046 2285 1143 2305 rursus
1156 2285 1218 2305 eum
1231 2277 1433 2313 interrogarent
1450 2278 1542 2305 statim
1558 2286 1665 2306 assum-

875 2327 938 2359 ptus
955 2327 1008 2351 est.
1025 2322 1172 2355 Praeterea,
1190 2331 1224 2351 ne
1242 2331 1340 2351 rursus
1355 2323 1478 2351 dicerent
1495 2333 1502 2352 :
1531 2324 1585 2352 Cur
1606 2333 1663 2352 rem

875 2369 968 2396 dill‘ers
996 2373 1023 2396 et
1049 2368 1217 2404 suspendis?
1244 2368 1342 2402 Filius,
1361 2368 1435 2402 Quos
1450 2368 1540 2402 Pater,
1564 2369 1662 2403 inquit,

875 2415 966 2449 posuit
992 2415 1018 2441 in
1052 2423 1103 2442 sua
1130 2419 1275 2450 potestate.
1307 2414 1397 2443 Patris
1423 2419 1512 2442 autem
1541 2419 1664 2450 potestas

875 2461 1002 2488 videlicet
1026 2461 1109 2488 etiam
1123 2460 1185 2488 Filii
1209 2465 1331 2496 potestas
1357 2465 1408 2489 est.
1428 2460 1663 2494 Quemadmodum

874 2507 946 2534 enim
968 2506 1057 2538 Pater,
1078 2506 1116 2533 ita
1139 2506 1222 2533 etiam
1235 2505 1331 2540 Filius,
1355 2514 1425 2542 quos
1446 2507 1504 2535 vult
1519 2507 1665 2535 resuscitat

631 2577 731 2608 Variae
747 2576 900 2608 lectiones
924 2581 954 2609 et
974 2582 1070 2609 notae.

84 2626 166 2660 "10.,
186 2637 277 2663 φασιν.
316 2629 341 2645 ¹⁹
357 2628 513 2664 τρανῶσθαί
526 2637 594 2661 πως,
610 2634 679 2656 eral.
719 2629 741 2645 ‘°
759 2629 803 2655 ἵσ,
815 2637 868 2656 πω.

58 2660 131 2699 (tendi,
146 2668 174 2690 ut
190 2660 276 2698 posui.
314 2665 337 2680 "
354 2660 420 2690 lii-ut
437 2664 505 2690 enim
525 2663 655 2697 ejusnmui
669 2669 744 2697 nam,
766 2664 889 2699 quoniam
905 2673 961 2699 non.
977 2660 1110 2698 peieratur
1124 2663 1226 2698 assequi
1254 2663 1305 2690 nisi
1322 2660 1484 2697 conjectura;

59 2695 107 2728 Υἱος
132 2695 202 2725 καὶὸ
218 2700 324 2735 Πατὴρ,
336 2699 364 2735 ἢ,
377 2700 414 2731 ὡς
432 2700 446 2725 ὁ
465 2695 570 2733 Παῐῆρ.
610 2699 632 2714 ⁵⁵
646 2700 690 2726 τόν
707 2695 774 2726 erat.

69 2780 94 2816 Ι*
111 2776 260 2816 Ver-babae
283 2779 423 2808 uneinnlis
448 2780 577 2807 conclusa
603 2779 703 2808 desunt
725 2781 752 2806 in
767 2778 826 2807 edt-

59 2813 119 2851 tioue
127 2813 246 2848 Siphani.
266 2816 302 2842 lla
325 2815 420 2849 procul
434 2815 519 2843 dubio
542 2816 703 2851 typographi
717 2815 824 2842 incuria

59 2847 207 2886 exiriderunt.
221 2850 287 2882 Nos,
300 2847 400 2885 quibus
416 2847 638 2881 codicemfunde
656 2847 688 2877 ea
704 2850 825 2877 manavit

60 2884 134 2910 editio.
168 2884 384 2914 inspicerentur:
414 2885 485 2916 licet.
510 2893 541 2914 ea
571 2893 603 2914 ex
624 2886 823 2915 Cltrvsostotno

915 2629 935 2645 ⁶¹
948 2629 1113 2664 άνιγμένως,
1126 2633 1183 2655 erat
1198 2635 1207 2654 :
1225 2627 1250 2654 in
1267 2628 1385 2662 margine
1403 2632 1547 2655 correctum
1570 2627 1663 2659 deprc-

915 2673 958 2689 mn
978 2670 1097 2689 nulemm
1124 2663 1226 2689 asseuui
1254 2663 1305 2689 nisi
1322 2664 1484 2689 coniectura;
1541 2663 1563 2679 ⁶³
1591 2663 1633 2689 ῐσ.
1649 2663 1663 2689 0

1591 2670 1633 2690 εσ.

880 2781 1072 2809 restituimus:
1098 2786 1161 2807 nam
1177 2788 1210 2808 ex
1223 2780 1318 2816 Latina
1334 2780 1569 2816 interpretatione,
1587 2786 1613 2808 et
1629 2790 1663 2810 ex

880 2815 914 2843 iis
929 2823 989 2850 quae
1004 2821 1168 2850 sequuntur,
1181 2819 1264 2850 patet,
1274 2815 1518 2851 Theophylactum,
1533 2817 1584 2844 hoc
1593 2817 1663 2850 loco,

881 2823 914 2843 ns
929 2823 989 2850 quae
1004 2823 1168 2850 sequuntur,
1181 2823 1264 2850 patet,
1278 2823 1518 2878 tlteopllplactllm,
1533 2823 1663 2850 nocloco,

881 2852 954 2878 sicut
969 2851 997 2877 in
1019 2851 1155 2887 plerisque
1176 2851 1254 2887 aliis,
1283 2851 1341 2886 ipsa
1365 2850 1385 2879 C.
1397 2854 1552 2887 trysostomi
1581 2854 1663 2881 verba

880 2893 1039 2917 usurpasse.
1061 2885 1156 2913 Edilor
1175 2885 1297 2914 Venetus.
