1878 3056
57 165 101 195 5T]
399 161 604 194 EXPOSITIO
624 164 664 195 IN
684 166 778 195 ACTA

565 161 604 194 Ῑῦ
624 164 664 195 ΙΝ
684 166 778 195 ACTA
799 165 1086 199 APOSTOLORUM.
1104 181 1137 186 —
1157 169 1237 200 CAP.
1261 171 1302 200 Il.

1620 172 1672 202 533

58 220 98 254 ὲΞῇ
112 218 201 250 αὐτοῖς
211 218 284 245 κατὰ
296 218 341 245 τὸν
355 218 439 253 νόμον
454 219 514 254 τρὶς
536 219 584 245 τοῦ
600 219 726 246 ἐνιαυτοῦ
741 220 799 254 φαίι

931 225 951 247 ιι
974 221 1040 255 illic,
1060 227 1089 250 ut
1112 223 1206 252 liceret
1231 225 1282 252 sibi
1304 225 1381 260 juxta
1401 225 1468 260 legis
1484 207 1670 262 pratscriptuui

59 266 112 291 σθαι
124 265 151 290 ὲν
165 264 203 299 τῷ
227 264 293 299 ναῷ.
311 264 382 299 Ὅρα
396 264 425 291 δὲ
443 265 498 290 τῶν
513 265 601 292 ἄλλων
620 265 670 300 τὴν
693 265 835 293 ἀπόνοιαν.

60 310 191 343 Γλεύκους,
208 311 289 345 φησι,
302 311 505 345 μεμεστωμένοι
521 311 589 338 εἰσί·
609 311 697 339 καίτοι
708 311 767 338 οὐδὲ
777 321 836 339 και-

59 357 97 391 ρὸς
109 354 140 390 ἦν
155 356 287 387 τοιοῦτος,
301 356 476 391 Πεντηκοστὴ
486 357 540 392 γὰρ
550 354 595 392 ἧν,
609 357 655 384 καὶ
666 357 725 393 ὢρᾳ
739 357 818 393 τρίτη
827 365 834 372 ·

58 402 107 428 ἀλλ’
121 401 194 428 οὑόὲν
220 401 296 428 ὀκνεῖ
316 402 332 436 ἡ
350 401 424 428 οἰκία
447 403 478 429 η.
505 403 542 429 Τὸ
562 403 589 429 δὲ
609 402 771 438 δεινότερον,
795 404 836 430 ὅτι

58 447 160 473 ἐκείνων
181 446 381 482 θαυμαζόντων
409 448 457 474 καὶ
479 448 682 483 ὁμολογούντων
700 449 837 476 Ἰουδαίων

58 494 142 524 ὄντων,
164 492 311 527 Ῥωμαίων
337 493 432 526 ὄντων,
465 494 642 529 προσηλύτων
668 495 764 527 ὄντων,
781 495 836 521 τῶν

59 539 266 572 σταυρωσάντων
298 538 375 571 ἴσως,
399 539 428 572 ξε
454 539 538 566 ἐθνῶν
565 541 658 575 σχεδὸν
688 541 834 573 ἁπάντων,

58 583 152 610 τούτων
167 585 370 619 κηρυττόντων
382 585 423 612 ὅτι
444 586 504 618 ταῖς
530 586 665 619 γλώσσαις
682 587 772 613 αὐτῶν
789 587 836 613 λα-

59 631 148 662 λοῦσιν,
166 630 319 666 εὑρέθησαν
334 631 408 665 ὅμως
427 631 500 663 τινὲς
514 631 701 667 χλευάζοντες.
718 632 837 667 Πότερον

60 674 82 701 δᾶ
94 675 436 710 οἰχλευάζοντεςσυνίεσαν
458 675 610 703 λαλούντων
631 676 768 710 γλώσσαις
782 676 837 703 τῶν

60 721 214 752 ἀποστόλων,
242 721 259 757 ἢ
285 721 359 756 οὐχί;
388 722 420 748 Et
435 721 484 757 μὲν
504 722 559 757 γὰρ
580 723 611 749 οὐ
625 723 762 754 συνίεσαν,
779 722 837 754 πῶς

61 767 150 798 πάσαις
163 765 302 801 γλώσσαις
321 767 432 794 ἐλάλουν
448 768 473 794 οι
500 768 664 801 ﬁndat-olor;
683 769 712 795 Et
727 768 755 795 δὲ
773 776 837 795 συιδ-

63 813 137 842 ίεσαν,
164 812 224 844 πῶς
266 812 424 849 ἐθάρρησαν
443 813 531 849 μέθην
559 814 744 847 αἰτιάσασθαι,
761 814 837 848 παρὰ

61 858 132 889 πόδας
144 858 253 892 ἔχοντες
269 858 332 890 τοὺς
346 859 484 894 ἐλέγχους,
498 859 597 891 αὐτοὺς
611 860 674 892 τοὺς
688 859 837 891 ἀκούοντας

63 904 103 930 ut
114 903 252 936 συνιέντας
269 905 310 931 ὅτι
325 904 462 938 γλώσσαις
483 905 594 932 λαλοῦσι
611 906 658 932 καὶ
675 905 706 933 οὐ
723 905 838 941 μεθύου-

63 958 112 982 cm;
127 949 203 976 οὕτω
220 950 271 984 μὲν
283 950 315 977 ἄν
329 959 371 981 τις
383 950 584 986 διαπορήσειεν,
601 951 672 986 Ἐγὼ
686 951 713 978 δὲ
728 951 839 978 τούναν-

63 995 111 1020 τίον
123 994 201 1028 φημὶ,
218 994 258 1025 ὡς
273 995 297 1021 εί
312 995 350 1030 μὴ
375 996 513 1028 συνίεσαν,
529 996 584 1022 οὔδ’
600 996 634 1023 ἂν
650 997 689 1028 είς
704 996 789 1032 μέθην
807 997 838 1024 τδ

64 1040 143 1074 θαῦμα
161 1040 316 1067 διέϐαλλον·
333 1041 359 1067 τί
373 1041 427 1076 γὰρ
446 1041 478 1068 ἄν
495 1050 537 1073 τις
549 1042 597 1068 καὶ
611 1042 762 1070 διαϐάλλειν
777 1044 840 1070 ἐπι-

64 1086 167 1121 χειροίη,
189 1087 260 1122 ὓπερ
285 1086 360 1113 οὐδὲν
386 1086 467 1114 αὑτὸν
503 1087 675 1122 παραλυπεῖς
696 1088 742 1114 Διὸ
765 1088 810 1114 καὶ
824 1089 838 1116 ὀ

65 1133 168 1164 Λουκᾶς,
185 1132 477 1168 χλευάζοντες,φησὶν,
490 1130 546 1160 οἷον
557 1134 740 1169 διασύροντες,
749 1135 838 1162 ἐνδια-

65 1178 204 1207 ϐάλλοντεε.
233 1178 377 1205 Διέϐαλλον
410 1179 456 1206 οὖν
483 1180 520 1211 ὠς
548 1179 683 1212 συνιέντες
701 1180 769 1215 ῑμὲν,
801 1180 838 1216 μὴ

65 1223 231 1259 ἀρεσκόμενοι
247 1224 275 1250 δὲ
293 1225 350 1255 τοῖς
380 1224 555 1260 λεγομένοις⁸
581 1226 616 1253 τὰ
636 1226 691 1261 γὰρ
707 1226 838 1261 μεγαλεῖα

65 1269 146 1304 ἔλεγον
170 1270 270 1296 ἐκεῖνοι
299 1270 346 1296 τοῦ
375 1270 454 1298 Θεοῦ.
482 1270 544 1302 Πῶς
567 1269 613 1298 οὖν
641 1271 778 1304 συνιέντες
798 1273 838 1304 εἶς

67 1315 142 1350 μέθην
163 1316 295 1351 ἀνέφερον
312 1315 347 1342 τὰ
371 1315 523 1351 λεγόμενα;
543 1316 610 1343 Ἀπὸ
645 1317 746 1352 πολλῆς
769 1318 839 1345 ἀπο-

66 1362 140 1393 νοίας,
168 1361 198 1394 ἐξ
223 1361 448 1397 ὑπερϐαλλούσης
483 1361 633 1397 ὠμότητος.
676 1362 757 1394 Ἕθος
785 1363 839 1399 γάρ

66 1408 116 1434 ἔστι
132 1409 184 1439 τοῖς
199 1407 320 1439 πολλοῖς,
337 1407 370 1434 ἂν
385 1408 422 1442 μὴ
445 1407 616 1443 ὰρέσκωνται
634 1409 656 1424 ⁸⁵
679 1409 736 1440 τοῖς
762 1409 840 1443 λεγο-

69 1453 158 1488 μένοις,
175 1453 306 1489 δαιμονᾷν
338 1453 354 1489 ἢ
376 1453 542 1489 παραπαίειν
571 1454 697 1489 ἡγεῖσθαι
725 1455 770 1482 τὸν
797 1454 840 1481 λέ-

68 1507 156 1533 γοντα,
170 1499 186 1535 ἢ
206 1499 293 1534 μέθην
311 1499 450 1526 αἰτιᾶσθαι
468 1500 515 1527 καὶ
528 1499 566 1534 μὴ
579 1500 699 1527 συνιέναι
710 1500 727 1527 ἃ
744 1500 818 1534 λέγει
829 1509 838 1518 ⁸

889 270 928 292 ter
949 269 1096 302 quotannis
1123 277 1283 305 comparere
1308 271 1335 298 in
1361 271 1472 306 templo.
1493 272 1557 300 Vide
1582 278 1671 300 autem

887 312 1001 339 aliorum
1014 313 1189 343 dementiam.
1208 315 1296 343 Musto
1318 317 1455 351 inqttiunt,
1478 318 1572 352 repleti
1598 322 1671 348 sunt;

888 360 964 393 atqui
977 368 1010 387 ne
1028 364 1134 395 tempus
1150 361 1258 396 quidem
1276 361 1338 388 anui
1355 362 1407 389 tale
1423 366 1491 388 erat.
1510 361 1673 389 PenteCoste

887 407 958 434 enim
977 411 1048 439 erat,
1066 410 1093 433 et
1108 407 1174 434 liora
1190 408 1279 434 tertia.
1299 406 1351 433 Sed
1372 407 1438 433 nihil
1456 415 1508 434 non
1526 408 1607 435 audet
1627 415 1675 434 ne-

888 451 983 486 quitia.
1014 451 1045 478 Et
1063 451 1137 487 quod
1164 452 1273 485 gravius
1298 455 1367 483 erat,
1385 452 1439 478 illis
1465 453 1628 478 mirantibus
1647 457 1674 479 et

886 497 1092 536 confitentibus,
1108 497 1154 532 qui
1174 497 1260 525 Judaei
1274 502 1363 530 erant,
1379 498 1424 533 qui
1444 497 1560 524 Romani
1582 501 1672 528 erant.

887 543 933 578 qni
951 544 1080 579 prosclyti
1100 548 1188 574 erant.
1205 544 1250 578 qtti
1269 544 1386 571 fortasse
1402 543 1606 574 erncilixerant,
1625 543 1670 578 qui

887 597 919 616 ex
937 590 1063 617 omnibus
1079 589 1134 617 fere
1152 590 1311 617 nationibus
1324 595 1421 617 erant:
1438 589 1493 616 illis
1520 585 1672 624 prtedicatn

888 635 973 668 tibus,
989 636 1059 669 quod
1075 643 1170 662 eorum
1186 635 1276 670 lingua
1289 635 1466 670 loquerentur
1478 655 1485 668 ,
1504 635 1671 662 exstiterunt

888 687 978 709 tamen
1004 682 1139 711 nonnulli.
1162 682 1207 716 qui
1239 681 1432 708 carillarentur
1459 686 1486 707 et
1514 681 1670 708 irridcrrnt.

888 726 984 754 Utrum
992 731 1082 754 autem
1092 726 1141 758 illi,
1151 727 1196 761 qui
1207 726 1416 758 eavillabantur,
1427 724 1681 761 Qﬁi'ntelligvbant'

887 773 988 807 linguis
1000 773 1143 806 loquentes
1169 772 1318 806 apostolos,
1335 771 1446 798 annon?
1457 770 1524 797 Nam
1541 770 1673 805 siquidem

888 826 940 846 non
967 819 1162 853 lntelligebant.
1180 819 1226 854 qui
1245 819 1344 853 linguis
1372 816 1500 844 omnibus
1526 816 1674 844 utebantur

890 864 1025 899 apostoli?
1050 863 1098 890 Sin
1114 867 1206 891 autem
1225 863 1423 897 iutelligebant,
1441 870 1493 897 qua
1509 862 1673 889 conﬁdentia

890 909 1027 938 audebant
1045 909 1072 937 in
1092 909 1251 937 ebrietatem
1274 916 1385 936 causam
1404 907 1545 939 conferre,
1565 915 1625 935 cum
1641 907 1676 935 ad

888 955 970 990 pedes
995 955 1127 983 haberent
1152 962 1199 983 eos
1213 962 1229 982 ι
1243 954 1344 990 quibus
1366 953 1552 981 rel'utarentur
1565 957 1592 981 et
1607 961 1676 981 con-

889 1000 1073 1032 vincerentur,
1092 1007 1190 1034 nempe
1205 999 1278 1031 illos,
1305 998 1352 1033 qui
1373 998 1519 1026 audiebant
1533 1002 1560 1024 et
1575 997 1677 1024 intelli-

890 1045 1000 1080 gebant,
1015 1044 1089 1079 quod
1106 1044 1206 1080 linguis
1223 1044 1401 1079 loquerentur
1423 1047 1451 1070 et
1474 1050 1527 1070 non
1545 1042 1614 1070 ebrii
1633 1049 1678 1069 es-

889 1092 967 1117 sent‘i
983 1090 1073 1125 Atque
1087 1089 1125 1116 ita
1137 1089 1249 1124 quidem
1265 1088 1365 1123 aliquis
1381 1087 1559 1122 disceptando
1576 1087 1676 1122 quaesi-

889 1135 973 1163 verit.
994 1135 1051 1170 Ego
1069 1141 1134 1162 vero
1159 1134 1332 1161 contrarium
1363 1127 1438 1160 dico.
1453 1131 1521 1159 Nam
1542 1132 1676 1167 siquidem

890 1189 944 1209 non
962 1180 1161 1215 iutelligebant,
1174 1187 1225 1207 nec
1237 1179 1397 1208 ebrietatem
1414 1178 1524 1213 quidem
1542 1177 1677 1211 objicien-

891 1233 931 1256 tes
953 1227 1087 1255 miraculo
1113 1225 1302 1254 detrahebant.
1324 1223 1391 1252 Nam
1407 1232 1458 1251 cur
1474 1224 1557 1251 etiam
1576 1223 1676 1258 aliquis

889 1273 1082 1305 calumnietur,
1094 1279 1109 1298 a
1118 1278 1172 1306 quo
1184 1271 1257 1298 nulla
1270 1270 1396 1297 molestia
1406 1269 1559 1296 adiciatur?
1575 1269 1678 1301 Quam-

889 1318 982 1346 obrem
1015 1318 1097 1346 etiam
1129 1316 1237 1349 Lucas,
1266 1315 1444 1346 cavillantes,
1473 1314 1573 1349 inquit,
1596 1315 1676 1349 quasi

890 1363 1087 1395 obtrectantes,
1101 1362 1290 1390 criminantes.
1313 1361 1562 1389 Calumniabantnr
1593 1360 1676 1395 igitur

889 1409 968 1445 quasi
989 1409 1170 1443 intelligentes
1183 1408 1304 1444 quidem,
1319 1407 1366 1435 sed
1387 1415 1418 1434 ea
1437 1426 1445 1439 ,
1458 1415 1520 1442 qua:
1545 1407 1677 1434 diceban-

890 1459 944 1487 tur,
960 1462 1014 1481 non
1033 1453 1196 1488 probantes.
1216 1451 1360 1488 magniﬁca
1380 1459 1496 1486 namque
1521 1458 1604 1486 opera
1629 1450 1677 1478 Dei

891 1500 928 1527 illi
939 1498 1181 1534 exponebatttuni
1193 1505 1258 1533 ergo
1271 1505 1333 1525 cum
1346 1497 1538 1533 intelligerent.
1552 1496 1579 1524 in
1591 1496 1686 1524 ebrie-

69 1545 146 1572 καίτοι
177 1545 305 1572 κάκείνου
335 1545 466 1580 ἀσφαλῶς
493 1545 694 1582 φθεγγομένου,
723 1548 772 1574 καὶ
792 1556 810 1574 τι

943 1553 975 1573 tm
990 1544 1167 1572 conferebant
1183 1551 1226 1576 ea,
1243 1551 1306 1579 quae
1323 1543 1504 1570 dicebantur?
1529 1541 1684 1577 Permagna

69 1591 231 1625 χλευάζοντος
255 1591 418 1626 αἰτιωμένου
444 1591 519 1626 ὅμως
548 1592 695 1624 ἀκούοντος
710 1593 757 1619 καὶ
779 1602 843 1620 συν-

70 1636 153 1666 ιέντος.
172 1635 286 1662 Ἐκεῖνοι
304 1635 333 1662 δὲ
359 1637 406 1662 καὶ
439 1635 540 1669 μᾶλλον
557 1636 691 1673 ὲθάῥρουν
715 1638 842 1672 ἐγκαλεῖν

70 1681 161 1715 μέθην,
176 1682 216 1708 ὅτι
229 1682 277 1709 καὶ
293 1683 324 1717 τῇ
342 1681 395 1718 ίόίᾳ
405 1682 515 1719 γλώσσῃ
528 1683 684 1716 ἀκούοντες,
713 1684 760 1711 καὶ
779 1684 843 1717 τοὺς

69 1726 154 1759 ἄλλους
166 1727 202 1763 μὴ
209 1727 504 1762 συνιέναινομίζοντες,
520 1728 567 1755 ἅτε
576 1728 608 1764 δὴ
625 1729 843 1764 ἐτερογλώσσους

69 1770 148 1802 ὄντας.
168 1772 249 1799 Αὐτοὶ
266 1771 316 1807 μὲν
341 1772 395 1807 γὰρ
420 1773 546 1800 συνίεσαν
559 1773 594 1800 τὰ
616 1773 767 1809 λεγόμενα·
782 1775 844 1806 τοὺς

70 1816 95 1843 δὲ
109 1816 213 1849 λοιποὺς
226 1838 234 1849 ,
244 1818 280 1845 δι’
297 1817 343 1849 οὓς
354 1818 401 1845 καὶ
419 1818 504 1854 μέθην
518 1818 675 1853 ἐχλεύαζον,
693 1819 725 1846 τὸ
750 1819 844 1854 θαῦμα

69 1863 112 1889 οὐκ
136 1863 258 1899 ἐνόμιζον
285 1863 411 1891 συνιέναι.
427 1864 533 1900 Ὠσπερ
554 1865 609 1900 γὰρ
630 1865 673 1892 ὅτε
689 1865 814 1898 ἐξέϐαλεν
829 1865 844 1892 ὁ

70 1909 195 1945 Δεσπότης
216 1910 252 1937 τὰ
275 1910 413 1945 δαιμόνια,
425 1909 550 1936 συνίεσαν
566 1911 615 1945 μὲν
625 1911 671 1937 καὶ
685 1910 799 1938 ἔϐλεπον
809 1910 844 1938 τὰ

70 1955 325 1990 ιιρατουργήματα,
352 1954 412 1982 δέον
435 1955 463 1981 δὲ
488 1955 593 1991 ὑμνεῖν,
619 1956 659 1987 εἰς
681 1955 844 1988 Βεελζεϐοὺλ

70 1999 228 2036 ὲνδιέσυρον,
249 2001 296 2028 καὶ
322 2001 417 2033 νόσους
445 2001 535 2033 πάσας
561 2002 610 2028 καὶ
635 2002 708 2038 πάθη
727 2003 844 2038 ὁρῶντες

72 2045 277 2081 θεραπευόμενα,
289 2046 338 2078 τὰς
351 2046 573 2083 θαυματουργίας
589 2047 687 2080 φθόνου
698 2049 745 2074 καὶ
762 2056 844 2074 συκο-

73 2091 176 2125 φαντίας
188 2093 237 2119 καὶ
271 2091 352 2127 φόνου
379 2091 446 2127 ὓλην
459 2092 612 2119 ἐποιοῦντο.
630 2092 707 2119 Οὕτω
722 2093 770 2119 καὶ
785 2093 844 2126 νῦν,

72 2137 230 2172 ἀρνήσασθαι
247 2137 285 2174 μὴ
301 2137 409 2173 ἔχοντες
420 2137 450 2164 τδ
476 2138 629 2173 παράδοξον
643 2139 689 2166 καὶ
706 2139 846 2174 ὐπερῳυές

71 2182 119 2208 τῶν
132 2183 271 2217 γλωσσῶν,
298 2184 374 2219 ὅμως
387 2184 427 2215 εις
444 2183 530 2220 μέθην
548 2183 578 2211 τδ
596 2183 688 2219 θαῦμα
705 2185 846 2222 διασύρειν

892 1590 1028 1619 amentia:
1042 1593 1154 1625 propter
1172 1589 1310 1624 ingentem
1328 1588 1532 1616 crudelitatetn.
1555 1586 1614 1614 Mos
1635 1591 1678 1614 est

891 1636 963 1665 enim
981 1635 1161 1667 multitudini,
1178 1640 1220 1667 ut,
1236 1635 1259 1662 si
1271 1641 1326 1662 non
1338 1635 1436 1668 probet
1450 1641 1492 1665 ea,
1505 1641 1565 1668 qua:
1580 1633 1678 1659 dicun-

891 1687 946 1715 tur,
962 1681 1096 1709 dzemonio
1113 1684 1268 1716 correptum
1280 1688 1342 1707 esse
1360 1684 1387 1708 et
1403 1679 1526 1707 insanire
1537 1684 1618 1714 atque
1632 1677 1679 1706 de-

891 1728 974 1760 lirare
994 1732 1068 1764 putet
1084 1727 1230 1760 dicentem,
1255 1731 1302 1753 aut
1325 1727 1353 1753 in
1380 1726 1542 1753 ebrietatem
1566 1732 1678 1752 causam

895 1774 1030 1808 conferat.
1046 1779 1073 1802 et
1086 1782 1181 1802 senon
1201 1773 1351 1808 intelligere
1367 1773 1490 1805 simulet,
1506 1779 1568 1807 qua:
1583 1772 1679 1798 dican-

893 1825 961 1848 tur:
981 1820 1090 1848 tametsi
1119 1824 1147 1847 et
1167 1819 1210 1847 ille
1227 1824 1300 1846 recte
1314 1823 1341 1846 et
1358 1819 1464 1853 integre
1489 1818 1628 1854 loquatur,
1647 1820 1675 1844 et

892 1866 1034 1894 cavillator
1048 1865 1155 1892 etiamsi
1174 1864 1348 1896 criminetur,
1366 1867 1458 1891 tamen
1485 1864 1578 1890 audiat
1595 1867 1622 1890 et
1637 1862 1680 1889 in-

893 1912 1007 1946 telligat.
1023 1909 1060 1937 Illi
1077 1918 1139 1937 vero
1153 1910 1238 1944 magis
1252 1909 1335 1936 etiam
1350 1908 1486 1936 audebant
1518 1908 1679 1936 ebrietatem

893 1956 1024 1992 objlcere.
1036 1954 1109 1990 quod
1123 1959 1149 1982 et
1162 1962 1211 1982 sua
1228 1954 1319 1988 lingua
1335 1953 1493 1985 audiebant,
1505 1957 1533 1980 et
1548 1953 1628 1984 alios.
1646 1957 1678 1980 ut

895 2002 1021 2030 homines
1038 2001 1168 2029 nimirum
1185 2001 1301 2028 diversze
1319 2000 1429 2035 linguae,
1451 2007 1506 2026 non
1529 1999 1697 2033 intelligere-

895 2047 1040 2083 putabant.
1055 2045 1124 2074 Nam
1149 2045 1201 2081 ipsi
1222 2045 1333 2080 quidem
1356 2043 1545 2080 iutelligebant
1564 2051 1596 2071 ea
1619 2051 1682 2077 qua:

895 2094 1076 2126 dicebantur;
1095 2092 1216 2128 reliquos
1243 2095 1349 2123 autem,
1371 2095 1483 2125 propter
1507 2097 1578 2126 quos
1596 2089 1680 2117 etiam

895 2139 1054 2167 ebrietatem
1066 2138 1226 2166 cavillantes
1240 2137 1397 2173 (apostolis)
1407 2135 1585 2170 objiciebant,
1596 2135 1681 2162 mira-

897 2186 989 2213 culum
1016 2184 1169 2219 intelligere
1193 2191 1248 2211 non
1271 2182 1413 2218 putabant.
1444 2179 1680 2214 Quemadmodum

72 2227 265 2264 ἁπετόλμησαν.
289 2229 360 2265 Ὅρα
388 2229 417 2256 δὲ
447 2229 495 2257 καὶ
525 2231 706 2266 κακουργίαν.
733 2232 813 2259 Ἐπει‹

945 2238 1058 2264 m,eum
1078 2229 1209 2257 Dominus
1235 2227 1348 2263 ejiceret
1372 2226 1518 2259 daemonia,
1546 2225 1681 2259 intellige-

72 2272 191 2300 ἀπίθανον
203 2272 238 2310 ἦν
249 2274 278 2301 τὺ
286 2274 395 2310 μεθύειν
410 2276 439 2302 ὲν
454 2274 514 2312 ὥρᾳ
524 2276 654 2312 τοιαύτῃ,
667 2278 714 2304 καὶ
730 2278 848 2313 μάλιστα

72 2319 221 2355 ἀνθρώπους
232 2321 261 2347 ὲν
274 2320 408 2353 κινδύνοις
416 2321 463 2348 καὶ
472 2321 565 2356 φόϐοις
576 2321 798 2358 ἐξεταζομένους,
813 2326 846 2360 τῇ

74 2365 186 2400 ποιότητι
202 2366 233 2392 τὸ
249 2366 303 2392 πᾶν
329 2366 522 2402 ἐπιγράφουσι,
541 2367 686 2400 Γλεύκους,
709 2368 845 2403 λέγοντες,

75 2411 269 2446 μεμεστωμένοι
297 2411 375 2440 εἷσεν,
389 2411 473 2438 Ἔνθα
489 2412 544 2448 γὰρ
568 2413 709 2450 ίταμότης,
729 2414 758 2440 ἓν
771 2414 848 2450 ζητεῖ

75 2455 146 2489 μόνον
158 2457 254 2490 εἰπεῖν,
270 2457 311 2484 ὅτι
324 2457 438 2492 olli-mre,
459 2459 508 2494 οὐχ
523 2460 597 2492 ὅπως
613 2469 639 2486 τι
653 2460 733 2495 λόγου
750 2461 847 2496 ἐχόμε-

75 2510 112 2528 νον
125 2502 194 2530 εἴποι
206 2511 214 2519 υ
233 2503 276 2531 διὰ
289 2503 368 2531 τοῦτο
383 2505 431 2531 καὶ
444 2505 458 2532 ὅ
469 2505 576 2533 δοκοῦσι
594 2507 848 2542 περιεσκιασμένως

75 2544 161 2581 simi},
179 2549 280 2585 πολλῆς
304 2550 400 2583 ἀνοίας
424 2552 505 2587 γέμει
531 2553 577 2579 καὶ¹
597 2552 708 2587 μανίας.
729 2553 800 2587 Ὅρα
818 2552 848 2579 δὲ

75 2593 117 2628 τὴν
134 2596 232 2623 κακίαν
248 2597 295 2623 καὶ
306 2597 360 2624 ἀπὸ
371 2597 417 2624 τοῦ
433 2598 530 2633 χρόνου
556 2599 604 2626 καὶ
622 2598 672 2634 τῆς
684 2598 758 2633 ὧρας
769 2598 847 2632 ἐλεγ-

76 2640 191 2676 ιομένην.
210 2641 254 2668 Ἐν
268 2643 302 2677 τῇ
314 2642 491 2678 Πεντηκοστῇ
514 2643 597 2670 πόθεν
610 2643 742 2677 γλεῦκοςς
764 2643 846 2670 Γλεῦ-

76 2693 116 2717 κος
124 2686 174 2722 γὰρ
185 2687 294 2722 λέγεται
309 2688 324 2715 ό
337 2688 396 2721 νέος
409 2687 490 2721 οἶνος.
515 2688 582 2716 Εἶτα
609 2690 678 2725 μέθη
699 2689 845 2724 διαφόρους

77 2730 187 2765 γλώσσας
196 2733 340 2769 δίδωσιν,ἢ
357 2735 405 2762 καὶ
417 2737 466 2771 τὴν
485 2735 596 2763 observ“
610 2735 753 2771 ἀφανίζεις
772 2736 844 2770 Ὅρα

898 2278 963 2305 bant
974 2277 1085 2313 quidem
1107 2279 1134 2304 et
1146 2275 1276 2303 videbant
1288 2272 1423 2308 prodigia,
1435 2279 1495 2307 qua:
1510 2271 1621 2303 ﬁebant,
1634 2269 1683 2298 sed

897 2331 958 2352 cum
983 2322 1094 2350 laudare
1116 2321 1257 2351 deberent,
1276 2318 1418 2346 Beelzebul
1436 2318 1473 2344 illi
1503 2316 1682 2350 objiciebant,

897 2369 1007 2398 morbos
1027 2369 1089 2396 item
1107 2375 1203 2395 omnes
1218 2370 1245 2393 et
1263 2365 1422 2392 aﬁectiones
1438 2371 1500 2390 cum
1522 2362 1614 2390 curari
1642 2362 1683 2389 vi-

896 2416 1003 2447 derent,
1026 2422 1059 2441 ex
1082 2413 1209 2440 mirillcis
1222 2411 1351 2446 operibus
1367 2409 1475 2437 invidia:
1497 2413 1523 2436 et
1537 2407 1684 2436 calumnia:

895 2465 923 2489 et
938 2460 1021 2488 caedis
1038 2459 1180 2486 materiam
1199 2457 1354 2485 sumebant.
1379 2455 1418 2482 Ita
1435 2455 1518 2482 etiam
1542 2462 1628 2487 nunc,
1640 2458 1684 2482 et-

897 2508 921 2537 si
931 2514 986 2536 non
999 2509 1126 2542 poterant
1143 2512 1243 2540 negare
1253 2503 1426 2538 inopinatum
1451 2501 1529 2534 illud,
1555 2501 1683 2536 quodque

896 2558 1022 2581 naturam
1035 2551 1182 2586 superabat
1190 2549 1292 2577 donum
1302 2549 1469 2583 linguarum,
1484 2551 1575 2573 tamen
1592 2547 1683 2574 ebrie-

897 2603 980 2626 tatem
1010 2597 1174 2632 objicientes
1194 2594 1329 2622 miraculo
1352 2594 1506 2621 obtrectare
1530 2591 1678 2618 audebant.

899 2643 1091 2671 Animadverte
1123 2645 1211 2670 autem
1251 2641 1332 2669 etiam
1371 2638 1514 2667 malitiam.
1545 2636 1679 2670 Quoniam

899 2690 971 2717 enim
988 2689 1062 2716 dietn
1077 2687 1226 2716 absurdum
1239 2691 1267 2715 et
1281 2694 1335 2714 non
1351 2684 1492 2721 probabile
1508 2687 1567 2711 crat
1582 2682 1608 2710 iu
1631 2681 1679 2709 tali

898 2737 964 2762 liora
981 2735 1072 2764 ebrios
1084 2743 1155 2769 esse,
1184 2733 1335 2770 prmsertim
1356 2731 1490 2765 homines,
1507 2737 1575 2765 quos
1589 2729 1619 2756 in
1634 2735 1682 2764 pe-

656 2816 756 2846 Variw
773 2815 928 2846 lectiones
944 2817 972 2845 et
988 2819 1082 2846 notae.

112 2875 182 2905 “10‘.
201 2880 316 2911 ἡκακία.
356 2880 376 2897 ¹³
394 2879 569 2914 ἀρέσκεσθαι,
586 2884 653 2908 eral.
694 2878 830 2911 Ηοὑοέαν,
843 2883 913 2905 erat.
