1878 3056
175 167 228 200 5ἰ3

210 225 266 260 38
277 226 348 259 Quid
366 227 417 254 sibi
444 226 500 253 vult
520 226 557 258 id,
568 226 640 260 quod
657 226 724 253 dicit
745 233 752 252 :
772 225 840 253 Cum
857 230 961 253 teneret
977 224 997 251 A

177 272 212 303 is,
228 273 274 307 qui
299 272 415 299 claudus
431 279 493 298 cum
516 271 624 302 fuisset,
638 277 751 300 sanatus
775 280 806 300 ac
823 273 965 300 restitutus

176 323 245 348 erat,
262 317 372 345 Petrum
388 321 415 344 et
426 317 581 344 Joannem?
595 317 743 350 Metuebat,
756 326 790 345 ue
802 318 965 345 avelleretur

177 363 212 391 ab
229 364 293 391 illis.
309 363 504 390 Arbitrabatur
518 363 589 390 enim
619 363 752 398 tantisper
782 371 811 391 se
835 364 901 390 vitio
918 364 966 390 illo

177 410 324 437 liberatum
341 416 413 439 esse.
427 409 492 436 dum
509 409 571 435 illos
584 408 720 436 detineret
733 414 758 436 et
776 409 964 443 contingeret:

177 455 281 481 ivlcirco
311 455 430 481 maxime
458 454 530 489 quod
550 454 632 481 etiam
655 455 751 483 Petrus
767 463 876 489 quoque
902 462 965 482 cum

175 501 401 534 apprehendisset
416 505 443 528 et
455 501 590 528 erexisset
605 501 693 533 illum,
712 501 747 528 ita
761 502 871 528 demum
887 508 967 528 sana-

174 539 262 574 verat.
280 547 308 574 In
323 547 431 581 porticu
444 554 504 581 quae
516 551 641 578 vocatur,
661 551 714 574 etc.
733 547 798 573 Htec
823 547 881 574 sola
903 554 964 581 por-

177 593 250 620 ticus
273 593 396 620 restabat
411 593 445 620 de
457 598 596 621 structura
606 593 772 621 Salomonis.
785 593 965 621 Nabuchodo-

177 645 262 664 nosor
282 639 354 665 enim
374 639 503 673 templum
520 639 692 669 incenderat.
715 639 787 674 qttod
803 638 892 675 Cyrus
917 646 964 666 rex

178 684 323 712 Persarum
355 684 524 712 restituerat.
543 684 599 712 Viri
622 685 762 716 Israelita.
779 693 828 712 eur
850 685 907 713 haec
924 694 966 713 res

175 729 254 757 vobis
265 735 308 757 cst
323 730 522 757 admirationi?
539 730 632 765 )lajori
655 731 754 758 referta
770 736 812 758 est
828 731 884 759 haec
899 739 966 759 con—

176 777 222 802 cio
239 776 346 803 dicendi
362 777 487 803 libertate
505 785 511 803 :
529 784 582 804 non
602 777 674 812 quod
690 777 716 804 iu
747 778 834 812 prima
860 783 966 806 metue~

176 826 229 854 ret,
249 821 297 849 sed
330 823 395 856 quia
411 822 463 854 illi,
488 827 583 857 utpote
605 823 779 851 cavillatores
794 832 826 852 ac
841 825 965 859 petulan-

178 873 233 900 tes,
248 868 369 895 nondum
391 867 462 895 ferre
482 876 542 895 eam
560 869 713 896 libertatem
733 871 897 904 potuissent.
917 870 967 898 Ita-

174 919 230 946 que
242 911 313 938 illam
327 913 488 940 concionem
501 913 656 946 exordiens,
674 915 766 942 statim
782 922 829 942 eos
844 915 871 942 in
888 916 963 951 prin-

173 957 248 992 cipio
269 958 357 985 reddit
381 963 501 986 attentos
519 959 561 987 his
576 960 688 987 verbis:
714 961 770 988 Hoc
784 961 855 989 vobis
872 969 963 989 notum

175 1004 223 1035 sit,
243 1009 267 1030 el
285 1004 393 1030 auribus
418 1005 543 1038 percipite
566 1007 643 1032 verba
667 1014 743 1038 mea;
764 1008 808 1035 hic
831 1016 895 1035 vero
910 1017 964 1036 non

175 1057 245 1084 opus
260 1050 340 1077 habet
357 1051 409 1079 hoc
428 1051 555 1079 artificio.
570 1052 628 1080 Non
650 1054 723 1081 enim
745 1056 897 1090 torpebant,
915 1064 965 1084 nec

176 1096 297 1130 segniter
315 1101 341 1123 et
357 1097 509 1124 oscitanter
531 1099 725 1126 auscultabunt
741 1108 748 1127 :
772 1101 819 1128 sed
834 1102 964 1136 quoniam

174 1140 285 1176 signum
299 1142 444 1170 universos
461 1150 510 1170 eos
530 1148 705 1171 converterat
723 1149 750 1172 et
768 1150 888 1174 attentos
903 1147 965 1174 red-

176 1187 293 1220 diderat,
310 1188 391 1215 etiam
413 1188 484 1223 pleni
515 1189 622 1217 timoris
643 1195 722 1217 erant
746 1195 773 1218 et
788 1192 872 1219 animi
900 1200 966 1220 con-

175 1233 364 1261 sternationis.
380 1233 449 1261 Vide
460 1241 561 1267 autem,
589 1241 618 1262 ut
632 1236 864 1265 existimationem
885 1239 919 1265 de
935 1246 965 1266 se

175 1279 370 1314 reiiciatatque
384 1280 536 1315 propulset.
557 1280 627 1308 Nihil
638 1281 711 1308 enim
722 1285 776 1309 tam
790 1282 901 1317 prodi-st
918 1291 966 1310 au-

174 1325 321 1357 ditoribus,
336 1333 429 1360 quam.
445 1326 467 1353 si
483 1326 516 1358 is,
533 1326 579 1360 qui
592 1326 669 1359 dicit,
681 1335 736 1354 non
753 1329 834 1355 modo
852 1329 920 1355 nihil
932 1329 965 1356 de

174 1372 396 1406 semagniﬂcum
412 1372 496 1404 dicat,
515 1381 608 1400 verum
623 1373 704 1400 etiam
722 1373 814 1402 dicere
830 1375 965 1402 volentem

176 1419 330 1452 prohibeat.
345 1419 435 1453 Atque
447 1419 471 1445 hi
489 1423 580 1453 spreta
592 1419 782 1454 gloria,quam
799 1420 832 1447 ab
848 1421 966 1448 homini-

173 1465 227 1492 bas
241 1464 372 1498 consequi
394 1468 531 1499 poterant,
555 1465 687 1498 majorem
711 1465 763 1492 sibi
785 1465 898 1500 gloriam
920 1474 966 1502 pe.

173 1513 306 1543 pererunt
322 1517 329 1535 :
348 1515 409 1536 cum
421 1509 610 1536 ostendissent
625 1509 664 1541 id,
683 1509 755 1544 quod
775 1509 876 1537 factum
894 1515 963 1544 erat,

173 1559 229 1579 non
249 1559 310 1580 esse
323 1551 486 1579 beneficium
498 1552 660 1584 humanum,
677 1553 724 1580 sed
741 1553 876 1581 divinum.
893 1553 966 1582 Deus
977 1569 999 1599 C

175 1602 281 1633 patrum
300 1602 455 1625 nostrorum
483 1598 629 1625 illustravit
646 1598 745 1626 Filium
765 1607 845 1626 suum
859 1599 964 1628 Iesum.

175 1644 273 1671 Adhuc
288 1643 482 1671 humilioribus
494 1643 608 1675 insistitl
622 1644 728 1672 facinus
749 1649 840 1673 tamen
856 1645 964 1674 illorum

174 1693 331 1723 exaggerat,
349 1696 413 1719 non,
426 1692 456 1717 ut
469 1688 556 1723 pr-itts,
574 1689 704 1716 obvolvit.
731 1688 758 1716 id
775 1696 864 1718 autem
890 1691 964 1725 facit,

174 1741 230 1769 quo
249 1734 335 1768 magis
350 1733 410 1761 illos
434 1734 538 1762 alliciat
562 1740 590 1762 et
616 1735 743 1763 adducat.
766 1737 874 1769 Quanto
891 1738 962 1765 enim

174 1779 263 1814 magis
279 1780 340 1807 illos
355 1780 462 1807 crimini
480 1780 615 1808 obnoxios
626 1786 654 1808 et
680 1787 774 1810 sontes
788 1782 962 1815 ostendebat,

174 1829 253 1851 tanto
268 1825 355 1859 magis
379 1825 406 1852 id
419 1825 572 1853 eveniebat.
590 1826 677 1859 Quem
694 1834 743 1854 vos
760 1827 920 1862 prodidistis
938 1831 965 1854 et

174 1870 333 1905 abnegaslis
354 1878 445 1897 eorum
458 1870 557 1903 Pilato,
569 1879 632 1898 cum
655 1872 701 1899 ille
727 1873 879 1907 iudicasset
901 1880 963 1900 eum

173 1924 236 1944 esse
249 1917 455 1945 absolvendum.
482 1917 541 1945 Duo
557 1919 672 1946 crimina
685 1924 878 1954 proponuntur
893 1930 900 1947 :
917 1919 963 1946 Pi-

173 1963 246 1991 latus
262 1963 345 1991 homo
361 1964 474 1991 Graecus
489 1969 517 1991 et
531 1965 652 1998 gentilis,
667 1966 714 2000 qui
729 1966 833 1993 nullum
857 1966 964 1994 viderat

175 2010 296 2044 signum,
319 2008 367 2045 qtii
406 2011 541 2037 netuiuem
560 2011 756 2045 prophetarum
783 2016 961 2045 cognoverat,

174 2056 316 2083 absolvere
334 2060 362 2083 et
379 2056 519 2084 dimittere
534 2057 658 2084 volebat:
674 2062 702 2084 et
721 2065 781 2091 vos,
797 2058 871 2092 quod
895 2058 962 2086 estis

174 2101 331 2129 edtmdium
351 2110 438 2136 usque
464 2102 623 2134 assuefacti,
641 2102 688 2136 qui
717 2103 744 2129 in
771 2103 918 2137 prophetiis
928 2104 962 2131 de

172 2148 284 2175 Christo
297 2148 483 2182 occupamini,
500 2148 546 2175 illo
561 2148 704 2176 absolvere
719 2148 837 2187 volente,
854 2156 902 2176 vos
912 2156 960 2176 no-

172 2194 275 2222 luistis.
296 2193 427 2220 Sanctum
440 2197 467 2221 et
487 2194 591 2228 justum
606 2194 781 2228 repudiastis,
802 2199 829 2222 et
839 2195 963 2230 postula-

629 163 918 194 TllEUPHYLACTl
948 163 1152 194 BULGARl/E
1184 166 1362 197 ARCHIEP.

1755 163 1810 196 564

1050 223 1081 250 Τί
1097 224 1155 250 ἐστι
1169 224 1209 257 τὸ,
1226 224 1399 259 Κρατοῦντος
1421 223 1469 250 τοῦ
1500 223 1621 254 ἰαϐέντος
1648 222 1736 258 χωλοῦ
1763 223 1810 249 τδν

1017 269 1122 304 Πέτρον
1149 270 1197 296 καὶ
1234 270 1383 305 Ἰωάννηνς
1412 269 1558 296 Ἐδεδοίκει
1594 269 1810 303 ἀποσπασθῆναι

1017 315 1118 342 αὐτῶν.
1152 315 1275 350 Ἐνόμιζε
1303 315 1358 350 γὰρ
1387 315 1468 350 μέχρι
1493 314 1590 341 τούτου
1607 315 1704 341 ἑαυτὸν
1719 314 1810 348 ἀπηλ-

1016 361 1115 396 λάχθαι
1132 361 1179 388 τοῦ
1194 362 1308 394 πάθους.
1329 361 1428 397 μέχρις
1453 361 1486 388 ἂν
1505 361 1609 397 κατέχῃ
1635 361 1734 392 αὐτοὺς
1762 361 1810 386 καὶ

1017 408 1172 443 ἐφάπτηται
1183 408 1272 435 αὐτῶν
1289 417 1296 423 -
1313 409 1431 444 μάλιστα
1444 408 1485 434 ὅτι
1502 408 1549 434 καὶ
1570 408 1583 434 ὁ
1607 407 1712 442 Πέτρος
1741 414 1810 442 κρα-

1016 455 1103 489 τήσας
1119 455 1200 481 αὑτὸν
1217 456 1264 481 καὶ
1278 455 1446 489 ἀναστήσας,
1462 453 1550 485 οὕτως
1572 453 1678 480 ἰάσατο.
1712 453 1759 478 Ἐν
1775 454 1809 486 τῇ

1017 501 1083 535 στοᾷ
1115 500 1154 527 δέ.
1186 500 1261 535 Αὕτη
1291 500 1359 535 μόνη
1397 499 1494 534 ήστοα
1533 499 1627 526 ἵστατο
1676 498 1731 525 ἀπὸ
1758 497 1810 532 τῆς

1017 547 1195 580 κατασκευῆς
1219 546 1267 572 τοῦ
1301 545 1485 582 Σολομῶντος.
1521 545 1671 580 Ἐνέπρησε
1696 545 1752 580 γὰρ
1779 544 1810 570 τὸ

1018 593 1090 628 ἱερὸν
1107 592 1382 629 ὸΝαυουχοδονὸσορ,
1409 593 1458 620 καὶ
1483 592 1641 628 ᾠκοδόμησε
1675 591 1768 627 Κῦρος
1796 591 1810 617 ὁ

1017 638 1138 674 Πέρσης.
1168 639 1283 674 ’Δνδρες
1320 639 1497 675 Ἰσραηλῖται,
1525 639 1552 665 τί
1579 638 1735 673 θαυμάζετε
1764 637 1810 662 ἐπὶ

1016 685 1124 720 τούτῳ;
1142 685 1269 716 Πλείονος
1280 685 1350 720 αὕτη
1364 685 1445 720 γέμει
1459 685 1616 721 παρρησίας
1642 685 1660 719 ὴ
1685 684 1811 718 δημηγο-

1018 730 1078 764 ρία·
1107 731 1158 756 οὐκ
1183 730 1278 764 ἐπειδὴ
1302 731 1330 756 έν
1355 731 1388 765 τῇ
1426 731 1547 765 προτέρᾳ
1590 729 1726 763 ἐφοϐεῖτο,
1750 727 1811 754 ἀλλ’

1017 775 1111 810 ἐπειδὴ
1125 775 1231 802 οὐδέπω
1243 775 1387 811 ἤνεγκονΜ
1399 775 1432 802 ἂν
1447 776 1548 807 ἐκεῖνο,
1565 775 1715 809 χλευασταὶ
1731 775 1811 803 ὀντες

1017 823 1063 849 καὶ
1077 823 1177 857 ἰταμοί.
1198 821 1279 849 Ὄῦεν
1291 821 1397 856 ἐκείνης
1424 821 1472 856 μὲν
1497 821 1646 856 ἀρχόμενος
1669 820 1717 846 καὶ
1750 820 1811 845 ἐπι-

1020 870 1131 905 στρέφει
1148 869 1247 900 αὑτοὺς
1260 868 1304 895 διὰ
1327 867 1373 894 τοῦ
1400 866 1545 901 προοιμίου
1581 866 1688 900 λέγων·
1717 865 1812 892 Τοῦτο

1016 914 1090 949 ὑμῖν
1103 913 1240 949 γνωστὸν
1252 914 1330 940 ἔστω
1349 920 1355 926 ·
1372 912 1420 938 καὶ
1443 911 1628 938 ἐνωτίσασθε
1643 911 1678 937 τὰ
1687 909 1812 943 ῥήματά

1012 971 1071 997 μου
1083 969 1089 977 ·
1109 959 1242 987 Ἐνταῦθα.
1255 959 1283 985 δὲ
1295 959 1326 985 οὐ
1335 959 1420 985 δεῖται
1432 957 1536 991 ταύτης
1549 957 1600 991 τῆς
1619 956 1809 989 κατασκευῆς.

1015 1008 1053 1034 Οὐ
1071 1007 1127 1041 γὰρ
1151 1005 1324 1041 ὲρᾳούμουψ
1349 1003 1482 1030 ἁλλ’ὲπεὶ
1511 1003 1543 1029 τὸ
1575 1004 1688 1037 σημεῖον
1709 1002 1812 1032 αὐτοὺς

1015 1052 1181 1087 ἐπέστρεψεν
1197 1052 1330 1082 ἅπαντας,
1343 1050 1390 1076 καὶ
1403 1049 1480 1080 δέους
1493 1049 1540 1076 καὶ
1555 1047 1716 1083 ἐκπλήξεως
1738 1045 1812 1082 ἦσαν

1017 1098 1123 1134 μεστοί.
1139 1099 1210 1133 Ὀρα
1222 1097 1249 1123 δὲ
1268 1096 1327 1128 πῶς
1343 1095 1518 1131 διακρούεται
1529 1095 1580 1129 τὴν
1594 1094 1672 1126 δόξαν
1684 1093 1735 1129 τὴν
1745 1094 1813 1128 περὶ

1015 1145 1118 1171 αὐτῶν,
1136 1144 1220 1170 Οὐδὲν
1238 1143 1294 1178 γὰρ
1317 1143 1404 1173 οὕτως
1428 1141 1530 1176 ὠφελεί
1558 1141 1621 1171 τοὺς
1645 1139 1811 1170 ἀκούοντας,

1016 1190 1088 1216 ὥστε
1114 1189 1136 1205 ⁸⁵
1153 1187 1236 1223 μηδὲν
1249 1187 1314 1222 περὶ
1332 1185 1428 1213 ἑαυτοῦ
1443 1185 1546 1220 λέγειν’
1562 1185 1644 1220 μέγα,
1675 1183 1747 1210 ἀλλὰ
1764 1183 1813 1210 καὶ

1015 1235 1062 1262 τὸν
1091 1233 1255 1269 βουλόμενον
1271 1232 1361 1267 λέγειν
1390 1231 1518 1258 κωλύειν.
1541 1231 1812 1266 Καεαφρονήσαντες

1015 1282 1043 1309 δὲ
1058 1279 1131 1309 οὗτοι
1151 1280 1201 1314 τῆς
1218 1280 1294 1315 παρὰ
1319 1279 1374 1305 τῶν
1398 1277 1551 1313 ἁνῡρώπων
1586 1276 1677 1311 δόξης,
1707 1276 1812 1311 μᾶλλον

1017 1326 1131 1356 ἑαυτοὺς
1146 1325 1279 1358 ἐδόξασαν
1295 1331 1302 1338 ο
1315 1323 1453 1354 δείξαντες
1469 1322 1519 1349 οὐκ
1535 1322 1720 1356 ἀνθρώπινον,
1742 1322 1814 1348 ἀλλᾶ

1017 1372 1088 1398 θεῖον
1106 1371 1137 1397 τὸ
1156 1369 1276 1404 γεγονός.
1299 1369 1329 1395 '0
1344 1369 1411 1399 Θεὸς
1431 1369 1484 1394 τῶν
1506 1367 1632 1402 πατέρων
1656 1367 1738 1402 ἡμῶν
1757 1367 1814 1393 €66-

1018 1417 1082 1450 ξασε
1097 1417 1143 1443 τὸν
1160 1416 1242 1442 παῖδα
1258 1415 1341 1442 αὐτοῦ
1354 1413 1471 1448 Ἰησοῦν.
1499 1414 1561 1440 Ἔτι
1574 1413 1629 1439 τῶν
1645 1415 1814 1439 ταπεινοτέ-

1018 1473 1073 1499 ρων
1092 1463 1193 1498 ἔχεται,
1205 1462 1279 1496 ὅμως
1293 1461 1323 1487 τὸ
1343 1460 1472 1494 τόλμημα
1493 1460 1583 1486 αὐτῶν
1611 1458 1732 1493 ἐπαίρει,
1764 1458 1816 1492 οὐχ

1017 1509 1055 1539 ὼς
1073 1507 1206 1543 πρότερον
1219 1505 1373 1537 συσκιάζει.
1392 1506 1466 1532 [Ιοιεί
1481 1505 1509 1531 δὲ
1529 1504 1608 1531 τοῦτο
1633 1503 1733 1538 μᾶλλον
1761 1503 1815 1529 αὖα

1016 1555 1078 1586 τοὺς
1094 1553 1284 1588 ἐπαγαγέσθαι
1311 1552 1485 1588 βουλόμενος.
1514 1552 1590 1586 Ὃσῳ
1621 1551 1678 1585 γὰρ
1701 1550 1815 1577 ἐδείκνυ

1018 1593 1195 1632 ὑπευθύνους,
1226 1598 1346 1633 τοσούτῳ
1381 1597 1482 1633 μᾶλλον
1511 1597 1591 1623 τοῦτο
1615 1597 1729 1630 ἐγένετο.
1765 1596 1816 1623 ⁸ον

1017 1647 1096 1681 ὑμεῖς
1111 1643 1286 1680 παρεδώκατε
1299 1645 1345 1671 καὶ
1357 1643 1512 1680 ἠρνήσασθε
1536 1643 1619 1670 αὐτὸν
1635 1642 1706 1669 κατὰ
1721 1643 1816 1677 1:966-

1015 1701 1090 1720 ωπον
1111 1692 1228 1718 Πιλάτου
1257 1690 1400 1726 κρίναντος
1415 1691 1519 1717 ἐκείνου
1547 1689 1687 1716 ἀπολύειν.
1704 1688 1764 1714 Δύο
1780 1688 1816 1714 τὰ

1016 1739 1189 1773 ἐγκλήματα·
1207 1738 1247 1763 ὅτι
1263 1737 1378 1768 Πιλᾶτος
1393 1736 1488 1771 ἤθελεν
1506 1734 1646 1766 ἀπολύειν,
1656 1733 1816 1773 ’ἅνθρωπος

1016 1771 1128 1819 Ἕλλην,
1145 1783 1229 1819 μηδὲν
1244 1783 1357 1817 σημεῖον
1381 1781 1452 1814 ἰδὼν,
1474 1781 1575 1816 μηδένα
1590 1780 1645 1806 τῶν
1655 1771 1816 1815 προφητῶν

1015 1830 1143 1865 ἐγνωκώς
1156 1830 1215 1857 ’καὶ
1223 1830 1264 1856 ὅτι
1273 1829 1362 1864 ὑμεῖς,
1371 1827 1492 1855 Ἰουδαῖοι
1506 1827 1592 1858 ὄντες,
1609 1827 1663 1857 τοῖς
1680 1826 1814 1861 σημείοις

1015 1876 1271 1911 ὲγκατατριϐέντες,
1281 1877 1341 1906 ταῖς
1357 1874 1404 1901 τοῦ
1425 1873 1540 1909 Χριστοῦ
1557 1872 1737 1908 προφητείαις
1749 1872 1815 1898 ἐνα-

1016 1921 1308 1957 σχολοὺμενοι,ὲκείνου
1315 1921 1437 1951 θέλοντος
1444 1919 1583 1950 ἀπολύειν,
1590 1920 1639 1945 οὐκ
1647 1918 1812 1954 ὲΟελήσατε.

1014 1969 1066 1995 Τὸν
1080 1968 1157 2002 ἅγιον
1169 1968 1216 1994 καὶ
1226 1967 1328 1993 δίκαιον
1337 1966 1504 2001 ἠρνήσασθε,
1513 1965 1559 1991 καὶ
1572 1964 1711 1999 ᾐτήσασθε
1721 1963 1813 1998 ἄνδρα

1014 2013 1096 2047 φονέα
1110 2020 1117 2028 ⁶
1137 2011 1222 2039 εἰπὼν
1233 2012 1271 2046 δὲ,
1285 2012 1327 2038 ὅτι
1347 2011 1418 2037 'Av'r'
1433 2010 1516 2037 αὑτοῦ
1537 2009 1638 2045 λῃστὴν
1652 2008 1810 2044 ᾐτήσασθε,

1014 2060 1117 2094 σφόδρα
1132 2059 1250 2094 ἐδήλωσε
1265 2058 1296 2084 τδ
1311 2058 1427 2093 πρᾶγμα
1440 2065 1448 2073 ·
1462 2055 1588 2082 Δείκνυσι
1618 2054 1672 2089 γὰρ
1694 2055 1737 2080 ὅτι
1761 2054 1812 2080 καὶ

1014 2105 1146 2139 ἠδύναντο
1164 2104 1303 2130 ἀπολύειν.
1318 2102 1349 2129 E!
1361 2103 1416 2138 γὰρ
1429 2102 1475 2128 τὸν
1491 2101 1605 2137 λῃστὴν,
1628 2100 1719 2134 πολλῴ
1737 2100 1812 2134 μᾶλ-

1016 2151 1061 2176 λον
1072 2150 1118 2176 τὸν
1131 2149 1261 2176 ἀναίτιον·
1277 2149 1302 2175 οὶ
1320 2149 1348 2175 δὲ
1360 2149 1406 2174 τὸν
1415 2148 1570 2182 κακοῦργον
1583 2147 1664 2182 μόνον
1678 2146 1791 2181 ήθὼουν
1802 2154 1809 2160 ³

1014 2195 1060 2223 τὸν
1077 2195 1106 2222 δὲ
1120 2195 1270 2229 εὐεργέτην
1285 2193 1460 2220 ἀπέκτειναν.
1484 2193 1536 2219 Τὸν
1552 2192 1607 2227 γὰρ
1630 2191 1654 2207 ⁸⁸
1682 2190 1811 2226 ἀρχηγὸν

171 2241 222 2267 stis
233 2239 320 2266 \‘irum
349 2239 523 2266 homicidam.
539 2239 606 2266 Cum
632 2240 747 2268 dixisset
773 2243 863 2267 autem
882 2249 888 2267 :
910 2241 961 2268 Pro
978 2241 999 2268 D
1013 2243 1063 2277 τῆς
1078 2241 1160 2276 ζωῆς.
1177 2241 1208 2266 Et
1223 2241 1277 2274 γὰρ
1293 2240 1362 2275 ἀρχη

1050 2251 1063 2274 ς
1078 2241 1160 2276 ζωῆς.
1177 2241 1208 2266 Et
1223 2241 1277 2274 γὰρ
1293 2239 1413 2275 ἀρχηγὸς
1430 2239 1479 2273 τῆς
1493 2237 1577 2273 ζωῆς,
1598 2237 1678 2266 αὐτὸς
1707 2236 1810 2263 ἑαυτὸν

171 2286 221 2311 illo
237 2285 403 2312 homicidam
420 2285 548 2319 petiistis,
562 2292 618 2312 rem
632 2286 705 2313 clare
714 2286 961 2320 patefecit.Osten-

172 2331 214 2358 dit
228 2331 313 2364 enim,
338 2333 421 2358 etiam
446 2330 568 2366 potuisse
593 2331 655 2359 illos
681 2331 841 2366 absolvere;
861 2341 922 2360 nam
937 2335 961 2361 si

173 2379 318 2409 latronem,
332 2377 417 2404 multo
432 2379 520 2412 magis
532 2377 665 2405 insontem
681 2386 687 2405 :
704 2382 732 2405 at
754 2378 792 2406 illi
807 2379 960 2407 maleficum

171 2425 261 2464 solum
287 2424 448 2457 liberarunt,
479 2424 680 2452 benefactorem
699 2429 789 2453 autem
813 2426 960 2453 interfece-

169 2475 246 2500 runt.
261 2471 408 2498 AuctOrem
426 2475 516 2499 autent
534 2471 604 2498 vitae.
626 2472 653 2500 Si
668 2473 740 2499 enim
753 2477 850 2500 auctor
863 2479 904 2501 est
921 2473 960 2500 vi-

171 2522 214 2548 tae,
233 2517 290 2551 ipse
302 2524 363 2543 sese
381 2516 564 2550 resuscitavit,
583 2519 684 2552 quippe
703 2518 729 2545 in
758 2526 817 2546 sese
833 2519 915 2545 vitam
933 2524 959 2546 et

173 2563 237 2590 vita:
255 2570 366 2590 causam
381 2563 495 2590 habens.
514 2563 599 2597 Cuius
616 2564 653 2590 rei
670 2571 719 2591 nos
733 2568 816 2591 testes
845 2564 900 2598 39
912 2572 955 2592 sn-

172 2617 244 2636 mus.
271 2608 343 2640 Non.
373 2611 444 2636 sicut
465 2610 551 2644 prius,
565 2610 598 2637 ad
628 2609 798 2644 prophetiam
813 2611 932 2645 confugit
950 2620 956 2637 :

172 2653 232 2685 sed,
251 2655 378 2688 quoniam
401 2654 425 2681 ei
441 2655 495 2688 jam
512 2655 591 2681 fidem
609 2654 756 2685 habebant,
774 2658 874 2682 coetum
891 2663 957 2689 apo-

171 2692 303 2727 stolorum
326 2705 409 2727 testes
437 2700 582 2734 producit:
601 2700 687 2733 Cujus
712 2701 749 2727 rei
766 2708 826 2732 nos,
854 2701 956 2735 inquit,

171 2752 266 2771 sumus
284 2749 375 2771 lt‘SlIZS.
392 2745 569 2771 Conlirtnznit
584 2753 614 2771 ac
626 2745 755 2778 restituit,
774 2745 895 2780 inquam,
910 2754 958 2773 uo—

1015 2288 1174 2323 ἀνέστησεν,
1184 2287 1221 2318 ὡς
1228 2287 1257 2313 ὲν
1272 2285 1361 2321 ἑαυτῷ
1371 2285 1440 2320 ἔχων
1451 2286 1500 2321 τὴν
1517 2284 1588 2320 ζωὴν
1597 2285 1644 2311 καὶ
1652 2284 1703 2318 τὴν
1714 2284 1810 2311 αίτίαν

1014 2336 1064 2370 τῆς
1084 2331 1213 2368 ζωῆς.οὗ
1236 2333 1316 2368 ἡμεῖς
1337 2332 1474 2367 μάρτυρές
1491 2332 1584 2365 ἐσμεν.
1604 2330 1810 2365 Οὐκέτιῶσπερ

1016 2380 1148 2416 πρότερον
1163 2380 1203 2411 εἰς
1228 2378 1397 2414 προφητείαν
1411 2377 1579 2412 καταφεύγει
1593 2385 1600 2391 ·
1616 2376 1675 2403 ἀλλ’
1708 2376 1807 2410 ἐπειδὴ

1016 2428 1171 2460 ἀξιόπιστος
1186 2428 1278 2458 αὐτοῖς
1287 2423 1332 2461 ἦν,
1357 2426 1403 2452 τὸν
1420 2425 1499 2460 χορὸν
1527 2425 1647 2460 παράγει
1663 2423 1719 2450 τῶν
1734 2424 1806 2449 ἀπο-

1015 2475 1115 2501 στόλων
1125 2482 1133 2490 °
1148 2471 1178 2501 οὖ
1193 2475 1283 2508 ἡμεῖς,
1303 2472 1396 2507 φησὶν,
1409 2471 1493 2506 ὲσμὲν
1521 2471 1659 2506 μάρτυρες
1672 2478 1678 2485 ·
1706 2470 1808 2508 “Ene-

1017 2521 1102 2556 ρέωσε
1127 2522 1158 2546 τὺ
1174 2520 1259 2554 ὃνομα
1274 2518 1368 2546 αὑτοῦ.
1384 2517 1486 2550 Εἰπὼν,
1498 2516 1548 2543 ἐπὶ
1563 2516 1600 2551 τῇ
1616 2517 1718 2542 πίστει
1749 2515 1807 2542 τοῦ

1014 2567 1157 2601 ὀνόματος
1170 2565 1264 2592 αὐτοῦ
1276 2573 1283 2580 ”
1303 2564 1396 2597 ἐπειδὴ
1412 2563 1484 2590 οὕτω
1496 2563 1643 2594 πιστεύσας
1655 2560 1688 2597 ἦν
1716 2562 1731 2587 ὁ
1755 2563 1806 2596 ὀρ-

1013 2612 1122 2644 θωθεὶς,
1137 2610 1376 2645 ἐπιδιοροούμενος
1389 2611 1434 2636 τὸν
1451 2609 1530 2644 λόγον
1553 2609 1630 2643 φησὶ,
1657 2608 1686 2634 τὸ
1714 2607 1805 2642 ὄνομα

1013 2656 1096 2683 αξιτοῦ
1112 2656 1278 2691 ἐστερέωσεν
1291 2655 1382 2682 αὐτόν.
1403 2654 1544 2686 Τουτέστι,
1568 2653 1593 2680 τί
1615 2652 1688 2686 λέγω
1702 2652 1744 2678 ὃτι
1757 2660 1806 2678 πι-

1015 2702 1131 2731 στεύσας
1145 2701 1191 2727 ἐπὶ
1210 2702 1241 2726 τὸ
1255 2700 1342 2735 ὁνομα
1354 2699 1436 2727 αὑτοῦ
1452 2698 1605 2734 ἐστερεώθη
1625 2706 1632 2730 ;
1652 2697 1707 2724 Καὶ
1732 2697 1802 2731 πρὶν

1012 2748 1028 2781 ἢ
1049 2747 1195 2778 πιστεύσας
1210 2747 1232 2761 ’³⁷
1253 2747 1283 2772 τὸ
1294 2746 1379 2781 ὄνομα
1401 2745 1481 2781 μόνον
1512 2743 1660 2778 ἐπικληθὲν
1688 2743 1803 2776 ἐστερέ-

762 2814 861 2844 l’ariae
877 2814 1031 2844 lectiones
1051 2818 1081 2844 et
1103 2818 1198 2844 uoltu.

209 2885 231 2901 “
248 2887 370 2920 ἣνῖγκεν.
409 2888 430 2903 ⁸⁵
447 2888 501 2920 ῖσ.,
516 2887 552 2918 ὡς
566 2887 606 2913 τὸ.
644 2886 667 2902 "
679 2886 781 2920 ἴσηῖὲ.

821 2889 843 2904 ’⁷
861 2889 1018 2922 “vce-int,
1034 2889 1075 2915 ⁷σ.
