1868 3053
59 167 110 199 597

430 163 638 197 EXPOSITIO
654 164 696 194 IN
717 164 812 194 ACTA
831 165 1111 196 APOSTOLORUM
1126 178 1159 182 —
1171 164 1248 194 CAP.
1268 164 1354 195 XIII;

1649 164 1702 195 603

103 223 158 256 Ὡς
174 223 223 250 καὶ
235 223 270 250 ἐν
287 221 326 255 τῷ
339 221 452 258 ψαλμῷ
465 220 505 254 τῷ
523 219 651 253 δευτέρῳ
676 219 838 254 γέγραπται

948 220 1028 248 Vens.
1058 220 1101 248 35.
1123 221 1154 249 Ut
1175 221 1254 248 etiam
1272 221 1300 248 in
1323 220 1425 255 psalmo
1450 221 1562 248 secundo
1578 221 1702 254 scriptum

64 269 131 300 Tlo';
146 278 210 303 μου
220 267 297 296 εἷσύ
313 277 320 284 ’
335 268 393 304 ἐγὼ
412 268 548 302 σήμερον
557 265 724 302 γεγέννηκά
739 273 787 293 σε.

96 315 164 341 Ὅτι
181 315 215 342 δὲ
242 314 414 349 ἀνέστησεν
431 314 525 341 αὐτὸν
551 313 585 340 ἐκ
608 311 733 346 νεκρῶν,
756 311 862 348 μηκέτι

61 359 222 395 μέλλοντα
240 362 263 378 ⁸¹
278 360 481 396 ὑποστρέφειν
504 360 549 391 εις
568 358 743 393 διαφθορὰν,
767 358 863 392 οὕτως

61 406 202 440 εἴρηκεν,
222 406 268 433 ὅτι
283 405 372 433 Δώσω
383 405 456 441 ὑμῖν
467 404 504 432 τὰ
527 404 597 432 ὅσια
613 403 699 431 Attth
710 404 746 431 τὰ
757 404 861 431 πιστά.

98 453 152 479 Διὸ
166 452 218 479 καὶ
233 451 369 486 ὲνὲτέρῳ
382 451 464 487 ,λέγει
474 459 482 467 ’
498 451 540 478 οὐ
559 450 667 484 δώσεις
691 450 746 478 τὸν
775 449 862 477 ὅσιόν

62 507 122 526 σου
142 499 221 526 ιδεῖν
235 498 410 534 διαφθοράν.

99 545 199 572 Δαυῒδ
214 544 274 580 μὲν
285 545 340 580 γὰρ
355 544 414 578 ὶδιᾳ
430 543 521 580 γενεᾷ
543 543 749 579 ὑπηρετήσας,
763 543 800 579 τῇ
809 543 862 571 τοῦ

65 591 144 617 θεοῦ
157 591 264 626 ,βουλῇ
283 591 495 627 ἑκοιμήθη,καὶ
507 591 675 626 προσετέθη
691 591 766 626 πρὸς
791 590 863 624 τοὺς

63 636 203 671 πατέρας
214 637 319 669 αὐτοῦ,
337 637 386 664 καὶ
401 635 462 664 εἶδε
479 636 655 671 διαφθοράν.

103 669 165 709 *οἱ
178 669 213 709 δὲ
227 685 243 711 ὁ
256 684 328 717 Θεὸς
338 682 470 718 ἤγειρεν,
483 669 540 711 οὐν
551 669 612 710 εἶδε
623 681 826 719 διαφ[θ]οράν.
873 669 878 706 ί

109 772 246 809 Ἰωάννης
269 774 408 809 μαρτυρεῖ
432 773 481 808 οὐχ
508 772 618 804 ἁπλῶς·
658 771 727 799 ἀλλὰ
755 771 864 799 πάντων

65 819 113 845 ὑπ’
132 819 221 846 αὑτὸν
232 819 354 854 ἀγόντων
360 818 409 854 τὴν
421 818 511 852 δόξαν,
525 818 606 850 αὐτὸς
619 817 713 854 ἀὐτὴν
725 817 866 853 ἀποκρούσ-

65 874 138 892 εται.
160 865 200 892 Οὐ
211 865 264 901 γάρ
274 866 350 892 ἐστιν
364 864 423 892 ῐσον
440 865 557 900 μηδενὸς
567 864 684 896 διδόντος
697 864 744 891 καὶ
757 863 865 891 πολλῶν

65 911 260 946 παρεχόντων,
276 911 379 946 ταύτην
391 910 441 946 τὴν
460 910 544 946 τιμὴν
563 909 727 936 διωθεῖσθαι.
746 908 868 943 Ἄνδρες
883 905 904 934 Β

66 955 211 989 ἀδελφοὶ,
247 956 306 983 υἱοὶ
336 955 445 991 γένους
474 955 609 990 Ἀϐραάμ.
639 955 696 990 τὴν
725 954 866 988 εὐγένειαν

66 1000 192 1028 ὲνθαῦϐα
219 1001 339 1028 δείκνυσι
368 1000 418 1036 τὴν
439 1001 600 1036 Ἰουδαῖκήν.
622 1000 678 1028 Kal
704 1001 732 1028 οι
752 1001 863 1034 ἄρχον-

68 1055 119 1078 τες
149 1046 252 1074 αὐτῶν
271 1047 379 1075 τοῦτον
397 1046 615 1081 ἀγνοήσαντες.
640 1046 725 1082 ’Υπὲρ
752 1045 864 1073 ἐκείνων

67 1092 249 1128 ἀπολογεῖται
283 1093 386 1130 ἠρέμα.
414 1092 626 1129 Ἐσταύρωσαν,
651 1093 753 1127 φησϊν,
783 1091 864 1120 αὐτὸν

50 1140 274 1175 ,ἀγνοήσαντεςσ
291 1140 403 1175 ἀγνοτας
417 1140 471 1176 γὰρ
495 1138 529 1177 ἦν
556 1141 587 1168 τδ
614 1140 777 1177 ἁμάρτημα.
805 1139 864 1167 Καὶ

66 1186 223 1222 μηδεμίαν
243 1188 343 1215 αιτίαν
375 1188 505 1216 θανάτου
533 1187 683 1222 εὑρόντες,
712 1187 865 1222 ᾐτήσαντο

70 1234 209 1261 Πιλᾶτον
248 1234 443 1269 ἀναιρεθῆναι
483 1235 586 1262 αὐτόν.
628 1234 864 1270 Περισποὺδαστον

70 1280 168 1312 αὐτοῖς
178 1279 224 1307 τὸν
239 1281 340 1315 τρόπον
377 1278 438 1307 εἶπε
467 1281 516 1308 τοῦ
544 1280 671 1308 θανάτου.
686 1281 812 1312 ,Πιλάτον
839 1279 867 1307 δὲ

69 1326 112 1357 εἰς
127 1325 213 1360 μέσον
229 1325 369 1361 φέρουσιν,
392 1325 438 1352 ἴνα
450 1325 498 1352 καὶ
525 1326 554 1352 τὸ
584 1325 670 1358 πάθος
704 1326 783 1361 δῆλον
817 1326 865 1360 γέ-

68 1380 152 1407 νηται
187 1372 240 1398 ἀπὸ
275 1371 321 1399 τοῦ
357 1371 512 1408 κριτηρίου,
540 1372 587 1398 καὶ
620 1371 664 1399 ἵνα
688 1371 786 1399 ἐκεῖνοι
804 1381 866 1408 μει-

71 1418 161 1451 ζόνως
175 1418 394 1454 κατηγορῶνται,
413 1417 491 1453 ἀνδρὶ
516 1417 684 1453 παραδόντες
712 1417 866 1453 ἀλλοφύλῳ.

72 1465 130 1492 Καὶ
147 1465 199 1492 οὐκ
217 1463 306 1498 εἶπεν,
322 1464 474 1500 Ἑνέτυχον,
491 1463 550 1492 ἀλλ’
580 1464 761 1501 ᾞτήσαντο.
778 1464 867 1501 Χάριν

73 1511 185 1544 Ελαὸον,
202 1511 294 1547 φησὶν,
311 1511 349 1543 ὡς
364 1510 469 1537 ἐκείνου
489 1510 527 1546 μὴ
544 1509 678 1543 θέλοντος.
705 1511 795 1546 Ὅπερ
819 1518 869 1538 σα-

74 1557 208 1592 φέστσρον
220 1555 322 1591 Πέτρος
335 1555 421 1590 λέγει·
435 1554 557 1582 Ἔκεινου
571 1555 714 1591 κρίναντος
726 1554 866 1582 ἀπολύειν.

79 1602 107 1628 '0
121 1602 158 1630 δὲ
168 1602 238 1635 Θεὸς
250 1601 370 1636 ἤγειρεν
379 1601 473 1629 αὐτὸν
480 1601 515 1628 ἐκ
527 1601 652 1636 νεκρῶν.
664 1601 710 1637 Μὴ
718 1601 867 1636 θορυϐειτω

75 1657 105 1675 σε
115 1648 212 1681 τὺ,τδν
227 1647 332 1683 Ἰησοῦν
358 1647 508 1683 ἱγῃγέρθαι
521 1647 574 1675 ὑπὸ
585 1647 632 1674 τοῦ
649 1647 717 1675 Θεοῦ
729 1639 868 1683 λέγιᾶθαι,

76 1696 107 1721 Ι·Ιὶ
125 1694 182 1730 γὰρ
200 1693 306 1730 Ἰησοῦς
317 1693 368 1720 οὐκ
380 1693 460 1725 ἄλλος
474 1693 559 1727 ἐστὶν,
579 1694 619 1730 ἢὸ
642 1694 730 1729 Λόγος
758 1695 773 1722 6
802 1703 870 1730 σαρ-

76 1740 177 1772 κωοείς
193 1747 201 1755 ·
235 1737 313 1771 οὗτοὶ
334 1740 362 1766 δὲ
386 1740 402 1776 ἡ
424 1740 539 1776 δύναμις
563 1740 612 1768 τοῦ
639 1741 758 1776 Πατρδς,
781 1740 817 1768 δι’
833 1739 870 1777 ,ἧς

77 1788 188 1814 ᾶπαντα
198 1787 306 1822 ἐνεργεῖ
323 1786 396 1813 κατὰ
412 1786 453 1819 τὸ,
482 1786 622 1821 Χριστὸς,
641 1787 716 1815 Θεοῦ
742 1787 870 1822 δύναμις

77 1833 126 1861 καὶ
149 1832 224 1861 Θεοῦ
233 1833 338 1868 σοφία,
354 1832 435 1865 αὐτὸς
449 1833 548 1860 ἑαυτὸν
564 1833 744 1861 ἀνεσπακέναι
772 1834 870 1870 νοηοή-

79 1889 168 1914 σεται,
194 1880 243 1907 καὶ
261 1880 413 1916 ἑγηγέρθαι
433 1880 582 1916 λεγόμενος
609 1881 663 1908 ὑπὸ
690 1880 736 1908 τοῦ
750 1880 868 1917 Πατρὸς,

77 1926 123 1961 ἔφ’
137 1926 178 1958 ὃν,
193 1926 232 1958 ὠς
247 1925 338 1961 ἀρχὴν
355 1925 403 1952 καὶ
426 1925 517 1953 αετίαν
540 1925 666 1962 ἄχρονον,
684 1926 793 1953 ἅπαντα
803 1926 870 1953 dva-

79 1973 204 2008 φέρεται.
222 1972 300 1998 Ἐπεὶ
316 1971 364 1999 καὶ
373 1972 454 2003 αὑτός
466 1980 535 2007 φησι
548 1979 556 1987 υ
586 1972 707 1999 Λύσατε
727 1972 781 1998 τὸν
795 1972 871 1999 ναὸν

77 2017 196 2051 τοῦτον,
212 2018 261 2046 καὶ
269 2019 304 2046 ἐν
312 2018 410 2052 τρισὶν
425 2017 549 2053 ἡμέραις
556 2017 646 2053 ἐγερῶ
660 2018 763 2045 αὐτόν.
775 2033 810 2040 -
818 2020 871 2051 ⁸ος

77 2064 161 2099 ὤφθη
175 2064 238 2097 τοῖς
246 2063 458 2091 συναναϐᾶσιν
469 2063 550 2097 αὐτῷ
566 2064 589 2081 ⁸⁸
601 2065 644 2097 εις
661 2063 871 2099 Ἰερουσαλὴμ.

80 2111 131 2139 ἐπὶ
161 2111 274 2147 ἡμέρας
283 2111 531 2145 πλείους-,οἵτινές
546 2111 606 2138 εισι
617 2110 768 2146 μάρτυρες
777 2110 871 2138 αὐτοῦ

79 2158 154 2193 πρὸς
164 2158 217 2185 τὸν
232 2158 311 2185 λαόν
322 2165 329 2173 ·
353 2157 404 2184 οὐκ
422 2156 455 2184 ἂν
473 2156 562 2189 ὅντες,
574 2157 598 2183 ει
623 2156 661 2193 μὴ
678 2155 738 2192 (ista
758 2155 872 2192 δυνάμει

77 2203 262 2232 ἐϐεϐαιοῦντο.
278 2203 342 2237 Τοῖς
349 2203 466 2236 τέκνοις
475 2202 536 2230 τῶν
549 2202 684 2237 πατέρων
701 2203 783 2238 ὑμῖν,
797 2203 872 2231 ἀνα-

913 271 970 294 est.‘
989 265 1075 293 Filius
1089 275 1160 293 meus
1173 275 1199 294 es
1216 273 1254 299 tu,
1269 275 1316 303 ego
1331 267 1408 294 hodie
1420 267 1498 302 genui
1513 271 1546 293 te.

947 311 1028 339 Vens.
1042 312 1086 339 54.
1104 312 1180 344 Quod
1195 316 1283 339 autem
1298 321 1357 339 eum
1371 312 1536 339 suscitaverit
1549 320 1564 337 a
1581 311 1705 343 mortuis,

913 367 965 385 non
980 358 1095 392 amplius
1108 359 1277 394 redigendum
1295 359 1329 386 ad
1343 359 1548 394 corruptionem,
1561 359 1600 385 ita
1617 358 1683 384 dixit
1694 366 1703 384 :

913 404 988 431 Dabo
1003 404 1072 432 vobis
1083 410 1176 432 sancta
1198 404 1283 431 David
1297 405 1398 439 ﬁdelia.

948 450 1027 478 Vens.
1048 450 1093 479 35.
1110 450 1286 483 Quamobrem
1303 451 1383 478 etiam
1394 451 1459 478 alibi
1472 451 1534 478 dicit
1549 459 1558 478 :
1575 451 1634 478 Non
1646 459 1704 484 per-

914 497 1012 530 mittes,
1028 500 1056 524 ut
1067 501 1175 524 sanctus
1190 501 1249 524 tuus
1259 497 1345 524 videat
1358 498 1561 532 corruptionem.

948 543 1030 571 Vens.
1045 543 1089 571 56.
1101 543 1171 571 Nam
1183 543 1269 571 David
1281 544 1385 579 quidem
1395 552 1454 570 cum
1467 552 1521 571 sua:
1535 545 1608 571 (elati
1621 545 1706 572 inser-

914 590 1003 622 uisset,
1028 589 1138 617 consilio
1159 589 1208 617 Dei
1228 589 1394 622 obdormivit,
1413 595 1438 617 et
1460 591 1593 626 appositus
1617 592 1704 618 estad

879 664 882 666 ν
915 636 1029 670 majores
1044 644 1115 667 suos,
1129 640 1154 663 et
1172 636 1237 662 vidit
1253 637 1458 670 corruptionem.

950 682 1032 710 Vens.
1057 683 1104 710 57.
1119 681 1171 710 Sed
1189 690 1265 718 quem
1281 682 1353 709 Deus
1380 682 1555 713 resuscitavit.
1577 691 1628 710 non
1640 683 1707 710 vidit

915 729 1116 764 corruptionem.

950 774 1070 802 Ioannes
1080 781 1134 801 non
1149 773 1309 808 simpliciter
1322 771 1494 804 testiﬁcatur,
1508 772 1556 800 sed
1570 779 1632 800 eum
1647 779 1706 798 om-

915 828 965 848 nes
994 820 1027 848 ad
1052 827 1114 848 eum
1147 819 1287 848 deferrent
1311 818 1626 853 existimationem,ipse
1647 824 1706 843 eam

915 866 1017 902 reiicit.
1032 865 1090 893 Non
1107 865 1178 893 enim
1191 865 1261 893 idem
1276 869 1327 897 est,
1344 865 1454 892 nemine
1468 865 1559 897 dante,
1574 868 1602 891 et
1616 863 1711 891 multis

919 913 1104 950 praebentibus
1118 913 1192 940 hunc
1209 913 1341 940 honorem
1356 912 1446 947 respui
1460 915 1542 946 atque
1557 909 1707 945 repudiari.

921 959 975 988 Viri
991 961 1096 995 fratres,
1116 959 1213 995 posteri
1235 958 1336 994 generis
1356 958 1512 985 Abrahami.
1537 955 1710 984 Nobilitatem

918 1006 946 1033 in
962 1006 1014 1033 hoc
1027 1006 1099 1039 loco,
1110 1012 1141 1033 ac
1155 1003 1423 1041 generisJudmorum
1434 1003 1606 1038 splendorem
1617 1006 1712 1029 osten-

917 1052 968 1080 dit.
980 1052 1014 1080 Et
1029 1052 1160 1087 principes
1175 1059 1265 1079 eorum
1279 1052 1352 1079 illum
1367 1052 1528 1086 ignorantes.
1546 1048 1672 1076 Defendit
1683 1050 1712 1074 et

918 1102 1030 1127 excusat
1039 1098 1099 1125 illos
1109 1098 1202 1132 aliquo
1214 1097 1304 1125 modo.
1316 1096 1527 1128 Cruciﬂxerunt,
1537 1094 1634 1129 inquit.
1646 1101 1709 1121 eum

918 1146 1078 1182 ignorantes
1093 1144 1218 1178 quisnam
1234 1148 1307 1171 esset
1330 1151 1337 1170 :
1367 1142 1528 1178 ignorantia:
1551 1141 1623 1168 enim
1651 1144 1712 1167 erat

918 1193 1059 1220 delictum.
1078 1191 1111 1218 Et
1124 1190 1198 1217 nulla
1212 1198 1293 1217 causa
1309 1190 1399 1216 mortis
1415 1189 1532 1219 iuventa,
1551 1187 1680 1222 petierunt
1693 1195 1711 1213 α

918 1239 1018 1270 Pilato,
1030 1242 1058 1265 ut
1073 1235 1381 1271 tolleretur.Expetitum
1396 1233 1493 1262 abillis
1508 1232 1618 1261 modum
1634 1239 1712 1259 mor-

919 1285 953 1313 tis
967 1292 1028 1313 esse
1045 1284 1120 1312 dicit.
1135 1283 1251 1311 Pilatum
1264 1286 1356 1310 autem
1369 1281 1395 1308 in
1411 1280 1531 1308 medium
1547 1278 1711 1313 producunt,

919 1336 950 1360 ut
968 1335 996 1359 et
1014 1330 1177 1366 supplicium
1196 1329 1281 1357 aloco
1305 1327 1405 1363 jndiciil
1422 1326 1595 1354 manifestum
1621 1325 1711 1356 ﬁeret.

918 1382 945 1405 et
957 1377 993 1404 illi
1010 1375 1200 1404 vehementius
1211 1372 1468 1407 accusarentur,qui
1481 1372 1538 1399 viro
1554 1370 1713 1405 alienigene

920 1424 1061 1453 Christum
1078 1422 1264 1450 tradidissent.
1279 1421 1313 1448 Et
1326 1427 1381 1447 non
1395 1419 1472 1451 dixit,
1491 1417 1713 1448 Postulaverunt,

920 1469 968 1497 sed
984 1469 1124 1504 petierunt.
1146 1466 1239 1494 Gratia
1256 1465 1482 1500 impetraverunt,
1501 1462 1601 1497 inquit,
1618 1465 1713 1496 utpote

920 1515 968 1543 illo
990 1514 1113 1542 nolente.
1131 1512 1209 1546 Quod
1233 1512 1332 1540 Petrus
1347 1510 1466 1546 apertius
1476 1509 1544 1537 dicit
1560 1516 1567 1535 :
1583 1508 1650 1536 Cum
1667 1507 1713 1535 ille

920 1561 1061 1589 statuisset
1077 1567 1139 1587 eum
1153 1558 1298 1587 absolvere
1323 1565 1354 1584 ac
1369 1556 1515 1584 dimittere.
1535 1554 1603 1582 Deus
1623 1558 1712 1580 autem

921 1616 981 1636 eum
998 1606 1135 1634 suscitavit
1159 1614 1176 1632 a
1199 1604 1320 1632 mortuis.
1338 1601 1378 1630 Ne
1396 1606 1423 1629 te
1441 1604 1548 1628 moveat
1561 1607 1593 1627 ac
1610 1599 1712 1630 turbet.

920 1653 993 1690 quod
1009 1652 1090 1680 Jesus
1102 1651 1203 1679 dicitur
1217 1650 1366 1678 suscitatus
1385 1655 1446 1675 esse
1465 1654 1481 1674 a
1507 1643 1574 1674 Deo.
1595 1644 1663 1672 Nam
1689 1644 1713 1671 si

919 1700 1000 1728 Jesus
1011 1706 1067 1727 non
1080 1698 1150 1725 alius
1160 1701 1201 1725 est
1215 1701 1297 1732 atque
1306 1695 1426 1723 Verbum
1439 1693 1619 1722 incarnatum.
1632 1695 1714 1726 atque

920 1746 974 1775 hoc
996 1744 1119 1782 potentia
1142 1742 1231 1772 Patris
1247 1747 1300 1775 est,
1321 1748 1374 1776 qua
1397 1740 1488 1767 omnia
1518 1738 1598 1774 110
1621 1737 1714 1768 efﬁcit,

919 1793 993 1822 sicut
1014 1792 1117 1820 dictum
1135 1793 1178 1818 est
1198 1789 1264 1817 illud
1284 1797 1291 1816 :
1317 1787 1436 1816 Christus
1453 1785 1501 1813 Dei
1521 1784 1637 1820 potentia
1650 1804 1657 1816 ,
1683 1791 1715 1810 ac

919 1839 970 1867 Dei
993 1838 1138 1874 sapientia.
1156 1835 1303 1871 semetipse
1324 1833 1503 1862 resuscitasse
1526 1831 1713 1866 intelligetur,

920 1886 1027 1915 etiamsi
1043 1893 1058 1913 a
1075 1879 1155 1912 Patre
1168 1883 1348 1912 resuscitatus
1362 1886 1423 1909 esse
1439 1880 1556 1913 dicatur,
1574 1878 1607 1906 ad
1622 1885 1713 1914 quem,

921 1937 1050 1968 tanquam
1059 1930 1224 1967 principium
1238 1934 1265 1957 et
1282 1935 1395 1956 causam
1412 1926 1543 1961 temporis
1562 1929 1715 1960 expertem.
1752 1958 1757 1962 ⁵

922 1979 1015 2007 omnia
1029 1977 1197 2006 referuntur.
1216 1974 1352 2008 Quoniam
1373 1978 1402 2001 et
1421 1973 1479 2008 ipse
1494 1973 1532 1999 ait
1555 1980 1562 1998 :
1583 1971 1717 1998 Destruite

923 2024 1049 2060 templum
1061 2023 1118 2056 hoc,
1130 2027 1154 2050 et
1170 2023 1196 2049 in
1209 2021 1291 2048 tribus
1302 2020 1393 2048 diebus
1403 2019 1522 2047 excitabo
1530 2018 1606 2045 illud.
1618 2032 1652 2038 —
1663 2017 1715 2050 Qui

922 2071 994 2098 uisus
1015 2074 1052 2098 est
1078 2069 1133 2098 dies
1158 2068 1305 2104 complures
1329 2067 1362 2103 ab
1390 2067 1440 2098 Itis,
1467 2065 1512 2096 qui
1535 2072 1588 2091 una
1606 2071 1666 2090 cum
1685 2071 1716 2090 eo

923 2117 1097 2145 ascenderant
1120 2116 1148 2143 in
1167 2113 1332 2147 Jerusalem,
1351 2113 1396 2148 qui
1421 2116 1481 2140 sunt
1499 2111 1523 2138 ei
1547 2114 1624 2138 testes
1645 2109 1717 2145 apud

923 2164 1035 2199 plebem.
1047 2163 1126 2197 Quod
1142 2169 1198 2190 non
1213 2166 1320 2194 essent,
1337 2159 1391 2188 nisi
1404 2159 1495 2187 divina
1514 2156 1636 2195 pote‘_ntia
1651 2163 1718 2183 con-

925 2211 1111 2239 ﬁrmarentur.
1126 2208 1203 2236 Vobis
1219 2207 1328 2243 posteris
1340 2211 1458 2240 patrum,
1472 2205 1627 2232 resuscitan
1641 2203 1715 2230 Iesu.

77 2251 197 2284 στήσας
223 2250 351 2285 Ἰησοῦν.
378 2250 415 2277 Τὸ
436 2249 556 2284 Ἰησοῦς
575 2249 661 2286 ὃνομα
686 2250 733 2276 ἐπὶ
754 2249 802 2277 τοῦ
826 2251 847 2278 ἀι

949 2264 1029 2286 omen
1060 2255 1138 2283 Iesus
1177 2254 1211 2283 de
1238 2254 1351 2282 homine
1382 2252 1520 2287 accipiunt
1549 2249 1716 2278 deicidarum

77 2296 189 2334 θρώπου
208 2297 430 2333 ὲκλαμδάνουσιν
444 2297 469 2325 οἱ
499 2297 553 2324 τῶν
578 2297 729 2324 θεοκτόνων
750 2296 870 2332 ἀδελφοί.

82 2343 193 2380 Ἐπειδὴ
206 2343 253 2370 οὖν
264 2343 410 2379 προλαϐὼν
428 2341 490 2370 εἷπε
512 2343 651 2371 τεθεῖσθαι
667 2343 714 2372 τὸν
739 2345 826 2380 Λόγον
842 2345 871 2372 ἐν

77 2389 214 2425 μνημείῳ,
231 2389 274 2416 ἴνα
287 2389 324 2425 μή
339 2398 382 2421 τις
394 2389 518 2426 ὑπολάϐῃ
525 2389 646 2426 ἇσαρκον
661 2390 744 2418 αὐτὸν
760 2391 870 2426 εΙρηκέ-

75 2445 123 2463 ναι
136 2435 182 2462 τὸν
194 2435 293 2470 Λόγον,
311 2435 394 2463 πάλιν
409 2436 491 2463 αὐτὸν
507 2435 615 2472 Ἰησοῦν
629 2436 720 2471 καλεῐ,
748 2436 868 2473 οὐδαμοῦ

75 2483 211 2519 διαίρεσιν
240 2483 330 2515 διδοὺς
355 2483 395 2518 τῷ
425 2484 594 2520 σαρκωθέντι
620 2484 700 2521 Λόγῳ
723 2484 793 2520 μετὰ
820 2485 870 2520 τὴν

75 2529 183 2556 ἕνωσιν.
202 2529 271 2563 Υἱός
281 2538 341 2565 μου
362 2527 393 2557 εἴ
403 2530 444 2558 σύ
454 2538 461 2546 ·
472 2530 530 2566 ἐγὼ
547 2530 682 2566 σήμερον
698 2531 870 2567 γεγέννηκά

76 2582 126 2602 σε.
142 2574 236 2602 Ταῦτα
260 2576 293 2611 τῇ
320 2575 528 2612 ὲνανθρωπήσει
549 2576 597 2603 τοῦ
622 2575 744 2612 Χριστοῦ
774 2577 870 2604 σκόπει

79 2620 165 2654 δήπου
177 2619 211 2647 τὰ
224 2620 347 2656 ῥήματα,
355 2621 416 2656 ἥτις
424 2621 554 2657 χρονικὴν
562 2620 619 2657 εἷχε
626 2622 676 2657 τὴν
686 2622 870 2658 ιπιφοίτησιν,

80 2666 119 2694 Τὸ
134 2667 188 2702 γὰρ
203 2668 323 2703 σήμερον
338 2667 387 2695 καὶ
399 2667 505 2705 αὔριον,
518 2668 633 2704 ἡμερῶν
644 2669 703 2695 ἐστὶ
727 2677 873 2704 παραστα-

78 2713 150 2740 rixa.
172 2713 307 2750 ’Δχρόνως
324 2713 379 2749 γὰρ
396 2713 471 2749 παρὰ
485 2714 533 2741 τοῦ
548 2714 667 2750 Πατρὺς,
687 2713 726 2747 ὥς
741 2714 790 2742 καὶ
807 2716 870 2742 παῖ-

79 2761 119 2791 6ες
148 2759 296 2795 αἱρετικῶν
321 2759 483 2796 ὁμολογοῦσι
499 2779 507 2793 ,
535 2761 667 2789 τίκτεται.
699 2762 740 2788 Ob
762 2760 869 2794 δώσεις

923 2305 1039 2333 fratres.
1068 2302 1205 2336 Quoniam
1235 2301 1317 2337 igitur
1350 2307 1434 2335 supra
1461 2299 1568 2326 dixerat
1596 2296 1717 2324 Verbum

923 2350 1042 2386 positum
1065 2348 1151 2376 fuisse
1172 2348 1201 2375 in
1223 2350 1413 2378 monumento,
1433 2352 1468 2372 ne
1485 2343 1547 2379 quis
1563 2343 1718 2378 suspicetur

921 2395 998 2422 illum
1021 2393 1123 2421 dixiSSe
1148 2391 1270 2420 Verbum
1286 2398 1370 2419 came
1390 2389 1511 2418 caruisse
1522 2409 1530 2422 ,
1544 2395 1638 2415 rursus
1653 2395 1717 2415 eum

921 2443 1001 2469 vocat
1025 2439 1119 2467 Jesum
1137 2447 1145 2465 :
1163 2445 1299 2472 nusquam
1322 2435 1451 2464 nimirum
1471 2433 1634 2462 divisionem
1647 2433 1716 2461 dans

923 2487 1066 2515 incarnato
1077 2484 1170 2512 Verbo
1184 2488 1247 2519 post
1259 2483 1422 2510 unitionem.
1437 2480 1523 2508 Filius
1537 2488 1609 2508 meus
1624 2488 1650 2507 es
1665 2484 1692 2506 tu
1706 2487 1716 2507 :

923 2540 969 2567 ego
985 2530 1061 2558 hodie
1074 2529 1152 2565 genui
1166 2534 1200 2556 te.
1213 2528 1278 2556 Haec
1294 2527 1378 2555 verba
1388 2526 1519 2553 nimirum
1534 2522 1715 2552 incarnationi

924 2577 1026 2605 Christi
1042 2575 1172 2608 attribue,
1193 2574 1241 2610 qui
1258 2573 1416 2602 incarnatus
1433 2571 1611 2608 temporalem
1622 2569 1716 2598 habuit

925 2624 1085 2652 adventum.
1109 2621 1180 2649 Nam
1195 2620 1288 2653 hodie,
1311 2624 1340 2648 et
1360 2626 1432 2651 cras,
1451 2618 1558 2646 dierum
1574 2617 1716 2645 continent

926 2668 1163 2706 signiﬁcationem.
1177 2667 1246 2695 Nam
1259 2666 1363 2702 absque
1378 2670 1502 2700 tempore
1514 2671 1530 2691 a
1547 2663 1627 2691 Patre
1636 2662 1716 2699 geni-

924 2721 968 2744 tus
980 2720 1034 2748 est,
1056 2713 1181 2742 utetiam
1192 2712 1316 2741 haeretici
1330 2711 1508 2740 conﬁtentur.
1528 2710 1588 2738 Non
1604 2709 1714 2745 permit-

924 2765 970 2794 tes,
995 2765 1023 2787 ut
1043 2764 1152 2787 sanctus
1167 2764 1227 2786 tuus
1248 2758 1335 2786 uideat
1356 2756 1560 2792 corruptionem.
1585 2754 1715 2783 Mentitur

677 2830 776 2860 Variae
798 2830 954 2862 lectiones
976 2831 1006 2860 et
1028 2831 1125 2860 notae.

111 2903 131 2935 '1‘
146 2901 272 2937 Μέλλων,
296 2907 334 2931 est
349 2903 376 2931 in
393 2904 590 2939 manuscripto:
609 2905 653 2932 sed
668 2903 746 2937 male,
766 2904 844 2939 opina

948 2901 1075 2930 ὶναϐάσιν
1090 2899 1183 2936 αὐτὸν,
1197 2906 1273 2928 erat.
