1868 3053
109 203 163 235 Ὡς
177 203 229 230 καὶ
241 202 276 229 ἐν
293 200 331 235 τῷ
345 200 456 237 ψαλμῷ
469 200 510 233 τῷ
528 199 656 232 δευτέρῳ
681 198 843 233 τέτραπται
856 207 863 214 ·
879 202 902 230 Α

72 249 137 280 ΥΙός
150 257 216 283 μου
226 246 303 276 εῒσύ
318 256 325 263 ·
341 247 398 283 ἐγὼ
417 248 552 282 σήμερον
562 245 730 281 γεγέννηκά
744 253 791 273 σε.

103 295 168 321 Ὅτι
184 295 221 322 δὲ
247 294 419 328 ἀνέστησεν
436 294 530 321 αὑτὸν
556 293 590 319 ἐκ
613 291 738 326 νεκρῶν,
761 291 867 328 μηκέτι

69 339 228 375 utiliora:
245 341 269 358 ⁸¹
284 339 487 375 ὑποστρέφειν
509 339 554 371 εις
573 337 748 373 διαφθορὰν,
772 337 868 371 οὕτως

69 386 208 420 εἴρηκεν,
227 385 274 412 ὅτι
289 385 378 413 Δώσω
388 385 462 420 ὑμῖν
472 384 508 412 τὰ
533 384 602 411 ὅσια
618 383 704 411 Δαυῒδ
715 384 751 411 τὰ
762 383 866 410 πιστά.

105 432 157 459 Διὸ
170 431 224 459 καὶ
238 432 273 459 ἐν
283 431 374 466 ἑτέρῳ
388 431 469 466 λέγει
479 438 487 446 ·
503 431 545 458 οὺ
564 429 672 464 δώσεις
696 430 751 457 τὸν
781 429 868 457 ὅσιόν

70 487 128 506 σου
147 478 226 506 [δεῖν
240 478 415 513 διαφθοράν.

105 524 205 551 Δαυῒὸ
220 524 279 559 μὲν
291 525 346 560 γὰρ
360 524 419 558 ὶδιᾳ
436 523 526 559 γενεᾷ
549 523 754 559 ὑπηρετήσας,
767 523 806 558 τῇ
814 523 867 551 τοῦ

72 571 149 597 Θεοῦ
161 571 269 605 ,βουλῇ
288 571 442 606 ἐκοιμήθη,
452 572 500 599 καὶ
512 570 680 606 προσετέθη
696 571 771 606 πρὸς
796 569 868 604 τοὺς

71 616 208 650 πατέρας
220 617 324 649 αὐτοῦ,
342 617 392 644 και
406 615 467 644 side
484 616 660 651 διαφθοράν.

110 663 168 689 *ον
182 662 218 689 δὲ
232 664 249 690 δ
261 663 334 697 Θεὸς
343 662 475 698 ἤγειρεν,
488 663 545 690 οὐκ
556 661 617 690 εἶδε
628 660 832 698 διαφ[θ]οράν.
878 666 881 684 ξ

115 752 251 788 Ἰωάννης
275 753 414 789 μαρτυρεῖ
437 752 486 788 οὐχ
513 752 624 784 ἁπλῶςυ
663 751 732 779 ἀλλὰ
760 751 869 779 πάντων

73 799 120 825 ὑπ’
137 798 227 826 αὑτὸν
237 798 359 833 ἀγόντων
365 797 415 833 τὴν
426 798 517 832 δόξαν,
530 798 611 830 αὐτὸς
624 798 719 833 ἀὐτὴν
730 796 871 832 ἀποκρού-

72 854 143 872 εται.
165 845 205 871 Οὐ
216 845 270 880 γάρ
280 845 355 872 ἐστιν
369 844 428 872 ἴσον
446 844 562 880 μηδενὸς
572 844 689 876 διδόντος
702 845 749 871 καὶ
763 843 870 871 πολλῶν

73 890 266 925 παρεχόντων,
282 890 385 926 ταύτην
397 890 447 925 τὴν
465 890 549 926 τιμὴν
568 889 732 916 διωθεῖσθαι.
751 887 872 923 Ἄνδρες
888 885 909 913 Β

74 935 216 969 ἀδελφοὶ,
252 935 312 962 υἱοὶ
341 935 451 970 τένους
479 934 614 970 Ἀϐραάμ.
645 934 701 970 Τὴν
730 934 871 968 εὐγένειαν

74 979 198 1008 ὲνθαῦθσ.
225 980 344 1007 δείκνυσι
374 979 423 1016 τὴν
444 980 605 1016 ’ἰουδαϊκήν.
628 980 685 1008 Kal
709 981 737 1007 οι
757 980 868 1014 ἄρχον-

76 1034 125 1058 τες
153 1026 258 1054 αὐτῶν
276 1026 384 1055 τοῦτον
402 1026 621 1061 ἀγνοήσαντες.
645 1026 731 1062 ’Υπὲρ
757 1025 870 1053 ἐκείνων

75 1071 254 1107 ἀπολογεῖται
288 1073 391 1109 ἠρέμα.
419 1072 631 1108 Ἐσταΰρωσαν,
657 1073 758 1107 φησϊν,
788 1072 870 1099 αὐτὸν

58 1119 280 1155 ,ἀγνοήσαντες
297 1120 408 1155 ἀγνοίας
422 1120 477 1155 γὰρ
500 1118 535 1157 ἦν
562 1120 592 1148 τὸ
619 1120 782 1157 ἁμάρτημα.
810 1119 869 1146 Kal.

74 1166 228 1202 μηδεμίαν
249 1167 348 1195 αἰτίαν
380 1167 511 1196 θανάτου
538 1167 688 1202 εὑρόντες,
717 1167 871 1202 ᾐτήσαντο

78 1214 213 1241 Πιλᾶτον
253 1214 448 1249 ἀναιρεθῆναι
488 1215 592 1242 αὐτόν.
633 1214 870 1249 Περισπούδαστον

77 1260 172 1291 αὐτοῖς
183 1259 230 1286 τὸν
245 1260 345 1295 τρόπον
382 1257 444 1287 εἷπε
473 1260 521 1287 τοῦ
549 1260 677 1288 θανάτου.
691 1260 818 1291 ,Πιλᾶτον
844 1259 872 1286 δὲ

77 1305 118 1336 εἰς
132 1305 219 1340 μέσον
235 1305 375 1340 φέρουσιν,
398 1305 443 1332 ἵνα
455 1305 503 1332 καὶ
530 1305 560 1332 τὸ
590 1305 676 1337 πάθος
709 1305 788 1340 δῆλον
822 1306 870 1340 γέ-

76 1360 157 1386 νηται
192 1351 246 1378 ἀπὸ
280 1351 327 1379 τοῦ
363 1351 518 1387 κριτηρὶου,
546 1351 593 1378 καὶ
625 1351 669 1379 ἵνα
693 1351 792 1378 ἐκεῖνοι
809 1360 871 1387 μει-

78 1398 165 1430 (duo;
180 1397 400 1434 χατηγορῶνται,
418 1397 497 1433 ἀνδρὶ
521 1397 689 1433 παραδόντες
717 1397 871 1433 ἀλλοφύλῳ.

80 1445 135 1472 Καὶ
152 1444 204 1472 οὐχ
223 1442 311 1478 εἶπεν,
328 1444 479 1480 Ἐνέτυχον,
497 1443 555 1471 ἀλλ’
586 1444 766 1480 ᾞτήσαντο,
783 1444 872 1480 Χάριν

80 1490 191 1523 ελαὸον,
207 1490 300 1526 φησὶν,
317 1490 354 1522 ὡς
369 1490 475 1517 ἐκείνου
494 1489 532 1525 μὴ
550 1489 683 1522 Θέλοντος.
710 1490 800 1526 Ὅπερ
825 1497 874 1517 σα.-

81 1536 214 1571 φὲστσρον
226 1534 328 1570 Πέτρος
341 1534 426 1569 λέγει·
441 1533 563 1561 Ἐκείνου
576 1534 719 1571 κρίναντος
731 1534 872 1562 ἀπολύειν.

86 1582 113 1608 '0
126 1582 163 1609 δὲ
173 1582 244 1615 Θεὸς
255 1581 376 1616 ἤγειρεν
385 1580 479 1608 αὐτὸν
486 1581 520 1608 ἐκ
533 1580 657 1615 νεκρῶν.
670 1581 716 1616 Μὴ
723 1580 873 1616 θορυϐείτω

82 1637 112 1654 σε
121 1628 162 1660 τὸ,
171 1627 217 1655 τὸν
232 1626 338 1662 Ἰησοῦν
363 1626 514 1662 ιγηγὲρθαι
526 1627 580 1654 ὑπὸ
590 1627 638 1654 τοῦ
654 1627 723 1654 Θεοῦ
734 1619 873 1662 λέγεσθαι..

83 1675 113 1701 1-ῖὶ
130 1674 188 1709 γὰρ
206 1673 312 1709 Ἰησοῦς
323 1673 374 1700 οὐκ
385 1672 466 1704 ἄλλος
479 1672 564 1706 ἐστὶν,
585 1673 625 1709 ἢὸ
647 1673 736 1708 Λόγος
764 1675 778 1701 ό
808 1682 876 1709 σαρ-

84 1720 182 1752 ιωοεις
199 1727 207 1735 ο
241 1717 318 1751 οὗτος
339 1719 368 1746 δι
391 1720 408 1755 ἡ
429 1720 545 1755 δύναμις
568 1719 617 1747 τοῦ
644 1720 763 1756 Πατρός,
787 1720 823 1747 δι’
839 1718 876 1756 ἦς

85 1768 193 1794 ᾶπαντα
204 1767 312 1802 ἐνεργεῖ
329 1766 402 1793 κατὰ
417 1766 458 1798 τὸ,
487 1766 628 1801 Χριστὸς,
646 1767 721 1794 Θεοῦ
747 1766 875 1802 δύναμις

84 1813 131 1840 καὶ
154 1812 229 1840 Θεοῦ
238 1813 344 1848 σοφία,
359 1812 441 1845 αὐτὸς
455 1812 554 1840 ἑαυτὸν
570 1813 749 1841 ἀνεστακέναι
777 1813 876 1849 νοηθή-

86 1869 174 1892 σεται,
199 1859 248 1887 καὶ
267 1860 419 1895 ἑγηγέρθαι
438 1860 588 1895 λεγόμενος
615 1860 669 1887 me
695 1860 742 1887 τοῦ
755 1860 873 1896 Πατρὺς,

85 1905 128 1940 ἐφ’
140 1905 183 1938 ὃν,
198 1905 237 1938 ὡς
253 1905 344 1942 ἀρχὴν
360 1905 409 1932 καὶ
431 1904 523 1932 αξτίαν
545 1905 672 1941 ἄχρονον,
690 1905 798 1932 ἅπαντα
809 1905 876 1932 ἀνα-

86 1953 209 1987 φέρεται.
228 1951 306 1978 Ἐπεὶ
322 1950 369 1978 καὶ
378 1951 459 1983 αὐτός
471 1959 540 1987 φησι
554 1959 562 1966 ·
592 1951 712 1979 Λύσατε
732 1951 787 1978 τόν
801 1951 877 1978 ναὸν

85 1997 202 2031 τοῦτον,
217 1997 267 2026 καὶ
275 1998 309 2025 ἐν
318 1998 416 2032 τρισὶν
430 1997 555 2033 ἡμέραις
561 1997 652 2032 ἐγερῶ
665 1997 769 2025 αὐτόν.
780 2012 815 2020 -
824 1999 877 2030 ’ος

84 2044 167 2078 ὤφθη
181 2043 243 2077 τοῖς
252 2043 464 2071 συναναϐᾶσιν
475 2042 556 2076 αὐτῷ
571 2043 595 2060 ⁸³
606 2043 650 2077 εἰς
667 2042 877 2078 Ἰερουσαλὴμ,

87 2091 136 2118 ἐπὶ
166 2091 280 2126 ἡμέρας
288 2090 537 2124 πλείους-,οἳτινές
552 2091 611 2118 εισι
622 2089 774 2125 μάρτυρες
783 2089 877 2117 αὐτοῦ

87 2138 160 2172 πρὸς
169 2137 223 2165 τὸν
237 2138 316 2165 λαόν
328 2145 335 2152 ·
359 2137 409 2164 οὐκ
427 2136 461 2163 ἂν
478 2136 568 2168 ὄντες,
580 2136 604 2163 ει
629 2135 666 2172 μὴ
684 2135 744 2171 Otia
764 2135 878 2172 δυνάμει

85 2183 267 2211 ἑϐεϐαιοῦντο.
283 2182 347 2216 Τοῖς
354 2183 472 2216 τέκνοις
480 2182 542 2210 τῶν
554 2181 690 2217 πατέρων
707 2182 789 2217 ὑμῖν,
803 2183 878 2210 ἀνα-

85 2230 203 2264 στήσας
228 2229 356 2264 Ἰησοῦν.
383 2229 420 2256 Τὸ
441 2228 562 2264 Ἰησοῦς
580 2229 667 2265 ὄνομα
692 2229 739 2256 ἐπὶ
759 2229 808 2257 τοῦ
832 2230 880 2257 ἀν-
895 2241 916 2270 ι)

85 2276 194 2312 Θρώπου
214 2277 436 2312 ἑκλαμδάνουσιν
450 2277 475 2304 οἱ
505 2276 559 2304 τῶν
583 2276 734 2304 Θεοκτόνων
756 2276 875 2312 ἀδελφοί.

90 2322 199 2359 Ἔπειδή
211 2322 258 2350 οὖν
269 2322 416 2359 προλαϐὼν
433 2321 495 2350 εἷπε
518 2323 657 2350 τεθεϊσθαι
673 2323 720 2351 τὸν
745 2324 831 2359 Λόγον
847 2325 876 2351 ὲν

85 2367 220 2404 μνημείῳ,
237 2368 280 2395 ῑνα
293 2368 329 2404 μή
345 2377 388 2401 τις
400 2368 652 2405 ὑπολάΰῃᾶσαρκον
667 2370 750 2397 αὐτὸν
765 2370 876 2406 εἰρηκέ-

83 2424 127 2442 ναι
141 2415 188 2441 τὸν
200 2415 299 2449 Λόγον,
317 2414 400 2442 πάλιν
415 2415 497 2442 αὐτὸν
512 2415 621 2452 Ἰησοῦν
634 2415 726 2450 καλεῖ,
753 2415 874 2452 οὐδαμοῦ

83 2462 217 2498 διαίρεσιν
246 2462 336 2494 διδοὺς
361 2462 400 2498 τῷ
431 2463 600 2499 σαρκωθέντι
625 2463 705 2500 Λόγῳ
728 2464 798 2500 μετὰ
825 2463 876 2500 τὴν

84 2507 189 2535 ἕνωσιν.
209 2509 276 2542 Υιός
287 2517 347 2544 μου
368 2506 399 2536 εἷ
409 2510 450 2537 σύ
460 2517 468 2526 υ
478 2510 536 2545 ἐγὼ
552 2510 687 2546 σήμερον
703 2510 876 2546 γεγέννηκά

85 2561 130 2581 σε.
148 2553 242 2581 Ταῦτα
266 2555 299 2590 τῇ
326 2554 534 2591 ὲνανθρωπήσει
555 2555 602 2583 τοῦ
628 2555 750 2592 Χριστοῦ
780 2556 876 2583 σκόπει

87 2598 170 2634 δήπου
182 2599 217 2626 τὰ
229 2599 353 2635 ῥήματα,
361 2600 423 2635 ἥτις
430 2600 559 2636 χρονικὴν
567 2599 624 2637 εἶχε
632 2601 682 2636 τὴν
691 2601 876 2637 ἑπιφοίτησιν.

88 2646 124 2673 Τὸ
139 2646 194 2682 γὰρ
208 2647 329 2682 σήμερον
344 2647 392 2675 καὶ
405 2646 511 2684 αὖριον,
524 2647 639 2683 ἡμερῶν
649 2649 709 2675 ἐστὶ
733 2656 879 2684 παραστα-

86 2692 156 2719 τικά.
177 2692 313 2730 Ἀχρόυως
330 2693 386 2728 γὰρ
401 2693 477 2729 παρὰ
491 2693 539 2720 τοῦ
555 2693 673 2728 Πατρός,
694 2693 732 2726 ὡς
747 2694 796 2721 καὶ
813 2695 876 2721 παϊ-

86 2740 125 2770 δες
153 2739 301 2775 αἱρετικῶν
327 2739 513 2775 ὁμολογοῦσι,
541 2740 673 2768 τίκτεται.
705 2741 747 2768 Οὺ
768 2740 876 2773 δώσεις

436 143 642 176 EXPOSITIO
659 143 701 174 IN
722 143 816 174 ACTA
837 144 1116 175 APOSTOLORUM
1131 157 1164 162 -
1176 143 1253 174 CAP.
1273 144 1359 174 XIII;

1654 144 1707 174 608

952 199 1032 227 Vsus.
1063 200 1107 228 53.
1128 200 1159 228 Ut
1180 200 1260 227 ctiam
1278 200 1305 227 in
1328 200 1430 234 psalmo
1455 201 1567 228 secundo
1583 200 1708 233 scriptum

918 251 975 273 est:
994 245 1080 272 Filius
1093 254 1166 272 mens
1179 255 1205 273 es
1221 252 1259 278 tu,
1275 255 1321 282 ego
1336 247 1413 273 hodie
1426 247 1504 281 genui
1518 251 1552 272 te.

952 291 1033 319 Vens.
1047 291 1091 318 54.
1109 291 1185 324 Quod
1200 295 1288 318 autem
1303 300 1362 318 eum
1377 292 1541 319 suscitaverit
1554 299 1569 317 a
1586 291 1711 322 mortuis,

919 346 969 365 non
985 338 1100 372 amplius
1113 338 1282 373 redigendum
1300 338 1334 366 ad
1348 339 1554 373 corruptionem,
1566 337 1605 364 ita
1623 337 1708 364 dixit:

918 383 994 411 Dabo
1008 384 1078 411 vobis
1088 389 1181 411 sancta
1203 383 1289 411 David
1302 384 1403 419 ﬁdelia.

953 430 1033 458 Vens.
1053 430 1098 458 55.
1114 430 1291 462 Quamobrem
1308 431 1388 457 etiam
1399 430 1464 458 alibi
1477 431 1539 458 dicit
1553 439 1563 458 :
1580 430 1640 457 Non
1651 439 1710 464 per-

919 476 1017 509 mittes,
1033 480 1061 503 ut
1072 481 1180 503 sanctus
1195 481 1255 503 tuus
1264 477 1350 504 videat
1363 477 1566 511 corruptionem.

953 522 1035 551 Vens.
1050 523 1094 551 56.
1105 523 1176 550 Nam
1189 523 1274 550 David
1287 523 1390 558 quidem
1400 531 1459 550 cum
1472 531 1526 551 tute
1541 524 1614 550 τοιαιί
1626 524 1711 551 inser-

918 569 1008 602 visset,
1033 569 1143 596 consilio
1164 569 1213 596 Dei
1234 569 1400 601 obdormivit,
1418 574 1442 596 et
1465 570 1598 605 appositus
1622 575 1660 597 est
1674 571 1709 597 ad

881 644 887 652 η,
919 615 1034 650 majores
1049 623 1120 647 suos,
1134 619 1159 642 et
1178 615 1242 642 vidit
1259 617 1464 650 corruptionem.

954 662 1037 690 Vens.
1062 662 1109 690 57.
1124 660 1176 689 Sed
1194 670 1270 697 quem
1286 661 1358 689 Deus
1386 662 1560 692 resuscitauit.
1583 670 1633 689 non
1646 662 1713 690 vidit

920 708 1121 744 corruptionem.

955 754 1075 782 Joannes
1085 761 1139 781 non
1154 752 1315 789 simpliciter
1327 751 1500 784 testiﬁcatur,
1513 751 1562 780 sed
1575 759 1638 779 cum
1652 758 1712 778 om—

920 807 970 828 nes
999 800 1032 827 ad
1057 807 1119 828 eum
1152 799 1292 828 deferrent
1316 798 1631 833 existimationennipse
1652 804 1711 823 eam

920 846 1022 882 rejicit.
1037 845 1095 873 Non
1112 845 1183 873 enim
1196 845 1267 873 idem
1281 849 1332 877 est,
1349 845 1459 872 nemine
1474 844 1565 876 dante,
1579 848 1607 870 et
1621 842 1719 871 multis

923 893 1109 929 prmbentibus
1123 893 1197 920 hunc
1215 892 1346 920 honorem
1361 891 1452 927 respui
1466 895 1547 926 atque
1564 889 1713 925 repudiari.

926 940 980 968 Viri
996 941 1101 975 fratres,
1121 939 1218 975 posleri
1240 938 1342 974 generis
1362 937 1517 964 Abrahami.
1543 935 1717 964 Nobilitatem

923 986 951 1014 in
967 986 1019 1014 hoc
1032 986 1103 1019 loco,
1115 992 1146 1012 ac
1159 983 1428 1021 generisludatorum
1439 982 1612 1018 splendorem
1623 986 1717 1009 osten-

922 1032 972 1060 dit.
984 1032 1019 1060 Et
1034 1032 1165 1067 principes
1180 1039 1270 1059 eorum
1283 1031 1357 1058 illum
1372 1031 1534 1066 ignorantes.
1551 1027 1677 1056 Defendit
1689 1030 1717 1054 et

922 1082 1035 1106 excusat
1044 1078 1104 1105 illos
1114 1078 1207 1112 aliquo
1219 1076 1309 1104 modo.
1321 1076 1532 1108 Crucit‘ixerunt,
1542 1074 1640 1109 inquit,
1652 1080 1715 1100 cum

923 1125 1082 1161 ignorantes
1099 1124 1224 1158 quisnam
1239 1127 1313 1151 esset
1335 1131 1343 1150 :
1373 1121 1533 1158 ignorantiae
1556 1120 1629 1148 enim
1657 1123 1717 1146 erat

923 1172 1064 1200 delictum.
1083 1170 1116 1198 Et
1129 1170 1203 1197 nulla
1217 1177 1298 1197 causa
1314 1169 1405 1196 mortis
1420 1168 1537 1199 inventa,
1556 1166 1685 1202 petierunt
1699 1175 1717 1192 α

923 1218 1024 1250 Pilato,
1035 1222 1063 1245 ut
1078 1215 1386 1251 tolleretur.Expetitum
1401 1214 1436 1241 ab
1446 1213 1498 1240 illis
1513 1212 1624 1240 modum
1639 1219 1717 1238 mor-

925 1265 958 1293 tis
973 1272 1034 1292 esse
1050 1264 1125 1292 dicit.
1141 1263 1256 1291 Pilatum
1269 1266 1361 1289 autem
1374 1260 1401 1287 in
1416 1259 1536 1288 medium
1552 1258 1716 1293 producunt.

924 1316 955 1339 ut
973 1315 1001 1339 et
1019 1310 1182 1346 supplicium
1201 1309 1286 1336 aloco
1310 1307 1411 1343 judiciil
1427 1306 1600 1334 manifestum
1627 1304 1717 1336 ﬁeret,

923 1361 950 1385 et
962 1356 999 1383 illi
1014 1355 1205 1384 vehementius
1216 1351 1474 1387 accusarcntnr,qui
1486 1351 1544 1378 viro
1559 1349 1719 1385 alienigene

925 1403 1066 1432 Christum
1083 1401 1269 1430 tradidissent.
1285 1401 1318 1428 Et
1332 1407 1386 1427 non
1400 1398 1478 1431 dixit,
1497 1396 1718 1428 Postulaverunt,

925 1449 973 1477 sed
989 1448 1130 1484 petierunt.
1151 1445 1244 1474 Gratia
1261 1445 1487 1480 impetraverunt,
1507 1441 1606 1476 inquit,
1623 1445 1718 1475 utpote

925 1495 973 1522 illo
995 1494 1118 1522 nolente.
1136 1491 1214 1526 Quod
1238 1492 1337 1520 Petrus
1351 1489 1472 1526 apertius
1482 1488 1549 1516 dicit
1565 1495 1572 1515 :
1588 1487 1656 1515 Cum
1673 1486 1718 1514 ille

926 1540 1066 1568 statuisset
1081 1547 1144 1567 eum
1159 1538 1303 1566 absolvere
1328 1544 1359 1564 ac
1374 1535 1521 1564 dimittere.
1540 1534 1608 1561 Deus
1628 1537 1718 1560 autem

926 1595 986 1615 eum
1004 1585 1140 1614 suscitavit
1164 1593 1181 1612 a
1204 1583 1325 1612 mortuis.
1343 1581 1383 1610 Ne
1401 1586 1428 1609 te
1446 1584 1554 1608 moveat
1567 1587 1598 1607 ac
1615 1579 1717 1610 turbet,

926 1633 999 1669 quod
1014 1632 1095 1660 .lesus
1107 1630 1208 1658 dicitur
1222 1629 1372 1658 suscitatus
1390 1634 1451 1655 esse
1470 1634 1486 1654 a
1512 1623 1579 1653 Deo.
1601 1624 1669 1652 Nam
1694 1624 1718 1650 si

925 1679 1006 1708 Jesus
1016 1686 1071 1706 non
1085 1677 1155 1705 alius
1165 1681 1206 1705 est
1220 1680 1302 1712 atque
1312 1674 1431 1703 Verbum
1443 1673 1625 1702 incarnatum,
1637 1675 1719 1705 atque

926 1726 980 1754 hoc
1001 1724 1124 1762 potentia
1147 1722 1236 1751 Patris
1253 1726 1305 1754 est,
1326 1727 1380 1756 qua
1402 1719 1494 1747 omnia
1523 1718 1603 1753 ιιο
1626 1716 1719 1747 eilicit,

925 1772 998 1801 sicut
1019 1771 1122 1800 dictum
1140 1773 1183 1798 est
1203 1768 1270 1796 illud
1289 1776 1296 1795 :
1323 1767 1441 1796 Christus
1457 1765 1507 1793 Dei
1526 1764 1643 1799 potentia
1656 1784 1663 1796 ,
1688 1771 1720 1789 ac

925 1819 975 1846 Dei
999 1818 1143 1854 sapientia.
1162 1815 1309 1850 semetipso
1329 1813 1508 1842 resuscitasse
1531 1810 1698 1846 intelligetur
1710 1829 1718 1843 ,

926 1865 1032 1894 etiamsi
1049 1872 1064 1892 a
1080 1858 1160 1892 Patre
1173 1863 1354 1891 resuscitatus
1367 1867 1428 1889 esse
1445 1860 1562 1893 dicatur,
1579 1858 1612 1886 ad
1627 1865 1719 1894 quem,

926 1917 1056 1947 tanquam
1064 1909 1230 1946 principium
1243 1913 1271 1936 et
1287 1915 1400 1936 causam
1417 1906 1549 1942 temporis
1567 1909 1720 1940 expertem.
1757 1937 1762 1942 .

928 1957 1021 1986 omnia
1035 1956 1202 1985 referuntur.
1222 1954 1357 1988 Quoniam
1378 1958 1407 1981 et
1426 1953 1485 1988 ipse
1499 1952 1538 1979 ait
1561 1960 1568 1978 :
1589 1951 1722 1978 Desinite

929 2003 1055 2039 templum
1066 2002 1124 2035 hoc,
1135 2006 1160 2029 et
1175 2002 1202 2028 in
1215 2001 1297 2028 tribus
1308 1999 1398 2027 diebus
1409 1999 1527 2026 excitabo
1536 1998 1612 2026 illud.
1624 2012 1658 2018 —
1669 1996 1720 2030 Qui

928 2050 999 2078 uisus
1021 2054 1058 2077 est
1083 2048 1139 2076 dies
1164 2048 1310 2083 complures
1335 2047 1367 2082 ab
1395 2046 1446 2078 hic,
1472 2045 1518 2075 qui
1541 2052 1594 2070 una
1611 2051 1672 2070 cum
1691 2051 1721 2070 eo

929 2097 1103 2124 ascendernt
1126 2095 1154 2122 in
1173 2093 1338 2127 Jerusalem,
1357 2092 1402 2128 qui
1426 2095 1487 2119 sunt
1504 2091 1529 2118 ei
1553 2094 1629 2117 testes
1650 2089 1722 2125 apud

929 2143 1040 2178 plebem.
1053 2142 1132 2176 Quod
1147 2149 1204 2169 non
1219 2145 1326 2174 essent,
1343 2139 1396 2168 nisi
1409 2138 1500 2166 divina
1519 2136 1642 2174 potegttia
1657 2143 1723 2163 con-

931 2190 1117 2218 ﬁrmarentur.
1132 2188 1209 2216 Vobis
1225 2187 1334 2223 posteris
1346 2190 1463 2220 patrum,
1478 2184 1632 2212 resuscitato
1647 2182 1721 2209 Jesu.

930 2238 1035 2266 Nomen
1066 2235 1144 2263 Iesus
1183 2234 1216 2262 de
1244 2233 1356 2261 homine
1388 2231 1525 2266 accipiunt
1554 2229 1721 2258 deicidarum

929 2284 1045 2312 fratres.
1074 2281 1210 2316 Quoniam
1241 2280 1323 2316 igitur
1356 2286 1439 2314 supra
1466 2278 1574 2306 dixerat
1601 2276 1722 2304 Verbum

929 2330 1048 2366 positum
1071 2328 1156 2356 fuisse
1178 2327 1206 2354 in
1229 2329 1418 2356 monumento,
1438 2331 1473 2351 ne
1491 2323 1552 2358 quis
1569 2322 1723 2357 suspicetur

927 2374 1004 2402 illum
1028 2373 1130 2401 dixisse
1154 2372 1275 2400 Verbum
1292 2377 1375 2398 carne
1396 2369 1517 2398 caruisse
1528 2389 1535 2401 ,
1549 2374 1644 2394 rursus
1658 2374 1722 2394 eum

928 2423 1008 2448 vocat
1031 2419 1125 2446 Jesum
1143 2427 1150 2445 :
1168 2424 1305 2452 nusquam
1328 2415 1457 2443 nimirum
1477 2413 1640 2442 divisionem
1653 2413 1722 2441 dans

929 2467 1072 2494 incarnato
1084 2464 1176 2492 Verbo
1190 2468 1253 2499 post
1265 2463 1428 2491 unitionem.
1443 2460 1529 2487 Filius
1542 2467 1614 2487 meus
1629 2467 1655 2486 es
1670 2463 1698 2486 tu
1712 2467 1722 2486 :

929 2519 975 2546 ego
992 2510 1067 2538 hodie
1080 2508 1158 2545 genui
1172 2513 1206 2536 le.
1218 2508 1284 2536 Haec
1300 2507 1385 2535 verba
1395 2506 1525 2534 nimirum
1539 2502 1721 2532 incamationi

930 2556 1033 2585 Christi
1048 2555 1179 2587 attribue,
1199 2554 1247 2590 qui
1263 2554 1422 2582 incarnatus
1440 2551 1617 2588 temporalem
1627 2549 1722 2577 habuit

931 2603 1091 2631 adventum.
1115 2600 1186 2628 Nam
1201 2600 1294 2633 hodie,
1317 2604 1346 2628 et
1366 2607 1438 2632 cras,
1457 2599 1564 2627 dierum
1580 2597 1722 2625 continent

932 2647 1169 2686 signiﬁcationem.
1183 2646 1252 2674 Nam
1265 2646 1368 2681 absque
1385 2650 1508 2680 tempore
1520 2652 1535 2672 a
1553 2643 1632 2671 Patre
1642 2642 1721 2678 geni-

931 2701 975 2723 tus
987 2699 1040 2727 est.
1062 2697 1092 2721 ut
1104 2693 1187 2721 etiam
1199 2692 1321 2720 haeretici
1336 2691 1514 2719 conﬁtentur.
1533 2690 1594 2718 Non
1610 2689 1720 2725 permit-

931 2745 977 2773 tes,
1001 2744 1029 2766 ut
1050 2743 1158 2766 sanctus
1173 2742 1233 2765 tuus
1254 2737 1341 2766 uideat
1362 2737 1565 2771 corruptionem.
1590 2734 1721 2763 Mentitur

683 2809 782 2840 Variae
804 2809 960 2841 lectiones
982 2810 1013 2839 et
1035 2811 1131 2839 notae.

117 2882 137 2914 δὲ
151 2881 278 2917 Μέλλων,
301 2884 381 2911 estin
399 2883 596 2919 manuscripto:
615 2885 660 2912 sed
674 2883 753 2917 male,
772 2883 857 2918 opinot

953 2881 1079 2909 Ξναδάσιν
1096 2878 1189 2914 αὐτὸν,
1203 2885 1278 2907 erat.
