1868 3053
51 173 93 204 iiii

403 176 606 206 EXPOSITIO
626 176 666 206 IN
683 177 775 207 ACTA
800 177 1086 210 APOSTOLORUM.
1099 194 1131 199 ’-
1145 181 1221 212 C.\P.
1245 182 1337 213 XVII.

1607 187 1660 219 750

54 234 158 266 Ἄρατος
173 232 226 267 μὲν
248 233 263 260 ὁ
279 234 359 268 σοφὸς
374 234 439 269 περὶ
452 233 500 260 τοῦ
515 233 575 265 Διὸς
595 231 655 259 εἶπε
665 241 672 249 ·
697 233 755 260 Τοῦ
776 234 806 268 γὲ

898 235 958 262 ideo
970 243 1054 270 prope
1069 241 1121 267 est,
1133 237 1230 272 inquit,
1244 243 1274 265 ιιι
1291 239 1369 274 137
1384 240 1486 275 absque
1509 241 1553 269 illo
1575 243 1666 271 viVi-rc

47 279 86 305 xui
109 277 194 313 γένος
211 279 328 314 ἐσμέν·
346 288 422 310 ουτος
446 279 473 306 δὲ
498 279 562 314 περὶ
586 278 632 305 τοῦ
654 279 826 314 Δημιουργοῦ

47 325 100 350 αὑτὴ
111 324 195 357 λέγει,
210 325 242 351 οὐ
257 325 303 352 τὸν
316 325 397 352 αὑτὸν
413 325 510 360 ἐκεινῳ
527 325 623 358 λέγων,
646 324 683 360 μὴ
705 324 827 358 γένοιτοι

47 369 114 396 uim
134 371 165 396 τὸ
207 371 314 405 κυρίως
341 371 384 398 ἐπ’
414 371 488 406 αὐτῷ
515 372 537 388 ¹⁹
561 370 665 401 λέγων·
693 371 754 397 ἐπεὶ
781 372 828 398 καὶ

46 417 123 451 βωμὸν
137 416 235 443 τούτου
257 415 346 450 εἶπεν,
370 418 420 444 οὐκ
444 417 546 444 ἐκείνου
563 414 594 444 οὗ
626 416 730 443 ἔσεϐον.
749 417 828 448 Γένος

45 463 81 488 τοῦ
95 462 158 488 Θεοῦ
175 460 257 489 εἶπεν
280 464 365 499 ἡμᾶς,
399 464 538 490 τουτέστιν
569 462 686 494 οἰκείους
710 463 828 496 ἐγγυτά-

44 516 106 539 τους·
122 509 216 544 ἐπειδὴ
245 511 279 536 ἐκ
298 509 345 536 τοῦ
361 510 457 544 γένους
473 510 553 545 ὴμῶν
574 509 588 535 ὁ
612 509 678 540 Θεὸς
700 509 829 544 εὑδόκησε

45 553 160 588 τεχθῆναι
185 555 234 581 ἐπὶ
259 555 310 589 τῆς
331 557 394 592 γῆς.
420 556 477 582 Οὐκ
499 554 560 582 εἷπε
580 555 619 587 δὲ,
636 556 694 582 Οὐκ
709 554 830 590 ὀφείλετε

45 600 157 634 χρπῷῆ
183 601 302 637 ἀργύρῳ
326 601 356 628 τὸ
386 601 458 628 θεῖον
488 601 610 637 νομίζειν
635 599 704 627 εἶναι
727 600 829 636 ὅμοιον,

44 645 99 670 ἀλλὰ
120 647 318 682 ταπεινότερον
342 647 449 678 τούτου,
480 649 540 674 οὐκ
564 648 733 682 ὀφείλομεν.
760 646 830 680 Ὅρα

43 691 64 716 δὲ
84 691 137 722 πῶς
157 692 188 718 τὸ
212 691 363 728 ἀσώματον
389 693 547 728 εἰσήγαγεν.
577 694 609 720 Ἦ
632 694 685 729 γὰρ
707 693 821 724 διάνοια,

43 737 94 762 Εταν
104 737 266 773 ὑποπτεύσῃ
288 738 377 773 σῶμα,
397 739 445 765 καὶ
461 738 598 773 διάστημα
614 738 731 765 ὑπονοεῖ.

880 289 934 309 non
949 283 1098 316 'possimus.
1113 283 1163 310 Per
1181 285 1265 319 ipsum
1289 286 1358 312 enim
1376 287 1484 315 vivimus
1499 293 1522 315 ct
1535 297 1666 317 movemur

880 334 903 355 et
915 337 1015 355 sumus.
1031 328 1112 361 Quasi
1130 337 1260 364 corporea
1276 331 1456 360 similitudine
1473 338 1554 369 atque
1571 344 1666 364 excin-

880 374 925 408 plo
940 374 1060 401 ostendit
1074 374 1132 402 ﬁeri
1151 383 1206 402 non
1227 384 1317 411 posse,
1334 384 1364 405 ut
1374 386 1421 406 aer
1439 379 1483 414 qui
1501 381 1601 416 ubique
1621 382 1666 409 iu-

880 426 936 451 sus,
953 427 984 446 ac
1000 428 1052 447 non
1064 421 1156 454 procul
1166 421 1200 448 ab
1212 417 1375 458 unoquoque
1386 429 1519 457 nostrum.
1535 426 1590 454 imo
1601 436 1666 456 vero

880 465 925 500 qui
951 466 1034 492 ctiam
1058 466 1083 493 in
1107 467 1188 494 nobis
1205 473 1256 501 est,
1284 469 1434 504 ignoretur.
1461 471 1663 502 Providentiam

879 511 950 539 illius
968 512 1111 547 signiﬁcat,
1134 518 1162 541 et
1181 514 1372 543 conﬂatloncm
1391 522 1471 552 atque
1493 522 1664 549 exercitatio-

879 564 952 589 ncm,
968 565 1065 591 nempe
1075 559 1146 593 quod
1164 559 1198 587 ab
1214 560 1259 587 illo
1272 561 1357 589 simus
1372 563 1466 594 creati.
1486 565 1556 598 quod
1572 568 1605 593 ab
1618 567 1664 595 illo

879 602 1067 636 proﬁciscatur
1088 603 1235 632 efﬁcientia
1250 611 1278 633 et
1293 611 1380 637 actus.
1402 609 1475 642 quod
1496 618 1550 636 non
1567 619 1663 645 perea-

879 653 950 674 mus.
969 647 1000 675 Ut
1015 648 1096 675 etiam
1111 649 1220 683 quidam
1236 651 1311 677 vestri
1324 656 1407 685 poeta:
1415 653 1546 681 dixerunt.
1564 656 1663 684 Aratus

875 693 986 727 quidem
999 693 1043 720 ille
1060 694 1169 728 sapiens
1183 695 1216 723 de
1230 695 1296 724 Jove
1309 697 1394 725 dixit:
1408 698 1484 726 Illius
1493 701 1562 728 enim
1575 710 1664 730 sumus

875 738 1010 773 progenies
1027 746 1036 765 :
1056 739 1104 766 sed
1119 739 1162 767 hic
1182 740 1208 767 id
1224 741 1289 768 dicit
1304 742 1337 769 de
1356 743 1493 776 Creatore,
1516 754 1570 773 non
1584 755 1662 774 eum-

44 783 92 809 dem
107 783 278 818 signiﬁcans.
294 791 375 819 quem
402 780 457 812 ille.
474 785 568 812 Absit!
584 785 631 812 sed
646 784 671 811 id
689 784 762 819 quod
782 784 890 819 proprie
909 784 942 811 de
952 784 1009 811 Deo
1027 785 1080 812 diri
1096 787 1233 819 convenit,
1255 787 1411 823 signiﬁcans
1431 791 1558 825 quoniam
1579 795 1661 821 etiam

43 829 111 855 altare
127 829 208 863 hujus
221 829 299 862 dicit,
316 837 370 857 non
385 830 459 858 illius
471 838 552 865 quem
569 830 703 858 colebant.
720 830 880 865 Progeniem
905 829 953 856 Dei
975 838 1025 857 nos
1048 838 1108 859 esse
1131 832 1210 864 dixit,
1244 833 1296 860 hoc
1329 839 1380 865 est,
1403 842 1532 871 cognatos
1567 840 1661 873 prosi.

43 883 108 901 mos:
127 876 260 909 quoniam
285 883 316 903 ex
341 884 440 911 genere
463 881 559 904 nostro
580 876 636 903 Deo
661 877 750 903 visum
777 880 819 903 est
839 875 914 902 nasci
931 876 958 902 in
974 881 1057 904 terra.
1071 876 1130 904 Non
1146 878 1214 904 dixit
1227 879 1400 911 au:em,Non
1433 882 1539 910 debetis
1569 885 1662 917 existi-

42 927 102 947 mare
115 909 218 947 numen
233 909 356 948 divinum
371 922 460 949 simile
474 929 533 949 esse
548 929 616 949 auro
642 926 690 949 aut
708 925 838 956 argento:
860 921 907 949 sed
922 922 995 956 quod
1014 923 1143 951 humilius
1155 927 1197 950 est
1212 932 1292 959 quam
1306 925 1370 957 hoc,
1393 935 1489 961 nempe
1510 927 1569 955 Non
1584 930 1663 957 debe-

43 975 96 993 mus.
115 966 180 994 Vide
193 971 289 994 autem
307 972 338 994 ut
354 967 538 995 introduxerit
551 967 577 995 id
589 967 660 1003 quod
677 971 718 995 cst
732 967 934 1002 incorporeum.
951 967 1028 996 Mens
1049 970 1123 997 enim
1156 978 1219 998 cum
1238 979 1338 1006 corpus
1358 979 1419 1001 esse
1451 979 1540 1009 putat,
1576 976 1659 1006 etiam

42 1013 199 1039 intervallum
217 1020 280 1040 esse
296 1013 454 1040 arbitratur.

71 1058 135 1090 Τοὺς
146 1059 206 1092 μὲν
219 1057 277 1086 οὖν
294 1060 422 1094 χρόνους
435 1059 490 1094 τῆς
502 1060 626 1094 ἀγνοίας
637 1059 785 1094 ὑπεριδὼν
797 1068 806 1086 ι

906 1058 988 1086 Vens.
1011 1059 1055 1086 30.
1078 1059 1115 1086 Ac
1136 1064 1253 1094 tempora
1273 1062 1378 1095 quidem
1401 1064 1478 1092 istius
1500 1065 1658 1100 ignorantia:

43 1106 111 1136 θεὸς,
133 1105 231 1131 τανῦν
255 1105 455 1140 auiam-$5.116:
477 1105 539 1139 τοῖς
555 1106 720 1140 ἀνθρώποις
739 1105 814 1133 πᾶσι

43 1150 181 1184 ,τω-ταχοῦ
197 1151 368 1185 μετανοεῖν.

69 1240 136 1266 Διότι
151 1241 288 1274 ἔστησεν
302 1241 426 1275 ἡμέραν,
439 1241 474 1267 ἐν
486 1238 505 1277 ᾖ
512 1241 618 1274 μέλλει
631 1241 743 1275 κρίνειν
756 1239 815 1274 τὴν

42 1285 207 1319 οἰκουμένην·
220 1285 256 1312 ὲν
274 1285 452 1320 δικαιοσύνῃ
465 1286 500 1311 ἐν
510 1286 604 1320 Ἀνδρι
618 1283 748 1320 ᾦῶρισε,
765 1287 813 1312 πί-

42 1337 98 1355 στιν
110 1330 276 1365 παρασχὼν
291 1329 397 1363 πᾶσιν,
412 1330 590 1365 ἀναστήσας
605 1331 698 1358 αὐτ-ὢν
713 1331 745 1357 ἐκ
763 1339 813 1357 νε-

42 1383 115 1407 κρων.

74 1418 267 1452 Ἀκούσαντες
296 1419 331 1446 δὲ
360 1419 530 1447 ἀνάστασιν
554 1420 677 1454 νεκρῶν,
705 1421 732 1447 οι
754 1420 813 1454 μὲν

43 1463 196 1496 ἐχλεύαζον,
210 1466 239 1492 οι
255 1464 290 1491 δὲ
308 1462 408 1492 εἶπον·
426 1465 627 1499 Ἀκουσόμεθά
643 1473 701 1492 σου
720 1466 813 1493 πάλιν

43 1509 97 1543 περὶ
109 1511 226 1538 τούτου.

71 1556 118 1582 Kal
131 1556 224 1590 οὕτως
243 1559 260 1584 ὁ
286 1557 407 1590 Παῦλος
428 1557 557 1591 ἐξῆλθεν
583 1557 617 1584 ἐκ
643 1558 742 1592 μέσου
757 1559 809 1585 αὺ-

43 1608 99 1627 των.

72 1646 144 1680 Τινὲς
153 1647 186 1674 δὲ
197 1648 304 1683 ἄνδρες
313 1649 510 1683 κολληθέντες
517 1648 606 1682 αὐτῷ,
616 1649 809 1676 ἐπίστευσαν·

42 1689 120 1725 ἐνοῖς
143 1694 300 1727 Διονύσιος
311 1695 333 1711 ¹⁰
359 1697 375 1722 ό
395 1695 626 1730 Ἀρειοπαγίτης,
654 1694 704 1721 καὶ
729 1694 807 1728 γυνὴ

44 1735 146 1770 ὀνόματι
157 1739 298 1773 Δάμαρις,
317 1740 366 1766 καὶ
378 1740 473 1774 ἕτεροι
488 1740 549 1767 σὺν
566 1739 679 1772 αὐτοῖς.

72 1783 135 1814 Τοὺς
148 1784 205 1818 μὲν
222 1782 280 1811 οὖν
302 1785 430 1819 χρόνους
451 1785 508 1819 τῆς
525 1785 657 1820 ἀγνοίας.
681 1785 719 1811 Οὐ
746 1784 809 1820 περὶ

45 1828 86 1853 τῶν
99 1829 266 1856 ἀπελθόντων
281 1830 365 1865 λέγει,
381 1831 441 1858 ἀλλ’
455 1829 495 1862 οἷς
514 1831 701 1866 παραγγέλλει
713 1831 750 1846 ¹¹·
768 1827 809 1861 οἷς

43 1873 81 1899 οὐκ
92 1872 156 1906 εἷπε,
178 1875 317 1911 παρεῖδεν.
338 1877 374 1903 Οὐ
391 1876 464 1910 λέγει
478 1876 517 1909 δὲ,
540 1876 665 1908 Ἐκὸντες
675 1877 808 1909 ὲκακουρ-

45 1920 138 1953 ﬁsus,
158 1921 230 1954 ἀλλ’,
264 1922 439 1958 Ἦγνοήσατε.
453 1922 639 1956 Παραγγέλλει
663 1920 740 1955 γοῦν,
757 1921 807 1947 οὐκ

44 1965 135 1992 ἀπαιτεῖ
154 1967 275 2000 κόλασιν,
305 1967 398 2003 ὥσπερ
423 1967 516 2000 ὰξὶους
543 1967 622 1998 ὄντας
649 1966 805 1997 κολάσεωςο

45 2011 97 2038 ἀλλὰ
111 2013 187 2040 τανῦν
213 2013 291 2040 καλεῖ
307 2014 374 2049 πρὸς
392 2014 547 2048 μετάνοιαν.
569 2013 645 2044 Διότι
675 2012 808 2044 ἔστησεν

44 2057 145 2092 ἡμέραν,
165 2061 201 2087 ἐν
223 2058 244 2096 ᾖ
268 2060 374 2095 μέλλει
399 2060 512 2093 κρίνειν
529 2058 587 2092 τὴν
609 2057 800 2093 οἰκουμένην.

49 2102 208 2139 ’Διἀγκαὶιιις,
238 2106 316 2141 φησὶ,
341 2105 433 2140 κρίσιν
462 2105 534 2131 κατὰ
559 2104 654 2130 πασῶν
678 2103 805 2137 πράξεων

45 2149 233 2186 καὶὸιαλήψεων
253 2152 360 2187 ποιήσει
377 2152 406 2176 ἐν
422 2150 523 2185 ⁸Λνδρὶ,
536 2149 566 2176 ὃν
584 2149 683 2185 ὥρισεν
696 2149 805 2176 ἔσεσθαι

46 2198 122 2232 κριτὴν
135 2199 242 2230 ζώντων
261 2199 308 2226 καὶ
320 2199 443 2235 νεκρῶν·
462 2196 540 2230 οὗτος
554 2197 582 2224 δέ
599 2198 673 2224 ιστιν
694 2196 708 2223 6
732 2197 806 2223 ὲναν-

46 2240 169 2278 θρωπήσας
184 2244 297 2279 Κύριος.
315 2244 429 2278 Μεγάλα
451 2244 481 2271 δὲ
500 2243 548 2271 καὶ
563 2243 653 2278 ὑψηλὰ
673 2243 805 2271 ἀκούσαν-

45 2293 86 2319 τες.
98 2288 151 2316 οὐδὲ
165 2291 325 2324 προσεῖπον,
342 2289 411 2316 ἀλλὰ
422 2289 472 2325 τὴν
487 2289 635 2316 ἀνάστασιν
649 2289 804 2324 ἐχλεύαζον.

47 2331 155 2368 Ψυχικὸς
171 2335 238 2371 γὰρ,
250 2335 344 2370 φησιν,
356 2335 509 2371 ἄνθρωπος,
518 2337 554 2362 οὐ
568 2335 685 2369 δέχεται
701 2335 737 2362 τὰ
751 2335 804 2362 τοῦ

47 2377 202 2413 Πνεύματιτς.
217 2395 251 2400 —
262 2381 316 2407 Kal
334 2381 428 2413 οὕτως
452 2382 468 2407 ὁ
489 2380 609 2412 Παῦλος
626 2379 803 2429 ἐξῆλθεν-ἐν
818 2399 842 2429 D

43 2422 117 2453 Ιτέσου
129 2426 237 2454 αὐτῶν.
257 2426 346 2460 Οὕτω,
366 2426 440 2458 πῶς;
457 2427 526 2458 Τοὺς
544 2426 593 2461 μὲν
618 2426 728 2458 πείσας,
750 2425 803 2452 ὑπὸ

44 2467 63 2493 δὲ
75 2470 118 2497 τῶν
125 2473 287 2508 γελώμενος.
305 2473 388 2506 Τινὲς
400 2473 433 2499 δὲ
442 2472 639 2505 ἐπίστευσαν,
653 2473 687 2499 ὲν
694 2470 801 2507 οῒςίκιιι

44 2515 175 2551 Διονύσιος
184 2521 200 2545 ό
213 2519 433 2553 Ἀρεοπαγίτης.
450 2518 522 2551 Ἐξω
532 2519 581 2554 τῆς
597 2518 700 2549 πόλεως
714 2516 748 2553 ἦν
766 2518 800 2544 τὸ

44 2561 87 2585 κατ’
95 2562 194 2599 Ἀρειον
207 2565 296 2599 Πάγον
309 2565 492 2599 δικαστήριον.
502 2564 639 2596 Ἐδίκαζον
649 2563 799 2599 οὖνςἊρεο-

45 2608 132 2639 ﬁnirat
147 2613 211 2645 περὶ
228 2610 282 2636 τῶν
300 2609 466 2646 σφαλμάτων
481 2610 590 2637 πάντων
606 2609 653 2636 καὶ
666 2608 797 2644 ἀνομιῶν.

45 2649 154 2681 Ait-.0619
167 2655 215 2682 ἅτε
232 2655 314 2687 ξένων
325 2656 471 2690 δαιμονίων
485 2655 653 2688 καταγγελέα
667 2655 714 2681 τὸν
726 2653 800 2680 [lai-

46 2693 78 2721 λθν
90 2700 146 2733 πριις
168 2702 219 2737 τὴν
249 2701 279 2734 ἐξ
299 2701 404 2736 Ἀρείου
422 2701 518 2736 Πάγου
540 2701 638 2737 βουλὴν
658 2700 798 2728 ἕλκουσιν·

865 1114 924 1132 cum
946 1107 1014 1132 Deus
1034 1114 1114 1141 usque
1127 1108 1175 1134 hoc
1194 1112 1293 1142 tempus
1307 1109 1492 1143 dissimularit,
1516 1120 1585 1140 nunc
1598 1123 1657 1141 om-

865 1150 955 1181 nibus,
977 1151 1022 1184 qui
1036 1151 1131 1184 ultique
1144 1156 1215 1183 sunt,
1235 1153 1381 1180 nominibus
1397 1155 1553 1190 denuntiat,
1573 1163 1602 1184 ut
1618 1160 1654 1185 ad

865 1195 1005 1222 sanitatem
1021 1201 1196 1223 revertantur.

901 1239 979 1267 Vsus.
1005 1241 1050 1267 51.
1073 1240 1215 1275 Propterea
1242 1243 1310 1275 quod
1331 1246 1424 1270 statuit
1444 1245 1531 1278 diem.
1552 1249 1579 1276 in
1595 1258 1646 1284 quo

861 1285 933 1319 juste
940 1286 1110 1320 judiculurus
1121 1294 1158 1314 est
1174 1288 1260 1314 orbem
1273 1293 1404 1315 terrarum
1416 1298 1462 1324 per
1477 1291 1565 1320 Virum
1575 1303 1651 1330 quem

865 1332 924 1357 huic
939 1332 1041 1366 negatio
1056 1333 1205 1365 destinavit,
1221 1333 1350 1369 ﬁdemque
1366 1335 1427 1370 fecit
1441 1338 1571 1372 omnibus,
1587 1341 1650 1368 dum

864 1375 938 1402 illum
957 1384 990 1403 ea:
1005 1378 1114 1404 mortuis
1131 1379 1306 1406 resuscitavit.

899 1421 979 1449 Vens.
992 1423 1036 1450 ΒΞ.
1051 1424 1149 1450 Audita
1161 1430 1250 1452 autem
1268 1428 1455 1456 resurrectione
1472 1435 1647 1463 mortuorum.

863 1467 912 1494 alii
933 1468 1037 1503 quidem
1060 1469 1217 1502 irridcbant,
1241 1471 1289 1498 alii
1309 1482 1369 1500 vero
1385 1475 1528 1503 dixerunt:
1549 1477 1647 1505 Audie-

864 1521 921 1539 ntus
938 1518 961 1540 te
974 1522 1064 1541 rursus
1076 1514 1108 1542 de
1122 1515 1173 1542 hac
1186 1524 1223 1543 re.

899 1558 978 1585 Vens.
994 1559 1036 1586 55.
1050 1560 1132 1593 Atque
1147 1561 1185 1588 ita
1198 1561 1299 1590 Paulus
1311 1564 1391 1590 exivit
1405 1565 1437 1592 de
1450 1568 1536 1595 medio
1547 1577 1645 1598 eorum.

899 1645 980 1674 Vens.
999 1648 1043 1675 5i.
1067 1648 1120 1676 Sed
1137 1650 1245 1684 quidam
1265 1652 1315 1679 viri
1334 1661 1390 1682 sese
1410 1655 1450 1682 illi
1469 1657 1647 1692 adiunxerunt

863 1697 941 1727 atque
954 1694 1138 1722 crediderunt:
1153 1695 1181 1722 in
1193 1705 1304 1732 quorum
1317 1707 1424 1727 numero
1436 1707 1493 1729 erat
1507 1703 1646 1739 Dionysius

861 1739 1030 1773 Arcapuyita,
1042 1744 1066 1767 et
1075 1741 1168 1768 mulier
1175 1744 1278 1771 nomine
1288 1744 1420 1779 Damaris,
1428 1749 1507 1775 etalii
1515 1751 1643 1778 cumillis.

896 1783 934 1810 Ae
948 1789 1065 1818 tempora
1081 1786 1186 1820 quidem
1197 1788 1274 1816 istius
1288 1790 1454 1826 ignorantia,
1472 1799 1524 1822 etc.
1537 1795 1596 1823 Non
1611 1797 1645 1824 de

860 1829 975 1856 mortuis
987 1829 1116 1864 loquitur,
1133 1832 1179 1859 sed
1192 1833 1227 1860 de
1242 1834 1284 1866 iis,
1296 1836 1395 1870 quibus
1407 1838 1549 1868 denuntiat
1562 1841 1642 1870 Deus.

864 1874 1024 1910 ’Υπεριὸὡν,
1035 1877 1061 1904 id
1072 1885 1132 1905 cum
1146 1879 1309 1913 despexerit,
1319 1890 1379 1910 cum
1389 1883 1574 1919 disslmularit,
1588 1895 1643 1915 non

859 1919 936 1952 dixit,
954 1922 1091 1956 παρεῖδεν,
1105 1923 1131 1950 id
1150 1925 1259 1959 proprie
1272 1927 1422 1962 signiﬁcat,
1446 1938 1587 1965 perperam
1603 1933 1643 1960 vi-

859 1966 908 1998 dit,
925 1966 1086 1996 allueinatus
1101 1974 1152 2002 cst,
1167 1970 1231 1998 dum
1246 1971 1318 2000 aliud
1336 1980 1384 2008 pro
1397 1974 1451 2002 alio
1466 1975 1582 2005 videndo
1595 1985 1642 2006 ac-

859 2013 935 2047 cipit,
951 2013 1023 2048 quod
1040 2014 1074 2041 de
1090 2014 1144 2042 Deo
1158 2016 1290 2051 suspicari
1306 2018 1454 2047 absurdum
1468 2026 1510 2048 est
1535 2027 1563 2050 et
1575 2023 1641 2052 alic-

858 2066 934 2085 num.
956 2058 1015 2086 Non
1031 2059 1099 2087 dicit
1112 2065 1203 2088 autem
1215 2082 1222 2093 ,
1239 2061 1343 2097 Sponte
1355 2071 1386 2092 ac
1398 2065 1538 2095 voluntate
1553 2073 1641 2096 vestra

858 2109 939 2139 atque
963 2106 1088 2133 consulto
1112 2107 1243 2142 peccastis
1267 2112 1294 2136 et
1318 2110 1433 2138 malefici
1456 2111 1564 2146 fuistis,
1579 2115 1640 2147 sed,

858 2151 1000 2186 ignorastis
1018 2152 1081 2187 quid
1102 2152 1182 2187 fuerit
1200 2153 1362 2188 faciendum.
1380 2155 1527 2185 Denuntiat
1548 2158 1640 2194 igitur.

858 2205 911 2226 non
927 2205 1021 2234 pmnas
1031 2200 1143 2234 expetit,
1158 2205 1285 2236 tanquam
1298 2209 1313 2229 a
1325 2202 1457 2237 supplicio
1471 2204 1558 2240 dignis
1572 2215 1578 2232 :
1593 2209 1640 2234 scd

858 2251 931 2271 nunc
944 2243 1042 2271 invitat
1052 2244 1086 2272 ad
1102 2246 1300 2279 paenitentiam.
1311 2247 1345 2274 ad
1358 2247 1494 2276 saniorem
1510 2256 1641 2283 mentem,

856 2293 884 2316 et
903 2293 933 2316 ut.
954 2297 1003 2317 vos
1023 2290 1057 2318 ad
1079 2290 1182 2326 frugem
1207 2291 1305 2320 bonam
1327 2293 1474 2329 recipiatis.
1497 2295 1640 2330 Propterea

856 2335 926 2368 quod
942 2337 1037 2363 statuit
1050 2337 1129 2370 diem,
1146 2338 1173 2364 in
1189 2345 1240 2372 quo
1251 2338 1423 2373 judicaturus
1435 2345 1473 2368 est
1488 2343 1575 2369 orbem
1589 2348 1639 2370 ter-

855 2389 957 2408 rarum.
980 2382 1153 2416 Necessario,
1177 2385 1278 2419 inquit,
1302 2385 1434 2419 judicium
1458 2386 1491 2414 de
1513 2388 1640 2416 omnibus

855 2425 933 2452 factis
949 2431 1030 2461 atque
1043 2429 1168 2464 cogitatis
1185 2429 1265 2464 138
1276 2430 1355 2458 faciet
1372 2438 1419 2465 per
1434 2431 1538 2465 Virum,
1556 2441 1637 2468 quem

855 2472 1001 2500 destinavit
1014 2473 1134 2508 judicem
1150 2476 1273 2503 vivorum
1291 2481 1319 2503 et
1334 2482 1503 2506 mortuorum
1519 2488 1526 2506 :
1544 2480 1567 2507 is
1586 2489 1636 2507 au-

856 2522 908 2546 tem
933 2523 975 2546 est.
995 2519 1138 2553 Dominus,
1160 2521 1205 2556 qui
1229 2522 1309 2550 homo
1329 2523 1417 2551 factus
1431 2529 1481 2552 est.
1502 2525 1635 2554 Caeterum

854 2571 915 2590 culti
937 2571 1033 2599 magna
1054 2569 1134 2600 atque
1152 2566 1278 2594 sublimia
1294 2568 1448 2601 audissent,
1466 2578 1501 2598 ne
1515 2571 1633 2607 alloquio

853 2609 961 2644 quidem
977 2610 1050 2637 illum
1063 2611 1163 2646 dignati
1177 2617 1249 2645 sunt,
1264 2615 1311 2642 sed
1326 2616 1568 2644 ressurrectionem
1586 2619 1634 2646 dc-

854 2655 988 2683 ridcbant.
1004 2656 1136 2685 Animalis
1150 2659 1235 2690 enim,
1253 2659 1351 2695 inquit,
1368 2662 1450 2689 homo
1466 2670 1521 2690 non
1538 2664 1634 2698 probat

854 2709 942 2736 neque
956 2703 1128 2737 amplectitur
1141 2704 1301 2738 spiritualla.
1316 2706 1400 2741 Atque
1412 2708 1450 2735 ita
1465 2708 1567 2736 Paulus
1578 2700 1634 2736 exi-

607 2783 705 2814 Varim
728 2782 880 2815 lectiones
903 2789 933 2816 et
952 2789 1048 2817 notae.

101 2855 276 2903 W‘Wlocus
286 2863 432 2903 {qrrup‘l‘ua
469 2861 493 2876 ⁸⁸
508 2860 540 2888 1η
553 2859 664 2895 vulgatis
681 2863 727 2891 est,
737 2857 765 2884 ἐν
777 2855 806 2884 οῖ

898 2860 1033 2893 ὶιονύτιος.
1072 2862 1092 2877 ¹¹
1115 2862 1221 2890 Videtur
1232 2864 1301 2891 locus
1311 2866 1467 2898 mulilus,ac
1480 2867 1634 2903 desiderari,

48 2891 160 2926 νπεριδὼν,
177 2900 224 2921 aut
240 2894 324 2921 simile
335 2891 406 2929 quid.
