1868 3053
171 126 224 157 759

653 128 941 160 THEOPHYLACTI
956 130 1006 160 BU
1011 131 1162 161 LGARL‘E
1182 132 1358 163 ABCHIEP.

1750 133 1811 164 760

172 179 286 214 publice,
316 180 558 220 demonstrans'per
595 180 751 215 Scripturas
786 181 877 209 Iesum
911 184 1003 213 esseA
1018 192 1029 216 λ

1049 192 1087 211 ιτο
1104 185 1245 219 δημοσία,
1254 186 1423 220 ἐπιδεικνὺς
1436 187 1486 215 διὰ
1499 188 1559 216 τῶν
1573 189 1713 225 Γραφῶν,
1729 187 1811 216 εἶναι

173 225 318 253 Cltrist'um.

207 271 237 299 Si
257 271 389 307 baptisma
417 271 529 299 Joannis
545 271 678 299 duntaxat
702 273 747 300 hic
775 274 889 306 sciebat,
918 274 964 308 qui

175 317 273 353 spiritu
288 316 407 344 fervebat
422 316 434 342 ?
452 316 570 351 Spiritus
591 317 664 344 enim
690 317 728 345 ila
749 326 802 346 non
824 319 962 346 dabatur:

172 364 237 391 item
255 363 278 390 si
292 363 336 397 qui
352 363 425 390 hunc
438 363 524 389 secuti
547 368 622 394 sunt,
654 371 723 398 opus
740 363 893 392 habuerunt
918 365 966 392 ba-

171 409 300 444 ptismate
312 407 521 440 Christi,multo
534 408 621 443 magis
632 409 714 435 etiam
730 409 782 436 hic.
797 409 867 442 Quid
885 410 966 445 igitur

172 455 224 482 dici
240 454 350 489 potest?
367 454 431 481 Mihi
455 454 562 481 videtur
593 454 638 482 hic
654 454 740 482 fuisse
756 463 828 482 unus
841 456 875 483 de
902 464 966 482 cen-

172 505 228 527 tum
246 499 352 535 viginti,
371 500 416 534 qui
432 507 486 527 una
503 507 565 527 cum
591 500 724 535 apostolis
740 500 866 535 baptizati
880 507 963 529 sunt:

171 551 218 573 aut
233 546 256 573 si
269 546 321 573 hoc
334 546 371 573 ita
402 553 457 572 non
473 551 524 578 est,
550 546 622 580 quod
653 546 681 573 in
709 546 840 574 Cornelio
855 547 965 580 accidit,

173 592 253 620 etiam
269 591 361 619 evenit
377 591 405 618 in
425 592 487 619 hoc.
503 593 585 626 Atque
605 592 692 618 aliter.
722 591 856 626 Baptisma
884 593 965 620 Joan-

173 638 218 665 nis
236 637 457 665 exhortationem
495 637 528 664 ad
557 637 746 672 paenitentiam
765 642 791 664 et
821 638 964 665 meliorem

172 684 281 717 frugem
296 682 428 709 duntaxat
442 681 600 716 praastabat,
610 683 656 709 sed
668 689 721 709 non
734 683 815 709 etiam
832 683 965 718 expiatio;

173 737 235 756 nem
252 727 357 764 peccati
372 736 379 755 :
393 731 423 754 ut
444 727 502 754 hate
514 727 550 754 sit
562 727 714 754 diﬁ'ercntia
731 727 804 754 inter
833 728 966 762 baptisma

171 773 284 802 Joannis
292 777 319 800 et
333 772 451 800 ﬁdelium
476 773 622 807 baptisma,
648 780 746 808 nempe
758 774 829 808 quod
846 774 965 801 ﬁdelium

173 819 308 854 baptisma
321 818 510 845 remissionem
521 823 693 852 peccatorum
710 819 832 853 largitur.
847 819 965 854 Baptiza-

1019 231 1073 257 τὸν
1087 231 1218 265 Χριστὸν
1234 232 1367 265 Ἰησοῦν.

1051 277 1081 303 Et
1094 277 1124 303 τὸ
1147 277 1289 313 βάπτισμα
1304 279 1385 312 μόνον
1415 279 1538 307 Ἰωάννου
1565 282 1700 316 ἠπίστατο
1712 282 1808 317 οὗτος.

1017 322 1076 354 πῶς
1090 323 1129 358 τῷ
1145 323 1284 358 Πνεῦματι
1301 324 1357 356 ζέει
1370 334 1377 358 ;
1390 326 1420 352 τὸ
1432 327 1487 362 γὰρ
1501 328 1614 363 Πνεῦμα
1640 329 1688 364 οὐχ
1719 330 1812 363 οὕτως

1016 367 1132 394 ἐδίδοτο·
1151 368 1198 396 καὶ
1213 369 1237 394 εἰ
1252 370 1277 395 οἱ
1295 371 1364 404 μετά
1380 371 1474 398 τοῦτον
1489 373 1639 408 ἐδεήθησαν
1653 375 1699 401 τοῦ
1712 376 1812 410 βαπτί-

1018 421 1120 446 σματος
1147 413 1193 440 τοῦ
1212 415 1342 449 Χριστοῦ,
1358 417 1449 451 πολλῷ
1478 418 1579 452 μᾶλλον
1604 420 1651 446 irai.
1666 417 1757 452 οὗτος.
1775 422 1810 448 τί

1017 458 1064 484 οὖν
1081 458 1155 485 ἔστιν
1170 459 1274 493 εἷπείνς
1292 460 1372 494 Ἐμοὶ
1398 461 1473 489 δοκεῖ
1489 459 1568 494 οὗτος
1582 462 1652 491 εἶναι
1680 465 1736 492 τῶν
1766 470 1811 501 ρκ’

1017 503 1071 530 τῶν
1109 505 1178 538 μετὰ
1210 506 1264 531 τῶν
1295 507 1453 534 ἀποστόλων
1478 509 1732 546 βαπτισθέντων·ῆ
1751 533 1759 543 ,
1785 513 1811 538 εἱ

1019 547 1056 582 μὴ
1069 548 1155 581 τοῦτο,
1167 550 1234 585 ὅπερ
1249 551 1294 576 ἐπὶ
1307 551 1353 578 τοῦ
1380 553 1529 588 Κορνηλίου
1551 555 1660 589 γέγονε,
1683 557 1732 583 καὶ
1758 557 1810 584 ἐπὶ

1016 594 1104 628 τούτῳ
1124 596 1146 612 ⁵⁷
1159 604 1165 610 ·
1183 597 1229 623 καὶ
1245 597 1344 629 ἄλλως,
1369 599 1399 625 τὸ
1427 600 1553 627 Ἰωάννου
1579 601 1719 637 βάπτισμα
1741 611 1812 638 προ-

1018 642 1120 676 τροπὴν
1149 640 1205 676 εῖχε
1236 644 1381 678 μετανοίας
1416 645 1516 680 μόνον,
1534 647 1565 673 οὐ
1593 648 1646 683 μὴν
1668 649 1717 675 καὶ
1755 657 1810 675 κα-

1018 686 1152 722 θαρισμὸν
1177 689 1332 724 ἁμαρτιας·
1369 690 1407 722 ὡς
1437 689 1506 718 εῖναι
1536 692 1639 728 ταύτην
1671 694 1722 729 τὴν
1748 694 1810 721 δια-

1017 732 1105 766 φορὰν
1140 733 1187 759 τοῦ
1213 733 1336 761 Ἰωάννου
1358 735 1544 771 βαπτίσματος
1565 738 1612 765 καὶ
1630 739 1677 765 τοῦ
1691 740 1747 767 τῶν
1763 748 1812 767 πι-

1019 777 1098 809 στῶν,
1113 778 1194 804 ὅτιτὸ
1210 779 1263 806 τῶν
1279 780 1382 806 πιστῶν
1413 781 1512 815 ἄφεσιν
1525 783 1670 818 ἁμαρτιῶν
1695 785 1810 820 χαρίζε-

1018 830 1085 848 ται·
1104 823 1265 858 βαπτίζεται
1279 827 1334 859 γὰρ
1350 827 1390 858 εἰς
1404 827 1434 854 τὸ
1459 827 1544 863 ὄνομα
1556 829 1602 855 τοῦ
1620 829 1739 863 Πατρὺς,
1761 831 1810 857 καὶ

175 862 220 893 lur
233 865 307 893 enim
324 864 412 892 ﬁdelis
426 865 452 892 in
465 864 576 895 nomine
590 863 678 892 Patris
692 869 719 892 et
731 865 791 892 Filii
807 869 834 891 et
851 865 968 900 Spiritus
984 863 1004 890 Β
1019 875 1029 893 τ

1052 867 1066 894 ὗ
1086 869 1161 900 Υὶοῦ,
1184 871 1230 897 καὶ
1254 871 1300 897 τοῦ
1315 872 1392 905 ἁγίου
1409 873 1566 908 Πνεύματος
1592 876 1606 902 ὁ
1630 862 1737 907 πιστὸς,
1761 877 1811 902 καὶ

173 911 272 943 sancti,
289 915 317 938 et
343 910 462 937 abluitur
477 910 511 937 ab
529 917 572 942 ea,
602 917 682 944 quam
707 914 788 937 antea
817 910 966 954 habuerat,

174 956 314 991 religione.
329 955 405 988 Quod
422 955 444 983 si
462 963 516 982 non
534 956 671 983 habebant
685 956 820 991 Spiritum
841 961 966 984 sanctum

173 1000 219 1035 qui
240 1000 274 1027 ab
299 999 404 1027 Joanne
434 999 565 1034 baptilati
602 1004 691 1031 erant,
730 1000 775 1034 qui
815 1000 897 1027 ﬁebat
938 1005 967 1027 ut

173 1045 292 1080 Apelles,
310 1045 355 1080 qui
370 1045 396 1072 in
411 1044 526 1072 Joannis
541 1045 730 1072 tantummodo
744 1045 879 1080 baptisma
899 1046 961 1080 bap-

175 1091 274 1127 tilatus
288 1095 356 1122 erat,
381 1090 484 1125 Spiritu
515 1090 657 1118 ferveret?
680 1090 826 1117 Enimvero
856 1091 962 1119 etiamsi

174 1137 271 1172 spiritu
287 1136 418 1168 fervebat,
433 1137 564 1172 Spiritum
580 1142 704 1164 sanctum
718 1136 834 1173 [tamen]
851 1145 905 1164 non
919 1138 966 1165 lia-

176 1185 272 1217 bebat;
289 1191 379 1219 neque
404 1184 477 1212 enim
499 1184 600 1220 linguis
619 1185 790 1218 loquebatur,
804 1191 892 1218 neque
903 1192 966 1219 pro-

144 1253 151 1259 .
175 1229 315 1264 pbetabat.
339 1230 419 1257 Aliud
451 1234 541 1257 autem
569 1235 611 1258 est
631 1231 737 1258 fervere
761 1230 869 1264 spiritu.
891 1230 964 1258 aliud

178 1275 242 1302 item
265 1276 366 1303 habere
397 1275 528 1310 Spiritum
564 1280 699 1303 sanctum.
724 1276 775 1308 Qui
802 1277 883 1304 habet
906 1276 968 1312 Spi-

176 1321 259 1348 ritum
294 1326 430 1352 sanctum.
469 1321 546 1348 habet
585 1329 647 1348 eum
674 1322 701 1348 in
729 1330 759 1350 se
785 1323 965 1354 habitantem,

175 1373 207 1393 ac
247 1366 368 1400 loquitur
405 1366 464 1400 ipse
489 1366 609 1400 Spiritus
647 1375 680 1393 ex
699 1367 802 1394 intimis
822 1367 967 1402 penetrali-

177 1411 229 1439 bus
257 1411 613 1446 cordiszquemadmodum
638 1411 797 1446 loquebatur
825 1413 966 1447 apostolis,

175 1465 238 1485 cum
273 1465 320 1485 eos
330 1457 404 1492 loqui
413 1458 455 1485 vel
471 1457 578 1492 iuberet
592 1457 634 1484 vel
661 1461 774 1484 velaret.
790 1458 823 1484 At
847 1458 893 1492 qui
911 1458 965 1485 fer-

175 1505 257 1531 vcbnt
279 1504 388 1538 spiritu.
413 1511 462 1538 per
487 1503 714 1530 illuminationem
733 1508 761 1530 et
795 1504 962 1532 exhortatio-

175 1557 250 1581 nem,
267 1557 328 1584 qua:
343 1549 514 1576 extrinsecus
525 1548 717 1581 adhibebatur.
733 1549 848 1577 faciebat
861 1550 963 1586 aliquid
978 1539 999 1567 (ἶ

176 1596 240 1623 dum
257 1595 335 1631 15.3
351 1604 365 1622 a
385 1595 486 1629 Spiritu
506 1595 665 1622 ducebatur.
694 1595 759 1622 Nam
775 1596 810 1622 ab
832 1596 865 1624 iis
884 1597 965 1625 rebus

176 1649 236 1675 qua:
250 1641 350 1668 cadunt
364 1643 414 1668 sub
428 1648 552 1672 sensum,
567 1640 701 1674 conijcel‘e
717 1646 824 1676 oportet
847 1649 877 1669 ea
904 1650 965 1676 qua:

175 1688 261 1715 videri
278 1695 332 1714 non
353 1691 477 1721 possunt.
509 1686 611 1714 Acriter
640 1687 709 1713 enim
737 1696 770 1714 ac
801 1688 965 1716 uehementer

176 1732 329 1767 confutabat
341 1732 448 1759 Judwos
460 1731 572 1765 publice.
590 1731 627 1758 Eo
641 1732 712 1766 quod
728 1733 836 1766 publice
848 1734 964 1761 convin-

176 1777 270 1807 cebat,
287 1775 386 1809 lingua:
406 1775 518 1802 libertas
534 1775 729 1802 ostendebatur
743 1784 750 1804 ξ
764 1784 796 1802 eo
809 1777 881 1811 quod
894 1779 965 1805 acri-

1021 914 1207 942 ἀποπ).ύνεται
1219 917 1274 944 ἀπὸ
1292 918 1340 952 τῆς
1353 919 1531 954 προῦπούσης
1545 920 1620 955 αὐτῷ
1643 921 1810 956 θρησκείας.

1020 960 1050 986 Ei
1067 960 1094 987 δὲ
1109 961 1160 988 οὐκ
1175 959 1248 997 εἶχον
1263 963 1375 998 Πνεῦμα
1393 965 1471 998 ἇγιον
1487 967 1512 992 οἱ
1531 966 1586 992 ἀπὺ
1603 967 1730 994 Ἰωάννου
1759 967 1810 1001 βα-

1019 1006 1189 1040 πτισθέντες,
1205 1008 1262 1040 πῶς
1277 1009 1291 1035 ὁ
1313 1009 1443 1045 Ἀπελλῆς
1466 1011 1546 1045 μόνον
1560 1012 1600 1044 εις
1624 1013 1654 1039 τὸ
1680 1012 1810 1040 Ἰωάννου

1020 1049 1163 1085 βάπτισμα
1184 1052 1353 1086 βαπτισθεὶς,
1369 1054 1427 1086 ἔζεε
1447 1055 1486 1090 τῷ
1499 1056 1656 1091 Ιίνεύματις
1671 1057 1743 1084 Ἀλλ’
1760 1056 1810 1085 οὖν

1019 1096 1042 1121 εἰ
1060 1096 1106 1122 καὶ
1118 1096 1176 1126 ἔζεε
1193 1097 1231 1132 τῷ
1255 1099 1406 1134 Πνεὺματι⁷
1420 1100 1530 1135 Πνεῦμα
1557 1102 1634 1136 ἅγιον
1655 1103 1704 1130 οὐκ
1721 1102 1808 1139 εἶχεν.

1019 1140 1089 1167 Οῠτε
1104 1142 1158 1177 γὰρ
1175 1143 1311 1176 γλώσσαις
1330 1145 1501 1178 ὲλά)ει,οὖτε
1516 1149 1712 1183 προεφήτευεν.
1725 1150 1810 1176 Ἄλλο

1018 1186 1047 1212 δέ
1063 1188 1121 1214 ἐστι
1141 1189 1170 1214 τὸ
1199 1188 1271 1221 ζέειν
1297 1191 1337 1224 τῷ
1353 1191 1503 1226 Πνεὺματι,
1530 1194 1577 1220 καὶ
1596 1194 1659 1220 ἄλλο
1673 1194 1704 1220 τὸ
1731 1196 1808 1229 σχεῖν

1019 1233 1130 1268 Πνεῦμα
1149 1234 1237 1268 ἇγιον.
1273 1236 1302 1262 ’0
1323 1236 1392 1271 ἔχων
1415 1238 1529 1273 Πνεῦμα
1551 1239 1639 1272 ἅγιον,
1656 1240 1714 1275 ἔχει
1739 1241 1808 1267 αὐτὸ

1019 1278 1140 1306 ἐνοικοῦν
1156 1280 1185 1305 ὲν
1201 1281 1285 1315 αὐτῷ,
1302 1282 1349 1308 καὶ
1363 1283 1439 1309 λαλεῖ
1453 1284 1518 1310 αὐτὸ
1526 1284 1555 1310 τὸ
1573 1284 1684 1318 Πνεῦμα
1703 1286 1735 1311 ἐκ
1751 1285 1808 1312 τῶν

1018 1323 1129 1356 ἔσωθεν,
1141 1326 1178 1356 ὡς
1192 1326 1307 1360 ἐλάλησε
1322 1329 1378 1359 τοῖς
1393 1329 1559 1361 ἀποστόλοις,
1589 1330 1692 1356 κωλύον
1705 1331 1809 1363 αὐτοὺς

1017 1370 1062 1396 τὸν
1075 1371 1154 1404 λόγον
1172 1373 1209 1406 μὴ
1225 1372 1325 1405 λαλεῖν,
1341 1373 1357 1408 ἢ
1374 1374 1474 1400 λαλεῖν.
1494 1375 1524 1400 '0
1538 1375 1566 1401 δὲ
1582 1375 1650 1407 ζέων
1665 1375 1704 1410 τῷ
1720 1375 1807 1402 Πνεί-

1019 1425 1093 1450 ματι,
1116 1417 1149 1443 δι’
1176 1417 1335 1452 ἐλλὰμῲεως
1362 1420 1410 1445 καὶ
1442 1420 1599 1454 προτροπῆς
1625 1420 1675 1455 τῆς
1703 1420 1809 1453 ἔξωθεν

1017 1461 1136 1497 ἐπραττέ
1162 1472 1188 1489 τι
1202 1464 1384 1499 ὁδηγούμενος
1403 1465 1456 1491 ὑπὸ
1482 1465 1529 1492 τοῦ
1549 1466 1718 1500 Πνεὺματος.
1737 1467 1809 1493 ’Δπδ

1018 1508 1071 1542 γὰρ
1084 1509 1137 1534 τῶν
1154 1509 1300 1544 αἰσθητῶν,
1317 1511 1350 1536 τὰ
1366 1511 1469 1545 ἀόρατα
1481 1511 1522 1537 δεῖ
1536 1512 1726 1546 στοχάζεσθαι.
1747 1514 1808 1540 Ei;-

1017 1555 1110 1586 τόνως
1123 1554 1182 1586 τοῖς
1207 1555 1365 1589 Ἰουδαίοις
1389 1556 1642 1592 διακατηλέγχετο
1661 1558 1808 1592 δημοσίᾳ.

1016 1599 1052 1624 Τὸ
1067 1600 1089 1614 ⁸⁸
1103 1601 1151 1634 μὲν
1169 1598 1214 1627 οὖν
1232 1601 1350 1637 δημοσίᾳ
1378 1602 1498 1637 ἐλέγχειν
1519 1604 1535 1638 ἡ
1563 1603 1704 1639 παρῥησία
1736 1604 1810 1630 ἐδεί-

1016 1652 1096 1670 κνυτο
1108 1652 1114 1659 ·
1135 1645 1165 1671 τὸ
1194 1646 1222 1672 δὲ
1251 1647 1344 1680 σαφῶς
1359 1647 1392 1678 δ’,
1424 1648 1441 1682 ὴ
1457 1647 1572 1682 δύναμις
1585 1647 1727 1682 ἐδηλοῦτο⁸
1739 1648 1775 1674 τὸ
1786 1649 1810 1664 ⁵⁸

1017 1689 1045 1715 δὲ
1063 1690 1094 1716 ἐχ
1108 1690 1162 1716 τῶν
1180 1691 1300 1726 Γραφῶν
1321 1692 1506 1720 ἐπιδείκνυσιν
1534 1694 1550 1728 ἡ
1571 1693 1713 1728 ἐμπειρία.
1733 1694 1809 1721 Οὔτε

1015 1735 1098 1769 γὰρὴ
1114 1737 1254 1771 παῤῥησὶα
1272 1745 1298 1764 τι
1319 1738 1440 1764 συντελεῖ
1465 1739 1514 1765 οὐκ
1538 1738 1621 1773 οὔσης
1648 1739 1807 1774 δυνάμεως,

1019 1779 1081 1806 οὔτε
1095 1781 1110 1815 ὴ
1126 1781 1250 1817 δύναμις.
1265 1783 1315 1810 οὐκ
1325 1783 1408 1818 οὔσης
1423 1785 1590 1819 παρρησίας.

177 1829 218 1850 ter
239 1823 360 1857 potentia
376 1821 563 1849 declarabatur
582 1830 589 1848 :
611 1829 644 1848 eo
656 1823 728 1856 quod
747 1830 779 1850 ex
811 1823 960 1858 Scripturis
985 1827 1082 1861 peritia
1100 1828 1346 1857 demonstrabantur.
1377 1830 1470 1865 Neque
1499 1833 1570 1858 enim
1588 1832 1688 1866 lingua:
1721 1833 1808 1861 liber-

178 1874 219 1895 tas
246 1868 392 1904 quidquam
422 1868 560 1900 conducit,
578 1868 624 1896 ubi
648 1877 701 1896 non
720 1874 762 1897 est
776 1870 815 1897 vis

465 1915 577 1943 CAPUT
594 1916 666 1944 XIX.

212 1960 294 1988 VERS.
311 1962 337 1988 1.
354 1961 458 1988 Accidit
470 1966 557 1988 autem
578 1963 678 1988 interea
703 1963 766 1988 dum
791 1963 896 1997 Apollas
907 1969 964 1990 erat

176 2008 344 2041 Corintlu,ul
372 2008 470 2035 Paulus
481 2009 629 2043 peragratis
651 2009 824 2036 orientalibus
845 2010 964 2043 partibus

176 2055 276 2082 veniret
291 2054 432 2088 Ephesum,
455 2059 480 2080 et
502 2062 561 2080 cum
588 2054 625 2080 ibi
655 2055 790 2088 reperisset
822 2055 966 2088 discipulos

176 2100 315 2135 quosdam,
333 2100 399 2126 dixit
413 2100 447 2126 ad
458 2107 500 2126 eos
514 2107 522 2125 :
613 2096 617 2099 ’

212 2145 296 2172 Vens.
307 2146 335 2171 ‘2.
351 2146 392 2172 An
405 2145 542 2180 accepistis
568 2145 697 2179 Spiritum
721 2150 852 2179 sanctum,
868 2153 900 2172 ex
914 2154 964 2180 quo

176 2191 344 2218 credidistis?
362 2191 395 2217 At
409 2191 450 2217 illi
464 2191 587 2218 dixerunt
598 2192 632 2218 ad
655 2199 713 2217 eum
727 2199 737 2218 .'
761 2191 797 2218 At
814 2200 859 2218 nec
880 2200 915 2218 an
931 2192 966 2218 sit

176 2237 282 2271 quidem
296 2235 411 2270 Spiritus
422 2242 541 2269 sanctus,
557 2237 713 2264 audivimus.

843 1880 848 1897 2
873 1879 963 1907 neque
983 1875 1102 1908 potentia
1137 1884 1168 1903 ac
1183 1877 1234 1909 vis,
1253 1878 1300 1904 ubi
1314 1885 1368 1904 non
1384 1882 1426 1905 est
1446 1877 1543 1913 linguae
1555 1878 1677 1906 libertas.

1315 1925 1440 1951 ΚΕΦΑΛ.
1461 1925 1511 1952 ἴθ’.

1056 1968 1192 2002 Ἐγένετο
1222 1969 1266 2002 δὲ,
1292 1969 1327 1996 ἐν
1338 1970 1377 2002 τῷ
1386 1970 1438 1997 τὸν
1445 1970 1581 1997 Ἀπολλὼ
1588 1971 1609 1986 ⁵¹
1619 1969 1694 1998 εἶναι
1704 1971 1739 1998 ἐν
1748 1973 1805 1998 Κο-

1011 2013 1244 2046 ρινθῳ,11αῦλον
1266 2015 1422 2042 διελθόντα
1438 2015 1474 2041 τὰ
1493 2015 1658 2043 ἀνατολικὰ
1685 2018 1805 2051 μέρη⁶¹,

1015 2058 1114 2086 ἐλθεῖν
1130 2061 1175 2092 εὶς
1197 2060 1351 2094 Ἔφεσον,
1370 2061 1420 2088 καὶ
1438 2060 1533 2095 εὑρών
1558 2069 1644 2094 τινας
1653 2064 1806 2097 μαθητὰς.

1016 2102 1081 2131 εἶπε
1090 2105 1164 2138 πρὸς
1173 2106 1281 2139 αὐτούς
1293 2114 1300 2121 ⁸

1053 2152 1087 2177 Ei
1125 2151 1247 2186 Πνεῦμα
1284 2152 1369 2187 ἅγιον
1399 2152 1519 2180 ἐλάϐετε
1560 2154 1805 2188 πιστεύσαντες-ς

1018 2198 1051 2223 οι
1070 2197 1104 2224 δὲ
1126 2196 1213 2225 εἷπον
1237 2199 1312 2232 πρὸς
1326 2200 1436 2226 αὐτόν·
1458 2200 1535 2227 Ἀλλ’
1553 2200 1625 2227 οὐδὲ
1642 2202 1668 2228 εὶ
1681 2202 1806 2237 Πνεῦμα

1017 2243 1103 2278 ἅγιον
1117 2244 1203 2270 ἔστιν
1215 2244 1401 2280 ἠκούσαμεν.

213 2282 292 2310 Vsus.
309 2284 335 2311 5.
352 2284 437 2318 Atque
449 2283 493 2310 ille
507 2283 574 2310 dixit
596 2284 630 2309 ad
652 2291 695 2310 eos
711 2290 720 2309 :
737 2282 794 2315 Quo
809 2284 891 2318 igitur
917 2285 960 2312 ba-
975 2292 997 2320 ι)

1049 2288 1118 2317 Εἶπέ
1150 2300 1181 2318 τε
1204 2292 1278 2326 πρὸς
1298 2293 1430 2326 αὐτούς’
1456 2294 1507 2326 Εἰς
1536 2294 1565 2321 τι
1601 2294 1658 2322 οὖν
1683 2296 1804 2323 ἐϐαπτι-

175 2329 298 2362 ptismate
308 2329 436 2363 baptizati
451 2329 529 2355 estis?
543 2329 574 2355 At
589 2328 629 2355 illi
640 2328 767 2355 uixerunt
781 2337 789 2356 :
801 2329 964 2364 Baptismate

175 2374 300 2401 Joannis.

211 2418 293 2447 Vens.
317 2419 345 2446 4.
367 2419 470 2446 Paulus
495 2423 584 2446 autem
609 2419 676 2446 dixit
692 2427 702 2447 :
720 2419 837 2451 Joannes
859 2423 964 2457 quidem

177 2465 318 2500 baptizavit
334 2465 493 2499 baptismate
521 2465 682 2499 poenitentia:
715 2471 796 2502 atque
807 2469 965 2501 resipiscen-

177 2512 233 2543 tiiz,
247 2510 374 2545 populant
396 2511 542 2537 adhortans
564 2516 593 2537 ut
611 2512 639 2538 in
661 2519 720 2538 eum
743 2513 788 2547 qui
811 2518 867 2547 post
880 2513 966 2548 ipsum

176 2562 301 2584 venturus
323 2561 391 2584 esset
416 2558 562 2591 crederent,
585 2558 633 2585 hoc
654 2563 692 2585 est
714 2558 741 2585 in
762 2558 893 2586 Christum
920 2559 965 2586 Je-

176 2612 246 2630 sum.

216 2649 296 2677 Vsus.
315 2649 342 2678 5.
363 2649 466 2682 Quibus
478 2650 588 2682 auditis,
603 2649 731 2684 baptizati
739 2655 800 2677 sunt
826 2650 854 2677 in
871 2658 964 2677 nomen

179 2696 285 2723 Domini
295 2695 369 2724 Iesu.

1016 2339 1127 2370 σθητε;
1153 2339 1184 2364 οι
1207 2337 1240 2364 δὲ
1260 2336 1364 2365 εἶπον·
1386 2340 1437 2372 Εἰς
1467 2339 1500 2366 τὸ
1523 2341 1666 2369 Ἰωάννου
1685 2342 1802 2374 ,βάπτι-

1017 2390 1090 2409 (ma.

1037 2391 1039 2395 ν
1061 2391 1090 2408 (ι.

1037 2391 1124 2454 μΕϊπέ
1153 2436 1185 2454 τε
1199 2428 1222 2444 ⁸³
1247 2429 1384 2462 Παῦλος·
1405 2429 1551 2464 Ἰωάννης
1573 2431 1632 2465 μὲν
1657 2431 1802 2460 ἐϐάπτισα

1013 2473 1172 2509 ,βάπτισμα
1184 2475 1356 2509 μετανοίας,
1377 2475 1417 2509 τῷ
1435 2475 1498 2509 λαῷ
1511 2476 1617 2511 λέγων,
1630 2479 1675 2511 εις
1690 2479 1745 2506 τὸν
1756 2480 1802 2514 ἐρ-

1017 2520 1147 2554 χόμενον
1156 2520 1220 2554 μετ’
1233 2521 1337 2554 αὐτὸν,
1355 2522 1404 2548 ἵνα
1421 2522 1618 2557 πιστεύσωσι,
1644 2525 1802 2553 τουτέστιν

1016 2566 1060 2599 εὶς
1072 2565 1126 2593 τὸν
1136 2567 1264 2600 Χριστὸν
1279 2566 1412 2600 Ἰησοῦν.

1052 2647 1078 2674 5.
1094 2646 1292 2680 Ἀκούσαντες
1306 2647 1340 2674 δὲ
1348 2647 1573 2683 ἐϐαπτίσθησαν
1587 2652 1631 2684 εις
1659 2653 1693 2680 τὸ
1708 2652 1800 2688 ονομα

1017 2693 1071 2720 τοῦ
1086 2693 1197 2727 Κυρίου
1212 2692 1326 2727 Ἰησοῦ.

768 2752 867 2783 Variae
878 2750 1031 2783 lectiones
1053 2753 1084 2782 et
1105 2753 1202 2781 notae.

214 2803 239 2840 ⁸4⁷
252 2804 294 2830 ισ.
312 2804 419 2832 τούτου.
474 2804 497 2821 ⁸⁵
510 2805 553 2832 ισ.
567 2803 616 2840 τῷ.
671 2805 694 2821 ⁸³
711 2805 753 2832 ῖσ.
770 2804 895 2840 εἰέτόνως.

944 2803 967 2820 ⁸⁰
981 2804 1025 2837 ἔστ
1042 2802 1091 2837 τῷ,

1110 2808 1135 2829 et
1146 2802 1329 2830 ἐπεδείκνυτο.
1381 2803 1402 2819 ⁸¹
1421 2802 1456 2831 1η
1470 2802 1583 2838 vulgatis
1596 2809 1645 2838 est,
1663 2803 1795 2832 ’Δπολλῶ.

179 2839 202 2854 "
217 2838 248 2865 In
264 2839 378 2874 vulgatis
401 2844 449 2874 est,
464 2836 616 2876 ἀνωτεριδξὰ
631 2840 712 2876 μέρη.
749 2840 772 2856 ³³
785 2839 818 2867 In
832 2839 957 2875 vulgatis,
971 2836 1029 2866 εἷπε

1049 2838 1082 2866 Ξέ.
