1858 3057
180 116 234 149 827

171 223 262 255 batur,
288 222 402 256 quadam
424 222 500 256 quasi
517 223 722 255 perturbatione
740 229 882 259 correptus
907 229 959 258 est,

172 273 199 296 ct
212 269 307 296 videns
325 269 423 303 lingua:
439 269 592 296 libertatem
607 274 688 305 atque
700 270 726 297 in
741 271 876 305 loquendo
895 279 961 299 con-

171 315 323 345 ﬁdentiam,
346 322 402 348 pra:
422 314 459 341 ira
486 319 568 350 atque
591 316 778 351 indignatione
798 317 895 345 Festus
909 318 961 345 hoc

171 360 255 390 dixit;
273 360 319 386 sed
335 359 435 387 Paulus
449 368 560 388 causam
583 361 673 395 docet,
690 369 737 389 cur
752 363 785 390 ad
798 370 889 398 regem
902 371 962 391 ser-

170 414 278 433 monem
292 410 427 434 averteret
445 415 460 434 a
476 407 567 434 Festo.

206 453 276 480 Nam
294 453 342 480 hoc
357 454 385 480 in
402 454 499 490 angulo
517 460 604 481 actum
618 463 669 482 non
685 460 732 483 est.

207 498 288 527 Vens.
309 499 354 527 27.
371 499 471 533 Credis,
489 509 535 528 rex
547 500 677 536 Agrippa,
695 502 848 536 prophetis?
866 502 961 534 credis,

169 551 233 570 800.

208 589 289 617 Vens.
301 589 346 617 ‘28.
364 590 482 626 Agrippa
506 595 594 618 autem
608 592 644 618 ad
662 582 867 620 Paulum-dixit
883 601 892 620 :
909 592 964 620 Pa-

171 644 230 662 rum
242 637 313 663 abest
333 637 396 671 quin
416 637 575 671 persuadeas
587 638 662 672 mihi,
679 643 708 665 ut
723 639 890 667 Christianus
903 648 965 666 eua-

171 679 244 707 dant.

206 725 289 753 Vens.
305 726 350 754 29.
368 727 404 754 Ac
419 727 542 756 Paulus:
560 729 692 764 Optarim,
710 731 804 766 inquit,
822 740 837 758 ιι
853 732 917 764 Deo,
937 736 965 758 ut

171 776 195 798 et
211 780 306 805 parum
318 772 386 800 absit
401 782 424 800 ει
438 783 517 809 prope
533 776 603 803 adsit
616 781 644 802 ut
665 785 717 804 non
731 778 806 804 modo
823 782 861 809 tu,
875 786 965 804 verum

171 816 251 842 etiam
269 825 357 844 omnes
382 819 427 854 qui
449 828 490 846 me
509 820 585 847 hodie
603 822 727 854 audiunt,
749 823 815 849 tales
840 823 963 854 evadant,

173 861 262 896 qualis
277 871 322 898 ego
340 872 441 899 quoque
453 873 521 897 sum,
540 868 652 901 exceptis
665 867 776 895 vinculis
791 868 842 895 his.

209 950 289 978 Vens.
307 953 350 980 30.
369 953 403 980 Et
417 962 475 981 cum
486 955 540 981 ha'c
555 955 600 983 ille
614 957 734 990 dixisset,
747 958 863 984 surrexit
876 966 922 986 res;
937 967 968 986 ac

172 1003 267 1028 pt‘azses
280 1002 304 1023 et
317 997 428 1026 Bernice
442 1004 466 1026 et
480 1008 570 1027 eorum
585 1010 728 1028 assessores
742 1011 750 1031 .'

209 1087 289 1115 Vens.
308 1089 352 1115 5i.
374 1089 404 1116 Et
427 1099 486 1117 eum
509 1092 683 1125 secessissent,
709 1092 882 1128 loquebantur
899 1096 967 1122 alius

173 1134 207 1160 ad
223 1134 306 1160 alium
327 1135 368 1162 his
400 1136 454 1170 fere
476 1137 558 1164 verbis
585 1142 706 1165 utentes:
721 1139 798 1166 Nihil
821 1146 905 1168 morte
921 1147 966 1168 aut

172 1179 281 1206 vinculis
298 1181 406 1215 dignum
422 1183 561 1209 committit
579 1183 627 1210 iste
643 1185 727 1211 homo.

208 1225 286 1252 Vens.
301 1227 345 1254 δὲ.
363 1227 483 1262 Agrippa
504 1234 591 1256 autem
613 1230 690 1257 Festo
708 1232 791 1258 dixit:
807 1231 966 1268 Absolripo-

173 1277 241 1298 terat
258 1273 306 1300 iste
316 1273 402 1307 homo,
419 1275 470 1301 nisi
486 1275 619 1303 Ctesarem
639 1278 812 1312 appellasset.

209 1361 263 1388 Seil
276 1363 345 1389 enim
356 1365 388 1391 de
399 1365 438 1391 his
455 1373 511 1393 rex.
528 1365 577 1394 llic
590 1366 624 1393 de
649 1374 732 1395 cruce
746 1368 869 1402 loquitur
885 1377 917 1397 ac
932 1371 967 1398 de

174 1409 388 1442 resurrectione,
402 1410 463 1444 quia
481 1419 529 1445 per
542 1416 629 1438 totum
647 1413 740 1440 orbem
765 1419 844 1441 terrae
862 1415 967 1442 habita-

175 1456 231 1478 tum
246 1453 370 1481 doctrina
398 1461 563 1489 pervaserat.
588 1458 675 1492 Atque
694 1458 753 1485 lizcc
768 1459 816 1491 ait,
830 1464 858 1486 ut
874 1465 967 1487 osten-

175 1496 221 1523 dat
244 1497 389 1532 Agrippam
408 1500 500 1527 omnia
518 1501 599 1532 scire.
616 1509 649 1528 ac
665 1507 769 1530 tantum
794 1512 848 1531 non
873 1505 967 1532 dicens

175 1541 258 1569 etiam
279 1544 313 1570 ad
336 1544 417 1572 illos:
435 1545 581 1574 Debebatis
609 1548 718 1582 quidem
742 1549 823 1577 etiam
849 1558 895 1578 ros
910 1551 967 1578 lucc

177 1586 260 1614 scire.
282 1588 348 1616 Nam
370 1590 422 1617 hoc
445 1596 496 1624 est,
512 1593 583 1627 quod
604 1593 798 1630 subiungitur:
817 1595 876 1622 Non
900 1597 969 1624 enim

177 1637 264 1660 nelunt
284 1640 320 1661 est
332 1636 379 1662 hoc
392 1637 418 1663 in
433 1638 566 1672 angulo.-
594 1639 718 1673 Optarim
732 1649 747 1667 a
766 1641 830 1674 Deo,
845 1647 910 1674 etc.,
925 1651 970 1669 ex-

177 1679 258 1712 ceptis
272 1680 380 1707 vinculis
395 1681 444 1709 his.
467 1683 547 1717 Atqui
569 1684 595 1711 id
618 1683 768 1719 gloriosum
782 1691 859 1713 erat:
875 1695 969 1714 verum

178 1723 229 1751 ltoe
250 1725 326 1759 dixit,
343 1735 440 1763 nempe
459 1730 580 1764 exceptis
594 1731 714 1758 vinculis
729 1732 782 1763 bis,
805 1732 912 1759 illorum
925 1741 970 1760 re-

176 1770 297 1804 spiciens
309 1780 418 1800 sensum
430 1779 512 1809 atque
523 1776 689 1809 opinionem.
702 1776 770 1809 Quid
777 1777 880 1810 dicis,o
892 1779 972 1806 beate

178 1815 272 1850 Paule,
290 1819 391 1854 Absque
403 1821 536 1848 vinculis?
551 1826 578 1849 et
592 1830 718 1857 quamam
734 1823 847 1858 posthac
868 1825 914 1851 tibi
927 1832 971 1852 re-

178 1863 252 1897 liqua
271 1870 330 1892 erat
349 1866 465 1900 quodvis
485 1868 614 1903 loquendi
644 1869 752 1901 ﬁducia,
773 1869 794 1896 si
817 1875 843 1897 te
874 1871 970 1898 horum

178 1909 273 1942 pudet,
297 1914 380 1945 atque
408 1912 466 1939 haec
494 1912 574 1949 fugis,
607 1914 758 1948 przesertim
786 1922 876 1942 coram
899 1920 972 1943 tanta

177 1955 372 1984 multitudine?
392 1966 485 1986 annon
504 1959 532 1986 in
556 1961 685 1987 omnibus
711 1960 839 1995 Epistolis
862 1966 973 1996 propter

179 2001 237 2029 luec
251 2003 386 2038 gloriaris,
403 2009 430 2032 et
449 2005 572 2033 vinctum
587 2007 765 2041 temetipsum
780 2015 872 2039 vocas,
887 2012 914 2034 et
925 2016 971 2034 ca-

178 2052 267 2075 tenam
283 2050 362 2077 nobis
379 2051 482 2085 ubique
502 2051 562 2079 loco
578 2052 740 2079 diadematis
760 2052 841 2087 178
855 2052 974 2079 cireum-

179 2093 252 2120 fcrs?
267 2094 336 2127 Quid
353 2096 436 2131 igitur
453 2105 526 2125 nunc
541 2098 641 2125 accidit
663 2099 844 2133 quamobrem
865 2099 973 2126 vincula

179 2139 351 2174 depreceris?
366 2142 424 2169 Non
442 2143 509 2177 ipsc,
530 2144 629 2179 inquit,
657 2145 858 2180 deprecorilla.
881 2153 973 2180 neque

646 118 935 150 THEOPHYLACTI
955 118 1159 150 BULGARI/E
1176 117 1353 148 ARCHIEP.

207 176 322 208 Insanis,
342 175 431 203 Paule.
450 175 583 208 Quoniam
594 183 702 211 semper
715 178 747 205 ad
763 184 854 212 regem
868 179 963 213 loque-
980 182 1001 209 Α

1055 179 1160 212 Μαίνῃ,
1181 177 1292 205 Παῦλε,

1777 114 1834 145 838

1331 175 1440 212 Ἐπειδὴ
1469 175 1514 203 ἀεὶ
1532 175 1600 211 πρὸς
1624 175 1680 202 τὸν
1707 174 1832 210 βασιλέα

1014 223 1160 256 διελέγετο,
1187 222 1282 257 ὥσπερ
1308 222 1394 248 ἔπαθέ
1416 230 1453 255 τι,
1477 221 1524 248 καὶ
1552 221 1614 247 ἰδὼν
1628 221 1690 256 τὴν
1709 221 1831 256 παρῤη-

1016 269 1087 302 σῐαν,
1108 269 1162 296 ἀπὸ
1186 269 1273 304 ὀργῆς
1295 268 1342 295 καὶ
1362 267 1449 303 θυμοῦ
1470 267 1550 294 τοῦτο
1564 265 1641 294 εἶπεν
1671 268 1689 294 ὁ
1704 267 1828 302 Φῆστος.

1023 315 1052 341 ὀ
1068 314 1095 341 δὲ
1118 314 1223 346 Παῦλος
1238 315 1287 350 τὴν
1301 315 1391 341 αἰτίαν
1410 314 1544 347 διδάσκει,
1563 314 1597 341 δι’
1612 314 1649 349 ἢν
1678 313 1762 348 προς
1783 314 1829 340 τὸν

1017 359 1128 394 βασιλέα
1143 360 1190 387 τὸν
1207 360 1285 395 λόγον
1296 360 1478 396 ἀπέστρεφεν.

1051 452 1092 478 Oi;
1109 451 1166 486 γάρ
1188 451 1274 478 ἐστιν
1300 451 1335 478 ἐν
1357 451 1447 485 τωνΙᾳ
1458 450 1678 485 πεπραγμένον
1700 449 1811 478 τοῦτο.

1053 498 1218 530 Πιστεύεις,
1228 497 1360 530 βασιλεῦ
1376 497 1530 531 Ἀγρίππα,
1547 496 1609 529 τοῖς
1619 495 1827 530 προφήταιςς

1018 541 1086 570 οἶδα
1102 543 1146 570 ὅτι
1165 544 1329 576 πιστεύεις.

1061 590 1087 616 '0
1102 589 1136 616 δὲ
1165 590 1330 624 Ἀγρίππας
1352 590 1426 624 πρὸς
1443 589 1496 616 τὸν
1515 588 1638 616 Παῦλον
1660 589 1730 623 ἔφη
1744 597 1750 602 ·
1776 589 1828 615 Ἐν

1019 635 1111 670 ὀλίγῳ
1123 644 1162 670 με
1176 636 1290 669 πείθεις
1301 635 1481 670 Χριστιανὸν
1490 634 1642 670 γενέσθαι.

1061 726 1091 752 '0
1104 725 1138 751 δὲ
1153 725 1273 758 Παῦλος
1285 723 1370 752 εἶπεν
1380 733 1387 740 ·
1402 725 1556 758 Εὐξαίμην
1565 725 1604 752 ἂν
1616 725 1659 758 τῷ
1675 724 1759 756 Θεῷ,
1777 725 1825 751 καὶ

1018 771 1053 797 ἐν
1071 771 1161 806 ὀλίγῳ
1179 772 1228 798 καὶ
1247 772 1282 798 ἐν
1307 770 1411 803 πολλῷ
1426 772 1462 797 οὐ
1480 771 1575 805 μόνον
1589 771 1637 802 σὲ,
1664 770 1757 797 ἀλλὰ
1776 770 1822 796 και

1019 816 1135 850 πάντας
1153 817 1224 849 τοὺς
1243 816 1409 850 ἀκούοντάς
1427 825 1486 851 μου
1509 817 1644 851 σήμερον
1674 816 1825 850 γενέσθαι

983 865 1004 894 Β
1019 863 1182 895 τοιούτους,
1201 863 1304 896 ὀποῖος
1327 863 1407 898 κάγώ
1428 863 1496 897 εἶμι,
1516 862 1668 896 παρεκτὸς
1687 860 1754 888 τῶν
1774 861 1821 888 δε-

1019 909 1105 943 σμῶν
1120 910 1241 936 τούτων.

1056 954 1110 980 Καὶ
1125 954 1218 981 ταῦτα
1233 953 1484 986 εὶπόντοςαὺτοῦ,
1500 954 1613 987 ἀνέστη
1632 955 1649 980 ό
1659 953 1820 986 ,ϐασιλεὺς

1019 1000 1068 1027 καὶ
1084 1002 1100 1027 ὀ
1116 1000 1233 1035 ἡγεμὼν
1247 1000 1266 1034 ἥ
1282 1009 1313 1027 τε
1328 1000 1465 1034 Βερνίκη,
1479 999 1528 1026 καὶ
1545 1001 1572 1027 ol
1583 999 1822 1034 συγκαθήμενοι

1019 1044 1130 1078 αὐτοῖς,

1055 1091 1107 1118 Καὶ
1125 1091 1389 1126 ἀναχωρήσαντες,
1404 1091 1537 1118 ἐλάλουν
1553 1091 1628 1125 πρὸς
1642 1090 1819 1124 ἀλλήλους,

1017 1137 1170 1171 λέγοντες,
1187 1137 1232 1164 ὅτι
1255 1137 1352 1164 οὐδὲν
1381 1137 1511 1164 θανάτου
1535 1137 1624 1168 ἄξιον
1643 1137 1663 1171 ἢ
1698 1135 1818 1171 δεσμῶν

1018 1185 1149 1217 πράσσει
1169 1185 1186 1210 ὁ
1204 1183 1360 1217 ἄνθρωπος
1375 1181 1475 1215 οὗτος.

1059 1229 1220 1263 Ἀγρίππας
1250 1229 1283 1255 δὲ
1302 1228 1341 1261 τῷ
1365 1228 1473 1261 Φήστῳ
1497 1228 1572 1262 ἔφη’
1587 1227 1816 1254 Ἀπολελύσθαι

1017 1274 1146 1302 ἐδύνατο
1165 1276 1182 1301 ὀ
1199 1274 1356 1308 ἅνθρωπος
1370 1271 1471 1306 οὗτος,
1486 1274 1512 1300 ει
1532 1272 1576 1307 μὴ
1591 1272 1779 1306 ἐπικέκλητο
1795 1272 1815 1288 ⁶¹

1018 1321 1163 1354 Καίσαρα.

1059 1366 1234 1393 Ἐπίσταται
1252 1366 1307 1400 γὰρ
1330 1365 1396 1400 περὶ
1412 1365 1526 1392 τούτων
1542 1365 1559 1392 ὀ
1569 1364 1740 1397 βασιλεύς.
1759 1363 1814 1390 Ἕνα

1019 1411 1106 1438 ταῦοα
1123 1411 1187 1446 περὶ
1204 1411 1253 1438 τοῦ
1271 1411 1388 1446 σταυροῦ
1405 1419 1472 1446 φησι
1486 1411 1519 1444 “,
1543 1411 1608 1446 περὶ
1627 1410 1682 1445 τῆς
1701 1410 1818 1436 ἀναστᾶ-

1019 1466 1099 1489 σεως,
1111 1457 1151 1483 ὅτι
1164 1457 1302 1491 πανταχοῦ
1315 1457 1364 1491 τῆς
1375 1455 1539 1491 οἰκουμένης
1549 1456 1646 1490 γέγονε
1663 1456 1696 1482 τὸ
1709 1455 1798 1489 δόγμα
1807 1463 1815 1470 ·

1018 1502 1103 1529 ταῦτα
1114 1502 1143 1528 δέ
1156 1510 1232 1537 φησι,
1248 1502 1354 1533 δεικνὺς
1367 1502 1407 1528 ὅτι
1419 1502 1508 1528 πάντα
1520 1499 1589 1527 οἶδεν
1610 1501 1624 1527 ό
1642 1500 1814 1536 Ἀγρίππας,

1021 1547 1067 1573 καὶ
1085 1547 1227 1582 μονονουχὶ
1242 1547 1329 1580 λέγων
1339 1547 1387 1573 καὶ
1400 1546 1468 1582 πρὸς
1483 1545 1598 1578 αὐτούς·
1613 1546 1691 1572 Ἔδει
1707 1546 1758 1580 μὲν
1772 1546 1814 1573 καὶ

1021 1595 1093 1629 ὑμᾶς
1102 1593 1188 1620 ταῦτα
1203 1593 1312 1620 εἰδέναι.
1323 1594 1359 1620 Τὸ
1375 1593 1429 1630 γὰρ
1441 1593 1612 1628 ἐπαγόμενον
1625 1593 1711 1620 τοῦτο
1725 1592 1799 1618 ἔστιν
1808 1600 1814 1606 ·

1022 1640 1063 1666 Οὐ
1081 1639 1136 1674 γάρ
1150 1639 1236 1666 ἐστιν
1248 1639 1283 1665 ἐν
1301 1639 1396 1674 γωνίᾳ
1416 1638 1636 1674 πεπραγμένον,
1655 1654 1694 1659 -
1707 1638 1813 1670 Εὐξαί-

1019 1695 1082 1720 μην
1096 1685 1134 1712 ἂν
1155 1685 1194 1718 τῷ
1211 1685 1283 1718 Θεῷ,
1308 1685 1357 1712 καὶ
1371 1686 1406 1712 ἐν
1430 1685 1522 1720 ὀλίγῳ
1545 1685 1592 1712 καὶ
1613 1685 1648 1712 ἐν
1665 1683 1774 1716 πολλῷ
1784 1684 1812 1710 ⁵³.

1022 1732 1120 1759 Καίτοι
1150 1731 1225 1764 ἄξιον
1254 1729 1289 1767 ἦν
1310 1731 1389 1766 δόξης
1402 1751 1410 1763 ,
1431 1731 1499 1758 ἀλλὰ
1532 1731 1612 1758 τοῦτο
1643 1728 1706 1758 εἷπε
1721 1750 1729 1763 ,
1749 1730 1812 1764 πρὸς

1023 1778 1072 1811 τὴν
1090 1778 1203 1804 ἐκείνων
1231 1777 1366 1812 ὑπόληψιν
1384 1777 1504 1812 ἀφορῶν,
1528 1778 1575 1804 καὶ
1598 1777 1639 1809 τὸ,
1665 1776 1812 1811 παρεκτιλς

1023 1823 1082 1850 τῶν
1098 1823 1220 1858 δεσμῶν
1233 1823 1357 1850 τούτων.
1374 1822 1406 1850 Τί
1422 1823 1522 1857 λέγεις,
1535 1820 1558 1849 ὦ
1576 1823 1696 1858 μακάριε
1715 1821 1809 1851 Παῦλε,

1023 1870 1096 1897 ἄνευ
1122 1869 1182 1896 τῶν
1203 1868 1339 1904 δεσμῶν;
1352 1869 1399 1896 καὶ
1416 1869 1480 1896 ποία
1499 1877 1541 1896 σοι
1555 1869 1649 1896 λοιπὸν
1663 1867 1812 1904 παῤῥησίπ,

1025 1917 1049 1942 εἰ
1067 1915 1154 1942 ταῦτα
1170 1915 1286 1951 αἰσχύνῃ
1302 1915 1350 1942 καὶ
1364 1914 1488 1948 φεύγεις,
1506 1915 1551 1941 καὶ
1564 1914 1651 1941 ταῦτα
1666 1914 1714 1941 ἐπὶ
1728 1913 1809 1947 δήμου

1023 1961 1151 1988 τοσούτου
1164 1969 1171 1995 ;
1183 1961 1219 1988 οὐ
1234 1959 1371 1995 πανταχοῦ
1389 1960 1444 1986 τῶν
1462 1959 1626 1986 Ἐπιστολῶν
1642 1960 1690 1985 ἐπὶ
1712 1957 1810 1987 τούτοις

1025 2008 1174 2042 καυχᾶσαι,
1185 2006 1233 2033 καὶ
1246 2006 1356 2040 δέσμιον
1371 2005 1467 2032 ἑαυτὸν
1482 2005 1585 2037 καλεῖς,
1600 2004 1647 2032 καὶ
1658 2005 1709 2038 τὴν
1722 2003 1807 2031 ἅλυσιν

1024 2053 1090 2088 ἡμῖν
1106 2052 1167 2078 ἀντὶ
1182 2051 1350 2086 διαδήματος
1365 2051 1505 2086 πανταχοῦ
1523 2051 1700 2086 περιφέρεις,
1716 2049 1748 2076 Ti
1759 2048 1808 2074 τοία

1024 2106 1072 2124 νυν
1088 2097 1183 2132 γέγονε
1207 2097 1265 2130 νῦν,
1287 2097 1328 2124 ὅτι
1344 2098 1453 2133 ἀπεύχῃ
1475 2095 1510 2123 τὰ
1528 2095 1630 2131 δεσμά;
1660 2096 1718 2122 Οὐκ
1734 2093 1806 2123 αὖτις

1025 2142 1194 2177 ἀπεύχομαι,
1213 2142 1307 2176 φησὶν,
1334 2142 1394 2169 οὐδὲ
1423 2142 1598 2178 αἰσχύνομαι,
1617 2142 1676 2168 ἀλλ’
1704 2140 1806 2167 ἐκείνων

179 2193 224 2212 me
242 2187 325 2220 pudet
353 2190 510 2223 eorum,sed
528 2191 705 2220 accommodo
720 2199 764 2218 me
778 2191 927 2218 demittens
937 2191 970 2218 ad
988 2197 1002 2225 ι

1055 2187 1200 2222 ιάσοενείᾳ
1221 2187 1456 2221 συγκαταϐαίνων.
1474 2186 1557 2213 Οὔπω
1576 2187 1631 2222 γὰρ
1642 2185 1758 2221 χωροῦσι
1769 2183 1804 2209 δέ·

179 2230 289 2258 illorum
305 2231 520 2262 imbecillitatem
536 2244 542 2262 ι
560 2236 684 2263 nondum
700 2235 774 2262 enim
794 2235 886 2263 idonei
909 2240 974 2263 sunt

179 2276 214 2303 ad
235 2277 418 2311 recipiendam
440 2284 521 2314 atque
536 2281 705 2316 probandam
725 2288 814 2308 meam
833 2280 974 2315 gloriatio-

180 2330 254 2350 nem.
270 2323 355 2352 Didici
367 2331 459 2353 autem
477 2335 492 2354 a
512 2327 627 2355 Domino
637 2335 699 2355 meo
712 2335 767 2354 non
784 2335 845 2354 esse
859 2335 974 2354 assuen-

181 2368 246 2396 dum
270 2369 488 2399 additamentum
514 2372 598 2406 panni
620 2372 697 2400 rudis
716 2371 749 2399 ad
774 2376 878 2400 vestem
896 2377 975 2400 vetu-

179 2419 266 2442 stam:
283 2416 384 2444 idcirco
397 2418 431 2445 ita
445 2418 512 2445 dixi.

456 2463 573 2492 CAPUT
592 2463 703 2492 XXVII.

217 2508 297 2536 Vens.
318 2510 341 2536 1.
360 2511 394 2537 Ut
412 2516 499 2537 autem
516 2511 647 2537 decretum
664 2516 701 2537 est
726 2516 754 2538 ut
770 2520 816 2538 nos
834 2513 971 2547 navigare-

181 2563 239 2583 mus
255 2556 283 2582 iu
297 2555 418 2587 Italiam,
438 2557 604 2584 tradiderunt
629 2557 744 2584 Paulum
764 2562 788 2584 et
804 2558 871 2584 alios
893 2566 972 2591 quos~

1026 2234 1122 2266 ξασθαι
1148 2233 1178 2259 τὸ
1196 2233 1327 2269 καύχημα
1341 2234 1371 2260 τὴ
1391 2234 1466 2268 ἐμόν.
1483 2233 1605 2268 Ἔμαθον
1627 2233 1656 2259 δὲ
1671 2232 1745 2266 παρὰ
1763 2228 1804 2255 τοῦ

1024 2280 1162 2306 Δεσπότου
1187 2289 1256 2314 μου,
1291 2281 1328 2316 μὴ
1359 2280 1515 2307 ἐπιϐάλλειν
1544 2279 1686 2314 ἐπίϐλημα
1715 2277 1802 2312 ῥάκους

1024 2327 1146 2361 ἀγνάφου
1170 2327 1217 2353 ἐπὶ
1242 2327 1343 2362 ἱματίῳ
1359 2326 1478 2362 παλαιῷ.
1500 2326 1549 2353 Διὰ
1571 2326 1650 2353 τοῦτο
1669 2324 1751 2354 οὕτως
1771 2319 1802 2347 εἴη

1024 2380 1085 2399 πον.

1316 2462 1443 2490 ΚΕΦΑΛ.
1465 2463 1527 2490 KZ'.

1070 2510 1117 2543 Ὡς
1132 2509 1166 2536 δὲ
1179 2510 1282 2543 ἐκρίθη
1296 2509 1349 2536 τοῦ
1365 2508 1515 2536 ἀποπλεῖν
1523 2507 1601 2542 ἡμᾶς
1617 2508 1659 2540 εις
1673 2506 1726 2538 τὴν
1739 2502 1800 2529 Ἰτα-

1029 2557 1109 2589 λίαν,
1123 2555 1284 2591 παρεδίδου
1297 2555 1319 2571 ⁸⁸
1333 2554 1386 2582 τόν
1402 2563 1433 2581 τε
1451 2554 1575 2581 Παῦλον
1586 2554 1636 2580 καί
1655 2560 1733 2583 τινας
1744 2547 1798 2574 ἑτέ·

787 2629 884 2659 Variae
897 2629 1050 2660 lectiones
1072 2631 1102 2658 et
1123 2630 1219 2659 notae.

220 2691 242 2731 εξ
259 2690 290 2717 1η
310 2690 423 2731 vulgatis
443 2691 621 2731 ἐμειεέκληξο.

669 2692 690 2707 ⁸²
703 2691 807 2718 Videtur
832 2690 977 2717 desiderari
1003 2690 1060 2715 καί.
1098 2688 1120 2704 ⁸⁸³
1131 2688 1230 2722 Opinor
1245 2688 1325 2714 etiam
1338 2687 1377 2713 hic
1391 2685 1540 2720 adjicienda
1555 2693 1610 2711 esse
1623 2684 1670 2722 illa
1681 2687 1794 2718 postrema

183 2726 273 2757 verba,
287 2720 424 2760 παρενκτὸς
434 2726 487 2752 τῶν
503 2720 611 2760 δεσμῶν
626 2726 739 2757 τούτων,
750 2735 808 2761 qua:
820 2726 1002 2761 explicantuer

1059 2724 1139 2757 lioqui
1154 2720 1235 2749 locus
1256 2726 1395 2761 corruptus
1413 2721 1524 2752 videtur,
1549 2724 1574 2747 et
1587 2720 1634 2746 καὶ
1649 2723 1707 2746 ante
1723 2722 1795 2750 παρε-

184 2761 249 2791 κτὸς
277 2761 426 2789 redundare
440 2766 487 2789 aut
501 2765 570 2788 certe
584 2762 684 2796 a’iquid
699 2762 774 2790 aliud
787 2762 938 2789 desiderari.

223 2833 235 2852 α
254 2833 283 2860 ν.
304 2834 426 2860 dimittit.

977 2760 999 2775 ⁵³
1017 2759 1048 2787 In
1066 2758 1181 2793 vulgatis
1204 2757 1373 2792 παρεδίδουν.
