1858 3057
46 35 98 49 rv'v

46 50 94 66 υιι

388 35 656 67 EXPOSITIONIS
673 35 712 64 IN
733 33 825 64 ACTA
842 31 992 62 TEXTUS
1011 32 1144 62 ALTER.
1169 43 1197 49 —
1212 31 1290 61 CAP.
1309 31 1367 62 Ill.

1629 35 1682 66 878

45 102 94 124 σας
105 92 136 119 δὲ
152 92 262 128 Πέτρος
276 93 317 124 εἰς
333 92 414 118 αὑτὸν
427 93 475 118 σὺν
488 91 646 127 τῷῚωὲιννῃ
657 88 727 116 εἷπε·
746 88 847 123 Βλέψον

936 95 960 114 ιιι
979 86 1076 115 Petrus
1093 95 1155 114 cum
1169 86 1285 120 Joanne,
1298 87 1385 115 dixit:
1400 86 1516 123 Respice
1532 89 1558 117 in
1570 98 1632 119 nos.
1646 93 1682 118 At

44 140 83 170 εις
96 139 195 174 ἡμᾶς.
220 140 250 166 ’0
264 140 293 166 δὲ
312 140 422 174 ἐπεῖχεν
447 139 540 170 αὐτοῖς
565 137 723 172 προσδοκῶν
737 145 763 162 τι
781 136 846 170 παρ’

45 186 139 213 αΰτῶν
152 185 266 212 λαϐεῖν.
285 182 352 212 Elaea
366 185 394 211 δέ
413 184 516 228 Πέτρος
529 191 536 198 ·
555 183 702 219 ’Ᾱργύρισν
718 182 764 208 καὶ
783 189 848 217 χρυ-

46 232 103 257 σίον
128 231 188 266 οὐχ
221 231 341 266 ὑπάρχει
359 239 416 265 μοι,
428 230 442 256 ὃ
455 230 482 257 δὲ
499 230 563 265 ἔχω,
579 229 657 255 τοῦτό
673 237 713 254 σοι
733 227 845 262 δίδωμι·

48 279 73 304 ὲν
102 276 145 311 τῷ
174 277 293 311 ὀνόματι
325 276 410 311 ’1ησοῦ
443 275 562 310 Χριστοῦ
601 274 649 302 τοῦ
686 273 847 309 Ναζωραεον

47 324 138 356 ἔγειρε
165 323 220 348 καὶ
234 322 392 357 περιπάτει.
410 322 464 348 Καὶ
481 322 581 352 πιάσας
598 320 680 346 αὑτὸν
693 319 743 353 τῆς
758 318 849 351 δεξιᾶς

47 369 151 404 χειρὸς,
171 369 283 404 ἦγειρε.
301 368 474 402 Πειραχρῆμα
497 367 525 393 δὲ
540 365 750 400 ἐστερεώθησαν
765 363 847 391 αὑτοῦ

49 416 74 441 αἱ
89 415 196 449 βάσεις
216 415 265 441 καὶ
277 413 312 440 τὰ
333 413 435 447 σφυρὰ,
454 412 502 438 καὶ
522 411 702 446 ἐξαλλόμενος
718 409 783 444 ἔστη
801 409 849 436 καὶ

49 460 240 495 περιεπάτει·
256 461 303 486 καὶ
317 458 427 494 εἰσῆλθε
444 458 492 485 σὺν
507 457 599 488 αὐτοῖς
612 457 653 488 εἰς
663 456 694 483 τὸ
711 455 785 491 ῑερδν
801 463 848 482 πε-

51 505 192 540 ριπατῶν,
208 505 258 531 καὶ
274 504 432 538 ἁλλόμενος,
453 503 499 530 καὶ
510 503 593 530 αἰνῶν
607 502 654 529 τὸν
664 501 742 528 Θιόν.

365 557 554 585 EPMHNEIA.

84 612 126 639 Τὰ
143 612 200 647 μὲν
219 610 267 639 οὖν
286 612 354 639 ἄλλα
372 612 473 647 σημεῖα
500 611 628 646 παρεῖδεν
643 611 657 637 ο
673 609 720 637 τοῦ
744 610 847 645 βιϐλίου

55 658 251 694 σδτγραφεύς.
262 658 356 694 [Λέγει
363 657 391 684 δὲ
399 659 523 694 σημεῖον,
532 657 545 684 ὃ
552 657 652 688 πάντας
659 656 760 689 ἐξένισε
768 655 848 692 (10).]

51 705 170 732 Φυσικὸν
185 705 218 731 τὸ
243 704 330 736 πάθος
352 702 398 739 ἦν,
425 704 550 740 κρεῖττον
580 703 677 739 τέχνης
709 702 846 738 ἰατρικῆς.

50 750 274 786 τεσσαράκοντα
289 746 323 786 ἦν
348 749 395 785 ἐτη
413 748 573 784 πεποιηκὼς
585 750 615 775 ἐν
626 750 659 784 τῇ
674 747 845 783 Γαλιλαιᾳη,

902 133 946 161 ille
959 133 1118 161 intendebat
1133 133 1159 160 in
1176 141 1234 166 eos.
1249 141 1367 168 sperans
1391 141 1421 162 se
1433 134 1537 169 aliquid
1558 142 1682 172 acceptu-

901 186 959 205 rutn
983 178 1017 205 ab
1042 179 1093 206 eis.
1133 178 1230 206 Petrus
1258 182 1350 206 autem
1375 179 1628 214 dixit:Argentum
1655 185 1684 208 et

900 231 997 251 aurum
1014 232 1068 252 nou
1082 230 1124 252 est
1140 225 1224 252 mihi:
1241 225 1312 260 quod
1337 229 1428 252 autem
1447 225 1545 259 habeo,
1561 226 1611 253 hoc
1635 226 1681 253 tibi

900 270 958 296 do:
980 269 1007 296 ln
1026 271 1136 297 nomine
1163 270 1226 298 Jesu
1254 270 1354 298 Christi
1384 271 1516 298 Nazareni
1546 279 1627 307 surge
1657 277 1681 299 et

900 315 1019 342 ambula.
1035 315 1067 342 Et
1082 315 1253 350 apprehensa
1269 323 1351 343 manu
1365 315 1425 350 ejus
1448 317 1572 349 dextera,
1585 317 1681 344 alleva

899 361 938 388 vit
954 368 1028 392 eum.
1042 365 1068 388 et
1081 361 1208 396 protinus
1221 361 1476 394 cousolidatmsunt
1493 361 1572 389 bases
1585 362 1645 396 ejus
1657 366 1682 390 et

898 407 1007 442 plantae.
1025 407 1058 434 Et
1075 407 1205 434 exsiliens
1222 407 1297 434 stetit
1322 410 1349 434 et
1366 406 1541 434 ambulabat:
1557 413 1584 435 et
1594 408 1682 435 intra-

900 453 938 480 vit
951 460 1014 480 cum
1035 453 1089 481 illis
1105 454 1132 480 in
1152 453 1283 488 templum
1303 453 1450 480 ambulans
1464 457 1492 480 et
1508 453 1642 482 cxsiliens
1655 458 1683 481 et

900 499 1015 527 laudans
1034 499 1130 528 Deum.

1154 554 1440 582 COMMENTARIUS.

935 609 993 636 Alia
1008 609 1118 644 quidem
1135 610 1214 646 signa
1229 611 1404 645 praetermisit
1427 611 1490 638 libri
1519 610 1602 646 hujus
1633 618 1683 639 au-

902 660 972 683 ctor.
988 655 1057 683 lllud
1073 663 1138 683 vero
1152 661 1258 689 narrat,
1275 657 1348 691 quod
1361 664 1457 684 omnes
1472 657 1499 684 in
1530 656 1683 684 admiratio-

900 709 961 729 nem
976 702 1105 736 coniecit.
1120 701 1260 730 Naturalis
1276 706 1336 730 erat
1358 703 1482 735 morbus.
1503 707 1562 730 arte
1578 703 1683 730 medica

900 748 1016 776 fortior:
1036 756 1122 776 annos
1136 749 1313 785 quadraginta
1330 750 1357 776 in
1377 749 1576 777 claudicatione
1591 753 1683 777 trans-

53 796 143 828 καθὼς
176 795 284 831 προῖὼν
312 803 405 832 φησιν.
437 795 532 827 Οὐδεὶς
547 794 593 821 οὖν
620 794 702 822 αὑτὸν
715 795 743 820 ἐν
764 794 846 820 παντὶ

936 799 1000 825 erat,
1035 798 1064 820 ut
1097 798 1192 829 postea
1220 794 1318 829 inquit.
1346 793 1432 823 Nemo
1450 795 1526 822 illum
1555 799 1611 822 toto
1637 794 1683 821 illo

52 843 138 878 χρόνῳ
167 842 353 878 ἐθεράπευσε.
378 841 470 868 Ταῦτα
495 841 549 876 γὰρ
580 841 697 876 μάλιστα
725 839 845 867 δύσκολὰ

54 891 124 916 ἐστιν
139 890 220 924 ἇπερ
236 889 269 916 ἂν
283 890 314 915 ἐκ
329 889 440 923 γενετῆς
499 888 647 923 Ἑπίσημος
661 888 688 914 δὲ
698 885 754 923 ἦνὸ
764 887 844 922 ἀνὴρ,

55 935 104 961 ἀπὸ
117 943 149 961 τε
164 935 216 962 τοῦ
242 935 344 970 τρόπου
360 935 394 968 ¹⁹,
415 935 469 962 ἀπό
481 943 511 961 τε
522 934 569 961 τοῦ
598 933 712 966 πάθους.
724 931 791 960 Εἶτα
803 933 847 960 ῐνα

57 980 92 1015 μὴ
110 980 180 1015 δόξῃ
215 980 269 1006 ἀπὸ
298 979 469 1014 ταυτομάτου
490 979 570 1007 τοῦτο
582 978 716 1014 γίνεσθαι,
731 979 761 1004 οὑ
775 978 847 1013 λόγῳ

58 1027 134 1060 μόνον
161 1025 323 1060 Θεραπεὺει,
346 1025 416 1052 ἀλλὰ
448 1025 494 1052 καὶ
526 1025 604 1061 ιΤῆς
636 1024 725 1057 δεξιᾶς
755 1024 847 1060 χειρὸς

59 1073 170 1104 πιάσας,
194 1073 305 1108 ἤγειρεν
340 1072 438 1104 αὐτὸν,
450 1081 459 1098 t
476 1071 554 1107 φησι.
570 1071 625 1098 Καὶ
646 1070 725 1098 τοῦτο
736 1070 847 1105 ἐποίησε

57 1121 138 1155 δήλην
153 1120 207 1155 τὴν
227 1120 374 1147 ἀνάστασιν
387 1128 393 1135 ·
413 1120 588 1151 ἀναστάσεως
606 1119 661 1153 γὰρ
679 1116 734 1154 [ἦν]
753 1117 846 1144 εἰκών.

61 1164 134 1191 Οὕτω
147 1165 200 1191 καὶ
214 1165 228 1190 ὀ
239 1164 355 1199 Χριστὸς
371 1164 483 1199 ἐποίησε
494 1173 501 1180 ’
523 1164 653 1196 πολλάκις
667 1164 740 1199 λόγῳ
753 1163 847 1199 ἐθερά-

60 1218 153 1241 πευσε,
165 1210 299 1241 πολλάκις
312 1209 394 1245 ἔργῳ,
410 1209 538 1241 πολλάκις
548 1209 595 1236 καὶ
605 1209 654 1245 τὴν
670 1210 750 1244 χεῖρα
763 1217 848 1244 προσ-

62 1256 174 1290 ήγαγεν,
190 1256 258 1282 ὅπου
274 1253 343 1291 ἦσαν
369 1256 567 1290 ἀσθενέστεροι.
585 1253 652 1282 Εἶτα
669 1255 683 1281 ὁ
695 1254 791 1288 ἰαθεὶς,
817 1255 848 1280 οὐ

63 1302 140 1336 μόνον
155 1302 250 1333 ἁπλῶς
267 1301 438 1337 περιεπάτει,
466 1301 533 1328 ἀλλὰ
559 1302 605 1328 καὶ
635 1301 751 1335 ἅλμασιν
768 1300 850 1336 ὲχρῆη

64 1356 90 1373 το
110 1347 243 1383 σκιρτῶν,
266 1346 408 1382 πειράζων
426 1347 522 1373 ἑαυτὸν
536 1347 573 1382 μὴ
587 1346 664 1382 [ἄρα]
682 1346 774 1378 ἁπλῶς
792 1347 850 1372 ἐστι

64 1393 310 1428 τὸζγεγονός.Τινὲς
326 1393 354 1420 δέ
370 1401 462 1428 φασιν,
487 1392 529 1420 ὃτι
551 1393 642 1428 ἠγνόει
672 1392 844 1428 περιπατεῖν.

361 1486 450 1514 KEIM
455 1485 545 1513 ENON

99 1542 152 1570 Καὶ
177 1542 248 1570 εἶδεν
277 1543 358 1570 αὐτὸν
390 1544 545 1575 πᾶςὸλαὸς
566 1543 785 1579 περιπατοῦντα.
801 1545 850 1572 καὶ

69 1589 190 1617 ιὶνοῦντσ.
209 1590 255 1616 τὸν
269 1590 345 1618 Θεόν.
365 1589 566 1624 Ἐπεγίνωσκόν
579 1599 610 1616 τε
629 1590 721 1622 αὐτὸν.
750 1591 791 1617 ὅτι
805 1586 851 1617 οὗ-

71 1643 111 1667 τος
137 1634 171 1671 ἧν
185 1637 200 1663 ὁ
217 1636 285 1672 πρὸς
302 1636 351 1672 τὴν
377 1636 565 1672 ἐλεημοσύνην
596 1636 750 1671 καθήμενος
766 1637 795 1663 ἐν
816 1637 849 1672 τῇ

76 1681 165 1717 Ἡραίᾳ
197 1682 270 1718 πύλῃ
282 1681 329 1708 τοῦ
344 1681 418 1718 ἱεροῦ
429 1691 435 1697 ·
453 1683 500 1709 καὶ
528 1682 704 1718 ἐπλήσθησαν
727 1682 851 1717 θάμϐους

74 1728 113 1753 καὶ
123 1728 276 1759 ἐκστάσεως
290 1728 337 1754 ἐπὶ
351 1728 389 1763 τῷ
409 1727 595 1764 συμδεόηκότι
609 1726 695 1764 αὐτῷ.

370 1780 561 1810 ΕΡΜΗΝΕΙΛ.

104 1836 198 1870 Καλῶς
213 1846 306 1872 φησιν,
319 1837 359 1864 '6'“
375 1846 384 1863 ι
396 1837 593 1872 Ἐπεγίνωσκον
611 1838 702 1872 αὐτὸν,
718 1839 759 1866 ὅτι
773 1836 851 1871 οὗτος

74 1878 102 1917 ἦν
116 1884 129 1909 ὁ
145 1884 212 1919 πρὸς
226 1884 276 1919 τὴν
288 1883 473 1918 ἐλεημοσύνην
486 1883 640 1919 καθήμενος
651 1885 698 1911 ἐπὶ
711 1886 744 1920 τῇ
757 1885 852 1921 Ὡραίᾳ

76 1927 138 1963 πύλῃ
150 1936 157 1944 σ
166 1939 174 1954 ι
188 1929 219 1954 οὗ
235 1929 288 1965 γάρ
299 1937 357 1960 πως
370 1928 410 1955 ἐτι
424 1928 586 1963 ὲγνωρὶζετο
596 1931 750 1964 μετέπειτα.
760 1929 852 1967 Ταύτῃ

75 1975 122 2009 γὰρ
129 1977 160 2010 τῇ
171 1976 243 2007 λέξει
255 1975 415 2010 κεχρήμεθα
425 1976 531 2002 ἐπὶτῶν
543 1975 618 2011 μόλις
634 1976 852 2011 γνωριζομένων.

80 2021 169 2048 ’ἰστέον
180 2022 209 2048 δὲ
216 2023 256 2048 ὅτι
269 2021 317 2047 καὶ
329 2019 416 2054 οὗτος,
430 2021 474 2048 διὰ
487 2021 565 2048 τοῦτο
581 2021 748 2057 προσήδρευε
761 2023 793 2056 τῇ
806 2021 852 2048 τοῦ

75 2065 324 2103 Σολομῶντοςιποᾷ,
336 2069 400 2099 ἴσως
409 2068 529 2102 οἰόμενος
540 2067 681 2100 τεύξεσθαι
692 2076 762 2098 τινος
771 2068 799 2094 θε
804 2077 852 2103 ρα-

78 2114 147 2145 mia;
161 2114 208 2140 ἐπὶ
221 2115 253 2149 τῇ
267 2113 313 2140 τοῦ
330 2113 440 2148 Σιλωὰμ
461 2113 649 2149 κολυμϐήθρᾳ,
674 2113 765 2144 καθὼς
781 2114 853 2147 καὶρ

77 2160 214 2192 τριάκοντα
227 2159 276 2185 καὶ
288 2159 361 2185 ὀκτὼ
372 2160 420 2193 ἐτη
433 2159 503 2194 ἔχων
516 2159 677 2193 παρὰλυτος,
688 2160 717 2186 ὃν
732 2160 824 2186 ἰάσατο
839 2161 853 2186 ὁ

78 2204 172 2239 Σωτήρ.
185 2206 233 2232 ’ον
243 2206 266 2231 ol
282 2205 426 2231 ἀπόστολοι
449 2205 550 2240 Πέτρος
562 2206 609 2231 καὶ
624 2206 741 2240 Ιωάννης
756 2205 854 2237 ἰδόντες

79 2248 105 2284 [ί.
118 2251 175 2277 add.
190 2251 239 2277 καὶ
253 2251 376 2287 γνόντες]
396 2251 444 2285 τὴν
458 2251 547 2277 αἰτίαν
561 2251 609 2286 τῆς
623 2252 796 2287 προσεδρίας,
812 2253 853 2279 ὅτι

80 2297 168 2332 καίπερ
179 2297 336 2333 προσαιτῶν
347 2297 489 2333 ἐπορίζετο
498 2298 547 2333 τὴν
555 2298 669 2333 τροφὴν,
680 2299 731 2324 οὐκ
743 2299 853 2332 ἀπέγνω

80 2341 120 2375 τῆς
135 2343 291 2378 Θεραπειας,
314 2343 501 2378 ἐθεράπευσαν
517 2345 599 2370 αὑτὸν
624 2345 670 2371 ἐπὶ
686 2345 724 2379 τῷ
740 2344 852 2379 ὀνόματι

82 2387 119 2412 τοῦ
131 2389 258 2424 Χριστοῦ.
279 2399 287 2415 t
303 2389 403 2416 Τοῦτον
418 2390 484 2425 γὰρ,
498 2391 590 2425 φησὶν,
610 2390 639 2417 ὃν
660 2390 787 2425 Θεωρεῖτε
805 2391 853 2417 καὶ

81 2432 166 2466 οῖδα-ιε,
198 2435 348 2470 ἐστερέωσε
361 2437 391 2462 τὺ
401 2436 486 2472 ὗνομα
512 2436 594 2463 αὐτοῦ
607 2445 614 2452 ·
633 2437 681 2463 καὶ
699 2437 715 2471 ή
732 2437 821 2467 πίστις
835 2436 851 2471 ἡ

112 2521 130 2536 ¹¹
142 2521 218 2551 Joan.
241 2532 277 2556 Ix,
293 2525 318 2551 7.

899 845 1020 875 tempore
1034 845 1193 869 curaverat:
1212 842 1281 868 mala
1298 842 1371 869 enim
1398 849 1414 868 a
1443 842 1586 869 nativitate
1613 840 1684 868 ditii-

898 886 999 914 cillima
1017 891 1092 914 sunt.
1107 885 1191 914 Valde
1214 891 1304 914 autem
1331 890 1413 914 notus
1436 891 1496 914 crat
1523 887 1563 914 vir
1588 887 1633 914 ille
1657 891 1686 914 ct

898 939 913 959 a
929 932 992 960 loco
1007 936 1034 960 et
1052 932 1086 960 ab
1109 933 1277 961 inﬁrmitate.
1302 933 1403 961 Deinde
1418 941 1452 962 ne
1464 933 1603 961 videretur
1633 933 1685 960 hoc

898 983 995 1014 sponte
1012 986 1061 1006 sua
1074 978 1188 1012 factum,
1206 986 1260 1007 non
1283 980 1343 1008 solo
1360 986 1488 1008 sermone
1510 983 1606 1012 curat;
1636 979 1684 1007 scd

902 1033 911 1050 ε
926 1025 1102 1060 Apprehensa
1116 1034 1197 1053 manu
1212 1026 1272 1060 ejus
1284 1026 1407 1059 dextera,
1429 1027 1556 1054 allevavit
1577 1034 1653 1059 eum,
1672 1036 1682 1053 ›

900 1071 999 1106 inquit.
1019 1070 1058 1099 Ex
1078 1072 1128 1099 hoc
1145 1072 1318 1100 manifestam
1344 1072 1409 1100 fecit
1436 1073 1684 1106 resurrectionem;

899 1122 959 1144 erat
986 1117 1088 1153 quippe
1120 1118 1333 1146 resurrectionis
1355 1119 1455 1154 imago.
1481 1119 1543 1146 Pari
1574 1119 1684 1146 ratione

899 1163 982 1190 etiam
995 1163 1122 1191 Christus
1134 1171 1164 1191 se
1178 1165 1272 1199 gessit.
1292 1164 1370 1200 Stepe
1384 1165 1478 1196 verbo,
1506 1172 1579 1200 sazpe
1599 1165 1682 1192 etiam

901 1209 973 1236 facto
989 1209 1113 1240 curabat,
1139 1215 1221 1245 atque
1237 1209 1433 1238 inﬁrmioribus
1457 1217 1568 1237 manum
1597 1210 1680 1238 etiam

901 1255 1068 1290 porrigebat.
1085 1255 1172 1284 Porro
1189 1255 1305 1284 claudus
1319 1256 1363 1283 ille
1379 1261 1494 1284 sanatus
1523 1263 1577 1283 non
1595 1256 1684 1284 solum

901 1301 1069 1335 ambulabat,
1091 1301 1139 1330 scd
1165 1302 1247 1330 etiam
1275 1303 1422 1331 exsiliebat
1447 1310 1502 1338 przc
1518 1303 1630 1339 gaudio,
1651 1310 1687 1331 ac

901 1346 1053 1374 exsiliendo
1076 1347 1210 1380 tentabat,
1241 1355 1306 1374 num
1330 1348 1442 1375 omnino
1459 1353 1570 1376 sanatus
1598 1354 1682 1376 esset.

902 1391 1018 1426 Quidam
1056 1398 1146 1421 autem
1185 1394 1291 1426 dicunt,
1328 1402 1389 1423 eum
1425 1395 1552 1424 incedere
1593 1396 1684 1424 nesei-

902 1439 987 1466 visse.

1165 1486 1247 1522 gos
1270 1485 1419 1516 remus.

936 1539 979 1574 Ill,
999 1541 1026 1573 9,
1040 1540 1085 1569 l0.
1097 1541 1130 1568 Et
1145 1541 1214 1568 vidit
1230 1542 1320 1570 omnis
1333 1542 1450 1577 populus
1463 1550 1525 1570 eum
1542 1542 1687 1571 ambulan-

901 1591 953 1615 tem
981 1591 1008 1615 et
1033 1587 1190 1616 laudantem
1221 1588 1316 1616 Deum.
1347 1589 1555 1624 Cognoscebant
1593 1595 1685 1618 autent

900 1633 988 1667 illum,
1000 1633 1074 1669 quod
1091 1635 1149 1669 ipse
1161 1638 1231 1666 erat,
1242 1635 1288 1670 qui
1303 1635 1336 1662 ad
1350 1635 1551 1671 eleemosynam
1575 1628 1689 1664 se‘debat

901 1679 934 1707 ad
955 1679 1112 1715 Speciosam
1131 1685 1237 1715 portam
1259 1681 1373 1716 templi:
1389 1686 1416 1709 et
1428 1681 1530 1716 impleti
1547 1687 1612 1710 sunt
1629 1687 1688 1710 stu-

902 1733 968 1761 pore
997 1730 1024 1754 et
1044 1727 1159 1760 exstasi,
1173 1727 1201 1754 in
1216 1734 1249 1755 eo
1265 1727 1337 1762 quod
1357 1727 1512 1764 contigerat
1528 1728 1578 1758 illi.

1148 1781 1436 1811 COMMENTARIUS.

937 1837 1020 1864 Recte
1043 1836 1141 1872 inquit,
1159 1837 1233 1872 quad
1251 1846 1261 1862 ‹
1278 1836 1488 1872 Cognoscebant
1512 1839 1600 1871 illum,
1615 1839 1686 1874 quod

903 1882 961 1917 ipse
980 1886 1051 1915 erat,
1063 1881 1110 1916 qui
1128 1882 1161 1909 ad
1177 1882 1378 1918 elcemosynam
1399 1883 1510 1911 sedebat
1528 1884 1561 1911 ad
1576 1884 1688 1919 Specio-

903 1935 962 1954 sam
990 1931 1096 1962 portam
1134 1928 1244 1962 templi,
1270 1937 1280 1953 ο
1310 1928 1373 1962 quia
1405 1933 1499 1963 postea
1529 1936 1597 1963 pene
1631 1937 1686 1957 nan

904 1974 1021 2010 amplius
1032 1974 1264 2009 diguoscebatur:
1284 1974 1335 2001 hac
1366 1974 1439 2001 enim
1458 1981 1524 2001 voce
1536 1975 1639 2001 utimur
1653 1975 1688 2002 de

903 2022 937 2049 iis
961 2021 1007 2057 qui
1038 2021 1082 2048 vix
1111 2024 1326 2056 cognoscuntur.
1361 2020 1508 2048 Sciendum
1545 2029 1609 2048 vero
1645 2027 1687 2049 est

903 2067 1007 2095 idcirco
1024 2066 1142 2094 fortasse
1157 2074 1219 2095 eum
1228 2066 1334 2095 sedisse
1349 2066 1377 2093 in
1393 2067 1499 2102 porticu
1521 2066 1685 2100 Salomonis.

905 2112 978 2148 quod
1011 2116 1134 2147 speraret
1173 2113 1319 2140 sanitatem
1354 2120 1384 2140 se
1415 2108 1628 2140 consecuturum
1658 2114 1685 2141 in

904 2159 1068 2192 natatoriis,
1093 2166 1142 2187 seu
1173 2159 1280 2194 piscina
1306 2157 1429 2191 Siloa“.
1454 2159 1686 2194 quemadmodum

903 2205 1069 2240 paralyticus
1083 2205 1128 2233 ille
1143 2206 1191 2240 qui
1223 2205 1340 2233 habebat
1363 2206 1475 2241 triginta
1486 2210 1513 2234 et
1527 2211 1588 2234 octo
1598 2213 1687 2233 annos

905 2251 931 2277 in
950 2251 1109 2278 inﬁrmitate
1142 2258 1203 2284 sua,
1232 2258 1313 2286 quem
1329 2252 1437 2279 sanavit
1449 2252 1594 2280 Dominus.
1609 2252 1687 2279 Illum

905 2304 970 2332 ergo
985 2304 1047 2324 cum
1068 2297 1201 2325 vidissent
1216 2296 1314 2325 Petrus
1327 2301 1355 2325 et
1369 2297 1503 2329 Joannes.
1519 2305 1689 2332 causamque

905 2347 1072 2377 compertam
1096 2344 1238 2376 haberent,
1267 2343 1302 2370 ob
1334 2350 1416 2377 quam
1448 2343 1515 2369 inibi
1545 2344 1688 2374 assideret.

904 2389 1009 2417 Scilicet
1030 2394 1059 2417 ttt
1075 2397 1128 2417 non
1159 2390 1248 2418 solum
1272 2390 1389 2425 petendo
1412 2389 1514 2416 victum
1539 2390 1589 2417 sibi
1611 2397 1688 2417 com-

903 2439 1025 2472 pararet,
1057 2436 1103 2463 sed
1120 2437 1183 2471 quia
1216 2437 1249 2464 de
1273 2437 1392 2464 sanitate
1417 2437 1602 2471 recuperanda
1632 2444 1687 2464 non

645 2593 746 2624 Varire
768 2593 921 2624 lectiones
945 2596 975 2624 et
997 2597 1092 2624 notae.

127 2638 147 2656 ¹³
161 2640 271 2677 χωλείᾳ.
310 2642 333 2658 ¹⁸
350 2641 444 2670 τόπου.

115 2717 181 2760 (wh
205 2719 243 2760 ita
273 2721 379 2757 corrigo
411 2729 445 2749 ex
481 2721 688 2758 Cbrysostomo.
719 2721 748 2748 ln
787 2721 846 2749 codi

938 2725 1012 2749 Ostro
1048 2712 1201 2750 habebatur
1228 2723 1337 2758 λέγεται
1367 2724 1396 2751 δὲ
1432 2725 1556 2760 σημεῖον,
1589 2725 1636 2760 ἀφ’
1657 2724 1689 2754 οὗ

88 2751 160 2780 πάντα
174 2755 293 2790 ἐκίνησε.
