1858 3057
235 220 288 252 8&3

694 220 982 251 THEOPHYLACTI
998 221 1203 252 BULGARUE
1223 222 1401 252 ARCHIEP.
1789 225 1828 257 88$

236 285 303 305 vero
331 277 413 309 Deus,
434 278 493 312 ipse
519 278 664 313 utriusque
698 279 817 307 instituti
841 285 939 308 auctor
964 290 969 307 ι

1073 280 1147 307 Καοὸ
1171 281 1199 307 δὲ
1218 281 1283 312 Θεὸς
1296 278 1340 316 ἦν,
1361 281 1442 312 αὐτὸς
1455 278 1489 316 ἦν
1505 281 1638 315 ἑκατέρας
1655 281 1782 315 πολιτεῖαί
1791 285 1828 310 δω.

236 323 315 350 llunc
339 328 365 349 et
378 322 460 350 David
478 327 609 358 expetens
626 324 660 352 ad
680 324 762 352 Deum
777 325 884 354 diccbat
893 326 917 342 "
929 335 935 353 ε
947 326 1018 353 Con-

239 369 332 401 stittte,
365 368 489 400 Domine,
508 369 689 404 legislatorem
707 379 791 406 super
808 379 866 399 eos.
885 381 893 397 ι
916 371 1019 399 Deinde

236 413 380 450 subjungit
406 415 520 442 exitium
536 416 662 450 illorum,
683 417 730 452 qui
746 417 856 445 Christo
886 418 1018 445 credituri

233 467 289 488 non
305 465 394 494 erant,
405 461 518 490 dicens:
530 472 539 488 ι
551 463 610 490 Erit
632 469 734 498 autem,
748 464 838 492 omnis
849 465 950 498 anima,
959 473 1019 499 qua:

234 513 291 534 non
320 507 438 535 audierit
451 508 533 543 209
545 510 701 544 prophetam
718 510 805 544 illum,
821 511 1019 538 exterminabi-

236 558 281 580 tur
301 553 335 582 de
355 554 442 589 plebe.
463 564 472 580 ι
501 554 635 588 Quoniam
656 563 722 584 vero
741 557 831 585 anima
857 557 1019 584 immortalis

234 604 288 632 est,
312 601 492 628 exterminari
510 601 686 637 intelligitur,
702 610 764 630 cum
781 604 905 638 privatur
926 603 1017 635 bonis,

235 653 307 679 qmr,
321 646 343 674 si
357 651 430 674 recte
437 647 550 682 egisset,
560 653 744 677 consecutura
756 653 825 678 erat.
838 649 909 677 «Vos
922 649 1016 677 estis.»

235 691 305 725 Quia
320 697 431 728 propter
454 695 630 722 commissum
647 695 753 723 facinus
767 696 794 723 in
807 696 948 724 Christum
970 704 1019 729 pu-

232 739 324 765 tabant
342 747 371 766 sc
397 739 502 768 alienos
514 740 601 769 factos
616 749 687 774 esse,
697 749 746 769 seu
763 743 878 770 omnino
889 749 904 768 a
917 742 1019 769 divinis

232 784 465 818 promissionibus
481 785 630 819 excidisse,
647 792 674 814 et
690 787 788 814 rationi
801 792 1017 815 consentaneum

232 830 306 857 haud
320 837 380 858 esse
403 831 493 864 ipsum
521 839 594 859 nunc
618 832 729 867 quidem
754 833 788 860 ab
815 833 870 860 illis
885 833 1016 868 cruciﬁgi,

233 883 309 902 nunc
324 883 388 902 vero
401 876 462 903 illos
474 881 604 912 tanquam
631 877 780 906 familiares
796 887 909 911 curare,
925 884 1015 907 osten-

232 921 273 947 dit
284 925 431 957 utrumque
439 924 590 950 secundum
599 924 769 958 prophetiam
779 932 872 952 verum
880 925 1016 958 esseni}:

234 967 266 994 Et
275 967 332 1002 jam
342 968 419 1002 olim,
432 969 529 1004 inquit,
542 970 620 998 vobis
631 970 752 998 debitum
769 975 837 1003 erat,
848 976 878 998 ut
889 971 914 998 in
928 971 1016 1005 ipsum

232 1013 403 1042 crederetis:
419 1024 429 1041 ι
444 1013 499 1042 Vos
524 1016 595 1043 enim
616 1017 683 1044 estis
711 1016 758 1044 ﬁlii
776 1017 971 1052 prophetarum
990 1020 1017 1044 et

232 1060 403 1092 testamenti.
415 1061 488 1096 quod
498 1061 635 1096 disposuit
651 1062 720 1089 Deus
730 1061 763 1089 ad
774 1066 866 1097 patres
878 1067 1013 1095 nostros,u

230 1104 283 1132 hoc
297 1111 349 1138 est,
365 1105 418 1133 Vos
435 1107 503 1134 estis
515 1107 637 1135 haerech
654 1108 793 1139 omnium,
814 1116 875 1142 quze
890 1117 1017 1143 praenun-

230 1150 335 1178 tiarunt
361 1152 517 1187 prophetae;
534 1157 561 1180 et
580 1157 757 1188 propter'vos
781 1155 874 1182 omnia
897 1155 1017 1189 contige-

230 1201 306 1223 runt.
323 1195 357 1224 Ut
383 1202 473 1226 autem
486 1198 631 1227 crederent
650 1200 686 1227 ita
704 1204 731 1227 et
744 1200 800 1228 Deo
816 1200 912 1233 videri,
923 1201 1016 1228 subdit

230 1242 312 1269 etiam
324 1243 397 1271 aliud
412 1245 612 1279 testimonium,
630 1246 731 1274 docens
742 1246 769 1274 in
781 1247 892 1275 Christo
908 1257 916 1274 ι
931 1247 1014 1275 bene-

230 1288 361 1316 dicendas
380 1297 440 1317 esse
454 1298 550 1319 omnes
567 1291 685 1320 familias
701 1298 799 1320 terrae:
816 1302 825 1318 ›
843 1297 869 1320 et
886 1301 935 1319 vos
954 1294 1015 1328 qui-

229 1334 292 1360 dem
317 1334 448 1368 primum,
466 1335 568 1371 inquit,
597 1337 644 1372 qui
667 1338 743 1364 cruci
759 1346 821 1366 eum
841 1339 974 1370 aﬂixistis,
993 1340 1014 1366 si

230 1383 323 1407 tamen
340 1381 374 1408 ab
389 1381 582 1414 iniquitatibus
595 1383 694 1410 vestris
714 1384 926 1411 convertamini.

391 1424 469 1452 Feria
483 1426 498 1452 5
512 1426 688 1454 hebdomadas
699 1427 838 1454 secundae.

229 1467 268 1492 De
279 1467 456 1495 sollicitudine
466 1469 619 1504 pontiﬁcum
633 1470 664 1497 ob
675 1471 703 1498 id
718 1471 787 1504 quod
797 1471 897 1506 factum
909 1478 975 1504 erat,
990 1478 1014 1499 et

264 1513 423 1546 dijudicatio
437 1513 469 1541 de
486 1515 627 1549 miraculo,
652 1516 726 1545 Petri
735 1518 796 1544 item
811 1518 940 1549 confessio
953 1520 1012 1546 uir—

267 1559 334 1586 tutis
343 1564 367 1586 et
383 1561 477 1594 gratim
494 1561 604 1589 Christi.

546 1653 697 1682 TEXTUS.

265 1692 311 1726 IV,
328 1693 403 1722 l—lO.
420 1694 606 1730 Loquentibus
630 1702 719 1725 autem
747 1698 801 1726 illis
825 1700 859 1726 ad
873 1701 1015 1735 populum,
1041 1734 1044 1738 ι

230 1745 447 1774 supervenerunt
473 1742 630 1770 sacerdotes
651 1746 678 1770 et
692 1743 868 1778 magistratus
883 1747 974 1781 templi
989 1751 1018 1775 et

231 1784 382 1819 Sadducazl,
390 1787 513 1815 dolentes
523 1788 594 1823 quod
605 1789 732 1817 docerent
743 1791 871 1826 populum
880 1795 907 1818 et
915 1799 1018 1820 annun-

230 1832 329 1861 tiarent
342 1832 437 1862 iuJesn
452 1836 679 1864 resurrectionem
686 1843 718 1864 ex
732 1838 857 1866 mortuis.
871 1837 904 1866 Et
914 1838 1017 1873 iujece-

230 1884 294 1906 runt
310 1879 338 1906 in
351 1887 398 1908 eos
413 1887 521 1914 manus,
531 1886 558 1908 et
569 1886 719 1917 posuerunt
728 1890 776 1910 eos
790 1884 817 1911 ln
825 1884 978 1912 custodiam
988 1885 1014 1912 in

229 1926 462 1958 crastinum;erat
476 1928 549 1954 enim
561 1928 618 1962 jam
631 1936 754 1965 vespera.
769 1929 845 1957 Mulli
860 1935 951 1958 autem
968 1938 1016 1958 eo-

229 1977 288 1996 rum
301 1971 347 2005 qui
362 1971 633 2005 audierantverbum,
645 1974 865 2008 erediderunt,et
876 1974 964 2003 factus
974 1981 1014 2002 cst

228 2022 361 2043 numerus
378 2017 499 2045 virorum
521 2018 644 2054 quinque
659 2020 755 2048 millia.
774 2020 888 2048 Factum
906 2027 948 2049 est
967 2029 1014 2051 au-

229 2066 282 2090 tem
299 2062 326 2089 in
338 2063 502 2097 crastinum,
519 2069 548 2091 ut
560 2071 793 2101 congregarentur
809 2067 948 2101 principes
965 2074 1012 2094 eo-

228 2114 290 2133 rum
304 2111 331 2133 et
348 2107 472 2136 seniores
489 2114 514 2136 et
529 2108 632 2138 Scribat
653 2110 679 2137 in
692 2109 854 2138 Jerusalem.
875 2112 908 2138 Et
920 2113 1013 2140 Annas

212 2151 356 2186 ,princeps
380 2153 563 2187 sacerdotum,
578 2159 605 2182 et
629 2155 759 2190 Caiphas,
782 2160 809 2184 et
823 2155 958 2190 Joannes,
986 2161 1014 2184 ct

228 2197 394 2230 Alexander,
407 2205 434 2226 et
446 2203 581 2234 quotquot
589 2205 668 2228 erant
683 2201 716 2229 de
728 2210 826 2237 genere
837 2203 1011 2230 sacerdotali.

229 2241 264 2268 Et
284 2245 436 2271 statuentes
452 2251 501 2272 eos
517 2244 544 2271 in
557 2245 660 2279 medio,
675 2246 899 2282 interrogabant:
914 2248 942 2275 ln
958 2256 1011 2282 qua

1070 325 1132 360 τήρ.
1159 325 1259 352 Τοῦτον
1283 325 1421 360 ἐπιζητῶν
1448 326 1494 352 καὶ
1520 326 1612 359 Δαόὶδ,
1635 327 1703 362 πρὸς
1724 327 1763 353 τὸν
1779 328 1828 355 Si?»

1070 370 1145 404 ἔλεγε
1154 391 1162 403 ,
1176 380 1185 396 ι
1199 371 1388 405 Κατάστησον,
1401 371 1498 406 Κύριε,
1511 372 1660 407 νομοθέτην
1675 373 1825 405 ὲπἀὖτοὺ;.ι

1071 414 1139 443 Εἶτα
1150 416 1248 450 ἐπάγει
1260 417 1307 443 τὸν
1322 416 1433 452 ὀλεθρον
1448 417 1503 444 τῶν
1517 417 1668 452 μελλόντων
1682 418 1792 445 ἀπειθεῖν
1801 421 1828 454 τῴ

1069 462 1190 497 Χριστῷ,
1201 462 1304 496 λέγων’
1325 472 1334 488 t
1356 463 1452 489 Ἔσται
1474 463 1513 496 δὲ,
1539 464 1613 490 πᾶσα
1632 463 1716 498 ψυχὴ,
1732 464 1783 499 ἣτις
1793 467 1830 492 clx

1069 507 1182 536 ἀκούσει
1195 507 1242 534 τοῦ
1260 509 1398 543 προφήτου
1416 509 1533 541 ὲκεὶνου,
1553 509 1794 544 ἐξελοθρευῡήσεται
1807 513 1830 537 ἐκ

1068 554 1116 582 τοῦ
1130 554 1195 583 λαοῦ
1211 554 1305 590 αὐτῆς.
1326 564 1335 580 ι
1363 555 1440 581 Ἐπεὶ
1454 555 1481 581 δὲ
1498 554 1632 587 ἀθάνατός
1649 556 1748 590 ἐστινὴ
1764 556 1830 591 ψυχὴ,

1071 601 1261 634 ἐξολόορευσιν
1285 601 1370 636 αὐτῆς
1393 601 1517 636 νοοῦμεν,
1538 601 1570 628 τὸ
1584 602 1636 634 ἔξω
1658 602 1777 636 γενέσθαι
1789 603 1830 628 τῶν

1069 647 1190 681 ἀγαθῶν,
1210 644 1248 674 ὧν
1262 647 1380 682 ἠμελλεν
1395 646 1540 674 ἀπολαύειν
1557 648 1581 675 εἱ
1609 647 1699 678 καλῶς
1715 647 1833 673 ἐπολιτεύ-

1070 700 1146 719 σατο.
1166 701 1175 717 ι
1201 691 1296 726 Ὑμεῖς
1317 693 1389 718 ἐστε.
1405 703 1414 717 ι
1442 691 1551 727 Ἐπειδὴ
1573 691 1616 718 διὰ
1637 691 1668 718 τδ
1685 692 1800 727 τόλμημα
1812 693 1833 719 τὸ

1069 739 1108 770 εἰς
1125 738 1243 773 Χριστὸν
1270 737 1396 772 ἐνόμιζον
1424 738 1535 769 ἑαυτοὺς
1565 737 1770 773 [ἠλλοτριῶσθαι
1793 739 1834 763 τῶν

1069 782 1250 817 ἐπαγγελιῶν,
1277 784 1324 809 καὶ
1350 784 1399 810 οὐκ
1424 783 1481 818 ἔχει
1508 783 1597 817 λόγον,
1625 783 1674 809 νῦν
1701 784 1748 817 μὲν
1769 784 1834 809 αὑτὸν

1069 828 1281 864 ὲσταυρῶσθαι],
1323 828 1370 855 νῦν
1394 828 1422 855 δὲ
1458 829 1497 859 ὡς
1532 828 1649 860 οἰκείους
1680 827 1834 863 θεραπεύειν,

1068 875 1173 906 δεικνὺς
1186 876 1220 907 ¹¹,
1247 874 1289 901 ὃτι
1310 874 1357 901 καὶ
1381 875 1471 900 ἐκεῖνο
1497 874 1568 900 κατὰ
1596 874 1777 909 προφητείαν,
1799 875 1836 900 καὶ

1068 921 1157 954 τοῦτο,
1171 921 1218 947 καὶ
1242 920 1416 947 ὃτιἊνωΟεν
1440 921 1506 955 ἡμῖν
1525 921 1548 936 ¹¹
1576 919 1719 954 ὡφεῖλετο,
1746 920 1775 946 τὸ
1801 921 1838 946 καὶ

1069 968 1142 1003 ἡμεῖς
1152 967 1175 983 ’³
1191 966 1336 994 πιστεῦσαι
1360 968 1401 998 εἷς
1416 966 1507 994 αὐτόν.
1528 976 1537 992 ‹
1549 966 1643 1001 Ὑμεῖς
1661 966 1716 1001 γάρ
1742 967 1796 992 ἐστε
1818 967 1837 992 et

1069 1014 1122 1040 υἱοὶ
1137 1014 1190 1040 τῶν
1205 1013 1364 1048 προψητών,
1385 1013 1432 1040 καὶ
1457 1013 1506 1048 τῆς
1521 1012 1670 1047 Διαῦήκης,
1693 1010 1728 1048 ἦς
1751 1012 1840 1038 διέῦετο

1067 1059 1154 1091 ὁθεδς
1167 1059 1234 1094 πρὸς
1249 1059 1311 1090 τοὺς
1320 1058 1441 1093 πατέρας
1455 1058 1543 1092 ὑμῶν,
1558 1066 1567 1083 ι
1579 1058 1730 1091 τουτέστιν,
1744 1057 1837 1091 Ὑμεῖς,

1066 1105 1128 1131 ἐστε
1154 1105 1318 1140 κληρονόμοι
1345 1104 1465 1134 πάντων,
1479 1100 1518 1130 ὧν
1533 1103 1640 1138 ἔφησαν
1661 1104 1687 1129 οἱ
1704 1103 1840 1138 προφῆται,

1068 1152 1113 1178 καὶ
1126 1151 1159 1178 δι’
1175 1151 1247 1186 ὑμεῖς
1262 1151 1351 1178 πάντα
1375 1149 1497 1184 γέγονεν.
1521 1149 1579 1175 Ἵνα
1602 1149 1631 1175 δὲ
1658 1148 1840 1179 πιστεύσωσιν,

1066 1199 1107 1224 δτι
1122 1198 1168 1224 καὶ
1183 1197 1222 1232 τῷ
1237 1197 1295 1232 Θεῷ
1310 1195 1388 1223 τοῦτο
1401 1195 1486 1226 δοκεῖ,
1499 1195 1598 1228 ἐπάγει
1611 1195 1657 1221 καὶ
1671 1194 1767 1229 ἑτέραν
1781 1203 1841 1228 μειρ-

1066 1242 1162 1278 τυρίαν
1174 1242 1365 1274 διδάσκουσαν,
1382 1242 1411 1268 ὲν
1426 1240 1537 1276 Χριστῷ
1555 1250 1564 1266 ι
1579 1239 1753 1274 εὐλογεῖσθαι
1765 1240 1843 1268 πάσας

1066 1289 1114 1320 τὰς
1125 1288 1243 1324 πατριὰς
1259 1289 1306 1323 τῆς
1317 1288 1379 1322 γῆς,
1399 1287 1468 1313 »ικαὶ
1483 1287 1555 1322 ὑμᾶς
1571 1286 1680 1322 πρῶτον
1695 1286 1758 1317 τοὺς
1774 1293 1841 1311 sua.

1067 1335 1218 1370 ρώσαντας,
1239 1344 1247 1360 ι
1265 1335 1293 1361 ὲν
1315 1334 1354 1368 τῷ
1384 1333 1568 1368 ἀποστρέφειν
1593 1333 1711 1359 ἕκαστον
1727 1332 1779 1359 ἀπὸ
1800 1331 1845 1356 τῶν

1067 1380 1205 1415 πονηριῶν
1221 1379 1309 1414 ὑμῶν.
1326 1388 1335 1405 ι

1213 1425 1253 1460 Τῇ
1268 1424 1292 1459 γ’
1308 1425 1357 1459 τῆς
1375 1426 1504 1462 δευτέρας
1529 1422 1706 1458 Ἑϐδομάδος.

1071 1473 1122 1499 Ἑν
1148 1469 1172 1506 ᾧ
1198 1473 1265 1505 περὶ
1292 1471 1473 1504 ἐπιστασίας
1504 1470 1563 1497 τῶν
1591 1470 1759 1504 ἀρχιέρεων
1780 1466 1847 1499 ζήλῳ

1101 1518 1153 1545 τοῦ
1167 1517 1334 1552 πἐὶυνότος,
1355 1517 1403 1544 καὶ
1425 1517 1523 1551 κρίσις
1542 1516 1597 1543 τεῦ
1615 1515 1782 1548 θαύματος,
1804 1511 1846 1538 Πέ-

1100 1572 1171 1597 τρου
1198 1571 1229 1589 τε
1253 1563 1396 1597 ὁμολογία
1412 1561 1466 1596 τῆς
1485 1560 1614 1595 Χριστοῦ
1643 1558 1804 1594 δυνάμεώς
1823 1564 1847 1583 τε

1030 1613 1054 1644 c
1104 1607 1152 1634 καὶ
1167 1606 1297 1642 χάριτος.

1366 1651 1560 1679 KElMENON.

1105 1698 1264 1726 Λαλούντων
1282 1698 1311 1725 δὲ
1339 1697 1431 1725 αὐτῶν
1461 1697 1527 1732 προς
1546 1696 1592 1723 τὸν
1611 1695 1678 1722 λαὸν
1704 1696 1847 1729 ὲπέστησαι

1067 1745 1158 1777 αὐτοῖς
1180 1744 1205 1771 οἱ
1223 1744 1316 1779 ἱερεῖς,
1328 1743 1376 1770 καὶ
1390 1745 1404 1770 ὸ
1419 1744 1571 1778 στρατηγὸς
1593 1742 1639 1768 τοῦ
1668 1741 1762 1777 ἱεροῦ,
1779 1741 1822 1766 καὶ
1834 1740 1847 1764 ν

1068 1791 1253 1824 Σαδδουκαῖοι,
1269 1789 1477 1824 διαπονούμενοι
1495 1789 1539 1815 διὰ
1557 1790 1588 1815 τδ
1603 1788 1752 1815 διδάσκειν
1769 1787 1847 1813 αὐτοὶ

1066 1838 1112 1865 τὸν
1126 1837 1201 1869 λαὸν,
1224 1836 1271 1862 καὶ
1288 1835 1484 1870 καταγγέλλειν
1504 1836 1533 1862 ὲν
1554 1834 1593 1870 τῷ
1615 1833 1710 1868 Ἰησοῦ
1735 1833 1787 1868 τὴν
1802 1831 1847 1857 sua"

1068 1892 1163 1910 στατιν
1185 1883 1235 1918 τὴν
1259 1883 1290 1909 ὲκ
1315 1881 1431 1917 νεκρῶν.
1455 1882 1510 1908 Καὶ
1534 1880 1668 1907 ἐπέϐαλον
1692 1881 1793 1910 αὐτοῖς
1816 1877 1847 1903 τάκ

1067 1932 1171 1966 χεῖρας,
1192 1930 1239 1955 καὶ
1256 1928 1349 1955 ἔθεντο
1368 1927 1467 1959 αὐτοὺς
1489 1928 1529 1958 εἰς
1544 1928 1661 1962 τήρησιν
1689 1927 1734 1957 εἰς
1754 1926 1804 1959 τὴν
1818 1923 1844 1949 αὖ

1067 1983 1123 2010 ριον
1133 1983 1139 1988 ”
1153 1972 1187 2009 ἦν
1201 1973 1253 2008 γὰρ
1268 1973 1373 2008 ἑσπέρα
1384 1973 1443 2008 ήδη.
1460 1971 1556 1998 Πολλοὶ
1569 1971 1598 1997 δὲ
1613 1971 1668 1997 τῶν
1682 1970 1847 1998 ἀκουσάντω

1064 2021 1111 2047 τὸν
1127 2020 1204 2054 λόγον
1220 2019 1392 2050 ἐπίστευσαν,
1418 2018 1464 2044 καὶ
1491 2017 1606 2052 ἐγενήθη
1626 2017 1640 2043 ὁ
1662 2016 1794 2052 ἀριθμὸς
1813 2014 1847 2040 τῶ

1065 2065 1171 2102 ἀνδρῶν
1197 2065 1262 2091 ὡσεὶ
1282 2064 1402 2100 χιλιάδες
1425 2063 1517 2090 πέντε.
1540 2063 1666 2097 Ἐγένετο
1695 2063 1728 2089 δὲ
1759 2062 1807 2088 ἐπὶ
1821 2060 1847 2095 τὴ

1064 2111 1159 2146 αὔριον
1175 2111 1340 2146 συναχθῆναι
1353 2109 1443 2136 αὐτῶν
1454 2109 1517 2140 τοὺς
1529 2110 1665 2143 ἄρχοντας
1682 2109 1736 2134 καὶ
1749 2106 1847 2142 πρεσὸυ

1065 2158 1161 2193 τέρους
1175 2158 1216 2189 εἰς
1229 2156 1418 2192 Ἰερουσαλὴμ,
1431 2155 1478 2181 καὶ
1492 2155 1685 2190 Γραμματεῖς,
1706 2155 1759 2181 καὶ
1773 2154 1847 2181 'A'M

1063 2203 1110 2230 τὸν
1127 2202 1268 2238 ἀρχιερέα,
1282 2202 1329 2228 καὶ
1346 2200 1490 2234 Καϊάφαν,
1509 2199 1555 2225 καὶ
1573 2198 1723 2232 Ἰωάννην,
1738 2196 1847 2225 καὶᾺΠ

1066 2247 1192 2283 ξανδρον,
1209 2246 1257 2273 καὶ
1268 2246 1325 2272 ὅσοι
1340 2243 1409 2280 ἦσαν
1423 2246 1454 2271 ὲκ
1467 2244 1563 2278 γένους
1578 2243 1804 2278 ἀρχιερατικοῦ,
1817 2242 1847 2269 Kl

229 2287 343 2322 virtute,
364 2293 412 2316 aut
426 2290 453 2317 in
469 2297 524 2325 qtto
537 2291 649 2319 nomine
664 2291 770 2320 fecistis
782 2281 834 2320 hoc
848 2294 918 2321 vos?
936 2293 969 2321 Τι

1073 2281 1215 2328 κτήσαντες
1233 2291 1334 2322 αὐτοὺς
1356 2291 1385 2317 ὲν
1408 2291 1482 2326 μέσῳ
1507 2289 1717 2316 ἐπυνθάνοντο-
1740 2289 1788 2315 Ἑν
1812 2288 1847 2314 ποί

228 2333 350 2369 repletus
367 2334 471 2370 Spiritu
490 2341 587 2364 sancto
607 2335 706 2365 Petrus
719 2337 789 2365 dixit.
803 2339 837 2366 ad
848 2346 896 2367 eos
910 2347 916 2365 :
938 2340 1016 2368 Prin-

227 2379 304 2414 cipes
316 2381 406 2416 populi
426 2386 453 2408 et
469 2382 604 2416 seniores,
621 2383 723 2410 audite.
744 2383 773 2411 Si
785 2392 836 2412 nos
849 2385 929 2412 hodie
941 2385 1015 2420 diju-

229 2425 354 2453 dicamur
371 2428 398 2454 in
414 2427 558 2456 benefacto
575 2428 696 2457 hominis
711 2429 812 2457 infirmi
828 2451 836 2463 ,
849 2431 877 2458 in
898 2438 952 2465 quo
966 2431 1016 2459 iste

229 2471 323 2499 salvus
342 2472 431 2499 factus
455 2477 515 2505 est.
543 2478 638 2502 notum
659 2475 695 2502 sit
718 2475 846 2503 omnibus
872 2476 959 2506 vobis.
990 2481 1018 2503 et

227 2517 301 2543 omni
327 2517 398 2552 plebi
413 2519 495 2553 210
510 2519 604 2551 Israel.
636 2521 700 2554 quia
727 2520 754 2548 in
771 2521 881 2549 nomine
902 2522 1011 2549 Domini

228 2561 316 2591 nostri
331 2561 395 2590 Jesu
413 2564 513 2591 Clu-isti
534 2564 688 2598 Nazareni,
706 2574 788 2601 quem
804 2575 854 2594 vos
868 2567 1012 2594 cruciﬁxi-

227 2609 288 2639 stis,
301 2616 382 2643 quem
404 2609 476 2637 Deus
491 2611 635 2639 suscitavit
662 2619 678 2639 a
693 2612 821 2645 mortuis,
840 2613 866 2639 in
889 2612 940 2640 hoc
962 2614 1012 2640 istc

227 2659 299 2683 astat
312 2663 404 2683 coram
421 2656 502 2687 vobis
515 2665 610 2685 sanus.

264 2755 419 2789 “Psal.tx,
435 2757 481 2784 21.

1064 2339 1187 2375 δυνάμει,
1205 2338 1222 2373 ἦ
1237 2338 1267 2365 ὲν
1280 2338 1350 2373 ποίῳ
1369 2337 1482 2371 ὀνόματι
1497 2337 1644 2370 ἐποιήσατε
1660 2335 1757 2362 τοῦτο
1777 2335 1847 2370 ὑμεῖς

1065 2385 1132 2412 Τότε
1149 2386 1162 2411 ὀ
1176 2383 1278 2419 Πέτρος
1292 2383 1423 2418 πλησθεὶς
1434 2381 1594 2417 Πνεῦμα-τος
1607 2381 1697 2415 ἁγίου
1721 2380 1789 2407 εἷπε
1808 2379 1847 2413 πρ)

1065 2432 1179 2464 αὐτούς’
1197 2432 1344 2466 Ἄρχοντες
1367 2429 1413 2456 τοῦ
1436 2428 1512 2462 λαοῦ,
1538 2429 1585 2455 καὶ
1610 2429 1814 2464 πρεαὸὑτεροι
1830 2436 1847 2452 τι

1072 2478 1193 2514 Ἰσραὴλ,
1208 2477 1233 2503 εἰ
1253 2477 1335 2511 ἡμεῖς
1354 2475 1474 2510 σήμερον
1492 2474 1709 2510 ἀνακρινόμεθα
1726 2476 1779 2501 ἐπὶ
1802 2474 1843 2499 εὺε

1066 2523 1146 2558 γεσὶᾳ
1159 2521 1305 2556 ἀνθρώπου
1327 2519 1468 2552 ἀσθενοῦς,
1493 2519 1523 2545 ὲν
1540 2519 1593 2545 τίνι
1609 2517 1698 2550 οὗτος
1719 2521 1847 2546 σέσωττα

1067 2567 1188 2602 γνωστὸν
1202 2566 1272 2592 ἔστω
1296 2565 1360 2599 ὑμῖν
1375 2564 1424 2591 καὶ
1441 2563 1523 2590 παντὶ⁵
1539 2563 1580 2599 τῷ
1598 2563 1658 2598 λαῷ
1684 2565 1706 2590 ‘l
1713 2564 1821 2600 σραὴλ,
1838 2563 1847 2589 ἓ

1067 2613 1096 2638 ἐν
1111 2612 1151 2647 τῷ
1164 2612 1275 2646 ὀνόματι
1298 2610 1345 2637 τοῦ
1368 2609 1455 2644 Ἰησοῦ
1471 2609 1590 2644 Χριστοῦ
1609 2608 1661 2634 τοῦ
1688 2609 1847 2644 Ναζωραὶι

1065 2660 1094 2685 ὃν
1114 2659 1193 2694 ὑμεῖς
1207 2655 1411 2692 ἐσταυρώσατε,
1427 2655 1457 2682 ὃν
1473 2655 1540 2686 Θεὸς
1556 2655 1678 2690 ἡγειρεν
1702 2657 1742 2682 ἐκ
1760 2655 1847 2689 νεκρᾶ

1067 2705 1094 2729 ἐν
1112 2703 1198 2738 τούτῳ
1209 2699 1286 2733 οὗτος
1300 2701 1473 2737 παρέστηκεν
1486 2699 1603 2726 ἐνώπιον
1617 2700 1710 2733 ὑμῶν
1728 2701 1828 2736 ὑγιής.

820 2802 920 2833 Variae
942 2803 1098 2835 lectiones
1121 2807 1151 2834 et
1173 2807 1267 2834 uotae.

262 2852 284 2869 ²¹
298 2852 443 2880 δείκνυσιν.
485 2855 507 2869 ³³
523 2854 567 2881 ἴσ.
595 2854 669 2888 ὑμῖν.
708 2853 731 2871 ³³
746 2853 789 2880 ισ.
810 2853 893 2887 ὑμᾶς.

262 2909 320 2944 (12)
341 2910 441 2938 Locum
472 2911 555 2942 hunc,
585 2916 614 2937 ut
644 2911 761 2944 videtur,
785 2915 948 2946 corruptum
973 2916 999 2938 et
1033 2915 1172 2949 mutilum,
1209 2924 1241 2943 ex
1278 2916 1372 2944 codice
1405 2915 1563 2944 Florentino
1589 2917 1756 2951 utcunque
1792 2924 1847 2944 eme

229 2945 294 2973 dare
310 2951 335 2973 ct
357 2948 459 2975 sarcire
476 2951 590 2974 conatus
604 2955 674 2973 sum.
