1858 3057
34 131 83 163 885

341 184 540 212 'El’MHNElA.

68 231 156 258 Πάλιν
168 230 350 266 δικαστηρίου
364 230 485 265 σχήματι
498 229 529 256 τὸ
544 230 659 264 πρᾶγμα
677 228 733 263 (15)
750 236 829 263 περι-

37 277 171 308 τιθέασιν,
189 277 236 303 ἵνα
255 275 419 306 ὑπευθύνους
432 275 530 306 αὐτοὺς
545 276 578 310 τῇ
592 275 676 310 ἀδίκῳ
694 275 831 310 καταστή-

40 331 100 349 σωσι
116 323 230 358 κρίσει.
266 322 403 357 Ἐνόμιζον
425 322 489 356 γὰρ,
514 322 558 348 διὰ
579 321 610 348 τὸ
627 321 726 357 πλῆθος
744 321 830 356 φοϐη-

40 369 131 400 οέντας
155 369 273 400 αὐτοὺς,
291 368 420 404 ἐξάρνους
440 367 579 402 γενέσθαι,
599 368 646 394 καὶ
665 367 695 394 τὺ
717 367 770 394 πᾶν
786 367 830 394 διὰ

39 415 114 441 τοῦτο
130 414 344 449 προσδοκῶντες
360 413 582 449 κατωρθωκέναι.
608 413 640 439 Τί
664 411 710 440 οὖν
730 422 829 448 φασινς

43 470 50 486 ι
74 460 118 486 Ἐν
141 461 217 496 ποίῳ
243 461 355 495 ὀνόματι
375 460 520 495 ἐποιήσατε
535 459 614 486 τοῦτο
636 460 733 494 fluet“
751 469 759 485 ι
776 459 831 488 Καὶ

40 507 66 532 οὐ
79 506 198 540 λέγουσι
218 507 305 538 ποῖον,
320 505 387 532 ἀλλὰ
412 505 594 539 ὲνσκιάζουσι,
612 507 649 541 μὴ
674 505 830 541 βουλόμενοι

41 552 113 578 τοῦτο
143 553 250 586 εἰπεῖν,
275 553 376 588 καίπερ
399 552 510 584 ειδότες,
534 553 578 579 διὰ
600 552 646 580 τὸν
667 553 740 580 λαόν.
765 553 830 580 Τότε

42 598 141 632 Πέτρος
174 598 310 633 μνησθεὶς
335 598 390 625 τῶν
400 598 453 634 -τοῦ
473 598 577 633 Κυρίου
598 598 684 632 λόγων
711 595 748 626 ὧν
764 599 831 633 πρὸς

41 643 136 674 αὖτοὺς
153 644 279 670 ἐποιεῖτο
305 643 412 677 λέγων’
446 652 456 669 ‹
476 644 560 670 Ὅταν
581 643 608 670 δὲ
635 643 738 678 ἄγωσιν
759 644 831 678 ὑμᾶς

42 690 78 719 εἰς
89 689 140 720 τὰς
155 689 340 724 Συναγωγὰς,
360 689 398 725 μὴ
418 690 605 725 μεριμνήσητε
619 690 688 721 πῶς,
708 689 724 725 ἢ
739 690 765 716 τι
781 689 831 716 λα-

42 736 136 769 ὶὴσετε
150 744 159 751 ’
181 736 213 762 τὺ
233 736 288 771 γὰρ
315 736 428 771 Πνεῦμα
447 735 494 763 τοῦ
513 736 618 771 Ila-spe;
636 736 713 771 ὑμῶν
730 737 788 762 ἐστι
802 738 832 762 τὸ

43 781 136 808 λαλοῦν
175 783 207 808 ὲν
241 783 323 818 ὑμῖν·
359 792 368 809 ι
401 782 532 818 πλησθεὶς
563 782 722 817 Πνεύματος
753 783 831 817 ἁγίου

42 826 97 854 εἷπε
123 828 198 863 πρὸς
220 826 337 860 αὑτδύςν
360 829 485 856 Μάλιστα
509 829 558 864 μὲν
583 829 666 864 ἐχρῆν
683 829 831 863 στεφανοῦ-

45 873 102 900 σθαι
115 874 198 908 ἡμᾶς
212 875 259 901 ἐπὶ
272 873 387 907 τούτοις,
405 874 453 901 καὶ
468 874 505 905 ὡς
520 874 666 908 εὐεργέτας
677 874 831 910 ἀνακηρύτ-

44 918 146 945 τεσθαι,
177 917 255 945 Ἐπεὶ
271 919 357 946 δὲκαὶ
373 928 382 945 ‹
399 920 549 955 κρινόμεοα
568 919 612 946 ἐπ’
626 919 771 956 εὐεργεσίᾳ
786 922 833 947 ἁν-

42 963 152 997 ῡρὼπου
167 964 311 996 ἀσθενοῦς,
330 973 339 989 ι
356 965 382 991 τί
401 964 441 992 δεῖ
458 967 560 998 ποιείν;
581 964 630 992 νῦν
648 966 744 1001 καιρός
759 967 833 993 ἐστιν

45 1009 250 1045 ἀνακηρύττειν
264 1010 309 1037 τὸν
324 1011 488 1046 Εὐεργέτην.

340 1056 533 1082 ΚΕΙΜΕΝΟΝ.

76 1097 166 1132 Οὗτός
181 1101 255 1128 ἐστιν
270 1103 284 1128 ὁ
299 1101 372 1133 λίθος
385 1103 399 1129 ὸ
420 1101 610 1134 ἑξουδενωθεὶς
625 1103 671 1138 ὑφ’
689 1103 765 1140 ὑμῶν
779 1105 833 1132 τῶν

45 1146 272 1181 οἱκοδομοῦντων,
301 1148 315 1173 ὸ
339 1148 484 1183 γενόμενος
511 1149 551 1180 εις
571 1149 692 1184 κεφαλὴν
715 1150 832 1184 γωνίας·

48 1192 91 1218 καὶ
108 1193 162 1219 οὐκ
180 1194 255 1219 ἐστιν
278 1195 306 1220 ἐν
333 1194 405 1229 ἄλλῳ
428 1194 515 1221 οὐδενὶ
540 1196 671 1230 σωτηρία.
696 1196 765 1223 Οὔτε
780 1198 834 1233 γὰρ

47 1237 129 1272 ὄνομά
143 1239 221 1265 ἐστιν
238 1239 330 1275 ἕτερον
343 1240 374 1266 τὸ
388 1240 530 1276 δεδομένον
544 1242 574 1268 ἐν
592 1242 756 1278 ἀνθρώποις,
770 1243 798 1269 ὲν

46 1283 84 1310 δεῖ
97 1285 220 1321 σωθῆναι
236 1287 318 1321 ἡμᾶς.

352 1335 543 1362 EPMHNEIA.
751 1366 753 1368 ι

86 1379 309 1416 ’Δναμιμνήσκει
331 1381 429 1413 αὐτοὺς
453 1382 574 1417 ῥήματος
598 1382 690 1409 ἱκανοῦ
715 1383 835 1418 φοϐῆσαι

51 1425 158 1457 αὐτούς,
181 1436 191 1452 ι
218 1427 273 1454 Καὶ
296 1428 309 1454 ό
330 1428 420 1454 πεσὼν
435 1428 498 1464 γὰρ,
519 1429 612 1463 φησιν,
636 1430 683 1456 ἐπὶ
699 1430 744 1457 τὸν
763 1431 836 1458 λίθον

383 128 650 160 EXPOSITIONIS
666 126 705 158 IN
728 127 820 158 ACTA
837 127 986 159 TEXTUS
1009 125 1190 159 ALTER.'—
1201 129 1279 158 CAP.
1302 128 1352 158 IV.

841 181 866 210 Α

1122 180 1406 211 COMMENTARIUS.

915 229 1016 257 ludicii
1035 228 1150 256 formam
1164 229 1272 264 negotio
1289 228 1334 256 isti
1350 232 1501 263 apponunt,
1515 233 1542 255 nt
1560 229 1663 264 injuste

881 286 929 305 eos
968 275 1074 311 judicio
1108 276 1240 302 obnoxios
1272 274 1382 302 faciant.
1407 273 1558 309 Sperabant
1592 275 1665 302 enim

882 323 1024 358 apostolos
1055 321 1230 349 multitudine
1254 321 1365 348 territos
1386 321 1486 348 factum
1508 325 1666 357 ncgaturos,

882 370 976 404 sicque
1001 376 1063 396 sese
1084 375 1142 394 rem
1170 375 1278 395 omnem
1292 366 1486 394 cmendaturos
1507 366 1574 394 fore.
1595 367 1666 400 Quid

883 416 964 450 igitur
976 414 1126 450 inquiunt?
1137 424 1147 440 ‹
1159 414 1186 442 ln
1200 421 1254 449 quo
1268 414 1379 441 nomine
1396 413 1500 441 fecistis
1511 416 1562 441 hoc
1578 414 1662 441 vos?)

882 460 986 496 Neque,
1014 468 1067 496 qua
1082 460 1116 488 de
1139 468 1168 488 re
1193 460 1350 494 loquantur,
1367 459 1539 494 exprimunt;
1555 459 1602 487 sed
1620 467 1667 486 oc-

883 509 988 536 cultant
1015 508 1089 543 quod
1107 507 1205 539 nolint.
1236 514 1394 542 quanquam
1418 507 1443 534 id
1465 507 1548 542 probe
1567 507 1666 540 sciantl

882 554 983 587 dicere,
995 558 1108 589 propter
1124 553 1264 590 populum.
1275 553 1352 580 Tunc
1366 553 1474 586 Petrus,
1491 560 1595 580 memor
1606 561 1664 580 ver-

883 600 979 628 borum
1003 608 1063 635 qua:
1077 600 1144 634 ipsis
1157 600 1226 627 dixit
1245 599 1392 632 Dominus,
1410 607 1506 634 ttt‘ntpe
1518 599 1541 615 "
1554 608 1560 626 :
1577 609 1586 625 ‹
1601 600 1667 627 Cum

882 647 992 674 tradent
1002 653 1051 674 vos
1066 646 1094 674 in
1106 646 1264 682 synagogis,
1278 646 1362 673 nolite
1373 646 1504 680 cogitare,
1519 645 1667 681 quomodo,

883 697 930 720 aut
947 692 1014 727 quid
1034 692 1223 727 loquamini...
1249 691 1369 727 Spiritus
1383 691 1455 718 enim
1476 691 1566 719 Patris
1585 692 1668 719 vestri

882 743 926 766 est
936 738 982 774 qui
995 738 1116 773 loquitur
1141 738 1167 765 in
1191 738 1280 770 vobis,
1293 747 1301 764 ι
1316 742 1398 773 atque
1423 738 1541 772 repletus
1559 737 1664 772 Spiritu

883 789 978 812 sancto
1001 784 1070 811 dixit
1084 784 1117 811 ad
1139 792 1187 812 eos
1203 793 1209 811 :
1223 783 1372 812 Maximum
1405 784 1498 818 utique
1514 783 1595 811 hodie
1614 791 1664 810 nos

883 830 1024 865 praemium
1039 829 1152 862 referre,
1168 829 1203 856 ob
1213 837 1245 858 ea
1259 837 1319 865 quae
1335 829 1466 861 fecimus,
1484 837 1515 857 ac
1534 833 1666 864 tauquam

884 876 1073 904 hencfactores
1089 876 1245 912 praedicari.
1271 875 1396 904 decebat.
1425 876 1561 909 Quoniam
1580 881 1670 904 autem

886 930 896 948 ι
912 921 1097 957 dijudicamur
1113 922 1140 949 in
1156 920 1300 950 benefacta
1315 921 1433 950 hominis
1448 921 1562 954 inﬁrmi,
1574 923 1593 948 ἰ
1606 921 1671 957 quid

884 971 993 1002 Oportet
1014 967 1126 995 facere?
1140 958 1219 994 nunc
1231 972 1340 1002 tempus
1359 971 1545 1003 opportunum
1562 970 1605 996 est
1622 967 1672 995 de-

884 1013 1028 1042 nuntiandi
1048 1013 1264 1041 Bcnefactorcm.

1201 1057 1355 1086 TEKTUS.

920 1105 965 1137 ιν,
985 1105 1029 1138 Η,
1049 1105 1093 1132 ιε.
1111 1103 1159 1132 llic
1171 1108 1213 1132 est
1232 1104 1301 1139 lapis
1316 1124 1324 1135 ,
1342 1103 1387 1139 qui
1408 1103 1570 1139 reprobatus
1594 1108 1635 1130 est
1656 1111 1673 1131 ιι

884 1152 962 1180 vobis
988 1151 1197 1183 aedificantibus,
1213 1150 1258 1186 qui
1272 1149 1360 1178 factus
1372 1153 1415 1178 est
1431 1149 1456 1176 in
1468 1153 1550 1184 caput
1565 1148 1669 1183 anguli.

885 1198 918 1224 Et
935 1206 988 1225 nott
1015 1202 1056 1226 est
1069 1197 1097 1224 in
1113 1197 1206 1232 aliquo
1230 1197 1283 1224 alio
1314 1196 1399 1235 salus.
1417 1194 1473 1223 Nec
1500 1195 1572 1222 enim
1598 1194 1671 1222 aliud

885 1251 984 1271 nomen
1015 1246 1056 1271 cst
1084 1243 1136 1270 sub
1157 1242 1226 1270 cosio
1255 1242 1347 1269 datum
1381 1240 1550 1274 hominibus,
1573 1239 1600 1267 in
1615 1247 1670 1276 quo

885 1293 1008 1325 oporteat
1032 1297 1082 1318 nos
1101 1290 1192 1317 salvos
1203 1289 1270 1316 fieri.

1133 1332 1419 1362 COMMENTARIUS.

922 1380 950 1408 In
964 1380 1122 1408 memoriam
1140 1383 1251 1408 revocat
1262 1378 1366 1406 dictum
1383 1377 1450 1405 illud
1466 1377 1538 1413 quod
1556 1384 1604 1405 eos
1618 1381 1674 1403 tcr-

887 1434 949 1454 rere
968 1426 1040 1462 juste
1056 1429 1163 1462 poterat
1179 1435 1186 1453 :
1201 1435 1211 1452 ι
1228 1424 1260 1452 Et
1279 1425 1326 1460 qui
1355 1424 1486 1452 ceciderit
1504 1431 1588 1459 super
1603 1423 1673 1458 lapi-

50 1471 152 1505 τοῦτον,
169 1471 400 1507 συνθλασθήσεται
410 1481 417 1488 ·
434 1473 476 1508 ἐφ’
490 1473 520 1501 ὃν
534 1474 555 1501 δ’
567 1474 602 1501 ἂν
616 1475 696 1511 πέσῃ,
707 1475 834 1511 λικμήσει

924 1482 948 1500 ιη
960 1473 1043 1500 istum
1060 1472 1250 1507 confringctur
1267 1480 1273 1498 :
1293 1479 1376 1506 super
1394 1477 1475 1506 quem
1490 1477 1554 1497 vero
1567 1469 1675 1497 cecide-

51 1516 139 1544 αὖτόν.
160 1527 170 1544 ι
200 1518 355 1551 Τουτέστιν,
375 1520 414 1546 ὃτι
428 1520 534 1555 Σφόδρα
560 1520 670 1556 δόκιμός
691 1522 760 1554 ἐστι,
784 1522 834 1549 κᾶν

922 1524 937 1552 ι,
949 1523 1073 1547 conteret
1086 1519 1190 1547 eum”.
1204 1528 1213 1545 ›
1227 1519 1285 1546 Hoc
1303 1522 1356 1549 est,
1372 1517 1450 1544 valde
1470 1516 1601 1552 probatus
1621 1521 1674 1548 est,

52 1563 127 1596 ὑμεῖς
151 1563 254 1590 δοκεῖτε
273 1566 317 1599 ὑφ’
341 1565 418 1598 ὑμῶν
438 1566 655 1598 ἐξουθενεῖσθαι·
675 1567 837 1603 βουλόμενος

55 1610 97 1634 καὶ
112 1609 233 1645 φοϐῆσαι
257 1612 364 1645 αὐτοὺς,
382 1612 425 1639 ἵνα
447 1613 499 1639 κᾶν
520 1613 606 1646 οὕτως
623 1614 767 1651 ἀναγκάσῃ
787 1615 837 1642 αὺ-

55 1656 112 1687 ’ωὺς
123 1655 279 1684 πιστεῦσαι.

351 1704 476 1733 ΚΕΦΑΛ.
498 1706 538 1734 Ε¹.

266 1750 305 1785 Τῇ
322 1751 343 1776 δ’
357 1751 407 1785 τῆς
423 1751 446 1786 β’
462 1751 610 1787 ἑϐδομάδος

57 1793 121 1828 Περὶ
138 1795 199 1822 τῶν
218 1796 378 1830 ἀρχιερέων
397 1797 667 1835 [προσταττόντων]
682 1799 723 1833 ὡς
738 1801 774 1827 οὐ
793 1799 842 1827 δεῖ

87 1842 341 1876 παῤῥησιὰζεσθαι
364 1843 414 1871 ἐπὶ
430 1843 471 1877 τῷ
486 1844 609 1880 ὀνόματι
623 1846 676 1874 τοῦ
689 1847 818 1882 Χριστοῦ
828 1856 837 1865 ο

87 1886 135 1914 καὶ
148 1887 282 1922 ἀνέσεως
299 1888 358 1916 τῶν
373 1890 563 1918 ἀποστόλων.

349 1935 542 1963 ΚΕΙΜΕΝΟΝ.

91 1979 265 2014 Θεωροῦντες
281 1980 309 2006 δὲ
335 1981 384 2015 τὴν
402 1981 448 2008 τοῦ
477 1982 579 2017 Πέτρου
606 1983 772 2019 παρρησίαν,
791 1985 839 2011 καὶ

65 2024 198 2057 Ἰωάννου,
215 2025 261 2052 καὶ
274 2025 490 2061 καταλαϐόμενοι
508 2027 549 2053 ὅτι
564 2027 704 2062 ἄνθρωποι
728 2029 838 2065 ἀγράμ-

889 1573 1046 1600 quanquam
1067 1573 1082 1592 a
1101 1565 1177 1593 vobis
1200 1564 1340 1600 rcprobari
1366 1564 1501 1590 videatur.
1520 1562 1581 1589 Vult
1600 1562 1675 1590 scili-

888 1615 932 1639 cet
947 1618 994 1639 eos
1015 1610 1242 1646 pcrtcrrefacere,
1257 1614 1288 1637 ut
1307 1609 1350 1638 vel
1364 1609 1404 1637 sic
1421 1609 1456 1636 ad
1475 1607 1553 1636 fidem
1574 1607 1677 1643 ample-

889 1658 1017 1686 ctendam
1036 1657 1225 1693 compelleret.

1151 1702 1229 1737 211
1247 1700 1362 1729 CAPUT
1373 1700 1406 1727 v.

1012 1749 1091 1777 Feria
1106 1754 1204 1784 quarta
1221 1746 1398 1775 hebdomada:
1411 1747 1551 1775 secunde

891 1798 928 1825 De
944 1796 1104 1833 pontiﬁcum
1121 1795 1234 1825 decreto,
1250 1801 1281 1820 ne
1308 1793 1430 1828 cuiquam
1459 1792 1549 1819 liceret
1575 1792 1607 1819 de
1633 1800 1678 1819 no-

927 1844 998 1871 mine
1015 1842 1079 1870 Iesu
1097 1841 1186 1875 palam
1204 1839 1275 1875 loqui
1291 1844 1338 1866 :ct
1354 1838 1385 1866 dc
1405 1838 1558 1866 dimissione
1574 1843 1679 1872 aposto-

927 1891 1024 1918 lorum.

1216 1931 1365 1960 TEXTUS.

926 1981 973 2015 IV,
986 1980 1082 2008 l3-‘22.
1098 1979 1230 2007 Videntes
1255 1983 1344 2006 autem
1372 1977 1443 2006 Petri
1458 1977 1639 2005 constantiam
1653 1983 1680 2003 ct

889 2028 1018 2060 Joannis,
1032 2031 1172 2062 comperto
1184 2025 1256 2061 quod
1270 2025 1394 2052 homines
1409 2030 1500 2052 essent
1510 2024 1570 2051 sine
1582 2024 1680 2051 litteris

62 2071 137 2104 ματοὶ
151 2072 205 2097 εἰσι
224 2072 270 2097 καὶ
291 2071 406 2103 latim“,
423 2072 577 2108 ἐθαύμαζον
589 2082 595 2088 ’
613 2075 796 2109 ἐπεγίνωσκόν
809 2085 834 2103 τε

934 2075 1035 2106 idiom,
1050 2072 1258 2100 admirabantur
1271 2075 1297 2098 et
1321 2070 1522 2105 cognoscebant
1539 2077 1596 2101 eos,
1612 2078 1680 2104 quo-

63 2117 168 2150 αὖτοὺς,
181 2118 221 2144 ὅτι
239 2118 286 2145 σὺν
302 2118 340 2152 τῷ
355 2118 443 2154 Ἰησοῦ
468 2117 549 2154 ἦσαν.
571 2121 623 2147 Τόν
648 2130 677 2148 τε
695 2122 834 2158 ἄνθρωποι

923 2128 966 2148 am
986 2127 1049 2147 cum
1065 2118 1131 2147 Jesu
1145 2118 1264 2145 fuerant.
1278 2117 1421 2144 Hominem
1435 2123 1545 2152 quoque
1555 2115 1680 2143 videntes

855 2183 879 2212 ι)
896 2170 1013 2195 stantem
1029 2172 1091 2193 cutn
1106 2164 1146 2192 eis
1169 2163 1215 2199 qui
1231 2168 1344 2191 curatus
1361 2163 1460 2195 fuerat,
1473 2162 1540 2189 nihil
1555 2167 1681 2197 poterant

62 2162 201 2196 βλέποντες
216 2164 263 2190 σὺν
288 2165 380 2197 αὐτοῖς
403 2165 507 2192 ἑστῶτα
531 2166 577 2193 τὸν
592 2167 837 2204 τεθεραπευμένον,

62 2209 131 2236 οὐδὲν
149 2207 221 2244 εἶχον
250 2211 397 2238 ἀντειπεῖν.
411 2212 598 2245 Κελεύσαντες
622 2214 650 2240 δὲ
673 2215 772 2247 αὐτοὺς
789 2215 841 2248 ἔξω

63 2254 105 2280 τοῦ
121 2255 261 2290 συνεδρίου
280 2256 418 2290 ἀπελθεῖν,
442 2258 587 2284 συνέϐαλον
611 2259 679 2294 πρὸς
699 2260 842 2296 ἀλλήλους,

64 2299 203 2334 λέγοντες·
229 2301 260 2327 Τί
283 2302 434 2337 ποιήσομεν
463 2305 520 2335 τοῖς
549 2304 701 2340 ἀνθρώποις
719 2306 841 2340 τούτοιςς

66 2346 121 2372 Ὀτι
142 2347 193 2382 μὲν
209 2348 330 2381 γνωστὺν
351 2350 463 2384 σημεῖον
481 2350 576 2384 γέγονε
602 2352 636 2378 δι’
659 2353 758 2384 αὐτῶν,
776 2355 843 2381 πᾶσι

65 2394 114 2424 τοῖς
128 2394 304 2421 κατοικοῦσιν
322 2395 504 2431 Ἰερουσαλὴμ
514 2397 641 2433 φανερὸν,
659 2399 706 2424 καὶ
720 2399 750 2425 οὺ
764 2400 843 2427 δυνά-

67 2439 134 2471 μεθα
150 2439 331 2474 ἀρνήσασθαι.
355 2440 425 2467 Ἀλλ’
443 2441 488 2469 ἵνα
508 2443 546 2478 μὴ
571 2443 617 2470 ἐπὶ
643 2443 735 2471 πλεῖον
757 2445 845 2473 διανε-

70 2484 134 2520 μηθῇ
158 2486 199 2516 εις
224 2485 269 2512 τὸν
282 2485 357 2518 λαὸν,
379 2487 478 2523 ἀπειλῇ
503 2488 718 2525 ἀπειλησώμεθα
742 2492 844 2526 αὐτοῖς,

69 2531 163 2564 μηκέτι
182 2530 273 2558 λαλεῖν
286 2532 334 2558 ἐπὶ
345 2533 384 2569 τῷ
399 2534 513 2569 ὀνόματι
530 2535 618 2571 τούτῳ
634 2537 728 2572 μηδενὶ
738 2537 845 2574 ἀνθρώ-

70 2584 130 2603 των.
144 2577 200 2603 Καὶ
225 2578 392 2611 καλέσαντες
408 2579 520 2613 αὐτοὺς,
543 2582 731 2616 παρήγγειλαν
753 2584 846 2616 αὐτοῖς

69 2622 95 2647 τὸ
112 2623 227 2650 καθόλου
249 2624 286 2660 ui}
302 2625 481 2660 φθέγγεσθαι,
498 2627 566 2662 μηίὲ
585 2627 720 2656 διδάσκειν
742 2630 789 2657 ἐπὶ
808 2631 847 2666 τῷ

99 2694 120 2710 ι·
130 2693 225 2722 Matth.
237 2703 266 2726 ι,
278 2683 370 2729 tm.
409 2697 432 2713 ιτ
444 2697 542 2725 Matth.
564 2706 620 2730 m,
636 2699 680 2726 ιι.

896 2212 1097 2241 contradicere.
1129 2209 1277 2238 Iusserunt
1306 2214 1396 2236 autent
1428 2216 1476 2236 eos
1503 2207 1578 2235 foras
1605 2212 1682 2236 extra

897 2258 1043 2286 concilium
1071 2256 1199 2286 secedere
1215 2264 1223 2283 ι
1240 2259 1267 2282 et
1294 2254 1472 2282 confencbant
1492 2254 1525 2280 ad
1555 2254 1680 2284 invicem,

896 2306 1036 2333 dicentes:
1053 2303 1123 2337 Quid
1140 2302 1272 2329 facicmus
1287 2301 1444 2328 hominibus
1458 2300 1518 2327 istis
1530 2300 1543 2327 ?
1553 2300 1681 2335 quoniam

897 2351 1007 2387 quidem
1026 2353 1119 2377 notum
1138 2349 1245 2383 signum
1263 2347 1364 2374 factum
1381 2349 1421 2373 est
1433 2353 1481 2380 per
1491 2352 1539 2372 eos
1555 2345 1684 2372 omnibus

898 2396 1084 2426 habitantibus
1109 2394 1273 2426 Jerusalem,
1306 2391 1482 2419 manifestum
1507 2396 1549 2418 est
1571 2396 1597 2418 et
1628 2399 1682 2418 non

899 2451 1045 2480 possumus
1058 2448 1167 2477 negare.
1180 2440 1234 2468 Sed
1249 2447 1282 2467 ne
1295 2439 1412 2474 amplius
1427 2438 1580 2473 divulgetur
1592 2437 1618 2464 in
1635 2445 1684 2472 po-

899 2491 1003 2526 pulum,
1030 2487 1232 2516 comminemur
1255 2485 1306 2516 cis,
1331 2491 1365 2510 ne
1387 2484 1458 2511 ultra
1482 2484 1630 2518 loquantur
1656 2483 1684 2508 in

901 2537 1014 2566 nomine
1032 2536 1082 2563 hoc
1101 2534 1147 2561 ulli
1172 2532 1324 2560 hominum.
1350 2532 1383 2559 Et
1413 2537 1545 2559 vocantes
1559 2537 1617 2563 eos,
1636 2529 1684 2556 dc-

901 2583 1107 2612 nuntiavcrunt,
1134 2587 1170 2607 ne
1192 2578 1304 2606 omnino
1324 2578 1513 2613 loquerentur,
1533 2583 1621 2611 neque
1634 2575 1685 2602 do-

902 2633 996 2658 ccrenl.
1024 2629 1050 2655 in
1076 2626 1186 2654 nomine
1208 2624 1283 2653 Jesu.
1305 2625 1404 2653 Petrus
1427 2631 1491 2652 vero
1510 2628 1537 2651 ct
1564 2622 1686 2650 Joannes

657 2767 755 2797 Varia:
778 2767 931 2799 lecturos
953 2769 982 2796 et
1006 2769 1101 2796 notas.

103 2810 156 2853 (μδ)
174 2811 233 2841 Non
248 2813 354 2847 dubito,
381 2814 424 2842 hic
449 2814 603 2851 legendum,
623 2820 650 2843 ut
669 2817 747 2844 habet
767 2818 833 2853 Chr}

922 2824 989 2847 mus,
1025 2813 1202 2848 δικαστηρίου
1228 2811 1317 2847 σχῆμα
1357 2811 1395 2846 τῷ
1427 2810 1568 2846 πράγματι
1610 2818 1688 2845 περι-

71 2846 191 2875 τιθέασιν.
