1858 3057
51 140 101 171 909

365 137 634 169 EXI‘OSITIONIS
654 139 695 168 ΙΝ
715 139 808 168 ACTA
820 139 969 169 TEXTUS
984 141 1119 172 ALTER.
1141 143 1254 173 “CAP.
1271 143 1337 174 VII.

1622 146 1672 177 910

49 197 127 226 εἴποι,
141 196 183 222 ὃτι
196 195 278 222 καλὸν
293 195 374 222 αὑτὸν
385 196 407 211 ⁸³
425 195 532 230 μαθεῖν,
553 195 620 229 πρὸς
640 195 670 222 τὺ
687 195 813 230 ἀνατρέψ‹

917 196 1069 224 'udltionem
1103 198 1300 226 additlieissent
1334 206 1464 234 unquam,
1502 200 1554 228 uisi
1581 201 1614 228 ad
1648 203 1673 229 id

50 242 94 272 τὰς
104 242 217 268 ἐκείνων
232 242 351 273 ἀπάτας.

890 242 1064 274 necessitate,
1078 251 1110 270 ac
1130 244 1301 271 dominorum
1313 244 1394 279 225
1412 244 1526 280 imperio
1540 247 1673 280 compuISt

51 289 163 316 fuissent
179 297 187 317 ε
212 296 297 323 quare
309 296 449 324 nunquam
465 295 496 315 ea
511 287 666 315 eruditione
685 288 727 315 usi
746 291 809 315 sunt
823 297 830 315 :
850 287 903 316 nisi
919 289 981 324 quis
994 289 1078 322 dicat,
1090 290 1155 318 utile
1163 289 1230 318 Mosi
1245 290 1328 318 fuisse
1338 298 1397 318 eam
1433 299 1605 327 comparare,
1639 292 1673 319 ad

49 335 234 370 digyptiorum
250 342 359 362 errores
373 335 433 367 ejus
449 333 576 368 przesidio
591 333 762 362 evertendas.

345 393 540 420 ΚΕΙΜΕΝΟΝ.

78 449 132 475 Καὶ
155 449 218 475 ἰδὼν
230 458 291 475 τινα
310 448 499 483 ἀδικούμενον,
517 448 650 484 ἠμύνατο,
669 449 716 475 καὶ
738 449 834 482 ἐποίη-

49 503 88 519 σεν
117 494 260 529 ἐκδίκησιν
298 494 337 528 τῷ
369 493 614 529 καταπονουμένῳ,
641 494 765 526 πατάξας
788 494 834 520 τὸν

48 541 202 573 Αἰγύπτιον,
220 540 344 575 Ἐνόμιξε
360 540 388 566 δὲ
409 540 530 566 συνιέναι
545 541 607 571 τοὺς
620 539 751 574 ἀδελφοὺς
781 540 833 566 αὑ-

48 586 99 614 τοῦ,
115 587 159 612 ὁτι
173 587 188 612 ὁ
203 587 269 618 Θεὸς
283 587 326 613 διὰ
346 587 435 621 χειρὸς
451 586 535 612 αὑτοῦ
549 586 657 612 δίδωσιν
674 586 766 617 αὐτοῖς
782 594 834 612 σω-

48 632 138 666 τηρίαν
153 640 161 646 ·
172 633 197 658 οἱ
209 631 236 657 δὲ
249 633 279 658 οὐ
300 633 430 667 συνῆκαν.
443 632 483 667 Τῇ
499 641 528 658 τε
543 631 658 667 ἐπιούσῃ
685 630 762 666 ὤφθη
785 632 834 658 αὺ-

48 678 98 708 sui;
110 678 291 712 μαχομένοις,
304 679 350 704 καὶ
367 677 517 713 συνήλασεν
533 678 633 709 αὐτοὺς
664 678 703 709 είς
721 678 833 712 εἰρήνην

47 722 126 748 εἰπών
136 732 144 738 ·
168 724 294 758 ”Ανδρος,
311 723 419 758 ἀδελφοί
435 725 496 750 ἐστε
508 724 586 758 ὑμεῖς
600 742 606 750 .
624 723 668 750 ἵνα
680 723 706 750 τί
717 724 833 750 ἀδικεῖτε

49 770 178 804 ἀλλήλους
194 778 202 802 ;
220 770 250 796 '0
265 770 292 796 δὲ
304 770 404 797 ἀδικῶν
421 770 466 796 τὸν
483 771 607 805 πλησίον,
636 771 767 797 ἀπώσατο
784 770 834 796 αὑ-

48 815 88 841 τὸν
102 815 189 842 εἰπών
204 824 212 830 ι
229 816 278 847 Τίς
293 824 322 842 σε
336 816 506 851 κατέστησεν
514 816 634 852 ἄρχοντα
644 817 690 842 καὶ
703 815 833 850 δικαστὴν

48 861 85 894 ἐφ’
100 861 195 894 ἡμᾶς;
212 860 251 896 μὴ
265 860 371 887 ἀνελεῖν
387 869 420 893 με
435 861 467 887 σὺ
484 860 584 892 Θέλεις,
614 860 645 886 ὃν
670 860 770 896 τρόπον
785 861 832 886 ἀν-

47 906 110 936 εῖλες
123 905 188 939 χθὲς
201 905 247 932 τὸν
264 905 428 939 Αἱγύπτιονς
447 906 550 940 Ἐφυγε
563 905 590 932 δὲ
605 907 725 941 Μωϋσῆς
739 907 768 933 ἐν
793 905 832 941 τῷ

47 951 112 986 λόγῳ
144 951 244 986 τούτῳ.
259 952 308 978 καὶ
331 951 440 985 ἐγένετο
456 951 589 988 πάροικος
603 953 631 979 ὲν
648 954 683 988 γῇ
708 952 830 988 Μαδιὰμ,

46 994 73 1024 οὖ
85 997 233 1033 ἐγέννησεν
248 997 323 1029 υἱοὺς
342 997 398 1026 δύο.

328 1095 519 1122 ΕΡΜΗΝΕῘᾹ.

76 1149 179 1177 Ἀνεῖλε
203 1151 323 1186 Μωῡσῆς
336 1152 381 1178 τὸν
397 1151 556 1186 Αίγύπτιον,
585 1151 614 1178 οὐ
642 1150 719 1186 θυμῷ
747 1151 831 1185 είξας,

49 1197 104 1223 οὐδὲ
119 1197 190 1232 ὀργῇ
204 1197 336 1232 κινηθεὶς,
353 1198 427 1233 ζήλῳ
441 1198 481 1225 δέ.
498 1199 555 1225 Πᾶν
572 1198 611 1230 δὲ,
625 1197 640 1224 ὃ
662 1197 695 1224 ἂν
719 1198 832 1233 γένηται

46 1243 81 1273 εἰς
94 1242 174 1275 λόγον
193 1242 271 1274 Θεοῦ,
312 1243 439 1270 εὐσέϐειά
463 1244 522 1270 ἔστι
536 1251 544 1259 ⁸
559 1243 611 1270 κᾶν
625 1243 706 1278 φόϐος
721 1242 774 1280 “ﬁ
789 1244 832 1271 διὰ

46 1287 118 1319 θεὶν,
133 1288 188 1314 (ὺκ
205 1288 265 1314 ἔστι
282 1288 362 1323 φόϐος
379 1289 411 1315 ⁸⁸.
434 1289 463 1316 ’0
478 1289 543 1323 γοῦν
566 1289 666 1322 Φινεὲς,
685 1289 730 1315 δύο
742 1291 770 1316 ὲν
782 1291 832 1325 μιᾷ

46 1334 114 1368 χειρὶ
130 1333 276 1367 φονεύσας,
304 1335 439 1369 ἤκουσεν·
468 1344 477 1360 ι
507 1335 622 1370 Ἀνέστη
659 1336 761 1368 Φινεὲς,
786 1337 832 1362 καὶ

46 1380 196 1412 ὲξιλὰσατο,
214 1381 261 1407 καὶ
280 1381 415 1408 ἐκόπασεν
433 1382 449 1417 ἡ
467 1381 592 1417 θραῦσις,
624 1382 672 1408 καὶ
704 1382 830 1416 ἐλογίσθη

45 1425 114 1460 αὖτῷ
129 1426 170 1456 εἰς
182 1425 368 1460 δικαιοσύνην.
393 1435 402 1451 ι
416 1425 553 1460 Διάφορος
568 1426 622 1461 γὰρ
636 1427 654 1462 ἡ
670 1426 830 1461 προαίρεσις

47 1473 144 1507 φονέως
163 1473 212 1499 καὶ
227 1471 413 1504 εὐσεϐοὖντος,
430 1473 482 1498 κᾶν
509 1472 539 1498 τὸ
553 1472 694 1507 γινόμενον
713 1472 831 1505 πρᾶγμα

45 1518 81 1544 ἓν.
93 1519 130 1544 Τὸ
145 1518 236 1545 τοίνυν
254 1518 407 1554 [γινόμενον
421 1518 464 1544 διὰ
490 1519 639 1551 Μωῠσέως,
667 1520 778 1554 σημεῖον
796 1515 830 1553 ἦν

45 1565 82 1590 ὅτι
98 1564 192 1599 μέλλει
208 1565 222 1590 ὁ
234 1564 311 1599 θεὸς]
328 1565 494 1598 Αἰγυπτίους
510 1564 696 1597 ἀποκτείνειν,
709 1565 773 1594 τοῦς
797 1564 826 1590 δὲ

46 1609 204 1644 λεγομένους
221 1609 392 1644 Ἰσραηλίτας
421 1609 529 1642 σώζειν.
554 1610 609 1636 Καὶ
632 1606 682 1636 ὧδε
714 1609 763 1644 μὲν
783 1607 830 1636 οὖν

46 1655 373 1690 τὰΜωῡσέως,ι-)εωρίας
400 1655 428 1682 δὲ
465 1655 514 1691 ’τῆς
542 1655 672 1682 ἀνωτάτω
702 1655 830 1690 συνθήσει

47 1702 122 1727 πάλιν
133 1703 201 1736 ἡμῖν
215 1703 228 1727 ὁ
243 1702 320 1735 λόγος
336 1702 385 1736 τὴν
396 1701 553 1736 οἰκονομίαν
568 1701 617 1737 τὴν
637 1702 684 1728 ὲπὶ
708 1701 827 1736 Χριστῷ.

48 1746 135 1782 Εὖρὼν
155 1748 211 1782 γὰρ
225 1749 238 1774 ὁ
254 1747 347 1783 Σωτὴρ
360 1748 450 1783 δεινὴν
466 1747 651 1783 ὑπομένοντας
675 1748 724 1782 τὴν
750 1748 830 1773 πλεοο

47 1793 131 1825 νεξίαν
147 1794 198 1828 τῆς
224 1793 247 1809 ⁸⁸
282 1793 390 1829 Ἰσραήλ
418 1794 552 1829 (ἐπεπήδα
585 1794 639 1829 γὰρ
667 1794 707 1825 εἰς
734 1794 831 1824 αὐτοὺς

47 1838 133 1875 ὥςπερ
149 1839 301 1874 συντρίϐων
315 1841 328 1866 ὁ
342 1839 488 1875 Σατανᾶς),
517 1840 642 1875 ἐλεήσας,
669 1839 831 1874 ἐλευθεροῦν

48 1885 191 1912 Eax/nrtsic
204 1886 237 1912 ".
252 1885 423 1918 ’Δπεκτονὼς
440 1886 469 1912 δὲ
486 1887 588 1922 τρόπον
604 1885 675 1918 τινὰ,
702 1887 747 1912 τὸν
775 1886 832 1912 ἀδι-

48 1933 99 1957 κεῖν
113 1925 265 1967 ᾑρημένον,
275 1933 448 1968 κατέκρυψεν
477 1933 517 1964 εἰς
544 1933 608 1968 γῆν,
637 1932 776 1959 τουτέστιν
803 1933 831 1958 ὲν

45 1978 95 2008 τοῖς
110 1977 281 2012 ὑποχθονίοις
299 1978 469 2005 κατακλείων
484 1978 506 1994 ⁸⁸
523 1979 564 2010 εἰς
593 1978 659 2014 ᾆδην
684 1977 729 2004 τὸν
744 1978 832 2004 Σατα-

45 2024 90 2049 νᾶν
105 2025 118 2049 ὀ
132 2024 240 2059 Σωτὴρ,
252 2024 425 2060 δικαιοσύνης
434 2025 560 2059 ἐφαίνετο
576 2023 728 2059 βραϐευτὴς
743 2024 764 2040 ⁸³
775 2024 831 2055 τοῖς

45 2068 72 2101 ἐξ
95 2068 215 2104 Ἰσραήλ.
247 2070 278 2096 Οἱ
305 2070 334 2096 δὲ
364 2069 407 2104 ἐφ’
437 2068 477 2102 οἷς
507 2070 619 2105 ἔμελλον
649 2069 830 2104 εὐχαριστεῖν,

46 2113 179 2146 ἔφασκον*
198 2123 207 2140 t
225 2115 282 2141 Οὐκ
301 2115 428 2141 ὲκόἁλλει
443 2114 478 2141 τὰ
500 2115 628 2150 δαιμόνια
644 2111 731 2146 οὗτος,
748 2114 771 2139 εἰ
793 2112 833 2148 μὴ

47 2160 73 2185 ἐν
83 2160 120 2193 τῷ
136 2159 303 2192 Βεελζεὸοὺλ
317 2161 428 2196 ἄρχοντι
446 2160 500 2188 τῶν
518 2160 675 2196 δαιμονίων.
695 2169 704 2185 ι
732 2159 781 2186 Διά
791 2167 831 2186 τοι

36 2208 121 2241 τοῦτο
136 2207 374 2242 μεταπεφοίτηκεν
389 2208 421 2234 ὲκ
432 2207 480 2241 τῆς
493 2206 623 2238 Ἰουδαίας
641 2207 682 2237 είς
694 2206 744 2241 τὴν
754 2205 833 2232 Γαλι-

46 2252 132 2286 λαίαν,
147 2254 275 2290 καθάπερ
283 2253 385 2289 Μωσῆς
403 2253 504 2288 μετέϐη
522 2254 562 2285 είς
581 2253 632 2288 γῆν
645 2252 770 2288 Μαδιὰμ,
786 2251 833 2279 καὶ

44 2298 89 2334 τὴν
101 2300 131 2333 ἐξ
154 2299 240 2327 ὲθνῶν
254 2300 346 2327 ἐκάλει
361 2301 532 2335 συναγωγήν.

357 2388 549 2416 ΚΕΙΜΕΝΟΝ.

75 2446 129 2474 Καὶ
140 2447 340 2482 πληρωθέντων
357 2447 425 2474 ἐτῶν
434 2446 647 2482 τεσσαράκοντα,
664 2445 740 2480 ὤφθη
751 2445 826 2480 αὐτῷ

45 2492 71 2518 ἑν
85 2494 118 2528 τῇ
133 2494 231 2528 ἐρήμῳ
243 2493 290 2519 τοῦ
317 2493 396 2528 ὅρους
417 2493 481 2519 Σινᾶ
513 2491 628 2526 ἄγγελος
667 2491 770 2526 Κυρίου
799 2492 828 2518 ὲν

46 2538 119 2573 φλογὶ
136 2539 223 2574 πυρὸς
239 2539 331 2574 βάτου.
354 2539 382 2565 '0
397 2539 425 2565 δὲ
438 2539 559 2574 Μωῠσῆς
585 2537 657 2570 ἰδὼν,
689 2537 828 2572 ἐθαύμασε

45 2584 72 2609 τὺ
85 2585 186 2621 ὅραμα.
216 2585 442 2620 Προσερχομένου
479 2584 507 2611 δὲ
537 2583 622 2611 αὑτοῦ
651 2583 828 2618 κατανοῆσαι,

78 2674 97 2689 π
116 2673 188 2701 Psal.
210 2681 254 2708 εν,
283 2673 329 2701 30.
383 2673 406 2690 ³⁸
420 2672 514 2700 Matth.
529 2681 577 2704 xu,
589 2671 635 2699 24.

1222 391 1374 421 TEXTUS.

920 446 978 480 νη,
994 447 1090 475 2Δ-29.
1109 448 1143 475 Et
1157 456 1218 474 cum
1236 448 1351 476 vidisset
1372 451 1517 484 quemdam
1542 451 1669 485 injuriam

883 493 1041 528 patientem,
1058 493 1205 520 vindicavit
1221 494 1295 520 illttm
1312 503 1318 521 :
1336 499 1361 521 et
1371 495 1571 523 fecituitionctu
1587 498 1609 524 ei
1627 499 1673 532 qui

884 537 1012 571 injuriam
1026 538 1192 570 sustinebat,
1203 546 1333 573 percusso
1344 538 1483 575 IEgyptio.
1495 539 1674 569 Existimabat

884 587 974 609 autem
987 583 1138 617 intelligere
1153 583 1262 615 fratres,
1278 584 1407 618 quoniam
1422 584 1493 611 Deus
1503 593 1549 619 per
1564 594 1673 613 manmn

884 628 970 663 ipsius
990 628 1069 655 daret
1082 629 1198 656 salutem
1220 629 1273 655 illis
1290 637 1297 655 :
1315 634 1342 655 at
1355 629 1393 656 illi
1405 637 1459 656 non
1470 631 1672 658 intellexerunt.

882 672 1014 707 Sequenti
1024 680 1086 700 vero
1093 673 1136 700 die
1144 674 1268 708 apparuit
1279 673 1334 701 illis
1343 674 1513 709 litigantibus
1523 684 1529 702 :
1540 680 1568 702 et
1579 683 1673 703 recon-

883 718 994 746 ciliabat
1008 726 1056 746 eos
1076 720 1103 746 in
1118 726 1194 753 pace,
1208 720 1304 747 dicens
1319 727 1327 746 :
1351 719 1419 752 Viri,
1438 720 1535 748 fratres
1549 723 1629 753 estis,
1645 727 1674 748 ut

882 763 948 798 quid
965 765 1068 792 nucetis
1083 765 1266 791 alterutrum?
1279 765 1330 798 Qui
1348 770 1438 793 autem
1451 766 1578 800 injuriam
1591 767 1674 794 facie-

882 808 930 835 bat
949 809 1086 842 proximo,
1108 809 1208 843 repulit
1221 817 1294 843 eum,
1310 810 1405 837 dicens
1419 819 1425 837 :
1449 810 1516 843 Quis
1532 815 1558 838 te
1571 813 1675 839 consli-

883 855 935 880 tuit
956 854 1106 889 principem
1123 859 1150 881 et
1162 854 1283 889 judicem
1301 863 1382 889 super
1400 864 1449 883 nos
1462 857 1473 882 Ῥ
1488 856 1617 892 Nunquid
1633 858 1674 884 in-

883 899 1008 928 terficere
1020 907 1064 927 me
1082 904 1111 927 tu
1125 900 1176 932 vis,
1191 901 1421 935 quemadmodum
1438 902 1600 930 interfecisti
1615 903 1671 930 heri

881 947 1066 983 Aigyptium?
1090 946 1170 982 Fugit
1195 952 1285 974 autem
1313 947 1421 984 Moyses
1442 948 1469 975 in
1489 948 1572 976 verbo
1597 949 1671 976 isto:

846 999 866 1026 Β
880 997 907 1020 ct
920 993 1008 1020 factus
1019 997 1061 1020 est
1073 993 1177 1021 advena
1193 994 1220 1020 in
1238 998 1311 1021 terra
1323 993 1430 1021 Madian
1444 1014 1451 1028 ,
1474 994 1520 1022 ubi
1532 996 1674 1031 generavit

884 1039 956 1066 filios
971 1039 1050 1067 duos.

1147 1095 1422 1124 COMMENTARiUS
1435 1116 1442 1123 .

919 1150 1058 1179 lnterfeeit
1071 1151 1158 1179 Moses
1169 1151 1338 1188 Egyptium,
1350 1159 1405 1180 non
1415 1151 1508 1180 furore
1521 1156 1609 1184 actus,
1625 1154 1672 1180 sed

884 1198 952 1225 telo.
968 1198 1106 1233 Quidquid
1128 1205 1193 1226 vero
1211 1202 1321 1234 propter
1338 1196 1422 1226 Deum
1445 1199 1485 1231 fit,
1505 1200 1592 1234 pietas
1607 1205 1648 1227 est
1664 1208 1672 1232 ;

882 1249 908 1272 et
921 1246 1009 1272 c'edes
1024 1249 1134 1280 propter
1153 1245 1236 1272 Deum
1251 1245 1334 1278 facta,
1347 1245 1434 1273 caedes
1449 1253 1502 1272 non
1517 1249 1568 1273 est.
1583 1245 1673 1278 Quare

882 1291 916 1318 de
927 1290 1053 1323 Phinees,
1066 1291 1112 1326 qui
1124 1291 1194 1318 duos
1204 1299 1258 1318 uno
1275 1291 1330 1318 ictu
1342 1291 1472 1324 confodit,
1486 1291 1586 1318 dictum
1603 1297 1645 1318 est
1663 1300 1670 1318 :

885 1347 893 1362 ι
903 1337 1025 1364 Surrexit
1033 1337 1146 1365 Phinees
1154 1341 1179 1364 ct
1191 1337 1305 1372 placavit
1315 1342 1341 1364 et
1352 1338 1469 1365 cessavit
1478 1338 1633 1372 quassatio;
1645 1342 1671 1364 et

882 1387 1034 1418 reputatum
1042 1388 1082 1411 est
1090 1384 1114 1410 ei
1125 1384 1152 1410 in
1161 1384 1294 1419 justitiam
1302 1384 1349 1410 ³⁷.»
1356 1383 1468 1411 Diversa
1476 1383 1547 1410 enim
1557 1383 1672 1410 intentio

881 1434 923 1456 cst
939 1429 1092 1461 homicidae,
1112 1436 1146 1457 ac
1175 1429 1236 1464 ejus
1257 1430 1302 1465 qui
1318 1429 1428 1465 pietatis
1444 1433 1535 1456 actum
1551 1433 1670 1461 exercet.

882 1476 1058 1510 quantumvis
1079 1483 1149 1511 opus
1166 1480 1306 1510 peractum
1323 1475 1395 1502 idem
1413 1474 1459 1501 sit.
1482 1473 1560 1507 Quod
1588 1474 1672 1509 igitur

881 1522 946 1549 fecit
961 1523 1003 1550 hic
1025 1522 1125 1554 Moses,
1141 1522 1250 1557 signum
1266 1527 1334 1554 erat,
1350 1521 1405 1556 (l6)
1416 1520 1489 1555 quod
1503 1520 1575 1548 Deus
1588 1520 1670 1556 Egy-

882 1568 953 1602 ptios
979 1573 1051 1595 esset
1079 1566 1284 1598 interfecturus,
1316 1573 1349 1593 ac
1375 1565 1531 1593 salvaturus
1557 1573 1605 1593 eos
1624 1565 1672 1600 qui

881 1614 1010 1642 lsraelila:
1029 1614 1211 1649 appellantur.
1238 1613 1271 1640 Et
1289 1612 1399 1648 quidem
1415 1611 1517 1640 factum
1535 1611 1618 1640 Mosis
1635 1613 1672 1638 ita

844 1669 866 1699 ρ
883 1667 912 1687 se
929 1660 1021 1686 habet.
1035 1660 1068 1685 At
1087 1667 1151 1687 vero
1165 1666 1255 1687 sermo
1275 1659 1327 1686 iste
1342 1659 1421 1686 aliam
1438 1659 1517 1686 nobis
1529 1658 1672 1685 sublimis-

881 1705 978 1733 simam
1005 1705 1115 1732 exhibet
1144 1705 1351 1739 intelligentiam
1376 1705 1403 1732 in
1431 1705 1595 1736 (Bconomia,
1618 1712 1666 1731 seu

879 1750 1083 1785 dispensatione
1102 1750 1215 1778 Christi.
1237 1749 1360 1782 Scilicet,
1378 1758 1439 1777 cum
1467 1751 1614 1785 reperisset
1627 1749 1672 1777 ille

881 1795 1022 1823 lsraelitas
1036 1795 1111 1830 gravi
1127 1802 1276 1830 oppressos
1291 1795 1405 1821 avaritia
1420 1794 1582 1830 (intraverat
1598 1794 1671 1821 enim

881 1840 1015 1866 violenter
1039 1840 1065 1866 in
1089 1839 1150 1866 illos
1172 1838 1299 1873 Satanas)
1320 1838 1497 1866 miseratione
1522 1844 1670 1873 permotus.

882 1886 997 1913 liberare
1010 1894 1058 1913 eos
1072 1885 1202 1913 decrevit.
1218 1885 1325 1912 Occidit
1342 1885 1425 1920 igitur
1445 1893 1519 1918 eum,
1537 1886 1583 1920 qui
1599 1886 1672 1921 ipsos

881 1932 980 1959 lzedere
994 1939 1142 1966 aggressus
1157 1931 1246 1958 fuerat
1261 1939 1268 1963 ;
1296 1931 1473 1966 occisumqne
1486 1930 1629 1958 abscondit
1644 1932 1671 1958 in

883 1982 982 2008 terra;
1010 1977 1062 2004 hoc
1085 1981 1138 2009 est,
1157 1977 1183 2004 in
1208 1976 1407 2008 subterraneis,
1439 1984 1486 2003 seu
1511 1976 1538 2003 in
1563 1976 1671 2003 inferno

882 2023 1019 2050 conclusit
1035 2021 1164 2049 Satanam
1183 2022 1307 2049 Salvator
1321 2026 1435 2054 noster;
1456 2021 1574 2056 indeque
1586 2022 1672 2057 justi-

883 2070 926 2097 tiaa
939 2069 1082 2096 ductorem
1097 2068 1229 2096 lsraelilis
1243 2076 1274 2096 se
1290 2068 1424 2096 exhibuit.
1446 2067 1486 2094 Illi
1503 2073 1594 2094 autem
1609 2076 1670 2094 eum

883 2114 986 2149 gratias
1001 2121 1081 2149 agere
1098 2113 1270 2145 debuissent,
1284 2121 1299 2140 e
1315 2117 1410 2140 contra
1425 2112 1552 2140 dicebant
1566 2120 1573 2138 :
1595 2121 1604 2136 ι
1622 2110 1672 2138 Hic

883 2168 936 2186 non
951 2159 1025 2192 ejirit
1038 2158 1187 2189 Daemonia,
1203 2159 1254 2185 nisi
1268 2159 1294 2185 in
1308 2157 1462 2185 Beelzebub
1475 2157 1597 2193 principe
1615 2155 1672 2183 Dac-

883 2205 1038 2232 mouiorum
1055 2204 1088 2230 ³¹¹.
1109 2213 1118 2230 ι
1136 2203 1319 2236 Quamobrem
1333 2211 1364 2230 ex
1376 2202 1470 2230 Judaza
1486 2203 1514 2230 in
1533 2202 1670 2229 Galilaeam

884 2249 1065 2277 transmeavit
1092 2248 1345 2284 (quemadmodum
1371 2248 1463 2275 Moses
1499 2247 1617 2282 perrexit
1641 2247 1668 2273 in

884 2300 984 2323 terram
998 2295 1131 2330 Madian),
1156 2302 1203 2322 seu
1218 2302 1251 2322 ex
1262 2293 1414 2321 Gentilibus
1428 2293 1577 2321 Ecelesiam
1592 2299 1670 2321 suam

838 2349 865 2379 ι)
884 2341 1072 2376 congregavit.

1147 2386 1229 2422 226
1255 2382 1403 2411 rexrus.

913 2444 972 2476 Ἧι,
987 2443 1085 2471 50-52.
1097 2443 1129 2470 Et
1149 2443 1264 2478 expletis
1286 2442 1365 2469 anuis
1377 2440 1570 2475 quadraginta,
1586 2447 1669 2473 appa-

879 2490 934 2517 ruit
944 2489 982 2516 illi
992 2489 1018 2516 in
1026 2489 1135 2516 deserto
1141 2489 1242 2516 montis
1251 2488 1317 2515 Sina
1326 2487 1438 2523 angelus
1448 2487 1474 2512 in
1484 2486 1546 2521 igne
1555 2485 1670 2518 flatimue

885 2536 957 2563 rubi.
976 2535 1084 2570 Moyses
1093 2538 1183 2562 autem
1194 2535 1300 2566 videns,
1315 2534 1467 2560 admiratus
1476 2531 1625 2564 estvisum,
1642 2535 1669 2557 et

881 2581 1030 2609 accedente
1050 2581 1106 2612 illo.
1127 2585 1156 2608 ut
1168 2581 1365 2613 consideraret,
1379 2579 1450 2606 facta
1459 2577 1607 2607 estadeum
1617 2583 1669 2604 vox

637 2717 739 2747 Variae
761 2715 918 2746 lectiones
935 2717 966 2745 et
987 2717 1084 2747 notae.

77 2773 100 2790 “
111 2773 208 2808 αὐτὴν,
245 2771 268 2787 ⁸⁸
283 2770 373 2806 φόνος.
411 2771 434 2787 ⁸⁵
454 2771 544 2804 φόνος.
581 2769 605 2784 ⁸⁵
621 2768 664 2794 ῖσ.
683 2767 757 2798 τούς.
792 2767 814 2782 ⁸⁷
826 2765 983 2792 ἐσκέπτετο.
1023 2764 1045 2780 ⁸⁸
1060 2763 1242 2790 κατέκλεισεν.
1279 2764 1301 2779 δ’
1319 2763 1447 2798 βραϐεὺς.

78 2852 131 2886 (lii)
150 2851 254 2878 Locum
271 2850 343 2878 hunc
359 2858 390 2877 ex
414 2848 583 2876 (Ecumenio
599 2867 606 2881 ,
622 2846 669 2882 qui
682 2847 758 2881 paria
783 2845 828 2872 hic
848 2843 940 2876 habet,
957 2842 1079 2878 suppleo.
