1858 3057
164 201 213 228 gas
226 200 232 218 :
247 195 276 219 ut
289 191 310 218 si
327 199 398 225 quos
414 190 564 218 invenisset
582 190 664 224 hujus
690 190 739 217 via:
755 191 828 218 viros
847 197 879 217 ac
895 198 956 217 mu-
971 194 995 223 Α

167 240 257 268 lieres,
270 238 375 264 vinctos
385 237 547 270 perduceret
565 236 591 262 in
602 235 767 263 Jerusalem.
785 236 817 262 Et
831 243 891 263 cum
906 236 958 262 iter

165 284 280 313 laceret,
307 281 420 315 contigit
445 284 475 307 ut
494 280 728 315 appropinquaret
768 280 900 308 Damaseo
930 285 958 308 et

120 350 124 354 .
165 328 256 355 subito
286 326 468 353 circnminlsit
486 333 547 352 cum
577 326 621 352 lux
646 325 679 352 de
699 326 780 353 coelo.
806 327 837 352 Iit
856 326 958 353 cadens

165 374 191 399 in
218 378 319 399 terram
348 371 453 398 audivit
483 379 577 399 vocem
604 372 740 399 dicentem
765 372 817 399 sibi
840 371 956 404 :Saule,

163 421 253 453 Sattle,
272 420 337 454 quid
363 427 405 446 me
427 420 623 454 persequeris?
648 419 699 452 Qui
726 419 810 446 dicit:
829 418 897 452 Quis
915 425 956 450 es,

163 465 295 492 Domine?
311 465 343 491 Et
358 466 426 492 ille:
449 465 505 500 Ego
533 473 594 492 sum
620 464 701 493 Jesus
731 473 811 500 quem
841 470 869 492 tu
895 473 957 499 per-

162 512 308 545 sequeris;
337 511 436 538 dttrum
457 517 500 538 est
527 511 575 538 tibi
604 516 699 538 contra
731 511 873 538 stimulttm
904 511 958 537 ral-

162 557 273 583 citrare.
305 557 338 583 Et
385 564 505 584 tremens
539 564 571 583 ac
610 561 726 591 stupens
765 556 863 583 dixit:
901 556 958 584 Do-

163 602 246 634 mine,
263 603 328 636 quid
347 611 390 629 me
415 603 454 629 IIS
478 602 586 629 facere?
607 601 638 628 Et
663 601 793 628 Dominus
813 602 846 629 ad
868 610 928 629 eum
947 611 955 630 :

165 647 252 682 Surge
279 652 305 674 et
328 648 472 682 ingredere
498 647 648 678 civitatem,
663 652 689 674 et
707 647 744 674 ibi
771 647 880 674 dicetur
907 647 955 673 tibi

163 694 227 728 quid
249 698 276 720 te
310 698 433 727 oporteat
454 693 555 720 facere.
574 692 630 719 Viri
660 698 749 719 autem
774 692 824 725 illi,
843 693 888 727 qui
910 700 956 719 eo-

163 738 332 765 mitabantur
348 746 410 764 cum
434 747 476 772 eo,
499 739 609 765 stabant
626 738 786 773 stupefacti,
812 738 955 766 audientes

163 785 273 819 quidem
292 792 398 817 vorem,
418 786 554 812 netninem
570 789 661 811 autem
679 785 813 812 videntes.
832 784 953 811 Surrein

163 834 252 856 autem
267 829 367 856 Saulus
379 829 413 856 de
428 833 512 860 terra,
530 829 686 863 apertisque
704 828 792 856 oculis
819 828 954 855 neminem

165 875 288 902 vnleltat.
303 875 342 901 Ad
359 882 456 901 manus
477 879 568 901 autem
588 874 664 900 illum
687 874 837 906 trahentes,
869 873 955 900 intro-
972 865 991 891 Β

163 921 304 946 duxerunt
321 920 496 947 Damascum.
510 919 543 946 Et
552 924 608 947 erat
621 920 657 946 ibi
668 927 683 946 a
694 919 781 948 tribus
793 919 890 947 diebus
899 927 953 947 non

166 965 276 996 videns,
292 970 319 992 et
337 973 390 992 non
421 965 606 998 manducavit,
623 973 710 1000 neque
727 965 804 992 bibit.
826 965 890 991 Erat
906 972 954 990 att-

165 1015 218 1038 tetn
237 1011 345 1045 quidam
364 1011 517 1045 discipulus
535 1011 674 1043 Damasci,
687 1011 797 1037 nomine
811 1010 931 1037 Ananias
944 1018 951 1042 ;

161 1061 189 1083 et
204 1057 273 1084 dixit
289 1057 321 1083 ad
337 1057 412 1083 illutn
429 1057 456 1083 in
474 1057 532 1084 visu
550 1056 681 1084 Dominus
698 1066 705 1084 :
723 1057 839 1083 Anania.
857 1056 891 1083 At
907 1055 952 1083 ille

162 1103 216 1130 ait:
231 1103 299 1130 Ecce
314 1111 375 1138 ego,
389 1103 512 1131 Domine.
526 1103 559 1130 Et
572 1103 704 1131 Dominus
717 1106 750 1130 ad
763 1110 842 1130 eum:
855 1102 952 1138 Surge,

162 1153 189 1174 et
205 1148 270 1175 vade
283 1148 310 1174 in
326 1149 427 1181 vicum,
443 1150 489 1182 qui
506 1153 618 1176 vocatur
633 1149 751 1176 Rectus:
769 1153 796 1176 et
809 1157 902 1184 quaere
921 1150 948 1175 in

161 1193 326 1221 domoJudaa
340 1194 453 1221 Saulum
470 1195 591 1227 nomine,
604 1195 786 1222 Tarsensem:
798 1202 862 1222 ecce
878 1194 951 1221 enim

163 1242 234 1264 orat.
252 1238 296 1273 (Et
318 1239 386 1266 vidit
402 1240 490 1266 virum
506 1239 639 1266 Anauiam
657 1240 778 1270 nomine.
807 1240 950 1267 introeun-

163 1289 216 1310 tem
233 1289 259 1310 et
275 1285 460 1318 imponentem
475 1285 526 1312 sibi
541 1292 649 1317 manus,
663 1291 694 1312 ut
707 1285 794 1312 visum
813 1285 950 1319 recipiat.)

160 1328 310 1363 Ituspundt
327 1336 417 1357 autem
438 1331 577 1358 Ananias:
596 1330 722 1363 Domine,
739 1330 832 1358 audivi
849 1338 863 1357 a
879 1331 950 1357 mul-

159 1375 194 1402 tis
207 1375 240 1402 de
258 1377 315 1403 viro
344 1377 405 1407 hoc,
438 1383 540 1411 quanta
568 1378 637 1403 mala
664 1377 759 1403 let-erit
779 1377 881 1403 sanctis
898 1377 951 1403 tuis

159 1421 184 1446 in
201 1420 365 1448 Jerusalem:
383 1426 409 1448 et
423 1422 466 1448 Itic
488 1422 570 1449 habet
586 1427 747 1456 potestatem
773 1429 787 1448 a
815 1421 948 1456 principi-

159 1466 210 1493 bus
226 1467 399 1494 sacerdotum
414 1467 543 1502 alligandi
570 1475 666 1495 omnes
686 1469 733 1502 qui
755 1468 885 1496 invocant
899 1476 950 1495 no-

159 1521 219 1540 men
244 1518 330 1540 tuum.
347 1513 420 1541 Dixit
441 1520 530 1541 autem
548 1515 580 1541 ad
610 1523 671 1542 eum
692 1515 845 1543 Dominus:
863 1516 948 1549 Vade,
965 1534 986 1563 C

158 1558 288 1593 quoniam
306 1566 354 1585 vas
385 1559 527 1587 electionis
542 1565 584 1587 est
595 1561 660 1587 milii
676 1561 737 1593 iste,
755 1565 784 1588 ut
800 1566 888 1596 portet
899 1569 950 1589 no-

158 1613 220 1632 men
249 1613 339 1633 meum
366 1613 456 1633 coram
483 1608 610 1642 gentibus
637 1613 663 1636 et
694 1609 805 1645 regibus
835 1614 862 1637 ct
886 1610 950 1638 ﬁliis

158 1649 251 1676 Israel.
264 1649 319 1684 Ego
336 1651 408 1677 enim
423 1652 565 1678 ostendam
576 1653 626 1685 illi,
639 1659 741 1688 quanta
752 1659 875 1688 oporteat
889 1663 950 1682 cum

157 1701 206 1730 pro
219 1696 329 1722 nomine
344 1703 402 1722 meo
415 1697 479 1730 pati.
495 1696 526 1723 Et
536 1698 604 1725 abiit
618 1699 739 1728 Ananias
753 1701 911 1728 etintroivit
923 1701 951 1728 in

157 1740 284 1773 domum;
298 1747 323 1768 et
337 1742 480 1777 imponens
491 1744 515 1771 ei
532 1753 640 1778 manus,
658 1746 738 1773 dixit:
756 1746 839 1775 Saule
855 1747 950 1781 frater,

157 1785 289 1814 Dominus
309 1787 382 1814 misit
405 1795 447 1815 me
459 1788 540 1816 Jesns
558 1790 639 1826 239
656 1792 702 1826 qui
720 1793 844 1827 apparuit
860 1794 908 1821 tibi
924 1794 950 1820 in

160 1831 214 1862 via,
234 1839 285 1865 qua
300 1833 440 1866 veniebas,
458 1840 488 1862 nt
510 1836 602 1864 videas
622 1841 650 1864 et
678 1838 818 1873 implearis
846 1839 950 1874 Spiritu

156 1880 266 1910 sancto.
285 1876 314 1902 Et
331 1878 474 1906 confestim
488 1880 693 1909 cecideruntth
705 1883 791 1911 oculis
810 1883 870 1917 ejus
887 1887 951 1911 tan-

154 1928 237 1966 quam
259 1930 389 1957 squanxze,
403 1928 429 1952 et
441 1925 526 1952 visum
542 1929 654 1963 recepit:
666 1933 692 1956 et
702 1931 949 1966 surgensbaptizao

153 1963 196 1996 lus
211 1972 264 2003 est,
277 1975 303 1997 et
323 1977 384 1997 cum
401 1974 550 2008 accepisset
565 1976 669 2010 cibum,
693 1977 861 2007 confortatus
881 1984 932 2007 est.

401 2060 690 2092 COMMENTARIUS.

187 2102 286 2132 Vocem
304 2105 379 2133 Pauli
401 2108 547 2136 audierunt
562 2111 608 2144 qui
635 2119 697 2138 cum
718 2120 752 2140 eo
773 2119 867 2148 erant,
889 2124 942 2143 non

150 2153 242 2176 autem
265 2157 379 2182 vocem,
400 2160 460 2186 quae
479 2153 512 2181 de
534 2155 603 2182 cado
624 2156 735 2191 delapsa
758 2158 790 2185 ad
809 2167 871 2186 eum
889 2165 942 2188 est.

150 2192 281 2221 Interiora
299 2195 371 2222 enim
390 2201 494 2225 tantum
524 2200 620 2227 audire
636 2201 691 2229 illis
707 2209 871 2230 concessum
889 2211 940 2233 est.

148 2240 291 2276 Alioquin,
307 2242 330 2268 si
344 2243 483 2271 ccelestem
501 2246 575 2274 illam
591 2247 745 2276 audiissent
760 2257 865 2282 vocem,
887 2259 940 2279 non

149 2291 228 2319 puto,
240 2286 374 2315 increduli
388 2291 594 2320 remansissent.
623 2292 718 2328 Neque
731 2302 792 2321 eum
806 2296 941 2330 viderunt,

149 2332 182 2358 ad
204 2340 284 2367 quem
308 2333 411 2363 Paulus
433 2339 638 2372 respondebat:
667 2340 877 2374 respondentem
901 2348 942 2372 ta-

148 2385 208 2405 men
229 2387 291 2406 cunt
308 2388 370 2408 cuin
388 2383 527 2417 audirent,
544 2385 730 2413 mirabantur.
752 2386 856 2416 Idcirco
876 2397 940 2418 vero

147 2422 246 2451 factum
266 2426 336 2453 istud
350 2429 428 2456 initio
442 2437 495 2457 non
509 2430 624 2466 contigit
635 2451 642 2463 ,
659 2436 688 2458 ut
701 2433 857 2463 evidentius
874 2443 939 2464 con-

145 2473 230 2495 staret
249 2473 415 2499 resurrectio
432 2473 546 2501 Cltristi.
569 2474 716 2507 Quomodo
736 2480 808 2505 enim
824 2479 936 2514 Paulus,

143 2515 190 2549 qui
206 2515 294 2550 ipsum
320 2517 475 2552 rejiciebat,
492 2520 539 2554 qui
555 2524 785 2552 resurrectionem
808 2527 934 2560 negabat.

144 2561 188 2594 qni
217 2562 367 2597 discipulos
395 2567 613 2600 persequebatur
643 2569 748 2604 ipsius,
775 2571 938 2600 credidisset

144 2614 276 2640 unquam.
293 2609 346 2636 nisi
362 2617 460 2646 magna
477 2611 573 2640 fuisset
600 2614 739 2642 evidentia
755 2619 936 2645 resurrectio-

143 2652 204 2679 nis?
224 2661 233 2678 t
257 2652 315 2680 Viri
331 2660 433 2683 autem.
451 2666 460 2682 ι
479 2657 535 2685 Cur
550 2659 622 2688 Deus
634 2668 689 2688 non
701 2661 818 2696 aliquem
834 2671 937 2698 inagna:

142 2698 315 2727 auctoritatis
350 2708 382 2728 ac
404 2701 548 2738 dignitatis
571 2706 659 2733 virum
693 2707 726 2734 ad
751 2707 866 2735 Paulum
893 2710 936 2736 in«

139 2745 300 2772 etruendum
319 2746 484 2788 destinavit,
505 2751 551 2778 sed
577 2757 682 2780 tantum
707 2753 865 2788 Ananiam,
887 2756 932 2790 qui

634 134 922 165 THEOPIIYLACTI
940 136 1146 166 BULGARH'I
1166 138 1266 168 ARCH
1275 139 1345 170 IEP.

1739 143 1803 175 932

1008 191 1081 223 ὅπως
1093 192 1141 218 ἐάν
1161 201 1238 224 τινας
1252 193 1320 230 εὕρῃ
1342 195 1390 228 τῆς
1408 194 1470 221 ὁδοῦ
1481 195 1570 228 ὕντας.
1588 197 1689 232 ἄνδρας
1706 207 1734 225 τε
1753 202 1808 225 καὶ

1008 239 1158 271 γυναῖκας,
1184 239 1343 274 δεδεμένους
1368 241 1460 276 ἀγάγῃ
1482 243 1521 274 είς
1540 243 1730 279 Ἰερουσαλήμ,
1758 246 1808 271 Ἐν

1008 284 1036 310 δὲ
1052 284 1092 318 τῷ
1108 285 1272 319 πορεύεσθαι
1285 287 1377 318 αὐτὸν,
1397 288 1506 322 ἐγένετο
1520 290 1642 323 ἐγγίζειν
1655 293 1688 325 τῇ
1705 292 1808 327 Δαμα-

1010 329 1077 364 σκῷ,
1095 330 1143 356 καὶ
1157 330 1287 366 ἐξαίφνης
1311 333 1516 368 περιήστραψεν
1531 335 1613 361 αὑτὸν
1630 336 1689 370 φῶς
1702 338 1736 364 ἐκ
1752 338 1806 363 τοῦ

1008 376 1134 410 ούρανοῦ,
1151 377 1197 403 καὶ
1225 378 1316 404 πεσὼν
1342 379 1390 404 ἐπὶ
1410 380 1459 414 τὴν
1483 381 1550 415 γῆν,
1575 382 1677 416 ἢκουσε
1705 384 1807 419 φωνὴν

1008 423 1140 456 λέγουσαν
1156 424 1242 458 αὐτῷ·
1260 425 1356 458 Σαοὶιλ,
1374 426 1476 458 Σαοὺλ,
1491 427 1519 453 τί
1537 437 1570 462 με
1587 429 1719 462 διώκεις;
1736 430 1806 456 εἶπε

1008 469 1048 495 δέ·
1064 470 1111 500 Τίς
1125 468 1160 502 εἴ,
1181 470 1287 504 Κύριε;
1314 470 1343 497 ”()
1366 472 1394 498 δὲ
1420 473 1525 508 Κύριος
1543 473 1630 501 εἶπεν·
1649 477 1722 509 Ἐγώ
1739 478 1805 511 εἰμι

1015 514 1117 549 Ἰησοῦς
1142 515 1171 542 ὃν
1198 516 1230 541 σὺ
1250 516 1376 548 διώκεις·
1395 518 1512 553 σκληρόν
1537 528 1577 546 σοι
1599 521 1669 556 πρὸς
1697 522 1804 556 κέντρα

1007 560 1154 592 λακτίζειν.
1173 561 1289 596 Τρὲμων
1303 571 1344 594 τε,
1361 564 1409 590 καὶ
1424 564 1548 599 θαμὸὦν,
1563 564 1635 593 εἷπε·
1654 567 1757 602 Κύριε,
1777 569 1804 593 τί

1007 613 1042 639 με
1071 604 1159 636 θέλεις
1179 605 1312 640 ﬁatﬁat;
1341 608 1397 634 Kal
1429 609 1443 634 ὁ
1473 610 1574 644 Κύριος
1606 613 1675 645 προς
1702 612 1802 638 αὐτόν·

1006 651 1162 686 ’Λνάσθητι,
1179 653 1226 678 καὶ
1239 653 1343 681 εἴσελθε
1359 656 1398 686 είς
1409 655 1458 690 τὴν
1473 657 1561 688 πόλιν,
1577 658 1657 684 κᾶκεῖ
1678 659 1804 694 λαληθή-

1008 695 1084 720 σεταί
1102 703 1142 721 σοι
1155 696 1181 722 τί
1194 705 1223 722 σε
1235 697 1275 724 δεῖ
1288 700 1385 725 ποιεῖν.
1398 700 1428 725 ΟΞ
1451 700 1478 726 δὲ
1494 701 1590 736 ἄνδρες
1601 703 1626 728 οἱ
1640 703 1803 730 συνοδεύον-

1005 739 1144 775 τες¹αὑτῷ
1175 742 1346 777 εἱστήκειςαν
1367 744 1447 777 ὲνεοὶ,
1461 746 1605 778 ἀκούοντες
1616 748 1665 781 μὲν
1679 749 1728 782 τῆς
1740 758 1802 782 acto-

1006 785 1065 820 γῆς,
1083 787 1188 821 μηδένα
1214 788 1243 814 δὲ
1272 788 1449 823 θεωροῦντες.
1471 791 1592 827 Ἠγέρθη
1608 792 1636 819 δὲ
1652 793 1667 818 ὸ
1694 794 1801 826 Zoile;

1006 831 1059 858 ἀπὸ
1083 833 1130 867 τῆς
1146 833 1207 868 γῆς,
1221 834 1404 869 ἀνεῳγμένων
1418 844 1448 861 τε
1463 835 1517 862 τῶν
1532 837 1682 872 ὀφθαλμῶν
1698 839 1798 870 αὐτοῦ,

1007 877 1102 903 οὐδένα
1117 878 1226 905 Emam.
1241 879 1485 914 Χειραγωγοῦντες
1501 880 1530 907 δὲ
1547 881 1629 908 αὑτὸν
1642 883 1800 916 εἰσήγαγον

1007 924 1046 954 εἰς
1059 924 1214 958 Δαμασκόν.
1231 924 1287 951 Kal
1302 923 1335 959 ἦν
1351 925 1457 960 ἡμέρας
1472 927 1547 960 τρεῖς
1563 927 1600 962 μὴ
1612 927 1734 962 βλέπων,
1752 930 1800 954 καὶ

1006 968 1055 993 οὐκ
1077 967 1181 1002 ε’ραγεν
1196 968 1256 995 οὐδὲ
1282 969 1369 996 ἔπιεν.
1383 967 1437 996 Ἦν
1451 970 1479 996 δέ
1494 979 1536 1002 τις
1552 971 1680 1006 μαθητὴς
1696 973 1726 998 ἐν
1742 974 1799 999 Δα-

1007 1014 1106 1049 μασκῷ
1123 1014 1237 1050 ὀνόματι
1260 1015 1400 1047 Ἀνανίας.
1427 1017 1481 1042 Καὶ
1501 1014 1562 1043 εἷπε
1592 1018 1660 1052 πρὸς
1685 1018 1771 1044 αὑτὶν
1785 1020 1800 1044 δ

1006 1058 1109 1094 Κύριος
1125 1060 1154 1086 ἐν
1169 1060 1297 1095 ὁράματι·
1311 1060 1434 1088 Ἀνανία.
1458 1062 1487 1088 '0
1502 1062 1529 1088 δὲ
1543 1060 1630 1089 εἷπεψ
1649 1063 1716 1090 Ἰδοὺ
1729 1064 1797 1098 ἐγὼ,

1005 1104 1105 1139 Κύριε.
1131 1105 1160 1131 Ὀ
1174 1105 1201 1132 δὲ
1219 1105 1322 1141 Κύριος
1342 1106 1412 1140 πρὸς
1428 1106 1520 1133 αὐτόν’
1542 1108 1675 1140 Ἀναστὰς
1694 1108 1796 1143 πορεύ-

1005 1151 1063 1184 θητι
1082 1151 1128 1176 ἐπὶ
1153 1151 1202 1186 τὴν
1228 1152 1316 1187 ῥύμην
1341 1153 1390 1188 τὴν
1412 1154 1581 1189 καλουμένην
1597 1155 1725 1187 Εὐθεῖαν,
1747 1157 1796 1182 καὶ

1007 1195 1125 1232 ζήτησον
1143 1198 1172 1224 ἐν
1188 1198 1262 1233 οἰκία
1287 1199 1373 1225 Ἰούδα
1400 1200 1501 1226 Σαῦλον
1522 1201 1634 1236 εσνοματι
1646 1222 1653 1233 ,
1669 1202 1796 1237 Ταρσέα.

1011 1242 1075 1268 Ἰδοὺ
1090 1243 1144 1277 γὰρ
1172 1244 1363 1279 προσεύχεται,
1384 1246 1431 1272 καὶ
1448 1244 1518 1273 εἶδεν
1532 1248 1559 1272 ἑν
1574 1248 1694 1282 ὁράματι
1710 1249 1798 1284 ἄνδρα

1004 1288 1131 1314 Ἀνανίαν
1159 1289 1271 1322 ὀνόματι
1304 1290 1460 1318 εἰσελθόντα
1487 1292 1534 1318 καὶ
1563 1292 1692 1319 ἐπιθέντα
1719 1294 1796 1328 αὐτῷ

1003 1334 1080 1368 χεῖρα
1094 1333 1169 1365 ὅπως
1183 1334 1332 1370 ἀναῦλέψῃ.
1357 1336 1505 1372 Ἀπεκρίθη
1526 1337 1554 1364 δὲ
1574 1338 1721 1370 ’Λνανίας’
1739 1340 1798 1367 Κύ-

1006 1387 1058 1414 ριε,
1079 1379 1186 1414 ἀκήκοα
1204 1381 1327 1414 περὶτοῦ
1344 1382 1440 1417 ἀνδρὸς
1456 1383 1552 1410 τούτου
1577 1386 1652 1420 παρὰ
1674 1386 1795 1418 πολλῶν,

1001 1425 1052 1451 ὃσα
1074 1425 1145 1452 κακὰ
1172 1426 1284 1461 ἐποίησε
1298 1428 1353 1459 τοῖς
1379 1428 1466 1462 ἁγίοις
1487 1438 1534 1456 σου
1556 1431 1584 1456 ἐν
1602 1431 1794 1468 Ἰερουσαλήμ.

1001 1470 1057 1496 Καὶ
1077 1467 1128 1497 ὧδε
1150 1470 1205 1506 ἔχει
1236 1472 1358 1503 ἐξουσίαν
1373 1475 1448 1508 παρὶι
1461 1475 1515 1502 τῶν
1538 1477 1688 1513 ἀρχιερέων
1713 1479 1796 1513 δῆσαι

1003 1516 1108 1547 πάντας
1131 1517 1194 1548 τοὺς
1210 1518 1444 1554 ἐπικαλουμένους
1461 1521 1490 1547 τδ
1505 1521 1592 1557 ὄνομα
1604 1532 1662 1550 σου.
1678 1523 1750 1550 Eine
1767 1525 1795 1550 δὲ

1004 1563 1074 1597 πρδς
1088 1563 1170 1590 αὑτὸν
1189 1564 1203 1589 ὁ
1222 1564 1333 1599 Κύριος·
1352 1566 1483 1601 Πορεύου,
1498 1568 1539 1594 ὅτι
1557 1569 1655 1601 σκεῦος
1669 1571 1794 1604 ἐκλογῆς

1005 1608 1049 1642 μοί
1068 1609 1143 1635 ἐστιν
1151 1605 1238 1641 οὗτος,
1254 1611 1300 1636 τοῦ
1317 1610 1451 1645 βαστάοαι
1465 1613 1495 1639 τὸ
1506 1613 1592 1648 ὄνομά
1608 1624 1659 1649 μου
1674 1616 1795 1643 ἐνώπιον

1003 1654 1089 1680 ὲθνῶν
1102 1663 1131 1680 τε
1148 1655 1196 1681 καὶ
1217 1655 1360 1690 βασιλέων,
1379 1658 1444 1685 utam
1459 1667 1488 1685 τε
1503 1659 1623 1695 Ἰσραήλ.
1644 1661 1719 1695 Ἐγὼ
1739 1662 1795 1698 γὰρ

1003 1700 1136 1734 ὑποδείξω
1152 1701 1227 1736 αὐτῷ
1239 1702 1289 1728 ὅσα
1311 1703 1352 1730 δεῖ
1365 1704 1449 1731 αὐτὸν
1464 1706 1560 1733 παθεῖν
1576 1707 1647 1742 ὑπὲρ
1669 1708 1720 1735 τοῦ
1735 1709 1795 1736 ὀνό-

1004 1747 1089 1782 ματός
1108 1756 1169 1782 μου.
1185 1748 1304 1782 ’Λπῆλθε
1329 1749 1357 1776 δὲ
1380 1750 1516 1784 Ἁνανίας,
1532 1752 1581 1779 καὶ
1603 1754 1730 1788 εἰσῆλθεν
1754 1756 1795 1787 εἰς

1002 1792 1051 1827 τὴν
1064 1792 1164 1819 οἰκίαν·
1177 1794 1225 1820 καὶ
1250 1793 1353 1826 ἐπιθεὶς
1369 1795 1413 1822 ἐπ’
1427 1796 1509 1824 αὐτὸν
1529 1799 1580 1830 τὰς
1592 1801 1700 1834 χεῖρας,
1718 1799 1793 1827 εἷπε*

1003 1838 1089 1866 Σαοὺλ
1108 1839 1216 1873 ἁδελφὲ,
1233 1840 1246 1867 ὁ
1261 1839 1365 1876 Κύριος
1379 1842 1534 1870 ἀπέσταλκέ
1550 1853 1584 1880 με
1601 1845 1617 1871 ὁ
1639 1846 1738 1881 ὀφθείς
1751 1855 1793 1874 σοι

1004 1885 1033 1910 ὲν
1047 1885 1080 1919 τῇ
1095 1884 1146 1920 ὁδῷ
1210 1885 1306 1921 ἤρχου,
1325 1887 1401 1919 ὅπως
1417 1888 1581 1925 ἀναϐλέψῃς,
1596 1891 1644 1918 καὶ
1665 1892 1793 1928 πλησθῇς

998 1931 1157 1966 Πνεύματος
1170 1933 1262 1967 ἁγίου.
1278 1935 1332 1961 Καὶ
1348 1935 1450 1968 εὐθέως
1466 1936 1604 1964 ἀπέτεσον
1613 1938 1669 1966 ἀπὸ
1678 1939 1737 1967 τῶν
1745 1940 1791 1974 οφ

988 1979 1100 2014 θαλμῶν
1112 1980 1195 2007 αὑτοῦ
1205 1981 1270 2008 ὡσεὶ
1281 1982 1398 2016 λεπίδες,
1408 1984 1584 2020 ἀνέὂλεψέυτε
1605 1988 1789 2023 παραχρῆμα,

999 2027 1047 2054 καὶ
1059 2027 1178 2060 ἀναστὰς
1188 2029 1350 2064 ἐϐαπτίσθη,
1364 2031 1411 2058 καὶ
1425 2032 1514 2059 λαϐὼν
1524 2034 1627 2070 τροφὴν
1635 2036 1788 2066 ὲνίσγυσεν.

1291 2072 1490 2105 EPMHNEIA.‘

1035 2118 1090 2153 Τὴν
1106 2119 1198 2154 φωνὴν
1211 2119 1258 2145 τοῦ
1274 2120 1381 2147 Παύλου
1391 2122 1511 2157 ἤκουσαν
1523 2124 1546 2150 ui
1561 2126 1687 2158 συνόντες
1701 2127 1787 2163 αὐτῷ,

997 2163 1092 2190 οὐδένα
1107 2163 1134 2190 δὲ
1147 2163 1282 2199 ἐθεώρουν
1304 2166 1373 2200 πρὸς
1404 2167 1434 2193 ὃν
1461 2167 1639 2204 ἁπεκρίνατο.
1656 2172 1719 2199 Τῶν
1732 2174 1786 2208 γὰρ

996 2209 1146 2236 ἐλαττόνων
1165 2210 1293 2245 ἐποίησεν
1320 2212 1417 2243 αὐτοὺς
1446 2213 1595 2249 ἀκροατάς.
1617 2217 1648 2243 Εἰ
1667 2218 1723 2254 γὰρ
1736 2219 1785 2253 τῆς

995 2255 1088 2289 φωνῆς
1110 2255 1230 2290 ἤκουσαν
1251 2256 1369 2292 ἐκείνης,
1386 2259 1438 2285 κᾶν
1461 2259 1484 2275 ’¹⁸
1500 2261 1665 2298 ἠπίστησαν.
1685 2264 1739 2291 Τὸν
1757 2265 1784 2291 δὲ

995 2300 1097 2326 Σαῦλον
1126 2301 1244 2336 ὁρῶντες
1279 2303 1512 2338 ἀποκρινόμενον,
1535 2306 1701 2342 ἐθαύμαζον.
1735 2310 1783 2336 Διὰ

992 2345 1073 2372 τοῦτο
1096 2346 1124 2372 δὲ
1145 2347 1196 2373 οὑκ
1223 2347 1252 2380 ἐξ
1286 2348 1372 2383 ἀρχῆς
1390 2349 1469 2376 τοῦτο
1488 2351 1610 2385 γέγονεν,
1627 2353 1672 2380 ἴνα
1689 2354 1781 2390 δειχθῇ

992 2390 1089 2423 ὅντως,
1104 2392 1146 2418 ὅτι
1162 2393 1261 2429 ἀνέστη
1274 2394 1288 2420 ὁ
1302 2395 1433 2429 Χριστός.
1451 2397 1481 2423 '0
1495 2397 1549 2433 γὰρ
1558 2399 1680 2427 ἐλαύνων
1689 2401 1780 2433 αὐτὸν,

992 2436 1040 2463 καὶ
1055 2437 1179 2464 ἀπιστῶν
1190 2438 1273 2465 αὐτοῦ
1289 2441 1322 2476 τῇ
1338 2440 1496 2475 ἀναστάσει,
1511 2443 1561 2470 καὶ
1574 2445 1639 2476 τοὺς
1655 2446 1780 2482 μαθητὰς

992 2482 1074 2508 αὑτοῦ
1092 2483 1208 2517 δ;ώκων,
1226 2484 1307 2512 πόθεν
1317 2486 1350 2512 ἂν
1366 2487 1572 2522 ἑπίστευσεν,εἰ
1588 2491 1625 2526 μή
1644 2492 1730 2527 πολλὴ
1746 2491 1779 2528 ἦν

989 2528 1039 2562 τῆς
1054 2528 1229 2562 ἀναστάσεως
1247 2531 1342 2566 ίσχύς;
1363 2542 1372 2558 ι
1386 2533 1417 2560 Οἱ
1427 2534 1456 2560 δὲ
1471 2534 1576 2570 ἄνδρες.
1596 2546 1606 2562 ι
1620 2537 1653 2563 Τί
1664 2538 1697 2573 δή
1715 2547 1778 2565 ποτε

988 2574 1084 2600 οὐδένα
1103 2575 1157 2601 τῶν
1175 2576 1340 2608 ἀξιοπίστων
1359 2579 1408 2606 καὶ
1425 2581 1551 2615 μεγάλων
1571 2582 1708 2616 εἴλκυςεν,
1720 2585 1777 2610 οὐδὲ

991 2619 1142 2655 μετέστησε
1167 2623 1236 2656 προς
1262 2623 1311 2658 τὴν
1327 2624 1375 2650 τοῦ
1398 2625 1506 2653 Παύλου
1523 2629 1689 2665 κατήχησιν,
1711 2631 1776 2657 ἀλλὰ

996 2666 1132 2698 Ἁνανίαν,
1149 2667 1197 2693 ἕνα
1213 2668 1277 2694 δντα
1299 2669 1354 2695 τῶν
1380 2671 1584 2707 ἐϐδομήκοντας
1608 2674 1716 2711 Ἐπειδὴ
1726 2677 1775 2703 οὐκ

988 2710 1083 2744 ἔμελλε
1099 2712 1133 2738 δι’
1148 2713 1301 2747 ἀνθρώπων
1317 2715 1472 2749 ὲνάγεσοαι,
1496 2718 1565 2745 ἀλλὰ
1577 2720 1611 2746 δι’
1626 2720 1709 2747 αὐτοῦ
1727 2721 1773 2747 τοῦ

984 2757 1114 2792 Χριστοῦ.
1139 2759 1216 2785 Ἐπεὶ
1235 2760 1264 2786 δὲ
1283 2757 1362 2793 οὗτος
1392 2763 1494 2794 ἐδίδαξε
1517 2765 1566 2799 μὲν
1586 2767 1669 2792 αὐτὸν
1685 2767 1770 2799 οὐδὲν,

738 2812 837 2842 Varia)
857 2813 1007 2844 lectiones
1030 2819 1059 2844 et
1083 2818 1176 2845 ιιοιω.

174 2838 196 2854 "
211 2842 260 2866 οὐκ
275 2841 317 2870 ἂν,
