1864 3063
226 136 294 170 1οἰ5

207 272 209 274 _
225 241 305 268 viens
319 240 434 269 Domino
451 250 512 269 cum
530 243 604 271 omni
619 244 773 274 humilitate
790 252 817 275 et
836 248 965 284 lacrymis
981 254 1008 277 ct

227 286 437 318 tentationibus,
466 295 526 322 quae
550 289 617 316 mihi
645 291 806 319 acciderunt
836 301 868 323 ex
898 294 1007 323 insidiis

226 332 380 359 Judaorum
405 334 567 368 :quomodo
583 335 647 363 nihil
673 337 855 366 subtraxerim
878 340 998 373 utilium,

223 385 277 412 quo
311 378 402 405 minus
421 380 614 408 annuutiarem
631 382 719 414 vobis,
745 387 774 410 et
804 384 930 412 docerem
959 393 1008 414 vos

222 423 332 457 publice
354 427 381 451 et
409 432 459 459 per
482 425 591 458 domos.
622 429 775 457 testificans
796 429 898 459 Iudaeis
926 437 1007 467 atque

220 469 367 505 gentilibus
381 471 408 498 in
423 471 506 500 Deum
527 474 717 508 pmnitentiam
742 482 769 505 et
783 477 864 506 fidem
877 478 904 506 in
915 478 1007 507 Domi-

223 524 288 544 num
308 521 434 545 nostrum
449 517 543 547 Jcsum
558 520 711 550 Christum.
730 523 763 551 Et
780 532 854 552 nunc
869 532 934 553 ecce
944 525 1005 554 alli-

220 567 299 597 gatus
313 571 364 599 ego
383 564 498 600 Spiritu,
515 567 584 595 vado
607 569 634 596 in
649 568 800 598 Jerusalem
814 579 822 605 ;
853 579 914 607 qum
928 572 955 599 in
973 580 1005 600 ea

220 613 334 637 ventura
347 610 404 639 sint
419 611 496 644 mihi,
525 613 657 649 ignorans
686 627 693 644 ι
716 616 768 645 nisi
784 617 857 652 quod
886 618 1006 654 Spiritus

220 659 334 683 sanctus
365 664 415 692 per
439 665 535 687 omnes
564 659 687 689 civitates
717 663 783 689 mihi
810 668 1002 698 protestatur,

222 701 319 730 dicens
355 704 483 738 quoniam
505 705 613 732 vincula
629 710 656 734 et
681 707 876 736 tribulatione:
893 708 1005 738 ιρι-οεο-

220 745 301 781 lymis
316 754 360 774 me
393 752 514 775 manent.
533 747 585 777 Sed
613 750 680 777 nihil
707 751 803 778 horttm
821 760 929 784 vereor,
955 760 1005 780 nec

221 791 291 818 facio
304 792 423 820 animam
445 801 532 822 meam
548 795 739 830 pretiosiorem
755 804 836 831 quam
855 805 908 830 me,
925 797 1004 825 duiu-

220 836 301 864 tuodo
313 844 501 866 consummem
515 847 626 868 cursum
649 849 750 875 meum,
773 847 801 870 ct
823 843 1002 870 ministerium

220 882 294 910 verbi
313 883 386 918 quod
403 885 494 919 accepi
513 893 528 913 a
548 886 661 914 Domino
677 887 901 920 Jesu,tcs1ificari
915 889 1004 917 Evan-
1019 875 1040 903 Β

219 927 319 962 gelium
335 929 417 964 290
431 930 526 965 gratia:
542 930 599 958 Dei.
619 931 651 959 Et
676 941 748 960 nunc
775 941 839 961 ecce
865 941 916 969 ego
931 933 1003 965 scio,

220 973 284 1007 quia
315 974 434 1009 amplius
466 983 520 1004 non
549 976 676 1004 videbitis
712 977 808 1006 faciem
842 987 931 1008 meam
954 988 1003 1008 vos

219 1025 326 1051 omnes,
339 1026 388 1054 per
405 1027 475 1054 quos
501 1022 617 1049 transivi
634 1023 787 1057 [medicans
816 1032 929 1060 regnum
943 1026 1002 1054 Dei.

220 1063 393 1100 Quapropter
406 1070 548 1095 contestor
566 1075 615 1096 vos
627 1068 757 1097 hodierna
773 1070 829 1104 die,
848 1071 911 1106 quia
923 1079 1002 1099 mum-

218 1111 271 1138 dus
290 1117 350 1141 sum
375 1119 390 1139 a
413 1112 545 1148 sanguine
559 1114 695 1142 omnium.
712 1115 770 1143 Non
799 1116 871 1144 enim
896 1118 1004 1146 subter-

222 1154 291 1191 fugi,
307 1156 457 1192 quominus
474 1159 667 1188 annuntiarem
680 1169 762 1189 omne
790 1163 936 1191 consilium
954 1164 1001 1193 Dei

217 1201 306 1230 vobis.

252 1292 390 1322 Altendite
415 1294 493 1323 vobis
520 1300 547 1323 et
562 1296 690 1326 universo
713 1299 800 1335 gregi,
825 1300 851 1327 in
875 1308 930 1336 quo
953 1310 1002 1331 vos

218 1337 337 1373 Spiritus
346 1343 461 1368 sanctus
475 1342 569 1376 posuit
582 1343 726 1379 episcopos
741 1353 834 1381 regere
849 1345 1000 1376 Ecclesiam

219 1384 265 1412 Dei
277 1392 358 1420 quam
373 1386 521 1421 acquisivit
540 1389 678 1424 sanguine
695 1397 758 1418 suo.
781 1391 838 1428 Ego
853 1393 922 1426 scio,
933 1401 1003 1429 quo-

218 1432 290 1458 niam
327 1432 470 1460 intrabunt
503 1439 564 1468 post
596 1434 793 1465 discessionem
819 1446 908 1466 meam
944 1440 1000 1476 lupi

217 1483 331 1511 rapaces
343 1476 370 1504 in
385 1484 444 1509 vos.
460 1485 514 1505 nou
540 1484 684 1513 parcentes
703 1483 788 1518 gregi.
810 1482 843 1510 Et
865 1492 897 1511 ex
923 1485 1000 1514 vobis

216 1520 285 1554 ipsis
299 1525 447 1556 exsurgent
461 1521 513 1550 viri
534 1522 677 1559 loquentes
699 1533 838 1561 perversa,
864 1532 894 1556 ut
913 1529 1000 1557 abdu-
1014 1539 1035 1568 ο

215 1570 281 1593 cant
303 1565 454 1602 discipulos
483 1572 545 1604 post
569 1576 609 1597 se.
641 1569 756 1606 Propter
782 1573 855 1607 quod
878 1573 998 1610 vigilate,

217 1612 349 1639 memoria
366 1612 527 1648 retinentes,
541 1615 671 1650 quoniam
685 1624 735 1652 per
750 1618 898 1647 triennium
920 1625 1001 1650 nocte

215 1660 242 1684 ct
256 1656 300 1685 die
310 1665 365 1685 non
378 1659 496 1691 cessavi,
519 1667 581 1688 cum
607 1661 736 1697 lacrymis
763 1671 878 1693 monens
897 1674 1001 1694 unum-

216 1710 353 1738 quemque
369 1708 503 1732 vestrum.
520 1704 553 1732 Et
567 1714 640 1733 nunc
655 1709 815 1736 commendo
838 1718 889 1738 vos
904 1711 958 1739 Deo
973 1717 1001 1740 et

215 1748 300 1776 verbo
313 1749 408 1784 gratia:
430 1750 529 1785 ipsius,
550 1751 597 1786 qui
623 1756 721 1787 potens
749 1757 792 1782 cst
818 1755 957 1785 aediﬁcare
972 1762 999 1785 et

216 1793 284 1821 dare
298 1794 485 1823 hereditatem
502 1796 528 1824 in
542 1798 720 1826 sanctificatis
735 1800 874 1830 omnibus.
895 1803 998 1838 Argen-

215 1844 272 1866 tum
283 1844 308 1867 et
325 1847 422 1868 aurum
441 1846 488 1870 aut
502 1847 606 1872 vestem
639 1845 742 1873 nullius
758 1848 914 1883 concupivi,
929 1850 1000 1877 sicut

216 1884 268 1920 ipsi
283 1886 382 1914 scitis:
396 1889 524 1922 quoniam
540 1889 572 1916 ad
598 1897 630 1918 ea
654 1898 715 1926 qua:
730 1892 796 1921 mihi
813 1901 882 1928 opus
907 1899 997 1927 erant,

214 1935 241 1958 et
259 1931 302 1960 his
327 1932 374 1968 qui
403 1941 509 1962 mecum
536 1941 611 1969 sunt,
640 1937 868 1967 ministraverunt
901 1948 999 1969 manus

214 1976 284 2005 istae.
299 1978 395 2006 Omnia
416 1981 526 2008 ostendi
543 1981 632 2015 vobis,
655 1984 784 2018 quoniam
809 1986 850 2014 sic
866 1986 998 2015 laboran-

213 2026 267 2056 tes,
280 2028 390 2058 oportet
401 2026 542 2061 suscipere
554 2027 691 2061 infirmos.
706 2038 737 2059 ac
752 2032 909 2060 meminisse
921 2034 997 2062 verbi

213 2068 322 2096 Domini
351 2068 415 2098 Jesu
445 2073 576 2107 quoniam
609 2075 667 2110 ipse
695 2076 785 2106 dixit:
817 2077 928 2107 Beatius
955 2084 998 2107 est

213 2113 279 2141 dare
290 2122 372 2150 quam
387 2116 524 2152 accipere.
550 2117 583 2145 Et
601 2126 664 2147 cum
686 2121 743 2148 ha‘c
760 2121 884 2156 dixisset,
898 2124 996 2159 positis

213 2160 328 2195 genibus
343 2161 414 2194 suis.
429 2163 518 2191 oravit
532 2170 595 2192 cum
607 2165 736 2195 omnibus
748 2167 815 2196 illis.

463 2286 746 2319 COMMENTARIUS.
870 2326 873 2329 ,

251 2340 260 2356 ι
287 2330 356 2360 Cum
381 2333 454 2360 omni
481 2333 637 2364 humilitate
677 2340 703 2363 et
737 2337 875 2373 lacrymis.
907 2349 917 2366 ι
946 2339 996 2368 llic

213 2376 343 2406 doctrina!
357 2385 413 2406 sua:
429 2379 616 2408 characterem
635 2381 670 2409 ob
687 2383 782 2410 oculos
794 2383 881 2418 ponit,
900 2392 997 2421 nempe

213 2422 315 2450 invidia
337 2426 365 2450 et
381 2423 451 2452 fastu
467 2429 606 2458 expertem
621 2433 692 2458 esse,
708 2427 822 2463 aliisque
852 2430 997 2458 condolcre

217 2468 338 2501 (dolebat
357 2469 429 2496 enim
444 2469 489 2497 ille
505 2474 532 2497 et
548 2478 597 2505 pro
617 2470 672 2498 illis
683 2472 729 2506 qui
748 2473 883 2507 peribant,
903 2479 930 2502 et
946 2483 995 2510 pro

211 2513 244 2541 iis
259 2514 305 2549 qui
319 2514 494 2549 perdebant),
508 2520 535 2543 ct
550 2515 666 2544 humiles
680 2524 741 2545 esse
772 2519 811 2553 (at
823 2526 876 2546 non
897 2525 994 2547 utcun-

210 2566 274 2594 que,
295 2559 341 2587 sed
356 2567 417 2587 cum
430 2560 504 2588 omni
518 2560 682 2592 humilitate.
693 2570 800 2598 nempe,
812 2564 839 2591 in
855 2565 947 2599 verbo,
965 2566 992 2593 in

210 2612 303 2639 opere.
321 2613 383 2641 erga
398 2607 554 2642 superiores
569 2611 597 2635 et
622 2607 788 2644 inferiores),
803 2614 830 2637 et
842 2618 903 2644 qua).
918 2612 993 2638 utilia

210 2655 276 2677 sunt
309 2651 404 2685 loqui:
422 2656 502 2679 erant
518 2659 637 2687 namque
660 2653 743 2680 multa
761 2661 821 2689 quas
843 2655 948 2683 discere
960 2656 993 2684 iis

209 2704 263 2724 non
276 2697 452 2732 expediebat.
465 2698 552 2727 Sicuti
563 2699 634 2727 enitn
644 2700 766 2736 quaedam
779 2701 833 2729 illis
842 2702 989 2735 occultare,

665 142 950 175 THEOPHYLACTI
969 146 1175 180 BULGARL’E
1197 152 1376 186 ARCHIEP.

224 192 344 228 qualiter
359 195 500 223 vobiscum
527 203 574 231 per
596 203 677 224 omne
693 201 800 233 tempus
823 199 931 234 fuerim,
948 208 1006 229 διοι-
1024 208 1045 233 Α
1060 214 1093 241 πρ

225 240 338 250 _,_,_n
388 242 394 248 .
425 249 428 250 ν
597 243 627 250 ..
836 248 842 250 .

1060 207 1171 241 πρώτης
1188 208 1294 243 ἡμέρας
1310 210 1358 244 ἀφ’
1372 207 1405 247 ﬁ;
1419 211 1521 248 ὲπέδην
1537 213 1577 245 εἰς
1593 214 1642 250 τὴν
1665 216 1771 249 Ἀσίαν,

1771 159 1837 194 1016

1788 220 1840 250 πῶς

1061 253 1121 288 μεθ’
1135 255 1213 289 ὑμῶν
1226 255 1271 283 τδν
1286 257 1375 285 πάντα
1387 258 1482 294 χρόνον
1494 260 1628 296 ἐγενόμην
1637 270 1645 277 ⁸
1660 262 1796 290 δουλεύων
1807 266 1840 300 τῷ

1060 299 1154 334 Κυρίῳ
1180 300 1250 334 μετᾶ
1274 301 1366 337 πάσης
1387 305 1650 340 ταπεινοφροσύνης,
1666 307 1714 334 καὶ
1743 308 1842 335 πολλῶν

1058 344 1184 380 δακρύων
1199 346 1247 373 καὶ
1262 349 1423 384 πειρασμῶν
1436 350 1490 377 τῶν
1510 351 1673 386 συμϐάντων
1685 361 1733 387 μοι
1747 353 1776 379 ἐν
1786 356 1839 386 ταῖς

1058 390 1215 424 ἐπιϐουλαῖς
1237 392 1293 420 τῶν
1317 394 1470 422 Ἰουδαίων
1491 396 1529 428 ὡς
1545 397 1622 424 οὐδὲν
1641 398 1838 434 ὑπεστειλάμην

1057 437 1111 464 τῶν
1124 441 1319 474 συμφερόντων
1331 441 1378 468 τοῦ
1392 442 1430 478 μὴ
1443 443 1602 478 ἀναγγεῖλαι
1617 444 1692 479 ὑμῖν,
1710 445 1759 471 καὶ
1770 445 1837 472 διδά-

1058 484 1102 517 ξαι
1120 485 1191 520 ὑμᾶς
1205 486 1323 523 δημοσία
1345 488 1391 515 καὶ
1409 489 1468 515 κατ’
1485 490 1594 522 οίκους·
1622 490 1839 527 διαμαρτυρόμε-

1057 539 1102 562 νος
1118 530 1253 564 Ἰουδαίοις
1270 541 1300 559 τε
1319 533 1366 560 καὶ
1381 534 1493 569 Ἕλλησι
1506 535 1556 570 τὴν
1565 535 1606 567 εἰς
1616 536 1662 562 τδν
1674 536 1744 563 Θεὺν
1763 539 1837 572 μετά-

1057 587 1142 608 νοιαν,
1159 580 1206 606 καὶ
1222 581 1315 607 πίστιν
1330 582 1379 616 τὴν
1396 582 1434 614 είς
1454 582 1500 609 τὸν
1522 583 1623 618 Κύριον
1638 584 1720 620 ἡμῶν
1742 585 1837 619 Ἰησοῦν

1056 624 1182 658 Χριστόν.
1199 625 1253 652 Καὶ
1268 625 1316 653 νῦν
1336 627 1392 654 ἰδοὺ
1408 627 1548 663 δεδεμένος
1571 629 1626 662 ἐγὼ
1647 629 1686 664 τῷ
1702 630 1836 664 Πνεύμιτι

1058 670 1208 705 πορεύομαι
1224 672 1264 702 είς
1291 671 1482 708 Ἰερουσαλὴμ.
1499 674 1533 701 τὰ
1555 675 1584 701 ὲν
1610 675 1680 710 αὑτῇ
1704 677 1838 711 συμεησό-

1058 717 1126 751 μενά
1143 726 1187 750 μοι
1202 717 1239 753 μὴ
1262 719 1357 750 είδώς·
1374 719 1444 754 πλὴν
1468 720 1509 747 ὅτι
1532 721 1562 747 τὸ
1586 721 1697 756 Πνεῦμα
1721 722 1752 748 τδ
1766 722 1837 756 ἅγιον

1056 763 1126 790 κατὰ
1143 763 1221 791 πόλιν
1237 764 1452 801 διαμαρτύρεταί
1469 775 1514 801 μοι
1529 765 1609 801 λέγον
1620 775 1627 783 ·
1643 768 1685 794 ὅτι
1703 767 1792 803 δεσμά
1808 778 1836 803 με

1056 810 1103 836 καὶ
1118 809 1221 845 θλίψεις
1238 811 1374 846 μένουσιν.
1394 812 1465 839 Ἀλλ’
1480 813 1586 846 οὖδενδς
1602 813 1682 848 λόγον
1699 815 1834 850 ποιοῦμαι,

1055 856 1115 883 οὑδὲ
1132 857 1184 892 ἔχω
1200 857 1249 892 τὴν
1263 857 1353 893 ψυχήν
1371 867 1422 893 μου
1435 859 1529 894 τιμίαν
1542 859 1668 895 ἐμαυτῷ,
1681 860 1721 892 ὡς
1734 861 1836 886 uisui»

1056 911 1102 929 σαι
1115 903 1160 929 τὸν
1175 903 1275 938 δρόμον
1297 913 1347 939 μου
1363 905 1431 939 μετὰ
1447 906 1546 940 χαρᾶς,
1563 905 1609 932 καὶ
1625 906 1675 941 τὴν
1691 906 1834 939 διακονίαν,

1053 948 1088 984 ἢν
1104 948 1200 976 ἔλαϐον
1214 950 1288 984 παρὰ
1306 949 1352 977 τοῦ
1369 951 1472 985 Κυρίου
1492 951 1590 986 Ἰησοῦ,
1602 951 1835 987 διαμαρτύρασθαι

1053 994 1084 1021 τὸ
1108 995 1271 1029 Εὑαγγέλιον
1284 996 1334 1031 τῆς
1348 997 1460 1032 χάριτος
1475 997 1522 1024 τοῦ
1538 997 1618 1025 Θεοῦ,
1639 998 1696 1024 Καὶ
1719 998 1767 1024 νῦν
1787 998 1834 1025 ίδοῦ

1054 1040 1110 1074 ἐγὼ
1125 1040 1193 1073 οἶδα,
1206 1042 1247 1068 ὅτι
1261 1041 1312 1069 οὑκ
1328 1041 1368 1068 ἔτι
1380 1041 1478 1077 ὄψεσθε
1492 1043 1523 1069 τὸ
1536 1043 1682 1078 πρόσωπόν
1697 1052 1750 1078 μου
1764 1043 1834 1078 ὑμεῖς

1053 1087 1165 1119 πάντες,
1182 1087 1212 1114 ὲν
1230 1085 1270 1119 οἷς
1285 1087 1393 1123 διῆλθον
1409 1088 1555 1124 κηρύσσων
1570 1089 1620 1125 τὴν
1636 1089 1778 1124 βασιλείαν
1792 1089 1833 1115 τοῦ

1053 1132 1132 1160 Θεοῦ.
1147 1133 1192 1160 Διὸ
1215 1134 1390 1170 μαρτύρομαι
1412 1135 1477 1169 ὑμῖν
1494 1136 1522 1162 ὲν
1545 1136 1578 1171 τῇ
1596 1135 1721 1171 σήμερον
1737 1136 1831 1170 ἡμέρᾳ.

1053 1179 1094 1206 ὅτι
1109 1179 1229 1215 καθαρός
1240 1181 1298 1215 ειμι
1313 1180 1366 1207 ἀπὸ
1377 1180 1423 1207 τοῦ
1438 1181 1554 1217 αἵματος
1569 1181 1679 1208 πάντων
1696 1182 1784 1217 ὑμῶν.
1799 1183 1831 1208 Οὖ

1053 1224 1105 1259 γὰρ
1121 1225 1324 1262 ὑπεστειλάμην
1351 1226 1397 1253 τοῦ
1423 1226 1460 1263 μὴ
1485 1227 1646 1262 ἀναγγεῖλαι
1667 1228 1735 1262 ὑμῖν
1751 1228 1831 1254 πᾶσαν

1052 1271 1101 1308 τὴν
1114 1271 1212 1307 βουλὴν
1223 1273 1271 1300 τοῦ
1285 1272 1363 1300 Θεοῦ.

1089 1318 1240 1354 Προσέχετε
1254 1318 1301 1346 οὖν
1317 1319 1434 1352 ἑαυτοῖς,
1449 1318 1498 1345 καὶ
1515 1319 1596 1346 παντὶ
1608 1318 1646 1354 τῷ
1662 1319 1793 1354 ποιμνίῳ,
1807 1320 1832 1345 ἐν

1051 1359 1074 1398 ᾦ
1091 1365 1163 1399 ὑμᾶς
1177 1365 1208 1392 τὸ
1221 1365 1333 1400 Πνεῦμα
1353 1365 1383 1392 τδ
1397 1365 1473 1400 ᾇγιον
1489 1365 1564 1392 ἔθετο
1583 1365 1764 1397 ἐπισκόπους,
1778 1374 1831 1391 ποι-

1055 1411 1160 1445 μαίνειν
1171 1411 1221 1447 τὴν
1236 1411 1399 1446 Ἐκκλησίαν
1413 1411 1459 1438 τοῦ
1475 1411 1552 1443 θεοῦ,
1572 1411 1605 1447 ἦν
1623 1412 1831 1447 περιεποιήσατο

1052 1456 1096 1484 διὰ
1121 1456 1169 1484 τοῦ
1197 1457 1262 1484 ίδίου
1291 1458 1418 1493 αἵματος.
1434 1457 1506 1492 Ἐγὼ
1523 1458 1577 1492 γὰρ
1601 1455 1661 1485 οἶδα
1686 1457 1777 1489 τοῦτο,
1796 1458 1831 1483 ὅτι

1053 1503 1123 1537 μετὰ
1137 1503 1186 1538 τὴν
1200 1504 1292 1538 ἄφιξίν
1309 1513 1360 1539 μου
1381 1503 1580 1530 εἰσελεύσονται
1596 1502 1674 1530 λύκοι
1689 1503 1782 1538 βαρεῖς
1798 1503 1830 1533 ei;

1052 1551 1135 1586 ὑμᾶς,
1152 1551 1189 1587 μὴ
1202 1551 1354 1587 φειδόμενοι
1364 1551 1412 1578 τοῦ
1427 1551 1552 1586 ποιμνίου
1563 1559 1570 1566 ·
1587 1552 1635 1578 καὶ
1647 1551 1678 1584 ἐξ
1696 1551 1774 1586 ὑμῶν
1787 1551 1830 1576 αὑ-

1051 1598 1105 1625 τῶν
1126 1598 1322 1634 ἀναστήσονται
1339 1598 1434 1632 ἄνδρες
1455 1597 1598 1629 λαλοῦντες
1619 1598 1829 1633 διεστραμμένα,

1050 1644 1098 1671 τοῦ
1112 1645 1239 1680 ἀποσπᾷν
1251 1645 1313 1676 τοὺς
1326 1644 1447 1679 μαθητὰς
1462 1643 1550 1670 ὀπίσω
1562 1644 1662 1671 αὐτῶν.
1680 1644 1728 1670 Διὸ
1738 1652 1831 1678 γρηγο-

1052 1691 1123 1725 ρεῖτε
1137 1690 1360 1726 μνημονεύοντες,
1370 1691 1410 1717 ὅτι
1423 1690 1554 1725 τριετίαν,
1563 1689 1648 1717 νύκτα
1660 1691 1710 1717 καὶ
1720 1691 1829 1725 ἡμέραν,

1050 1736 1100 1763 οὑκ
1111 1737 1276 1772 ἐπαυσάμην
1293 1737 1361 1772 μετὰ
1373 1737 1499 1772 δακρύων
1509 1737 1642 1764 νουθετῶν
1659 1737 1710 1763 ἕνα
1723 1737 1830 1763 ἕκαστον

1051 1782 1139 1816 ὑμῶν.
1163 1783 1217 1809 Καὶ
1239 1782 1321 1810 τανῦν
1341 1783 1526 1818 παρατίθεμαι
1545 1783 1632 1818 ὑμᾶς,
1657 1784 1779 1818 ἀδελφοὶ,
1794 1783 1828 1817 τῷ

1050 1828 1110 1863 Θεῷ
1124 1829 1172 1855 καὶ
1186 1828 1224 1864 τῷ
1239 1828 1311 1864 λόγῳ
1328 1828 1376 1864 τῆς
1397 1829 1506 1865 χάριτος
1523 1829 1617 1862 αὐτοῦ,
1635 1829 1675 1864 τῷ
1696 1829 1830 1865 δυναμένῳ

1050 1873 1260 1909 ἑποικοδομῆται
1282 1875 1330 1900 καὶ
1343 1873 1436 1900 δοῦναι
1456 1874 1523 1909 ἡμῖν
1537 1874 1724 1910 κληρονομίαν
1739 1876 1767 1900 ἐν
1781 1876 1829 1906 τοῖς

1050 1919 1226 1954 ἡγιασμένοις
1243 1918 1483 1954 πᾶσιν,’Δργυριου
1499 1919 1516 1954 ἢ
1530 1920 1673 1954 χρυσίουῆ
1687 1919 1827 1954 ἱματισμοῦ

1049 1965 1155 1997 οὐδενὸς
1179 1965 1350 2000 ἐπεθύμησα.
1372 1965 1455 1992 Αὐτοὶ
1480 1965 1508 1991 δὲ
1534 1966 1694 1998 γινώσκετε,
1721 1967 1761 1993 ὅτι
1776 1967 1828 1994 ταῖς

1049 2011 1155 2046 χρείαις
1175 2020 1238 2045 μου,
1254 2011 1301 2039 καὶ
1311 2010 1369 2042 τοῖς
1377 2011 1436 2038 οὖσι
1451 2011 1511 2046 μετ’
1525 2011 1603 2046 ἐμοῦ,
1614 2012 1791 2047 ὑπηρέτησαν
1804 2013 1826 2038 al

1049 2058 1139 2093 χεῖρες
1147 2054 1236 2085 αὗται.
1244 2058 1334 2085 Πάντα
1341 2058 1465 2091 ὑπέδειξα
1473 2058 1548 2092 ὑμῖν,
1555 2058 1596 2085 ὅτι
1603 2058 1674 2085 οὕτω
1683 2059 1826 2089 κοπιῶντας

1048 2103 1090 2129 δεῖ
1095 2103 1187 2129 ἁντιλα
1191 2103 1341 2137 μσάνεσθαι
1347 2103 1400 2130 τῶν
1409 2103 1602 2137 ἀσθενούντων,
1615 2112 1668 2138 μνη
1672 2104 1793 2139 μονεύειν
1802 2112 1825 2129 τε

1048 2149 1104 2175 τῶν
1124 2149 1212 2183 λόγων
1230 2149 1278 2176 τοῦ
1298 2149 1401 2184 Κυρίου
1421 2149 1520 2185 Ἰησοῦ,
1536 2150 1576 2176 δτι
1592 2149 1674 2181 αὐτὸς
1692 2148 1824 2177 εἰπε-Μι-

1014 2204 1036 2232 υ
1051 2194 1147 2229 κάριόν
1157 2195 1214 2221 ἐστι
1231 2195 1330 2230 μᾶλλον
1339 2194 1450 2227 διδόναι,
1468 2195 1484 2230 ἤ
1498 2195 1658 2230 λαμϐάνειν.
1675 2196 1732 2222 Καὶ
1749 2195 1824 2222 ταῦτα

1049 2239 1145 2274 εἰπὼν,
1172 2240 1229 2272 θεὶς
1255 2241 1288 2268 τὰ
1313 2240 1415 2275 γόνατα
1443 2240 1536 2274 αὑτοῦ,
1557 2241 1605 2267 σὺν
1634 2242 1719 2268 πᾶσιν
1742 2241 1823 2271 αὑτοῖς

1049 2286 1232 2322 προσηύξατο.

1352 2332 1541 2360 EPMHNEIA.

1082 2379 1216 2406 Ἐνταῦθα
1245 2380 1408 2415 χαρακτῆρα
1438 2380 1612 2411 διδασκαλίας
1637 2381 1769 2410 δείκνυσι,
1797 2379 1822 2405 τὸ

1047 2426 1173 2460 ᾶοθονον,
1182 2425 1212 2452 τὸ
1225 2426 1321 2452 ἄοκνον
1332 2426 1402 2458 ³⁸,τὸ
1414 2426 1556 2461 συμπαθὲς
1567 2427 1679 2462 (ἔπασχε
1695 2428 1747 2462 γὰρ
1760 2427 1821 2459 ὑπὲρ

1046 2472 1100 2499 τῶν
1114 2472 1318 2508 ἀπολλυμένων,
1343 2473 1414 2508 ὑπὲρ
1431 2473 1485 2499 τῶν
1509 2473 1706 2509 ἀπολλύντων),
1728 2474 1774 2500 καὶ
1795 2473 1821 2498 τὺ

1046 2520 1172 2546 ταπεινὸν
1188 2519 1246 2553 (καὶ
1261 2519 1310 2554 οὐχ
1326 2519 1418 2550 ἁπλῶς
1429 2539 1437 2553 ,
1453 2518 1532 2551 ἀλλὰ,
1551 2529 1560 2544 ι
1581 2519 1650 2554 μετὰ
1675 2519 1763 2554 πάσης
1777 2527 1818 2544 τα-

1045 2564 1271 2600 πεινοφροσύνης,
1289 2574 1297 2591 ι
1322 2565 1400 2600 φησί·
1423 2565 1509 2591 πολλὰ
1521 2564 1575 2600 γὰρ
1592 2564 1652 2600 εἴδη
1673 2565 1721 2600 τῆς
1735 2572 1820 2591 ταπειη

1043 2609 1209 2644 νοφροσύνης
1226 2619 1232 2624 ·
1262 2611 1291 2636 ὲν
1317 2610 1399 2646 λόγῳ,
1421 2611 1450 2637 ἐν
1471 2610 1554 2646 ἔργῳ,
1578 2611 1646 2645 πρὸς
1683 2611 1815 2645 ἄρχοντας.

1042 2655 1111 2690 πρδς
1139 2656 1331 2691 ἀρχομένους),
1348 2657 1396 2682 καὶ
1411 2656 1442 2682 τὸ
1464 2656 1498 2683 τὰ
1523 2656 1700 2692 συμφέροντα
1719 2655 1815 2690 λέγειν·

1041 2699 1075 2736 ἦν
1101 2702 1155 2737 γὰρ
1180 2702 1289 2737 πρῶτον
1302 2702 1325 2718 ⁸⁸
1348 2701 1399 2729 οὐκ
1417 2701 1470 2729 ἔδει
1485 2701 1592 2737 μαθεῖν.
1609 2702 1714 2737 Ὠσπερ
1729 2701 1779 2736 γὰρ
1791 2699 1817 2726 τό

783 2791 884 2821 Varia
899 2790 1051 2822 lectiones
1073 2794 1101 2822 et
1125 2795 1220 2822 notae.

242 2835 265 2850 "
278 2835 319 2862 ιγ.
342 2836 450 2870 ἄογχον.
490 2840 511 2855 ⁸⁸
530 2839 557 2865 ἃ,
