  <div class='ocr_page' id='page_1' title='image "/cluster/home/n/w/nwhite01/storage/ocr_20150623/125/njp.32101010942736/794.png"; bbox 0 0 1864 3063; ppageno 0'>
   <div class='ocr_carea' id='block_1_1' title="bbox 72 158 139 188">
    <p class='ocr_par' dir='ltr' id='par_1_1' title="bbox 72 158 139 188">
     <span class='ocr_line' id='line_1_1' title="bbox 72 158 139 188; baseline 0 0"><span class='ocrx_word' id='word_1_1' title='bbox 72 158 139 188; x_wconf 74' lang='lat'><strong>1027</strong></span> 
     </span>
    </p>
   </div>
   <div class='ocr_carea' id='block_1_2' title="bbox 389 142 888 186">
    <p class='ocr_par' dir='ltr' id='par_1_2' title="bbox 389 142 888 186">
     <span class='ocr_line' id='line_1_2' title="bbox 389 142 888 186; baseline -0.016 1"><span class='ocrx_word' id='word_1_2' title='bbox 389 142 709 186; x_wconf 58' lang='lat' dir='ltr'><strong>EXPOHTIONISIN</strong></span> <span class='ocrx_word' id='word_1_3' title='bbox 733 151 824 182; x_wconf 75' lang='lat' dir='ltr'><strong>ACTA</strong></span> <span class='ocrx_word' id='word_1_4' title='bbox 844 150 888 180; x_wconf 86' lang='lat' dir='ltr'><strong>TE</strong></span> 
     </span>
    </p>
   </div>
   <div class='ocr_carea' id='block_1_3' title="bbox 954 142 1378 186">
    <p class='ocr_par' dir='ltr' id='par_1_3' title="bbox 954 152 1378 184">
     <span class='ocr_line' id='line_1_3' title="bbox 954 152 1378 184; baseline 0 -3"><span class='ocrx_word' id='word_1_5' title='bbox 954 152 994 182; x_wconf 76' lang='lat' dir='ltr'><strong>LIS</strong></span> <span class='ocrx_word' id='word_1_6' title='bbox 1009 153 1145 184; x_wconf 78' lang='lat' dir='ltr'><strong>ALTER.</strong></span> <span class='ocrx_word' id='word_1_7' title='bbox 1172 165 1203 170; x_wconf 87' lang='grc'><strong>--</strong></span> <span class='ocrx_word' id='word_1_8' title='bbox 1215 153 1293 182; x_wconf 80' lang='lat' dir='ltr'><strong>CAP.</strong></span> <span class='ocrx_word' id='word_1_9' title='bbox 1315 152 1378 182; x_wconf 76' lang='lat' dir='ltr'><strong>XX.</strong></span> 
     </span>
    </p>
   </div>
   <div class='ocr_carea' id='block_1_4' title="bbox 1625 147 1691 180">
    <p class='ocr_par' dir='ltr' id='par_1_4' title="bbox 1625 147 1691 180">
     <span class='ocr_line' id='line_1_4' title="bbox 1625 147 1691 180; baseline 0 0"><span class='ocrx_word' id='word_1_10' title='bbox 1625 147 1691 180; x_wconf 75' lang='lat'><strong>1018</strong></span> 
     </span>
    </p>
   </div>
   <div class='ocr_carea' id='block_1_5' title="bbox 73 204 888 250">
    <p class='ocr_par' dir='ltr' id='par_1_5' title="bbox 73 207 888 250">
     <span class='ocr_line' id='line_1_5' title="bbox 73 207 888 250; baseline -0.006 -9"><span class='ocrx_word' id='word_1_11' title='bbox 73 224 132 241; x_wconf 77' lang='grc' dir='ltr'>τινα</span> <span class='ocrx_word' id='word_1_12' title='bbox 148 214 330 250; x_wconf 76' lang='grc' dir='ltr'><strong>κρύπτεσθαι,</strong></span> <span class='ocrx_word' id='word_1_13' title='bbox 355 215 468 248; x_wconf 71' lang='grc' dir='ltr'>φθόνου·</span> <span class='ocrx_word' id='word_1_14' title='bbox 492 213 564 241; x_wconf 79' lang='grc' dir='ltr'>οὕτω</span> <span class='ocrx_word' id='word_1_15' title='bbox 590 213 636 240; x_wconf 79' lang='grc' dir='ltr'>καὶ</span> <span class='ocrx_word' id='word_1_16' title='bbox 653 212 684 239; x_wconf 65' lang='grc' dir='ltr'><strong>τι</strong></span> <span class='ocrx_word' id='word_1_17' title='bbox 701 212 755 237; x_wconf 85' lang='grc' dir='ltr'>πᾶν</span> <span class='ocrx_word' id='word_1_18' title='bbox 769 211 859 244; x_wconf 75' lang='grc' dir='ltr'>λέγειν</span> <span class='ocrx_word' id='word_1_19' title='bbox 873 207 888 236; x_wconf 72' lang='grc' dir='ltr'><em>Α</em></span> 
     </span>
    </p>
   </div>
   <div class='ocr_carea' id='block_1_6' title="bbox 954 204 1690 250">
    <p class='ocr_par' dir='ltr' id='par_1_6' title="bbox 954 204 1690 242">
     <span class='ocr_line' id='line_1_6' title="bbox 954 204 1690 242; baseline -0.004 -8"><span class='ocrx_word' id='word_1_20' title='bbox 954 219 957 234; x_wconf 75' lang='grc' dir='ltr'><strong>ι</strong></span> <span class='ocrx_word' id='word_1_21' title='bbox 983 210 1081 237; x_wconf 78' lang='lat' dir='ltr'><strong>fuisset</strong></span> <span class='ocrx_word' id='word_1_22' title='bbox 1108 209 1240 242; x_wconf 69' lang='lat' dir='ltr'><strong>invidire;</strong></span> <span class='ocrx_word' id='word_1_23' title='bbox 1266 209 1302 234; x_wconf 85' lang='lat' dir='ltr'><strong>ita</strong></span> <span class='ocrx_word' id='word_1_24' title='bbox 1331 206 1423 234; x_wconf 83' lang='lat' dir='ltr'><strong>omnia</strong></span> <span class='ocrx_word' id='word_1_25' title='bbox 1456 205 1566 236; x_wconf 77' lang='lat' dir='ltr'><strong>dicere,</strong></span> <span class='ocrx_word' id='word_1_26' title='bbox 1594 204 1690 232; x_wconf 82' lang='lat' dir='ltr'><strong>fuisset</strong></span> 
     </span>
    </p>
   </div>
   <div class='ocr_carea' id='block_1_7' title="bbox 72 257 859 295">
    <p class='ocr_par' dir='ltr' id='par_1_7' title="bbox 72 257 859 295">
     <span class='ocr_line' id='line_1_7' title="bbox 72 257 859 295; baseline -0.008 -7"><span class='ocrx_word' id='word_1_27' title='bbox 72 263 175 294; x_wconf 68' lang='grc' dir='ltr'>αἰετοῖς,</span> <span class='ocrx_word' id='word_1_28' title='bbox 196 262 300 292; x_wconf 79' lang='grc' dir='ltr'>ἀνοίας.</span> <span class='ocrx_word' id='word_1_29' title='bbox 319 262 373 288; x_wconf 82' lang='grc' dir='ltr'><strong>Καὶ</strong></span> <span class='ocrx_word' id='word_1_30' title='bbox 390 261 433 288; x_wconf 68' lang='grc' dir='ltr'><strong>διὰ</strong></span> <span class='ocrx_word' id='word_1_31' title='bbox 449 261 529 288; x_wconf 79' lang='grc' dir='ltr'>τοῦτο</span> <span class='ocrx_word' id='word_1_32' title='bbox 544 260 698 295; x_wconf 61' lang='grc' dir='ltr'>προσέθηκε</span> <span class='ocrx_word' id='word_1_33' title='bbox 717 257 770 284; x_wconf 77' lang='grc' dir='ltr'>τῶν</span> <span class='ocrx_word' id='word_1_34' title='bbox 789 264 859 290; x_wconf 88' lang='grc' dir='ltr'>συμ-</span> 
     </span>
    </p>
   </div>
   <div class='ocr_carea' id='block_1_8' title="bbox 72 302 860 343">
    <p class='ocr_par' dir='ltr' id='par_1_8' title="bbox 72 302 860 343">
     <span class='ocr_line' id='line_1_8' title="bbox 72 302 860 343; baseline -0.009 -8"><span class='ocrx_word' id='word_1_35' title='bbox 72 309 212 343; x_wconf 63' lang='grc' dir='ltr'>φερόντων</span> <span class='ocrx_word' id='word_1_36' title='bbox 225 309 276 335; x_wconf 82' lang='grc' dir='ltr'>οὐκ</span> <span class='ocrx_word' id='word_1_37' title='bbox 292 309 380 335; x_wconf 78' lang='grc' dir='ltr'>εἰπεῖν</span> <span class='ocrx_word' id='word_1_38' title='bbox 402 308 491 342; x_wconf 83' lang='grc' dir='ltr'>μόνον,</span> <span class='ocrx_word' id='word_1_39' title='bbox 516 306 583 334; x_wconf 79' lang='grc' dir='ltr'>ἀλλὰ</span> <span class='ocrx_word' id='word_1_40' title='bbox 607 305 654 332; x_wconf 72' lang='grc' dir='ltr'>καὶ</span> <span class='ocrx_word' id='word_1_41' title='bbox 668 303 782 336; x_wconf 76' lang='grc' dir='ltr'>διδάξαι.</span> <span class='ocrx_word' id='word_1_42' title='bbox 799 302 860 329; x_wconf 84' lang='grc' dir='ltr'><strong>Ἑν-</strong></span> 
     </span>
    </p>
   </div>
   <div class='ocr_carea' id='block_1_9' title="bbox 73 347 858 387">
    <p class='ocr_par' dir='ltr' id='par_1_9' title="bbox 73 347 858 387">
     <span class='ocr_line' id='line_1_9' title="bbox 73 347 858 387; baseline -0.01 -6"><span class='ocrx_word' id='word_1_43' title='bbox 73 355 159 381; x_wconf 82' lang='grc' dir='ltr'><strong>ταῦοα</strong></span> <span class='ocrx_word' id='word_1_44' title='bbox 184 355 225 385; x_wconf 76' lang='grc' dir='ltr'><strong>εἰς</strong></span> <span class='ocrx_word' id='word_1_45' title='bbox 250 355 292 386; x_wconf 69' lang='grc' dir='ltr'>τὸ,</span> <span class='ocrx_word' id='word_1_46' title='bbox 319 364 328 380; x_wconf 79' lang='grc' dir='ltr'><strong>ι</strong></span> <span class='ocrx_word' id='word_1_47' title='bbox 346 353 497 387; x_wconf 77' lang='grc' dir='ltr'><strong>δεδεμένος,</strong></span> <span class='ocrx_word' id='word_1_48' title='bbox 519 362 529 379; x_wconf 67' lang='grc' dir='ltr'><em>θ</em></span> <span class='ocrx_word' id='word_1_49' title='bbox 548 352 588 378; x_wconf 78' lang='grc' dir='ltr'>δεῖ</span> <span class='ocrx_word' id='word_1_50' title='bbox 606 349 749 382; x_wconf 80' lang='grc' dir='ltr'>ὑποστίξαι</span> <span class='ocrx_word' id='word_1_51' title='bbox 767 369 775 381; x_wconf 87' lang='grc'><strong>,</strong></span> <span class='ocrx_word' id='word_1_52' title='bbox 795 347 858 382; x_wconf 64' lang='lat' dir='ltr'><strong>Ni;</strong></span> 
     </span>
    </p>
   </div>
   <div class='ocr_carea' id='block_1_10' title="bbox 71 395 858 434">
    <p class='ocr_par' dir='ltr' id='par_1_10' title="bbox 71 395 858 434">
     <span class='ocr_line' id='line_1_10' title="bbox 71 395 858 434; baseline -0.009 -8"><span class='ocrx_word' id='word_1_53' title='bbox 71 399 176 426; x_wconf 71' lang='grc' dir='ltr'>διάνοια</span> <span class='ocrx_word' id='word_1_54' title='bbox 192 399 305 434; x_wconf 70' lang='grc' dir='ltr'>τοιαύτη</span> <span class='ocrx_word' id='word_1_55' title='bbox 316 407 322 414; x_wconf 90' lang='grc'><strong>·</strong></span> <span class='ocrx_word' id='word_1_56' title='bbox 339 398 493 433; x_wconf 80' lang='grc' dir='ltr'>Πορεῦομαι</span> <span class='ocrx_word' id='word_1_57' title='bbox 516 398 555 429; x_wconf 78' lang='grc' dir='ltr'><strong>εἰς</strong></span> <span class='ocrx_word' id='word_1_58' title='bbox 583 395 774 431; x_wconf 80' lang='grc' dir='ltr'>Ἰερουσαλήμ·</span> <span class='ocrx_word' id='word_1_59' title='bbox 791 401 858 428; x_wconf 84' lang='grc' dir='ltr'>προ-</span> 
     </span>
    </p>
   </div>
   <div class='ocr_carea' id='block_1_11' title="bbox 72 439 860 480">
    <p class='ocr_par' dir='ltr' id='par_1_11' title="bbox 72 439 860 480">
     <span class='ocr_line' id='line_1_11' title="bbox 72 439 860 480; baseline -0.01 -8"><span class='ocrx_word' id='word_1_60' title='bbox 72 446 153 480; x_wconf 78' lang='grc' dir='ltr'>γνοὺς</span> <span class='ocrx_word' id='word_1_61' title='bbox 171 445 218 473; x_wconf 80' lang='grc' dir='ltr'>διὰ</span> <span class='ocrx_word' id='word_1_62' title='bbox 241 445 289 472; x_wconf 86' lang='grc' dir='ltr'><strong>τοῦ</strong></span> <span class='ocrx_word' id='word_1_63' title='bbox 317 444 475 478; x_wconf 76' lang='grc' dir='ltr'>Πνεὺματος</span> <span class='ocrx_word' id='word_1_64' title='bbox 497 443 531 470; x_wconf 76' lang='grc' dir='ltr'><strong>τὰ</strong></span> <span class='ocrx_word' id='word_1_65' title='bbox 556 443 684 477; x_wconf 69' lang='grc' dir='ltr'>ἐσόμενα,</span> <span class='ocrx_word' id='word_1_66' title='bbox 708 439 860 474; x_wconf 78' lang='grc' dir='ltr'>πορεύομαι</span> 
     </span>
    </p>
   </div>
   <div class='ocr_carea' id='block_1_12' title="bbox 70 485 861 525">
    <p class='ocr_par' dir='ltr' id='par_1_12' title="bbox 70 485 861 525">
     <span class='ocr_line' id='line_1_12' title="bbox 70 485 861 525; baseline -0.009 -7"><span class='ocrx_word' id='word_1_67' title='bbox 70 492 184 525; x_wconf 76' lang='grc' dir='ltr'><strong>δέσμιος</strong></span> <span class='ocrx_word' id='word_1_68' title='bbox 202 491 252 518; x_wconf 78' lang='grc' dir='ltr'><strong>ὢν.</strong></span> <span class='ocrx_word' id='word_1_69' title='bbox 265 491 324 518; x_wconf 89' lang='grc' dir='ltr'>⁸Ίνα</span> <span class='ocrx_word' id='word_1_70' title='bbox 346 490 374 517; x_wconf 76' lang='grc' dir='ltr'>δὲ</span> <span class='ocrx_word' id='word_1_71' title='bbox 390 489 464 524; x_wconf 81' lang='grc' dir='ltr'>δείξῃ</span> <span class='ocrx_word' id='word_1_72' title='bbox 487 489 528 515; x_wconf 81' lang='grc' dir='ltr'>ὅτι</span> <span class='ocrx_word' id='word_1_73' title='bbox 549 487 630 518; x_wconf 76' lang='grc' dir='ltr'>ἑκὼν,</span> <span class='ocrx_word' id='word_1_74' title='bbox 646 486 692 513; x_wconf 66' lang='grc' dir='ltr'><strong>καὶ</strong></span> <span class='ocrx_word' id='word_1_75' title='bbox 712 486 772 520; x_wconf 73' lang='grc' dir='ltr'><strong>οὐχὶ</strong></span> <span class='ocrx_word' id='word_1_76' title='bbox 787 485 861 512; x_wconf 82' lang='grc' dir='ltr'>ἄκων</span> 
     </span>
    </p>
   </div>
   <div class='ocr_carea' id='block_1_13' title="bbox 71 531 862 572">
    <p class='ocr_par' dir='ltr' id='par_1_13' title="bbox 71 531 862 572">
     <span class='ocr_line' id='line_1_13' title="bbox 71 531 862 572; baseline -0.008 -9"><span class='ocrx_word' id='word_1_77' title='bbox 71 537 236 572; x_wconf 75' lang='grc' dir='ltr'><strong>ἀπέρχεται,</strong></span> <span class='ocrx_word' id='word_1_78' title='bbox 263 535 364 571; x_wconf 80' lang='grc' dir='ltr'>φησίν·</span> <span class='ocrx_word' id='word_1_79' title='bbox 388 544 398 562; x_wconf 83' lang='grc' dir='ltr'><strong>ι</strong></span> <span class='ocrx_word' id='word_1_80' title='bbox 419 535 480 562; x_wconf 81' lang='grc' dir='ltr'>ὀτι</span> <span class='ocrx_word' id='word_1_81' title='bbox 505 534 576 561; x_wconf 78' lang='grc' dir='ltr'>κατὰ</span> <span class='ocrx_word' id='word_1_82' title='bbox 602 533 680 560; x_wconf 88' lang='grc' dir='ltr'>πόλιν</span> <span class='ocrx_word' id='word_1_83' title='bbox 703 532 791 567; x_wconf 67' lang='grc' dir='ltr'>δεσμὰ</span> <span class='ocrx_word' id='word_1_84' title='bbox 815 531 862 557; x_wconf 73' lang='grc' dir='ltr'><strong>καὶ</strong></span> 
     </span>
    </p>
   </div>
   <div class='ocr_carea' id='block_1_14' title="bbox 73 578 860 617">
    <p class='ocr_par' dir='ltr' id='par_1_14' title="bbox 73 578 860 617">
     <span class='ocr_line' id='line_1_14' title="bbox 73 578 860 617; baseline -0.008 -8"><span class='ocrx_word' id='word_1_85' title='bbox 73 582 180 617; x_wconf 77' lang='grc' dir='ltr'>θλίψεις</span> <span class='ocrx_word' id='word_1_86' title='bbox 205 590 240 617; x_wconf 74' lang='grc' dir='ltr'><strong>με</strong></span> <span class='ocrx_word' id='word_1_87' title='bbox 266 581 389 616; x_wconf 78' lang='grc' dir='ltr'>μένουσι.</span> <span class='ocrx_word' id='word_1_88' title='bbox 409 590 419 607; x_wconf 72' lang='grc' dir='ltr'><strong>ι</strong></span> <span class='ocrx_word' id='word_1_89' title='bbox 445 596 479 601; x_wconf 93' lang='grc'><strong>-</strong></span> <span class='ocrx_word' id='word_1_90' title='bbox 505 589 515 606; x_wconf 77' lang='grc' dir='ltr'><strong>ι</strong></span> <span class='ocrx_word' id='word_1_91' title='bbox 538 579 664 613; x_wconf 78' lang='grc' dir='ltr'>Καθαρός</span> <span class='ocrx_word' id='word_1_92' title='bbox 687 579 756 613; x_wconf 84' lang='grc' dir='ltr'>εἰμι,</span> <span class='ocrx_word' id='word_1_93' title='bbox 780 578 860 612; x_wconf 80' lang='grc' dir='ltr'>φησὶ,</span> 
     </span>
    </p>
   </div>
   <div class='ocr_carea' id='block_1_15' title="bbox 72 621 861 660">
    <p class='ocr_par' dir='ltr' id='par_1_15' title="bbox 72 621 861 660">
     <span class='ocr_line' id='line_1_15' title="bbox 72 621 861 660; baseline -0.005 -8"><span class='ocrx_word' id='word_1_94' title='bbox 72 627 125 653; x_wconf 71' lang='grc' dir='ltr'>ἀπὸ</span> <span class='ocrx_word' id='word_1_95' title='bbox 139 626 190 652; x_wconf 78' lang='grc' dir='ltr'>τοῦ</span> <span class='ocrx_word' id='word_1_96' title='bbox 207 626 325 660; x_wconf 77' lang='grc' dir='ltr'>αἵματος</span> <span class='ocrx_word' id='word_1_97' title='bbox 342 625 462 657; x_wconf 83' lang='grc' dir='ltr'>πάντων,</span> <span class='ocrx_word' id='word_1_98' title='bbox 479 634 488 651; x_wconf 72' lang='grc' dir='ltr'><strong>ι</strong></span> <span class='ocrx_word' id='word_1_99' title='bbox 511 625 536 651; x_wconf 85' lang='grc' dir='ltr'>ει</span> <span class='ocrx_word' id='word_1_100' title='bbox 551 624 742 656; x_wconf 80' lang='grc' dir='ltr'>νυστάξανττς,</span> <span class='ocrx_word' id='word_1_101' title='bbox 759 621 861 650; x_wconf 80' lang='grc' dir='ltr'>ἀποθα-</span> 
     </span>
    </p>
   </div>
   <div class='ocr_carea' id='block_1_16' title="bbox 74 667 860 705">
    <p class='ocr_par' dir='ltr' id='par_1_16' title="bbox 74 667 860 705">
     <span class='ocr_line' id='line_1_16' title="bbox 74 667 860 705; baseline -0.005 -7"><span class='ocrx_word' id='word_1_102' title='bbox 74 673 143 698; x_wconf 79' lang='grc' dir='ltr'><strong>νείτε</strong></span> <span class='ocrx_word' id='word_1_103' title='bbox 157 672 193 688; x_wconf 85' lang='grc'><strong>⁵⁸·</strong></span> <span class='ocrx_word' id='word_1_104' title='bbox 211 672 264 699; x_wconf 69' lang='grc' dir='ltr'>ὑπὸ</span> <span class='ocrx_word' id='word_1_105' title='bbox 277 671 324 699; x_wconf 85' lang='grc' dir='ltr'>τοῦ</span> <span class='ocrx_word' id='word_1_106' title='bbox 353 670 482 705; x_wconf 78' lang='grc' dir='ltr'>φονευτοῢ</span> <span class='ocrx_word' id='word_1_107' title='bbox 497 670 552 697; x_wconf 82' lang='grc' dir='ltr'>τῶν</span> <span class='ocrx_word' id='word_1_108' title='bbox 566 670 670 705; x_wconf 79' lang='grc' dir='ltr'>ψυχῶν.</span> <span class='ocrx_word' id='word_1_109' title='bbox 685 669 722 696; x_wconf 86' lang='grc' dir='ltr'>Τδ</span> <span class='ocrx_word' id='word_1_110' title='bbox 735 669 790 704; x_wconf 79' lang='grc' dir='ltr'><strong>γὰρ</strong></span> <span class='ocrx_word' id='word_1_111' title='bbox 812 667 860 694; x_wconf 78' lang='grc' dir='ltr'><strong>τοῦ</strong></span> 
     </span>
    </p>
   </div>
   <div class='ocr_carea' id='block_1_17' title="bbox 73 714 861 752">
    <p class='ocr_par' dir='ltr' id='par_1_17' title="bbox 73 714 861 752">
     <span class='ocr_line' id='line_1_17' title="bbox 73 714 861 752; baseline -0.005 -8"><span class='ocrx_word' id='word_1_112' title='bbox 73 718 251 749; x_wconf 69' lang='grc' dir='ltr'>διδασκάλου,</span> <span class='ocrx_word' id='word_1_113' title='bbox 277 717 354 752; x_wconf 76' lang='grc' dir='ltr'>φησὶ,</span> <span class='ocrx_word' id='word_1_114' title='bbox 383 717 531 751; x_wconf 68' lang='grc' dir='ltr'>πεποίηκα,</span> <span class='ocrx_word' id='word_1_115' title='bbox 555 715 586 742; x_wconf 82' lang='grc' dir='ltr'><strong>τὸ</strong></span> <span class='ocrx_word' id='word_1_116' title='bbox 609 715 773 749; x_wconf 78' lang='grc' dir='ltr'>ἀπαγγεῖλαι</span> <span class='ocrx_word' id='word_1_117' title='bbox 797 714 861 749; x_wconf 81' lang='grc' dir='ltr'><strong>ὑμῖν</strong></span> 
     </span>
    </p>
   </div>
   <div class='ocr_carea' id='block_1_18' title="bbox 74 759 862 798">
    <p class='ocr_par' dir='ltr' id='par_1_18' title="bbox 74 759 862 798">
     <span class='ocr_line' id='line_1_18' title="bbox 74 759 862 798; baseline -0.004 -10"><span class='ocrx_word' id='word_1_118' title='bbox 74 763 122 797; x_wconf 78' lang='grc' dir='ltr'>τὴν</span> <span class='ocrx_word' id='word_1_119' title='bbox 136 762 240 798; x_wconf 72' lang='grc' dir='ltr'>βουλὴν</span> <span class='ocrx_word' id='word_1_120' title='bbox 263 762 310 789; x_wconf 72' lang='grc' dir='ltr'>τοῦ</span> <span class='ocrx_word' id='word_1_121' title='bbox 323 761 402 789; x_wconf 78' lang='grc' dir='ltr'>Θεοῦ.</span> <span class='ocrx_word' id='word_1_122' title='bbox 420 762 490 797; x_wconf 81' lang='grc' dir='ltr'>’Δρα</span> <span class='ocrx_word' id='word_1_123' title='bbox 506 762 520 787; x_wconf 83' lang='grc' dir='ltr'><strong>ό</strong></span> <span class='ocrx_word' id='word_1_124' title='bbox 542 761 578 796; x_wconf 84' lang='grc' dir='ltr'>μὴ</span> <span class='ocrx_word' id='word_1_125' title='bbox 593 761 688 794; x_wconf 78' lang='grc' dir='ltr'>λέγων,</span> <span class='ocrx_word' id='word_1_126' title='bbox 712 759 862 791; x_wconf 81' lang='grc' dir='ltr'>ὑπεύθυνος</span> 
     </span>
    </p>
   </div>
   <div class='ocr_carea' id='block_1_19' title="bbox 74 805 863 843">
    <p class='ocr_par' dir='ltr' id='par_1_19' title="bbox 74 805 863 843">
     <span class='ocr_line' id='line_1_19' title="bbox 74 805 863 843; baseline -0.005 -8"><span class='ocrx_word' id='word_1_127' title='bbox 74 808 119 834; x_wconf 72' lang='grc' dir='ltr'>τοῦ</span> <span class='ocrx_word' id='word_1_128' title='bbox 130 808 252 843; x_wconf 77' lang='grc' dir='ltr'>αἵματός</span> <span class='ocrx_word' id='word_1_129' title='bbox 269 809 337 840; x_wconf 69' lang='grc' dir='ltr'>ἐστι,</span> <span class='ocrx_word' id='word_1_130' title='bbox 358 807 482 834; x_wconf 81' lang='grc' dir='ltr'><strong>τουτέστι</strong></span> <span class='ocrx_word' id='word_1_131' title='bbox 496 806 546 840; x_wconf 85' lang='grc' dir='ltr'>τῆς</span> <span class='ocrx_word' id='word_1_132' title='bbox 565 805 674 840; x_wconf 48' lang='grc' dir='ltr'>σοαγῆς</span> <span class='ocrx_word' id='word_1_133' title='bbox 687 805 788 832; x_wconf 71' lang='grc' dir='ltr'>αὑτῶν.</span> <span class='ocrx_word' id='word_1_134' title='bbox 804 805 863 831; x_wconf 81' lang='grc' dir='ltr'>Δεί-</span> 
     </span>
    </p>
   </div>
   <div class='ocr_carea' id='block_1_20' title="bbox 76 851 863 887">
    <p class='ocr_par' dir='ltr' id='par_1_20' title="bbox 76 851 863 887">
     <span class='ocr_line' id='line_1_20' title="bbox 76 851 863 887; baseline -0.006 -7"><span class='ocrx_word' id='word_1_135' title='bbox 76 862 155 880; x_wconf 69' lang='grc' dir='ltr'>κνυσι</span> <span class='ocrx_word' id='word_1_136' title='bbox 171 854 262 880; x_wconf 85' lang='grc' dir='ltr'>τοίνυν</span> <span class='ocrx_word' id='word_1_137' title='bbox 281 855 323 881; x_wconf 77' lang='grc' dir='ltr'>ὅτι</span> <span class='ocrx_word' id='word_1_138' title='bbox 342 853 473 883; x_wconf 73' lang='grc' dir='ltr'>κάκεῖνοι,</span> <span class='ocrx_word' id='word_1_139' title='bbox 495 852 529 879; x_wconf 78' lang='grc' dir='ltr'><strong>ἂν</strong></span> <span class='ocrx_word' id='word_1_140' title='bbox 546 851 584 887; x_wconf 82' lang='grc' dir='ltr'>μὴ</span> <span class='ocrx_word' id='word_1_141' title='bbox 606 851 729 883; x_wconf 78' lang='grc' dir='ltr'><strong>ποιῶσιν,</strong></span> <span class='ocrx_word' id='word_1_142' title='bbox 746 851 863 877; x_wconf 74' lang='grc' dir='ltr'>ὑπεύθυ-</span> 
     </span>
    </p>
   </div>
   <div class='ocr_carea' id='block_1_21' title="bbox 75 897 863 934">
    <p class='ocr_par' dir='ltr' id='par_1_21' title="bbox 75 897 863 934">
     <span class='ocr_line' id='line_1_21' title="bbox 75 897 863 934; baseline -0.005 -8"><span class='ocrx_word' id='word_1_143' title='bbox 75 900 114 926; x_wconf 75' lang='grc' dir='ltr'><strong>νοί</strong></span> <span class='ocrx_word' id='word_1_144' title='bbox 134 901 191 926; x_wconf 79' lang='grc' dir='ltr'>εἰσι</span> <span class='ocrx_word' id='word_1_145' title='bbox 214 899 263 926; x_wconf 81' lang='grc' dir='ltr'>τοῦ</span> <span class='ocrx_word' id='word_1_146' title='bbox 281 900 347 926; x_wconf 86' lang='grc' dir='ltr'>ἰδίου</span> <span class='ocrx_word' id='word_1_147' title='bbox 369 900 495 934; x_wconf 68' lang='grc' dir='ltr'>αἵματος.</span> <span class='ocrx_word' id='word_1_148' title='bbox 521 899 573 925; x_wconf 72' lang='grc' dir='ltr'><strong>Δύο</strong></span> <span class='ocrx_word' id='word_1_149' title='bbox 590 898 755 933; x_wconf 74' lang='grc' dir='ltr'><strong>προστάσσει</strong></span> <span class='ocrx_word' id='word_1_150' title='bbox 777 897 863 923; x_wconf 79' lang='grc' dir='ltr'>ποιεῖν</span> 
     </span>
    </p>
   </div>
   <div class='ocr_carea' id='block_1_22' title="bbox 77 941 865 979">
    <p class='ocr_par' dir='ltr' id='par_1_22' title="bbox 77 941 865 979">
     <span class='ocr_line' id='line_1_22' title="bbox 77 941 865 979; baseline -0.004 -9"><span class='ocrx_word' id='word_1_151' title='bbox 77 946 139 976; x_wconf 78' lang='grc' dir='ltr'>τοὺς</span> <span class='ocrx_word' id='word_1_152' title='bbox 165 945 359 977; x_wconf 73' lang='grc' dir='ltr'><strong>διδασκάλους·</strong></span> <span class='ocrx_word' id='word_1_153' title='bbox 387 944 449 971; x_wconf 82' lang='grc' dir='ltr'>οὒτε</span> <span class='ocrx_word' id='word_1_154' title='bbox 474 944 528 979; x_wconf 69' lang='grc' dir='ltr'><strong>γὰρ</strong></span> <span class='ocrx_word' id='word_1_155' title='bbox 549 943 579 970; x_wconf 69' lang='grc' dir='ltr'>τὸ</span> <span class='ocrx_word' id='word_1_156' title='bbox 596 943 691 978; x_wconf 76' lang='grc' dir='ltr'>ἑτέρου</span> <span class='ocrx_word' id='word_1_157' title='bbox 715 941 865 976; x_wconf 73' lang='grc' dir='ltr'>κατορθοῦν</span> 
     </span>
    </p>
   </div>
   <div class='ocr_carea' id='block_1_23' title="bbox 79 989 865 1027">
    <p class='ocr_par' dir='ltr' id='par_1_23' title="bbox 79 989 865 1027">
     <span class='ocr_line' id='line_1_23' title="bbox 79 989 865 1027; baseline -0.006 -8"><span class='ocrx_word' id='word_1_158' title='bbox 79 993 174 1026; x_wconf 80' lang='grc' dir='ltr'>μόνον,</span> <span class='ocrx_word' id='word_1_159' title='bbox 189 992 245 1027; x_wconf 80' lang='grc' dir='ltr'>ἔχει</span> <span class='ocrx_word' id='word_1_160' title='bbox 261 991 355 1026; x_wconf 81' lang='grc' dir='ltr'><strong>κέρδος</strong></span> <span class='ocrx_word' id='word_1_161' title='bbox 365 999 372 1006; x_wconf 91' lang='grc'><strong>·</strong></span> <span class='ocrx_word' id='word_1_162' title='bbox 390 990 452 1017; x_wconf 78' lang='grc' dir='ltr'>οὔτε</span> <span class='ocrx_word' id='word_1_163' title='bbox 467 991 497 1017; x_wconf 74' lang='grc' dir='ltr'>τὸ</span> <span class='ocrx_word' id='word_1_164' title='bbox 511 989 608 1017; x_wconf 75' lang='grc' dir='ltr'>ἑαυτοῦ</span> <span class='ocrx_word' id='word_1_165' title='bbox 627 990 706 1024; x_wconf 85' lang='grc' dir='ltr'>μόνον</span> <span class='ocrx_word' id='word_1_166' title='bbox 723 989 865 1023; x_wconf 69' lang='grc' dir='ltr'>ἐπιμελεῖ-</span> 
     </span>
    </p>
   </div>
   <div class='ocr_carea' id='block_1_24' title="bbox 80 1033 866 1072">
    <p class='ocr_par' dir='ltr' id='par_1_24' title="bbox 80 1033 866 1072">
     <span class='ocr_line' id='line_1_24' title="bbox 80 1033 866 1072; baseline -0.004 -10"><span class='ocrx_word' id='word_1_167' title='bbox 80 1037 158 1062; x_wconf 85' lang='grc' dir='ltr'>σθαι·</span> <span class='ocrx_word' id='word_1_168' title='bbox 175 1037 189 1062; x_wconf 84' lang='grc' dir='ltr'><strong>ὸ</strong></span> <span class='ocrx_word' id='word_1_169' title='bbox 206 1037 261 1072; x_wconf 71' lang='grc' dir='ltr'><strong>γὰρ</strong></span> <span class='ocrx_word' id='word_1_170' title='bbox 275 1036 407 1066; x_wconf 80' lang='grc' dir='ltr'>τοιοῦτος,</span> <span class='ocrx_word' id='word_1_171' title='bbox 423 1035 571 1070; x_wconf 40' lang='grc' dir='ltr'>φί).αυτος.-</span> <span class='ocrx_word' id='word_1_172' title='bbox 585 1034 754 1069; x_wconf 77' lang='grc' dir='ltr'>Σημειωτέον</span> <span class='ocrx_word' id='word_1_173' title='bbox 769 1033 808 1065; x_wconf 78' lang='grc' dir='ltr'>δὲ,</span> <span class='ocrx_word' id='word_1_174' title='bbox 824 1034 866 1060; x_wconf 78' lang='grc' dir='ltr'>ὅτι</span> 
     </span>
    </p>
   </div>
   <div class='ocr_carea' id='block_1_25' title="bbox 78 1077 866 1116">
    <p class='ocr_par' dir='ltr' id='par_1_25' title="bbox 78 1077 866 1116">
     <span class='ocr_line' id='line_1_25' title="bbox 78 1077 866 1116; baseline -0.004 -8"><span class='ocrx_word' id='word_1_175' title='bbox 78 1081 124 1114; x_wconf 63' lang='grc' dir='ltr'>οὓς</span> <span class='ocrx_word' id='word_1_176' title='bbox 161 1081 250 1109; x_wconf 81' lang='grc' dir='ltr'>ὀπίσω</span> <span class='ocrx_word' id='word_1_177' title='bbox 276 1081 343 1116; x_wconf 75' lang='grc' dir='ltr'><strong>φησὶ</strong></span> <span class='ocrx_word' id='word_1_178' title='bbox 370 1081 585 1116; x_wconf 79' lang='grc' dir='ltr'>πρεσϐυτέρους,</span> <span class='ocrx_word' id='word_1_179' title='bbox 609 1077 671 1116; x_wconf 73' lang='grc' dir='ltr'>[ὧδε</span> <span class='ocrx_word' id='word_1_180' title='bbox 700 1079 866 1110; x_wconf 77' lang='grc' dir='ltr'>ἐπισκόπους</span> 
     </span>
    </p>
   </div>
   <div class='ocr_carea' id='block_1_26' title="bbox 83 1126 867 1164">
    <p class='ocr_par' dir='ltr' id='par_1_26' title="bbox 83 1126 867 1164">
     <span class='ocr_line' id='line_1_26' title="bbox 83 1126 867 1164; baseline -0.003 -10"><span class='ocrx_word' id='word_1_181' title='bbox 83 1129 180 1155; x_wconf 72' lang='grc' dir='ltr'>χαλεῐ·</span> <span class='ocrx_word' id='word_1_182' title='bbox 205 1129 276 1164; x_wconf 74' lang='grc' dir='ltr'>ἦτοι,</span> <span class='ocrx_word' id='word_1_183' title='bbox 301 1127 344 1154; x_wconf 79' lang='grc' dir='ltr'><strong>διὰ</strong></span> <span class='ocrx_word' id='word_1_184' title='bbox 368 1128 398 1155; x_wconf 81' lang='grc' dir='ltr'><strong>τὸ</strong></span> <span class='ocrx_word' id='word_1_185' title='bbox 417 1127 479 1159; x_wconf 77' lang='grc' dir='ltr'>τοὺς</span> <span class='ocrx_word' id='word_1_186' title='bbox 509 1126 720 1162; x_wconf 78' lang='grc' dir='ltr'>πρεσϐυτέρους]</span> <span class='ocrx_word' id='word_1_187' title='bbox 745 1127 867 1161; x_wconf 85' lang='grc' dir='ltr'><strong>ἀνάγκην</strong></span> 
     </span>
    </p>
   </div>
   <div class='ocr_carea' id='block_1_27' title="bbox 82 1172 866 1209">
    <p class='ocr_par' dir='ltr' id='par_1_27' title="bbox 82 1172 866 1209">
     <span class='ocr_line' id='line_1_27' title="bbox 82 1172 866 1209; baseline -0.003 -9"><span class='ocrx_word' id='word_1_188' title='bbox 82 1174 157 1209; x_wconf 70' lang='grc' dir='ltr'>ἔχειν</span> <span class='ocrx_word' id='word_1_189' title='bbox 170 1174 333 1200; x_wconf 69' lang='grc' dir='ltr'><strong>ἐποπτεύειν</strong></span> <span class='ocrx_word' id='word_1_190' title='bbox 344 1173 377 1201; x_wconf 78' lang='grc' dir='ltr'>τὰ</span> <span class='ocrx_word' id='word_1_191' title='bbox 390 1174 439 1208; x_wconf 85' lang='grc' dir='ltr'>τῆς</span> <span class='ocrx_word' id='word_1_192' title='bbox 453 1172 616 1208; x_wconf 81' lang='grc' dir='ltr'>Ἐκκλησίας</span> <span class='ocrx_word' id='word_1_193' title='bbox 629 1172 726 1206; x_wconf 74' lang='grc' dir='ltr'>λογικὰ</span> <span class='ocrx_word' id='word_1_194' title='bbox 743 1172 866 1206; x_wconf 77' lang='grc' dir='ltr'>ποίμνια,</span> 
     </span>
    </p>
   </div>
   <div class='ocr_carea' id='block_1_28' title="bbox 85 1216 868 1254">
    <p class='ocr_par' dir='ltr' id='par_1_28' title="bbox 85 1216 868 1254">
     <span class='ocr_line' id='line_1_28' title="bbox 85 1216 868 1254; baseline -0.005 -9"><span class='ocrx_word' id='word_1_195' title='bbox 85 1220 121 1254; x_wconf 81' lang='grc' dir='ltr'>μή</span> <span class='ocrx_word' id='word_1_196' title='bbox 139 1227 183 1248; x_wconf 84' lang='grc' dir='ltr'><strong>τις</strong></span> <span class='ocrx_word' id='word_1_197' title='bbox 197 1219 296 1254; x_wconf 78' lang='grc' dir='ltr'><strong>ἀσθενῆ</strong></span> <span class='ocrx_word' id='word_1_198' title='bbox 313 1219 346 1254; x_wconf 82' lang='grc' dir='ltr'>τῇ</span> <span class='ocrx_word' id='word_1_199' title='bbox 369 1218 469 1249; x_wconf 81' lang='grc' dir='ltr'>πίστει,</span> <span class='ocrx_word' id='word_1_200' title='bbox 488 1218 526 1253; x_wconf 83' lang='grc' dir='ltr'>μή</span> <span class='ocrx_word' id='word_1_201' title='bbox 549 1226 591 1249; x_wconf 87' lang='grc' dir='ltr'><strong>τις</strong></span> <span class='ocrx_word' id='word_1_202' title='bbox 617 1217 707 1252; x_wconf 82' lang='grc' dir='ltr'>πεινᾷ,</span> <span class='ocrx_word' id='word_1_203' title='bbox 720 1217 737 1251; x_wconf 83' lang='grc' dir='ltr'>ἦ</span> <span class='ocrx_word' id='word_1_204' title='bbox 763 1216 838 1251; x_wconf 66' lang='grc' dir='ltr'>διψᾷ,</span> <span class='ocrx_word' id='word_1_205' title='bbox 851 1216 868 1251; x_wconf 83' lang='grc' dir='ltr'>ἦ</span> 
     </span>
    </p>
   </div>
   <div class='ocr_carea' id='block_1_29' title="bbox 84 1259 869 1300">
    <p class='ocr_par' dir='ltr' id='par_1_29' title="bbox 84 1259 869 1300">
     <span class='ocr_line' id='line_1_29' title="bbox 84 1259 869 1300; baseline -0.004 -10"><span class='ocrx_word' id='word_1_206' title='bbox 84 1265 197 1299; x_wconf 79' lang='grc' dir='ltr'>ἐλέγχου</span> <span class='ocrx_word' id='word_1_207' title='bbox 214 1263 285 1300; x_wconf 75' lang='grc' dir='ltr'>[καὶ]</span> <span class='ocrx_word' id='word_1_208' title='bbox 301 1264 467 1298; x_wconf 65' lang='grc' dir='ltr'>ἐπιστροφῆς</span> <span class='ocrx_word' id='word_1_209' title='bbox 478 1263 563 1290; x_wconf 76' lang='grc' dir='ltr'>δεῖται</span> <span class='ocrx_word' id='word_1_210' title='bbox 574 1271 580 1278; x_wconf 93' lang='grc'><strong>·</strong></span> <span class='ocrx_word' id='word_1_211' title='bbox 598 1262 614 1297; x_wconf 83' lang='grc' dir='ltr'>ἢ</span> <span class='ocrx_word' id='word_1_212' title='bbox 637 1262 804 1293; x_wconf 73' lang='grc' dir='ltr'>ἐπισκόπους</span> <span class='ocrx_word' id='word_1_213' title='bbox 818 1259 869 1287; x_wconf 78' lang='grc' dir='ltr'>ὦδε</span> 
     </span>
    </p>
   </div>
   <div class='ocr_carea' id='block_1_30' title="bbox 85 1308 871 1345">
    <p class='ocr_par' dir='ltr' id='par_1_30' title="bbox 85 1308 871 1345">
     <span class='ocr_line' id='line_1_30' title="bbox 85 1308 871 1345; baseline -0.006 -7"><span class='ocrx_word' id='word_1_214' title='bbox 85 1312 147 1343; x_wconf 83' lang='grc' dir='ltr'>τοὺς</span> <span class='ocrx_word' id='word_1_215' title='bbox 169 1311 254 1342; x_wconf 74' lang='grc' dir='ltr'>ὅντως</span> <span class='ocrx_word' id='word_1_216' title='bbox 281 1310 446 1341; x_wconf 73' lang='grc' dir='ltr'>ἐπισκόπους</span> <span class='ocrx_word' id='word_1_217' title='bbox 475 1310 562 1337; x_wconf 76' lang='grc' dir='ltr'>καλεῖ,</span> <span class='ocrx_word' id='word_1_218' title='bbox 579 1309 636 1344; x_wconf 80' lang='grc' dir='ltr'><strong>Τὴν</strong></span> <span class='ocrx_word' id='word_1_219' title='bbox 661 1309 740 1345; x_wconf 76' lang='grc' dir='ltr'>ῥίζαν</span> <span class='ocrx_word' id='word_1_220' title='bbox 763 1308 871 1342; x_wconf 71' lang='grc' dir='ltr'>ἀναιρεῖ</span> 
     </span>
    </p>
   </div>
   <div class='ocr_carea' id='block_1_31' title="bbox 86 1353 869 1391">
    <p class='ocr_par' dir='ltr' id='par_1_31' title="bbox 86 1353 869 1391">
     <span class='ocr_line' id='line_1_31' title="bbox 86 1353 869 1391; baseline -0.006 -8"><span class='ocrx_word' id='word_1_221' title='bbox 86 1357 137 1383; x_wconf 82' lang='grc' dir='ltr'>τῶν</span> <span class='ocrx_word' id='word_1_222' title='bbox 153 1357 257 1388; x_wconf 85' lang='grc' dir='ltr'>κακῶν,</span> <span class='ocrx_word' id='word_1_223' title='bbox 271 1356 320 1391; x_wconf 84' lang='grc' dir='ltr'>τὴν</span> <span class='ocrx_word' id='word_1_224' title='bbox 336 1355 530 1391; x_wconf 75' lang='grc' dir='ltr'>φιλαργυρίαν.</span> <span class='ocrx_word' id='word_1_225' title='bbox 555 1354 593 1381; x_wconf 85' lang='grc' dir='ltr'><strong>Οὐ</strong></span> <span class='ocrx_word' id='word_1_226' title='bbox 607 1354 661 1388; x_wconf 84' lang='grc' dir='ltr'><strong>γὰρ</strong></span> <span class='ocrx_word' id='word_1_227' title='bbox 681 1353 773 1384; x_wconf 78' lang='grc' dir='ltr'>ἁπλῶς</span> <span class='ocrx_word' id='word_1_228' title='bbox 792 1361 869 1388; x_wconf 73' lang='grc' dir='ltr'>φησι,</span> 
     </span>
    </p>
   </div>
   <div class='ocr_carea' id='block_1_32' title="bbox 86 1398 872 1435">
    <p class='ocr_par' dir='ltr' id='par_1_32' title="bbox 86 1398 872 1435">
     <span class='ocr_line' id='line_1_32' title="bbox 86 1398 872 1435; baseline -0.005 -6"><span class='ocrx_word' id='word_1_229' title='bbox 86 1403 134 1429; x_wconf 69' lang='grc' dir='ltr'><strong>οὐκ</strong></span> <span class='ocrx_word' id='word_1_230' title='bbox 149 1402 256 1434; x_wconf 75' lang='grc' dir='ltr'>ἔλαΰον,</span> <span class='ocrx_word' id='word_1_231' title='bbox 273 1401 345 1434; x_wconf 81' lang='grc' dir='ltr'>ἀλλ’,</span> <span class='ocrx_word' id='word_1_232' title='bbox 362 1401 423 1428; x_wconf 73' lang='grc' dir='ltr'>οὐδὲ</span> <span class='ocrx_word' id='word_1_233' title='bbox 439 1410 448 1427; x_wconf 81' lang='grc' dir='ltr'><strong>ι</strong></span> <span class='ocrx_word' id='word_1_234' title='bbox 463 1400 635 1435; x_wconf 74' lang='grc' dir='ltr'>ἐπεθύμησα.</span> <span class='ocrx_word' id='word_1_235' title='bbox 656 1409 664 1426; x_wconf 78' lang='grc' dir='ltr'><strong>ι</strong></span> <span class='ocrx_word' id='word_1_236' title='bbox 682 1398 749 1426; x_wconf 82' lang='grc' dir='ltr'>Εἶτα</span> <span class='ocrx_word' id='word_1_237' title='bbox 768 1399 872 1426; x_wconf 80' lang='grc' dir='ltr'>δείκνυ-</span> 
     </span>
    </p>
   </div>
   <div class='ocr_carea' id='block_1_33' title="bbox 89 1445 872 1483">
    <p class='ocr_par' dir='ltr' id='par_1_33' title="bbox 89 1445 872 1483">
     <span class='ocr_line' id='line_1_33' title="bbox 89 1445 872 1483; baseline -0.005 -8"><span class='ocrx_word' id='word_1_238' title='bbox 89 1458 140 1480; x_wconf 74' lang='grc' dir='ltr'>σιν,</span> <span class='ocrx_word' id='word_1_239' title='bbox 165 1449 208 1475; x_wconf 77' lang='grc' dir='ltr'>ὅτι</span> <span class='ocrx_word' id='word_1_240' title='bbox 224 1447 326 1483; x_wconf 75' lang='grc' dir='ltr'>ἀληθὴς</span> <span class='ocrx_word' id='word_1_241' title='bbox 357 1447 525 1482; x_wconf 77' lang='grc' dir='ltr'><strong>ἐλεημοσύνη</strong></span> <span class='ocrx_word' id='word_1_242' title='bbox 549 1447 582 1473; x_wconf 74' lang='grc' dir='ltr'>ὲκ</span> <span class='ocrx_word' id='word_1_243' title='bbox 604 1445 658 1472; x_wconf 85' lang='grc' dir='ltr'>τῶν</span> <span class='ocrx_word' id='word_1_244' title='bbox 683 1445 756 1472; x_wconf 74' lang='grc' dir='ltr'>ἰδίων</span> <span class='ocrx_word' id='word_1_245' title='bbox 781 1445 872 1472; x_wconf 79' lang='grc' dir='ltr'>κόπων</span> 
     </span>
    </p>
   </div>
   <div class='ocr_carea' id='block_1_34' title="bbox 90 1490 874 1529">
    <p class='ocr_par' dir='ltr' id='par_1_34' title="bbox 90 1490 874 1529">
     <span class='ocr_line' id='line_1_34' title="bbox 90 1490 874 1529; baseline -0.005 -8"><span class='ocrx_word' id='word_1_246' title='bbox 90 1494 190 1529; x_wconf 69' lang='grc' dir='ltr'>ὀφείλει</span> <span class='ocrx_word' id='word_1_247' title='bbox 213 1493 336 1527; x_wconf 82' lang='grc' dir='ltr'>γίνεσθαι</span> <span class='ocrx_word' id='word_1_248' title='bbox 357 1493 413 1524; x_wconf 75' lang='grc' dir='ltr'>τοῖς</span> <span class='ocrx_word' id='word_1_249' title='bbox 430 1491 565 1519; x_wconf 60' lang='grc' dir='ltr'>ἐνδεέσιν</span> <span class='ocrx_word' id='word_1_250' title='bbox 589 1490 651 1517; x_wconf 71' lang='grc' dir='ltr'>ἐπεὶ</span> <span class='ocrx_word' id='word_1_251' title='bbox 674 1492 705 1517; x_wconf 82' lang='grc' dir='ltr'>ὲκ</span> <span class='ocrx_word' id='word_1_252' title='bbox 731 1491 785 1517; x_wconf 79' lang='grc' dir='ltr'>τῶν</span> <span class='ocrx_word' id='word_1_253' title='bbox 800 1491 874 1518; x_wconf 63' lang='grc' dir='ltr'>ἀλλος</span> 
     </span>
    </p>
   </div>
   <div class='ocr_carea' id='block_1_35' title="bbox 911 251 1691 286">
    <p class='ocr_par' dir='ltr' id='par_1_35' title="bbox 911 251 1691 286">
     <span class='ocr_line' id='line_1_35' title="bbox 911 251 1691 286; baseline -0.008 -4"><span class='ocrx_word' id='word_1_254' title='bbox 911 257 1045 283; x_wconf 69' lang='lat' dir='ltr'><strong>amentiae.</strong></span> <span class='ocrx_word' id='word_1_255' title='bbox 1057 256 1086 283; x_wconf 85' lang='lat' dir='ltr'><strong>Et</strong></span> <span class='ocrx_word' id='word_1_256' title='bbox 1095 255 1155 283; x_wconf 86' lang='lat' dir='ltr'><strong>ideo</strong></span> <span class='ocrx_word' id='word_1_257' title='bbox 1168 255 1270 282; x_wconf 91' lang='lat' dir='ltr'><strong>addidit</strong></span> <span class='ocrx_word' id='word_1_258' title='bbox 1281 263 1288 281; x_wconf 91' lang='lat'><strong>:</strong></span> <span class='ocrx_word' id='word_1_259' title='bbox 1299 262 1309 279; x_wconf 74' lang='grc' dir='ltr'><strong>ι</strong></span> <span class='ocrx_word' id='word_1_260' title='bbox 1322 253 1442 285; x_wconf 85' lang='lat' dir='ltr'><strong>utilium,</strong></span> <span class='ocrx_word' id='word_1_261' title='bbox 1455 251 1601 286; x_wconf 81' lang='lat' dir='ltr'><strong>quominus</strong></span> <span class='ocrx_word' id='word_1_262' title='bbox 1616 259 1625 276; x_wconf 77' lang='grc' dir='ltr'><strong>ι</strong></span> <span class='ocrx_word' id='word_1_263' title='bbox 1639 258 1691 277; x_wconf 91' lang='lat' dir='ltr'><strong>non</strong></span> 
     </span>
    </p>
   </div>
   <div class='ocr_carea' id='block_1_36' title="bbox 909 297 1690 334">
    <p class='ocr_par' dir='ltr' id='par_1_36' title="bbox 909 297 1690 334">
     <span class='ocr_line' id='line_1_36' title="bbox 909 297 1690 334; baseline -0.008 -6"><span class='ocrx_word' id='word_1_264' title='bbox 909 302 997 328; x_wconf 84' lang='lat' dir='ltr'><strong>solum</strong></span> <span class='ocrx_word' id='word_1_265' title='bbox 1015 302 1144 334; x_wconf 82' lang='lat' dir='ltr'><strong>dicerem,</strong></span> <span class='ocrx_word' id='word_1_266' title='bbox 1160 300 1207 328; x_wconf 85' lang='lat' dir='ltr'><strong>sed</strong></span> <span class='ocrx_word' id='word_1_267' title='bbox 1225 310 1234 326; x_wconf 77' lang='grc' dir='ltr'><strong>ι</strong></span> <span class='ocrx_word' id='word_1_268' title='bbox 1255 304 1282 327; x_wconf 90' lang='lat' dir='ltr'><strong>et</strong></span> <span class='ocrx_word' id='word_1_269' title='bbox 1294 299 1501 327; x_wconf 67' lang='lat' dir='ltr'><strong>docerem.n—«</strong></span> <span class='ocrx_word' id='word_1_270' title='bbox 1522 297 1667 331; x_wconf 72' lang='lat' dir='ltr'><strong>Alligatus.</strong></span> <span class='ocrx_word' id='word_1_271' title='bbox 1681 305 1690 322; x_wconf 75' lang='grc' dir='ltr'><strong>ι</strong></span> 
     </span>
    </p>
   </div>
   <div class='ocr_carea' id='block_1_37' title="bbox 911 344 1692 381">
    <p class='ocr_par' dir='ltr' id='par_1_37' title="bbox 911 344 1692 381">
     <span class='ocr_line' id='line_1_37' title="bbox 911 344 1692 381; baseline -0.009 -5"><span class='ocrx_word' id='word_1_272' title='bbox 911 348 961 376; x_wconf 84' lang='lat' dir='ltr'><strong>Hic</strong></span> <span class='ocrx_word' id='word_1_273' title='bbox 994 349 1027 376; x_wconf 90' lang='lat' dir='ltr'><strong>ad</strong></span> <span class='ocrx_word' id='word_1_274' title='bbox 1068 355 1161 375; x_wconf 89' lang='lat' dir='ltr'><strong>vocem</strong></span> <span class='ocrx_word' id='word_1_275' title='bbox 1188 347 1315 381; x_wconf 77' lang='lat' dir='ltr'><strong>alligatus</strong></span> <span class='ocrx_word' id='word_1_276' title='bbox 1349 344 1600 380; x_wconf 78' lang='lat' dir='ltr'><strong>interpungendum</strong></span> <span class='ocrx_word' id='word_1_277' title='bbox 1632 346 1692 373; x_wconf 84' lang='lat' dir='ltr'><strong>est;</strong></span> 
     </span>
    </p>
   </div>
   <div class='ocr_carea' id='block_1_38' title="bbox 910 391 1693 430">
    <p class='ocr_par' dir='ltr' id='par_1_38' title="bbox 910 391 1693 430">
     <span class='ocr_line' id='line_1_38' title="bbox 910 391 1693 430; baseline -0.01 -8"><span class='ocrx_word' id='word_1_278' title='bbox 910 395 989 430; x_wconf 67' lang='lat'><strong>291</strong></span> <span class='ocrx_word' id='word_1_279' title='bbox 1007 399 1036 421; x_wconf 90' lang='lat' dir='ltr'><strong>ut</strong></span> <span class='ocrx_word' id='word_1_280' title='bbox 1050 395 1100 421; x_wconf 88' lang='lat' dir='ltr'><strong>iste</strong></span> <span class='ocrx_word' id='word_1_281' title='bbox 1117 394 1151 421; x_wconf 88' lang='lat' dir='ltr'><strong>sit</strong></span> <span class='ocrx_word' id='word_1_282' title='bbox 1171 400 1288 421; x_wconf 82' lang='lat' dir='ltr'><strong>sensus:</strong></span> <span class='ocrx_word' id='word_1_283' title='bbox 1306 391 1381 419; x_wconf 78' lang='lat' dir='ltr'><strong>Vada</strong></span> <span class='ocrx_word' id='word_1_284' title='bbox 1395 392 1422 419; x_wconf 91' lang='lat' dir='ltr'><strong>in</strong></span> <span class='ocrx_word' id='word_1_285' title='bbox 1443 391 1608 422; x_wconf 78' lang='lat' dir='ltr'><strong>Jerusalem,</strong></span> <span class='ocrx_word' id='word_1_286' title='bbox 1623 396 1693 423; x_wconf 74' lang='lat' dir='ltr'><strong>pra:-</strong></span> 
     </span>
    </p>
   </div>
   <div class='ocr_carea' id='block_1_39' title="bbox 911 439 1691 475">
    <p class='ocr_par' dir='ltr' id='par_1_39' title="bbox 911 439 1691 475">
     <span class='ocr_line' id='line_1_39' title="bbox 911 439 1691 475; baseline -0.008 -8"><span class='ocrx_word' id='word_1_287' title='bbox 911 441 1007 468; x_wconf 84' lang='lat' dir='ltr'><strong>videns</strong></span> <span class='ocrx_word' id='word_1_288' title='bbox 1021 448 1068 475; x_wconf 88' lang='lat' dir='ltr'><strong>per</strong></span> <span class='ocrx_word' id='word_1_289' title='bbox 1084 440 1215 475; x_wconf 88' lang='lat' dir='ltr'><strong>Spiritum</strong></span> <span class='ocrx_word' id='word_1_290' title='bbox 1241 442 1364 466; x_wconf 87' lang='lat' dir='ltr'><strong>sanctum</strong></span> <span class='ocrx_word' id='word_1_291' title='bbox 1380 445 1440 471; x_wconf 74' lang='lat' dir='ltr'><strong>qua:</strong></span> <span class='ocrx_word' id='word_1_292' title='bbox 1465 442 1577 464; x_wconf 87' lang='lat' dir='ltr'><strong>ventura</strong></span> <span class='ocrx_word' id='word_1_293' title='bbox 1606 439 1669 462; x_wconf 86' lang='lat' dir='ltr'><strong>sunt</strong></span> <span class='ocrx_word' id='word_1_294' title='bbox 1683 454 1691 465; x_wconf 85' lang='lat'><strong>.</strong></span> 
     </span>
    </p>
   </div>
   <div class='ocr_carea' id='block_1_40' title="bbox 911 483 1692 521">
    <p class='ocr_par' dir='ltr' id='par_1_40' title="bbox 911 483 1692 521">
     <span class='ocr_line' id='line_1_40' title="bbox 911 483 1692 521; baseline -0.008 -8"><span class='ocrx_word' id='word_1_295' title='bbox 911 487 981 514; x_wconf 79' lang='lat' dir='ltr'><strong>vado</strong></span> <span class='ocrx_word' id='word_1_296' title='bbox 999 492 1089 514; x_wconf 84' lang='lat' dir='ltr'><strong>autem</strong></span> <span class='ocrx_word' id='word_1_297' title='bbox 1120 486 1248 521; x_wconf 84' lang='lat' dir='ltr'><strong>alligatus</strong></span> <span class='ocrx_word' id='word_1_298' title='bbox 1264 495 1270 512; x_wconf 90' lang='lat'>:</span> <span class='ocrx_word' id='word_1_299' title='bbox 1291 488 1376 519; x_wconf 89' lang='lat' dir='ltr'><strong>utque</strong></span> <span class='ocrx_word' id='word_1_300' title='bbox 1390 483 1518 510; x_wconf 86' lang='lat' dir='ltr'><strong>ostendat</strong></span> <span class='ocrx_word' id='word_1_301' title='bbox 1543 489 1572 509; x_wconf 92' lang='lat' dir='ltr'><strong>se</strong></span> <span class='ocrx_word' id='word_1_302' title='bbox 1584 485 1692 516; x_wconf 78' lang='lat' dir='ltr'><strong>sponte,</strong></span> 
     </span>
    </p>
   </div>
   <div class='ocr_carea' id='block_1_41' title="bbox 912 529 1694 563">
    <p class='ocr_par' dir='ltr' id='par_1_41' title="bbox 912 529 1694 563">
     <span class='ocr_line' id='line_1_41' title="bbox 912 529 1694 563; baseline -0.009 -3"><span class='ocrx_word' id='word_1_303' title='bbox 912 538 939 560; x_wconf 84' lang='lat' dir='ltr'><strong>et</strong></span> <span class='ocrx_word' id='word_1_304' title='bbox 956 541 1010 560; x_wconf 89' lang='lat' dir='ltr'><strong>non</strong></span> <span class='ocrx_word' id='word_1_305' title='bbox 1038 533 1151 559; x_wconf 83' lang='lat' dir='ltr'><strong>invitum</strong></span> <span class='ocrx_word' id='word_1_306' title='bbox 1186 531 1339 563; x_wconf 81' lang='lat' dir='ltr'><strong>discedere,</strong></span> <span class='ocrx_word' id='word_1_307' title='bbox 1372 530 1468 557; x_wconf 82' lang='lat' dir='ltr'><strong>addit:</strong></span> <span class='ocrx_word' id='word_1_308' title='bbox 1490 538 1499 555; x_wconf 81' lang='grc' dir='ltr'><strong>ι</strong></span> <span class='ocrx_word' id='word_1_309' title='bbox 1523 529 1575 556; x_wconf 82' lang='lat' dir='ltr'><strong>Per</strong></span> <span class='ocrx_word' id='word_1_310' title='bbox 1598 534 1694 555; x_wconf 89' lang='lat' dir='ltr'><strong>omnes</strong></span> 
     </span>
    </p>
   </div>
   <div class='ocr_carea' id='block_1_42' title="bbox 912 576 1695 606">
    <p class='ocr_par' dir='ltr' id='par_1_42' title="bbox 912 576 1695 606">
     <span class='ocr_line' id='line_1_42' title="bbox 912 576 1695 606; baseline -0.009 -1"><span class='ocrx_word' id='word_1_311' title='bbox 912 578 1035 606; x_wconf 74' lang='lat' dir='ltr'><strong>civitates</strong></span> <span class='ocrx_word' id='word_1_312' title='bbox 1049 578 1155 606; x_wconf 83' lang='lat' dir='ltr'><strong>vincula</strong></span> <span class='ocrx_word' id='word_1_313' title='bbox 1175 581 1200 604; x_wconf 91' lang='lat' dir='ltr'><strong>et</strong></span> <span class='ocrx_word' id='word_1_314' title='bbox 1217 576 1411 604; x_wconf 87' lang='lat' dir='ltr'><strong>tribulationes</strong></span> <span class='ocrx_word' id='word_1_315' title='bbox 1427 582 1468 601; x_wconf 88' lang='lat' dir='ltr'><strong>me</strong></span> <span class='ocrx_word' id='word_1_316' title='bbox 1497 577 1619 601; x_wconf 87' lang='lat' dir='ltr'><strong>manent.</strong></span> <span class='ocrx_word' id='word_1_317' title='bbox 1639 581 1648 598; x_wconf 71' lang='grc' dir='ltr'><strong>ι</strong></span> <span class='ocrx_word' id='word_1_318' title='bbox 1660 586 1695 591; x_wconf 79' lang='lat'><strong>~—</strong></span> 
     </span>
    </p>
   </div>
   <div class='ocr_carea' id='block_1_43' title="bbox 915 619 1695 658">
    <p class='ocr_par' dir='ltr' id='par_1_43' title="bbox 915 619 1695 658">
     <span class='ocr_line' id='line_1_43' title="bbox 915 619 1695 658; baseline -0.008 -8"><span class='ocrx_word' id='word_1_319' title='bbox 915 634 924 650; x_wconf 73' lang='grc'><strong>(</strong></span> <span class='ocrx_word' id='word_1_320' title='bbox 948 624 1062 651; x_wconf 80' lang='lat' dir='ltr'><strong>Mundus</strong></span> <span class='ocrx_word' id='word_1_321' title='bbox 1079 632 1150 655; x_wconf 73' lang='lat' dir='ltr'><strong>sum,</strong></span> <span class='ocrx_word' id='word_1_322' title='bbox 1163 623 1280 658; x_wconf 88' lang='lat' dir='ltr'><strong>inquit,a</strong></span> <span class='ocrx_word' id='word_1_323' title='bbox 1296 622 1428 656; x_wconf 78' lang='lat' dir='ltr'><strong>sanguine</strong></span> <span class='ocrx_word' id='word_1_324' title='bbox 1444 621 1592 653; x_wconf 77' lang='lat' dir='ltr'><strong>omniqu</strong></span> <span class='ocrx_word' id='word_1_325' title='bbox 1610 619 1632 645; x_wconf 95' lang='lat' dir='ltr'><strong>si</strong></span> <span class='ocrx_word' id='word_1_326' title='bbox 1648 626 1695 645; x_wconf 88' lang='lat' dir='ltr'><strong>vos</strong></span> 
     </span>
    </p>
   </div>
   <div class='ocr_carea' id='block_1_44' title="bbox 912 665 1694 698">
    <p class='ocr_par' dir='ltr' id='par_1_44' title="bbox 912 665 1694 698">
     <span class='ocr_line' id='line_1_44' title="bbox 912 665 1694 698; baseline -0.01 0"><span class='ocrx_word' id='word_1_327' title='bbox 912 670 1117 698; x_wconf 86' lang='lat' dir='ltr'><strong>obdormientes</strong></span> <span class='ocrx_word' id='word_1_328' title='bbox 1129 668 1292 696; x_wconf 86' lang='lat' dir='ltr'><strong>ocridamini</strong></span> <span class='ocrx_word' id='word_1_329' title='bbox 1320 669 1354 694; x_wconf 88' lang='lat' dir='ltr'><strong>ab</strong></span> <span class='ocrx_word' id='word_1_330' title='bbox 1383 666 1559 694; x_wconf 88' lang='lat' dir='ltr'><strong>interfectore</strong></span> <span class='ocrx_word' id='word_1_331' title='bbox 1590 665 1694 691; x_wconf 90' lang='lat' dir='ltr'><strong>anima-</strong></span> 
     </span>
    </p>
   </div>
   <div class='ocr_carea' id='block_1_45' title="bbox 913 711 1696 751">
    <p class='ocr_par' dir='ltr' id='par_1_45' title="bbox 913 711 1696 751">
     <span class='ocr_line' id='line_1_45' title="bbox 913 711 1696 751; baseline -0.01 -7"><span class='ocrx_word' id='word_1_332' title='bbox 913 725 984 744; x_wconf 81' lang='lat' dir='ltr'><strong>rum.</strong></span> <span class='ocrx_word' id='word_1_333' title='bbox 1002 716 1181 751; x_wconf 62' lang='lat' dir='ltr'><strong>Prweeptoris</strong></span> <span class='ocrx_word' id='word_1_334' title='bbox 1199 715 1271 742; x_wconf 90' lang='lat' dir='ltr'><strong>enim</strong></span> <span class='ocrx_word' id='word_1_335' title='bbox 1284 714 1360 741; x_wconf 77' lang='lat' dir='ltr'><strong>oneri</strong></span> <span class='ocrx_word' id='word_1_336' title='bbox 1379 712 1497 741; x_wconf 85' lang='lat' dir='ltr'><strong>satisfeci</strong></span> <span class='ocrx_word' id='word_1_337' title='bbox 1508 711 1696 739; x_wconf 88' lang='lat' dir='ltr'><strong>annuntiaudo</strong></span> 
     </span>
    </p>
   </div>
   <div class='ocr_carea' id='block_1_46' title="bbox 913 756 1697 794">
    <p class='ocr_par' dir='ltr' id='par_1_46' title="bbox 913 756 1697 794">
     <span class='ocr_line' id='line_1_46' title="bbox 913 756 1697 794; baseline -0.009 -7"><span class='ocrx_word' id='word_1_338' title='bbox 913 762 992 789; x_wconf 89' lang='lat' dir='ltr'><strong>vobis</strong></span> <span class='ocrx_word' id='word_1_339' title='bbox 1021 761 1168 789; x_wconf 87' lang='lat' dir='ltr'><strong>consilium</strong></span> <span class='ocrx_word' id='word_1_340' title='bbox 1200 759 1260 787; x_wconf 87' lang='lat' dir='ltr'><strong>Dei.</strong></span> <span class='ocrx_word' id='word_1_341' title='bbox 1291 758 1362 794; x_wconf 81' lang='lat' dir='ltr'><strong>Ergo</strong></span> <span class='ocrx_word' id='word_1_342' title='bbox 1376 757 1422 792; x_wconf 86' lang='lat' dir='ltr'><strong>qui</strong></span> <span class='ocrx_word' id='word_1_343' title='bbox 1455 764 1509 784; x_wconf 90' lang='lat' dir='ltr'><strong>non</strong></span> <span class='ocrx_word' id='word_1_344' title='bbox 1537 756 1604 783; x_wconf 86' lang='lat' dir='ltr'><strong>dicit</strong></span> <span class='ocrx_word' id='word_1_345' title='bbox 1636 763 1697 789; x_wconf 74' lang='lat' dir='ltr'><strong>quae</strong></span> 
     </span>
    </p>
   </div>
   <div class='ocr_carea' id='block_1_47' title="bbox 914 802 1696 840">
    <p class='ocr_par' dir='ltr' id='par_1_47' title="bbox 914 802 1696 840">
     <span class='ocr_line' id='line_1_47' title="bbox 914 802 1696 840; baseline -0.008 -7"><span class='ocrx_word' id='word_1_346' title='bbox 914 807 1003 839; x_wconf 75' lang='lat' dir='ltr'><strong>tit&#39;bt‘l,</strong></span> <span class='ocrx_word' id='word_1_347' title='bbox 1019 815 1082 834; x_wconf 85' lang='lat' dir='ltr'><strong>reus</strong></span> <span class='ocrx_word' id='word_1_348' title='bbox 1093 810 1134 833; x_wconf 90' lang='lat' dir='ltr'><strong>est</strong></span> <span class='ocrx_word' id='word_1_349' title='bbox 1148 805 1291 840; x_wconf 77' lang='lat' dir='ltr'><strong>sanguinis</strong></span> <span class='ocrx_word' id='word_1_350' title='bbox 1320 812 1368 832; x_wconf 88' lang='lat' dir='ltr'><strong>seu</strong></span> <span class='ocrx_word' id='word_1_351' title='bbox 1383 804 1478 831; x_wconf 72' lang='lat' dir='ltr'><strong>caedis.</strong></span> <span class='ocrx_word' id='word_1_352' title='bbox 1491 803 1581 836; x_wconf 82' lang='lat' dir='ltr'><strong>Quare</strong></span> <span class='ocrx_word' id='word_1_353' title='bbox 1595 802 1696 832; x_wconf 91' lang='lat' dir='ltr'><strong>innuit,</strong></span> 
     </span>
    </p>
   </div>
   <div class='ocr_carea' id='block_1_48' title="bbox 916 848 1698 887">
    <p class='ocr_par' dir='ltr' id='par_1_48' title="bbox 916 848 1698 887">
     <span class='ocr_line' id='line_1_48' title="bbox 916 848 1698 887; baseline -0.01 -6"><span class='ocrx_word' id='word_1_354' title='bbox 916 858 944 881; x_wconf 86' lang='lat' dir='ltr'><strong>et</strong></span> <span class='ocrx_word' id='word_1_355' title='bbox 961 853 1035 887; x_wconf 84' lang='lat' dir='ltr'><strong>ipsos</strong></span> <span class='ocrx_word' id='word_1_356' title='bbox 1052 853 1074 879; x_wconf 84' lang='lat' dir='ltr'><strong>si</strong></span> <span class='ocrx_word' id='word_1_357' title='bbox 1092 860 1144 879; x_wconf 90' lang='lat' dir='ltr'><strong>non</strong></span> <span class='ocrx_word' id='word_1_358' title='bbox 1162 852 1287 883; x_wconf 87' lang='lat' dir='ltr'><strong>fecerint,</strong></span> <span class='ocrx_word' id='word_1_359' title='bbox 1303 859 1365 878; x_wconf 88' lang='lat' dir='ltr'><strong>reos</strong></span> <span class='ocrx_word' id='word_1_360' title='bbox 1382 851 1490 877; x_wconf 85' lang='lat' dir='ltr'><strong>futuros</strong></span> <span class='ocrx_word' id='word_1_361' title='bbox 1515 848 1617 883; x_wconf 85' lang='lat' dir='ltr'><strong>proprii</strong></span> <span class='ocrx_word' id='word_1_362' title='bbox 1634 855 1698 874; x_wconf 82' lang='lat' dir='ltr'><strong>san-</strong></span> 
     </span>
    </p>
   </div>
   <div class='ocr_carea' id='block_1_49' title="bbox 915 893 1698 934">
    <p class='ocr_par' dir='ltr' id='par_1_49' title="bbox 915 893 1698 934">
     <span class='ocr_line' id='line_1_49' title="bbox 915 893 1698 934; baseline -0.009 -9"><span class='ocrx_word' id='word_1_363' title='bbox 915 899 1018 934; x_wconf 90' lang='lat' dir='ltr'><strong>guinis.</strong></span> <span class='ocrx_word' id='word_1_364' title='bbox 1034 907 1045 924; x_wconf 77' lang='grc' dir='ltr'><strong>ι</strong></span> <span class='ocrx_word' id='word_1_365' title='bbox 1061 897 1200 925; x_wconf 81' lang='lat' dir='ltr'><strong>Attendile</strong></span> <span class='ocrx_word' id='word_1_366' title='bbox 1224 897 1302 924; x_wconf 89' lang='lat' dir='ltr'><strong>vobis</strong></span> <span class='ocrx_word' id='word_1_367' title='bbox 1325 900 1352 924; x_wconf 86' lang='lat' dir='ltr'><strong>et</strong></span> <span class='ocrx_word' id='word_1_368' title='bbox 1369 897 1496 923; x_wconf 86' lang='lat' dir='ltr'><strong>universo</strong></span> <span class='ocrx_word' id='word_1_369' title='bbox 1515 895 1599 930; x_wconf 74' lang='lat' dir='ltr'><strong>gregi.</strong></span> <span class='ocrx_word' id='word_1_370' title='bbox 1616 903 1626 919; x_wconf 77' lang='grc' dir='ltr'><strong>ι</strong></span> <span class='ocrx_word' id='word_1_371' title='bbox 1641 893 1698 919; x_wconf 85' lang='lat' dir='ltr'><strong>Duo</strong></span> 
     </span>
    </p>
   </div>
   <div class='ocr_carea' id='block_1_50' title="bbox 918 938 1700 978">
    <p class='ocr_par' dir='ltr' id='par_1_50' title="bbox 918 938 1700 978">
     <span class='ocr_line' id='line_1_50' title="bbox 918 938 1700 978; baseline -0.009 -7"><span class='ocrx_word' id='word_1_372' title='bbox 918 945 975 971; x_wconf 70' lang='lat' dir='ltr'><strong>hzec</strong></span> <span class='ocrx_word' id='word_1_373' title='bbox 1004 943 1164 971; x_wconf 80' lang='lat' dir='ltr'><strong>doctoribus</strong></span> <span class='ocrx_word' id='word_1_374' title='bbox 1193 942 1342 976; x_wconf 58' lang='lat' dir='ltr'><strong>praecipit:</strong></span> <span class='ocrx_word' id='word_1_375' title='bbox 1373 948 1435 968; x_wconf 85' lang='lat' dir='ltr'><strong>nam</strong></span> <span class='ocrx_word' id='word_1_376' title='bbox 1464 947 1553 974; x_wconf 89' lang='lat' dir='ltr'><strong>neque</strong></span> <span class='ocrx_word' id='word_1_377' title='bbox 1577 938 1700 978; x_wconf 83' lang='lat' dir='ltr'><strong>_alterius</strong></span> 
     </span>
    </p>
   </div>
   <div class='ocr_carea' id='block_1_51' title="bbox 919 984 1700 1023">
    <p class='ocr_par' dir='ltr' id='par_1_51' title="bbox 919 984 1700 1023">
     <span class='ocr_line' id='line_1_51' title="bbox 919 984 1700 1023; baseline -0.009 -6"><span class='ocrx_word' id='word_1_378' title='bbox 919 994 1024 1017; x_wconf 83' lang='lat' dir='ltr'><strong>tantum</strong></span> <span class='ocrx_word' id='word_1_379' title='bbox 1040 990 1141 1017; x_wconf 89' lang='lat' dir='ltr'><strong>bonum</strong></span> <span class='ocrx_word' id='word_1_380' title='bbox 1158 989 1298 1023; x_wconf 81' lang='lat' dir='ltr'><strong>prosequi,</strong></span> <span class='ocrx_word' id='word_1_381' title='bbox 1320 987 1386 1014; x_wconf 86' lang='lat' dir='ltr'><strong>utile</strong></span> <span class='ocrx_word' id='word_1_382' title='bbox 1405 991 1457 1019; x_wconf 86' lang='lat' dir='ltr'><strong>est,</strong></span> <span class='ocrx_word' id='word_1_383' title='bbox 1475 993 1561 1020; x_wconf 87' lang='lat' dir='ltr'><strong>neque</strong></span> <span class='ocrx_word' id='word_1_384' title='bbox 1584 984 1625 1012; x_wconf 87' lang='lat' dir='ltr'><strong>sui</strong></span> <span class='ocrx_word' id='word_1_385' title='bbox 1639 987 1700 1010; x_wconf 42' lang='lat' dir='ltr'><strong>tan.</strong></span> 
     </span>
    </p>
   </div>
   <div class='ocr_carea' id='block_1_52' title="bbox 919 1029 1702 1064">
    <p class='ocr_par' dir='ltr' id='par_1_52' title="bbox 919 1029 1702 1064">
     <span class='ocr_line' id='line_1_52' title="bbox 919 1029 1702 1064; baseline -0.008 -2"><span class='ocrx_word' id='word_1_386' title='bbox 919 1035 1059 1064; x_wconf 89' lang='lat' dir='ltr'><strong>tummodo</strong></span> <span class='ocrx_word' id='word_1_387' title='bbox 1088 1041 1182 1061; x_wconf 88' lang='lat' dir='ltr'><strong>curam</strong></span> <span class='ocrx_word' id='word_1_388' title='bbox 1206 1033 1324 1061; x_wconf 79' lang='lat' dir='ltr'><strong>habere:</strong></span> <span class='ocrx_word' id='word_1_389' title='bbox 1358 1032 1421 1059; x_wconf 87' lang='lat' dir='ltr'><strong>talis</strong></span> <span class='ocrx_word' id='word_1_390' title='bbox 1447 1032 1519 1058; x_wconf 83' lang='lat' dir='ltr'><strong>enim</strong></span> <span class='ocrx_word' id='word_1_391' title='bbox 1546 1030 1588 1058; x_wconf 86' lang='lat' dir='ltr'><strong>sui</strong></span> <span class='ocrx_word' id='word_1_392' title='bbox 1615 1029 1702 1064; x_wconf 82' lang='lat' dir='ltr'><strong>ipsius</strong></span> 
     </span>
    </p>
   </div>
   <div class='ocr_carea' id='block_1_53' title="bbox 918 1074 1700 1108">
    <p class='ocr_par' dir='ltr' id='par_1_53' title="bbox 918 1074 1700 1108">
     <span class='ocr_line' id='line_1_53' title="bbox 918 1074 1700 1108; baseline -0.008 -2"><span class='ocrx_word' id='word_1_393' title='bbox 918 1084 1023 1107; x_wconf 84' lang='lat' dir='ltr'><strong>amator</strong></span> <span class='ocrx_word' id='word_1_394' title='bbox 1035 1078 1223 1106; x_wconf 86' lang='lat' dir='ltr'><strong>tantummodo</strong></span> <span class='ocrx_word' id='word_1_395' title='bbox 1240 1082 1292 1105; x_wconf 80' lang='lat' dir='ltr'><strong>est.</strong></span> <span class='ocrx_word' id='word_1_396' title='bbox 1314 1076 1507 1103; x_wconf 85' lang='lat' dir='ltr'><strong>Adnotaudum</strong></span> <span class='ocrx_word' id='word_1_397' title='bbox 1535 1082 1610 1105; x_wconf 87' lang='lat' dir='ltr'><strong>vero,</strong></span> <span class='ocrx_word' id='word_1_398' title='bbox 1627 1074 1700 1108; x_wconf 90' lang='lat' dir='ltr'><strong>quod</strong></span> 
     </span>
    </p>
   </div>
   <div class='ocr_carea' id='block_1_54' title="bbox 918 1121 1702 1160">
    <p class='ocr_par' dir='ltr' id='par_1_54' title="bbox 918 1121 1702 1160">
     <span class='ocr_line' id='line_1_54' title="bbox 918 1121 1702 1160; baseline -0.009 -7"><span class='ocrx_word' id='word_1_399' title='bbox 918 1133 976 1157; x_wconf 81' lang='lat' dir='ltr'><strong>eos,</strong></span> <span class='ocrx_word' id='word_1_400' title='bbox 990 1132 1061 1160; x_wconf 87' lang='lat' dir='ltr'><strong>quos</strong></span> <span class='ocrx_word' id='word_1_401' title='bbox 1073 1132 1155 1158; x_wconf 84' lang='lat' dir='ltr'><strong>supra</strong></span> <span class='ocrx_word' id='word_1_402' title='bbox 1188 1124 1361 1158; x_wconf 74' lang='lat' dir='ltr'><strong>presbyteros</strong></span> <span class='ocrx_word' id='word_1_403' title='bbox 1376 1122 1454 1151; x_wconf 80' lang='lat' dir='ltr'><strong>dixit.</strong></span> <span class='ocrx_word' id='word_1_404' title='bbox 1469 1129 1540 1148; x_wconf 88' lang='lat' dir='ltr'><strong>nunc</strong></span> <span class='ocrx_word' id='word_1_405' title='bbox 1559 1121 1702 1155; x_wconf 84' lang='lat' dir='ltr'><strong>episcopos</strong></span> 
     </span>
    </p>
   </div>
   <div class='ocr_carea' id='block_1_55' title="bbox 919 1169 1702 1206">
    <p class='ocr_par' dir='ltr' id='par_1_55' title="bbox 919 1169 1702 1206">
     <span class='ocr_line' id='line_1_55' title="bbox 919 1169 1702 1206; baseline -0.011 -6"><span class='ocrx_word' id='word_1_406' title='bbox 919 1179 966 1200; x_wconf 64' lang='lat' dir='ltr'><strong>Seu</strong></span> <span class='ocrx_word' id='word_1_407' title='bbox 982 1172 1154 1206; x_wconf 75' lang='lat' dir='ltr'><strong>inspectores</strong></span> <span class='ocrx_word' id='word_1_408' title='bbox 1179 1170 1308 1205; x_wconf 75' lang='lat' dir='ltr'><strong>appellet,</strong></span> <span class='ocrx_word' id='word_1_409' title='bbox 1325 1169 1365 1196; x_wconf 86' lang='lat' dir='ltr'><strong>vel</strong></span> <span class='ocrx_word' id='word_1_410' title='bbox 1389 1169 1452 1202; x_wconf 83' lang='lat' dir='ltr'><strong>quia</strong></span> <span class='ocrx_word' id='word_1_411' title='bbox 1468 1175 1581 1195; x_wconf 81' lang='lat' dir='ltr'><strong>necesse</strong></span> <span class='ocrx_word' id='word_1_412' title='bbox 1604 1171 1656 1197; x_wconf 83' lang='lat' dir='ltr'><strong>est,</strong></span> <span class='ocrx_word' id='word_1_413' title='bbox 1673 1169 1702 1192; x_wconf 92' lang='lat' dir='ltr'><strong>ut</strong></span> 
     </span>
    </p>
   </div>
   <div class='ocr_carea' id='block_1_56' title="bbox 920 1213 1703 1253">
    <p class='ocr_par' dir='ltr' id='par_1_56' title="bbox 920 1213 1703 1253">
     <span class='ocr_line' id='line_1_56' title="bbox 920 1213 1703 1253; baseline -0.009 -9"><span class='ocrx_word' id='word_1_414' title='bbox 920 1216 1070 1253; x_wconf 79' lang='lat' dir='ltr'><strong>presbyteri</strong></span> <span class='ocrx_word' id='word_1_415' title='bbox 1097 1216 1239 1243; x_wconf 77' lang='lat' dir='ltr'><strong>attendant</strong></span> <span class='ocrx_word' id='word_1_416' title='bbox 1266 1221 1349 1249; x_wconf 86' lang='lat' dir='ltr'><strong>supra</strong></span> <span class='ocrx_word' id='word_1_417' title='bbox 1369 1213 1521 1241; x_wconf 82' lang='lat' dir='ltr'><strong>rationales</strong></span> <span class='ocrx_word' id='word_1_418' title='bbox 1545 1218 1652 1247; x_wconf 75' lang='lat' dir='ltr'><strong>greges,</strong></span> <span class='ocrx_word' id='word_1_419' title='bbox 1669 1217 1703 1237; x_wconf 85' lang='lat' dir='ltr'><strong>ne</strong></span> 
     </span>
    </p>
   </div>
   <div class='ocr_carea' id='block_1_57' title="bbox 920 1257 1703 1299">
    <p class='ocr_par' dir='ltr' id='par_1_57' title="bbox 920 1257 1703 1299">
     <span class='ocr_line' id='line_1_57' title="bbox 920 1257 1703 1299; baseline -0.01 -8"><span class='ocrx_word' id='word_1_420' title='bbox 920 1264 982 1299; x_wconf 80' lang='lat' dir='ltr'><strong>quis</strong></span> <span class='ocrx_word' id='word_1_421' title='bbox 1000 1263 1041 1290; x_wconf 97' lang='lat' dir='ltr'><strong>vel</strong></span> <span class='ocrx_word' id='word_1_422' title='bbox 1056 1262 1182 1290; x_wconf 81' lang='lat' dir='ltr'><strong>infirmus</strong></span> <span class='ocrx_word' id='word_1_423' title='bbox 1211 1261 1245 1289; x_wconf 96' lang='lat' dir='ltr'><strong>sit</strong></span> <span class='ocrx_word' id='word_1_424' title='bbox 1262 1261 1325 1293; x_wconf 82' lang='lat' dir='ltr'><strong>ﬁde,</strong></span> <span class='ocrx_word' id='word_1_425' title='bbox 1350 1260 1392 1287; x_wconf 88' lang='lat' dir='ltr'><strong>vel</strong></span> <span class='ocrx_word' id='word_1_426' title='bbox 1424 1259 1539 1290; x_wconf 78' lang='lat' dir='ltr'><strong>esuriat,</strong></span> <span class='ocrx_word' id='word_1_427' title='bbox 1563 1257 1605 1285; x_wconf 86' lang='lat' dir='ltr'><strong>vel</strong></span> <span class='ocrx_word' id='word_1_428' title='bbox 1616 1257 1703 1288; x_wconf 82' lang='lat' dir='ltr'><strong>sitiat,</strong></span> 
     </span>
    </p>
   </div>
   <div class='ocr_carea' id='block_1_58' title="bbox 921 1302 1704 1342">
    <p class='ocr_par' dir='ltr' id='par_1_58' title="bbox 921 1302 1704 1342">
     <span class='ocr_line' id='line_1_58' title="bbox 921 1302 1704 1342; baseline -0.01 -6"><span class='ocrx_word' id='word_1_429' title='bbox 921 1309 963 1336; x_wconf 90' lang='lat' dir='ltr'><strong>vel</strong></span> <span class='ocrx_word' id='word_1_430' title='bbox 999 1307 1212 1342; x_wconf 84' lang='lat' dir='ltr'><strong>reprehensione</strong></span> <span class='ocrx_word' id='word_1_431' title='bbox 1241 1310 1268 1333; x_wconf 91' lang='lat' dir='ltr'><strong>ct</strong></span> <span class='ocrx_word' id='word_1_432' title='bbox 1289 1305 1460 1333; x_wconf 87' lang='lat' dir='ltr'><strong>correctione</strong></span> <span class='ocrx_word' id='word_1_433' title='bbox 1487 1304 1606 1338; x_wconf 79' lang='lat' dir='ltr'><strong>indigeat</strong></span> <span class='ocrx_word' id='word_1_434' title='bbox 1632 1311 1639 1329; x_wconf 89' lang='lat'>:</span> <span class='ocrx_word' id='word_1_435' title='bbox 1661 1302 1704 1329; x_wconf 91' lang='lat' dir='ltr'><strong>vel</strong></span> 
     </span>
    </p>
   </div>
   <div class='ocr_carea' id='block_1_59' title="bbox 923 1350 1704 1389">
    <p class='ocr_par' dir='ltr' id='par_1_59' title="bbox 923 1350 1704 1389">
     <span class='ocr_line' id='line_1_59' title="bbox 923 1350 1704 1389; baseline -0.008 -8"><span class='ocrx_word' id='word_1_436' title='bbox 923 1355 1068 1389; x_wconf 80' lang='lat' dir='ltr'><strong>episcopos</strong></span> <span class='ocrx_word' id='word_1_437' title='bbox 1097 1353 1150 1386; x_wconf 83' lang='lat' dir='ltr'><strong>hic,</strong></span> <span class='ocrx_word' id='word_1_438' title='bbox 1178 1352 1224 1387; x_wconf 87' lang='lat' dir='ltr'><strong>qui</strong></span> <span class='ocrx_word' id='word_1_439' title='bbox 1262 1359 1326 1379; x_wconf 85' lang='lat' dir='ltr'><strong>vere</strong></span> <span class='ocrx_word' id='word_1_440' title='bbox 1358 1350 1479 1386; x_wconf 79' lang='lat' dir='ltr'><strong>episcopi</strong></span> <span class='ocrx_word' id='word_1_441' title='bbox 1508 1354 1583 1381; x_wconf 87' lang='lat' dir='ltr'><strong>sunt,</strong></span> <span class='ocrx_word' id='word_1_442' title='bbox 1612 1353 1704 1375; x_wconf 77' lang='lat' dir='ltr'><strong>vocat.</strong></span> 
     </span>
    </p>
   </div>
   <div class='ocr_carea' id='block_1_60' title="bbox 926 1394 1706 1435">
    <p class='ocr_par' dir='ltr' id='par_1_60' title="bbox 926 1394 1706 1435">
     <span class='ocr_line' id='line_1_60' title="bbox 926 1394 1706 1435; baseline -0.009 -8"><span class='ocrx_word' id='word_1_443' title='bbox 926 1410 934 1427; x_wconf 82' lang='grc' dir='ltr'><strong>ι</strong></span> <span class='ocrx_word' id='word_1_444' title='bbox 953 1400 1100 1435; x_wconf 78' lang='lat' dir='ltr'><strong>Argentum</strong></span> <span class='ocrx_word' id='word_1_445' title='bbox 1116 1404 1143 1426; x_wconf 88' lang='lat' dir='ltr'><strong>et</strong></span> <span class='ocrx_word' id='word_1_446' title='bbox 1164 1405 1273 1425; x_wconf 88' lang='lat' dir='ltr'><strong>aurum.</strong></span> <span class='ocrx_word' id='word_1_447' title='bbox 1293 1407 1302 1423; x_wconf 76' lang='grc' dir='ltr'><strong>ι</strong></span> <span class='ocrx_word' id='word_1_448' title='bbox 1320 1396 1448 1423; x_wconf 78' lang='lat' dir='ltr'><strong>Radicem</strong></span> <span class='ocrx_word' id='word_1_449' title='bbox 1462 1395 1598 1424; x_wconf 79' lang='lat' dir='ltr'><strong>exscindit</strong></span> <span class='ocrx_word' id='word_1_450' title='bbox 1621 1394 1706 1421; x_wconf 85' lang='lat' dir='ltr'><strong>malo-</strong></span> 
     </span>
    </p>
   </div>
   <div class='ocr_carea' id='block_1_61' title="bbox 925 1439 1706 1479">
    <p class='ocr_par' dir='ltr' id='par_1_61' title="bbox 925 1439 1706 1479">
     <span class='ocr_line' id='line_1_61' title="bbox 925 1439 1706 1479; baseline -0.009 -6"><span class='ocrx_word' id='word_1_451' title='bbox 925 1454 996 1478; x_wconf 86' lang='lat' dir='ltr'><strong>rum,</strong></span> <span class='ocrx_word' id='word_1_452' title='bbox 1011 1453 1109 1479; x_wconf 87' lang='lat' dir='ltr'><strong>nempe</strong></span> <span class='ocrx_word' id='word_1_453' title='bbox 1125 1443 1290 1470; x_wconf 83' lang='lat' dir='ltr'><strong>avaritiam:</strong></span> <span class='ocrx_word' id='word_1_454' title='bbox 1313 1449 1402 1476; x_wconf 86' lang='lat' dir='ltr'><strong>neque</strong></span> <span class='ocrx_word' id='word_1_455' title='bbox 1430 1441 1501 1468; x_wconf 89' lang='lat' dir='ltr'><strong>enim</strong></span> <span class='ocrx_word' id='word_1_456' title='bbox 1531 1439 1706 1468; x_wconf 88' lang='lat' dir='ltr'><strong>solummodo</strong></span> 
     </span>
    </p>
   </div>
   <div class='ocr_carea' id='block_1_62' title="bbox 925 1485 1708 1525">
    <p class='ocr_par' dir='ltr' id='par_1_62' title="bbox 925 1485 1708 1525">
     <span class='ocr_line' id='line_1_62' title="bbox 925 1485 1708 1525; baseline -0.009 -6"><span class='ocrx_word' id='word_1_457' title='bbox 925 1492 1001 1525; x_wconf 84' lang='lat' dir='ltr'><strong>dicit,</strong></span> <span class='ocrx_word' id='word_1_458' title='bbox 1018 1499 1071 1518; x_wconf 90' lang='lat' dir='ltr'><strong>non</strong></span> <span class='ocrx_word' id='word_1_459' title='bbox 1084 1490 1186 1525; x_wconf 85' lang='lat' dir='ltr'><strong>accepi,</strong></span> <span class='ocrx_word' id='word_1_460' title='bbox 1203 1489 1261 1520; x_wconf 91' lang='lat' dir='ltr'><strong>sed,</strong></span> <span class='ocrx_word' id='word_1_461' title='bbox 1273 1495 1362 1523; x_wconf 75' lang='lat' dir='ltr'><strong>neque</strong></span> <span class='ocrx_word' id='word_1_462' title='bbox 1374 1497 1383 1513; x_wconf 84' lang='grc'><em>‹</em></span> <span class='ocrx_word' id='word_1_463' title='bbox 1396 1487 1560 1514; x_wconf 80' lang='lat' dir='ltr'><strong>desideravi.</strong></span> <span class='ocrx_word' id='word_1_464' title='bbox 1577 1496 1586 1512; x_wconf 72' lang='grc' dir='ltr'><strong>ι</strong></span> <span class='ocrx_word' id='word_1_465' title='bbox 1607 1485 1708 1513; x_wconf 88' lang='lat' dir='ltr'><strong>Deinde</strong></span> 
     </span>
    </p>
   </div>
   <div class='ocr_carea' id='block_1_63' title="bbox 90 1531 888 1576">
    <p class='ocr_par' dir='ltr' id='par_1_63' title="bbox 90 1535 874 1576">
     <span class='ocr_line' id='line_1_63' title="bbox 90 1535 874 1576; baseline -0.005 -9"><span class='ocrx_word' id='word_1_466' title='bbox 90 1541 172 1576; x_wconf 70' lang='grc' dir='ltr'>τρίων</span> <span class='ocrx_word' id='word_1_467' title='bbox 186 1540 297 1572; x_wconf 78' lang='grc' dir='ltr'>διδόναι,</span> <span class='ocrx_word' id='word_1_468' title='bbox 313 1539 343 1566; x_wconf 86' lang='grc' dir='ltr'>οὑ</span> <span class='ocrx_word' id='word_1_469' title='bbox 364 1538 457 1565; x_wconf 84' lang='grc' dir='ltr'>καλόν.</span> <span class='ocrx_word' id='word_1_470' title='bbox 476 1535 541 1564; x_wconf 74' lang='grc' dir='ltr'>Εἶτα</span> <span class='ocrx_word' id='word_1_471' title='bbox 557 1537 604 1565; x_wconf 79' lang='grc' dir='ltr'>καὶ</span> <span class='ocrx_word' id='word_1_472' title='bbox 618 1537 715 1573; x_wconf 72' lang='grc' dir='ltr'>χρῆσιν</span> <span class='ocrx_word' id='word_1_473' title='bbox 734 1538 773 1569; x_wconf 82' lang='grc' dir='ltr'><strong>εἰς</strong></span> <span class='ocrx_word' id='word_1_474' title='bbox 790 1545 874 1564; x_wconf 71' lang='grc' dir='ltr'>κατα-</span> 
     </span>
    </p>
   </div>
   <div class='ocr_carea' id='block_1_64' title="bbox 954 1531 1709 1576">
    <p class='ocr_par' dir='ltr' id='par_1_64' title="bbox 954 1531 1709 1570">
     <span class='ocr_line' id='line_1_64' title="bbox 954 1531 1709 1570; baseline -0.009 -5"><span class='ocrx_word' id='word_1_475' title='bbox 954 1541 1006 1566; x_wconf 69' lang='grc' dir='ltr'>)ευι</span> <span class='ocrx_word' id='word_1_476' title='bbox 1022 1544 1113 1564; x_wconf 88' lang='lat' dir='ltr'><strong>veram</strong></span> <span class='ocrx_word' id='word_1_477' title='bbox 1141 1536 1342 1570; x_wconf 84' lang='lat' dir='ltr'><strong>eleemosynam</strong></span> <span class='ocrx_word' id='word_1_478' title='bbox 1363 1541 1397 1560; x_wconf 76' lang='lat' dir='ltr'><strong>ex</strong></span> <span class='ocrx_word' id='word_1_479' title='bbox 1425 1532 1542 1567; x_wconf 86' lang='lat' dir='ltr'><strong>propriis</strong></span> <span class='ocrx_word' id='word_1_480' title='bbox 1568 1531 1709 1558; x_wconf 82' lang='lat' dir='ltr'><strong>laboribus</strong></span> 
     </span>
    </p>
   </div>
   <div class='ocr_carea' id='block_1_65' title="bbox 92 1583 876 1622">
    <p class='ocr_par' dir='ltr' id='par_1_65' title="bbox 92 1583 876 1622">
     <span class='ocr_line' id='line_1_65' title="bbox 92 1583 876 1622; baseline -0.006 -8"><span class='ocrx_word' id='word_1_481' title='bbox 92 1586 191 1622; x_wconf 77' lang='grc' dir='ltr'>σκευὴν</span> <span class='ocrx_word' id='word_1_482' title='bbox 210 1586 306 1613; x_wconf 82' lang='grc' dir='ltr'>τούτου</span> <span class='ocrx_word' id='word_1_483' title='bbox 321 1585 364 1612; x_wconf 81' lang='grc' dir='ltr'><strong>διὰ</strong></span> <span class='ocrx_word' id='word_1_484' title='bbox 378 1586 470 1620; x_wconf 73' lang='grc' dir='ltr'>φωνῆς</span> <span class='ocrx_word' id='word_1_485' title='bbox 487 1584 535 1611; x_wconf 81' lang='grc' dir='ltr'><strong>τοῦ</strong></span> <span class='ocrx_word' id='word_1_486' title='bbox 552 1584 655 1619; x_wconf 75' lang='grc' dir='ltr'>Κυρίου</span> <span class='ocrx_word' id='word_1_487' title='bbox 682 1583 808 1619; x_wconf 80' lang='grc' dir='ltr'>εἰρῆσθαί</span> <span class='ocrx_word' id='word_1_488' title='bbox 824 1592 876 1618; x_wconf 83' lang='grc' dir='ltr'><strong>φη-</strong></span> 
     </span>
    </p>
   </div>
   <div class='ocr_carea' id='block_1_66' title="bbox 93 1629 876 1667">
    <p class='ocr_par' dir='ltr' id='par_1_66' title="bbox 93 1629 876 1667">
     <span class='ocr_line' id='line_1_66' title="bbox 93 1629 876 1667; baseline -0.005 -7"><span class='ocrx_word' id='word_1_489' title='bbox 93 1642 131 1660; x_wconf 75' lang='grc' dir='ltr'><strong>σιν</strong></span> <span class='ocrx_word' id='word_1_490' title='bbox 145 1653 153 1665; x_wconf 86' lang='grc'><strong>,</strong></span> <span class='ocrx_word' id='word_1_491' title='bbox 169 1634 240 1667; x_wconf 79' lang='grc' dir='ltr'>ὅπερ</span> <span class='ocrx_word' id='word_1_492' title='bbox 262 1631 309 1659; x_wconf 81' lang='grc' dir='ltr'>νῦν</span> <span class='ocrx_word' id='word_1_493' title='bbox 333 1631 382 1666; x_wconf 72' lang='grc' dir='ltr'><strong>οὔχ</strong></span> <span class='ocrx_word' id='word_1_494' title='bbox 408 1630 523 1666; x_wconf 78' lang='grc' dir='ltr'>εὕρηται</span> <span class='ocrx_word' id='word_1_495' title='bbox 548 1631 577 1656; x_wconf 85' lang='grc' dir='ltr'>ὲν</span> <span class='ocrx_word' id='word_1_496' title='bbox 600 1630 715 1665; x_wconf 81' lang='grc' dir='ltr'>Γραφῇ,</span> <span class='ocrx_word' id='word_1_497' title='bbox 741 1629 788 1656; x_wconf 74' lang='grc' dir='ltr'>καὶ</span> <span class='ocrx_word' id='word_1_498' title='bbox 813 1629 876 1661; x_wconf 76' lang='grc' dir='ltr'>ἴσως</span> 
     </span>
    </p>
   </div>
   <div class='ocr_carea' id='block_1_67' title="bbox 93 1673 878 1714">
    <p class='ocr_par' dir='ltr' id='par_1_67' title="bbox 93 1673 878 1714">
     <span class='ocr_line' id='line_1_67' title="bbox 93 1673 878 1714; baseline -0.005 -8"><span class='ocrx_word' id='word_1_499' title='bbox 93 1679 223 1714; x_wconf 75' lang='grc' dir='ltr'>ἀγράφως</span> <span class='ocrx_word' id='word_1_500' title='bbox 247 1678 406 1713; x_wconf 71' lang='grc' dir='ltr'>παρέῖωκαν</span> <span class='ocrx_word' id='word_1_501' title='bbox 428 1677 452 1703; x_wconf 83' lang='grc' dir='ltr'>οἱ</span> <span class='ocrx_word' id='word_1_502' title='bbox 465 1676 610 1703; x_wconf 82' lang='grc' dir='ltr'>ἀπόστολοι</span> <span class='ocrx_word' id='word_1_503' title='bbox 623 1684 630 1691; x_wconf 92' lang='grc'><strong>·</strong></span> <span class='ocrx_word' id='word_1_504' title='bbox 647 1676 663 1711; x_wconf 80' lang='grc' dir='ltr'><strong>ἢ</strong></span> <span class='ocrx_word' id='word_1_505' title='bbox 683 1675 712 1708; x_wconf 75' lang='grc' dir='ltr'><strong>ἐξ</strong></span> <span class='ocrx_word' id='word_1_506' title='bbox 736 1673 773 1702; x_wconf 80' lang='grc' dir='ltr'><strong>ὧν</strong></span> <span class='ocrx_word' id='word_1_507' title='bbox 790 1676 823 1703; x_wconf 73' lang='grc' dir='ltr'>ἄν</span> <span class='ocrx_word' id='word_1_508' title='bbox 836 1685 878 1708; x_wconf 84' lang='grc' dir='ltr'><strong>τις</strong></span> 
     </span>
    </p>
   </div>
   <div class='ocr_carea' id='block_1_68' title="bbox 94 1723 878 1760">
    <p class='ocr_par' dir='ltr' id='par_1_68' title="bbox 94 1723 878 1760">
     <span class='ocr_line' id='line_1_68' title="bbox 94 1723 878 1760; baseline -0.004 -8"><span class='ocrx_word' id='word_1_509' title='bbox 94 1726 281 1760; x_wconf 77' lang='grc' dir='ltr'>συλλογίσαιτο</span> <span class='ocrx_word' id='word_1_510' title='bbox 303 1724 416 1751; x_wconf 73' lang='grc' dir='ltr'>δονατδν</span> <span class='ocrx_word' id='word_1_511' title='bbox 440 1723 568 1759; x_wconf 79' lang='grc' dir='ltr'>εἰρῆσθαι</span> <span class='ocrx_word' id='word_1_512' title='bbox 594 1723 628 1749; x_wconf 83' lang='grc' dir='ltr'>δι’</span> <span class='ocrx_word' id='word_1_513' title='bbox 654 1723 755 1758; x_wconf 80' lang='grc' dir='ltr'>ἐτέρων</span> <span class='ocrx_word' id='word_1_514' title='bbox 779 1723 878 1756; x_wconf 78' lang='grc' dir='ltr'>λέξεων</span> 
     </span>
    </p>
   </div>
   <div class='ocr_carea' id='block_1_69' title="bbox 95 1769 879 1806">
    <p class='ocr_par' dir='ltr' id='par_1_69' title="bbox 95 1769 879 1806">
     <span class='ocr_line' id='line_1_69' title="bbox 95 1769 879 1806; baseline -0.004 -7"><span class='ocrx_word' id='word_1_515' title='bbox 95 1772 171 1799; x_wconf 80' lang='grc' dir='ltr'>τοῦτο</span> <span class='ocrx_word' id='word_1_516' title='bbox 197 1771 345 1806; x_wconf 77' lang='grc' dir='ltr'>δηλουσῶν.</span> <span class='ocrx_word' id='word_1_517' title='bbox 364 1770 400 1797; x_wconf 78' lang='grc' dir='ltr'><strong>Οὐ</strong></span> <span class='ocrx_word' id='word_1_518' title='bbox 417 1769 496 1796; x_wconf 80' lang='grc' dir='ltr'>τοῦτο</span> <span class='ocrx_word' id='word_1_519' title='bbox 514 1769 542 1795; x_wconf 78' lang='grc' dir='ltr'>δέ</span> <span class='ocrx_word' id='word_1_520' title='bbox 565 1777 658 1804; x_wconf 81' lang='grc' dir='ltr'>φησιν,</span> <span class='ocrx_word' id='word_1_521' title='bbox 685 1769 726 1795; x_wconf 86' lang='grc' dir='ltr'>ὃτι</span> <span class='ocrx_word' id='word_1_522' title='bbox 750 1769 833 1796; x_wconf 74' lang='grc' dir='ltr'>κακον</span> <span class='ocrx_word' id='word_1_523' title='bbox 849 1770 879 1796; x_wconf 80' lang='grc' dir='ltr'>τὸ</span> 
     </span>
    </p>
   </div>
   <div class='ocr_carea' id='block_1_70' title="bbox 95 1814 879 1852">
    <p class='ocr_par' dir='ltr' id='par_1_70' title="bbox 95 1814 879 1852">
     <span class='ocr_line' id='line_1_70' title="bbox 95 1814 879 1852; baseline -0.001 -9"><span class='ocrx_word' id='word_1_524' title='bbox 95 1817 243 1852; x_wconf 76' lang='grc' dir='ltr'>λαμϐάνειν</span> <span class='ocrx_word' id='word_1_525' title='bbox 258 1816 304 1843; x_wconf 77' lang='grc' dir='ltr'>καὶ</span> <span class='ocrx_word' id='word_1_526' title='bbox 321 1815 503 1852; x_wconf 75' lang='grc' dir='ltr'>μεταδιδόναι,</span> <span class='ocrx_word' id='word_1_527' title='bbox 517 1814 585 1841; x_wconf 72' lang='grc' dir='ltr'>ἀλλὰ</span> <span class='ocrx_word' id='word_1_528' title='bbox 601 1814 706 1849; x_wconf 77' lang='grc' dir='ltr'>βέλτιον</span> <span class='ocrx_word' id='word_1_529' title='bbox 727 1815 758 1841; x_wconf 82' lang='grc' dir='ltr'><strong>τὸ</strong></span> <span class='ocrx_word' id='word_1_530' title='bbox 773 1815 810 1850; x_wconf 85' lang='grc' dir='ltr'>μὴ</span> <span class='ocrx_word' id='word_1_531' title='bbox 831 1815 879 1842; x_wconf 83' lang='grc' dir='ltr'>λα-</span> 
     </span>
    </p>
   </div>
   <div class='ocr_carea' id='block_1_71' title="bbox 96 1860 882 1897">
    <p class='ocr_par' dir='ltr' id='par_1_71' title="bbox 96 1860 882 1897">
     <span class='ocr_line' id='line_1_71' title="bbox 96 1860 882 1897; baseline -0.005 -6"><span class='ocrx_word' id='word_1_532' title='bbox 96 1864 167 1891; x_wconf 76' lang='grc' dir='ltr'>δεῖν·</span> <span class='ocrx_word' id='word_1_533' title='bbox 194 1863 274 1890; x_wconf 82' lang='grc' dir='ltr'>τοῦτο</span> <span class='ocrx_word' id='word_1_534' title='bbox 296 1862 349 1897; x_wconf 83' lang='grc' dir='ltr'><strong>γὰρ</strong></span> <span class='ocrx_word' id='word_1_535' title='bbox 376 1861 548 1896; x_wconf 80' lang='grc' dir='ltr'>συμπαθείας</span> <span class='ocrx_word' id='word_1_536' title='bbox 563 1860 613 1894; x_wconf 75' lang='grc' dir='ltr'>τῆς</span> <span class='ocrx_word' id='word_1_537' title='bbox 635 1861 701 1896; x_wconf 75' lang='grc' dir='ltr'>πρὸς</span> <span class='ocrx_word' id='word_1_538' title='bbox 718 1862 781 1893; x_wconf 73' lang='grc' dir='ltr'>τοὺς</span> <span class='ocrx_word' id='word_1_539' title='bbox 799 1861 882 1888; x_wconf 56' lang='lat' dir='ltr'><strong>datis-</strong></span> 
     </span>
    </p>
   </div>
   <div class='ocr_carea' id='block_1_72' title="bbox 97 1906 880 1943">
    <p class='ocr_par' dir='ltr' id='par_1_72' title="bbox 97 1906 880 1943">
     <span class='ocr_line' id='line_1_72' title="bbox 97 1906 880 1943; baseline -0.001 -8"><span class='ocrx_word' id='word_1_540' title='bbox 97 1911 161 1942; x_wconf 81' lang='grc' dir='ltr'><strong>νεῖς.</strong></span> <span class='ocrx_word' id='word_1_541' title='bbox 178 1909 256 1936; x_wconf 84' lang='grc' dir='ltr'>Ἐστι</span> <span class='ocrx_word' id='word_1_542' title='bbox 269 1908 360 1935; x_wconf 78' lang='grc' dir='ltr'>τοίνυν</span> <span class='ocrx_word' id='word_1_543' title='bbox 377 1907 484 1943; x_wconf 77' lang='grc' dir='ltr'>πρῶτος</span> <span class='ocrx_word' id='word_1_544' title='bbox 499 1906 613 1941; x_wconf 71' lang='grc' dir='ltr'>βαθμδς,</span> <span class='ocrx_word' id='word_1_545' title='bbox 636 1906 712 1942; x_wconf 69' lang='grc' dir='ltr'>ῥῖψαι</span> <span class='ocrx_word' id='word_1_546' title='bbox 729 1907 763 1933; x_wconf 68' lang='grc' dir='ltr'><strong>τὰ</strong></span> <span class='ocrx_word' id='word_1_547' title='bbox 777 1907 861 1934; x_wconf 81' lang='grc' dir='ltr'>αὑτοῦ</span> <span class='ocrx_word' id='word_1_548' title='bbox 873 1915 880 1922; x_wconf 88' lang='grc'><strong>·</strong></span> 
     </span>
    </p>
   </div>
   <div class='ocr_carea' id='block_1_73' title="bbox 96 1952 879 1992">
    <p class='ocr_par' dir='ltr' id='par_1_73' title="bbox 96 1952 879 1992">
     <span class='ocr_line' id='line_1_73' title="bbox 96 1952 879 1992; baseline -0.008 -9"><span class='ocrx_word' id='word_1_549' title='bbox 96 1956 231 1992; x_wconf 72' lang='grc' dir='ltr'>δεύτερος,</span> <span class='ocrx_word' id='word_1_550' title='bbox 248 1953 336 1988; x_wconf 78' lang='grc' dir='ltr'>ἑαυτῷ</span> <span class='ocrx_word' id='word_1_551' title='bbox 352 1953 484 1989; x_wconf 76' lang='grc' dir='ltr'>ἐπαρκεῖν</span> <span class='ocrx_word' id='word_1_552' title='bbox 496 1960 502 1967; x_wconf 91' lang='grc'><strong>·</strong></span> <span class='ocrx_word' id='word_1_553' title='bbox 521 1953 622 1988; x_wconf 83' lang='grc' dir='ltr'>τρίτος,</span> <span class='ocrx_word' id='word_1_554' title='bbox 643 1952 674 1979; x_wconf 82' lang='grc' dir='ltr'><strong>τδ</strong></span> <span class='ocrx_word' id='word_1_555' title='bbox 688 1953 735 1979; x_wconf 64' lang='grc' dir='ltr'>καὶ</span> <span class='ocrx_word' id='word_1_556' title='bbox 756 1952 861 1988; x_wconf 83' lang='grc' dir='ltr'>ἑτέροις</span> <span class='ocrx_word' id='word_1_557' title='bbox 872 1962 879 1968; x_wconf 91' lang='grc'><strong><em>-</em></strong></span> 
     </span>
    </p>
   </div>
   <div class='ocr_carea' id='block_1_74' title="bbox 98 1998 881 2038">
    <p class='ocr_par' dir='ltr' id='par_1_74' title="bbox 98 1998 881 2038">
     <span class='ocr_line' id='line_1_74' title="bbox 98 1998 881 2038; baseline -0.008 -9"><span class='ocrx_word' id='word_1_558' title='bbox 98 2004 236 2038; x_wconf 76' lang='grc' dir='ltr'>τέταρτος,</span> <span class='ocrx_word' id='word_1_559' title='bbox 264 2000 294 2028; x_wconf 84' lang='grc' dir='ltr'><strong>τδ</strong></span> <span class='ocrx_word' id='word_1_560' title='bbox 308 2000 355 2027; x_wconf 74' lang='grc' dir='ltr'>καὶ</span> <span class='ocrx_word' id='word_1_561' title='bbox 380 1999 549 2034; x_wconf 80' lang='grc' dir='ltr'>κηρύττοντα</span> <span class='ocrx_word' id='word_1_562' title='bbox 573 1998 620 2026; x_wconf 82' lang='grc' dir='ltr'>καὶ</span> <span class='ocrx_word' id='word_1_563' title='bbox 645 1998 768 2030; x_wconf 68' lang='grc' dir='ltr'>ἐξουσίαν</span> <span class='ocrx_word' id='word_1_564' title='bbox 784 1999 881 2033; x_wconf 75' lang='grc' dir='ltr'>ἔχοντα</span> 
     </span>
    </p>
   </div>
   <div class='ocr_carea' id='block_1_75' title="bbox 99 2043 881 2083">
    <p class='ocr_par' dir='ltr' id='par_1_75' title="bbox 99 2043 881 2083">
     <span class='ocr_line' id='line_1_75' title="bbox 99 2043 881 2083; baseline -0.004 -9"><span class='ocrx_word' id='word_1_565' title='bbox 99 2048 256 2083; x_wconf 76' lang='grc' dir='ltr'>λαμϐάνειν,</span> <span class='ocrx_word' id='word_1_566' title='bbox 273 2046 310 2081; x_wconf 79' lang='grc' dir='ltr'>μὴ</span> <span class='ocrx_word' id='word_1_567' title='bbox 326 2045 488 2080; x_wconf 75' lang='grc' dir='ltr'>λαμϐάνειν.</span> <span class='ocrx_word' id='word_1_568' title='bbox 504 2044 586 2070; x_wconf 81' lang='grc' dir='ltr'>Ὥστε</span> <span class='ocrx_word' id='word_1_569' title='bbox 608 2043 676 2070; x_wconf 78' lang='grc' dir='ltr'>πολὺ</span> <span class='ocrx_word' id='word_1_570' title='bbox 691 2043 745 2071; x_wconf 83' lang='grc' dir='ltr'>τῶν</span> <span class='ocrx_word' id='word_1_571' title='bbox 760 2044 881 2080; x_wconf 77' lang='grc' dir='ltr'>ἀκτημό-</span> 
     </span>
    </p>
   </div>
   <div class='ocr_carea' id='block_1_76' title="bbox 99 2089 517 2128">
    <p class='ocr_par' dir='ltr' id='par_1_76' title="bbox 99 2089 517 2128">
     <span class='ocr_line' id='line_1_76' title="bbox 99 2089 517 2128; baseline -0.01 -8"><span class='ocrx_word' id='word_1_572' title='bbox 99 2104 150 2121; x_wconf 82' lang='grc' dir='ltr'><strong>νων</strong></span> <span class='ocrx_word' id='word_1_573' title='bbox 164 2094 236 2120; x_wconf 83' lang='grc' dir='ltr'>οὕτω</span> <span class='ocrx_word' id='word_1_574' title='bbox 247 2094 270 2109; x_wconf 82' lang='grc'><strong>⁵⁸</strong></span> <span class='ocrx_word' id='word_1_575' title='bbox 286 2091 396 2128; x_wconf 80' lang='grc' dir='ltr'>βελτίων</span> <span class='ocrx_word' id='word_1_576' title='bbox 414 2089 472 2117; x_wconf 75' lang='grc' dir='ltr'>ἐστι</span> <span class='ocrx_word' id='word_1_577' title='bbox 482 2090 517 2117; x_wconf 82' lang='grc'><strong>⁸⁷.</strong></span> 
     </span>
    </p>
   </div>
   <div class='ocr_carea' id='block_1_77' title="bbox 929 1577 1708 1614">
    <p class='ocr_par' dir='ltr' id='par_1_77' title="bbox 929 1577 1708 1614">
     <span class='ocr_line' id='line_1_77' title="bbox 929 1577 1708 1614; baseline -0.012 -2"><span class='ocrx_word' id='word_1_578' title='bbox 929 1584 1084 1612; x_wconf 77' lang='lat' dir='ltr'><strong>faciendam</strong></span> <span class='ocrx_word' id='word_1_579' title='bbox 1100 1589 1175 1613; x_wconf 83' lang='lat' dir='ltr'><strong>esse;</strong></span> <span class='ocrx_word' id='word_1_580' title='bbox 1201 1579 1424 1614; x_wconf 80' lang='lat' dir='ltr'><strong>quandoquidem</strong></span> <span class='ocrx_word' id='word_1_581' title='bbox 1453 1586 1484 1605; x_wconf 76' lang='lat' dir='ltr'><strong>ex</strong></span> <span class='ocrx_word' id='word_1_582' title='bbox 1501 1578 1598 1604; x_wconf 86' lang='lat' dir='ltr'><strong>alienis</strong></span> <span class='ocrx_word' id='word_1_583' title='bbox 1631 1577 1708 1608; x_wconf 84' lang='lat' dir='ltr'><strong>dare,</strong></span> 
     </span>
    </p>
   </div>
   <div class='ocr_carea' id='block_1_78' title="bbox 928 1623 1708 1660">
    <p class='ocr_par' dir='ltr' id='par_1_78' title="bbox 928 1623 1708 1660">
     <span class='ocr_line' id='line_1_78' title="bbox 928 1623 1708 1660; baseline -0.013 -1"><span class='ocrx_word' id='word_1_584' title='bbox 928 1630 1000 1659; x_wconf 87' lang='lat' dir='ltr'><strong>baud</strong></span> <span class='ocrx_word' id='word_1_585' title='bbox 1015 1630 1116 1657; x_wconf 89' lang='lat' dir='ltr'><strong>bonum</strong></span> <span class='ocrx_word' id='word_1_586' title='bbox 1140 1631 1182 1655; x_wconf 88' lang='lat' dir='ltr'><strong>est</strong></span> <span class='ocrx_word' id='word_1_587' title='bbox 1203 1626 1271 1660; x_wconf 67' lang='lat' dir='ltr'><strong>(3i).</strong></span> <span class='ocrx_word' id='word_1_588' title='bbox 1291 1625 1392 1653; x_wconf 75' lang='lat' dir='ltr'><strong>Deinde</strong></span> <span class='ocrx_word' id='word_1_589' title='bbox 1417 1625 1442 1651; x_wconf 93' lang='lat' dir='ltr'><strong>in</strong></span> <span class='ocrx_word' id='word_1_590' title='bbox 1459 1624 1540 1658; x_wconf 85' lang='lat' dir='ltr'><strong>hujus</strong></span> <span class='ocrx_word' id='word_1_591' title='bbox 1558 1623 1595 1650; x_wconf 87' lang='lat' dir='ltr'><strong>rei</strong></span> <span class='ocrx_word' id='word_1_592' title='bbox 1611 1623 1708 1650; x_wconf 88' lang='lat' dir='ltr'><strong>contir-</strong></span> 
     </span>
    </p>
   </div>
   <div class='ocr_carea' id='block_1_79' title="bbox 928 1668 1711 1706">
    <p class='ocr_par' dir='ltr' id='par_1_79' title="bbox 928 1668 1711 1706">
     <span class='ocr_line' id='line_1_79' title="bbox 928 1668 1711 1706; baseline -0.014 -1"><span class='ocrx_word' id='word_1_593' title='bbox 928 1677 1075 1705; x_wconf 84' lang='lat' dir='ltr'><strong>matiouem</strong></span> <span class='ocrx_word' id='word_1_594' title='bbox 1092 1674 1234 1703; x_wconf 86' lang='lat' dir='ltr'><strong>oraculum</strong></span> <span class='ocrx_word' id='word_1_595' title='bbox 1254 1671 1360 1698; x_wconf 90' lang='lat' dir='ltr'><strong>Dontini</strong></span> <span class='ocrx_word' id='word_1_596' title='bbox 1388 1670 1502 1706; x_wconf 81' lang='lat' dir='ltr'><strong>profert,</strong></span> <span class='ocrx_word' id='word_1_597' title='bbox 1530 1669 1604 1704; x_wconf 90' lang='lat' dir='ltr'><strong>quod</strong></span> <span class='ocrx_word' id='word_1_598' title='bbox 1630 1668 1711 1695; x_wconf 88' lang='lat' dir='ltr'><strong>modo</strong></span> 
     </span>
    </p>
   </div>
   <div class='ocr_carea' id='block_1_80' title="bbox 928 1715 1713 1759">
    <p class='ocr_par' dir='ltr' id='par_1_80' title="bbox 928 1715 1713 1759">
     <span class='ocr_line' id='line_1_80' title="bbox 928 1715 1713 1759; baseline -0.013 -8"><span class='ocrx_word' id='word_1_599' title='bbox 928 1724 1040 1759; x_wconf 88' lang='lat' dir='ltr'><strong>quidem</strong></span> <span class='ocrx_word' id='word_1_600' title='bbox 1059 1722 1088 1750; x_wconf 91' lang='lat' dir='ltr'><strong>in</strong></span> <span class='ocrx_word' id='word_1_601' title='bbox 1112 1721 1255 1755; x_wconf 81' lang='lat' dir='ltr'><strong>Scriptura</strong></span> <span class='ocrx_word' id='word_1_602' title='bbox 1284 1727 1336 1746; x_wconf 90' lang='lat' dir='ltr'><strong>non</strong></span> <span class='ocrx_word' id='word_1_603' title='bbox 1358 1717 1512 1752; x_wconf 78' lang='lat' dir='ltr'><strong>reperitur;</strong></span> <span class='ocrx_word' id='word_1_604' title='bbox 1541 1721 1568 1744; x_wconf 90' lang='lat' dir='ltr'><strong>ct</strong></span> <span class='ocrx_word' id='word_1_605' title='bbox 1593 1715 1713 1743; x_wconf 75' lang='lat' dir='ltr'><strong>fortasse</strong></span> 
     </span>
    </p>
   </div>
   <div class='ocr_carea' id='block_1_81' title="bbox 929 1761 1714 1803">
    <p class='ocr_par' dir='ltr' id='par_1_81' title="bbox 929 1761 1714 1803">
     <span class='ocr_line' id='line_1_81' title="bbox 929 1761 1714 1803; baseline -0.014 -5"><span class='ocrx_word' id='word_1_606' title='bbox 929 1769 996 1798; x_wconf 89' lang='lat' dir='ltr'><strong>illud</strong></span> <span class='ocrx_word' id='word_1_607' title='bbox 1016 1768 1120 1803; x_wconf 86' lang='lat' dir='ltr'><strong>absque</strong></span> <span class='ocrx_word' id='word_1_608' title='bbox 1138 1767 1242 1801; x_wconf 78' lang='lat' dir='ltr'><strong>scripto</strong></span> <span class='ocrx_word' id='word_1_609' title='bbox 1255 1764 1394 1792; x_wconf 84' lang='lat' dir='ltr'><strong>tradidere</strong></span> <span class='ocrx_word' id='word_1_610' title='bbox 1409 1763 1544 1798; x_wconf 83' lang='lat' dir='ltr'><strong>apostoli:</strong></span> <span class='ocrx_word' id='word_1_611' title='bbox 1563 1761 1604 1788; x_wconf 85' lang='lat' dir='ltr'><strong>vel</strong></span> <span class='ocrx_word' id='word_1_612' title='bbox 1627 1761 1714 1787; x_wconf 89' lang='lat' dir='ltr'><strong>ratio-</strong></span> 
     </span>
    </p>
   </div>
   <div class='ocr_carea' id='block_1_82' title="bbox 930 1807 1714 1847">
    <p class='ocr_par' dir='ltr' id='par_1_82' title="bbox 930 1807 1714 1847">
     <span class='ocr_line' id='line_1_82' title="bbox 930 1807 1714 1847; baseline -0.014 -4"><span class='ocrx_word' id='word_1_613' title='bbox 930 1814 1049 1844; x_wconf 89' lang='lat' dir='ltr'><strong>cinando</strong></span> <span class='ocrx_word' id='word_1_614' title='bbox 1074 1813 1203 1847; x_wconf 79' lang='lat' dir='ltr'><strong>coliigere</strong></span> <span class='ocrx_word' id='word_1_615' title='bbox 1239 1811 1302 1846; x_wconf 84' lang='lat' dir='ltr'><strong>quis</strong></span> <span class='ocrx_word' id='word_1_616' title='bbox 1334 1814 1432 1845; x_wconf 83' lang='lat' dir='ltr'><strong>potest,</strong></span> <span class='ocrx_word' id='word_1_617' title='bbox 1455 1807 1480 1835; x_wconf 91' lang='lat' dir='ltr'><strong>id</strong></span> <span class='ocrx_word' id='word_1_618' title='bbox 1509 1807 1613 1834; x_wconf 87' lang='lat' dir='ltr'><strong>dictum</strong></span> <span class='ocrx_word' id='word_1_619' title='bbox 1641 1813 1714 1837; x_wconf 85' lang='lat' dir='ltr'><strong>esse,</strong></span> 
     </span>
    </p>
   </div>
   <div class='ocr_carea' id='block_1_83' title="bbox 931 1852 1714 1891">
    <p class='ocr_par' dir='ltr' id='par_1_83' title="bbox 931 1852 1714 1891">
     <span class='ocr_line' id='line_1_83' title="bbox 931 1852 1714 1891; baseline -0.014 -3"><span class='ocrx_word' id='word_1_620' title='bbox 931 1861 992 1889; x_wconf 90' lang='lat' dir='ltr'><strong>aliis</strong></span> <span class='ocrx_word' id='word_1_621' title='bbox 1008 1859 1100 1887; x_wconf 80' lang='lat' dir='ltr'><strong>verbis</strong></span> <span class='ocrx_word' id='word_1_622' title='bbox 1117 1859 1168 1886; x_wconf 88' lang='lat' dir='ltr'><strong>boc</strong></span> <span class='ocrx_word' id='word_1_623' title='bbox 1181 1857 1251 1884; x_wconf 89' lang='lat' dir='ltr'><strong>idem</strong></span> <span class='ocrx_word' id='word_1_624' title='bbox 1268 1855 1495 1891; x_wconf 86' lang='lat' dir='ltr'><strong>significantibus.</strong></span> <span class='ocrx_word' id='word_1_625' title='bbox 1510 1852 1568 1880; x_wconf 83' lang='lat' dir='ltr'><strong>Non</strong></span> <span class='ocrx_word' id='word_1_626' title='bbox 1589 1853 1624 1879; x_wconf 91' lang='lat' dir='ltr'><strong>ait</strong></span> <span class='ocrx_word' id='word_1_627' title='bbox 1637 1859 1714 1883; x_wconf 86' lang='lat' dir='ltr'><strong>vero,</strong></span> 
     </span>
    </p>
   </div>
   <div class='ocr_carea' id='block_1_84' title="bbox 934 1897 1716 1938">
    <p class='ocr_par' dir='ltr' id='par_1_84' title="bbox 934 1897 1716 1938">
     <span class='ocr_line' id='line_1_84' title="bbox 934 1897 1716 1938; baseline -0.014 -4"><span class='ocrx_word' id='word_1_628' title='bbox 934 1907 1034 1934; x_wconf 86' lang='lat' dir='ltr'><strong>malum</strong></span> <span class='ocrx_word' id='word_1_629' title='bbox 1053 1912 1115 1933; x_wconf 83' lang='lat' dir='ltr'><strong>esse</strong></span> <span class='ocrx_word' id='word_1_630' title='bbox 1131 1903 1267 1938; x_wconf 87' lang='lat' dir='ltr'><strong>accipere,</strong></span> <span class='ocrx_word' id='word_1_631' title='bbox 1281 1905 1308 1929; x_wconf 88' lang='lat' dir='ltr'><strong>et</strong></span> <span class='ocrx_word' id='word_1_632' title='bbox 1324 1901 1364 1928; x_wconf 84' lang='lat' dir='ltr'><strong>sie</strong></span> <span class='ocrx_word' id='word_1_633' title='bbox 1378 1901 1440 1927; x_wconf 85' lang='lat' dir='ltr'><strong>aliis</strong></span> <span class='ocrx_word' id='word_1_634' title='bbox 1451 1900 1516 1927; x_wconf 84' lang='lat' dir='ltr'><strong>dare</strong></span> <span class='ocrx_word' id='word_1_635' title='bbox 1531 1907 1540 1930; x_wconf 85' lang='lat'><strong>;</strong></span> <span class='ocrx_word' id='word_1_636' title='bbox 1555 1897 1602 1926; x_wconf 84' lang='lat' dir='ltr'><strong>sed</strong></span> <span class='ocrx_word' id='word_1_637' title='bbox 1618 1898 1716 1925; x_wconf 88' lang='lat' dir='ltr'><strong>melius</strong></span> 
     </span>
    </p>
   </div>
   <div class='ocr_carea' id='block_1_85' title="bbox 933 1943 1717 1984">
    <p class='ocr_par' dir='ltr' id='par_1_85' title="bbox 933 1943 1717 1984">
     <span class='ocr_line' id='line_1_85' title="bbox 933 1943 1717 1984; baseline -0.014 -3"><span class='ocrx_word' id='word_1_638' title='bbox 933 1960 994 1981; x_wconf 77' lang='lat' dir='ltr'><strong>esse</strong></span> <span class='ocrx_word' id='word_1_639' title='bbox 1013 1959 1067 1979; x_wconf 91' lang='lat' dir='ltr'><strong>non</strong></span> <span class='ocrx_word' id='word_1_640' title='bbox 1087 1950 1231 1984; x_wconf 81' lang='lat' dir='ltr'><strong>accipere:</strong></span> <span class='ocrx_word' id='word_1_641' title='bbox 1250 1948 1302 1974; x_wconf 86' lang='lat' dir='ltr'><strong>hoc</strong></span> <span class='ocrx_word' id='word_1_642' title='bbox 1316 1947 1387 1974; x_wconf 81' lang='lat' dir='ltr'><strong>enim</strong></span> <span class='ocrx_word' id='word_1_643' title='bbox 1413 1949 1454 1973; x_wconf 87' lang='lat' dir='ltr'><strong>est</strong></span> <span class='ocrx_word' id='word_1_644' title='bbox 1471 1943 1717 1972; x_wconf 83' lang='lat' dir='ltr'><strong>commiseratiouis</strong></span> 
     </span>
    </p>
   </div>
   <div class='ocr_carea' id='block_1_86' title="bbox 934 1989 1718 2033">
    <p class='ocr_par' dir='ltr' id='par_1_86' title="bbox 934 1989 1718 2033">
     <span class='ocr_line' id='line_1_86' title="bbox 934 1989 1718 2033; baseline -0.013 -7"><span class='ocrx_word' id='word_1_645' title='bbox 934 2006 1000 2033; x_wconf 75' lang='lat' dir='ltr'><strong>erga</strong></span> <span class='ocrx_word' id='word_1_646' title='bbox 1017 1998 1153 2024; x_wconf 82' lang='lat' dir='ltr'><strong>inﬁrmos.</strong></span> <span class='ocrx_word' id='word_1_647' title='bbox 1171 1993 1375 2028; x_wconf 79' lang='lat' dir='ltr'><strong>Primusigitur</strong></span> <span class='ocrx_word' id='word_1_648' title='bbox 1400 1990 1501 2026; x_wconf 85' lang='lat' dir='ltr'><strong>gradus</strong></span> <span class='ocrx_word' id='word_1_649' title='bbox 1527 1989 1718 2024; x_wconf 75' lang='lat' dir='ltr'><strong>(perfectiortis</strong></span> 
     </span>
    </p>
   </div>
   <div class='ocr_carea' id='block_1_87' title="bbox 935 2035 1717 2078">
    <p class='ocr_par' dir='ltr' id='par_1_87' title="bbox 935 2035 1717 2078">
     <span class='ocr_line' id='line_1_87' title="bbox 935 2035 1717 2078; baseline -0.015 -5"><span class='ocrx_word' id='word_1_650' title='bbox 935 2046 987 2072; x_wconf 86' lang='lat' dir='ltr'><strong>hae</strong></span> <span class='ocrx_word' id='word_1_651' title='bbox 1007 2046 1034 2072; x_wconf 95' lang='lat' dir='ltr'><strong>in</strong></span> <span class='ocrx_word' id='word_1_652' title='bbox 1055 2043 1095 2078; x_wconf 89' lang='lat' dir='ltr'><strong>re)</strong></span> <span class='ocrx_word' id='word_1_653' title='bbox 1110 2046 1151 2069; x_wconf 87' lang='lat' dir='ltr'><strong>est</strong></span> <span class='ocrx_word' id='word_1_654' title='bbox 1168 2048 1217 2069; x_wconf 88' lang='lat' dir='ltr'><strong>sua</strong></span> <span class='ocrx_word' id='word_1_655' title='bbox 1243 2039 1379 2074; x_wconf 78' lang='lat' dir='ltr'><strong>abjicere;</strong></span> <span class='ocrx_word' id='word_1_656' title='bbox 1399 2036 1546 2069; x_wconf 86' lang='lat' dir='ltr'><strong>secundus,</strong></span> <span class='ocrx_word' id='word_1_657' title='bbox 1569 2036 1620 2063; x_wconf 79' lang='lat' dir='ltr'><strong>sibi</strong></span> <span class='ocrx_word' id='word_1_658' title='bbox 1639 2035 1717 2062; x_wconf 76' lang='lat' dir='ltr'><strong>solii-</strong></span> 
     </span>
    </p>
   </div>
   <div class='ocr_carea' id='block_1_88' title="bbox 936 2077 1703 2123">
    <p class='ocr_par' dir='ltr' id='par_1_88' title="bbox 936 2077 1703 2123">
     <span class='ocr_line' id='line_1_88' title="bbox 936 2077 1703 2123; baseline -0.017 -3"><span class='ocrx_word' id='word_1_659' title='bbox 936 2098 1018 2123; x_wconf 80' lang='lat' dir='ltr'><strong>cere;</strong></span> <span class='ocrx_word' id='word_1_660' title='bbox 1049 2088 1160 2120; x_wconf 84' lang='lat' dir='ltr'><strong>tertius,</strong></span> <span class='ocrx_word' id='word_1_661' title='bbox 1181 2077 1212 2114; x_wconf 72' lang='grc' dir='ltr'><strong>ὀι</strong></span> <span class='ocrx_word' id='word_1_662' title='bbox 1236 2085 1299 2112; x_wconf 84' lang='lat' dir='ltr'><strong>aliis</strong></span> <span class='ocrx_word' id='word_1_663' title='bbox 1328 2083 1557 2115; x_wconf 77' lang='lat' dir='ltr'><strong>subministrare;</strong></span> <span class='ocrx_word' id='word_1_664' title='bbox 1586 2086 1703 2116; x_wconf 83' lang='lat' dir='ltr'><strong>quartus</strong></span> 
     </span>
    </p>
   </div>
   <div class='ocr_carea' id='block_1_89' title="bbox 99 2122 1718 2180">
    <p class='ocr_par' dir='ltr' id='par_1_89' title="bbox 99 2122 1718 2180">
     <span class='ocr_line' id='line_1_89' title="bbox 99 2122 1718 2180; baseline -0.009 -11"><span class='ocrx_word' id='word_1_665' title='bbox 99 2141 179 2169; x_wconf 86' lang='lat' dir='ltr'><strong>etiam</strong></span> <span class='ocrx_word' id='word_1_666' title='bbox 212 2122 428 2176; x_wconf 66' lang='lat' dir='ltr'><strong>praedicaturem,</strong></span> <span class='ocrx_word' id='word_1_667' title='bbox 462 2141 489 2165; x_wconf 90' lang='lat' dir='ltr'><strong>et</strong></span> <span class='ocrx_word' id='word_1_668' title='bbox 518 2135 564 2180; x_wconf 76' lang='lat' dir='ltr'><strong>qui</strong></span> <span class='ocrx_word' id='word_1_669' title='bbox 593 2135 675 2164; x_wconf 69' lang='lat' dir='ltr'><strong>habet</strong></span> <span class='ocrx_word' id='word_1_670' title='bbox 712 2140 874 2172; x_wconf 83' lang='lat' dir='ltr'><strong>potestatem</strong></span> <span class='ocrx_word' id='word_1_671' title='bbox 895 2122 1057 2174; x_wconf 72' lang='lat' dir='ltr'><strong>accipiendi,</strong></span> <span class='ocrx_word' id='word_1_672' title='bbox 1084 2143 1137 2162; x_wconf 90' lang='lat' dir='ltr'><strong>non</strong></span> <span class='ocrx_word' id='word_1_673' title='bbox 1168 2133 1302 2168; x_wconf 84' lang='lat' dir='ltr'><strong>accipere.</strong></span> <span class='ocrx_word' id='word_1_674' title='bbox 1331 2131 1421 2164; x_wconf 84' lang='lat' dir='ltr'><strong>Quare</strong></span> <span class='ocrx_word' id='word_1_675' title='bbox 1453 2128 1553 2156; x_wconf 85' lang='lat' dir='ltr'><strong>Paulus</strong></span> <span class='ocrx_word' id='word_1_676' title='bbox 1597 2127 1642 2160; x_wconf 85' lang='lat' dir='ltr'><strong>iis,</strong></span> <span class='ocrx_word' id='word_1_677' title='bbox 1672 2122 1718 2162; x_wconf 74' lang='lat' dir='ltr'><strong>qui</strong></span> 
     </span>
    </p>
   </div>
   <div class='ocr_carea' id='block_1_90' title="bbox 101 2183 618 2224">
    <p class='ocr_par' dir='ltr' id='par_1_90' title="bbox 101 2183 618 2224">
     <span class='ocr_line' id='line_1_90' title="bbox 101 2183 618 2224; baseline -0.01 -8"><span class='ocrx_word' id='word_1_678' title='bbox 101 2196 154 2216; x_wconf 83' lang='lat' dir='ltr'><strong>non</strong></span> <span class='ocrx_word' id='word_1_679' title='bbox 172 2186 325 2224; x_wconf 84' lang='lat' dir='ltr'><strong>possident,</strong></span> <span class='ocrx_word' id='word_1_680' title='bbox 341 2186 429 2213; x_wconf 90' lang='lat' dir='ltr'><strong>multo</strong></span> <span class='ocrx_word' id='word_1_681' title='bbox 442 2183 538 2211; x_wconf 89' lang='lat' dir='ltr'><strong>melior</strong></span> <span class='ocrx_word' id='word_1_682' title='bbox 548 2187 618 2211; x_wconf 88' lang='lat' dir='ltr'><strong>erat.</strong></span> 
     </span>
    </p>
   </div>
   <div class='ocr_carea' id='block_1_91' title="bbox 398 2230 592 2258">
    <p class='ocr_par' dir='ltr' id='par_1_91' title="bbox 398 2230 592 2258">
     <span class='ocr_line' id='line_1_91' title="bbox 398 2230 592 2258; baseline -0.005 -1"><span class='ocrx_word' id='word_1_683' title='bbox 398 2230 592 2258; x_wconf 78' lang='lat' dir='ltr'><strong>KEIMENON.</strong></span> 
     </span>
    </p>
   </div>
   <div class='ocr_carea' id='block_1_92' title="bbox 141 2275 888 2312">
    <p class='ocr_par' dir='ltr' id='par_1_92' title="bbox 141 2275 888 2312">
     <span class='ocr_line' id='line_1_92' title="bbox 141 2275 888 2312; baseline -0.003 -6"><span class='ocrx_word' id='word_1_684' title='bbox 141 2278 245 2310; x_wconf 84' lang='grc' dir='ltr'>Ἱκανδς</span> <span class='ocrx_word' id='word_1_685' title='bbox 260 2277 288 2304; x_wconf 56' lang='grc' dir='ltr'>δὴ</span> <span class='ocrx_word' id='word_1_686' title='bbox 307 2276 447 2312; x_wconf 80' lang='grc' dir='ltr'>κλαυθμὸς</span> <span class='ocrx_word' id='word_1_687' title='bbox 461 2276 568 2310; x_wconf 75' lang='grc' dir='ltr'>ἐγένετο</span> <span class='ocrx_word' id='word_1_688' title='bbox 587 2275 706 2308; x_wconf 79' lang='grc' dir='ltr'>πάντων,</span> <span class='ocrx_word' id='word_1_689' title='bbox 730 2276 778 2302; x_wconf 74' lang='grc' dir='ltr'>καὶ</span> <span class='ocrx_word' id='word_1_690' title='bbox 792 2276 888 2304; x_wconf 75' lang='grc' dir='ltr'>ἐπιπε-</span> 
     </span>
    </p>
   </div>
   <div class='ocr_carea' id='block_1_93' title="bbox 103 2321 887 2358">
    <p class='ocr_par' dir='ltr' id='par_1_93' title="bbox 103 2321 887 2358">
     <span class='ocr_line' id='line_1_93' title="bbox 103 2321 887 2358; baseline -0.005 -5"><span class='ocrx_word' id='word_1_691' title='bbox 103 2325 191 2356; x_wconf 77' lang='grc' dir='ltr'>σόντες</span> <span class='ocrx_word' id='word_1_692' title='bbox 201 2325 247 2351; x_wconf 71' lang='grc' dir='ltr'><strong>ἐπὶ</strong></span> <span class='ocrx_word' id='word_1_693' title='bbox 253 2323 436 2358; x_wconf 79' lang='grc' dir='ltr'>τδντράχηλον</span> <span class='ocrx_word' id='word_1_694' title='bbox 447 2321 492 2349; x_wconf 83' lang='grc' dir='ltr'>τοῦ</span> <span class='ocrx_word' id='word_1_695' title='bbox 502 2321 786 2356; x_wconf 81' lang='grc' dir='ltr'>Παύλου,κατεφὶλουν</span> <span class='ocrx_word' id='word_1_696' title='bbox 795 2323 887 2356; x_wconf 72' lang='grc' dir='ltr'>αὑτὸν,</span> 
     </span>
    </p>
   </div>
   <div class='ocr_carea' id='block_1_94' title="bbox 103 2363 889 2406">
    <p class='ocr_par' dir='ltr' id='par_1_94' title="bbox 103 2363 889 2406">
     <span class='ocr_line' id='line_1_94' title="bbox 103 2363 889 2406; baseline -0.003 -8"><span class='ocrx_word' id='word_1_697' title='bbox 103 2372 263 2406; x_wconf 75' lang='grc' dir='ltr'>ὀδυνώμενοι</span> <span class='ocrx_word' id='word_1_698' title='bbox 292 2369 409 2404; x_wconf 80' lang='grc' dir='ltr'>μάλιστα</span> <span class='ocrx_word' id='word_1_699' title='bbox 418 2369 464 2394; x_wconf 73' lang='grc' dir='ltr'><strong>ἐπὶ</strong></span> <span class='ocrx_word' id='word_1_700' title='bbox 477 2367 516 2402; x_wconf 79' lang='grc' dir='ltr'>τῷ</span> <span class='ocrx_word' id='word_1_701' title='bbox 528 2367 608 2401; x_wconf 80' lang='grc' dir='ltr'>λόγῳ.</span> <span class='ocrx_word' id='word_1_702' title='bbox 621 2363 642 2400; x_wconf 81' lang='grc' dir='ltr'>ᾧ</span> <span class='ocrx_word' id='word_1_703' title='bbox 661 2367 777 2402; x_wconf 72' lang='grc' dir='ltr'>εξρήκει,</span> <span class='ocrx_word' id='word_1_704' title='bbox 789 2368 830 2395; x_wconf 87' lang='grc' dir='ltr'>ὅτι</span> <span class='ocrx_word' id='word_1_705' title='bbox 839 2369 889 2396; x_wconf 84' lang='grc' dir='ltr'><strong>οὐκ</strong></span> 
     </span>
    </p>
   </div>
   <div class='ocr_carea' id='block_1_95' title="bbox 104 2413 889 2452">
    <p class='ocr_par' dir='ltr' id='par_1_95' title="bbox 104 2413 889 2452">
     <span class='ocr_line' id='line_1_95' title="bbox 104 2413 889 2452; baseline -0.003 -9"><span class='ocrx_word' id='word_1_706' title='bbox 104 2419 142 2444; x_wconf 67' lang='grc' dir='ltr'>ἔτι</span> <span class='ocrx_word' id='word_1_707' title='bbox 151 2416 277 2452; x_wconf 79' lang='grc' dir='ltr'>μέλλουσι</span> <span class='ocrx_word' id='word_1_708' title='bbox 292 2415 322 2441; x_wconf 71' lang='grc' dir='ltr'><strong>τὸ</strong></span> <span class='ocrx_word' id='word_1_709' title='bbox 329 2414 472 2449; x_wconf 84' lang='grc' dir='ltr'>πρόσωπον</span> <span class='ocrx_word' id='word_1_710' title='bbox 482 2413 563 2440; x_wconf 79' lang='grc' dir='ltr'>αὐτοῦ</span> <span class='ocrx_word' id='word_1_711' title='bbox 577 2413 697 2448; x_wconf 75' lang='grc' dir='ltr'>θεωρεῖν.</span> <span class='ocrx_word' id='word_1_712' title='bbox 709 2413 889 2448; x_wconf 83' lang='grc' dir='ltr'>Προέπεμπον</span> 
     </span>
    </p>
   </div>
   <div class='ocr_carea' id='block_1_96' title="bbox 105 2459 888 2494">
    <p class='ocr_par' dir='ltr' id='par_1_96' title="bbox 105 2459 888 2494">
     <span class='ocr_line' id='line_1_96' title="bbox 105 2459 888 2494; baseline -0.005 -4"><span class='ocrx_word' id='word_1_713' title='bbox 105 2463 130 2490; x_wconf 79' lang='grc' dir='ltr'>δὲ</span> <span class='ocrx_word' id='word_1_714' title='bbox 138 2463 219 2490; x_wconf 71' lang='grc' dir='ltr'>αὕτὺν</span> <span class='ocrx_word' id='word_1_715' title='bbox 232 2462 271 2493; x_wconf 83' lang='grc' dir='ltr'><strong>είς</strong></span> <span class='ocrx_word' id='word_1_716' title='bbox 280 2461 310 2487; x_wconf 78' lang='grc' dir='ltr'><strong>τὸ</strong></span> <span class='ocrx_word' id='word_1_717' title='bbox 321 2461 422 2487; x_wconf 80' lang='grc' dir='ltr'>πλοῖον.</span> <span class='ocrx_word' id='word_1_718' title='bbox 437 2459 481 2491; x_wconf 83' lang='grc' dir='ltr'>Ὠς</span> <span class='ocrx_word' id='word_1_719' title='bbox 496 2460 524 2486; x_wconf 77' lang='grc' dir='ltr'>δὲ</span> <span class='ocrx_word' id='word_1_720' title='bbox 534 2459 641 2494; x_wconf 72' lang='grc' dir='ltr'>ἐγένετο</span> <span class='ocrx_word' id='word_1_721' title='bbox 651 2459 801 2494; x_wconf 80' lang='grc' dir='ltr'>ἀναχθῆναι</span> <span class='ocrx_word' id='word_1_722' title='bbox 814 2460 888 2494; x_wconf 72' lang='grc' dir='ltr'>ἡμᾶς</span> 
     </span>
    </p>
   </div>
   <div class='ocr_carea' id='block_1_97' title="bbox 105 2504 888 2540">
    <p class='ocr_par' dir='ltr' id='par_1_97' title="bbox 105 2504 888 2540">
     <span class='ocr_line' id='line_1_97' title="bbox 105 2504 888 2540; baseline -0.006 -5"><span class='ocrx_word' id='word_1_723' title='bbox 105 2507 328 2537; x_wconf 78' lang='grc' dir='ltr'>ἀποσπασθέντας</span> <span class='ocrx_word' id='word_1_724' title='bbox 338 2506 386 2532; x_wconf 81' lang='grc' dir='ltr'><strong>ἀπ’</strong></span> <span class='ocrx_word' id='word_1_725' title='bbox 395 2505 496 2536; x_wconf 79' lang='grc' dir='ltr'>αὐτῶν,</span> <span class='ocrx_word' id='word_1_726' title='bbox 504 2505 754 2539; x_wconf 73' lang='grc' dir='ltr'>εὐθυδρομήσαντες</span> <span class='ocrx_word' id='word_1_727' title='bbox 770 2504 888 2540; x_wconf 67' lang='grc' dir='ltr'>ἤλθομεν</span> 
     </span>
    </p>
   </div>
   <div class='ocr_carea' id='block_1_98' title="bbox 106 2549 891 2588">
    <p class='ocr_par' dir='ltr' id='par_1_98' title="bbox 106 2549 891 2588">
     <span class='ocr_line' id='line_1_98' title="bbox 106 2549 891 2588; baseline -0.005 -8"><span class='ocrx_word' id='word_1_728' title='bbox 106 2555 143 2585; x_wconf 76' lang='grc' dir='ltr'><strong>εἰς</strong></span> <span class='ocrx_word' id='word_1_729' title='bbox 151 2553 200 2588; x_wconf 83' lang='grc' dir='ltr'>τὴν</span> <span class='ocrx_word' id='word_1_730' title='bbox 209 2552 267 2579; x_wconf 84' lang='grc' dir='ltr'><strong>Κῶ·</strong></span> <span class='ocrx_word' id='word_1_731' title='bbox 277 2553 310 2587; x_wconf 81' lang='grc' dir='ltr'>τῇ</span> <span class='ocrx_word' id='word_1_732' title='bbox 320 2551 348 2578; x_wconf 72' lang='grc' dir='ltr'>δὲ</span> <span class='ocrx_word' id='word_1_733' title='bbox 357 2551 419 2586; x_wconf 72' lang='grc' dir='ltr'><strong>ἑξῆς</strong></span> <span class='ocrx_word' id='word_1_734' title='bbox 428 2551 468 2582; x_wconf 79' lang='grc' dir='ltr'>εἰς</span> <span class='ocrx_word' id='word_1_735' title='bbox 478 2550 526 2585; x_wconf 82' lang='grc' dir='ltr'><strong>τὴν</strong></span> <span class='ocrx_word' id='word_1_736' title='bbox 533 2549 635 2583; x_wconf 88' lang='grc' dir='ltr'>Ῥόδον,</span> <span class='ocrx_word' id='word_1_737' title='bbox 647 2549 775 2576; x_wconf 75' lang='grc' dir='ltr'>κάκεῖθεν</span> <span class='ocrx_word' id='word_1_738' title='bbox 782 2551 822 2582; x_wconf 77' lang='lat' dir='ltr'><strong>Il;</strong></span> <span class='ocrx_word' id='word_1_739' title='bbox 834 2550 891 2577; x_wconf 80' lang='grc' dir='ltr'><strong>Πά-</strong></span> 
     </span>
    </p>
   </div>
   <div class='ocr_carea' id='block_1_99' title="bbox 106 2595 892 2635">
    <p class='ocr_par' dir='ltr' id='par_1_99' title="bbox 106 2595 892 2635">
     <span class='ocr_line' id='line_1_99' title="bbox 106 2595 892 2635; baseline -0.006 -9"><span class='ocrx_word' id='word_1_740' title='bbox 106 2607 191 2635; x_wconf 81' lang='grc' dir='ltr'>ταρα’</span> <span class='ocrx_word' id='word_1_741' title='bbox 218 2598 266 2625; x_wconf 74' lang='grc' dir='ltr'>καὶ</span> <span class='ocrx_word' id='word_1_742' title='bbox 293 2598 418 2632; x_wconf 80' lang='grc' dir='ltr'>εὑρόντες</span> <span class='ocrx_word' id='word_1_743' title='bbox 445 2597 536 2623; x_wconf 78' lang='grc' dir='ltr'>πλοῖον</span> <span class='ocrx_word' id='word_1_744' title='bbox 556 2595 740 2631; x_wconf 81' lang='grc' dir='ltr'>διαπερῶνεὶς</span> <span class='ocrx_word' id='word_1_745' title='bbox 756 2596 892 2632; x_wconf 74' lang='grc' dir='ltr'>Φοινίκην,</span> 
     </span>
    </p>
   </div>
   <div class='ocr_carea' id='block_1_100' title="bbox 108 2640 892 2678">
    <p class='ocr_par' dir='ltr' id='par_1_100' title="bbox 108 2640 892 2678">
     <span class='ocr_line' id='line_1_100' title="bbox 108 2640 892 2678; baseline -0.008 -6"><span class='ocrx_word' id='word_1_746' title='bbox 108 2645 251 2676; x_wconf 69' lang='grc' dir='ltr'>ἐπιϐάντες</span> <span class='ocrx_word' id='word_1_747' title='bbox 258 2642 624 2678; x_wconf 77' lang='grc' dir='ltr'>ἀνήχθημεν.¹Δναφανέντες</span> <span class='ocrx_word' id='word_1_748' title='bbox 631 2641 659 2668; x_wconf 78' lang='grc' dir='ltr'>δὲ</span> <span class='ocrx_word' id='word_1_749' title='bbox 666 2642 705 2673; x_wconf 82' lang='grc' dir='ltr'><strong>είς</strong></span> <span class='ocrx_word' id='word_1_750' title='bbox 712 2641 746 2676; x_wconf 83' lang='grc' dir='ltr'>τὴ</span> <span class='ocrx_word' id='word_1_751' title='bbox 753 2649 762 2667; x_wconf 63' lang='grc' dir='ltr'><em>δ</em></span> <span class='ocrx_word' id='word_1_752' title='bbox 769 2640 892 2676; x_wconf 81' lang='grc' dir='ltr'>Κύπρον,</span> 
     </span>
    </p>
   </div>
   <div class='ocr_carea' id='block_1_101' title="bbox 110 2687 892 2724">
    <p class='ocr_par' dir='ltr' id='par_1_101' title="bbox 110 2687 892 2724">
     <span class='ocr_line' id='line_1_101' title="bbox 110 2687 892 2724; baseline -0.008 -5"><span class='ocrx_word' id='word_1_753' title='bbox 110 2693 156 2719; x_wconf 80' lang='grc' dir='ltr'>καὶ</span> <span class='ocrx_word' id='word_1_754' title='bbox 183 2690 381 2721; x_wconf 80' lang='grc' dir='ltr'>καταλιπόντες</span> <span class='ocrx_word' id='word_1_755' title='bbox 406 2689 492 2724; x_wconf 75' lang='grc' dir='ltr'>αὐτὴν</span> <span class='ocrx_word' id='word_1_756' title='bbox 515 2687 673 2724; x_wconf 72' lang='grc' dir='ltr'>εὐώνυμον,</span> <span class='ocrx_word' id='word_1_757' title='bbox 700 2687 832 2722; x_wconf 71' lang='grc' dir='ltr'>ἐπλέομεν</span> <span class='ocrx_word' id='word_1_758' title='bbox 852 2688 892 2719; x_wconf 86' lang='grc' dir='ltr'><strong>είς</strong></span> 
     </span>
    </p>
   </div>
   <div class='ocr_carea' id='block_1_102' title="bbox 1256 2224 1405 2253">
    <p class='ocr_par' dir='ltr' id='par_1_102' title="bbox 1256 2224 1405 2253">
     <span class='ocr_line' id='line_1_102' title="bbox 1256 2224 1405 2253; baseline -0.007 0"><span class='ocrx_word' id='word_1_759' title='bbox 1256 2224 1405 2253; x_wconf 80' lang='lat' dir='ltr'><strong>TEXTUS.</strong></span> 
     </span>
    </p>
   </div>
   <div class='ocr_carea' id='block_1_103' title="bbox 972 2266 1724 2310">
    <p class='ocr_par' dir='ltr' id='par_1_103' title="bbox 972 2266 1724 2310">
     <span class='ocr_line' id='line_1_103' title="bbox 972 2266 1724 2310; baseline -0.017 -5"><span class='ocrx_word' id='word_1_760' title='bbox 972 2275 1130 2310; x_wconf 76' lang='lat' dir='ltr'><strong>XX,57,58</strong></span> <span class='ocrx_word' id='word_1_761' title='bbox 1143 2273 1230 2308; x_wconf 74' lang='lat' dir='ltr'><strong>;XX|,</strong></span> <span class='ocrx_word' id='word_1_762' title='bbox 1250 2273 1306 2300; x_wconf 82' lang='lat' dir='ltr'><strong>ts.</strong></span> <span class='ocrx_word' id='word_1_763' title='bbox 1322 2271 1434 2306; x_wconf 81' lang='lat' dir='ltr'><strong>Magnus</strong></span> <span class='ocrx_word' id='word_1_764' title='bbox 1445 2273 1534 2297; x_wconf 82' lang='lat' dir='ltr'><strong>autem</strong></span> <span class='ocrx_word' id='word_1_765' title='bbox 1549 2267 1627 2294; x_wconf 82' lang='lat' dir='ltr'><strong>[lctus</strong></span> <span class='ocrx_word' id='word_1_766' title='bbox 1637 2266 1724 2293; x_wconf 70' lang='lat' dir='ltr'><strong>metus</strong></span> 
     </span>
    </p>
   </div>
   <div class='ocr_carea' id='block_1_104' title="bbox 936 2313 1725 2355">
    <p class='ocr_par' dir='ltr' id='par_1_104' title="bbox 936 2313 1725 2355">
     <span class='ocr_line' id='line_1_104' title="bbox 936 2313 1725 2355; baseline -0.014 -4"><span class='ocrx_word' id='word_1_767' title='bbox 936 2329 978 2351; x_wconf 88' lang='lat' dir='ltr'><strong>est</strong></span> <span class='ocrx_word' id='word_1_768' title='bbox 985 2322 1119 2352; x_wconf 85' lang='lat' dir='ltr'><strong>omnium,</strong></span> <span class='ocrx_word' id='word_1_769' title='bbox 1129 2325 1155 2348; x_wconf 90' lang='lat' dir='ltr'><strong>et</strong></span> <span class='ocrx_word' id='word_1_770' title='bbox 1166 2320 1375 2355; x_wconf 86' lang='lat' dir='ltr'><strong>procumbentes</strong></span> <span class='ocrx_word' id='word_1_771' title='bbox 1386 2315 1573 2350; x_wconf 85' lang='lat' dir='ltr'><strong>supracollum</strong></span> <span class='ocrx_word' id='word_1_772' title='bbox 1585 2313 1671 2345; x_wconf 87' lang='lat' dir='ltr'><strong>Pauli,</strong></span> <span class='ocrx_word' id='word_1_773' title='bbox 1681 2321 1725 2340; x_wconf 82' lang='lat' dir='ltr'><strong>os-</strong></span> 
     </span>
    </p>
   </div>
   <div class='ocr_carea' id='block_1_105' title="bbox 936 2359 1726 2398">
    <p class='ocr_par' dir='ltr' id='par_1_105' title="bbox 936 2359 1726 2398">
     <span class='ocr_line' id='line_1_105' title="bbox 936 2359 1726 2398; baseline -0.015 -1"><span class='ocrx_word' id='word_1_774' title='bbox 936 2369 1098 2398; x_wconf 88' lang='lat' dir='ltr'><strong>culabantur</strong></span> <span class='ocrx_word' id='word_1_775' title='bbox 1105 2375 1176 2398; x_wconf 82' lang='lat' dir='ltr'><strong>eum,</strong></span> <span class='ocrx_word' id='word_1_776' title='bbox 1185 2366 1306 2393; x_wconf 76' lang='lat' dir='ltr'><strong>dolentes</strong></span> <span class='ocrx_word' id='word_1_777' title='bbox 1314 2363 1430 2390; x_wconf 74' lang='lat' dir='ltr'><strong>maxime</strong></span> <span class='ocrx_word' id='word_1_778' title='bbox 1439 2363 1464 2388; x_wconf 91' lang='lat' dir='ltr'><strong>in</strong></span> <span class='ocrx_word' id='word_1_779' title='bbox 1473 2361 1566 2393; x_wconf 80' lang='lat' dir='ltr'><strong>verbo,</strong></span> <span class='ocrx_word' id='word_1_780' title='bbox 1573 2359 1726 2394; x_wconf 84' lang='lat' dir='ltr'><strong>quoddixe-</strong></span> 
     </span>
    </p>
   </div>
   <div class='ocr_carea' id='block_1_106' title="bbox 938 2404 1724 2448">
    <p class='ocr_par' dir='ltr' id='par_1_106' title="bbox 938 2404 1724 2448">
     <span class='ocr_line' id='line_1_106' title="bbox 938 2404 1724 2448; baseline -0.017 -6"><span class='ocrx_word' id='word_1_781' title='bbox 938 2419 991 2447; x_wconf 90' lang='lat' dir='ltr'><strong>rat,</strong></span> <span class='ocrx_word' id='word_1_782' title='bbox 1009 2414 1139 2448; x_wconf 86' lang='lat' dir='ltr'><strong>quoniam</strong></span> <span class='ocrx_word' id='word_1_783' title='bbox 1151 2411 1266 2445; x_wconf 63' lang='lat' dir='ltr'><strong>amplius</strong></span> <span class='ocrx_word' id='word_1_784' title='bbox 1280 2409 1374 2436; x_wconf 84' lang='lat' dir='ltr'><strong>facient</strong></span> <span class='ocrx_word' id='word_1_785' title='bbox 1385 2407 1444 2442; x_wconf 83' lang='lat' dir='ltr'><strong>ejus</strong></span> <span class='ocrx_word' id='word_1_786' title='bbox 1457 2413 1510 2432; x_wconf 88' lang='lat' dir='ltr'><strong>non</strong></span> <span class='ocrx_word' id='word_1_787' title='bbox 1520 2409 1613 2432; x_wconf 82' lang='lat' dir='ltr'><strong>essent</strong></span> <span class='ocrx_word' id='word_1_788' title='bbox 1624 2404 1724 2436; x_wconf 84' lang='lat' dir='ltr'><strong>visuri;</strong></span> 
     </span>
    </p>
   </div>
   <div class='ocr_carea' id='block_1_107' title="bbox 938 2450 1727 2488">
    <p class='ocr_par' dir='ltr' id='par_1_107' title="bbox 938 2450 1727 2488">
     <span class='ocr_line' id='line_1_107' title="bbox 938 2450 1727 2488; baseline -0.014 -1"><span class='ocrx_word' id='word_1_789' title='bbox 938 2464 964 2488; x_wconf 88' lang='lat' dir='ltr'><strong>et</strong></span> <span class='ocrx_word' id='word_1_790' title='bbox 973 2459 1142 2487; x_wconf 77' lang='lat' dir='ltr'><strong>deducebant</strong></span> <span class='ocrx_word' id='word_1_791' title='bbox 1150 2456 1251 2484; x_wconf 88' lang='lat' dir='ltr'><strong>eumad</strong></span> <span class='ocrx_word' id='word_1_792' title='bbox 1262 2461 1366 2482; x_wconf 78' lang='lat' dir='ltr'><strong>navem.</strong></span> <span class='ocrx_word' id='word_1_793' title='bbox 1375 2453 1441 2480; x_wconf 78' lang='lat' dir='ltr'><strong>Cum</strong></span> <span class='ocrx_word' id='word_1_794' title='bbox 1451 2455 1538 2479; x_wconf 83' lang='lat' dir='ltr'><strong>autem</strong></span> <span class='ocrx_word' id='word_1_795' title='bbox 1550 2450 1648 2477; x_wconf 81' lang='lat' dir='ltr'><strong>factum</strong></span> <span class='ocrx_word' id='word_1_796' title='bbox 1656 2455 1727 2476; x_wconf 84' lang='lat' dir='ltr'><strong>esset</strong></span> 
     </span>
    </p>
   </div>
   <div class='ocr_carea' id='block_1_108' title="bbox 940 2495 1728 2539">
    <p class='ocr_par' dir='ltr' id='par_1_108' title="bbox 940 2495 1728 2539">
     <span class='ocr_line' id='line_1_108' title="bbox 940 2495 1728 2539; baseline -0.015 -7"><span class='ocrx_word' id='word_1_797' title='bbox 940 2510 970 2532; x_wconf 88' lang='lat' dir='ltr'><strong>ut</strong></span> <span class='ocrx_word' id='word_1_798' title='bbox 981 2504 1170 2539; x_wconf 87' lang='lat' dir='ltr'><strong>navigaretnus</strong></span> <span class='ocrx_word' id='word_1_799' title='bbox 1180 2500 1306 2528; x_wconf 72' lang='lat' dir='ltr'><strong>abstracti</strong></span> <span class='ocrx_word' id='word_1_800' title='bbox 1316 2500 1350 2526; x_wconf 86' lang='lat' dir='ltr'><strong>ab</strong></span> <span class='ocrx_word' id='word_1_801' title='bbox 1359 2499 1409 2531; x_wconf 90' lang='lat' dir='ltr'><strong>eis,</strong></span> <span class='ocrx_word' id='word_1_802' title='bbox 1417 2502 1493 2526; x_wconf 91' lang='lat' dir='ltr'><strong>recto</strong></span> <span class='ocrx_word' id='word_1_803' title='bbox 1505 2504 1587 2524; x_wconf 90' lang='lat' dir='ltr'><strong>cursu</strong></span> <span class='ocrx_word' id='word_1_804' title='bbox 1603 2495 1728 2522; x_wconf 88' lang='lat' dir='ltr'><strong>venimus</strong></span> 
     </span>
    </p>
   </div>
   <div class='ocr_carea' id='block_1_109' title="bbox 944 2539 1727 2583">
    <p class='ocr_par' dir='ltr' id='par_1_109' title="bbox 944 2539 1727 2583">
     <span class='ocr_line' id='line_1_109' title="bbox 944 2539 1727 2583; baseline -0.015 -5"><span class='ocrx_word' id='word_1_805' title='bbox 944 2550 1041 2583; x_wconf 88' lang='lat' dir='ltr'><strong>Coum,</strong></span> <span class='ocrx_word' id='word_1_806' title='bbox 1056 2555 1082 2577; x_wconf 92' lang='lat' dir='ltr'><strong>et</strong></span> <span class='ocrx_word' id='word_1_807' title='bbox 1096 2548 1222 2583; x_wconf 84' lang='lat' dir='ltr'><strong>sequenti</strong></span> <span class='ocrx_word' id='word_1_808' title='bbox 1234 2545 1412 2574; x_wconf 76' lang='lat' dir='ltr'><strong>diemtodum</strong></span> <span class='ocrx_word' id='word_1_809' title='bbox 1425 2549 1452 2572; x_wconf 87' lang='lat' dir='ltr'><strong>et</strong></span> <span class='ocrx_word' id='word_1_810' title='bbox 1467 2543 1530 2570; x_wconf 90' lang='lat' dir='ltr'><strong>inde</strong></span> <span class='ocrx_word' id='word_1_811' title='bbox 1542 2542 1679 2569; x_wconf 84' lang='lat' dir='ltr'><strong>Pataram.</strong></span> <span class='ocrx_word' id='word_1_812' title='bbox 1695 2539 1727 2566; x_wconf 82' lang='lat' dir='ltr'><strong>Et</strong></span> 
     </span>
    </p>
   </div>
   <div class='ocr_carea' id='block_1_110' title="bbox 944 2586 1726 2628">
    <p class='ocr_par' dir='ltr' id='par_1_110' title="bbox 944 2586 1726 2628">
     <span class='ocr_line' id='line_1_110' title="bbox 944 2586 1726 2628; baseline -0.017 -4"><span class='ocrx_word' id='word_1_813' title='bbox 944 2604 1007 2624; x_wconf 90' lang='lat' dir='ltr'><strong>cum</strong></span> <span class='ocrx_word' id='word_1_814' title='bbox 1024 2596 1224 2622; x_wconf 82' lang='lat' dir='ltr'><strong>invenissenms</strong></span> <span class='ocrx_word' id='word_1_815' title='bbox 1235 2592 1316 2628; x_wconf 75' lang='lat'><strong>292</strong></span> <span class='ocrx_word' id='word_1_816' title='bbox 1343 2599 1438 2618; x_wconf 79' lang='lat' dir='ltr'><strong>navem</strong></span> <span class='ocrx_word' id='word_1_817' title='bbox 1462 2588 1682 2616; x_wconf 86' lang='lat' dir='ltr'><strong>trausl‘rctantem</strong></span> <span class='ocrx_word' id='word_1_818' title='bbox 1699 2586 1726 2612; x_wconf 89' lang='lat' dir='ltr'><strong>in</strong></span> 
     </span>
    </p>
   </div>
   <div class='ocr_carea' id='block_1_111' title="bbox 944 2634 1728 2674">
    <p class='ocr_par' dir='ltr' id='par_1_111' title="bbox 944 2634 1728 2674">
     <span class='ocr_line' id='line_1_111' title="bbox 944 2634 1728 2674; baseline -0.014 -5"><span class='ocrx_word' id='word_1_819' title='bbox 944 2642 1099 2670; x_wconf 75' lang='lat' dir='ltr'><strong>Pitmnicem</strong></span> <span class='ocrx_word' id='word_1_820' title='bbox 1117 2662 1123 2674; x_wconf 92' lang='lat'><strong>,</strong></span> <span class='ocrx_word' id='word_1_821' title='bbox 1142 2640 1320 2668; x_wconf 81' lang='lat' dir='ltr'><strong>ascendentes</strong></span> <span class='ocrx_word' id='word_1_822' title='bbox 1336 2638 1535 2672; x_wconf 77' lang='lat' dir='ltr'><strong>navigavimus.</strong></span> <span class='ocrx_word' id='word_1_823' title='bbox 1560 2634 1629 2662; x_wconf 87' lang='lat' dir='ltr'><strong>Cum</strong></span> <span class='ocrx_word' id='word_1_824' title='bbox 1646 2640 1728 2668; x_wconf 79' lang='lat' dir='ltr'><strong>appa-</strong></span> 
     </span>
    </p>
   </div>
   <div class='ocr_carea' id='block_1_112' title="bbox 946 2677 1727 2720">
    <p class='ocr_par' dir='ltr' id='par_1_112' title="bbox 946 2677 1727 2720">
     <span class='ocr_line' id='line_1_112' title="bbox 946 2677 1727 2720; baseline -0.013 -6"><span class='ocrx_word' id='word_1_825' title='bbox 946 2689 1102 2715; x_wconf 85' lang='lat' dir='ltr'><strong>ruissemus</strong></span> <span class='ocrx_word' id='word_1_826' title='bbox 1131 2691 1220 2713; x_wconf 88' lang='lat' dir='ltr'><strong>autem</strong></span> <span class='ocrx_word' id='word_1_827' title='bbox 1251 2685 1350 2720; x_wconf 77' lang='lat' dir='ltr'><strong>Cypro,</strong></span> <span class='ocrx_word' id='word_1_828' title='bbox 1388 2683 1571 2717; x_wconf 85' lang='lat' dir='ltr'><strong>relinquentes</strong></span> <span class='ocrx_word' id='word_1_829' title='bbox 1608 2686 1667 2706; x_wconf 86' lang='lat' dir='ltr'><strong>eam</strong></span> <span class='ocrx_word' id='word_1_830' title='bbox 1693 2677 1727 2704; x_wconf 84' lang='lat' dir='ltr'><strong>ad</strong></span> 
     </span>
    </p>
   </div>
   <div class='ocr_carea' id='block_1_113' title="bbox 689 2739 1122 2773">
    <p class='ocr_par' dir='ltr' id='par_1_113' title="bbox 689 2739 1122 2773">
     <span class='ocr_line' id='line_1_113' title="bbox 689 2739 1122 2773; baseline -0.002 -1"><span class='ocrx_word' id='word_1_831' title='bbox 689 2742 789 2773; x_wconf 67' lang='lat' dir='ltr'><strong>Varia:</strong></span> <span class='ocrx_word' id='word_1_832' title='bbox 800 2741 955 2773; x_wconf 87' lang='lat' dir='ltr'><strong>lectiones</strong></span> <span class='ocrx_word' id='word_1_833' title='bbox 968 2739 1003 2772; x_wconf 81' lang='lat' dir='ltr'><strong>et</strong></span> <span class='ocrx_word' id='word_1_834' title='bbox 1027 2745 1122 2772; x_wconf 80' lang='lat' dir='ltr'><strong>notae.</strong></span> 
     </span>
    </p>
   </div>
   <div class='ocr_carea' id='block_1_114' title="bbox 144 2779 618 2818">
    <p class='ocr_par' dir='ltr' id='par_1_114' title="bbox 144 2779 618 2818">
     <span class='ocr_line' id='line_1_114' title="bbox 144 2779 618 2818; baseline -0.006 -6"><span class='ocrx_word' id='word_1_835' title='bbox 144 2786 177 2802; x_wconf 81' lang='grc'><strong><em>⁵⁸⁵</em></strong></span> <span class='ocrx_word' id='word_1_836' title='bbox 193 2784 361 2818; x_wconf 76' lang='grc' dir='ltr'>ἀποθάνητε.</span> <span class='ocrx_word' id='word_1_837' title='bbox 379 2783 402 2798; x_wconf 82' lang='grc'><strong>⁸⁸</strong></span> <span class='ocrx_word' id='word_1_838' title='bbox 412 2779 499 2813; x_wconf 79' lang='grc' dir='ltr'>οὗτος.</span> <span class='ocrx_word' id='word_1_839' title='bbox 537 2782 560 2798; x_wconf 81' lang='grc'><strong>³⁷</strong></span> <span class='ocrx_word' id='word_1_840' title='bbox 574 2780 618 2816; x_wconf 83' lang='grc' dir='ltr'><strong>ἦν.</strong></span> 
     </span>
    </p>
   </div>
   <div class='ocr_carea' id='block_1_115' title="bbox 146 2817 888 2866">
    <p class='ocr_par' dir='ltr' id='par_1_115' title="bbox 146 2817 878 2866">
     <span class='ocr_line' id='line_1_115' title="bbox 146 2817 878 2866; baseline -0.005 -7"><span class='ocrx_word' id='word_1_841' title='bbox 146 2832 200 2865; x_wconf 69' lang='grc'><strong>(34)</strong></span> <span class='ocrx_word' id='word_1_842' title='bbox 219 2817 432 2866; x_wconf 82' lang='lat' dir='ltr'><strong>Cltrysostomus</strong></span> <span class='ocrx_word' id='word_1_843' title='bbox 452 2830 552 2858; x_wconf 86' lang='lat' dir='ltr'><strong>habet:</strong></span> <span class='ocrx_word' id='word_1_844' title='bbox 572 2831 609 2857; x_wconf 69' lang='grc' dir='ltr'><strong>0ιό</strong></span> <span class='ocrx_word' id='word_1_845' title='bbox 637 2829 716 2864; x_wconf 82' lang='grc' dir='ltr'>μόνον</span> <span class='ocrx_word' id='word_1_846' title='bbox 741 2829 770 2855; x_wconf 80' lang='grc' dir='ltr'>οὺ</span> <span class='ocrx_word' id='word_1_847' title='bbox 787 2828 878 2861; x_wconf 62' lang='grc' dir='ltr'>καλὸν,</span> 
     </span>
    </p>
   </div>
   <div class='ocr_carea' id='block_1_116' title="bbox 954 2817 1728 2866">
    <p class='ocr_par' dir='ltr' id='par_1_116' title="bbox 954 2817 1728 2863">
     <span class='ocr_line' id='line_1_116' title="bbox 954 2817 1728 2863; baseline -0.016 -7"><span class='ocrx_word' id='word_1_848' title='bbox 954 2829 1022 2856; x_wconf 62' lang='lat' dir='ltr'><strong>Hal.</strong></span> <span class='ocrx_word' id='word_1_849' title='bbox 1036 2827 1199 2863; x_wconf 70' lang='grc' dir='ltr'>ἐπισφαλὲς,</span> <span class='ocrx_word' id='word_1_850' title='bbox 1225 2834 1277 2853; x_wconf 78' lang='lat' dir='ltr'><strong>non</strong></span> <span class='ocrx_word' id='word_1_851' title='bbox 1294 2824 1369 2852; x_wconf 79' lang='lat' dir='ltr'><strong>modo</strong></span> <span class='ocrx_word' id='word_1_852' title='bbox 1394 2832 1446 2852; x_wconf 83' lang='lat' dir='ltr'><strong>non</strong></span> <span class='ocrx_word' id='word_1_853' title='bbox 1463 2822 1559 2850; x_wconf 79' lang='lat' dir='ltr'><strong>bonum</strong></span> <span class='ocrx_word' id='word_1_854' title='bbox 1599 2825 1650 2852; x_wconf 79' lang='lat' dir='ltr'><strong>est,</strong></span> <span class='ocrx_word' id='word_1_855' title='bbox 1681 2817 1728 2845; x_wconf 73' lang='lat' dir='ltr'><strong>sed</strong></span> 
     </span>
    </p>
   </div>
   <div class='ocr_carea' id='block_1_117' title="bbox 114 2865 392 2902">
    <p class='ocr_par' dir='ltr' id='par_1_117' title="bbox 114 2865 392 2902">
     <span class='ocr_line' id='line_1_117' title="bbox 114 2865 392 2902; baseline -0.007 -8"><span class='ocrx_word' id='word_1_856' title='bbox 114 2868 189 2894; x_wconf 63' lang='lat' dir='ltr'><strong>etiam</strong></span> <span class='ocrx_word' id='word_1_857' title='bbox 205 2865 392 2902; x_wconf 68' lang='lat' dir='ltr'><strong>periculosum.</strong></span> 
     </span>
    </p>
   </div>
  </div>
