1864 3063
173 119 244 156 1035

597 126 882 157 THEOPHYLACTI
902 127 1105 160 BULGARIE
1121 131 1298 163 ARCIIIEP.

1726 134 1805 167 1036

165 178 264 206 'tninis.
276 179 308 206 Et
324 186 386 206 cum
403 179 468 206 mihi
486 179 620 214 perlatum
635 184 708 208 esset
725 180 759 208 de
771 182 954 217 insidiisquas
967 184 993 213 Α
1005 184 1070 210 αἰτία

1042 184 1105 217 τίαν,
1122 185 1157 211 δι’
1167 186 1200 221 ἢν
1211 186 1356 213 ἐνεκάλουν
1380 187 1465 222 αὐτῷ,
1479 189 1639 224 κατήγαγον
1660 190 1746 216 αὐτὸν
1763 191 1806 221 είς

172 225 396 259 paraverantilli.
407 225 468 252 misi
485 232 546 252 eum
560 225 594 252 ad
610 229 634 253 te
649 226 827 260 denuntians,
842 232 868 255 et
877 235 957 256 accu-

173 271 325 304 satoribus,
339 274 369 298 ut
382 271 475 297 dicant
493 270 565 305 apud
581 275 616 298 te.
628 272 703 300 Vale.
734 281 743 298 ι

1010 229 1042 255 τὸ
1058 230 1196 266 συνέδριον
1212 232 1313 260 αὐτῶν.
1335 233 1383 260 ’ον
1413 231 1492 270 εὖρον
1506 235 1707 270 ἐγκαλούμενον
1736 235 1806 269 περὶ

1015 274 1183 310 ζητημάτων
1198 278 1245 304 τοῦ
1265 279 1348 314 νόμον
1370 280 1472 313 αὐτῶν,
1488 281 1570 317 μηδὲν
1584 281 1613 308 δὲ
1625 281 1701 314 ἀξιον
1715 281 1807 308 θανά-

173 305 258 351 τοιίῆ
285 316 392 352 δεσμῶν
407 317 506 351 ἔχοντα
519 316 657 353 ἔγκλημα.
676 318 853 355 Μηνυθείσης
868 319 895 346 δέ
914 328 959 354 μοι
977 305 1122 358 ἐπιϐουλῆς
1139 325 1180 356 εἰς
1205 325 1251 351 τὸν
1273 305 1358 362 ἄνδρα
1372 305 1806 362 ᾯέῖλξζνῂὲξεγσὸᾆξᾝέίξεῖν

178 363 323 396 Ἰουδαίων,
335 362 366 395 ἐξ
388 362 474 398 αὐτῆς
498 362 610 399 ἔπεμψα
623 363 692 400 πρὸς
716 365 756 398 σὲ»
772 365 960 402 παραγγείλας
980 367 1028 394 καὶ
1043 370 1099 401 τοῖς
1135 371 1300 407 κατηγόροις
1332 373 1421 408 λέγειν
1433 374 1468 401 τὰ
1486 375 1555 410 πρὸς
1571 375 1653 402 αὑτὸν
1671 375 1715 401 ἐπὶ
1741 374 1802 402 cmi.

172 410 307 445 Ἐρῤωσο.
324 418 333 434 ι

208 456 308 484 Milites
315 463 380 491 ergo
395 455 548 483 secundum
564 459 728 490 praeceptum
744 456 806 490 sibi,
819 464 960 485 assumen-

170 508 211 530 tcs
228 502 342 529 Paulum
360 502 500 529 duxerunt
517 509 564 537 per
574 501 654 537 302
672 507 780 530 noctem
797 503 824 530 in
838 504 957 538 Antipa-

167 550 284 582 tridem;
302 553 328 576 et
343 552 452 584 postera
465 549 519 581 die,
532 548 655 576 dimissis
667 549 817 584 equilibus,
840 553 870 576 ut
895 557 957 576 cum

168 604 201 622 (ιο
221 597 302 626 irent,
321 595 423 622 reversi
434 599 499 622 sunt
513 593 547 621 ad
561 599 662 622 castra.
672 595 724 627 Qui
738 601 801 622 cum
816 596 957 623 venissent

170 642 325 669 Cmsaream
347 646 374 668 ct
393 641 570 669 tradidissent
587 641 731 675 epistolam
760 641 881 675 praesidi,
896 645 955 668 sta-

169 693 283 716 tur-runt
300 692 363 715 ante
374 687 450 715 illum
463 690 490 714 et
504 686 629 714 Paulum.
642 686 709 714 Cum
724 687 835 722 legisset
863 691 953 713 autem

167 741 195 761 et
212 735 410 768 interrogasset
424 734 456 760 dc
469 741 522 768 qua
538 733 678 767 provincia
692 740 787 766 esset;
806 737 833 760 et
849 740 953 768 cogno-

168 787 260 810 scens,
280 779 345 814 quia
362 779 395 806 de
421 778 515 805 Cilicia
534 777 672 805 :Audiam
701 781 738 810 te,
763 777 864 812 inquit,
890 785 952 805 cum

167 830 342 854 accusatores
357 826 395 853 tui
411 822 695 859 venerintJussitque
711 825 739 852 in
756 824 883 859 praetorio
900 823 953 852 lle-

169 872 243 899 rodis
256 870 393 899 custodiri
406 878 480 898 eum.

421 1008 537 1037 CAPUT
561 1006 669 1036 XXXV.

168 1055 282 1082 Tertulli
292 1055 428 1082 accusatio
445 1059 539 1082 contra
555 1054 683 1087 Paulum,
701 1059 725 1082 et
741 1054 820 1090 hujus
835 1054 952 1090 defensio

445 1108 535 1127 coram
543 1101 667 1134 prwside.

200 1146 294 1187 xxiv,
312 1146 385 1174 Ι-Ξϐ.
406 1146 470 1174 Post
487 1147 607 1182 quinque
623 1152 713 1175 autem
730 1147 788 1175 dies
813 1147 952 1174 descendit

164 1195 293 1230 princeps
302 1193 470 1221 sacerdotum
477 1193 598 1221 Ananias
605 1201 667 1220 cum
678 1193 831 1221 senioribtts
840 1193 952 1228 quihus-

166 1243 227 1266 dam
237 1245 264 1266 ct
276 1239 398 1266 Tertullo
409 1239 526 1273 quodam
536 1243 654 1271 oratore,
667 1239 712 1274 qui
723 1239 849 1266 adierunt
858 1239 952 1274 praesi-

165 1287 226 1312 dem
241 1286 370 1312 adversus
384 1284 508 1312 Paulum.
521 1283 565 1316 Et,
576 1285 660 1311 citato
671 1285 764 1318 Paulo,
775 1285 856 1319 coepit
869 1291 950 1312 accu-

165 1336 226 1356 sare
237 1328 386 1362 Tertullus,
398 1329 492 1356 dicens
510 1328 596 1356 :Cum
613 1329 640 1356 in
661 1329 745 1356 multa
761 1336 827 1364 pace
839 1336 951 1364 agamus

165 1379 262 1410 perte,
286 1379 314 1402 et
331 1375 416 1402 multa
449 1375 621 1409 corrigantur
640 1382 689 1409 per
712 1381 783 1402 tuam
805 1374 951 1410 prm'iden-

165 1421 230 1447 tiam
242 1440 249 1452 ,
273 1427 379 1454 semper
392 1423 419 1447 et
443 1419 545 1454 ubique
561 1420 739 1455 suscipimus,
756 1419 949 1455 optimeFelix,

164 1472 226 1492 cum
250 1465 324 1492 omni
343 1465 493 1499 gratiarum
526 1465 643 1492 actione.
674 1464 713 1492 Ne
739 1465 844 1492 diutius
859 1468 949 1492 autem

165 1516 191 1539 te
206 1511 375 1546 protrahunt,
391 1518 449 1544 oro,
465 1511 583 1539 breviter
599 1511 695 1540 audias
711 1520 760 1539 nos
778 1520 827 1547 pro
839 1517 884 1539 tua
893 1512 949 1540 cle-

166 1557 278 1582 mentia.
299 1555 457 1593 Invenimus
488 1555 561 1583 hunc
577 1555 715 1583 hominem
743 1556 903 1591 pestiferum
924 1560 951 1584 et
964 1549 985 1578 (ἶ

165 1602 349 1629 concitantem
369 1601 519 1629 seditiones
544 1602 675 1630 Omnibus
698 1602 802 1629 Judaeis
828 1603 855 1629 in
888 1602 951 1629 uni-

165 1655 247 1676 verso
267 1647 343 1680 orbe,
358 1652 385 1675 ct
401 1652 542 1675 auctorem
555 1648 697 1675 seditionis
723 1653 805 1675 sectae
831 1647 952 1675 Nazare-

165 1701 262 1721 norum
280 1702 286 1720 :
303 1693 350 1728 qui
370 1693 451 1720 etiam
468 1693 598 1728 templum
628 1693 730 1721 violare
755 1698 869 1721 conatus
897 1698 950 1727 est,

166 1747 246 1774 quem
262 1744 289 1766 et
305 1739 506 1774 apprehensum
532 1738 670 1766 voluimus
685 1739 836 1766 secundutn
865 1739 949 1774 legem

166 1788 288 1810 nostram
310 1783 442 1817 judicare.
474 1782 678 1818 Supcrvenicns
705 1789 797 1811 autem
825 1784 950 1812 tribunus

163 1828 269 1863 Lysias,
282 1836 343 1855 cum
360 1829 385 1856 vi
407 1836 504 1864 magna
519 1829 621 1864 eripuit
639 1837 700 1857 eum
719 1829 752 1857 de
764 1830 890 1858 manibus
902 1838 951 1857 no—

164 1875 350 1909 stris,jubens
362 1880 536 1902 accusatores
557 1875 617 1910 ejus
636 1875 669 1902 ad
684 1881 709 1902 te
734 1876 826 1904 venire
841 1884 848 1903 :
863 1884 878 1902 a
894 1884 949 1911 quo

164 1921 265 1956 poteris
282 1921 340 1956 ipse
352 1921 491 1956 judicans,
507 1922 539 1948 de
550 1921 678 1949 omnibus
694 1922 755 1950 istis
781 1930 948 1957 cognoscere

162 1967 196 1993 tle
210 1967 308 2002 quibus
319 1975 369 1995 nos
384 1974 544 1995 accusaturus
554 1975 628 1996 eum.
639 1967 805 2003 Adjecerunt
819 1972 909 1996 autem
921 1972 949 1996 et

160 2013 258 2045 Judaei,
270 2013 392 2041 dicentes
399 2014 456 2041 haec
469 2014 507 2040 ita
524 2021 552 2041 se
567 2014 676 2042 habere.
687 2013 836 2049 Respondit
856 2019 948 2042 autem

164 2057 262 2085 Paulus
279 2058 426 2092 (annuente
446 2058 499 2085 sibi
517 2058 630 2093 praeside
655 2059 757 2091 dicere)
775 2067 782 2086 :
801 2060 839 2086 Ex
857 2059 948 2088 multis

163 2106 242 2131 annis
259 2110 283 2132 te
294 2112 356 2132 esse
366 2105 470 2139 justum
483 2105 602 2139 judiccm
613 2107 684 2139 genti
697 2106 759 2133 huic
775 2106 864 2134 sciens
877 2106 947 2134 bono

162 2151 254 2177 animo
268 2159 316 2185 pro
328 2158 371 2178 me
380 2151 560 2178 satisfaciam.
578 2150 660 2178 Potes
674 2152 746 2178 enim
770 2158 948 2187 cognoscere,

162 2198 227 2231 quia
253 2203 307 2223 non
324 2197 386 2231 plus
411 2197 477 2223 mihi
495 2196 553 2223 dics
571 2204 652 2231 quam
671 2196 823 2229 duodecim,
838 2205 870 2225 ex
895 2206 948 2232 quo

162 2242 271 2269 ascendi
287 2242 400 2270 adorare
417 2243 444 2269 in
460 2242 623 2276 Jerusalem,
635 2247 662 2270 et
677 2251 766 2278 neque
794 2243 822 2271 in
848 2245 948 2280 templo

162 2289 326 2316 invenerunt
337 2297 380 2316 me
394 2296 456 2315 cum
480 2288 571 2323 aliquo
602 2289 797 2323 diSputantem,
819 2295 865 2317 aut
883 2299 949 2318 con-

162 2341 271 2361 cursum
284 2334 428 2362 facientem
439 2335 536 2368 turbae,
548 2343 636 2370 neque
653 2335 679 2361 in
696 2336 850 2370 synagogis,
863 2343 951 2372 neque

163 2381 189 2407 in
203 2381 325 2414 civitate,
341 2388 430 2416 neque
454 2381 570 2416 probare
586 2385 702 2416 possunt
723 2381 771 2408 tibi
797 2381 831 2409 de
851 2383 949 2417 quibus

162 2434 234 2453 nunc
251 2434 293 2454 me
303 2430 446 2454 accusant.
464 2427 603 2454 Conliteor
620 2432 712 2454 autem
727 2427 780 2455 hoc
798 2427 857 2460 tibi,
876 2429 949 2463 quod

162 2480 175 2498 s
187 2472 313 2499 umdum
343 2478 459 2503 sectam,
477 2479 559 2507 quam
575 2471 670 2499 dicunt
685 2472 820 2504 haeresim,
836 2474 876 2500 sic
902 2473 950 2502 de~

162 2517 253 2543 servio
264 2516 338 2542 Patri
353 2515 446 2543 etDco
464 2524 534 2548 meo,
560 2516 674 2544 credens
690 2517 817 2544 otnnihus
838 2526 897 2553 qua:
921 2519 948 2546 in

163 2564 220 2598 lege
233 2566 261 2590 et
278 2562 420 2597 prophetis
447 2563 548 2597 scripta
575 2568 662 2589 sunt:
686 2570 761 2598 spetn
794 2564 896 2593 habens
922 2565 948 2592 in

162 2611 350 2645 Deum,quam
367 2612 393 2636 et
413 2609 440 2635 lii
457 2609 507 2644 ipsi
522 2613 692 2644 exspectant,
718 2611 947 2639 resurrectionem

165 2657 285 2683 futuram
306 2655 444 2690 jnstorum
470 2659 497 2681 et
525 2655 691 2690 iniquorum.
711 2655 740 2683 In
753 2656 805 2684 hoc
834 2661 861 2684 et
891 2657 949 2692 ipse

162 2702 258 2729 studeo
282 2702 341 2728 sine
363 2701 529 2729 oﬂ'endiculo
556 2701 752 2729 conscientiam
788 2702 888 2730 habere
914 2703 947 2730 ad

167 2748 251 2775 Deum
268 2751 295 2774 ct
309 2748 342 2774 ad
358 2747 483 2775 homines
511 2755 630 2782 semper.
651 2747 717 2776 Post
750 2755 838 2776 annos
858 2754 947 2776 autem

163 2792 253 2827 plures
263 2793 450 2828 eleemosynas
464 2793 544 2829 303
561 2794 681 2822 facturus
696 2795 722 2822 in
735 2799 841 2829 gentem
860 2803 947 2822 meam

163 2838 225 2864 veni
243 2841 269 2864 et
279 2837 433 2866 oblationes
449 2841 476 2865 et
492 2842 552 2866 vota
574 2846 581 2865 :
610 2838 635 2865 in
652 2838 751 2872 quibus
781 2839 946 2867 invenerunt

1046 461 1078 487 οι
1093 461 1144 496 μὲν
1161 461 1208 488 οὖν
1229 463 1396 498 στρατιῶται
1418 463 1463 490 διὰ
1486 464 1593 496 νυκτὸς,
1609 464 1683 491 κατὰ
1696 464 1727 490 τὸ
1741 464 1801 491 δια-

1009 507 1175 542 τεταγμένον
1189 508 1290 540 αὺτοῖς,
1307 509 1364 536 ἀνα”
1375 509 1487 541 αὸὀντες
1505 509 1550 536 τὸν
1565 509 1682 541 Παῦλον,
1695 510 1801 544 ἤγαγον

1008 553 1048 584 είς
1080 553 1128 588 τὴν
1150 554 1353 588 Ἀντιπατρίδα.
1381 555 1420 589 Τῇ
1444 556 1472 582 δέ
1498 555 1630 590 ἐπαύριον
1663 556 1800 586 ἐάσαντες

1008 598 1071 629 τοὺς
1097 598 1190 630 ἱππεῖς
1206 600 1371 634 πορεύεσθαι
1391 601 1439 627 σὺν
1462 599 1547 635 αὐτῷ,
1561 600 1741 635 ὑπέστρεψαν
1760 600 1800 631 εἰς

1007 643 1056 678 τὴν
1074 643 1261 679 παρεμϐολήν.
1279 645 1384 676 Οῖτινες
1406 645 1572 676 εἰσελθόντες
1592 646 1633 676 είς
1657 644 1708 680 τὴν
1727 646 1799 671 Και-

1008 688 1132 723 σάρειαν,
1146 690 1193 716 καὶ
1216 690 1357 721 ἀναδόντες
1375 690 1424 725 τὴν
1448 691 1593 725 ἐπιστολὴν
1608 690 1647 726 τῷ
1667 691 1799 725 ἡγεμόνι,

1007 734 1179 770 παρίστησαν
1204 736 1251 762 καὶ
1273 736 1318 762 τὸν
1348 736 1453 763 Παῦλον
1468 736 1554 771 αὐτῷ.
1581 738 1722 770 Δναγνοὺς
1739 737 1769 763 δὲ
1785 738 1799 762 ὁ

1006 781 1128 816 ἡγεμὼν,
1145 783 1192 809 καὶ
1219 783 1396 818 ἐπερωτήσας
1416 784 1447 810 ἐκ
1470 783 1549 815 ποίας
1573 783 1708 819 ἐπαρχίας
1724 785 1798 816 ἐστὶ,

1007 827 1053 854 καὶ
1070 827 1223 863 πυθόμενος
1237 829 1279 855 ὅτι
1300 829 1354 855 ἀπὸ
1377 829 1516 863 Κιλικίας,
1531 830 1718 865 Διακούσομαί
1735 838 1796 862 σου,

970 870 992 898 Β
1005 872 1069 909 ἐφη,
1086 873 1150 900 ὃταν
1164 875 1212 901 καὶ
1232 875 1256 901 οἱ
1271 875 1421 911 κατήγοροί
1440 884 1488 902 σου
1510 876 1733 911 παραγένωνται,
1747 884 1796 902 κε-

1005 919 1103 952 λεύσας
1131 921 1161 948 ἐν
1189 921 1228 957 τῷ
1256 922 1417 957 πραιτωρίῳ
1445 922 1567 958 Ἡρώδου
1605 922 1795 957 φυλάσσεσθαι

1005 966 1095 993 αὐτόν.

1294 1014 1420 1041 ΚΕΦΑΔ.
1431 1015 1476 1041 ΛΕ
1486 1035 1493 1042 .

1008 1057 1176 1090 Τερτύλλου
1193 1057 1268 1084 κατὰ
1287 1058 1409 1086 Παύλου
1432 1058 1604 1093 κατηγορία,
1626 1058 1675 1085 καὶ
1699 1057 1796 1085 αὐτοῦ

1173 1103 1322 1138 ἀπολογία
1332 1103 1381 1130 ἐπὶ
1396 1103 1449 1130 τοῦ
1461 1103 1617 1138 ἡγεμόνος.

1038 1147 1118 1175 Μετὰ
1129 1148 1157 1174 δὲ
1172 1149 1253 1175 πέντε
1265 1149 1384 1184 ἡμέρας,
1400 1149 1504 1184 κατέϐη
1517 1149 1531 1174 ὀ
1547 1148 1695 1184 ἀρχιερεὺς
1713 1148 1793 1175 Ἀνα-

1004 1192 1064 1224 νίας
1091 1194 1162 1228 μετὰ
1177 1187 1384 1229 Διιτρεσῦυτέρων
1409 1194 1500 1227 τινῶν,
1517 1194 1565 1220 καὶ
1591 1194 1709 1228 ῥήτορος
1725 1193 1793 1227 Τερ-

1003 1239 1100 1265 τύλλου
1119 1239 1190 1271 τινὸς
1203 1259 1211 1272 ,
1225 1240 1321 1272 οἵτινες
1337 1240 1507 1275 ἐνιφάνησαν
1527 1239 1564 1275 τῷ
1581 1239 1697 1275 ἡγεμόνι
1723 1240 1795 1265 κατα

1003 1285 1051 1312 τοῦ
1069 1285 1188 1314 Παῦλου.
1202 1286 1357 1321 κληθέντος
1380 1286 1409 1313 δὲ
1426 1286 1522 1318 αὐτοῦ,
1543 1286 1645 1322 ἤρξατο
1672 1294 1794 1320 κατηγε-

1006 1333 1062 1367 ρεῖν
1076 1333 1090 1360 ὁ
1101 1332 1250 1367 Τέρτυλλος
1265 1333 1353 1367 λέγων
1363 1341 1371 1349 '
1384 1332 1489 1368 Πολλῆς
1510 1334 1622 1368 εἰρήνης
1641 1333 1794 1368 τυγχάνον-

1003 1386 1050 1409 τες
1066 1378 1110 1405 διὰ
1125 1378 1185 1411 σοῦ,
1199 1378 1246 1405 καὶ
1262 1378 1368 1405 πολλῶν
1391 1378 1612 1413 κατορθωμάτων
1635 1379 1794 1413 γενομένων

1004 1423 1042 1459 τῷ
1054 1424 1124 1450 ἐονει
1143 1424 1232 1460 τούτῳ
1248 1425 1294 1451 διὰ
1308 1424 1357 1460 τῆς
1372 1425 1420 1460 σῆς
1436 1424 1576 1460 προνοίας,
1596 1424 1684 1459 πάντη
1703 1433 1734 1450 τε
1747 1425 1794 1450 καὶ

1004 1470 1141 1506 πανταχοῦ
1158 1470 1358 1506 ἀποδεχόμεθα,
1377 1471 1505 1507 κράτιστε
1514 1470 1607 1505 Φῆλιξ,
1620 1471 1690 1506 μετὰ
1699 1471 1794 1505 πάσης

1003 1516 1262 1552 εὐχαριστίας.”ἰνα
1289 1517 1318 1544 δέ
1334 1517 1372 1553 μὴ
1398 1517 1446 1544 ἐπὶ
1472 1516 1563 1544 πλεῖόν
1593 1525 1624 1543 σε
1651 1517 1792 1549 ἑκκόπτω,

1004 1563 1154 1599 παρακαλῶ
1166 1563 1282 1591 ἀκοῦσαί
1297 1572 1327 1590 σε
1341 1563 1420 1599 ἡμῶν
1434 1564 1584 1599 συντόμως,
1603 1565 1634 1598 τῇ
1652 1564 1684 1597 σῇ
1705 1564 1795 1589 ἐπιεικ-

1003 1609 1075 1645 κείᾳ.
1094 1609 1227 1644 Εὐρόντες
1256 1609 1311 1644 γὰρ
1334 1609 1380 1636 τὸν
1411 1608 1496 1644 ἄνδρα
1513 1608 1607 1635 τοῦτον
1621 1609 1730 1644 λοιμὸν,
1746 1609 1793 1635 καὶ

1002 1654 1127 1680 κινοῦντα
1144 1653 1253 1685 στάσεις
1268 1654 1334 1680 πᾶσι
1353 1654 1410 1685 τοῖς
1429 1653 1566 1685 Ἰουδαίοις
1580 1655 1637 1685 τοῖς
1653 1655 1730 1680 κατὰ
1743 1654 1793 1688 τὴν

1002 1699 1177 1734 οἰκουμένην,
1195 1700 1390 1734 πρωτοστάτην
1406 1708 1436 1726 τε
1452 1699 1515 1726 οντα
1536 1699 1586 1733 τῆς
1609 1698 1663 1725 τῶν
1688 1698 1790 1729 Ναζω-

1002 1746 1086 1780 ραίων
1112 1746 1257 1780 αἱρέσεως·
1273 1745 1301 1776 ὃς
1323 1745 1368 1771 καὶ
1385 1744 1414 1771 τὸ
1431 1745 1502 1780 ίερὸν
1517 1744 1645 1779 ἐπείρασε
1670 1743 1790 1778 βεϐηλώ-

1002 1799 1058 1822 σαι,
1075 1790 1104 1816 ὃν
1120 1791 1167 1817 καὶ
1186 1791 1391 1826 ἐκρατήσαμεν,
1408 1790 1456 1816 καὶ
1479 1790 1550 1816 κατά
1575 1790 1620 1816 τὸν
1646 1790 1785 1824 ἡμέτερον

1000 1836 1083 1870 νόμον
1105 1835 1280 1870 ἠθελήσαμεν
1297 1835 1413 1870 κρίνειν.
1435 1833 1582 1870 Παρελθὼν
1597 1834 1626 1860 δέ
1651 1835 1756 1866 Λυσίας
1776 1833 1791 1859 ὁ

1000 1880 1151 1916 χιλίαρχος,
1177 1880 1248 1915 μετὰ
1262 1879 1364 1914 πολλῆς
1376 1879 1437 1915 βίας
1453 1879 1486 1905 ἐκ
1512 1879 1567 1905 τῶν
1593 1878 1693 1913 χειρῶν
1709 1878 1789 1913 ἡμῶν

1000 1926 1142 1962 ἀπήγαγε,
1157 1925 1288 1958 κελεύσας
1317 1926 1380 1957 τοὺς
1403 1924 1573 1960 καπιγόρους
1602 1923 1687 1950 αὑτοῦ
1710 1923 1789 1959 ἔρχε-

1001 1973 1063 1999 σθαι
1084 1972 1130 1999 ἐπὶ
1149 1972 1188 1998 σέ.
1206 1972 1274 2007 Παρ*
1291 1967 1322 1998 οὗ
1343 1971 1445 2007 δυνήσῃ
1462 1971 1511 1997 καὶ
1529 1970 1611 2001 αὐτὸς
1635 1970 1787 2005 ἀνακρίνας

1000 2019 1066 2054 περὶ
1091 2018 1200 2045 πάντων
1228 2018 1332 2044 τούτων
1347 2017 1506 2051 ἐπιγνῶναι,
1523 2013 1560 2043 ὧν
1574 2016 1654 2052 ἡμεῖς
1670 2023 1789 2050 κατηγο-

1003 2062 1105 2097 ροῦμεν
1134 2061 1229 2089 αὺτοῦ.
1259 2061 1443 2088 Συνιπέθεντο
1477 2060 1506 2086 δὲ
1536 2060 1584 2087 καὶ
1612 2061 1637 2086 οἱ
1654 2060 1785 2090 Ἰουδαῖοι.

1000 2108 1150 2142 φάσκοντε;
1165 2107 1253 2133 ταῦτα
1268 2107 1356 2138 οὕτως
1375 2106 1458 2142 ἔχειν.
1475 2105 1625 2141 Ἀπεκρίθη
1641 2105 1670 2132 δὲ
1686 2106 1700 2132 6
1713 2106 1786 2132 Παῦ-

999 2154 1055 2186 λος,
1068 2152 1214 2184 νεύσαντος
1233 2152 1307 2188 αὒτῷ
1325 2152 1372 2178 τοῦ
1386 2152 1519 2187 ἡγεμόνος
1533 2151 1623 2185 λέγειν
1634 2159 1640 2166 ·
1658 2151 1708 2177 Ἐκ
1726 2151 1786 2177 πολ-

1000 2200 1055 2227 λῶν
1071 2199 1140 2226 ἐτῶν
1155 2199 1220 2226 εντα
1236 2207 1266 2225 σε
1282 2199 1378 2234 κριτὴν
1400 2198 1504 2224 δίκαιον
1535 2197 1574 2233 τῷ
1600 2197 1674 2224 ἐονει
1698 2199 1784 2231 τούτῳ

1001 2246 1193 2281 ἐπιστάμενος,
1219 2243 1345 2279 εὐθύμως
1368 2244 1402 2270 τὰ
1418 2245 1482 2279 περὶ
1503 2243 1622 2278 ἐμαυτοῦ
1636 2243 1785 2277 ἀπολογοῦ-

1002 2300 1062 2326 μαι,
1079 2290 1231 2326 δυναμένου
1253 2298 1300 2326 σου
1319 2289 1478 2323 ἐπιγνῶναι,
1494 2289 1536 2315 ὅτι
1551 2289 1581 2315 οὐ
1609 2288 1720 2320 πλείους
1735 2288 1784 2314 ilo!

1001 2345 1046 2371 μοι
1061 2337 1161 2372 ἡμέραι
1179 2337 1194 2371 ἢ
1220 2336 1334 2367 δώδεκα,
1350 2335 1397 2369 ἀφ’
1414 2332 1447 2370 ἧς
1463 2334 1565 2370 ἀνέϐην
1587 2338 1783 2371 προσκυνήσων

999 2384 1041 2416 είς
1071 2383 1268 2418 Ἰερουσαλήμ·
1290 2382 1338 2409 καὶ
1364 2381 1425 2408 οὒτε
1453 2382 1481 2407 ἐν
1498 2381 1537 2415 τῷ
1564 2380 1629 2416 ἱερῷ
1654 2377 1734 2415 εὗρόν
1751 2387 1783 2414 με

1000 2430 1069 2465 πρός
1095 2438 1156 2456 τινα
1174 2428 1377 2463 διαλεγόμενον,
1404 2428 1421 2462 ἦ
1449 2427 1631 2454 ἑπισὺστασιν
1657 2426 1783 2452 ποιοῦντα

1000 2475 1092 2510 ὕχλου,
1105 2475 1168 2501 οὔτε
1194 2475 1222 2500 ἐν
1236 2475 1294 2506 ταῖς
1310 2473 1494 2507 συναγωγαῖς,
1511 2472 1573 2499 οὔτε
1589 2471 1659 2499 κατὰ
1676 2471 1726 2507 τὴν
1739 2470 1782 2496 πὸ-

999 2521 1056 2547 λιν·
1081 2520 1142 2547 οὔτε
1170 2520 1346 2555 παραστῆσαι
1361 2518 1488 2546 δύνανταί
1517 2526 1569 2551 σοι,
1598 2518 1662 2552 περὶ
1677 2513 1714 2543 ὧν
1729 2517 1782 2542 νυνὶ

999 2564 1184 2600 κατηγοροῦσί
1204 2573 1267 2599 μου.
1291 2563 1431 2599 Ὀμολογῶ
1451 2563 1479 2590 δὲ
1496 2561 1575 2589 τοῦτό
1586 2570 1638 2594 σοι,
1651 2561 1692 2587 ὅτι
1715 2561 1781 2587 κατὰ

999 2612 1048 2646 τὴν
1067 2611 1137 2644 ὁδὸν,
1155 2611 1188 2645 ἣν
1212 2610 1340 2644 λέγουσιν
1369 2610 1487 2645 αἵρεσιν,
1514 2608 1587 2635 οὓτω
1607 2607 1733 2642 λατρεύω
1746 2605 1780 2640 τῷ

999 2657 1120 2693 πατρῴῳ
1135 2656 1207 2692 Θεῷ,
1228 2656 1365 2684 πιστεύων
1382 2657 1450 2682 πᾶσι
1464 2656 1520 2686 τοῖς
1542 2654 1613 2682 κατὰ
1628 2654 1674 2681 τὸν
1691 2654 1779 2687 νόμον,

999 2704 1046 2730 καὶ
1071 2705 1128 2735 τοῖς
1153 2704 1182 2730 ἐν
1197 2704 1256 2734 τοῖς
1273 2702 1430 2736 προφήταις
1451 2701 1670 2736 γεγραμμένοις,
1689 2697 1779 2725 ἐλπίδα

999 2749 1067 2784 ἔχων
1085 2749 1153 2784 πρὶς
1168 2748 1213 2775 τὸν
1233 2748 1311 2780 Θεὸν,
1326 2747 1362 2782 ἣν
1376 2747 1422 2773 καὶ
1438 2746 1515 2772 αὐτοὶ
1531 2743 1604 2771 οὗτοι
1621 2743 1780 2780 πρισὸέχον·

998 2803 1054 2826 ται,
1074 2794 1223 2821 ἀνάστασιν
1249 2793 1358 2828 μέλλειν
1369 2792 1479 2818 ἔσεσθαι
1493 2791 1605 2818 δικαίων
1617 2798 1646 2816 τε
1666 2790 1712 2816 καὶ
1724 2786 1780 2815 ἁδί-

999 2849 1065 2868 κων.
1088 2841 1130 2867 Ἐν
1148 2839 1296 2876 τούτῳκαὶ
1315 2838 1396 2870 αὐτὸς
1419 2838 1496 2865 ἀσκῶ
1516 2837 1698 2872 ἀπρόσκοπον,
1712 2834 1779 2870 ἔχειν
