1864 3063
71 159 135 191 10ιὸ

358 214 553 241 KEIMENON.

103 261 203 287 Ἕνεκα
218 259 322 286 τοίτι-τν
335 280 342 291 ,
363 259 485 286 Ἰουδαῖοί
507 269 540 294 με
556 260 763 295 συλλαϐόμενοι,
787 261 852 287 ὅντα

71 310 96 335 ὲν
107 307 146 342 τῷ
160 306 236 342 ἱερῷ,
254 306 404 342 ἐπειρῶντο
419 306 651 341 διαχειρίσασθαι.
678 307 854 342 Ἑπικουρίας

71 354 113 381 οὖν
124 353 212 388 τυχὼν
231 353 280 388 τῆς
292 352 347 379 ἀπὸ
359 352 406 379 τοῦ
425 352 505 386 Θεοῦ,
524 352 589 388 ἄχρι
602 353 651 388 τῆς
666 353 772 389 ἡμέρας
786 353 855 380 ταύτ

72 408 117 435 της
133 399 241 432 totum!
264 397 488 433 μαρτυρούμενος
509 397 600 433 μικρῷ
616 406 646 424 τε
663 398 710 424 καὶ
725 397 854 432 μεγάλῳ·

72 445 145 472 om»;
168 444 248 476 ὲκτδς
275 443 376 477 λέγων,
394 440 432 470 ὧν
451 451 481 469 τε
504 443 529 469 οἱ
554 443 694 478 προφῆται
720 442 856 477 ἐλάλησαν

74 490 225 526 μελλόντων
251 489 384 524 γίνεσθαι,
410 490 457 516 καὶ
481 489 604 524 Μωῦσῆς
618 509 626 522 ,
647 490 671 515 εί
698 489 818 524 παθητὸς
841 489 856 515 ό

74 536 206 572 Χριστὸς,
229 536 254 562 εί
279 535 385 570 πρῶτος
401 535 431 568 ἒξ
448 535 622 567 ἀναστάσεως
646 535 768 570 νεκρῶν,
798 534 856 569 φῶς

76 582 165 617 μέλλει
194 581 390 615 καταγγέλλειν
413 581 451 616 τῷ
472 589 502 607 τε
529 581 586 616 λαῷ
609 581 657 607 καὶ
676 581 732 612 τοῖς
753 580 855 607 ἔθνεσι.

75 627 164 654 Ταῦτα
177 627 206 654 δὲ
220 626 303 653 αὐτοῦ
316 626 549 662 ἀπολογουμένου,
565 627 579 653 ὁ
590 627 693 661 Φῆστος
709 627 814 662 μεγάλῃ
823 627 856 662 τῇ

75 674 148 707 φωνῇ
165 681 232 707 φησι
244 680 252 688 ο
270 671 373 706 Μαίνῃ,
391 671 479 698 Παῦλε
491 679 498 686 ·
514 671 548 698 τὰ
560 671 645 698 πολλά
660 680 688 698 σε
706 672 859 707 γράμματα

75 720 111 750 εἰς
128 718 227 754 μανίαν
244 718 417 753 περιτρέπει.
439 718 468 744 '0
483 718 510 744 δὲ
529 717 647 750 Παῦλος,
665 718 703 745 Οὺ
715 718 858 754 μαίνομαι,

76 765 150 799 φησι,
174 764 306 799 κράτιστε
327 763 430 798 Φῆστε,
448 763 517 790 ἀλλὰ
538 763 668 798 ἀληθείας
688 765 734 790 καὶ
750 772 858 798 σωφρο-

76 811 155 845 σύνης
170 810 282 846 ῥήματα
296 809 519 844 ἀποφθέγγομαι.
542 809 703 837 Ἐπίσταται
720 809 775 845 γὰρ
794 810 860 845 περὶ

75 849 175 882 τοῦτων
189 856 204 882 ὀ
233 855 359 890 βασιλεὺς
370 875 378 888 ,
405 855 473 890 πρὸς
495 855 524 882 δν
540 856 586 882 καὶ
604 856 860 892 παρρησιαζόμενος

76 901 157 928 λαλῶ.
184 901 335 928 Λανθάνειν
347 901 403 936 γὰρ
418 901 499 928 αὐτόν
511 910 538 928 τι
559 891 662 928 τούτων
679 901 711 928 οὐ
727 901 859 936 πείθομαι
876 891 897 918 Β

76 947 158 974 οὐδέν.
185 948 223 974 οὐ
240 947 294 982 γάρ
310 949 382 974 ἐστιν
398 949 428 974 ὲν
450 947 537 983 γωνίᾳ.
558 947 752 983 πεπραγμένον
768 948 857 974 τοῦτο.

79 993 228 1025 Πιστεύεις,
245 993 355 1028 βασιλεῦ
372 993 522 1028 Ἀγρίππα,
533 994 589 1025 τοῖς
605 994 758 1028 προφήταις
772 1002 780 1026 ;
796 991 860 1020 Οἶδα

78 1041 117 1065 ὅτι
140 1039 290 1070 πιστεύεις.
320 1039 350 1065 '0
373 1038 402 1065 δὲ
424 1039 581 1073 Ἀγρίππας
605 1039 673 1074 πρὸς
693 1039 738 1066 τὸν
755 1039 861 1065 Παῦλον

78 1087 127 1121 ἔφη
141 1096 149 1102 ·
172 1087 215 1113 Ἐν
233 1087 316 1122 ὀλίγῳ
337 1095 370 1121 με
386 1086 489 1118 πείθεις
501 1086 662 1121 Χριστιανὸν
676 1086 812 1120 γενέσθαι.
831 1085 860 1111 '0

77 1134 104 1158 δὲ
131 1132 236 1164 Παῦλος
259 1131 336 1158 εἶπεν
351 1142 358 1149 ·
384 1132 523 1167 Εὐξαίμην
549 1131 582 1158 ἂν
607 1131 647 1167 τῷ
664 1131 739 1167 θεῷ.
764 1133 811 1158 καὶ
834 1132 863 1158 ὲν

77 1177 169 1213 ὀλίγῳ,
187 1178 234 1204 καὶ
249 1179 278 1204 ὲν
295 1177 395 1213 πολλῷ,
413 1177 444 1204 οὐ
461 1177 542 1212 μόνον
558 1177 600 1209 σὲ,
615 1177 682 1204 ἀλλὰ
699 1177 745 1204 καὶ
760 1177 863 1209 πάντας

79 1224 138 1254 τοῦς
161 1223 311 1255 ἀκούοντάς
335 1232 387 1258 μου
410 1223 546 1258 σήμερον,
569 1222 697 1256 γενέσθαι
716 1223 863 1255 τοιούτους,

79 1271 168 1300 ὁποῖος
183 1269 263 1304 κάγώ
285 1269 362 1304 ειμι,
383 1269 521 1304 παρεκτὸς
544 1269 598 1295 τῶν
621 1269 728 1304 δεσμῶν
752 1269 864 1297 τούτων.

81 1315 131 1340 Καὶ
148 1314 236 1341 ταῦτα
258 1314 382 1345 εἰπόντος
401 1313 486 1340 αὑτοῦ
497 1333 505 1345 ,
524 1313 625 1347 ἀνέστη
642 1321 672 1339 τε
695 1314 709 1339 ὁ
724 1312 860 1347 βασιλεὺς,

81 1361 124 1386 καὶ
136 1361 150 1386 ὸ
173 1359 284 1395 ἡγεμὼν
295 1380 303 1393 ,
315 1360 333 1391 ἥ
355 1369 385 1386 τε
399 1359 527 1395 Βερνίκη,
551 1360 599 1386 καὶ
616 1361 640 1386 οι
659 1359 862 1394 συγκαθήμενοι

82 1406 170 1437 αὐτοῖς
187 1414 194 1421 '
219 1407 267 1433 καὶ
295 1406 524 1441 ἀναχωρήσαντες
551 1405 663 1431 ἐλάλουν
688 1406 756 1441 πρὸς
777 1405 862 1440 ἀλλή-

83 1450 139 1483 λους
147 1470 155 1482 ,
175 1451 301 1485 λέγοντες

376 1555 570 1582 EPMHNEIA.

115 1601 176 1631 ’ἕνα
202 1602 240 1639 μὴ
272 1601 334 1640 δόξῃ
365 1602 445 1634 αὺτδς
474 1601 636 1634 διδάσκαλος
660 1599 730 1628 εἶναι
756 1601 862 1633 τούτου,

88 1649 180 1683 ἐπάγει
211 1651 353 1685 προφήτας
373 1647 420 1677 καὶ
443 1648 489 1677 τὸν
504 1648 625 1679 Μωῦσὲα
640 1648 754 1684 λέγοντα
773 1656 780 1663 ·
808 1657 816 1673 ι
834 1647 864 1674 Et

87 1694 201 1730 πιθητδς
222 1696 236 1721 ό
253 1695 380 1730 Χριστὸς,
400 1696 424 1721 εί
446 1695 553 1730 πρῶτος
577 1695 606 1728 ἐξ
629 1694 805 1726 ἀναστάσεως
820 1701 864 1720 νε-

87 1741 166 1773 χρῶν,
180 1750 190 1766 ι
210 1740 258 1767 καὶ
276 1741 310 1768 τὰ
330 1741 405 1775 ἑξῆς.
427 1741 463 1768 Τὸ
482 1741 522 1773 δὲ,
546 1750 556 1766 ε
572 1741 611 1773 εἰ,
627 1750 637 1766 ι
654 1740 790 1773 ἐνταῦθα,
805 1741 867 1768 ἀντί

89 1785 139 1815 :76,
154 1785 287 1819 δτι,ὲστί.
299 1787 430 1821 Μωῡσῆς,
444 1787 536 1822 φησὶν,
552 1784 624 1819 εἷπε,
638 1786 679 1813 ὅτι
696 1795 705 1812 ι
719 1785 838 1821 παθητὸς
854 1794 863 1811 ι

88 1834 98 1858 ό
114 1833 228 1868 Χριστὸς
251 1832 380 1869 [πρῶτος
405 1833 434 1865 ΞΕ
459 1831 678 1869 ἀναστάσεωςη]
691 1832 798 1868 πρῶτος
812 1832 867 1866 γὰρ

89 1876 158 1910 οὗτος
173 1879 284 1914 ἀνέστη,
306 1881 354 1906 καὶ
366 1879 416 1906 οὐκ
433 1879 474 1906 ἔτι
491 1879 670 1915 ἀποθνήσκει.
689 1879 722 1906 Ol
735 1877 789 1913 γὰρ
803 1878 868 1904 ἀνα-

91 1924 197 1956 στάντες
213 1924 248 1950 δι’
271 1924 367 1957 αὐτοῦ,
383 1926 400 1960 ἢ
415 1925 459 1952 διὰ
477 1925 531 1952 τῶν
560 1925 701 1960 μαθητῶν,
716 1924 763 1950 καὶ
786 1924 809 1950 οἱ
823 1923 867 1950 διὰ

90 1970 137 1995 τῖιν
151 1969 309 2005 προφητῶν,
333 1970 415 1997 πάλιν
441 1969 587 2002 ἀπέθανον,
611 1970 664 2002 ἕως
678 1970 728 2004 τῆς
752 1969 867 1996 καθόλου

91 2015 257 2047 ἀναστάσεως
273 2007 410 2050 μένοντες.
435 2017 544 2052 Ἐπειδὴ
558 2017 603 2044 ἀεὶ
619 2018 687 2052 πρὸς
697 2016 743 2043 τὸν
755 2015 868 2051 βασιλέα

91 2060 229 2095 διελέγετο,
246 2061 340 2097 ὥσπερ
363 2062 450 2089 ἐπαθέ
464 2071 492 2089 τι
513 2063 528 2089 ό
542 2062 657 2097 Φῆστος,
674 2062 721 2088 καὶ
739 2062 801 2089 ίδὼν
819 2062 869 2097 τὴν

93 2108 252 2142 παῤῥησίαν,
271 2108 326 2135 ἀπὸ
350 2107 436 2144 θυμοῦ
457 2108 505 2135 καὶ
527 2108 612 2144 ὀργῆς
631 2117 698 2143 φησι
710 2117 717 2122 ·
736 2116 746 2133 ι
764 2107 869 2143 Μαίνῃ,

94 2153 188 2180 ΙΙιῦλε.
203 2163 212 2179 ι
237 2154 267 2181 ‘0
288 2154 318 2181 δὲ
339 2153 447 2185 Παῦλος
463 2154 512 2189 τὴν
528 2154 616 2180 αἰτίαν
634 2153 766 2185 διδάσκει,
781 2153 814 2179 δι’
837 2153 870 2188 ἣν

95 2199 155 2234 πρὸς
168 2199 213 2226 τὸν
235 2199 347 2236 βασιλέα
369 2200 417 2227 τὸν
438 2200 516 2234 λόγον
529 2200 696 2235 ἀπέστρεψε.
723 2198 803 2236 [Εἶτα
815 2200 870 2226 δει-

324 155 593 187 EXPOSlTlONIS
614 154 654 186 IN
668 155 760 186 ACTA
778 155 930 186 TEX’I‘US
945 155 1078 186 ALTER.
1094 167 1129 173 -
1148 155 1226 186 CAP.
1250 155 1351 185 XXVI.

313 1471 320 1483 ,
343 1452 383 1478 δτι
399 1451 483 1478 Οὐδὲν
497 1451 613 1477 θανάτου
629 1450 703 1483 ἄξιόν
722 1459 748 1477 τι
758 1471 765 1483 ,
781 1451 798 1486 ἢ
813 1450 922 1486 δεσμῶν
957 1451 1076 1486 πράσσει
1092 1450 1105 1476 ὸ
1119 1451 1263 1486 ἄνθρωπος
1296 1449 1383 1485 οὗτος.

83 1497 174 1532 θήστῳ
191 1497 244 1532 ἔφη
257 1506 263 1512 ·
293 1497 439 1524 ’Δπολελύσ
446 1498 490 1525 θαι
505 1496 621 1532 ήδύνατο
632 1498 647 1523 ὁ
661 1497 803 1531 ἄνθρωπος
818 1494 907 1530 οὗτος,
921 1497 944 1523 εί
962 1497 999 1533 μὴ
1012 1497 1178 1534 ὲπικέιιλητο
1188 1498 1325 1534 Καίσαρα.

1620 155 1687 187 1056

1221 212 1371 241 TESTUS.

941 259 1036 293 XXVI,
1046 260 1140 287 2i-52.
1154 259 1247 287 llacex
1259 267 1342 286 causa
1359 266 1402 286 me
1414 258 1510 291 Judazi,
1525 266 1585 286 cum
1600 268 1686 287 essem

906 305 933 332 in
945 305 1054 340 templo,
1069 304 1295 339 comprehensum
1308 304 1449 331 tentabant
1459 304 1621 331 interﬁcere.
1635 306 1690 331 Au.

906 352 971 379 xilio
983 355 1074 379 autem
1082 351 1190 386 adjutus
1202 350 1341 386 Deiusquc
1351 351 1376 377 in
1385 351 1625 378 hudiernumdieln
1635 355 1688 379 sto.

907 397 1058 425 testiﬁcans
1073 397 1174 424 minori
1191 401 1274 432 atque
1284 396 1393 431 majori,
1410 396 1477 423 nihil
1497 401 1574 424 extra
1595 396 1690 424 dicens

905 450 988 478 quam
1003 450 1035 470 ea
1049 450 1110 478 quae
1125 442 1262 478 propheta:
1278 442 1361 469 locuti
1376 447 1440 470 sunt
1456 442 1546 469 futura
1575 449 1646 473 esse,
1663 445 1690 469 et

907 487 1026 523 Moyses,
1045 487 1068 515 si
1087 487 1226 523 passibilis
1239 487 1377 519 Christus,
1393 487 1417 515 si
1432 488 1537 523 primus
1553 495 1585 515 ex
1600 495 1690 515 resur-

907 534 1029 562 rectione
1058 539 1241 565 mortuorum.
1286 534 1376 562 lumen
1407 534 1620 562 annuntiaturus
1649 539 1690 562 est

908 579 1006 615 popqu
1021 583 1047 606 et
1062 580 1199 615 gentibus.
1215 579 1277 606 llaec
1300 579 1427 615 loquente
1443 587 1475 607 eo
1512 584 1540 607 et
1555 580 1689 608 talionem

907 626 1045 658 reddente,
1055 626 1151 653 Festus
1166 633 1262 661 magna
1278 633 1342 654 voee
1357 626 1424 658 dixit
1437 635 1444 652 :
1457 625 1574 658 Insanis,
1589 625 1690 660 Paule;

909 673 1000 700 mnltu-
1011 677 1037 699 te
1052 673 1150 700 littera:
1167 672 1207 699 ad'
1227 672 1362 700 insaniam
1379 676 1555 700 convertunt.
1572 672 1605 699 Et
1622 672 1693 700 Pan-

908 718 952 746 lus
970 726 978 746 :
992 717 1050 746 Non
1067 719 1186 751 insanio,
1201 718 1300 752 inquit,
1316 721 1417 753 optime
1433 717 1523 751 Feste,
1539 718 1586 746 sed
1598 719 1693 746 verita-

909 764 944 791 tis
959 768 985 791 et
1003 763 1160 791 sobrietatis
1172 764 1254 791 verba
1288 763 1394 798 loquor.
1414 763 1473 791 Scit
1495 764 1568 791 enim
1586 764 1621 791 de
1650 764 1695 791 his

912 817 971 843 rex,
987 809 1020 836 ad
1039 816 1120 844 quem
1146 813 1173 837 et
1190 814 1350 837 constanter
1367 810 1484 845 loquor:
1517 811 1602 838 latere
1621 810 1693 838 enim

909 863 971 884 eum
987 856 1055 883 nihil
1071 856 1171 883 horum
1187 856 1318 884 arbitror.
1333 855 1426 891 Neque
1437 857 1509 884 enim
1537 857 1565 884 in
1595 857 1696 892 angulo

909 901 1062 937 quidquam
1076 902 1174 929 horum
1193 907 1298 937 gestum
1315 908 1367 931 est.
1379 903 1488 935 Credis,
1502 911 1549 930 rex
1565 904 1695 939 Agrippa.

911 948 1078 984 prophetis?
1105 947 1169 976 Scio
1197 949 1261 984 quia
1289 949 1390 976 credis.
1409 949 1527 984 Agrippa
1555 954 1646 978 autem
1662 951 1699 977 ad

910 992 1025 1020 Paulum
1042 1001 1049 1019 :
1063 992 1093 1020 In
1106 993 1215 1020 modico
1241 993 1338 1020 suades
1354 1001 1396 1020 me
1411 993 1597 1021 Christianum
1628 994 1696 1021 fieri.

911 1038 943 1064 Et
956 1037 1058 1065 Paulus
1073 1046 1080 1064 ε
1096 1037 1168 1072 Opto
1181 1037 1254 1072 apud
1280 1037 1377 1070 Deum,
1391 1042 1417 1065 et
1443 1039 1470 1066 in
1498 1039 1605 1066 modico
1620 1044 1646 1066 et
1670 1040 1696 1066 in

915 1091 1025 1118 magno,
1040 1091 1095 1110 non
1110 1087 1216 1111 tantum
1231 1087 1269 1116 te,
1284 1084 1332 1112 sed
1354 1085 1437 1111 etiam
1464 1093 1559 1113 omnes
1574 1086 1619 1120 qui
1647 1093 1697 1112 au-

915 1129 1005 1161 diunt,
1021 1129 1102 1156 hodie
1118 1129 1176 1156 lieri
1189 1129 1267 1161 tales,
1281 1130 1370 1164 qualis
1382 1135 1410 1157 et
1424 1138 1475 1165 ego
1491 1139 1563 1163 sinu,
1575 1131 1697 1166 exceptis

914 1175 1032 1202 vinculis
1046 1175 1100 1202 his.
1114 1174 1147 1202 Et
1164 1176 1320 1203 exsurrexit
1332 1183 1390 1207 rex,
1401 1181 1425 1203 et
1440 1184 1550 1211 przeses,
1562 1181 1589 1204 et
1605 1178 1699 1205 Berni-

912 1229 956 1253 ce,
982 1226 1009 1248 et
1038 1221 1086 1255 qui
1110 1221 1270 1249 assidebam
1287 1222 1338 1250 eis.
1370 1222 1477 1249 Etcum
1504 1223 1696 1255 recessissent,

914 1268 1095 1303 loquebantur
1127 1269 1160 1296 ad
1193 1270 1320 1304 invicem,
1356 1271 1487 1304 dicentes,
1526 1272 1589 1305 quia
1624 1272 1697 1298 Nihil

916 1319 1015 1346 morte,
1031 1319 1077 1341 aut
1093 1315 1211 1343 vinculis
1229 1316 1340 1350 dignum
1357 1316 1422 1350 quid
1446 1316 1510 1344 fecit
1535 1317 1616 1344 homo
1637 1318 1698 1344 iste.

919 1360 1037 1394 Agrippa
1064 1365 1153 1387 autem
1173 1360 1253 1388 Festo
1268 1361 1356 1389 dixit:
1370 1361 1472 1388 Dimitti
1497 1366 1603 1397 poterat
1619 1362 1700 1389 homo

917 1405 973 1438 hic,
986 1405 1009 1432 si
1024 1412 1078 1432 non
1094 1405 1258 1440 appellasset
1268 1405 1414 1434 Caesarem.

1422 1453 1576 1489 ’Δγρίππας
1605 1453 1634 1480 δὲ
1661 1452 1700 1488 τῷ

1173 1556 1456 1584 COMMENTARIUS.

955 1602 994 1630 Ne
1010 1602 1225 1630 Paulns‘auctor
1239 1603 1378 1630 videretur
1389 1603 1524 1631 doctrinae
1537 1611 1617 1638 quam
1632 1612 1702 1639 prm-

918 1648 1041 1681 dicabat,
1053 1649 1166 1676 adducit
1176 1649 1203 1676 in
1214 1649 1401 1676 testimonium
1415 1649 1562 1684 prophetas
1571 1655 1597 1677 et
1609 1650 1701 1678 Mosen

918 1693 1054 1721 dicentem
1073 1702 1080 1720 :
1101 1702 1110 1718 ι
1131 1693 1161 1720 Si
1180 1693 1318 1728 passibilis
1345 1693 1483 1725 Christus,
1497 1695 1518 1721 si
1533 1694 1638 1729 primus
1668 1702 1700 1722 ex

920 1739 1121 1768 resurrectiOne
1150 1744 1362 1772 mortuorum,”
1393 1745 1445 1767 etc.
1469 1739 1518 1766 Ubi
1545 1740 1636 1768 illudt
1651 1741 1673 1768 si
1690 1750 1700 1766 ι

918 1790 961 1813 est
982 1794 1031 1821 pro
1056 1786 1137 1821 quod,
1163 1785 1205 1812 vcl
1232 1786 1368 1819 quoniam.
1398 1785 1497 1819 Moses,
1509 1786 1607 1822 inquit,
1623 1787 1702 1819 dixit,

921 1832 993 1868 quod
1010 1841 1020 1858 ι
1038 1831 1166 1859 Christus
1180 1831 1320 1866 passibilis
1337 1841 1346 1858 ι
1363 1836 1448 1864 esset,
1478 1839 1510 1860 ac
1530 1842 1539 1858 ι
1557 1833 1661 1868 primus
1672 1841 1703 1860 ex

922 1878 1138 1906 resurrectione.
1158 1887 1166 1903 ι
1186 1876 1255 1904 Nam
1281 1877 1386 1912 primus
1419 1877 1464 1904 ille
1489 1879 1652 1910 resurrexit,
1678 1883 1706 1906 et

924 1933 932 1949 ι
945 1923 1000 1958 jam
1018 1930 1071 1950 non
1093 1922 1210 1958 amplius
1233 1923 1381 1950 moritur.»
1396 1922 1424 1950 Si
1436 1923 1508 1950 enim
1525 1923 1572 1958 qui
1584 1925 1617 1950 ab
1633 1924 1704 1959 ipso,

921 1968 1002 2004 309
1025 1969 1067 1996 vel
1081 1969 1116 1996 ab
1143 1969 1203 2004 ejus
1216 1968 1367 2004 discipulis,
1380 1969 1420 1996 vel
1435 1977 1450 1996 .1
1463 1970 1602 2005 prophetis
1622 1978 1704 1998 exSu-

922 2015 1013 2042 scitati
1030 2018 1104 2047 sunt,
1122 2014 1218 2042 iterum
1235 2015 1333 2042 mortui
1346 2018 1410 2042 sunt
1423 2036 1431 2048 ,
1447 2016 1600 2050 mortuique
1613 2025 1706 2043 tuane-

922 2061 991 2088 bunt
1006 2068 1094 2096 usque
1109 2060 1142 2088 ad
1156 2060 1340 2088 universalem
1367 2062 1609 2090 resurrectionem.
1636 2061 1708 2096 Quo-

925 2107 999 2134 niam
1016 2114 1081 2133 vero
1093 2106 1195 2134 Paulus
1209 2114 1317 2142 semper
1333 2106 1367 2134 ad
1396 2115 1486 2143 regem
1500 2108 1580 2135 verba
1605 2109 1707 2143 dirige-

925 2153 982 2185 bat,
1001 2152 1099 2180 Festus
1109 2153 1193 2180 veluti
1208 2160 1268 2180 sese
1283 2153 1414 2181 oﬂcnsum
1424 2154 1527 2189 putavit
1543 2155 1708 2190 ;vidcnsquc

924 2199 986 2233 ejus
1012 2198 1167 2226 libertatem
1199 2197 1350 2232 loquendi,
1379 2199 1419 2226 ira
1460 2203 1486 2226 et
1523 2199 1709 2235 indignatione

93 2246 163 2282 χνὺςι
180 2247 221 2273 δτι
261 2246 401 2282 πανταχοῦ
423 2246 474 2283 τῆς
490 2247 653 2282 οἰκουμένης
679 2246 758 2274 τοῦτο
774 2247 856 2281 γέγον

948 2243 1045 2270 ercitus
1063 2251 1069 2269 :
1085 2252 1095 2268 ι
1112 2241 1229 2276 Insanis,
1244 2243 1342 2278 inquit,
1360 2244 1452 2271 Paule.
1470 2253 1480 2270 ι
1502 2244 1602 2272 Paulus
1619 2250 1708 2272 autem

93 2293 117 2323 τὸ
131 2292 229 2327 δόγμα,
247 2292 387 2328 ἐπήγαγεν
400 2301 407 2308 ·
426 2291 450 2328 [ι
470 2293 508 2320 Οὐ
519 2293 573 2328 γὰρ
586 2293 615 2319 ὲν
635 2293 721 2328 γωνῖᾳ
744 2301 871 2328 πεπραγ-

96 2338 168 2372 μένον
182 2338 259 2364 τοῦτο
271 2346 279 2354 ο
296 2347 305 2364 ι
322 2338 330 2374 ]
351 2339 476 2366 τουτέστι
489 2338 519 2365 τὸ
534 2338 599 2373 περὶ
613 2338 660 2364 τοῦ
684 2337 802 2372 σταυροῦ
824 2338 872 2364 καὶ

94 2383 136 2418 τῆς
160 2384 333 2415 ἀναστάσεως
360 2384 406 2411 τοῦ
430 2379 546 2419 Χρίστοῦ
571 2384 666 2417 λέγων.
687 2383 710 2418 [ι
732 2383 872 2418 [laps-ub;

95 2428 141 2456 τῶν
171 2429 279 2464 δεσμῶν
308 2430 421 2456 τούτων.
439 2440 449 2455 ι
469 2429 551 2466 ῙΟὑκ
585 2429 771 2464 ἀπευχόμενος
809 2429 873 2456 ἐαυ-

95 2475 126 2510 τῷ
153 2476 188 2502 τὰ
211 2476 317 2509 δεσμὰ,
339 2476 400 2502 οὐδὲ
432 2475 627 2513 αἰσλυνὸμενος
641 2496 648 2506 ,
675 2474 754 2501 τοῦτο
780 2475 874 2509 ἔλεγεν

97 2522 178 2555 (τοῦτο
190 2522 244 2557 γὶρ
254 2519 288 2557 ἧν
306 2522 392 2557 αὐτῷ,
413 2523 493 2557 εἴπερ
503 2521 568 2549 ἄλλο
589 2530 627 2553 τι,
640 2521 716 2553 ἀξιον
729 2520 809 2555 δόξης
828 2522 876 2548 καὶ

98 2566 247 2602 καύχημα)’
268 2567 337 2594 ἀλλὰ
365 2567 434 2602 πρὸς
457 2567 508 2603 τὴν
539 2567 652 2593 ἐκείνων
674 2565 808 2602 ὑπόληψιν
825 2566 878 2599 ἀφ-

99 2613 160 2648 ορῶν
175 2633 183 2645 ,
201 2613 247 2639 καὶ
258 2614 291 2649 τῇ
305 2613 416 2640 ἐκείνων
424 2613 549 2649 ἀσθενείᾳ
561 2612 797 2647 συγκαταὸαίνων,
813 2620 822 2637 ι
832 2611 880 2638 Γέ-

100 2659 162 2685 νοιτό
186 2667 250 2694 μοι,
276 2659 358 2694 φησὶ,
383 2660 485 2691 πάντας
508 2658 645 2689 τοιούτους
674 2657 800 2692 γενέσθαι
822 2655 878 2690 οἷος

100 2702 145 2735 ἐγώ
156 2704 222 2738 εἰμι,
237 2703 372 2738 παρεκτὸς
387 2703 442 2730 τῶν
453 2703 559 2738 δεσμῶν
575 2703 687 2730 τούτων.
705 2711 715 2728 ι

922 2296 1035 2316 causam
1059 2288 1172 2323 profert,
1200 2289 1236 2317 ob
1260 2297 1341 2324 quam
1363 2290 1397 2317 ad
1435 2298 1527 2326 regem
1554 2299 1708 2319 sermonem

924 2338 1108 2363 converterat.
1125 2334 1239 2368 Deinde,
1252 2339 1281 2362 ut
1296 2335 1452 2363 ostrndcrct
1467 2343 1514 2371 per
1525 2341 1609 2363 totum
1622 2341 1709 2363 terra-

924 2379 984 2407 rum
1009 2380 1104 2408 Orbem
1134 2380 1274 2415 vulgatum
1299 2387 1359 2407 esse
1373 2380 1469 2416 dogma
1495 2381 1578 2414 istud,
1594 2382 1708 2409 subdit:

928 2435 937 2451 ι
956 2425 1048 2461 Neque
1062 2426 1134 2453 enim
1151 2427 1178 2453 in
1193 2426 1292 2462 angulo
1317 2426 1466 2462 quidquam
1483 2426 1581 2454 horum
1602 2432 1707 2462 gestum

927 2476 984 2499 est:
1002 2484 1012 2498 ι
1026 2472 1148 2507 loquitur
1164 2472 1268 2500 scilicet
1289 2473 1322 2499 de
1342 2478 1430 2500 morte
1454 2477 1482 2501 et
1509 2474 1710 2502 resurrectione

929 2518 1032 2546 Christi
1060 2518 1178 2546 Domini.
1207 2527 1217 2544 ι
1238 2519 1364 2553 Exceptis
1396 2519 1515 2548 vinculis
1543 2520 1595 2548 his.
1627 2519 1709 2548 »Νοιι

928 2563 999 2598 quod
1012 2563 1119 2590 vincula
1143 2567 1190 2590 aut
1217 2563 1377 2592 abhorreret
1391 2566 1635 2597 auterubesceret,
1660 2565 1712 2594 hoc

929 2609 995 2636 dicit
1019 2608 1175 2644 (siquidem
1189 2609 1234 2636 illa
1262 2610 1316 2644 pati
1337 2610 1422 2646 gloria
1439 2615 1465 2638 et
1478 2611 1671 2644 exsultatione,
1688 2612 1712 2640 si

929 2655 1079 2690 quidquam
1106 2655 1191 2687 aliud,
1215 2655 1328 2691 dignum
1344 2656 1569 2694 existimabat);
1603 2657 1651 2686 scd
1675 2658 1710 2685 ad

927 2701 1036 2728 illorum
1051 2704 1168 2728 mentem
1184 2701 1361 2738 animumque
1378 2703 1537 2738 respiciens,
1549 2707 1577 2731 et
1591 2704 1712 2739 ipsorum

101 2750 268 2778 imbecillitati
302 2758 362 2779 sese
390 2750 602 2778 accommodans
617 2759 623 2778 :
646 2759 656 2776 ι
674 2748 756 2785 οριο,
773 2749 872 2790 inquit,
888 2754 984 2776 omnes
996 2746 1056 2774 ﬁeri
1073 2747 1157 2780 tales,
1182 2749 1271 2784 qualis
1294 2754 1321 2777 et
1342 2757 1392 2785 ego
1401 2757 1478 2784 sum,
1490 2752 1611 2786 exceptis
1619 2751 1715 2780 vincu-

102 2797 128 2824 lis
139 2798 189 2824 lus.
209 2806 219 2823 ι

128 2855 147 2873 ⁸³
162 2856 239 2885 Rom.
251 2864 289 2886 vt.
301 2857 330 2885 ο..
