  <div class='ocr_page' id='page_1' title='image "/cluster/home/n/w/nwhite01/storage/ocr_20150623/125/njp.32101010942736/811.png"; bbox 0 0 1864 3063; ppageno 0'>
   <div class='ocr_carea' id='block_1_1' title="bbox 171 154 239 189">
    <p class='ocr_par' dir='ltr' id='par_1_1' title="bbox 171 154 239 189">
     <span class='ocr_line' id='line_1_1' title="bbox 171 154 239 189; baseline 0 -2"><span class='ocrx_word' id='word_1_1' title='bbox 171 154 239 189; x_wconf 83' lang='grc'><strong>1051</strong></span> 
     </span>
    </p>
   </div>
   <div class='ocr_carea' id='block_1_2' title="bbox 613 153 1322 185">
    <p class='ocr_par' dir='ltr' id='par_1_2' title="bbox 613 153 1322 185">
     <span class='ocr_line' id='line_1_2' title="bbox 613 153 1322 185; baseline 0 -1"><span class='ocrx_word' id='word_1_2' title='bbox 613 154 903 185; x_wconf 79' lang='lat' dir='ltr'><strong>THEOPHYLACTI</strong></span> <span class='ocrx_word' id='word_1_3' title='bbox 924 154 972 183; x_wconf 83' lang='lat' dir='ltr'><strong>BU</strong></span> <span class='ocrx_word' id='word_1_4' title='bbox 978 153 1129 183; x_wconf 61' lang='lat' dir='ltr'><strong>LGARIA‘.‘</strong></span> <span class='ocrx_word' id='word_1_5' title='bbox 1145 154 1260 183; x_wconf 81' lang='lat' dir='ltr'><strong>ARCHI</strong></span> <span class='ocrx_word' id='word_1_6' title='bbox 1265 154 1322 184; x_wconf 83' lang='grc' dir='ltr'><strong>ΕΡ.</strong></span> 
     </span>
    </p>
   </div>
   <div class='ocr_carea' id='block_1_3' title="bbox 1722 152 1792 183">
    <p class='ocr_par' dir='ltr' id='par_1_3' title="bbox 1722 152 1792 183">
     <span class='ocr_line' id='line_1_3' title="bbox 1722 152 1792 183; baseline -0.014 0"><span class='ocrx_word' id='word_1_7' title='bbox 1722 152 1792 183; x_wconf 74' lang='lat'><strong>1052</strong></span> 
     </span>
    </p>
   </div>
   <div class='ocr_carea' id='block_1_4' title="bbox 166 205 1016 249">
    <p class='ocr_par' dir='ltr' id='par_1_4' title="bbox 166 210 1016 249">
     <span class='ocr_line' id='line_1_4' title="bbox 166 210 1016 249; baseline -0.004 -8"><span class='ocrx_word' id='word_1_8' title='bbox 166 217 227 241; x_wconf 76' lang='lat' dir='ltr'><strong>sten</strong></span> <span class='ocrx_word' id='word_1_9' title='bbox 243 218 366 249; x_wconf 84' lang='lat' dir='ltr'><strong>tempore</strong></span> <span class='ocrx_word' id='word_1_10' title='bbox 379 211 478 241; x_wconf 80' lang='lat' dir='ltr'><strong>exinde</strong></span> <span class='ocrx_word' id='word_1_11' title='bbox 494 210 590 244; x_wconf 75' lang='lat' dir='ltr'><strong>exivit,</strong></span> <span class='ocrx_word' id='word_1_12' title='bbox 618 216 647 238; x_wconf 89' lang='lat' dir='ltr'><strong>ut</strong></span> <span class='ocrx_word' id='word_1_13' title='bbox 674 211 730 246; x_wconf 80' lang='lat' dir='ltr'><strong>jam</strong></span> <span class='ocrx_word' id='word_1_14' title='bbox 754 212 838 239; x_wconf 90' lang='lat' dir='ltr'><strong>ferme</strong></span> <span class='ocrx_word' id='word_1_15' title='bbox 866 211 954 238; x_wconf 82' lang='lat' dir='ltr'><strong>hiems</strong></span> <span class='ocrx_word' id='word_1_16' title='bbox 967 213 991 242; x_wconf 89' lang='grc' dir='ltr'><strong>Λ</strong></span> <span class='ocrx_word' id='word_1_17' title='bbox 1005 219 1016 244; x_wconf 62' lang='grc' dir='ltr'><strong>γ</strong></span> 
     </span>
    </p>
   </div>
   <div class='ocr_carea' id='block_1_5' title="bbox 1048 205 1798 249">
    <p class='ocr_par' dir='ltr' id='par_1_5' title="bbox 1048 205 1798 244">
     <span class='ocr_line' id='line_1_5' title="bbox 1048 205 1798 244; baseline -0.001 -9"><span class='ocrx_word' id='word_1_18' title='bbox 1048 209 1111 241; x_wconf 75' lang='lat' dir='ltr'><strong>Svov,</strong></span> <span class='ocrx_word' id='word_1_19' title='bbox 1130 205 1168 241; x_wconf 77' lang='grc' dir='ltr'>ὡς</span> <span class='ocrx_word' id='word_1_20' title='bbox 1183 211 1212 236; x_wconf 78' lang='grc' dir='ltr'>ἐν</span> <span class='ocrx_word' id='word_1_21' title='bbox 1240 210 1315 244; x_wconf 83' lang='grc' dir='ltr'><strong>αὑτῷ</strong></span> <span class='ocrx_word' id='word_1_22' title='bbox 1334 209 1426 244; x_wconf 73' lang='grc' dir='ltr'>σχεδὸν</span> <span class='ocrx_word' id='word_1_23' title='bbox 1441 209 1480 244; x_wconf 83' lang='grc' dir='ltr'><strong>τῷ</strong></span> <span class='ocrx_word' id='word_1_24' title='bbox 1505 209 1619 244; x_wconf 81' lang='grc' dir='ltr'>χειμῶνι</span> <span class='ocrx_word' id='word_1_25' title='bbox 1645 210 1798 243; x_wconf 78' lang='grc' dir='ltr'>παραγενέ-</span> 
     </span>
    </p>
   </div>
   <div class='ocr_carea' id='block_1_6' title="bbox 166 256 952 294">
    <p class='ocr_par' dir='ltr' id='par_1_6' title="bbox 166 256 952 294">
     <span class='ocr_line' id='line_1_6' title="bbox 166 256 952 294; baseline -0.006 -7"><span class='ocrx_word' id='word_1_26' title='bbox 166 263 250 293; x_wconf 85' lang='lat' dir='ltr'><strong>esset,</strong></span> <span class='ocrx_word' id='word_1_27' title='bbox 268 266 331 286; x_wconf 81' lang='lat' dir='ltr'><strong>cum</strong></span> <span class='ocrx_word' id='word_1_28' title='bbox 345 259 371 286; x_wconf 82' lang='lat' dir='ltr'><strong>in</strong></span> <span class='ocrx_word' id='word_1_29' title='bbox 383 262 477 294; x_wconf 77' lang='lat' dir='ltr'><strong>partes</strong></span> <span class='ocrx_word' id='word_1_30' title='bbox 489 257 576 285; x_wconf 72' lang='lat' dir='ltr'><strong>Cretae</strong></span> <span class='ocrx_word' id='word_1_31' title='bbox 592 257 757 291; x_wconf 85' lang='lat' dir='ltr'><strong>perveniret.</strong></span> <span class='ocrx_word' id='word_1_32' title='bbox 771 256 872 284; x_wconf 79' lang='lat' dir='ltr'><strong>Iterum</strong></span> <span class='ocrx_word' id='word_1_33' title='bbox 887 263 952 284; x_wconf 86' lang='lat' dir='ltr'><strong>vero</strong></span> 
     </span>
    </p>
   </div>
   <div class='ocr_carea' id='block_1_7' title="bbox 167 302 951 340">
    <p class='ocr_par' dir='ltr' id='par_1_7' title="bbox 167 302 951 340">
     <span class='ocr_line' id='line_1_7' title="bbox 167 302 951 340; baseline -0.006 -7"><span class='ocrx_word' id='word_1_34' title='bbox 167 313 242 333; x_wconf 91' lang='lat' dir='ltr'><strong>nunc</strong></span> <span class='ocrx_word' id='word_1_35' title='bbox 267 305 409 340; x_wconf 87' lang='lat' dir='ltr'><strong>prophetat</strong></span> <span class='ocrx_word' id='word_1_36' title='bbox 426 303 525 331; x_wconf 83' lang='lat' dir='ltr'><strong>Paulus</strong></span> <span class='ocrx_word' id='word_1_37' title='bbox 553 310 601 331; x_wconf 88' lang='lat' dir='ltr'><strong>eos</strong></span> <span class='ocrx_word' id='word_1_38' title='bbox 617 302 790 337; x_wconf 75' lang='lat' dir='ltr'><strong>naufragium</strong></span> <span class='ocrx_word' id='word_1_39' title='bbox 821 302 951 329; x_wconf 84' lang='lat' dir='ltr'><strong>facturos.</strong></span> 
     </span>
    </p>
   </div>
   <div class='ocr_carea' id='block_1_8' title="bbox 168 347 954 385">
    <p class='ocr_par' dir='ltr' id='par_1_8' title="bbox 168 347 954 385">
     <span class='ocr_line' id='line_1_8' title="bbox 168 347 954 385; baseline -0.004 -8"><span class='ocrx_word' id='word_1_40' title='bbox 168 350 202 377; x_wconf 87' lang='lat' dir='ltr'><strong>Et</strong></span> <span class='ocrx_word' id='word_1_41' title='bbox 220 350 283 378; x_wconf 87' lang='lat' dir='ltr'><strong>licet</strong></span> <span class='ocrx_word' id='word_1_42' title='bbox 301 355 394 385; x_wconf 87' lang='lat' dir='ltr'><strong>postea</strong></span> <span class='ocrx_word' id='word_1_43' title='bbox 409 349 491 384; x_wconf 73' lang='lat'><strong>312</strong></span> <span class='ocrx_word' id='word_1_44' title='bbox 509 348 642 383; x_wconf 82' lang='lat' dir='ltr'><strong>ejusmodi</strong></span> <span class='ocrx_word' id='word_1_45' title='bbox 661 347 833 383; x_wconf 71' lang='lat' dir='ltr'><strong>naufragium</strong></span> <span class='ocrx_word' id='word_1_46' title='bbox 850 347 954 381; x_wconf 81' lang='lat' dir='ltr'><strong>absque</strong></span> 
     </span>
    </p>
   </div>
   <div class='ocr_carea' id='block_1_9' title="bbox 169 393 952 430">
    <p class='ocr_par' dir='ltr' id='par_1_9' title="bbox 169 393 952 430">
     <span class='ocr_line' id='line_1_9' title="bbox 169 393 952 430; baseline -0.004 -8"><span class='ocrx_word' id='word_1_47' title='bbox 169 396 253 424; x_wconf 78' lang='lat' dir='ltr'><strong>ullius</strong></span> <span class='ocrx_word' id='word_1_48' title='bbox 269 399 366 428; x_wconf 83' lang='lat' dir='ltr'><strong>morte,</strong></span> <span class='ocrx_word' id='word_1_49' title='bbox 385 399 414 422; x_wconf 89' lang='lat' dir='ltr'><strong>ut</strong></span> <span class='ocrx_word' id='word_1_50' title='bbox 430 395 489 430; x_wconf 88' lang='lat' dir='ltr'><strong>ipse</strong></span> <span class='ocrx_word' id='word_1_51' title='bbox 511 394 612 422; x_wconf 82' lang='lat' dir='ltr'><strong>Paulus</strong></span> <span class='ocrx_word' id='word_1_52' title='bbox 628 393 764 429; x_wconf 63' lang='lat' dir='ltr'><strong>praedixit,</strong></span> <span class='ocrx_word' id='word_1_53' title='bbox 785 393 929 428; x_wconf 84' lang='lat' dir='ltr'><strong>contigerit</strong></span> <span class='ocrx_word' id='word_1_54' title='bbox 945 400 952 424; x_wconf 92' lang='lat'>;</span> 
     </span>
    </p>
   </div>
   <div class='ocr_carea' id='block_1_10' title="bbox 168 440 952 476">
    <p class='ocr_par' dir='ltr' id='par_1_10' title="bbox 168 440 952 476">
     <span class='ocr_line' id='line_1_10' title="bbox 168 440 952 476; baseline -0.004 -8"><span class='ocrx_word' id='word_1_55' title='bbox 168 446 288 469; x_wconf 93' lang='lat' dir='ltr'><strong>attamen</strong></span> <span class='ocrx_word' id='word_1_56' title='bbox 314 441 394 476; x_wconf 81' lang='lat' dir='ltr'><strong>juxta</strong></span> <span class='ocrx_word' id='word_1_57' title='bbox 410 446 517 468; x_wconf 61' lang='lat' dir='ltr'><strong>naturae</strong></span> <span class='ocrx_word' id='word_1_58' title='bbox 543 447 656 468; x_wconf 79' lang='lat' dir='ltr'><strong>cursum</strong></span> <span class='ocrx_word' id='word_1_59' title='bbox 681 440 827 475; x_wconf 86' lang='lat' dir='ltr'><strong>periissem</strong></span> <span class='ocrx_word' id='word_1_60' title='bbox 845 445 952 470; x_wconf 86' lang='lat' dir='ltr'><strong>omnes,</strong></span> 
     </span>
    </p>
   </div>
   <div class='ocr_carea' id='block_1_11' title="bbox 167 485 954 521">
    <p class='ocr_par' dir='ltr' id='par_1_11' title="bbox 167 485 954 521">
     <span class='ocr_line' id='line_1_11' title="bbox 167 485 954 521; baseline -0.003 -8"><span class='ocrx_word' id='word_1_61' title='bbox 167 487 219 514; x_wconf 84' lang='lat' dir='ltr'><strong>nisi</strong></span> <span class='ocrx_word' id='word_1_62' title='bbox 231 487 302 515; x_wconf 85' lang='lat' dir='ltr'><strong>Dens</strong></span> <span class='ocrx_word' id='word_1_63' title='bbox 319 491 345 514; x_wconf 91' lang='lat' dir='ltr'><strong>et</strong></span> <span class='ocrx_word' id='word_1_64' title='bbox 358 487 433 514; x_wconf 91' lang='lat' dir='ltr'><strong>illum</strong></span> <span class='ocrx_word' id='word_1_65' title='bbox 447 486 566 518; x_wconf 87' lang='lat' dir='ltr'><strong>salvum,</strong></span> <span class='ocrx_word' id='word_1_66' title='bbox 581 490 608 514; x_wconf 90' lang='lat' dir='ltr'><strong>et</strong></span> <span class='ocrx_word' id='word_1_67' title='bbox 622 493 671 521; x_wconf 88' lang='lat' dir='ltr'><strong>per</strong></span> <span class='ocrx_word' id='word_1_68' title='bbox 682 492 743 512; x_wconf 89' lang='lat' dir='ltr'><strong>eum</strong></span> <span class='ocrx_word' id='word_1_69' title='bbox 762 491 859 512; x_wconf 88' lang='lat' dir='ltr'><strong>omnes</strong></span> <span class='ocrx_word' id='word_1_70' title='bbox 875 485 954 512; x_wconf 90' lang='lat' dir='ltr'><strong>inco-</strong></span> 
     </span>
    </p>
   </div>
   <div class='ocr_carea' id='block_1_12' title="bbox 168 530 953 563">
    <p class='ocr_par' dir='ltr' id='par_1_12' title="bbox 168 530 953 563">
     <span class='ocr_line' id='line_1_12' title="bbox 168 530 953 563; baseline -0.003 -4"><span class='ocrx_word' id='word_1_71' title='bbox 168 533 254 560; x_wconf 87' lang='lat' dir='ltr'><strong>lumes</strong></span> <span class='ocrx_word' id='word_1_72' title='bbox 291 540 355 561; x_wconf 78' lang='lat' dir='ltr'><strong>esse</strong></span> <span class='ocrx_word' id='word_1_73' title='bbox 381 532 524 560; x_wconf 87' lang='lat' dir='ltr'><strong>voluisset.</strong></span> <span class='ocrx_word' id='word_1_74' title='bbox 551 531 682 560; x_wconf 81' lang='lat' dir='ltr'><strong>Centurio</strong></span> <span class='ocrx_word' id='word_1_75' title='bbox 717 537 773 558; x_wconf 90' lang='lat' dir='ltr'><strong>non</strong></span> <span class='ocrx_word' id='word_1_76' title='bbox 816 530 953 563; x_wconf 75' lang='lat' dir='ltr'><strong>credebat,</strong></span> 
     </span>
    </p>
   </div>
   <div class='ocr_carea' id='block_1_13' title="bbox 167 575 953 613">
    <p class='ocr_par' dir='ltr' id='par_1_13' title="bbox 167 575 953 613">
     <span class='ocr_line' id='line_1_13' title="bbox 167 575 953 613; baseline -0.005 -7"><span class='ocrx_word' id='word_1_77' title='bbox 167 586 228 613; x_wconf 70' lang='lat' dir='ltr'><strong>qua:</strong></span> <span class='ocrx_word' id='word_1_78' title='bbox 251 587 266 605; x_wconf 90' lang='lat' dir='ltr'><strong>a</strong></span> <span class='ocrx_word' id='word_1_79' title='bbox 291 578 376 606; x_wconf 78' lang='lat' dir='ltr'><strong>Paulo</strong></span> <span class='ocrx_word' id='word_1_80' title='bbox 402 577 574 610; x_wconf 85' lang='lat' dir='ltr'><strong>dicebantur,</strong></span> <span class='ocrx_word' id='word_1_81' title='bbox 597 581 627 604; x_wconf 94' lang='lat' dir='ltr'><strong>ut</strong></span> <span class='ocrx_word' id='word_1_82' title='bbox 652 577 698 611; x_wconf 86' lang='lat' dir='ltr'><strong>qni</strong></span> <span class='ocrx_word' id='word_1_83' title='bbox 714 575 801 610; x_wconf 83' lang='lat' dir='ltr'><strong>magis</strong></span> <span class='ocrx_word' id='word_1_84' title='bbox 817 575 953 603; x_wconf 80' lang='lat' dir='ltr'><strong>ﬁdendum</strong></span> 
     </span>
    </p>
   </div>
   <div class='ocr_carea' id='block_1_14' title="bbox 167 620 955 658">
    <p class='ocr_par' dir='ltr' id='par_1_14' title="bbox 167 620 955 658">
     <span class='ocr_line' id='line_1_14' title="bbox 167 620 955 658; baseline -0.005 -8"><span class='ocrx_word' id='word_1_85' title='bbox 167 624 281 658; x_wconf 87' lang='lat' dir='ltr'><strong>putabat</strong></span> <span class='ocrx_word' id='word_1_86' title='bbox 305 624 340 651; x_wconf 85' lang='lat' dir='ltr'><strong>iis</strong></span> <span class='ocrx_word' id='word_1_87' title='bbox 366 623 411 658; x_wconf 90' lang='lat' dir='ltr'><strong>qui</strong></span> <span class='ocrx_word' id='word_1_88' title='bbox 432 622 577 658; x_wconf 75' lang='lat' dir='ltr'><strong>navigandi</strong></span> <span class='ocrx_word' id='word_1_89' title='bbox 601 621 681 657; x_wconf 89' lang='lat' dir='ltr'><strong>periti</strong></span> <span class='ocrx_word' id='word_1_90' title='bbox 702 625 780 649; x_wconf 86' lang='lat' dir='ltr'><strong>erant</strong></span> <span class='ocrx_word' id='word_1_91' title='bbox 801 628 882 655; x_wconf 87' lang='lat' dir='ltr'><strong>quam</strong></span> <span class='ocrx_word' id='word_1_92' title='bbox 907 620 955 647; x_wconf 77' lang='lat' dir='ltr'><strong>lto-</strong></span> 
     </span>
    </p>
   </div>
   <div class='ocr_carea' id='block_1_15' title="bbox 167 665 953 703">
    <p class='ocr_par' dir='ltr' id='par_1_15' title="bbox 167 665 953 703">
     <span class='ocr_line' id='line_1_15' title="bbox 167 665 953 703; baseline -0.005 -8"><span class='ocrx_word' id='word_1_93' title='bbox 167 668 235 696; x_wconf 79' lang='lat' dir='ltr'><strong>niini</strong></span> <span class='ocrx_word' id='word_1_94' title='bbox 251 669 377 696; x_wconf 89' lang='lat' dir='ltr'><strong>nautiees</strong></span> <span class='ocrx_word' id='word_1_95' title='bbox 389 668 531 703; x_wconf 72' lang='lat' dir='ltr'><strong>inexperto</strong></span> <span class='ocrx_word' id='word_1_96' title='bbox 546 675 553 700; x_wconf 92' lang='lat'><strong>;</strong></span> <span class='ocrx_word' id='word_1_97' title='bbox 570 671 597 695; x_wconf 91' lang='lat' dir='ltr'><strong>et</strong></span> <span class='ocrx_word' id='word_1_98' title='bbox 610 674 642 694; x_wconf 82' lang='lat' dir='ltr'><strong>ex</strong></span> <span class='ocrx_word' id='word_1_99' title='bbox 660 667 711 694; x_wconf 87' lang='lat' dir='ltr'><strong>hoc</strong></span> <span class='ocrx_word' id='word_1_100' title='bbox 728 665 858 699; x_wconf 82' lang='lat' dir='ltr'><strong>ostendit,</strong></span> <span class='ocrx_word' id='word_1_101' title='bbox 875 673 953 692; x_wconf 84' lang='lat' dir='ltr'><strong>uten-</strong></span> 
     </span>
    </p>
   </div>
   <div class='ocr_carea' id='block_1_16' title="bbox 169 711 954 748">
    <p class='ocr_par' dir='ltr' id='par_1_16' title="bbox 169 711 954 748">
     <span class='ocr_line' id='line_1_16' title="bbox 169 711 954 748; baseline -0.004 -8"><span class='ocrx_word' id='word_1_102' title='bbox 169 713 205 741; x_wconf 83' lang='lat' dir='ltr'><strong>tis</strong></span> <span class='ocrx_word' id='word_1_103' title='bbox 233 721 356 742; x_wconf 87' lang='lat' dir='ltr'><strong>errorem</strong></span> <span class='ocrx_word' id='word_1_104' title='bbox 390 713 476 742; x_wconf 89' lang='lat' dir='ltr'><strong>fuisse</strong></span> <span class='ocrx_word' id='word_1_105' title='bbox 503 714 595 748; x_wconf 88' lang='lat' dir='ltr'><strong>potius</strong></span> <span class='ocrx_word' id='word_1_106' title='bbox 615 720 697 748; x_wconf 86' lang='lat' dir='ltr'><strong>quam</strong></span> <span class='ocrx_word' id='word_1_107' title='bbox 721 711 849 739; x_wconf 85' lang='lat' dir='ltr'><strong>fortunae.</strong></span> <span class='ocrx_word' id='word_1_108' title='bbox 876 711 954 744; x_wconf 83' lang='lat' dir='ltr'><strong>Quod</strong></span> 
     </span>
    </p>
   </div>
   <div class='ocr_carea' id='block_1_17' title="bbox 165 757 954 794">
    <p class='ocr_par' dir='ltr' id='par_1_17' title="bbox 165 757 954 794">
     <span class='ocr_line' id='line_1_17' title="bbox 165 757 954 794; baseline -0.003 -8"><span class='ocrx_word' id='word_1_109' title='bbox 165 759 240 787; x_wconf 71' lang='lat' dir='ltr'><strong>enim</strong></span> <span class='ocrx_word' id='word_1_110' title='bbox 263 760 387 787; x_wconf 76' lang='lat' dir='ltr'><strong>naturale</strong></span> <span class='ocrx_word' id='word_1_111' title='bbox 411 759 448 787; x_wconf 85' lang='lat' dir='ltr'><strong>sit</strong></span> <span class='ocrx_word' id='word_1_112' title='bbox 468 759 618 794; x_wconf 88' lang='lat' dir='ltr'><strong>periculum</strong></span> <span class='ocrx_word' id='word_1_113' title='bbox 654 758 761 792; x_wconf 80' lang='lat' dir='ltr'><strong>fugere,</strong></span> <span class='ocrx_word' id='word_1_114' title='bbox 788 757 954 792; x_wconf 82' lang='lat' dir='ltr'><strong>experientia</strong></span> 
     </span>
    </p>
   </div>
   <div class='ocr_carea' id='block_1_18' title="bbox 167 803 955 840">
    <p class='ocr_par' dir='ltr' id='par_1_18' title="bbox 167 803 955 840">
     <span class='ocr_line' id='line_1_18' title="bbox 167 803 955 840; baseline -0.003 -8"><span class='ocrx_word' id='word_1_115' title='bbox 167 806 227 840; x_wconf 92' lang='lat' dir='ltr'><strong>ipsa</strong></span> <span class='ocrx_word' id='word_1_116' title='bbox 241 805 321 834; x_wconf 91' lang='lat' dir='ltr'><strong>docet</strong></span> <span class='ocrx_word' id='word_1_117' title='bbox 336 826 343 839; x_wconf 84' lang='grc'><strong>,</strong></span> <span class='ocrx_word' id='word_1_118' title='bbox 361 813 422 833; x_wconf 90' lang='lat' dir='ltr'><strong>cum</strong></span> <span class='ocrx_word' id='word_1_119' title='bbox 436 813 516 832; x_wconf 91' lang='lat' dir='ltr'><strong>nemo</strong></span> <span class='ocrx_word' id='word_1_120' title='bbox 534 812 595 833; x_wconf 88' lang='lat' dir='ltr'><strong>sese</strong></span> <span class='ocrx_word' id='word_1_121' title='bbox 614 804 779 839; x_wconf 45' lang='lat' dir='ltr'><strong>praecipitem</strong></span> <span class='ocrx_word' id='word_1_122' title='bbox 795 804 852 836; x_wconf 80' lang='lat' dir='ltr'><strong>del,</strong></span> <span class='ocrx_word' id='word_1_123' title='bbox 881 803 955 838; x_wconf 88' lang='lat' dir='ltr'><strong>quod</strong></span> 
     </span>
    </p>
   </div>
   <div class='ocr_carea' id='block_1_19' title="bbox 168 849 956 887">
    <p class='ocr_par' dir='ltr' id='par_1_19' title="bbox 168 849 956 887">
     <span class='ocr_line' id='line_1_19' title="bbox 168 849 956 887; baseline -0.004 -8"><span class='ocrx_word' id='word_1_124' title='bbox 168 852 221 880; x_wconf 78' lang='lat' dir='ltr'><strong>hoc</strong></span> <span class='ocrx_word' id='word_1_125' title='bbox 236 851 350 879; x_wconf 84' lang='lat' dir='ltr'><strong>evidens</strong></span> <span class='ocrx_word' id='word_1_126' title='bbox 375 851 527 887; x_wconf 89' lang='lat' dir='ltr'><strong>periculum</strong></span> <span class='ocrx_word' id='word_1_127' title='bbox 545 850 652 883; x_wconf 70' lang='lat' dir='ltr'><strong>afferat,</strong></span> <span class='ocrx_word' id='word_1_128' title='bbox 670 850 780 877; x_wconf 82' lang='lat' dir='ltr'><strong>fortuna</strong></span> <span class='ocrx_word' id='word_1_129' title='bbox 797 854 824 877; x_wconf 89' lang='lat' dir='ltr'><strong>et</strong></span> <span class='ocrx_word' id='word_1_130' title='bbox 839 849 896 876; x_wconf 64' lang='lat' dir='ltr'><strong>fato</strong></span> <span class='ocrx_word' id='word_1_131' title='bbox 910 857 956 876; x_wconf 82' lang='lat' dir='ltr'><strong>ve-</strong></span> 
     </span>
    </p>
   </div>
   <div class='ocr_carea' id='block_1_20' title="bbox 169 885 993 925">
    <p class='ocr_par' dir='ltr' id='par_1_20' title="bbox 169 885 993 925">
     <span class='ocr_line' id='line_1_20' title="bbox 169 885 993 925; baseline -0.004 0"><span class='ocrx_word' id='word_1_132' title='bbox 169 897 219 925; x_wconf 82' lang='lat' dir='ltr'><strong>luti</strong></span> <span class='ocrx_word' id='word_1_133' title='bbox 232 885 472 925; x_wconf 70' lang='lat' dir='ltr'><strong>obdormientibus</strong></span> <span class='ocrx_word' id='word_1_134' title='bbox 497 897 524 924; x_wconf 92' lang='lat' dir='ltr'><strong>in</strong></span> <span class='ocrx_word' id='word_1_135' title='bbox 539 897 622 925; x_wconf 82' lang='lat' dir='ltr'><strong>rebus</strong></span> <span class='ocrx_word' id='word_1_136' title='bbox 640 895 794 923; x_wconf 83' lang='lat' dir='ltr'><strong>manifestis</strong></span> <span class='ocrx_word' id='word_1_137' title='bbox 814 903 846 922; x_wconf 89' lang='lat' dir='ltr'><strong>ac</strong></span> <span class='ocrx_word' id='word_1_138' title='bbox 860 895 956 923; x_wconf 86' lang='lat' dir='ltr'><strong>visibi-</strong></span> <span class='ocrx_word' id='word_1_139' title='bbox 972 885 993 913; x_wconf 78' lang='grc' dir='ltr'><strong><em>Β</em></strong></span> 
     </span>
    </p>
   </div>
   <div class='ocr_carea' id='block_1_21' title="bbox 167 942 956 978">
    <p class='ocr_par' dir='ltr' id='par_1_21' title="bbox 167 942 956 978">
     <span class='ocr_line' id='line_1_21' title="bbox 167 942 956 978; baseline -0.003 -8"><span class='ocrx_word' id='word_1_140' title='bbox 167 943 241 970; x_wconf 89' lang='lat' dir='ltr'><strong>libus</strong></span> <span class='ocrx_word' id='word_1_141' title='bbox 259 952 267 977; x_wconf 83' lang='lat'><strong>;</strong></span> <span class='ocrx_word' id='word_1_142' title='bbox 283 951 440 978; x_wconf 83' lang='lat' dir='ltr'><strong>quanquam</strong></span> <span class='ocrx_word' id='word_1_143' title='bbox 452 943 475 971; x_wconf 87' lang='lat' dir='ltr'><strong>si</strong></span> <span class='ocrx_word' id='word_1_144' title='bbox 492 943 574 971; x_wconf 90' lang='lat' dir='ltr'><strong>etiam</strong></span> <span class='ocrx_word' id='word_1_145' title='bbox 595 943 750 978; x_wconf 78' lang='lat' dir='ltr'><strong>vigilarent.</strong></span> <span class='ocrx_word' id='word_1_146' title='bbox 767 942 834 969; x_wconf 86' lang='lat' dir='ltr'><strong>nihil</strong></span> <span class='ocrx_word' id='word_1_147' title='bbox 844 949 874 969; x_wconf 87' lang='lat' dir='ltr'><strong>ea</strong></span> <span class='ocrx_word' id='word_1_148' title='bbox 892 949 956 976; x_wconf 86' lang='lat' dir='ltr'><strong>pos-</strong></span> 
     </span>
    </p>
   </div>
   <div class='ocr_carea' id='block_1_22' title="bbox 168 988 956 1024">
    <p class='ocr_par' dir='ltr' id='par_1_22' title="bbox 168 988 956 1024">
     <span class='ocr_line' id='line_1_22' title="bbox 168 988 956 1024; baseline 0 -8"><span class='ocrx_word' id='word_1_149' title='bbox 168 993 230 1016; x_wconf 86' lang='lat' dir='ltr'><strong>sent</strong></span> <span class='ocrx_word' id='word_1_150' title='bbox 255 994 350 1016; x_wconf 88' lang='lat' dir='ltr'><strong>contra</strong></span> <span class='ocrx_word' id='word_1_151' title='bbox 366 995 543 1024; x_wconf 86' lang='lat' dir='ltr'><strong>spontaneam</strong></span> <span class='ocrx_word' id='word_1_152' title='bbox 558 989 731 1022; x_wconf 82' lang='lat' dir='ltr'><strong>electionem,</strong></span> <span class='ocrx_word' id='word_1_153' title='bbox 748 996 801 1023; x_wconf 79' lang='lat' dir='ltr'><strong>qua</strong></span> <span class='ocrx_word' id='word_1_154' title='bbox 830 988 956 1016; x_wconf 81' lang='lat' dir='ltr'><strong>homines</strong></span> 
     </span>
    </p>
   </div>
   <div class='ocr_carea' id='block_1_23' title="bbox 168 1034 956 1070">
    <p class='ocr_par' dir='ltr' id='par_1_23' title="bbox 168 1034 956 1070">
     <span class='ocr_line' id='line_1_23' title="bbox 168 1034 956 1070; baseline -0.001 -8"><span class='ocrx_word' id='word_1_155' title='bbox 168 1042 218 1062; x_wconf 88' lang='lat' dir='ltr'><strong>sua</strong></span> <span class='ocrx_word' id='word_1_156' title='bbox 233 1034 412 1070; x_wconf 84' lang='lat' dir='ltr'><strong>sibimetipsis</strong></span> <span class='ocrx_word' id='word_1_157' title='bbox 431 1035 517 1062; x_wconf 85' lang='lat' dir='ltr'><strong>libere</strong></span> <span class='ocrx_word' id='word_1_158' title='bbox 538 1035 716 1062; x_wconf 83' lang='lat' dir='ltr'><strong>moderantur</strong></span> <span class='ocrx_word' id='word_1_159' title='bbox 731 1043 738 1067; x_wconf 92' lang='lat'><strong>;</strong></span> <span class='ocrx_word' id='word_1_160' title='bbox 760 1038 794 1062; x_wconf 91' lang='lat' dir='ltr'><strong>ut</strong></span> <span class='ocrx_word' id='word_1_161' title='bbox 808 1034 902 1062; x_wconf 86' lang='lat' dir='ltr'><strong>videre</strong></span> <span class='ocrx_word' id='word_1_162' title='bbox 913 1038 956 1061; x_wconf 83' lang='lat' dir='ltr'><strong>est</strong></span> 
     </span>
    </p>
   </div>
   <div class='ocr_carea' id='block_1_24' title="bbox 171 1079 955 1116">
    <p class='ocr_par' dir='ltr' id='par_1_24' title="bbox 171 1079 955 1116">
     <span class='ocr_line' id='line_1_24' title="bbox 171 1079 955 1116; baseline -0.003 -8"><span class='ocrx_word' id='word_1_163' title='bbox 171 1081 198 1108; x_wconf 88' lang='lat' dir='ltr'><strong>in</strong></span> <span class='ocrx_word' id='word_1_164' title='bbox 211 1080 244 1107; x_wconf 84' lang='lat' dir='ltr'><strong>iis</strong></span> <span class='ocrx_word' id='word_1_165' title='bbox 257 1080 339 1108; x_wconf 89' lang='lat' dir='ltr'><strong>etiam</strong></span> <span class='ocrx_word' id='word_1_166' title='bbox 356 1081 402 1116; x_wconf 90' lang='lat' dir='ltr'><strong>qui</strong></span> <span class='ocrx_word' id='word_1_167' title='bbox 432 1087 495 1107; x_wconf 90' lang='lat' dir='ltr'><strong>cum</strong></span> <span class='ocrx_word' id='word_1_168' title='bbox 511 1079 596 1107; x_wconf 87' lang='lat' dir='ltr'><strong>Paulo</strong></span> <span class='ocrx_word' id='word_1_169' title='bbox 608 1079 783 1116; x_wconf 78' lang='lat' dir='ltr'><strong>navigabant.</strong></span> <span class='ocrx_word' id='word_1_170' title='bbox 797 1079 872 1107; x_wconf 81' lang='lat' dir='ltr'><strong>Adeo</strong></span> <span class='ocrx_word' id='word_1_171' title='bbox 882 1079 955 1106; x_wconf 88' lang='lat' dir='ltr'><strong>enim</strong></span> 
     </span>
    </p>
   </div>
   <div class='ocr_carea' id='block_1_25' title="bbox 168 1125 955 1161">
    <p class='ocr_par' dir='ltr' id='par_1_25' title="bbox 168 1125 955 1161">
     <span class='ocr_line' id='line_1_25' title="bbox 168 1125 955 1161; baseline -0.003 -8"><span class='ocrx_word' id='word_1_172' title='bbox 168 1126 208 1153; x_wconf 91' lang='lat' dir='ltr'><strong>illi</strong></span> <span class='ocrx_word' id='word_1_173' title='bbox 228 1126 338 1161; x_wconf 87' lang='lat' dir='ltr'><strong>propria</strong></span> <span class='ocrx_word' id='word_1_174' title='bbox 356 1126 483 1154; x_wconf 88' lang='lat' dir='ltr'><strong>libertate</strong></span> <span class='ocrx_word' id='word_1_175' title='bbox 494 1125 654 1158; x_wconf 81' lang='lat' dir='ltr'><strong>utebantur,</strong></span> <span class='ocrx_word' id='word_1_176' title='bbox 671 1129 700 1153; x_wconf 92' lang='lat' dir='ltr'><strong>ut</strong></span> <span class='ocrx_word' id='word_1_177' title='bbox 717 1125 797 1160; x_wconf 87' lang='lat' dir='ltr'><strong>paulo</strong></span> <span class='ocrx_word' id='word_1_178' title='bbox 812 1129 874 1160; x_wconf 80' lang='lat' dir='ltr'><strong>post</strong></span> <span class='ocrx_word' id='word_1_179' title='bbox 890 1132 955 1160; x_wconf 84' lang='lat' dir='ltr'><strong>pro-</strong></span> 
     </span>
    </p>
   </div>
   <div class='ocr_carea' id='block_1_26' title="bbox 168 1171 956 1207">
    <p class='ocr_par' dir='ltr' id='par_1_26' title="bbox 168 1171 956 1207">
     <span class='ocr_line' id='line_1_26' title="bbox 168 1171 956 1207; baseline -0.003 -7"><span class='ocrx_word' id='word_1_180' title='bbox 168 1180 279 1207; x_wconf 87' lang='lat' dir='ltr'><strong>sperum</strong></span> <span class='ocrx_word' id='word_1_181' title='bbox 299 1176 409 1199; x_wconf 84' lang='lat' dir='ltr'><strong>ventum</strong></span> <span class='ocrx_word' id='word_1_182' title='bbox 437 1172 522 1205; x_wconf 80' lang='lat' dir='ltr'><strong>nacti,</strong></span> <span class='ocrx_word' id='word_1_183' title='bbox 540 1171 742 1207; x_wconf 77' lang='lat' dir='ltr'><strong>navigationem</strong></span> <span class='ocrx_word' id='word_1_184' title='bbox 767 1171 818 1198; x_wconf 63' lang='grc' dir='ltr'>ἰαιῐὶ</span> <span class='ocrx_word' id='word_1_185' title='bbox 837 1171 956 1198; x_wconf 86' lang='lat' dir='ltr'><strong>coniice-</strong></span> 
     </span>
    </p>
   </div>
   <div class='ocr_carea' id='block_1_27' title="bbox 169 1216 957 1253">
    <p class='ocr_par' dir='ltr' id='par_1_27' title="bbox 169 1216 957 1253">
     <span class='ocr_line' id='line_1_27' title="bbox 169 1216 957 1253; baseline -0.003 -9"><span class='ocrx_word' id='word_1_186' title='bbox 169 1223 241 1246; x_wconf 82' lang='lat' dir='ltr'><strong>rent.</strong></span> <span class='ocrx_word' id='word_1_187' title='bbox 253 1218 531 1246; x_wconf 81' lang='lat' dir='ltr'><strong>Animadvertendum</strong></span> <span class='ocrx_word' id='word_1_188' title='bbox 551 1225 629 1250; x_wconf 77' lang='lat' dir='ltr'><strong>vero,</strong></span> <span class='ocrx_word' id='word_1_189' title='bbox 645 1217 716 1253; x_wconf 88' lang='lat' dir='ltr'><strong>quod</strong></span> <span class='ocrx_word' id='word_1_190' title='bbox 734 1226 743 1242; x_wconf 76' lang='grc' dir='ltr'><strong>ι</strong></span> <span class='ocrx_word' id='word_1_191' title='bbox 761 1221 856 1244; x_wconf 82' lang='lat' dir='ltr'><strong>contra</strong></span> <span class='ocrx_word' id='word_1_192' title='bbox 870 1216 957 1250; x_wconf 85' lang='lat' dir='ltr'><strong>respi-</strong></span> 
     </span>
    </p>
   </div>
   <div class='ocr_carea' id='block_1_28' title="bbox 168 1262 955 1298">
    <p class='ocr_par' dir='ltr' id='par_1_28' title="bbox 168 1262 955 1298">
     <span class='ocr_line' id='line_1_28' title="bbox 168 1262 955 1298; baseline -0.003 -8"><span class='ocrx_word' id='word_1_193' title='bbox 168 1270 232 1290; x_wconf 87' lang='lat' dir='ltr'><strong>cere</strong></span> <span class='ocrx_word' id='word_1_194' title='bbox 259 1272 268 1289; x_wconf 74' lang='grc' dir='ltr'><strong>ι</strong></span> <span class='ocrx_word' id='word_1_195' title='bbox 299 1263 449 1298; x_wconf 83' lang='lat' dir='ltr'><strong>improprie</strong></span> <span class='ocrx_word' id='word_1_196' title='bbox 473 1263 507 1291; x_wconf 94' lang='lat' dir='ltr'><strong>de</strong></span> <span class='ocrx_word' id='word_1_197' title='bbox 532 1263 641 1298; x_wconf 77' lang='lat' dir='ltr'><strong>navigio</strong></span> <span class='ocrx_word' id='word_1_198' title='bbox 660 1263 788 1291; x_wconf 75' lang='lat' dir='ltr'><strong>dicatur:</strong></span> <span class='ocrx_word' id='word_1_199' title='bbox 817 1262 955 1296; x_wconf 80' lang='lat' dir='ltr'><strong>respicere</strong></span> 
     </span>
    </p>
   </div>
   <div class='ocr_carea' id='block_1_29' title="bbox 169 1309 957 1345">
    <p class='ocr_par' dir='ltr' id='par_1_29' title="bbox 169 1309 957 1345">
     <span class='ocr_line' id='line_1_29' title="bbox 169 1309 957 1345; baseline -0.001 -9"><span class='ocrx_word' id='word_1_200' title='bbox 169 1310 242 1336; x_wconf 86' lang='lat' dir='ltr'><strong>enim</strong></span> <span class='ocrx_word' id='word_1_201' title='bbox 253 1309 304 1338; x_wconf 81' lang='lat' dir='ltr'><strong>soli</strong></span> <span class='ocrx_word' id='word_1_202' title='bbox 320 1309 422 1337; x_wconf 84' lang='lat' dir='ltr'><strong>homini</strong></span> <span class='ocrx_word' id='word_1_203' title='bbox 437 1311 546 1345; x_wconf 86' lang='lat' dir='ltr'><strong>proprie</strong></span> <span class='ocrx_word' id='word_1_204' title='bbox 557 1310 695 1337; x_wconf 87' lang='lat' dir='ltr'><strong>convenit.</strong></span> <span class='ocrx_word' id='word_1_205' title='bbox 712 1309 802 1342; x_wconf 83' lang='lat' dir='ltr'><strong>Quare</strong></span> <span class='ocrx_word' id='word_1_206' title='bbox 813 1317 866 1336; x_wconf 78' lang='lat' dir='ltr'><strong>non</strong></span> <span class='ocrx_word' id='word_1_207' title='bbox 884 1315 957 1336; x_wconf 85' lang='lat' dir='ltr'><strong>sem-</strong></span> 
     </span>
    </p>
   </div>
   <div class='ocr_carea' id='block_1_30' title="bbox 170 1355 956 1392">
    <p class='ocr_par' dir='ltr' id='par_1_30' title="bbox 170 1355 956 1392">
     <span class='ocr_line' id='line_1_30' title="bbox 170 1355 956 1392; baseline -0.001 -9"><span class='ocrx_word' id='word_1_208' title='bbox 170 1364 218 1391; x_wconf 89' lang='lat' dir='ltr'><strong>per</strong></span> <span class='ocrx_word' id='word_1_209' title='bbox 234 1356 261 1383; x_wconf 90' lang='lat' dir='ltr'><strong>in</strong></span> <span class='ocrx_word' id='word_1_210' title='bbox 277 1363 358 1384; x_wconf 86' lang='lat' dir='ltr'><strong>saera</strong></span> <span class='ocrx_word' id='word_1_211' title='bbox 386 1356 530 1392; x_wconf 84' lang='lat' dir='ltr'><strong>Scriptura</strong></span> <span class='ocrx_word' id='word_1_212' title='bbox 561 1357 670 1392; x_wconf 85' lang='lat' dir='ltr'><strong>propria</strong></span> <span class='ocrx_word' id='word_1_213' title='bbox 700 1356 800 1383; x_wconf 89' lang='lat' dir='ltr'><strong>locutio</strong></span> <span class='ocrx_word' id='word_1_214' title='bbox 813 1355 956 1390; x_wconf 75' lang='lat' dir='ltr'><strong>.cxigenda</strong></span> 
     </span>
    </p>
   </div>
   <div class='ocr_carea' id='block_1_31' title="bbox 169 1400 957 1436">
    <p class='ocr_par' dir='ltr' id='par_1_31' title="bbox 169 1400 957 1436">
     <span class='ocr_line' id='line_1_31' title="bbox 169 1400 957 1436; baseline -0.001 -8"><span class='ocrx_word' id='word_1_215' title='bbox 169 1406 222 1428; x_wconf 81' lang='lat' dir='ltr'><strong>est.</strong></span> <span class='ocrx_word' id='word_1_216' title='bbox 241 1412 250 1428; x_wconf 76' lang='grc' dir='ltr'><strong>ι</strong></span> <span class='ocrx_word' id='word_1_217' title='bbox 266 1400 359 1429; x_wconf 84' lang='lat' dir='ltr'><strong>Valida</strong></span> <span class='ocrx_word' id='word_1_218' title='bbox 377 1405 467 1429; x_wconf 85' lang='lat' dir='ltr'><strong>autem</strong></span> <span class='ocrx_word' id='word_1_219' title='bbox 484 1406 655 1436; x_wconf 86' lang='lat' dir='ltr'><strong>tempestate.</strong></span> <span class='ocrx_word' id='word_1_220' title='bbox 674 1410 682 1427; x_wconf 81' lang='grc' dir='ltr'><strong>ι</strong></span> <span class='ocrx_word' id='word_1_221' title='bbox 699 1401 777 1433; x_wconf 84' lang='lat' dir='ltr'><strong>Quod</strong></span> <span class='ocrx_word' id='word_1_222' title='bbox 797 1401 880 1436; x_wconf 77' lang='lat' dir='ltr'><strong>igitur</strong></span> <span class='ocrx_word' id='word_1_223' title='bbox 890 1407 957 1428; x_wconf 86' lang='lat' dir='ltr'><strong>con-</strong></span> 
     </span>
    </p>
   </div>
   <div class='ocr_carea' id='block_1_32' title="bbox 169 1446 958 1483">
    <p class='ocr_par' dir='ltr' id='par_1_32' title="bbox 169 1446 958 1483">
     <span class='ocr_line' id='line_1_32' title="bbox 169 1446 958 1483; baseline -0.003 -9"><span class='ocrx_word' id='word_1_224' title='bbox 169 1447 240 1482; x_wconf 81' lang='lat' dir='ltr'><strong>tigit,</strong></span> <span class='ocrx_word' id='word_1_225' title='bbox 260 1446 431 1481; x_wconf 78' lang='lat' dir='ltr'><strong>naufragium</strong></span> <span class='ocrx_word' id='word_1_226' title='bbox 449 1446 504 1483; x_wconf 69' lang='grc'><strong>(40)</strong></span> <span class='ocrx_word' id='word_1_227' title='bbox 519 1455 532 1473; x_wconf 87' lang='lat' dir='ltr'><strong>a</strong></span> <span class='ocrx_word' id='word_1_228' title='bbox 547 1451 672 1481; x_wconf 89' lang='lat' dir='ltr'><strong>tempore</strong></span> <span class='ocrx_word' id='word_1_229' title='bbox 692 1446 797 1474; x_wconf 87' lang='lat' dir='ltr'><strong>factum</strong></span> <span class='ocrx_word' id='word_1_230' title='bbox 827 1451 870 1474; x_wconf 89' lang='lat' dir='ltr'><strong>est</strong></span> <span class='ocrx_word' id='word_1_231' title='bbox 888 1453 958 1482; x_wconf 87' lang='lat' dir='ltr'><strong>quo-</strong></span> 
     </span>
    </p>
   </div>
   <div class='ocr_carea' id='block_1_33' title="bbox 169 1492 957 1528">
    <p class='ocr_par' dir='ltr' id='par_1_33' title="bbox 169 1492 957 1528">
     <span class='ocr_line' id='line_1_33' title="bbox 169 1492 957 1528; baseline 0.001 -8"><span class='ocrx_word' id='word_1_232' title='bbox 169 1493 243 1520; x_wconf 86' lang='lat' dir='ltr'><strong>niam</strong></span> <span class='ocrx_word' id='word_1_233' title='bbox 257 1500 353 1528; x_wconf 83' lang='lat' dir='ltr'><strong>magna</strong></span> <span class='ocrx_word' id='word_1_234' title='bbox 378 1496 436 1520; x_wconf 90' lang='lat' dir='ltr'><strong>erat</strong></span> <span class='ocrx_word' id='word_1_235' title='bbox 452 1497 615 1528; x_wconf 82' lang='lat' dir='ltr'><strong>tempestas.</strong></span> <span class='ocrx_word' id='word_1_236' title='bbox 629 1492 664 1519; x_wconf 83' lang='lat' dir='ltr'><strong>At</strong></span> <span class='ocrx_word' id='word_1_237' title='bbox 679 1492 842 1520; x_wconf 87' lang='lat' dir='ltr'><strong>miraculum</strong></span> <span class='ocrx_word' id='word_1_238' title='bbox 869 1493 957 1526; x_wconf 84' lang='lat' dir='ltr'><strong>majus</strong></span> 
     </span>
    </p>
   </div>
   <div class='ocr_carea' id='block_1_34' title="bbox 169 1539 957 1575">
    <p class='ocr_par' dir='ltr' id='par_1_34' title="bbox 169 1539 957 1575">
     <span class='ocr_line' id='line_1_34' title="bbox 169 1539 957 1575; baseline 0 -9"><span class='ocrx_word' id='word_1_239' title='bbox 169 1539 232 1573; x_wconf 89' lang='lat' dir='ltr'><strong>fuit,</strong></span> <span class='ocrx_word' id='word_1_240' title='bbox 247 1539 320 1574; x_wconf 89' lang='lat' dir='ltr'><strong>quod</strong></span> <span class='ocrx_word' id='word_1_241' title='bbox 335 1539 382 1567; x_wconf 91' lang='lat' dir='ltr'><strong>tali</strong></span> <span class='ocrx_word' id='word_1_242' title='bbox 394 1543 515 1575; x_wconf 89' lang='lat' dir='ltr'><strong>tempore</strong></span> <span class='ocrx_word' id='word_1_243' title='bbox 529 1546 544 1567; x_wconf 89' lang='lat' dir='ltr'><strong>e</strong></span> <span class='ocrx_word' id='word_1_244' title='bbox 560 1539 656 1567; x_wconf 89' lang='lat' dir='ltr'><strong>mediis</strong></span> <span class='ocrx_word' id='word_1_245' title='bbox 669 1539 798 1574; x_wconf 84' lang='lat' dir='ltr'><strong>periculis</strong></span> <span class='ocrx_word' id='word_1_246' title='bbox 813 1544 869 1566; x_wconf 91' lang='lat' dir='ltr'><strong>tum</strong></span> <span class='ocrx_word' id='word_1_247' title='bbox 885 1539 957 1574; x_wconf 84' lang='lat' dir='ltr'><strong>Apo-</strong></span> 
     </span>
    </p>
   </div>
   <div class='ocr_carea' id='block_1_35' title="bbox 170 1585 952 1622">
    <p class='ocr_par' dir='ltr' id='par_1_35' title="bbox 170 1585 952 1622">
     <span class='ocr_line' id='line_1_35' title="bbox 170 1585 952 1622; baseline -0.001 -9"><span class='ocrx_word' id='word_1_248' title='bbox 170 1586 258 1614; x_wconf 87' lang='lat' dir='ltr'><strong>stolus</strong></span> <span class='ocrx_word' id='word_1_249' title='bbox 271 1586 340 1622; x_wconf 88' lang='lat' dir='ltr'><strong>ipse,</strong></span> <span class='ocrx_word' id='word_1_250' title='bbox 361 1591 418 1612; x_wconf 90' lang='lat' dir='ltr'><strong>tum</strong></span> <span class='ocrx_word' id='word_1_251' title='bbox 433 1586 479 1613; x_wconf 87' lang='lat' dir='ltr'><strong>alii</strong></span> <span class='ocrx_word' id='word_1_252' title='bbox 499 1590 610 1621; x_wconf 78' lang='lat' dir='ltr'><strong>propter</strong></span> <span class='ocrx_word' id='word_1_253' title='bbox 626 1586 713 1621; x_wconf 88' lang='lat' dir='ltr'><strong>ipsum</strong></span> <span class='ocrx_word' id='word_1_254' title='bbox 733 1585 818 1620; x_wconf 86' lang='lat' dir='ltr'><strong>erepti</strong></span> <span class='ocrx_word' id='word_1_255' title='bbox 832 1585 952 1613; x_wconf 86' lang='lat' dir='ltr'><strong>fuerint:</strong></span> 
     </span>
    </p>
   </div>
   <div class='ocr_carea' id='block_1_36' title="bbox 170 1630 951 1667">
    <p class='ocr_par' dir='ltr' id='par_1_36' title="bbox 170 1630 951 1667">
     <span class='ocr_line' id='line_1_36' title="bbox 170 1630 951 1667; baseline -0.003 -8"><span class='ocrx_word' id='word_1_256' title='bbox 170 1639 256 1667; x_wconf 89' lang='lat' dir='ltr'><strong>quare</strong></span> <span class='ocrx_word' id='word_1_257' title='bbox 275 1633 406 1667; x_wconf 86' lang='lat' dir='ltr'><strong>deceptus</strong></span> <span class='ocrx_word' id='word_1_258' title='bbox 427 1639 480 1659; x_wconf 91' lang='lat' dir='ltr'><strong>non</strong></span> <span class='ocrx_word' id='word_1_259' title='bbox 496 1636 547 1659; x_wconf 87' lang='lat' dir='ltr'><strong>est.</strong></span> <span class='ocrx_word' id='word_1_260' title='bbox 567 1641 577 1658; x_wconf 75' lang='grc' dir='ltr'><strong>ι</strong></span> <span class='ocrx_word' id='word_1_261' title='bbox 596 1631 627 1658; x_wconf 86' lang='lat' dir='ltr'><strong>Et</strong></span> <span class='ocrx_word' id='word_1_262' title='bbox 643 1639 706 1659; x_wconf 83' lang='lat' dir='ltr'><strong>ecce</strong></span> <span class='ocrx_word' id='word_1_263' title='bbox 725 1631 836 1658; x_wconf 82' lang='lat' dir='ltr'><strong>donavit</strong></span> <span class='ocrx_word' id='word_1_264' title='bbox 861 1630 920 1658; x_wconf 89' lang='lat' dir='ltr'><strong>tibi.</strong></span> <span class='ocrx_word' id='word_1_265' title='bbox 940 1639 951 1657; x_wconf 70' lang='grc' dir='ltr'><strong>ι</strong></span> 
     </span>
    </p>
   </div>
   <div class='ocr_carea' id='block_1_37' title="bbox 169 1678 902 1713">
    <p class='ocr_par' dir='ltr' id='par_1_37' title="bbox 169 1678 902 1713">
     <span class='ocr_line' id='line_1_37' title="bbox 169 1678 902 1713; baseline -0.003 -7"><span class='ocrx_word' id='word_1_266' title='bbox 169 1678 208 1706; x_wconf 79' lang='lat' dir='ltr'><strong>Ex</strong></span> <span class='ocrx_word' id='word_1_267' title='bbox 226 1679 276 1706; x_wconf 92' lang='lat' dir='ltr'><strong>hoc</strong></span> <span class='ocrx_word' id='word_1_268' title='bbox 291 1679 396 1706; x_wconf 86' lang='lat' dir='ltr'><strong>falsitas</strong></span> <span class='ocrx_word' id='word_1_269' title='bbox 411 1683 486 1713; x_wconf 86' lang='lat' dir='ltr'><strong>patet</strong></span> <span class='ocrx_word' id='word_1_270' title='bbox 499 1678 634 1705; x_wconf 87' lang='lat' dir='ltr'><strong>Homerici</strong></span> <span class='ocrx_word' id='word_1_271' title='bbox 651 1678 723 1705; x_wconf 90' lang='lat' dir='ltr'><strong>illius</strong></span> <span class='ocrx_word' id='word_1_272' title='bbox 739 1678 804 1705; x_wconf 90' lang='lat' dir='ltr'><strong>dicti</strong></span> <span class='ocrx_word' id='word_1_273' title='bbox 819 1678 875 1712; x_wconf 74' lang='lat' dir='ltr'><strong>(tl)</strong></span> <span class='ocrx_word' id='word_1_274' title='bbox 893 1686 902 1704; x_wconf 89' lang='lat'><strong>:</strong></span> 
     </span>
    </p>
   </div>
   <div class='ocr_carea' id='block_1_38' title="bbox 205 1724 954 1759">
    <p class='ocr_par' dir='ltr' id='par_1_38' title="bbox 205 1724 954 1759">
     <span class='ocr_line' id='line_1_38' title="bbox 205 1724 954 1759; baseline -0.003 -7"><span class='ocrx_word' id='word_1_275' title='bbox 205 1725 306 1752; x_wconf 81' lang='lat' dir='ltr'><strong>Fatum</strong></span> <span class='ocrx_word' id='word_1_276' title='bbox 331 1733 389 1753; x_wconf 78' lang='lat' dir='ltr'><strong>vero</strong></span> <span class='ocrx_word' id='word_1_277' title='bbox 401 1725 517 1752; x_wconf 79' lang='lat' dir='ltr'><strong>arbitror</strong></span> <span class='ocrx_word' id='word_1_278' title='bbox 531 1724 660 1751; x_wconf 80' lang='lat' dir='ltr'><strong>nnninem</strong></span> <span class='ocrx_word' id='word_1_279' title='bbox 672 1724 808 1752; x_wconf 81' lang='lat' dir='ltr'><strong>hominum</strong></span> <span class='ocrx_word' id='word_1_280' title='bbox 821 1724 954 1759; x_wconf 73' lang='lat' dir='ltr'><strong>effugisse,</strong></span> 
     </span>
    </p>
   </div>
   <div class='ocr_carea' id='block_1_39' title="bbox 205 1791 955 1861">
    <p class='ocr_par' dir='ltr' id='par_1_39' title="bbox 205 1791 955 1861">
     <span class='ocr_line' id='line_1_39' title="bbox 205 1791 955 1861; baseline -0.001 -42"><span class='ocrx_word' id='word_1_281' title='bbox 205 1791 266 1820; x_wconf 72' lang='lat' dir='ltr'><strong>Siue</strong></span> <span class='ocrx_word' id='word_1_282' title='bbox 284 1792 385 1819; x_wconf 83' lang='lat' dir='ltr'><strong>malum</strong></span> <span class='ocrx_word' id='word_1_283' title='bbox 399 1792 452 1819; x_wconf 77' lang='lat' dir='ltr'><strong>sive</strong></span> <span class='ocrx_word' id='word_1_284' title='bbox 468 1791 574 1824; x_wconf 79' lang='lat' dir='ltr'><strong>bonum,</strong></span> <span class='ocrx_word' id='word_1_285' title='bbox 585 1796 725 1826; x_wconf 79' lang='lat' dir='ltr'><strong>postquam</strong></span> <span class='ocrx_word' id='word_1_286' title='bbox 740 1791 854 1861; x_wconf 52' lang='lat' dir='ltr'><strong>primiItlm</strong></span> <span class='ocrx_word' id='word_1_287' title='bbox 877 1795 955 1832; x_wconf 66' lang='lat' dir='ltr'><strong>natus</strong></span> 
     </span>
     <span class='ocr_line' id='line_1_40' title="bbox 837 1831 915 1853; baseline 0.013 -1"><span class='ocrx_word' id='word_1_288' title='bbox 837 1831 915 1853; x_wconf 86' lang='lat' dir='ltr'><strong>uent.</strong></span> 
     </span>
    </p>
   </div>
   <div class='ocr_carea' id='block_1_40' title="bbox 837 1831 915 1853">
    <p class='ocr_par' dir='ltr' id='par_1_40' title="bbox 837 1831 915 1853">
     <span class='ocr_line' id='line_1_41' title="bbox 837 1831 915 1853; baseline 0.013 -1"><span class='ocrx_word' id='word_1_289' title='bbox 837 1831 915 1853; x_wconf 74' lang='lat' dir='ltr'><strong>uerit.</strong></span> 
     </span>
    </p>
   </div>
   <div class='ocr_carea' id='block_1_41' title="bbox 171 1871 956 1908">
    <p class='ocr_par' dir='ltr' id='par_1_41' title="bbox 171 1871 956 1908">
     <span class='ocr_line' id='line_1_42' title="bbox 171 1871 956 1908; baseline 0.001 -10"><span class='ocrx_word' id='word_1_290' title='bbox 171 1872 228 1900; x_wconf 84' lang='lat' dir='ltr'><strong>Hoc</strong></span> <span class='ocrx_word' id='word_1_291' title='bbox 255 1877 308 1906; x_wconf 86' lang='lat' dir='ltr'><strong>est,</strong></span> <span class='ocrx_word' id='word_1_292' title='bbox 332 1872 507 1908; x_wconf 79' lang='lat' dir='ltr'><strong>[inpossibile</strong></span> <span class='ocrx_word' id='word_1_293' title='bbox 522 1876 564 1900; x_wconf 81' lang='lat' dir='ltr'><strong>est</strong></span> <span class='ocrx_word' id='word_1_294' title='bbox 592 1871 712 1908; x_wconf 69' lang='lat' dir='ltr'><strong>effugere</strong></span> <span class='ocrx_word' id='word_1_295' title='bbox 737 1872 834 1899; x_wconf 87' lang='lat' dir='ltr'><strong>mortis</strong></span> <span class='ocrx_word' id='word_1_296' title='bbox 857 1871 956 1906; x_wconf 87' lang='lat' dir='ltr'><strong>fatum,</strong></span> 
     </span>
    </p>
   </div>
   <div class='ocr_carea' id='block_1_42' title="bbox 170 1917 956 1954">
    <p class='ocr_par' dir='ltr' id='par_1_42' title="bbox 170 1917 956 1954">
     <span class='ocr_line' id='line_1_43' title="bbox 170 1917 956 1954; baseline -0.003 -8"><span class='ocrx_word' id='word_1_297' title='bbox 170 1919 244 1953; x_wconf 81' lang='lat' dir='ltr'><strong>quod</strong></span> <span class='ocrx_word' id='word_1_298' title='bbox 261 1919 288 1946; x_wconf 89' lang='lat' dir='ltr'><strong>in</strong></span> <span class='ocrx_word' id='word_1_299' title='bbox 303 1919 361 1954; x_wconf 89' lang='lat' dir='ltr'><strong>ipsa</strong></span> <span class='ocrx_word' id='word_1_300' title='bbox 377 1918 554 1954; x_wconf 78' lang='lat' dir='ltr'><strong>generatione</strong></span> <span class='ocrx_word' id='word_1_301' title='bbox 565 1918 685 1945; x_wconf 86' lang='lat' dir='ltr'><strong>hominis</strong></span> <span class='ocrx_word' id='word_1_302' title='bbox 698 1922 813 1945; x_wconf 90' lang='lat' dir='ltr'><strong>mortem</strong></span> <span class='ocrx_word' id='word_1_303' title='bbox 824 1917 956 1946; x_wconf 89' lang='lat' dir='ltr'><strong>determi-</strong></span> 
     </span>
    </p>
   </div>
   <div class='ocr_carea' id='block_1_43' title="bbox 170 1963 957 2000">
    <p class='ocr_par' dir='ltr' id='par_1_43' title="bbox 170 1963 957 2000">
     <span class='ocr_line' id='line_1_44' title="bbox 170 1963 957 2000; baseline 0 -8"><span class='ocrx_word' id='word_1_304' title='bbox 170 1969 227 1992; x_wconf 85' lang='lat' dir='ltr'><strong>nat.</strong></span> <span class='ocrx_word' id='word_1_305' title='bbox 241 1965 311 1993; x_wconf 86' lang='lat' dir='ltr'><strong>Ecee</strong></span> <span class='ocrx_word' id='word_1_306' title='bbox 336 1965 420 1996; x_wconf 84' lang='lat' dir='ltr'><strong>enim,</strong></span> <span class='ocrx_word' id='word_1_307' title='bbox 439 1964 498 1992; x_wconf 88' lang='lat' dir='ltr'><strong>nisi</strong></span> <span class='ocrx_word' id='word_1_308' title='bbox 519 1964 546 1992; x_wconf 86' lang='lat' dir='ltr'><strong>hi</strong></span> <span class='ocrx_word' id='word_1_309' title='bbox 571 1964 599 1992; x_wconf 92' lang='lat' dir='ltr'><strong>in</strong></span> <span class='ocrx_word' id='word_1_310' title='bbox 625 1964 702 1992; x_wconf 86' lang='lat' dir='ltr'><strong>Pauli</strong></span> <span class='ocrx_word' id='word_1_311' title='bbox 718 1963 833 2000; x_wconf 75' lang='lat' dir='ltr'><strong>gratiam</strong></span> <span class='ocrx_word' id='word_1_312' title='bbox 855 1963 957 1992; x_wconf 85' lang='lat' dir='ltr'><strong>servati</strong></span> 
     </span>
    </p>
   </div>
   <div class='ocr_carea' id='block_1_44' title="bbox 171 2010 958 2045">
    <p class='ocr_par' dir='ltr' id='par_1_44' title="bbox 171 2010 958 2045">
     <span class='ocr_line' id='line_1_45' title="bbox 171 2010 958 2045; baseline 0 -8"><span class='ocrx_word' id='word_1_313' title='bbox 171 2010 298 2044; x_wconf 76' lang='lat' dir='ltr'><strong>fuissent,</strong></span> <span class='ocrx_word' id='word_1_314' title='bbox 329 2018 426 2039; x_wconf 88' lang='lat' dir='ltr'><strong>omnes</strong></span> <span class='ocrx_word' id='word_1_315' title='bbox 442 2010 476 2038; x_wconf 91' lang='lat' dir='ltr'><strong>ad</strong></span> <span class='ocrx_word' id='word_1_316' title='bbox 505 2019 588 2038; x_wconf 92' lang='lat' dir='ltr'><strong>unum</strong></span> <span class='ocrx_word' id='word_1_317' title='bbox 609 2011 635 2037; x_wconf 92' lang='lat' dir='ltr'><strong>in</strong></span> <span class='ocrx_word' id='word_1_318' title='bbox 663 2011 725 2038; x_wconf 87' lang='lat' dir='ltr'><strong>navi</strong></span> <span class='ocrx_word' id='word_1_319' title='bbox 749 2011 958 2045; x_wconf 86' lang='lat' dir='ltr'><strong>periissent;at</strong></span> 
     </span>
    </p>
   </div>
   <div class='ocr_carea' id='block_1_45' title="bbox 170 2056 954 2092">
    <p class='ocr_par' dir='ltr' id='par_1_45' title="bbox 170 2056 954 2092">
     <span class='ocr_line' id='line_1_46' title="bbox 170 2056 954 2092; baseline -0.001 -8"><span class='ocrx_word' id='word_1_320' title='bbox 170 2057 242 2085; x_wconf 88' lang='lat' dir='ltr'><strong>Deus</strong></span> <span class='ocrx_word' id='word_1_321' title='bbox 259 2058 330 2090; x_wconf 89' lang='lat' dir='ltr'><strong>illos,</strong></span> <span class='ocrx_word' id='word_1_322' title='bbox 347 2062 376 2084; x_wconf 91' lang='lat' dir='ltr'><strong>ut</strong></span> <span class='ocrx_word' id='word_1_323' title='bbox 389 2057 497 2092; x_wconf 88' lang='lat' dir='ltr'><strong>justum</strong></span> <span class='ocrx_word' id='word_1_324' title='bbox 515 2057 673 2088; x_wconf 82' lang='lat' dir='ltr'><strong>lionorarct.</strong></span> <span class='ocrx_word' id='word_1_325' title='bbox 691 2057 826 2084; x_wconf 87' lang='lat' dir='ltr'><strong>liberavit.</strong></span> <span class='ocrx_word' id='word_1_326' title='bbox 842 2056 954 2088; x_wconf 81' lang='lat' dir='ltr'><strong>Deinde,</strong></span> 
     </span>
    </p>
   </div>
   <div class='ocr_carea' id='block_1_46' title="bbox 170 2102 958 2138">
    <p class='ocr_par' dir='ltr' id='par_1_46' title="bbox 170 2102 958 2138">
     <span class='ocr_line' id='line_1_47' title="bbox 170 2102 958 2138; baseline -0.003 -8"><span class='ocrx_word' id='word_1_327' title='bbox 170 2103 193 2130; x_wconf 85' lang='lat' dir='ltr'><strong>si</strong></span> <span class='ocrx_word' id='word_1_328' title='bbox 216 2102 301 2130; x_wconf 81' lang='lat' dir='ltr'><strong>fatum</strong></span> <span class='ocrx_word' id='word_1_329' title='bbox 319 2107 378 2130; x_wconf 86' lang='lat' dir='ltr'><strong>erat</strong></span> <span class='ocrx_word' id='word_1_330' title='bbox 399 2110 495 2131; x_wconf 89' lang='lat' dir='ltr'><strong>omnes</strong></span> <span class='ocrx_word' id='word_1_331' title='bbox 512 2102 614 2138; x_wconf 86' lang='lat' dir='ltr'><strong>perire.</strong></span> <span class='ocrx_word' id='word_1_332' title='bbox 631 2103 712 2130; x_wconf 88' lang='lat' dir='ltr'><strong>etiam</strong></span> <span class='ocrx_word' id='word_1_333' title='bbox 727 2103 814 2129; x_wconf 87' lang='lat' dir='ltr'><strong>Paulo</strong></span> <span class='ocrx_word' id='word_1_334' title='bbox 840 2109 958 2137; x_wconf 90' lang='lat' dir='ltr'><strong>pereun-</strong></span> 
     </span>
    </p>
   </div>
   <div class='ocr_carea' id='block_1_47' title="bbox 170 2147 957 2183">
    <p class='ocr_par' dir='ltr' id='par_1_47' title="bbox 170 2147 957 2183">
     <span class='ocr_line' id='line_1_48' title="bbox 170 2147 957 2183; baseline -0.003 -7"><span class='ocrx_word' id='word_1_335' title='bbox 170 2149 234 2176; x_wconf 86' lang='lat' dir='ltr'><strong>dum</strong></span> <span class='ocrx_word' id='word_1_336' title='bbox 255 2152 332 2182; x_wconf 87' lang='lat' dir='ltr'><strong>erat;</strong></span> <span class='ocrx_word' id='word_1_337' title='bbox 348 2149 387 2176; x_wconf 91' lang='lat' dir='ltr'><strong>ait</strong></span> <span class='ocrx_word' id='word_1_338' title='bbox 399 2149 472 2176; x_wconf 87' lang='lat' dir='ltr'><strong>enim</strong></span> <span class='ocrx_word' id='word_1_339' title='bbox 491 2148 636 2180; x_wconf 81' lang='lat' dir='ltr'><strong>Homerus,</strong></span> <span class='ocrx_word' id='word_1_340' title='bbox 651 2158 661 2174; x_wconf 76' lang='grc' dir='ltr'><strong>ι</strong></span> <span class='ocrx_word' id='word_1_341' title='bbox 679 2156 764 2183; x_wconf 88' lang='lat' dir='ltr'><strong>neque</strong></span> <span class='ocrx_word' id='word_1_342' title='bbox 781 2147 895 2179; x_wconf 88' lang='lat' dir='ltr'><strong>malum,</strong></span> <span class='ocrx_word' id='word_1_343' title='bbox 907 2155 957 2175; x_wconf 90' lang='lat' dir='ltr'><strong>ne-</strong></span> 
     </span>
    </p>
   </div>
   <div class='ocr_carea' id='block_1_48' title="bbox 170 2193 955 2230">
    <p class='ocr_par' dir='ltr' id='par_1_48' title="bbox 170 2193 955 2230">
     <span class='ocr_line' id='line_1_49' title="bbox 170 2193 955 2230; baseline -0.004 -8"><span class='ocrx_word' id='word_1_344' title='bbox 170 2202 224 2230; x_wconf 90' lang='lat' dir='ltr'><strong>que</strong></span> <span class='ocrx_word' id='word_1_345' title='bbox 235 2195 338 2222; x_wconf 88' lang='lat' dir='ltr'><strong>bonum</strong></span> <span class='ocrx_word' id='word_1_346' title='bbox 353 2202 360 2226; x_wconf 86' lang='lat'><strong>;</strong></span> <span class='ocrx_word' id='word_1_347' title='bbox 380 2204 389 2220; x_wconf 77' lang='grc' dir='ltr'><strong>ι</strong></span> <span class='ocrx_word' id='word_1_348' title='bbox 407 2194 551 2229; x_wconf 86' lang='lat' dir='ltr'><strong>oportebat</strong></span> <span class='ocrx_word' id='word_1_349' title='bbox 576 2195 670 2230; x_wconf 87' lang='lat' dir='ltr'><strong>igitur,</strong></span> <span class='ocrx_word' id='word_1_350' title='bbox 688 2199 718 2221; x_wconf 92' lang='lat' dir='ltr'><strong>ut</strong></span> <span class='ocrx_word' id='word_1_351' title='bbox 734 2198 790 2220; x_wconf 85' lang='lat' dir='ltr'><strong>tum</strong></span> <span class='ocrx_word' id='word_1_352' title='bbox 813 2193 876 2220; x_wconf 72' lang='lat' dir='ltr'><strong>btmi</strong></span> <span class='ocrx_word' id='word_1_353' title='bbox 899 2198 955 2220; x_wconf 91' lang='lat' dir='ltr'><strong>tum</strong></span> 
     </span>
    </p>
   </div>
   <div class='ocr_carea' id='block_1_49' title="bbox 969 1557 992 1588">
    <p class='ocr_par' dir='ltr' id='par_1_49' title="bbox 969 1557 992 1588">
     <span class='ocr_line' id='line_1_50' title="bbox 969 1557 992 1588; baseline 0 0"><span class='ocrx_word' id='word_1_354' title='bbox 969 1557 992 1588; x_wconf 90' lang='lat' dir='ltr'>C</span> 
     </span>
    </p>
   </div>
   <div class='ocr_carea' id='block_1_50' title="bbox 1005 254 1796 291">
    <p class='ocr_par' dir='ltr' id='par_1_50' title="bbox 1005 254 1796 291">
     <span class='ocr_line' id='line_1_51' title="bbox 1005 254 1796 291; baseline -0.001 -9"><span class='ocrx_word' id='word_1_355' title='bbox 1005 255 1067 282; x_wconf 86' lang='grc' dir='ltr'><strong>σθαι</strong></span> <span class='ocrx_word' id='word_1_356' title='bbox 1083 256 1124 287; x_wconf 79' lang='grc' dir='ltr'><strong>εἰς</strong></span> <span class='ocrx_word' id='word_1_357' title='bbox 1135 256 1169 282; x_wconf 72' lang='grc' dir='ltr'><strong>τὰ</strong></span> <span class='ocrx_word' id='word_1_358' title='bbox 1186 255 1256 291; x_wconf 81' lang='grc' dir='ltr'>μέρη</span> <span class='ocrx_word' id='word_1_359' title='bbox 1271 255 1320 290; x_wconf 81' lang='grc' dir='ltr'>τῆς</span> <span class='ocrx_word' id='word_1_360' title='bbox 1333 256 1456 290; x_wconf 85' lang='grc' dir='ltr'><strong>Κρήτης.</strong></span> <span class='ocrx_word' id='word_1_361' title='bbox 1473 255 1540 282; x_wconf 77' lang='grc' dir='ltr'>Ἰδοὺ</span> <span class='ocrx_word' id='word_1_362' title='bbox 1563 254 1735 290; x_wconf 77' lang='grc' dir='ltr'><strong>προφητεύει</strong></span> <span class='ocrx_word' id='word_1_363' title='bbox 1752 255 1796 281; x_wconf 71' lang='grc' dir='ltr'>καὶ</span> 
     </span>
    </p>
   </div>
   <div class='ocr_carea' id='block_1_51' title="bbox 1004 300 1797 336">
    <p class='ocr_par' dir='ltr' id='par_1_51' title="bbox 1004 300 1797 336">
     <span class='ocr_line' id='line_1_52' title="bbox 1004 300 1797 336; baseline -0.003 -8"><span class='ocrx_word' id='word_1_364' title='bbox 1004 301 1051 328; x_wconf 76' lang='grc' dir='ltr'><strong>νῦν</strong></span> <span class='ocrx_word' id='word_1_365' title='bbox 1068 303 1081 328; x_wconf 82' lang='grc' dir='ltr'>ὁ</span> <span class='ocrx_word' id='word_1_366' title='bbox 1096 302 1213 334; x_wconf 83' lang='grc' dir='ltr'><strong>Παῦλος,</strong></span> <span class='ocrx_word' id='word_1_367' title='bbox 1232 302 1387 336; x_wconf 72' lang='grc' dir='ltr'><strong>ναυαγῆσαι</strong></span> <span class='ocrx_word' id='word_1_368' title='bbox 1412 301 1498 335; x_wconf 89' lang='grc' dir='ltr'>λέγων</span> <span class='ocrx_word' id='word_1_369' title='bbox 1523 301 1626 333; x_wconf 76' lang='grc' dir='ltr'>αὐτοῖς,</span> <span class='ocrx_word' id='word_1_370' title='bbox 1654 300 1756 336; x_wconf 63' lang='grc' dir='ltr'>[εξνκαὶ</span> <span class='ocrx_word' id='word_1_371' title='bbox 1769 301 1797 326; x_wconf 78' lang='grc' dir='ltr'>οὐ</span> 
     </span>
    </p>
   </div>
   <div class='ocr_carea' id='block_1_52' title="bbox 1003 347 1797 384">
    <p class='ocr_par' dir='ltr' id='par_1_52' title="bbox 1003 347 1797 384">
     <span class='ocr_line' id='line_1_53' title="bbox 1003 347 1797 384; baseline -0.004 -9"><span class='ocrx_word' id='word_1_372' title='bbox 1003 348 1116 383; x_wconf 79' lang='grc' dir='ltr'>γέγονεν</span> <span class='ocrx_word' id='word_1_373' title='bbox 1144 348 1259 384; x_wconf 82' lang='grc' dir='ltr'>αὑτοῖς.]</span> <span class='ocrx_word' id='word_1_374' title='bbox 1277 348 1347 382; x_wconf 78' lang='grc' dir='ltr'>μετὰ</span> <span class='ocrx_word' id='word_1_375' title='bbox 1365 347 1467 382; x_wconf 80' lang='grc' dir='ltr'>ζημίας</span> <span class='ocrx_word' id='word_1_376' title='bbox 1491 347 1585 382; x_wconf 78' lang='grc' dir='ltr'>ψυχῶν</span> <span class='ocrx_word' id='word_1_377' title='bbox 1611 347 1644 373; x_wconf 80' lang='grc' dir='ltr'><strong>τὺ</strong></span> <span class='ocrx_word' id='word_1_378' title='bbox 1669 347 1797 380; x_wconf 77' lang='grc' dir='ltr'>ναυάγιον</span> 
     </span>
    </p>
   </div>
   <div class='ocr_carea' id='block_1_53' title="bbox 1003 392 1798 428">
    <p class='ocr_par' dir='ltr' id='par_1_53' title="bbox 1003 392 1798 428">
     <span class='ocr_line' id='line_1_54' title="bbox 1003 392 1798 428; baseline -0.003 -8"><span class='ocrx_word' id='word_1_379' title='bbox 1003 392 1075 420; x_wconf 76' lang='grc' dir='ltr'>κατὰ</span> <span class='ocrx_word' id='word_1_380' title='bbox 1089 393 1134 420; x_wconf 76' lang='grc' dir='ltr'>τὸν</span> <span class='ocrx_word' id='word_1_381' title='bbox 1165 392 1245 427; x_wconf 82' lang='grc' dir='ltr'>λόγον</span> <span class='ocrx_word' id='word_1_382' title='bbox 1266 392 1360 420; x_wconf 81' lang='grc' dir='ltr'>αὑτοῦ.</span> <span class='ocrx_word' id='word_1_383' title='bbox 1396 393 1482 420; x_wconf 80' lang='grc' dir='ltr'>Τοῦτο</span> <span class='ocrx_word' id='word_1_384' title='bbox 1507 394 1556 428; x_wconf 74' lang='grc' dir='ltr'>μὲν</span> <span class='ocrx_word' id='word_1_385' title='bbox 1572 392 1638 427; x_wconf 76' lang='grc' dir='ltr'>γὰρ,</span> <span class='ocrx_word' id='word_1_386' title='bbox 1652 393 1717 419; x_wconf 86' lang='grc' dir='ltr'>ὅσον</span> <span class='ocrx_word' id='word_1_387' title='bbox 1730 392 1798 418; x_wconf 78' lang='grc' dir='ltr'>κατὰ</span> 
     </span>
    </p>
   </div>
   <div class='ocr_carea' id='block_1_54' title="bbox 1003 437 1798 473">
    <p class='ocr_par' dir='ltr' id='par_1_54' title="bbox 1003 437 1798 473">
     <span class='ocr_line' id='line_1_55' title="bbox 1003 437 1798 473; baseline -0.001 -8"><span class='ocrx_word' id='word_1_388' title='bbox 1003 439 1053 473; x_wconf 83' lang='grc' dir='ltr'>τὴν</span> <span class='ocrx_word' id='word_1_389' title='bbox 1072 439 1153 473; x_wconf 81' lang='grc' dir='ltr'>φύσιν</span> <span class='ocrx_word' id='word_1_390' title='bbox 1165 439 1212 465; x_wconf 82' lang='grc' dir='ltr'><strong>τοῦ</strong></span> <span class='ocrx_word' id='word_1_391' title='bbox 1224 439 1398 473; x_wconf 79' lang='grc' dir='ltr'>πράγματος,</span> <span class='ocrx_word' id='word_1_392' title='bbox 1420 439 1528 472; x_wconf 73' lang='grc' dir='ltr'>ἐγένετο</span> <span class='ocrx_word' id='word_1_393' title='bbox 1540 438 1582 468; x_wconf 80' lang='grc' dir='ltr'><strong>ἂν.</strong></span> <span class='ocrx_word' id='word_1_394' title='bbox 1599 439 1624 465; x_wconf 79' lang='grc' dir='ltr'>εἰ</span> <span class='ocrx_word' id='word_1_395' title='bbox 1645 438 1684 473; x_wconf 88' lang='grc' dir='ltr'>μὴ</span> <span class='ocrx_word' id='word_1_396' title='bbox 1705 439 1720 464; x_wconf 83' lang='grc' dir='ltr'><strong>ὁ</strong></span> <span class='ocrx_word' id='word_1_397' title='bbox 1734 437 1798 469; x_wconf 76' lang='grc' dir='ltr'>Θεὸς</span> 
     </span>
    </p>
   </div>
   <div class='ocr_carea' id='block_1_55' title="bbox 1003 484 1796 520">
    <p class='ocr_par' dir='ltr' id='par_1_55' title="bbox 1003 484 1796 520">
     <span class='ocr_line' id='line_1_56' title="bbox 1003 484 1796 520; baseline -0.004 -8"><span class='ocrx_word' id='word_1_398' title='bbox 1003 484 1126 512; x_wconf 85' lang='grc' dir='ltr'>διέσωσε.</span> <span class='ocrx_word' id='word_1_399' title='bbox 1140 485 1267 512; x_wconf 82' lang='grc' dir='ltr'>Διάὺτδν</span> <span class='ocrx_word' id='word_1_400' title='bbox 1281 485 1336 520; x_wconf 72' lang='grc' dir='ltr'><strong>γὰρ</strong></span> <span class='ocrx_word' id='word_1_401' title='bbox 1348 485 1395 511; x_wconf 75' lang='grc' dir='ltr'>καὶ</span> <span class='ocrx_word' id='word_1_402' title='bbox 1406 484 1526 516; x_wconf 73' lang='grc' dir='ltr'><strong>ἐκείνους</strong></span> <span class='ocrx_word' id='word_1_403' title='bbox 1545 484 1693 519; x_wconf 68' lang='grc' dir='ltr'>διωθῆναι</span> <span class='ocrx_word' id='word_1_404' title='bbox 1705 484 1796 518; x_wconf 75' lang='grc' dir='ltr'>ὲποίη·</span> 
     </span>
    </p>
   </div>
   <div class='ocr_carea' id='block_1_56' title="bbox 1006 530 1797 567">
    <p class='ocr_par' dir='ltr' id='par_1_56' title="bbox 1006 530 1797 567">
     <span class='ocr_line' id='line_1_57' title="bbox 1006 530 1797 567; baseline -0.005 -8"><span class='ocrx_word' id='word_1_405' title='bbox 1006 540 1062 559; x_wconf 88' lang='grc' dir='ltr'>σεν.</span> <span class='ocrx_word' id='word_1_406' title='bbox 1079 532 1116 559; x_wconf 72' lang='grc' dir='ltr'><strong>Οὐ</strong></span> <span class='ocrx_word' id='word_1_407' title='bbox 1131 532 1261 567; x_wconf 77' lang='grc' dir='ltr'>προσέχει</span> <span class='ocrx_word' id='word_1_408' title='bbox 1281 533 1337 563; x_wconf 81' lang='grc' dir='ltr'>τοῖς</span> <span class='ocrx_word' id='word_1_409' title='bbox 1353 532 1405 558; x_wconf 82' lang='grc' dir='ltr'><strong>ὑπὸ</strong></span> <span class='ocrx_word' id='word_1_410' title='bbox 1418 531 1465 558; x_wconf 85' lang='grc' dir='ltr'><strong>τοῦ</strong></span> <span class='ocrx_word' id='word_1_411' title='bbox 1482 530 1590 558; x_wconf 83' lang='grc' dir='ltr'><strong>Παύλου</strong></span> <span class='ocrx_word' id='word_1_412' title='bbox 1615 530 1797 565; x_wconf 78' lang='grc' dir='ltr'>λεγομένοιςδ</span> 
     </span>
    </p>
   </div>
   <div class='ocr_carea' id='block_1_57' title="bbox 1005 577 1797 613">
    <p class='ocr_par' dir='ltr' id='par_1_57' title="bbox 1005 577 1797 613">
     <span class='ocr_line' id='line_1_58' title="bbox 1005 577 1797 613; baseline -0.005 -8"><span class='ocrx_word' id='word_1_413' title='bbox 1005 578 1224 613; x_wconf 77' lang='grc' dir='ltr'><strong>ἑκατοντάρχης,</strong></span> <span class='ocrx_word' id='word_1_414' title='bbox 1253 578 1414 612; x_wconf 74' lang='grc' dir='ltr'><strong>πειθόμενος</strong></span> <span class='ocrx_word' id='word_1_415' title='bbox 1446 577 1547 612; x_wconf 85' lang='grc' dir='ltr'>μᾶλλον</span> <span class='ocrx_word' id='word_1_416' title='bbox 1571 578 1628 608; x_wconf 81' lang='grc' dir='ltr'>τοῖς</span> <span class='ocrx_word' id='word_1_417' title='bbox 1655 577 1797 610; x_wconf 73' lang='grc' dir='ltr'><strong>ἐμπείρως</strong></span> 
     </span>
    </p>
   </div>
   <div class='ocr_carea' id='block_1_58' title="bbox 1005 620 1797 658">
    <p class='ocr_par' dir='ltr' id='par_1_58' title="bbox 1005 620 1797 658">
     <span class='ocr_line' id='line_1_59' title="bbox 1005 620 1797 658; baseline -0.004 -9"><span class='ocrx_word' id='word_1_418' title='bbox 1005 623 1097 658; x_wconf 79' lang='grc' dir='ltr'>ἔχουσι</span> <span class='ocrx_word' id='word_1_419' title='bbox 1110 622 1178 657; x_wconf 77' lang='grc' dir='ltr'>πρὸς</span> <span class='ocrx_word' id='word_1_420' title='bbox 1191 622 1222 648; x_wconf 76' lang='grc' dir='ltr'><strong>τὸ</strong></span> <span class='ocrx_word' id='word_1_421' title='bbox 1237 622 1324 655; x_wconf 82' lang='grc' dir='ltr'>πλεῖν,</span> <span class='ocrx_word' id='word_1_422' title='bbox 1341 623 1357 658; x_wconf 77' lang='grc' dir='ltr'>ἢ</span> <span class='ocrx_word' id='word_1_423' title='bbox 1377 622 1495 657; x_wconf 77' lang='grc' dir='ltr'>ὲτιιὸάτῃ</span> <span class='ocrx_word' id='word_1_424' title='bbox 1518 622 1623 655; x_wconf 82' lang='grc' dir='ltr'>ἀπείρῳ</span> <span class='ocrx_word' id='word_1_425' title='bbox 1647 620 1780 655; x_wconf 78' lang='grc' dir='ltr'>ναυτικῆς</span> <span class='ocrx_word' id='word_1_426' title='bbox 1790 627 1797 635; x_wconf 88' lang='grc'>·</span> 
     </span>
    </p>
   </div>
   <div class='ocr_carea' id='block_1_59' title="bbox 1007 666 1799 702">
    <p class='ocr_par' dir='ltr' id='par_1_59' title="bbox 1007 666 1799 702">
     <span class='ocr_line' id='line_1_60' title="bbox 1007 666 1799 702; baseline -0.004 -7"><span class='ocrx_word' id='word_1_427' title='bbox 1007 669 1053 696; x_wconf 79' lang='grc' dir='ltr'>καὶ</span> <span class='ocrx_word' id='word_1_428' title='bbox 1069 669 1101 695; x_wconf 80' lang='grc' dir='ltr'>ἐκ</span> <span class='ocrx_word' id='word_1_429' title='bbox 1116 668 1211 695; x_wconf 74' lang='grc' dir='ltr'>τούτου</span> <span class='ocrx_word' id='word_1_430' title='bbox 1225 668 1357 700; x_wconf 75' lang='grc' dir='ltr'><strong>διδάσκει,</strong></span> <span class='ocrx_word' id='word_1_431' title='bbox 1374 669 1415 695; x_wconf 81' lang='grc' dir='ltr'>ὅτι</span> <span class='ocrx_word' id='word_1_432' title='bbox 1432 667 1544 702; x_wconf 83' lang='grc' dir='ltr'>γνώμης</span> <span class='ocrx_word' id='word_1_433' title='bbox 1562 667 1630 699; x_wconf 67' lang='grc' dir='ltr'>ἐστὶ,</span> <span class='ocrx_word' id='word_1_434' title='bbox 1647 667 1696 693; x_wconf 64' lang='grc' dir='ltr'><strong>καὶ</strong></span> <span class='ocrx_word' id='word_1_435' title='bbox 1706 666 1737 692; x_wconf 81' lang='grc' dir='ltr'>οὗ</span> <span class='ocrx_word' id='word_1_436' title='bbox 1750 666 1799 693; x_wconf 75' lang='grc' dir='ltr'>τύ-</span> 
     </span>
    </p>
   </div>
   <div class='ocr_carea' id='block_1_60' title="bbox 1005 712 1799 749">
    <p class='ocr_par' dir='ltr' id='par_1_60' title="bbox 1005 712 1799 749">
     <span class='ocr_line' id='line_1_61' title="bbox 1005 712 1799 749; baseline -0.003 -9"><span class='ocrx_word' id='word_1_437' title='bbox 1005 722 1065 749; x_wconf 82' lang='grc' dir='ltr'>χης,</span> <span class='ocrx_word' id='word_1_438' title='bbox 1079 713 1111 740; x_wconf 76' lang='grc' dir='ltr'>τὸ</span> <span class='ocrx_word' id='word_1_439' title='bbox 1125 713 1288 749; x_wconf 79' lang='grc' dir='ltr'>ἁμάρτημα.</span> <span class='ocrx_word' id='word_1_440' title='bbox 1305 714 1367 740; x_wconf 85' lang='grc' dir='ltr'>Ὀτι</span> <span class='ocrx_word' id='word_1_441' title='bbox 1384 713 1439 748; x_wconf 85' lang='grc' dir='ltr'><strong>γὰρ</strong></span> <span class='ocrx_word' id='word_1_442' title='bbox 1454 713 1512 739; x_wconf 77' lang='grc' dir='ltr'>ἐστι</span> <span class='ocrx_word' id='word_1_443' title='bbox 1532 712 1603 740; x_wconf 73' lang='grc' dir='ltr'>κατὰ</span> <span class='ocrx_word' id='word_1_444' title='bbox 1620 712 1701 746; x_wconf 80' lang='grc' dir='ltr'>φύσιν</span> <span class='ocrx_word' id='word_1_445' title='bbox 1715 713 1799 747; x_wconf 81' lang='grc' dir='ltr'>ἐκφυ-</span> 
     </span>
    </p>
   </div>
   <div class='ocr_carea' id='block_1_61' title="bbox 1005 758 1798 795">
    <p class='ocr_par' dir='ltr' id='par_1_61' title="bbox 1005 758 1798 795">
     <span class='ocr_line' id='line_1_62' title="bbox 1005 758 1798 795; baseline -0.003 -9"><span class='ocrx_word' id='word_1_446' title='bbox 1005 762 1063 795; x_wconf 81' lang='grc' dir='ltr'>γεῖν</span> <span class='ocrx_word' id='word_1_447' title='bbox 1078 760 1122 786; x_wconf 80' lang='grc' dir='ltr'>τὸν</span> <span class='ocrx_word' id='word_1_448' title='bbox 1135 760 1266 792; x_wconf 86' lang='grc' dir='ltr'>κίνδυνον,</span> <span class='ocrx_word' id='word_1_449' title='bbox 1283 759 1352 794; x_wconf 78' lang='grc' dir='ltr'>αὕτη</span> <span class='ocrx_word' id='word_1_450' title='bbox 1368 761 1384 795; x_wconf 87' lang='grc' dir='ltr'><strong>ἡ</strong></span> <span class='ocrx_word' id='word_1_451' title='bbox 1401 761 1482 795; x_wconf 85' lang='grc' dir='ltr'>πεῖρα</span> <span class='ocrx_word' id='word_1_452' title='bbox 1496 759 1627 790; x_wconf 69' lang='grc' dir='ltr'>διδάσκει,</span> <span class='ocrx_word' id='word_1_453' title='bbox 1640 758 1680 793; x_wconf 83' lang='grc' dir='ltr'>μὴ</span> <span class='ocrx_word' id='word_1_454' title='bbox 1713 767 1798 785; x_wconf 70' lang='grc' dir='ltr'>κατα-</span> 
     </span>
    </p>
   </div>
   <div class='ocr_carea' id='block_1_62' title="bbox 1005 805 1796 842">
    <p class='ocr_par' dir='ltr' id='par_1_62' title="bbox 1005 805 1796 842">
     <span class='ocr_line' id='line_1_63' title="bbox 1005 805 1796 842; baseline -0.003 -9"><span class='ocrx_word' id='word_1_455' title='bbox 1005 806 1169 842; x_wconf 75' lang='grc' dir='ltr'>κρημνίζειν</span> <span class='ocrx_word' id='word_1_456' title='bbox 1187 806 1283 833; x_wconf 78' lang='grc' dir='ltr'>ἑαυτόν</span> <span class='ocrx_word' id='word_1_457' title='bbox 1302 815 1373 839; x_wconf 82' lang='grc' dir='ltr'>τινα,</span> <span class='ocrx_word' id='word_1_458' title='bbox 1387 807 1425 837; x_wconf 79' lang='grc' dir='ltr'>ὡς</span> <span class='ocrx_word' id='word_1_459' title='bbox 1447 805 1638 841; x_wconf 63' lang='grc' dir='ltr'>ἀναμφιϐόλως</span> <span class='ocrx_word' id='word_1_460' title='bbox 1651 805 1700 832; x_wconf 84' lang='grc' dir='ltr'><strong>τοῦ</strong></span> <span class='ocrx_word' id='word_1_461' title='bbox 1727 805 1796 840; x_wconf 81' lang='grc' dir='ltr'>πρά-</span> 
     </span>
    </p>
   </div>
   <div class='ocr_carea' id='block_1_63' title="bbox 1006 851 1797 887">
    <p class='ocr_par' dir='ltr' id='par_1_63' title="bbox 1006 851 1797 887">
     <span class='ocr_line' id='line_1_64' title="bbox 1006 851 1797 887; baseline -0.003 -9"><span class='ocrx_word' id='word_1_462' title='bbox 1006 861 1111 887; x_wconf 82' lang='grc' dir='ltr'>γματος</span> <span class='ocrx_word' id='word_1_463' title='bbox 1122 852 1245 879; x_wconf 85' lang='grc' dir='ltr'>κίνδυνον</span> <span class='ocrx_word' id='word_1_464' title='bbox 1254 852 1394 887; x_wconf 82' lang='grc' dir='ltr'>φέροντος,</span> <span class='ocrx_word' id='word_1_465' title='bbox 1406 852 1454 886; x_wconf 85' lang='grc' dir='ltr'>τῆς</span> <span class='ocrx_word' id='word_1_466' title='bbox 1468 851 1552 886; x_wconf 83' lang='grc' dir='ltr'>τύχης</span> <span class='ocrx_word' id='word_1_467' title='bbox 1563 851 1609 878; x_wconf 75' lang='grc' dir='ltr'>καὶ</span> <span class='ocrx_word' id='word_1_468' title='bbox 1620 852 1797 886; x_wconf 75' lang='grc' dir='ltr'>εἱμαρμένης</span> 
     </span>
    </p>
   </div>
   <div class='ocr_carea' id='block_1_64' title="bbox 1007 897 1797 933">
    <p class='ocr_par' dir='ltr' id='par_1_64' title="bbox 1007 897 1797 933">
     <span class='ocr_line' id='line_1_65' title="bbox 1007 897 1797 933; baseline -0.003 -9"><span class='ocrx_word' id='word_1_469' title='bbox 1007 899 1054 925; x_wconf 63' lang='lat' dir='ltr'><strong>sui.</strong></span> <span class='ocrx_word' id='word_1_470' title='bbox 1085 898 1139 924; x_wconf 83' lang='grc' dir='ltr'><strong>τῶν</strong></span> <span class='ocrx_word' id='word_1_471' title='bbox 1167 898 1315 933; x_wconf 73' lang='grc' dir='ltr'>προῦπτων</span> <span class='ocrx_word' id='word_1_472' title='bbox 1347 898 1544 933; x_wconf 82' lang='grc' dir='ltr'>κοιμωμένης·</span> <span class='ocrx_word' id='word_1_473' title='bbox 1565 898 1581 932; x_wconf 80' lang='grc' dir='ltr'>ἦ</span> <span class='ocrx_word' id='word_1_474' title='bbox 1603 897 1797 932; x_wconf 73' lang='grc' dir='ltr'>γρηγορούτης</span> 
     </span>
    </p>
   </div>
   <div class='ocr_carea' id='block_1_65' title="bbox 1007 942 1796 980">
    <p class='ocr_par' dir='ltr' id='par_1_65' title="bbox 1007 942 1796 980">
     <span class='ocr_line' id='line_1_66' title="bbox 1007 942 1796 980; baseline -0.003 -10"><span class='ocrx_word' id='word_1_475' title='bbox 1007 944 1067 980; x_wconf 87' lang='grc' dir='ltr'>μὲν,</span> <span class='ocrx_word' id='word_1_476' title='bbox 1098 944 1181 979; x_wconf 85' lang='grc' dir='ltr'>μηδὲν</span> <span class='ocrx_word' id='word_1_477' title='bbox 1201 944 1228 970; x_wconf 80' lang='grc' dir='ltr'>δὲ</span> <span class='ocrx_word' id='word_1_478' title='bbox 1251 944 1403 978; x_wconf 77' lang='grc' dir='ltr'>δυναμένης</span> <span class='ocrx_word' id='word_1_479' title='bbox 1414 944 1632 978; x_wconf 78' lang='grc' dir='ltr'>ἀντιπράξασθαι</span> <span class='ocrx_word' id='word_1_480' title='bbox 1651 942 1725 969; x_wconf 72' lang='grc' dir='ltr'><strong>κιτᾶ</strong></span> <span class='ocrx_word' id='word_1_481' title='bbox 1748 944 1796 976; x_wconf 77' lang='grc' dir='ltr'>τῆς</span> 
     </span>
    </p>
   </div>
   <div class='ocr_carea' id='block_1_66' title="bbox 1007 989 1795 1027">
    <p class='ocr_par' dir='ltr' id='par_1_66' title="bbox 1007 989 1795 1027">
     <span class='ocr_line' id='line_1_67' title="bbox 1007 989 1795 1027; baseline -0.004 -10"><span class='ocrx_word' id='word_1_482' title='bbox 1007 991 1192 1027; x_wconf 84' lang='grc' dir='ltr'>προαιρέσεως</span> <span class='ocrx_word' id='word_1_483' title='bbox 1207 991 1262 1017; x_wconf 87' lang='grc' dir='ltr'>τῶν</span> <span class='ocrx_word' id='word_1_484' title='bbox 1281 990 1444 1026; x_wconf 80' lang='grc' dir='ltr'>ἀνθρώπων,</span> <span class='ocrx_word' id='word_1_485' title='bbox 1472 990 1533 1017; x_wconf 79' lang='grc' dir='ltr'>καθ’</span> <span class='ocrx_word' id='word_1_486' title='bbox 1545 990 1581 1025; x_wconf 80' lang='grc' dir='ltr'>ἢν</span> <span class='ocrx_word' id='word_1_487' title='bbox 1601 989 1633 1016; x_wconf 71' lang='grc' dir='ltr'>ἂν</span> <span class='ocrx_word' id='word_1_488' title='bbox 1646 989 1795 1024; x_wconf 79' lang='grc' dir='ltr'>βούλωνται</span> 
     </span>
    </p>
   </div>
   <div class='ocr_carea' id='block_1_67' title="bbox 1005 1034 1796 1070">
    <p class='ocr_par' dir='ltr' id='par_1_67' title="bbox 1005 1034 1796 1070">
     <span class='ocr_line' id='line_1_68' title="bbox 1005 1034 1796 1070; baseline -0.004 -8"><span class='ocrx_word' id='word_1_489' title='bbox 1005 1036 1039 1062; x_wconf 78' lang='grc' dir='ltr'><strong>τὰ</strong></span> <span class='ocrx_word' id='word_1_490' title='bbox 1054 1035 1097 1070; x_wconf 77' lang='grc' dir='ltr'><strong>ἐφ’</strong></span> <span class='ocrx_word' id='word_1_491' title='bbox 1115 1035 1208 1064; x_wconf 78' lang='grc' dir='ltr'>αὐτοῖς</span> <span class='ocrx_word' id='word_1_492' title='bbox 1231 1036 1383 1070; x_wconf 81' lang='grc' dir='ltr'>πράγματα</span> <span class='ocrx_word' id='word_1_493' title='bbox 1412 1036 1508 1070; x_wconf 77' lang='grc' dir='ltr'>ἄγουσι</span> <span class='ocrx_word' id='word_1_494' title='bbox 1523 1035 1570 1061; x_wconf 53' lang='grc' dir='ltr'><strong>καὶ⁵</strong></span> <span class='ocrx_word' id='word_1_495' title='bbox 1599 1035 1742 1070; x_wconf 74' lang='grc' dir='ltr'>φέρουσιν,</span> <span class='ocrx_word' id='word_1_496' title='bbox 1761 1034 1796 1066; x_wconf 84' lang='grc' dir='ltr'><strong>ὡς</strong></span> 
     </span>
    </p>
   </div>
   <div class='ocr_carea' id='block_1_68' title="bbox 1005 1081 1796 1118">
    <p class='ocr_par' dir='ltr' id='par_1_68' title="bbox 1005 1081 1796 1118">
     <span class='ocr_line' id='line_1_69' title="bbox 1005 1081 1796 1118; baseline -0.003 -10"><span class='ocrx_word' id='word_1_497' title='bbox 1005 1083 1052 1109; x_wconf 74' lang='grc' dir='ltr'><strong>καὶ</strong></span> <span class='ocrx_word' id='word_1_498' title='bbox 1066 1083 1091 1108; x_wconf 71' lang='lat' dir='ltr'><strong>ot</strong></span> <span class='ocrx_word' id='word_1_499' title='bbox 1109 1082 1158 1108; x_wconf 80' lang='grc' dir='ltr'><strong>σὺν</strong></span> <span class='ocrx_word' id='word_1_500' title='bbox 1170 1082 1209 1117; x_wconf 82' lang='grc' dir='ltr'>τῷ</span> <span class='ocrx_word' id='word_1_501' title='bbox 1224 1082 1322 1118; x_wconf 83' lang='grc' dir='ltr'>Παύλῳ</span> <span class='ocrx_word' id='word_1_502' title='bbox 1336 1082 1528 1117; x_wconf 80' lang='grc' dir='ltr'>ἐκδημοῦντες.</span> <span class='ocrx_word' id='word_1_503' title='bbox 1545 1081 1623 1107; x_wconf 76' lang='grc' dir='ltr'><strong>Οὕτω</strong></span> <span class='ocrx_word' id='word_1_504' title='bbox 1651 1081 1710 1115; x_wconf 84' lang='grc' dir='ltr'><strong>γὰρ</strong></span> <span class='ocrx_word' id='word_1_505' title='bbox 1730 1081 1796 1109; x_wconf 68' lang='grc' dir='ltr'>κατὰ</span> 
     </span>
    </p>
   </div>
   <div class='ocr_carea' id='block_1_69' title="bbox 1007 1127 1795 1163">
    <p class='ocr_par' dir='ltr' id='par_1_69' title="bbox 1007 1127 1795 1163">
     <span class='ocr_line' id='line_1_70' title="bbox 1007 1127 1795 1163; baseline -0.004 -8"><span class='ocrx_word' id='word_1_506' title='bbox 1007 1127 1169 1163; x_wconf 79' lang='grc' dir='ltr'>προαίρεσιν</span> <span class='ocrx_word' id='word_1_507' title='bbox 1183 1128 1328 1163; x_wconf 73' lang='grc' dir='ltr'>ἔπραττον,</span> <span class='ocrx_word' id='word_1_508' title='bbox 1346 1129 1386 1154; x_wconf 79' lang='grc' dir='ltr'>ὅτι</span> <span class='ocrx_word' id='word_1_509' title='bbox 1414 1128 1514 1159; x_wconf 80' lang='grc' dir='ltr'>εὐθέως</span> <span class='ocrx_word' id='word_1_510' title='bbox 1528 1127 1682 1161; x_wconf 75' lang='grc' dir='ltr'><strong>ἐπιτηδείου</strong></span> <span class='ocrx_word' id='word_1_511' title='bbox 1707 1128 1795 1153; x_wconf 76' lang='grc' dir='ltr'>ἐπιτυ-</span> 
     </span>
    </p>
   </div>
   <div class='ocr_carea' id='block_1_70' title="bbox 1006 1171 1796 1208">
    <p class='ocr_par' dir='ltr' id='par_1_70' title="bbox 1006 1171 1796 1208">
     <span class='ocr_line' id='line_1_71' title="bbox 1006 1171 1796 1208; baseline -0.004 -9"><span class='ocrx_word' id='word_1_512' title='bbox 1006 1173 1098 1208; x_wconf 85' lang='grc' dir='ltr'>χόντες</span> <span class='ocrx_word' id='word_1_513' title='bbox 1114 1172 1227 1208; x_wconf 80' lang='grc' dir='ltr'>ἀνέμου,</span> <span class='ocrx_word' id='word_1_514' title='bbox 1240 1173 1380 1208; x_wconf 86' lang='grc' dir='ltr'>χαίροντες</span> <span class='ocrx_word' id='word_1_515' title='bbox 1393 1173 1501 1208; x_wconf 83' lang='grc' dir='ltr'>διήνυον</span> <span class='ocrx_word' id='word_1_516' title='bbox 1516 1172 1562 1199; x_wconf 80' lang='grc' dir='ltr'>τὸν</span> <span class='ocrx_word' id='word_1_517' title='bbox 1577 1172 1674 1199; x_wconf 83' lang='grc' dir='ltr'>πλοῦν.</span> <span class='ocrx_word' id='word_1_518' title='bbox 1701 1171 1796 1198; x_wconf 76' lang='grc' dir='ltr'>Ίστὲον</span> 
     </span>
    </p>
   </div>
   <div class='ocr_carea' id='block_1_71' title="bbox 1007 1218 1795 1254">
    <p class='ocr_par' dir='ltr' id='par_1_71' title="bbox 1007 1218 1795 1254">
     <span class='ocr_line' id='line_1_72' title="bbox 1007 1218 1795 1254; baseline -0.003 -8"><span class='ocrx_word' id='word_1_519' title='bbox 1007 1220 1046 1252; x_wconf 74' lang='grc' dir='ltr'>δὲ,</span> <span class='ocrx_word' id='word_1_520' title='bbox 1059 1220 1099 1246; x_wconf 83' lang='grc' dir='ltr'>ὅτι</span> <span class='ocrx_word' id='word_1_521' title='bbox 1117 1229 1125 1245; x_wconf 81' lang='grc' dir='ltr'><strong>ι</strong></span> <span class='ocrx_word' id='word_1_522' title='bbox 1143 1220 1172 1246; x_wconf 76' lang='grc' dir='ltr'><strong>τὸ</strong></span> <span class='ocrx_word' id='word_1_523' title='bbox 1185 1219 1413 1254; x_wconf 80' lang='grc' dir='ltr'>ἀντοφθαλμεῖν,›</span> <span class='ocrx_word' id='word_1_524' title='bbox 1433 1219 1480 1245; x_wconf 75' lang='grc' dir='ltr'><strong>ἐπὶ</strong></span> <span class='ocrx_word' id='word_1_525' title='bbox 1506 1219 1599 1245; x_wconf 77' lang='grc' dir='ltr'>πλοίου</span> <span class='ocrx_word' id='word_1_526' title='bbox 1624 1218 1728 1252; x_wconf 77' lang='grc' dir='ltr'>λέγειν,</span> <span class='ocrx_word' id='word_1_527' title='bbox 1750 1218 1795 1244; x_wconf 82' lang='grc' dir='ltr'>οὐκ</span> 
     </span>
    </p>
   </div>
   <div class='ocr_carea' id='block_1_72' title="bbox 1007 1263 1796 1301">
    <p class='ocr_par' dir='ltr' id='par_1_72' title="bbox 1007 1263 1796 1301">
     <span class='ocr_line' id='line_1_73' title="bbox 1007 1263 1796 1301; baseline -0.005 -9"><span class='ocrx_word' id='word_1_528' title='bbox 1007 1265 1065 1292; x_wconf 77' lang='grc' dir='ltr'>ἐστι</span> <span class='ocrx_word' id='word_1_529' title='bbox 1084 1265 1272 1301; x_wconf 82' lang='grc' dir='ltr'>κυριολεξίας·</span> <span class='ocrx_word' id='word_1_530' title='bbox 1299 1264 1380 1291; x_wconf 84' lang='grc' dir='ltr'>τοῦτο</span> <span class='ocrx_word' id='word_1_531' title='bbox 1402 1265 1456 1300; x_wconf 79' lang='grc' dir='ltr'><strong>γὰρ</strong></span> <span class='ocrx_word' id='word_1_532' title='bbox 1482 1265 1527 1291; x_wconf 75' lang='grc' dir='ltr'><strong>ἐπὶ</strong></span> <span class='ocrx_word' id='word_1_533' title='bbox 1547 1263 1696 1299; x_wconf 81' lang='grc' dir='ltr'>ἀνθρώπου</span> <span class='ocrx_word' id='word_1_534' title='bbox 1721 1263 1796 1297; x_wconf 81' lang='grc' dir='ltr'>μόνον</span> 
     </span>
    </p>
   </div>
   <div class='ocr_carea' id='block_1_73' title="bbox 1007 1308 1797 1346">
    <p class='ocr_par' dir='ltr' id='par_1_73' title="bbox 1007 1308 1797 1346">
     <span class='ocr_line' id='line_1_74' title="bbox 1007 1308 1797 1346; baseline -0.005 -8"><span class='ocrx_word' id='word_1_535' title='bbox 1007 1311 1131 1346; x_wconf 78' lang='grc' dir='ltr'>ἁρμόζει.</span> <span class='ocrx_word' id='word_1_536' title='bbox 1147 1311 1230 1337; x_wconf 80' lang='grc' dir='ltr'>’Ὥστε</span> <span class='ocrx_word' id='word_1_537' title='bbox 1246 1311 1276 1337; x_wconf 78' lang='grc' dir='ltr'>οὐ</span> <span class='ocrx_word' id='word_1_538' title='bbox 1290 1311 1332 1337; x_wconf 84' lang='grc' dir='ltr'>δεῖ</span> <span class='ocrx_word' id='word_1_539' title='bbox 1346 1310 1533 1346; x_wconf 81' lang='grc' dir='ltr'>κυριολεκτεῖν</span> <span class='ocrx_word' id='word_1_540' title='bbox 1546 1311 1672 1336; x_wconf 71' lang='grc' dir='ltr'>ἀπαιτεῖν</span> <span class='ocrx_word' id='word_1_541' title='bbox 1699 1309 1742 1335; x_wconf 78' lang='grc' dir='ltr'><strong>ἀεὶ</strong></span> <span class='ocrx_word' id='word_1_542' title='bbox 1752 1308 1797 1342; x_wconf 75' lang='grc' dir='ltr'>τὴν</span> 
     </span>
    </p>
   </div>
   <div class='ocr_carea' id='block_1_74' title="bbox 1010 1353 1798 1393">
    <p class='ocr_par' dir='ltr' id='par_1_74' title="bbox 1010 1353 1798 1393">
     <span class='ocr_line' id='line_1_75' title="bbox 1010 1353 1798 1393; baseline -0.006 -9"><span class='ocrx_word' id='word_1_543' title='bbox 1010 1358 1133 1393; x_wconf 77' lang='grc' dir='ltr'>Γραφήν.</span> <span class='ocrx_word' id='word_1_544' title='bbox 1159 1367 1168 1383; x_wconf 76' lang='grc' dir='ltr'><strong>ι</strong></span> <span class='ocrx_word' id='word_1_545' title='bbox 1187 1357 1313 1392; x_wconf 85' lang='grc' dir='ltr'>Σφοδρῶς</span> <span class='ocrx_word' id='word_1_546' title='bbox 1339 1356 1400 1383; x_wconf 75' lang='grc' dir='ltr'><strong>δέ.»</strong></span> <span class='ocrx_word' id='word_1_547' title='bbox 1437 1356 1474 1382; x_wconf 78' lang='grc' dir='ltr'><strong>Τὸ</strong></span> <span class='ocrx_word' id='word_1_548' title='bbox 1505 1357 1554 1391; x_wconf 85' lang='grc' dir='ltr'>μὲν</span> <span class='ocrx_word' id='word_1_549' title='bbox 1580 1353 1626 1381; x_wconf 84' lang='grc' dir='ltr'>οὖν</span> <span class='ocrx_word' id='word_1_550' title='bbox 1652 1355 1798 1389; x_wconf 83' lang='grc' dir='ltr'>γενόμενον</span> 
     </span>
    </p>
   </div>
   <div class='ocr_carea' id='block_1_75' title="bbox 1010 1400 1798 1437">
    <p class='ocr_par' dir='ltr' id='par_1_75' title="bbox 1010 1400 1798 1437">
     <span class='ocr_line' id='line_1_76' title="bbox 1010 1400 1798 1437; baseline -0.006 -8"><span class='ocrx_word' id='word_1_551' title='bbox 1010 1403 1149 1437; x_wconf 81' lang='grc' dir='ltr'>ναυάγιον,</span> <span class='ocrx_word' id='word_1_552' title='bbox 1164 1403 1218 1429; x_wconf 79' lang='grc' dir='ltr'><strong>ἀπὸ</strong></span> <span class='ocrx_word' id='word_1_553' title='bbox 1234 1402 1281 1428; x_wconf 79' lang='grc' dir='ltr'><strong>τοῦ</strong></span> <span class='ocrx_word' id='word_1_554' title='bbox 1298 1403 1392 1437; x_wconf 77' lang='grc' dir='ltr'>καιροῦ</span> <span class='ocrx_word' id='word_1_555' title='bbox 1421 1402 1540 1435; x_wconf 73' lang='grc' dir='ltr'>ἐγένετο,</span> <span class='ocrx_word' id='word_1_556' title='bbox 1563 1400 1657 1435; x_wconf 77' lang='grc' dir='ltr'>ἐπειδὴ</span> <span class='ocrx_word' id='word_1_557' title='bbox 1677 1400 1766 1435; x_wconf 80' lang='grc' dir='ltr'>μέγας</span> <span class='ocrx_word' id='word_1_558' title='bbox 1786 1401 1798 1424; x_wconf 67' lang='lat'><strong><em>&#39;3</em></strong></span> 
     </span>
    </p>
   </div>
   <div class='ocr_carea' id='block_1_76' title="bbox 1007 1446 1795 1484">
    <p class='ocr_par' dir='ltr' id='par_1_76' title="bbox 1007 1446 1795 1484">
     <span class='ocr_line' id='line_1_77' title="bbox 1007 1446 1795 1484; baseline -0.005 -9"><span class='ocrx_word' id='word_1_559' title='bbox 1007 1448 1173 1484; x_wconf 63' lang='grc' dir='ltr'>χειμὼνθτδ</span> <span class='ocrx_word' id='word_1_560' title='bbox 1202 1449 1232 1475; x_wconf 71' lang='grc' dir='ltr'>δὲ</span> <span class='ocrx_word' id='word_1_561' title='bbox 1254 1447 1347 1482; x_wconf 77' lang='grc' dir='ltr'>θαῦμα</span> <span class='ocrx_word' id='word_1_562' title='bbox 1365 1447 1468 1483; x_wconf 76' lang='grc' dir='ltr'>μεῖζον,</span> <span class='ocrx_word' id='word_1_563' title='bbox 1493 1448 1533 1473; x_wconf 83' lang='grc' dir='ltr'>ὅτι</span> <span class='ocrx_word' id='word_1_564' title='bbox 1561 1446 1649 1481; x_wconf 74' lang='grc' dir='ltr'>καιρῷ</span> <span class='ocrx_word' id='word_1_565' title='bbox 1682 1446 1795 1480; x_wconf 68' lang='grc' dir='ltr'>τοιούτῳ</span> 
     </span>
    </p>
   </div>
   <div class='ocr_carea' id='block_1_77' title="bbox 1009 1491 1799 1529">
    <p class='ocr_par' dir='ltr' id='par_1_77' title="bbox 1009 1491 1799 1529">
     <span class='ocr_line' id='line_1_78' title="bbox 1009 1491 1799 1529; baseline -0.006 -8"><span class='ocrx_word' id='word_1_566' title='bbox 1009 1495 1041 1521; x_wconf 85' lang='grc' dir='ltr'>ὲκ</span> <span class='ocrx_word' id='word_1_567' title='bbox 1054 1495 1144 1529; x_wconf 84' lang='grc' dir='ltr'>μέσων</span> <span class='ocrx_word' id='word_1_568' title='bbox 1169 1494 1312 1529; x_wconf 75' lang='grc' dir='ltr'>ἐσώθησαν</span> <span class='ocrx_word' id='word_1_569' title='bbox 1336 1492 1390 1519; x_wconf 86' lang='grc' dir='ltr'>τῶν</span> <span class='ocrx_word' id='word_1_570' title='bbox 1404 1492 1535 1519; x_wconf 77' lang='grc' dir='ltr'>κινδύνων</span> <span class='ocrx_word' id='word_1_571' title='bbox 1548 1492 1629 1522; x_wconf 72' lang='grc' dir='ltr'>αὐτός</span> <span class='ocrx_word' id='word_1_572' title='bbox 1643 1500 1674 1517; x_wconf 83' lang='grc' dir='ltr'><strong>τε</strong></span> <span class='ocrx_word' id='word_1_573' title='bbox 1692 1492 1707 1517; x_wconf 86' lang='grc' dir='ltr'>ὀ</span> <span class='ocrx_word' id='word_1_574' title='bbox 1721 1491 1799 1517; x_wconf 80' lang='grc' dir='ltr'>Ἀπό-</span> 
     </span>
    </p>
   </div>
   <div class='ocr_carea' id='block_1_78' title="bbox 1009 1538 1796 1573">
    <p class='ocr_par' dir='ltr' id='par_1_78' title="bbox 1009 1538 1796 1573">
     <span class='ocr_line' id='line_1_79' title="bbox 1009 1538 1796 1573; baseline -0.005 -6"><span class='ocrx_word' id='word_1_575' title='bbox 1009 1541 1113 1573; x_wconf 83' lang='grc' dir='ltr'>στολος,</span> <span class='ocrx_word' id='word_1_576' title='bbox 1131 1540 1177 1567; x_wconf 80' lang='grc' dir='ltr'>καὶ</span> <span class='ocrx_word' id='word_1_577' title='bbox 1192 1540 1225 1567; x_wconf 84' lang='grc' dir='ltr'>δι’</span> <span class='ocrx_word' id='word_1_578' title='bbox 1246 1540 1328 1566; x_wconf 79' lang='grc' dir='ltr'>αὐτὸν</span> <span class='ocrx_word' id='word_1_579' title='bbox 1345 1540 1371 1566; x_wconf 83' lang='lat' dir='ltr'><strong>ot</strong></span> <span class='ocrx_word' id='word_1_580' title='bbox 1382 1539 1484 1565; x_wconf 85' lang='grc' dir='ltr'>λοιποί·</span> <span class='ocrx_word' id='word_1_581' title='bbox 1501 1538 1571 1565; x_wconf 77' lang='grc' dir='ltr'>ὥστε</span> <span class='ocrx_word' id='word_1_582' title='bbox 1585 1538 1615 1564; x_wconf 85' lang='grc' dir='ltr'>οὺ</span> <span class='ocrx_word' id='word_1_583' title='bbox 1631 1538 1796 1573; x_wconf 70' lang='grc' dir='ltr'>διέψευσται.</span> 
     </span>
    </p>
   </div>
   <div class='ocr_carea' id='block_1_79' title="bbox 1010 1582 1797 1621">
    <p class='ocr_par' dir='ltr' id='par_1_79' title="bbox 1010 1582 1797 1621">
     <span class='ocr_line' id='line_1_80' title="bbox 1010 1582 1797 1621; baseline -0.006 -8"><span class='ocrx_word' id='word_1_584' title='bbox 1010 1595 1020 1612; x_wconf 82' lang='grc'><strong>‹</strong></span> <span class='ocrx_word' id='word_1_585' title='bbox 1037 1587 1090 1613; x_wconf 77' lang='grc' dir='ltr'><strong>Καὶ</strong></span> <span class='ocrx_word' id='word_1_586' title='bbox 1103 1586 1158 1613; x_wconf 76' lang='grc' dir='ltr'>ίδοὺ</span> <span class='ocrx_word' id='word_1_587' title='bbox 1171 1585 1362 1621; x_wconf 65' lang='grc' dir='ltr'>κεχάρισται.»</span> <span class='ocrx_word' id='word_1_588' title='bbox 1382 1584 1523 1611; x_wconf 73' lang='grc' dir='ltr'><strong>Ἐντεῦθεν</strong></span> <span class='ocrx_word' id='word_1_589' title='bbox 1536 1584 1677 1610; x_wconf 73' lang='grc' dir='ltr'>δείκνυται</span> <span class='ocrx_word' id='word_1_590' title='bbox 1703 1582 1797 1618; x_wconf 71' lang='grc' dir='ltr'>ψευδὲς</span> 
     </span>
    </p>
   </div>
   <div class='ocr_carea' id='block_1_80' title="bbox 1005 1631 1434 1669">
    <p class='ocr_par' dir='ltr' id='par_1_80' title="bbox 1005 1631 1434 1669">
     <span class='ocr_line' id='line_1_81' title="bbox 1005 1631 1434 1669; baseline -0.007 0"><span class='ocrx_word' id='word_1_591' title='bbox 1005 1631 1037 1658; x_wconf 72' lang='grc' dir='ltr'>τὸ</span> <span class='ocrx_word' id='word_1_592' title='bbox 1053 1633 1118 1669; x_wconf 54' lang='grc' dir='ltr'>παρ’</span> <span class='ocrx_word' id='word_1_593' title='bbox 1140 1632 1252 1667; x_wconf 77' lang='grc' dir='ltr'>Ὁμήρῳ</span> <span class='ocrx_word' id='word_1_594' title='bbox 1265 1631 1409 1667; x_wconf 74' lang='grc' dir='ltr'>εἰρημένον</span> <span class='ocrx_word' id='word_1_595' title='bbox 1426 1638 1434 1646; x_wconf 88' lang='grc'><strong>·</strong></span> 
     </span>
    </p>
   </div>
   <div class='ocr_carea' id='block_1_81' title="bbox 1004 1720 1798 1765">
    <p class='ocr_par' dir='ltr' id='par_1_81' title="bbox 1004 1720 1798 1765">
     <span class='ocr_line' id='line_1_82' title="bbox 1004 1720 1798 1765; baseline -0.005 -14"><span class='ocrx_word' id='word_1_596' title='bbox 1004 1723 1118 1758; x_wconf 81' lang='grc' dir='ltr'>Μοῖραν</span> <span class='ocrx_word' id='word_1_597' title='bbox 1136 1723 1161 1750; x_wconf 75' lang='grc' dir='ltr'>δ’</span> <span class='ocrx_word' id='word_1_598' title='bbox 1176 1723 1212 1751; x_wconf 80' lang='grc' dir='ltr'>οὔ</span> <span class='ocrx_word' id='word_1_599' title='bbox 1224 1723 1291 1750; x_wconf 80' lang='grc' dir='ltr'>τινά</span> <span class='ocrx_word' id='word_1_600' title='bbox 1312 1731 1390 1757; x_wconf 69' lang='grc' dir='ltr'>φημι</span> <span class='ocrx_word' id='word_1_601' title='bbox 1403 1721 1593 1757; x_wconf 62' lang='grc' dir='ltr'>πεφυγμένον</span> <span class='ocrx_word' id='word_1_602' title='bbox 1610 1720 1734 1765; x_wconf 44' lang='lat' dir='ltr'><strong>Emeser</strong></span> <span class='ocrx_word' id='word_1_603' title='bbox 1749 1721 1798 1747; x_wconf 80' lang='grc' dir='ltr'><strong>ἁν-</strong></span> 
     </span>
    </p>
   </div>
   <div class='ocr_carea' id='block_1_82' title="bbox 1008 1756 1796 1863">
    <p class='ocr_par' dir='ltr' id='par_1_82' title="bbox 1008 1756 1796 1863">
     <span class='ocr_line' id='line_1_83' title="bbox 1008 1756 1796 1863; baseline -0.004 -42"><span class='ocrx_word' id='word_1_604' title='bbox 1008 1794 1049 1821; x_wconf 75' lang='grc' dir='ltr'>οὺ</span> <span class='ocrx_word' id='word_1_605' title='bbox 1065 1794 1160 1821; x_wconf 78' lang='grc' dir='ltr'>κακὸν</span> <span class='ocrx_word' id='word_1_606' title='bbox 1174 1793 1246 1821; x_wconf 84' lang='grc' dir='ltr'>οὐδὲ</span> <span class='ocrx_word' id='word_1_607' title='bbox 1258 1793 1316 1828; x_wconf 79' lang='grc' dir='ltr'><strong>μὲν</strong></span> <span class='ocrx_word' id='word_1_608' title='bbox 1328 1793 1452 1825; x_wconf 76' lang='grc' dir='ltr'>ἐσθλὸν,</span> <span class='ocrx_word' id='word_1_609' title='bbox 1469 1792 1549 1827; x_wconf 81' lang='grc' dir='ltr'><strong>ἐπὴν</strong></span> <span class='ocrx_word' id='word_1_610' title='bbox 1564 1793 1600 1819; x_wconf 83' lang='grc' dir='ltr'>τὰ</span> <span class='ocrx_word' id='word_1_611' title='bbox 1622 1756 1796 1863; x_wconf 33' lang='lat'><strong>1%???—</strong></span> 
     </span>
     <span class='ocr_line' id='line_1_84' title="bbox 1665 1836 1762 1860; baseline 0 -7"><span class='ocrx_word' id='word_1_612' title='bbox 1665 1836 1762 1860; x_wconf 82' lang='grc' dir='ltr'>νηται.</span> 
     </span>
    </p>
   </div>
   <div class='ocr_carea' id='block_1_83' title="bbox 1665 1836 1762 1860">
    <p class='ocr_par' dir='ltr' id='par_1_83' title="bbox 1665 1836 1762 1860">
     <span class='ocr_line' id='line_1_85' title="bbox 1665 1836 1762 1860; baseline 0 -7"><span class='ocrx_word' id='word_1_613' title='bbox 1665 1836 1762 1860; x_wconf 82' lang='grc' dir='ltr'>νηται.</span> 
     </span>
    </p>
   </div>
   <div class='ocr_carea' id='block_1_84' title="bbox 1041 1873 1795 1909">
    <p class='ocr_par' dir='ltr' id='par_1_84' title="bbox 1041 1873 1795 1909">
     <span class='ocr_line' id='line_1_86' title="bbox 1041 1873 1795 1909; baseline -0.007 -7"><span class='ocrx_word' id='word_1_614' title='bbox 1041 1874 1203 1908; x_wconf 80' lang='grc' dir='ltr'>Τουτέστιν,</span> <span class='ocrx_word' id='word_1_615' title='bbox 1223 1874 1368 1901; x_wconf 77' lang='grc' dir='ltr'>’Δδύνατον</span> <span class='ocrx_word' id='word_1_616' title='bbox 1383 1874 1512 1909; x_wconf 76' lang='grc' dir='ltr'>ἐκφυγεῖν</span> <span class='ocrx_word' id='word_1_617' title='bbox 1531 1873 1581 1909; x_wconf 75' lang='grc' dir='ltr'>τὴν</span> <span class='ocrx_word' id='word_1_618' title='bbox 1601 1873 1649 1900; x_wconf 83' lang='grc' dir='ltr'><strong>τοῦ</strong></span> <span class='ocrx_word' id='word_1_619' title='bbox 1684 1873 1795 1899; x_wconf 77' lang='grc' dir='ltr'>θανάτου</span> 
     </span>
    </p>
   </div>
   <div class='ocr_carea' id='block_1_85' title="bbox 1008 1918 1795 1957">
    <p class='ocr_par' dir='ltr' id='par_1_85' title="bbox 1008 1918 1795 1957">
     <span class='ocr_line' id='line_1_87' title="bbox 1008 1918 1795 1957; baseline -0.005 -10"><span class='ocrx_word' id='word_1_620' title='bbox 1008 1921 1190 1957; x_wconf 67' lang='grc' dir='ltr'>εἱμαρμένην,</span> <span class='ocrx_word' id='word_1_621' title='bbox 1200 1920 1257 1955; x_wconf 76' lang='grc' dir='ltr'>ἅμα</span> <span class='ocrx_word' id='word_1_622' title='bbox 1268 1921 1301 1956; x_wconf 82' lang='grc' dir='ltr'><strong>τῇ</strong></span> <span class='ocrx_word' id='word_1_623' title='bbox 1313 1920 1438 1955; x_wconf 85' lang='grc' dir='ltr'>γεννήσει</span> <span class='ocrx_word' id='word_1_624' title='bbox 1447 1918 1644 1955; x_wconf 76' lang='grc' dir='ltr'>ὁρίζουσαντοῦ</span> <span class='ocrx_word' id='word_1_625' title='bbox 1654 1918 1795 1955; x_wconf 82' lang='grc' dir='ltr'>ἀνθρώπου</span> 
     </span>
    </p>
   </div>
   <div class='ocr_carea' id='block_1_86' title="bbox 1007 1963 1794 2002">
    <p class='ocr_par' dir='ltr' id='par_1_86' title="bbox 1007 1963 1794 2002">
     <span class='ocr_line' id='line_1_88' title="bbox 1007 1963 1794 2002; baseline -0.004 -9"><span class='ocrx_word' id='word_1_626' title='bbox 1007 1967 1055 1993; x_wconf 80' lang='grc' dir='ltr'>τὸν</span> <span class='ocrx_word' id='word_1_627' title='bbox 1072 1966 1196 1994; x_wconf 83' lang='grc' dir='ltr'>θάνατον.</span> <span class='ocrx_word' id='word_1_628' title='bbox 1210 1967 1275 1993; x_wconf 81' lang='grc' dir='ltr'>Ἰδοὺ</span> <span class='ocrx_word' id='word_1_629' title='bbox 1284 1966 1349 2002; x_wconf 79' lang='grc' dir='ltr'>γὰρ,</span> <span class='ocrx_word' id='word_1_630' title='bbox 1361 1967 1386 1992; x_wconf 79' lang='grc' dir='ltr'><strong>εί</strong></span> <span class='ocrx_word' id='word_1_631' title='bbox 1397 1966 1434 2002; x_wconf 76' lang='grc' dir='ltr'>μὴ</span> <span class='ocrx_word' id='word_1_632' title='bbox 1442 1966 1484 1992; x_wconf 73' lang='grc' dir='ltr'><strong>διὰ</strong></span> <span class='ocrx_word' id='word_1_633' title='bbox 1499 1965 1605 1992; x_wconf 87' lang='grc' dir='ltr'>Παύλου</span> <span class='ocrx_word' id='word_1_634' title='bbox 1618 1963 1794 2000; x_wconf 70' lang='grc' dir='ltr'>[ἐσώθησανῇ</span> 
     </span>
    </p>
   </div>
   <div class='ocr_carea' id='block_1_87' title="bbox 1009 2010 1794 2048">
    <p class='ocr_par' dir='ltr' id='par_1_87' title="bbox 1009 2010 1794 2048">
     <span class='ocr_line' id='line_1_89' title="bbox 1009 2010 1794 2048; baseline -0.004 -9"><span class='ocrx_word' id='word_1_635' title='bbox 1009 2013 1109 2044; x_wconf 84' lang='grc' dir='ltr'>πάντες</span> <span class='ocrx_word' id='word_1_636' title='bbox 1118 2010 1191 2048; x_wconf 70' lang='grc' dir='ltr'>εἶχον</span> <span class='ocrx_word' id='word_1_637' title='bbox 1201 2014 1229 2039; x_wconf 78' lang='grc' dir='ltr'><strong>εν</strong></span> <span class='ocrx_word' id='word_1_638' title='bbox 1240 2012 1278 2047; x_wconf 85' lang='grc' dir='ltr'><strong>τῷ</strong></span> <span class='ocrx_word' id='word_1_639' title='bbox 1287 2013 1371 2048; x_wconf 82' lang='grc' dir='ltr'>πλοίῳ</span> <span class='ocrx_word' id='word_1_640' title='bbox 1380 2012 1538 2043; x_wconf 69' lang='grc' dir='ltr'>ἀπολέσθαι·</span> <span class='ocrx_word' id='word_1_641' title='bbox 1553 2011 1599 2038; x_wconf 84' lang='grc' dir='ltr'><strong>τοῦ</strong></span> <span class='ocrx_word' id='word_1_642' title='bbox 1611 2010 1680 2037; x_wconf 78' lang='grc' dir='ltr'>Θεοῦ</span> <span class='ocrx_word' id='word_1_643' title='bbox 1689 2010 1794 2041; x_wconf 76' lang='grc' dir='ltr'>τούτους</span> 
     </span>
    </p>
   </div>
   <div class='ocr_carea' id='block_1_88' title="bbox 1012 2056 1793 2095">
    <p class='ocr_par' dir='ltr' id='par_1_88' title="bbox 1012 2056 1793 2095">
     <span class='ocr_line' id='line_1_90' title="bbox 1012 2056 1793 2095; baseline -0.005 -10"><span class='ocrx_word' id='word_1_644' title='bbox 1012 2059 1176 2095; x_wconf 79' lang='grc' dir='ltr'>ῥυσαμένου,</span> <span class='ocrx_word' id='word_1_645' title='bbox 1185 2059 1250 2093; x_wconf 81' lang='grc' dir='ltr'>τιμῇ</span> <span class='ocrx_word' id='word_1_646' title='bbox 1258 2058 1304 2085; x_wconf 86' lang='grc' dir='ltr'><strong>τοῦ</strong></span> <span class='ocrx_word' id='word_1_647' title='bbox 1315 2059 1430 2086; x_wconf 88' lang='grc' dir='ltr'>δικαίου,</span> <span class='ocrx_word' id='word_1_648' title='bbox 1445 2058 1559 2085; x_wconf 83' lang='grc' dir='ltr'>Ἔπειτα</span> <span class='ocrx_word' id='word_1_649' title='bbox 1569 2058 1597 2084; x_wconf 78' lang='grc' dir='ltr'>δὲ</span> <span class='ocrx_word' id='word_1_650' title='bbox 1608 2058 1632 2083; x_wconf 86' lang='grc' dir='ltr'><strong>εί</strong></span> <span class='ocrx_word' id='word_1_651' title='bbox 1643 2056 1793 2092; x_wconf 72' lang='grc' dir='ltr'>εἱμαρμένη</span> 
     </span>
    </p>
   </div>
   <div class='ocr_carea' id='block_1_89' title="bbox 1009 2101 1794 2140">
    <p class='ocr_par' dir='ltr' id='par_1_89' title="bbox 1009 2101 1794 2140">
     <span class='ocr_line' id='line_1_91' title="bbox 1009 2101 1794 2140; baseline -0.004 -10"><span class='ocrx_word' id='word_1_652' title='bbox 1009 2102 1043 2140; x_wconf 79' lang='grc' dir='ltr'>ἦν</span> <span class='ocrx_word' id='word_1_653' title='bbox 1054 2103 1083 2130; x_wconf 72' lang='grc' dir='ltr'><strong>τδ</strong></span> <span class='ocrx_word' id='word_1_654' title='bbox 1099 2103 1202 2133; x_wconf 79' lang='grc' dir='ltr'>πάντας</span> <span class='ocrx_word' id='word_1_655' title='bbox 1215 2103 1376 2135; x_wconf 81' lang='grc' dir='ltr'>ἀπολέσθαι,</span> <span class='ocrx_word' id='word_1_656' title='bbox 1389 2101 1461 2138; x_wconf 76' lang='grc' dir='ltr'>εἶχεν</span> <span class='ocrx_word' id='word_1_657' title='bbox 1478 2103 1510 2130; x_wconf 80' lang='grc' dir='ltr'>ἂν</span> <span class='ocrx_word' id='word_1_658' title='bbox 1524 2103 1572 2129; x_wconf 72' lang='grc' dir='ltr'><strong>καὶ</strong></span> <span class='ocrx_word' id='word_1_659' title='bbox 1582 2104 1596 2130; x_wconf 82' lang='grc' dir='ltr'>ὁ</span> <span class='ocrx_word' id='word_1_660' title='bbox 1611 2102 1720 2134; x_wconf 82' lang='grc' dir='ltr'>Παῦλος</span> <span class='ocrx_word' id='word_1_661' title='bbox 1735 2103 1794 2128; x_wconf 69' lang='lat' dir='ltr'><strong>dm-</strong></span> 
     </span>
    </p>
   </div>
   <div class='ocr_carea' id='block_1_90' title="bbox 1006 2148 1790 2186">
    <p class='ocr_par' dir='ltr' id='par_1_90' title="bbox 1006 2148 1790 2186">
     <span class='ocr_line' id='line_1_92' title="bbox 1006 2148 1790 2186; baseline -0.003 -10"><span class='ocrx_word' id='word_1_662' title='bbox 1006 2150 1099 2177; x_wconf 81' lang='grc' dir='ltr'>λέσθαι</span> <span class='ocrx_word' id='word_1_663' title='bbox 1113 2154 1122 2165; x_wconf 87' lang='grc'><strong><em>⁸</em></strong></span> <span class='ocrx_word' id='word_1_664' title='bbox 1143 2151 1210 2185; x_wconf 67' lang='grc' dir='ltr'>φησι</span> <span class='ocrx_word' id='word_1_665' title='bbox 1223 2149 1276 2186; x_wconf 83' lang='grc' dir='ltr'><strong>γάρ</strong></span> <span class='ocrx_word' id='word_1_666' title='bbox 1289 2158 1295 2165; x_wconf 93' lang='grc'><strong>·</strong></span> <span class='ocrx_word' id='word_1_667' title='bbox 1312 2159 1322 2176; x_wconf 74' lang='grc' dir='ltr'><strong>ι</strong></span> <span class='ocrx_word' id='word_1_668' title='bbox 1335 2150 1372 2176; x_wconf 85' lang='grc' dir='ltr'><strong>Οὐ</strong></span> <span class='ocrx_word' id='word_1_669' title='bbox 1393 2149 1487 2181; x_wconf 75' lang='grc' dir='ltr'>κακὸν,</span> <span class='ocrx_word' id='word_1_670' title='bbox 1517 2149 1578 2176; x_wconf 78' lang='grc' dir='ltr'>οὐδὲ</span> <span class='ocrx_word' id='word_1_671' title='bbox 1600 2149 1650 2184; x_wconf 81' lang='grc' dir='ltr'>μὲν</span> <span class='ocrx_word' id='word_1_672' title='bbox 1675 2148 1790 2176; x_wconf 76' lang='grc' dir='ltr'>ἐσθλόν.»</span> 
     </span>
    </p>
   </div>
   <div class='ocr_carea' id='block_1_91' title="bbox 1010 2195 1793 2231">
    <p class='ocr_par' dir='ltr' id='par_1_91' title="bbox 1010 2195 1793 2231">
     <span class='ocr_line' id='line_1_93' title="bbox 1010 2195 1793 2231; baseline -0.001 -9"><span class='ocrx_word' id='word_1_673' title='bbox 1010 2196 1084 2222; x_wconf 84' lang='grc' dir='ltr'>Ἔδει</span> <span class='ocrx_word' id='word_1_674' title='bbox 1100 2196 1155 2231; x_wconf 84' lang='grc' dir='ltr'><strong>γὰρ</strong></span> <span class='ocrx_word' id='word_1_675' title='bbox 1169 2197 1232 2228; x_wconf 82' lang='grc' dir='ltr'>τοὺς</span> <span class='ocrx_word' id='word_1_676' title='bbox 1255 2196 1354 2228; x_wconf 72' lang='grc' dir='ltr'>καλοὺς</span> <span class='ocrx_word' id='word_1_677' title='bbox 1367 2196 1490 2228; x_wconf 77' lang='grc' dir='ltr'>καὶτοὺς</span> <span class='ocrx_word' id='word_1_678' title='bbox 1502 2196 1615 2227; x_wconf 74' lang='grc' dir='ltr'>κακοῦς,</span> <span class='ocrx_word' id='word_1_679' title='bbox 1632 2197 1661 2221; x_wconf 86' lang='grc' dir='ltr'>ὲν</span> <span class='ocrx_word' id='word_1_680' title='bbox 1689 2195 1729 2222; x_wconf 76' lang='grc' dir='ltr'><strong>ἑνὶ</strong></span> <span class='ocrx_word' id='word_1_681' title='bbox 1751 2203 1793 2221; x_wconf 88' lang='grc' dir='ltr'>πε-</span> 
     </span>
    </p>
   </div>
   <div class='ocr_carea' id='block_1_92' title="bbox 171 2237 1016 2276">
    <p class='ocr_par' dir='ltr' id='par_1_92' title="bbox 171 2237 1016 2274">
     <span class='ocr_line' id='line_1_94' title="bbox 171 2237 1016 2274; baseline 0.001 -9"><span class='ocrx_word' id='word_1_682' title='bbox 171 2239 236 2266; x_wconf 88' lang='lat' dir='ltr'><strong>mali</strong></span> <span class='ocrx_word' id='word_1_683' title='bbox 252 2239 392 2266; x_wconf 89' lang='lat' dir='ltr'><strong>communi</strong></span> <span class='ocrx_word' id='word_1_684' title='bbox 407 2246 485 2272; x_wconf 88' lang='lat' dir='ltr'><strong>casu,</strong></span> <span class='ocrx_word' id='word_1_685' title='bbox 497 2241 543 2274; x_wconf 89' lang='lat' dir='ltr'><strong>qui</strong></span> <span class='ocrx_word' id='word_1_686' title='bbox 557 2239 696 2266; x_wconf 89' lang='lat' dir='ltr'><strong>indubiam</strong></span> <span class='ocrx_word' id='word_1_687' title='bbox 711 2242 825 2265; x_wconf 86' lang='lat' dir='ltr'><strong>mortem</strong></span> <span class='ocrx_word' id='word_1_688' title='bbox 842 2237 955 2270; x_wconf 85' lang='lat' dir='ltr'><strong>ferebat.</strong></span> <span class='ocrx_word' id='word_1_689' title='bbox 972 2238 994 2265; x_wconf 80' lang='grc' dir='ltr'><strong>Ι)</strong></span> <span class='ocrx_word' id='word_1_690' title='bbox 1010 2250 1016 2267; x_wconf 77' lang='grc' dir='ltr'>ε</span> 
     </span>
    </p>
   </div>
   <div class='ocr_carea' id='block_1_93' title="bbox 1048 2237 1790 2276">
    <p class='ocr_par' dir='ltr' id='par_1_93' title="bbox 1048 2239 1790 2276">
     <span class='ocr_line' id='line_1_95' title="bbox 1048 2239 1790 2276; baseline -0.001 -10"><span class='ocrx_word' id='word_1_691' title='bbox 1048 2250 1104 2272; x_wconf 63' lang='grc' dir='ltr'>μτας</span> <span class='ocrx_word' id='word_1_692' title='bbox 1138 2241 1264 2276; x_wconf 83' lang='grc' dir='ltr'>πτώματι</span> <span class='ocrx_word' id='word_1_693' title='bbox 1296 2240 1481 2276; x_wconf 76' lang='grc' dir='ltr'>ἀναμφίὸολον</span> <span class='ocrx_word' id='word_1_694' title='bbox 1526 2240 1638 2275; x_wconf 80' lang='grc' dir='ltr'>φέροντι</span> <span class='ocrx_word' id='word_1_695' title='bbox 1670 2239 1790 2269; x_wconf 78' lang='grc' dir='ltr'>θάνατον,</span> 
     </span>
    </p>
   </div>
   <div class='ocr_carea' id='block_1_94' title="bbox 171 2285 953 2319">
    <p class='ocr_par' dir='ltr' id='par_1_94' title="bbox 171 2285 953 2319">
     <span class='ocr_line' id='line_1_96' title="bbox 171 2285 953 2319; baseline -0.001 -6"><span class='ocrx_word' id='word_1_696' title='bbox 171 2285 375 2313; x_wconf 89' lang='lat' dir='ltr'><strong>occumberent.</strong></span> <span class='ocrx_word' id='word_1_697' title='bbox 400 2286 435 2313; x_wconf 81' lang='lat' dir='ltr'><strong>At</strong></span> <span class='ocrx_word' id='word_1_698' title='bbox 459 2286 627 2314; x_wconf 83' lang='lat' dir='ltr'><strong>contrarium</strong></span> <span class='ocrx_word' id='word_1_699' title='bbox 663 2288 775 2319; x_wconf 83' lang='lat' dir='ltr'><strong>apparet</strong></span> <span class='ocrx_word' id='word_1_700' title='bbox 795 2293 801 2311; x_wconf 86' lang='lat'>:</span> <span class='ocrx_word' id='word_1_701' title='bbox 819 2285 953 2319; x_wconf 82' lang='lat' dir='ltr'><strong>siquidem</strong></span> 
     </span>
    </p>
   </div>
   <div class='ocr_carea' id='block_1_95' title="bbox 169 2329 954 2366">
    <p class='ocr_par' dir='ltr' id='par_1_95' title="bbox 169 2329 954 2366">
     <span class='ocr_line' id='line_1_97' title="bbox 169 2329 954 2366; baseline -0.004 -7"><span class='ocrx_word' id='word_1_702' title='bbox 169 2331 261 2366; x_wconf 79' lang='lat' dir='ltr'><strong>justus</strong></span> <span class='ocrx_word' id='word_1_703' title='bbox 279 2335 404 2359; x_wconf 85' lang='lat' dir='ltr'><strong>servatus</strong></span> <span class='ocrx_word' id='word_1_704' title='bbox 426 2335 500 2359; x_wconf 87' lang='lat' dir='ltr'><strong>esset</strong></span> <span class='ocrx_word' id='word_1_705' title='bbox 526 2331 561 2358; x_wconf 89' lang='lat' dir='ltr'><strong>ab</strong></span> <span class='ocrx_word' id='word_1_706' title='bbox 580 2329 789 2358; x_wconf 88' lang='lat' dir='ltr'><strong>evidentissimo</strong></span> <span class='ocrx_word' id='word_1_707' title='bbox 821 2330 954 2364; x_wconf 80' lang='lat' dir='ltr'><strong>periculo,</strong></span> 
     </span>
    </p>
   </div>
   <div class='ocr_carea' id='block_1_96' title="bbox 1010 2285 1793 2313">
    <p class='ocr_par' dir='ltr' id='par_1_96' title="bbox 1010 2285 1793 2313">
     <span class='ocr_line' id='line_1_98' title="bbox 1010 2285 1793 2313; baseline -0.003 0"><span class='ocrx_word' id='word_1_708' title='bbox 1010 2286 1167 2313; x_wconf 78' lang='grc' dir='ltr'>ἀποθανεῖν.</span> <span class='ocrx_word' id='word_1_709' title='bbox 1192 2287 1272 2313; x_wconf 74' lang='grc' dir='ltr'>Ἀλλὰ</span> <span class='ocrx_word' id='word_1_710' title='bbox 1291 2286 1448 2313; x_wconf 80' lang='grc' dir='ltr'>τούναντίον</span> <span class='ocrx_word' id='word_1_711' title='bbox 1478 2286 1615 2312; x_wconf 82' lang='grc' dir='ltr'>δείκνυται</span> <span class='ocrx_word' id='word_1_712' title='bbox 1629 2285 1678 2313; x_wconf 81' lang='grc' dir='ltr'><strong>νῦν</strong></span> <span class='ocrx_word' id='word_1_713' title='bbox 1692 2295 1699 2301; x_wconf 85' lang='grc'><strong>·</strong></span> <span class='ocrx_word' id='word_1_714' title='bbox 1727 2286 1766 2312; x_wconf 76' lang='grc' dir='ltr'>ὅτι</span> <span class='ocrx_word' id='word_1_715' title='bbox 1780 2286 1793 2311; x_wconf 78' lang='grc' dir='ltr'><strong><em>ὁ</em></strong></span> 
     </span>
    </p>
   </div>
   <div class='ocr_carea' id='block_1_97' title="bbox 1008 2331 1792 2367">
    <p class='ocr_par' dir='ltr' id='par_1_97' title="bbox 1008 2331 1792 2367">
     <span class='ocr_line' id='line_1_99' title="bbox 1008 2331 1792 2367; baseline -0.003 -8"><span class='ocrx_word' id='word_1_716' title='bbox 1008 2332 1110 2364; x_wconf 76' lang='grc' dir='ltr'>δίκαιος</span> <span class='ocrx_word' id='word_1_717' title='bbox 1127 2332 1245 2365; x_wconf 73' lang='grc' dir='ltr'>ἐσώζετο</span> <span class='ocrx_word' id='word_1_718' title='bbox 1267 2333 1296 2366; x_wconf 84' lang='grc' dir='ltr'><strong>ἐξ</strong></span> <span class='ocrx_word' id='word_1_719' title='bbox 1313 2332 1531 2367; x_wconf 82' lang='grc' dir='ltr'>ὁμολογουμένου</span> <span class='ocrx_word' id='word_1_720' title='bbox 1546 2331 1681 2365; x_wconf 83' lang='grc' dir='ltr'>κινδύνου,</span> <span class='ocrx_word' id='word_1_721' title='bbox 1695 2331 1740 2357; x_wconf 86' lang='grc' dir='ltr'><strong>καί</strong></span> <span class='ocrx_word' id='word_1_722' title='bbox 1756 2339 1792 2357; x_wconf 86' lang='grc' dir='ltr'><strong>τοι</strong></span> 
     </span>
    </p>
   </div>
   <div class='ocr_carea' id='block_1_98' title="bbox 172 2373 1016 2412">
    <p class='ocr_par' dir='ltr' id='par_1_98' title="bbox 172 2375 1016 2412">
     <span class='ocr_line' id='line_1_100' title="bbox 172 2375 1016 2412; baseline -0.001 -8"><span class='ocrx_word' id='word_1_723' title='bbox 172 2377 282 2405; x_wconf 86' lang='lat' dir='ltr'><strong>tametsi</strong></span> <span class='ocrx_word' id='word_1_724' title='bbox 299 2385 405 2410; x_wconf 88' lang='lat' dir='ltr'><strong>omnes,</strong></span> <span class='ocrx_word' id='word_1_725' title='bbox 421 2378 467 2412; x_wconf 88' lang='lat' dir='ltr'><strong>qui</strong></span> <span class='ocrx_word' id='word_1_726' title='bbox 480 2384 543 2405; x_wconf 91' lang='lat' dir='ltr'><strong>cum</strong></span> <span class='ocrx_word' id='word_1_727' title='bbox 555 2377 615 2411; x_wconf 90' lang='lat' dir='ltr'><strong>ipso</strong></span> <span class='ocrx_word' id='word_1_728' title='bbox 630 2379 718 2407; x_wconf 88' lang='lat' dir='ltr'><strong>erant,</strong></span> <span class='ocrx_word' id='word_1_729' title='bbox 736 2375 891 2410; x_wconf 90' lang='lat' dir='ltr'><strong>periissent.</strong></span> <span class='ocrx_word' id='word_1_730' title='bbox 908 2375 955 2403; x_wconf 87' lang='lat' dir='ltr'><strong>Sic</strong></span> <span class='ocrx_word' id='word_1_731' title='bbox 1009 2386 1016 2403; x_wconf 70' lang='grc' dir='ltr'><strong>ι</strong></span> 
     </span>
    </p>
   </div>
   <div class='ocr_carea' id='block_1_99' title="bbox 1048 2373 1793 2412">
    <p class='ocr_par' dir='ltr' id='par_1_99' title="bbox 1049 2373 1793 2412">
     <span class='ocr_line' id='line_1_101' title="bbox 1049 2373 1793 2412; baseline -0.003 -8"><span class='ocrx_word' id='word_1_732' title='bbox 1049 2386 1117 2404; x_wconf 86' lang='grc' dir='ltr'>ντων</span> <span class='ocrx_word' id='word_1_733' title='bbox 1138 2378 1192 2404; x_wconf 87' lang='grc' dir='ltr'><strong>τῶν</strong></span> <span class='ocrx_word' id='word_1_734' title='bbox 1212 2378 1260 2404; x_wconf 83' lang='grc' dir='ltr'>σὺν</span> <span class='ocrx_word' id='word_1_735' title='bbox 1271 2377 1346 2412; x_wconf 78' lang='grc' dir='ltr'><strong>αὺτῷ</strong></span> <span class='ocrx_word' id='word_1_736' title='bbox 1359 2377 1585 2412; x_wconf 78' lang='grc' dir='ltr'>ἀποθνησκόντων</span> <span class='ocrx_word' id='word_1_737' title='bbox 1594 2385 1602 2393; x_wconf 77' lang='grc' dir='ltr'><strong>ο</strong></span> <span class='ocrx_word' id='word_1_738' title='bbox 1615 2376 1687 2403; x_wconf 82' lang='grc' dir='ltr'>οὓτω</span> <span class='ocrx_word' id='word_1_739' title='bbox 1698 2377 1750 2411; x_wconf 83' lang='grc' dir='ltr'>γὰρ</span> <span class='ocrx_word' id='word_1_740' title='bbox 1762 2373 1793 2411; x_wconf 84' lang='grc' dir='ltr'>ἦν</span> 
     </span>
    </p>
   </div>
   <div class='ocr_carea' id='block_1_100' title="bbox 170 2419 1016 2458">
    <p class='ocr_par' dir='ltr' id='par_1_100' title="bbox 170 2419 1016 2456">
     <span class='ocr_line' id='line_1_102' title="bbox 170 2419 1016 2456; baseline -0.002 -6"><span class='ocrx_word' id='word_1_741' title='bbox 170 2423 243 2451; x_wconf 87' lang='lat' dir='ltr'><strong>enim</strong></span> <span class='ocrx_word' id='word_1_742' title='bbox 259 2422 332 2451; x_wconf 89' lang='lat' dir='ltr'><strong>Deus</strong></span> <span class='ocrx_word' id='word_1_743' title='bbox 343 2423 521 2456; x_wconf 83' lang='lat' dir='ltr'><strong>decreverat;</strong></span> <span class='ocrx_word' id='word_1_744' title='bbox 538 2422 577 2448; x_wconf 86' lang='lat' dir='ltr'><strong>ait</strong></span> <span class='ocrx_word' id='word_1_745' title='bbox 593 2421 666 2449; x_wconf 90' lang='lat' dir='ltr'><strong>enim</strong></span> <span class='ocrx_word' id='word_1_746' title='bbox 684 2428 690 2446; x_wconf 94' lang='lat'>:</span> <span class='ocrx_word' id='word_1_747' title='bbox 718 2429 727 2446; x_wconf 76' lang='grc' dir='ltr'><strong>ι</strong></span> <span class='ocrx_word' id='word_1_748' title='bbox 754 2419 824 2448; x_wconf 87' lang='lat' dir='ltr'><strong>Ecce</strong></span> <span class='ocrx_word' id='word_1_749' title='bbox 843 2420 956 2447; x_wconf 88' lang='lat' dir='ltr'><strong>donavit</strong></span> <span class='ocrx_word' id='word_1_750' title='bbox 998 2422 1016 2448; x_wconf 71' lang='grc' dir='ltr'><strong>ἰι</strong></span> 
     </span>
    </p>
   </div>
   <div class='ocr_carea' id='block_1_101' title="bbox 1048 2419 1792 2458">
    <p class='ocr_par' dir='ltr' id='par_1_101' title="bbox 1061 2421 1792 2458">
     <span class='ocr_line' id='line_1_103' title="bbox 1061 2421 1792 2458; baseline 0 -10"><span class='ocrx_word' id='word_1_751' title='bbox 1061 2422 1120 2457; x_wconf 82' lang='grc' dir='ltr'><strong>Θεῷ</strong></span> <span class='ocrx_word' id='word_1_752' title='bbox 1135 2423 1225 2456; x_wconf 79' lang='grc' dir='ltr'>δόξαν.</span> <span class='ocrx_word' id='word_1_753' title='bbox 1244 2423 1314 2458; x_wconf 77' lang='grc' dir='ltr'>Φησὶ</span> <span class='ocrx_word' id='word_1_754' title='bbox 1332 2423 1399 2458; x_wconf 74' lang='grc' dir='ltr'>γάρ·</span> <span class='ocrx_word' id='word_1_755' title='bbox 1417 2432 1426 2448; x_wconf 75' lang='grc' dir='ltr'><strong>ι</strong></span> <span class='ocrx_word' id='word_1_756' title='bbox 1445 2423 1510 2449; x_wconf 81' lang='grc' dir='ltr'>Ἰδοὺ</span> <span class='ocrx_word' id='word_1_757' title='bbox 1538 2422 1702 2458; x_wconf 73' lang='grc' dir='ltr'>κεχάρισταί</span> <span class='ocrx_word' id='word_1_758' title='bbox 1732 2421 1792 2448; x_wconf 76' lang='grc' dir='ltr'>σοιό</span> 
     </span>
    </p>
   </div>
   <div class='ocr_carea' id='block_1_102' title="bbox 759 2489 1196 2525">
    <p class='ocr_par' dir='ltr' id='par_1_102' title="bbox 759 2489 1196 2525">
     <span class='ocr_line' id='line_1_104' title="bbox 759 2489 1196 2525; baseline 0.014 -6"><span class='ocrx_word' id='word_1_759' title='bbox 759 2489 859 2520; x_wconf 69' lang='lat' dir='ltr'><strong>Varia:</strong></span> <span class='ocrx_word' id='word_1_760' title='bbox 872 2489 1025 2523; x_wconf 85' lang='lat' dir='ltr'><strong>lectiones</strong></span> <span class='ocrx_word' id='word_1_761' title='bbox 1047 2497 1077 2524; x_wconf 81' lang='lat' dir='ltr'><strong>et</strong></span> <span class='ocrx_word' id='word_1_762' title='bbox 1101 2497 1196 2525; x_wconf 62' lang='lat' dir='ltr'><strong>notas.</strong></span> 
     </span>
    </p>
   </div>
   <div class='ocr_carea' id='block_1_103' title="bbox 205 2549 951 2585">
    <p class='ocr_par' dir='ltr' id='par_1_103' title="bbox 205 2549 951 2585">
     <span class='ocr_line' id='line_1_105' title="bbox 205 2549 951 2585; baseline 0 -7"><span class='ocrx_word' id='word_1_763' title='bbox 205 2551 261 2585; x_wconf 73' lang='grc'><strong>(40)</strong></span> <span class='ocrx_word' id='word_1_764' title='bbox 273 2549 361 2577; x_wconf 79' lang='lat' dir='ltr'><strong>Lacus</strong></span> <span class='ocrx_word' id='word_1_765' title='bbox 375 2550 426 2577; x_wconf 89' lang='lat' dir='ltr'><strong>iste</strong></span> <span class='ocrx_word' id='word_1_766' title='bbox 440 2550 552 2578; x_wconf 87' lang='lat' dir='ltr'><strong>mutilus</strong></span> <span class='ocrx_word' id='word_1_767' title='bbox 569 2554 596 2576; x_wconf 91' lang='lat' dir='ltr'><strong>et</strong></span> <span class='ocrx_word' id='word_1_768' title='bbox 611 2555 757 2584; x_wconf 88' lang='lat' dir='ltr'><strong>corruptus</strong></span> <span class='ocrx_word' id='word_1_769' title='bbox 774 2550 810 2577; x_wconf 91' lang='lat' dir='ltr'><strong>ita</strong></span> <span class='ocrx_word' id='word_1_770' title='bbox 831 2551 951 2578; x_wconf 85' lang='lat' dir='ltr'><strong>sarcien-</strong></span> 
     </span>
    </p>
   </div>
   <div class='ocr_carea' id='block_1_104' title="bbox 171 2585 949 2621">
    <p class='ocr_par' dir='ltr' id='par_1_104' title="bbox 171 2585 949 2621">
     <span class='ocr_line' id='line_1_106' title="bbox 171 2585 949 2621; baseline -0.001 -9"><span class='ocrx_word' id='word_1_771' title='bbox 171 2587 235 2617; x_wconf 80' lang='lat' dir='ltr'><strong>dus.</strong></span> <span class='ocrx_word' id='word_1_772' title='bbox 251 2590 279 2613; x_wconf 89' lang='lat' dir='ltr'><strong>et</strong></span> <span class='ocrx_word' id='word_1_773' title='bbox 290 2585 468 2621; x_wconf 77' lang='lat' dir='ltr'><strong>corrigendos</strong></span> <span class='ocrx_word' id='word_1_774' title='bbox 480 2593 513 2613; x_wconf 88' lang='lat' dir='ltr'><strong>ex</strong></span> <span class='ocrx_word' id='word_1_775' title='bbox 525 2585 723 2621; x_wconf 67' lang='lat' dir='ltr'><strong>Chrysostomo</strong></span> <span class='ocrx_word' id='word_1_776' title='bbox 738 2593 746 2621; x_wconf 83' lang='lat'><strong>;</strong></span> <span class='ocrx_word' id='word_1_777' title='bbox 777 2586 849 2621; x_wconf 78' lang='grc' dir='ltr'>Πῶς,</span> <span class='ocrx_word' id='word_1_778' title='bbox 872 2586 949 2620; x_wconf 68' lang='grc' dir='ltr'>φησι,</span> 
     </span>
    </p>
   </div>
   <div class='ocr_carea' id='block_1_105' title="bbox 170 2620 948 2656">
    <p class='ocr_par' dir='ltr' id='par_1_105' title="bbox 170 2620 948 2656">
     <span class='ocr_line' id='line_1_107' title="bbox 170 2620 948 2656; baseline 0 -9"><span class='ocrx_word' id='word_1_779' title='bbox 170 2621 267 2656; x_wconf 70' lang='grc' dir='ltr'>ἔφερον</span> <span class='ocrx_word' id='word_1_780' title='bbox 283 2620 371 2648; x_wconf 72' lang='grc' dir='ltr'>ἄσιτοι</span> <span class='ocrx_word' id='word_1_781' title='bbox 386 2620 462 2652; x_wconf 74' lang='grc' dir='ltr'>ὅντες</span> <span class='ocrx_word' id='word_1_782' title='bbox 475 2621 522 2647; x_wconf 70' lang='grc' dir='ltr'>καὶ</span> <span class='ocrx_word' id='word_1_783' title='bbox 537 2620 648 2654; x_wconf 67' lang='grc' dir='ltr'>μηδενὸς</span> <span class='ocrx_word' id='word_1_784' title='bbox 667 2620 882 2656; x_wconf 65' lang='grc' dir='ltr'>μεταλαβόμενοι</span> <span class='ocrx_word' id='word_1_785' title='bbox 896 2629 903 2652; x_wconf 75' lang='grc' dir='ltr'><strong>ς</strong></span> <span class='ocrx_word' id='word_1_786' title='bbox 918 2621 948 2647; x_wconf 91' lang='lat'><strong>&#39;0</strong></span> 
     </span>
    </p>
   </div>
   <div class='ocr_carea' id='block_1_106' title="bbox 171 2655 951 2691">
    <p class='ocr_par' dir='ltr' id='par_1_106' title="bbox 171 2655 951 2691">
     <span class='ocr_line' id='line_1_108' title="bbox 171 2655 951 2691; baseline 0 -9"><span class='ocrx_word' id='word_1_787' title='bbox 171 2655 253 2689; x_wconf 70' lang='grc' dir='ltr'>ςόόος</span> <span class='ocrx_word' id='word_1_788' title='bbox 265 2657 391 2690; x_wconf 78' lang='grc' dir='ltr'>κατεῖχεν</span> <span class='ocrx_word' id='word_1_789' title='bbox 402 2655 510 2691; x_wconf 71' lang='grc' dir='ltr'>αύτοὺς,</span> <span class='ocrx_word' id='word_1_790' title='bbox 524 2655 574 2691; x_wconf 78' lang='grc' dir='ltr'>οὐκ</span> <span class='ocrx_word' id='word_1_791' title='bbox 593 2655 634 2691; x_wconf 76' lang='grc' dir='ltr'><strong>εἴα</strong></span> <span class='ocrx_word' id='word_1_792' title='bbox 663 2655 703 2691; x_wconf 78' lang='grc' dir='ltr'>εἰς</span> <span class='ocrx_word' id='word_1_793' title='bbox 721 2655 868 2689; x_wconf 72' lang='grc' dir='ltr'>ἐπιθυμίαν</span> <span class='ocrx_word' id='word_1_794' title='bbox 890 2664 951 2691; x_wconf 80' lang='grc' dir='ltr'>τρο-</span> 
     </span>
    </p>
   </div>
   <div class='ocr_carea' id='block_1_107' title="bbox 171 2690 949 2726">
    <p class='ocr_par' dir='ltr' id='par_1_107' title="bbox 171 2690 949 2726">
     <span class='ocr_line' id='line_1_109' title="bbox 171 2690 949 2726; baseline 0 -9"><span class='ocrx_word' id='word_1_795' title='bbox 171 2691 223 2725; x_wconf 84' lang='grc' dir='ltr'>φῆς</span> <span class='ocrx_word' id='word_1_796' title='bbox 240 2692 380 2726; x_wconf 60' lang='grc' dir='ltr'>ἔμπε-σείν,</span> <span class='ocrx_word' id='word_1_797' title='bbox 397 2690 543 2724; x_wconf 83' lang='grc' dir='ltr'>μέλλοντας</span> <span class='ocrx_word' id='word_1_798' title='bbox 555 2690 761 2726; x_wconf 21' lang='grc' dir='ltr'>ὑπὲργέσχάτιιξν</span> <span class='ocrx_word' id='word_1_799' title='bbox 775 2690 949 2718; x_wconf 77' lang='grc' dir='ltr'>κινδυνεύειν.</span> 
     </span>
    </p>
   </div>
   <div class='ocr_carea' id='block_1_108' title="bbox 175 2724 953 2760">
    <p class='ocr_par' dir='ltr' id='par_1_108' title="bbox 175 2724 953 2760">
     <span class='ocr_line' id='line_1_110' title="bbox 175 2724 953 2760; baseline 0.001 -9"><span class='ocrx_word' id='word_1_800' title='bbox 175 2724 212 2751; x_wconf 78' lang='grc' dir='ltr'>Τδ</span> <span class='ocrx_word' id='word_1_801' title='bbox 227 2724 277 2760; x_wconf 71' lang='grc' dir='ltr'>μέν</span> <span class='ocrx_word' id='word_1_802' title='bbox 290 2724 337 2752; x_wconf 87' lang='grc' dir='ltr'>οὖν</span> <span class='ocrx_word' id='word_1_803' title='bbox 355 2725 510 2760; x_wconf 83' lang='grc' dir='ltr'>γενόμενον,</span> <span class='ocrx_word' id='word_1_804' title='bbox 521 2725 575 2751; x_wconf 75' lang='grc' dir='ltr'><strong>ἀπὸ</strong></span> <span class='ocrx_word' id='word_1_805' title='bbox 596 2725 642 2752; x_wconf 80' lang='grc' dir='ltr'><strong>τοῦ</strong></span> <span class='ocrx_word' id='word_1_806' title='bbox 656 2724 752 2759; x_wconf 78' lang='grc' dir='ltr'>καιροῦ</span> <span class='ocrx_word' id='word_1_807' title='bbox 771 2726 881 2759; x_wconf 75' lang='grc' dir='ltr'>ἐγένετο</span> <span class='ocrx_word' id='word_1_808' title='bbox 898 2734 905 2740; x_wconf 90' lang='grc'>·</span> <span class='ocrx_word' id='word_1_809' title='bbox 922 2726 953 2752; x_wconf 76' lang='grc' dir='ltr'>τὸ</span> 
     </span>
    </p>
   </div>
   <div class='ocr_carea' id='block_1_109' title="bbox 170 2760 954 2795">
    <p class='ocr_par' dir='ltr' id='par_1_109' title="bbox 170 2760 954 2795">
     <span class='ocr_line' id='line_1_111' title="bbox 170 2760 954 2795; baseline 0.001 -9"><span class='ocrx_word' id='word_1_810' title='bbox 170 2760 198 2786; x_wconf 79' lang='grc' dir='ltr'>δὲ</span> <span class='ocrx_word' id='word_1_811' title='bbox 211 2760 304 2794; x_wconf 83' lang='grc' dir='ltr'>θαῦμα</span> <span class='ocrx_word' id='word_1_812' title='bbox 319 2761 420 2794; x_wconf 75' lang='grc' dir='ltr'>μεῖζον,</span> <span class='ocrx_word' id='word_1_813' title='bbox 436 2769 462 2787; x_wconf 89' lang='grc' dir='ltr'>κ.</span> <span class='ocrx_word' id='word_1_814' title='bbox 477 2769 502 2786; x_wconf 85' lang='grc' dir='ltr'>τ.</span> <span class='ocrx_word' id='word_1_815' title='bbox 518 2761 543 2787; x_wconf 86' lang='grc' dir='ltr'>λ.</span> <span class='ocrx_word' id='word_1_816' title='bbox 558 2760 592 2787; x_wconf 86' lang='lat' dir='ltr'><strong>Et</strong></span> <span class='ocrx_word' id='word_1_817' title='bbox 609 2761 749 2794; x_wconf 85' lang='lat' dir='ltr'><strong>quomodo,</strong></span> <span class='ocrx_word' id='word_1_818' title='bbox 766 2760 954 2795; x_wconf 71' lang='lat' dir='ltr'><strong>inquies.fere-</strong></span> 
     </span>
    </p>
   </div>
   <div class='ocr_carea' id='block_1_110' title="bbox 171 2795 954 2830">
    <p class='ocr_par' dir='ltr' id='par_1_110' title="bbox 171 2795 954 2830">
     <span class='ocr_line' id='line_1_112' title="bbox 171 2795 954 2830; baseline 0.001 -9"><span class='ocrx_word' id='word_1_819' title='bbox 171 2796 235 2822; x_wconf 79' lang='lat' dir='ltr'><strong>bant</strong></span> <span class='ocrx_word' id='word_1_820' title='bbox 246 2795 343 2830; x_wconf 78' lang='lat' dir='ltr'><strong>jejuni,</strong></span> <span class='ocrx_word' id='word_1_821' title='bbox 367 2803 425 2822; x_wconf 85' lang='lat' dir='ltr'><strong>cum</strong></span> <span class='ocrx_word' id='word_1_822' title='bbox 444 2795 545 2822; x_wconf 79' lang='lat' dir='ltr'><strong>nullum</strong></span> <span class='ocrx_word' id='word_1_823' title='bbox 576 2795 662 2822; x_wconf 74' lang='lat' dir='ltr'><strong>cibum</strong></span> <span class='ocrx_word' id='word_1_824' title='bbox 690 2797 845 2822; x_wconf 74' lang='lat' dir='ltr'><strong>sumerent?</strong></span> <span class='ocrx_word' id='word_1_825' title='bbox 863 2795 954 2822; x_wconf 86' lang='lat' dir='ltr'><strong>Timor</strong></span> 
     </span>
    </p>
   </div>
   <div class='ocr_carea' id='block_1_111' title="bbox 172 2830 954 2866">
    <p class='ocr_par' dir='ltr' id='par_1_111' title="bbox 172 2830 954 2866">
     <span class='ocr_line' id='line_1_113' title="bbox 172 2830 954 2866; baseline 0.003 -11"><span class='ocrx_word' id='word_1_826' title='bbox 172 2830 273 2857; x_wconf 76' lang='lat' dir='ltr'><strong>tenebat</strong></span> <span class='ocrx_word' id='word_1_827' title='bbox 290 2830 360 2864; x_wconf 75' lang='lat' dir='ltr'><strong>illos,</strong></span> <span class='ocrx_word' id='word_1_828' title='bbox 377 2839 423 2858; x_wconf 79' lang='lat' dir='ltr'><strong>nec</strong></span> <span class='ocrx_word' id='word_1_829' title='bbox 435 2831 536 2858; x_wconf 72' lang='lat' dir='ltr'><strong>sinebat</strong></span> <span class='ocrx_word' id='word_1_830' title='bbox 551 2830 643 2866; x_wconf 21' lang='lat' dir='ltr'><strong>inrcibi</strong></span> <span class='ocrx_word' id='word_1_831' title='bbox 670 2831 813 2866; x_wconf 80' lang='lat' dir='ltr'><strong>appetitum</strong></span> <span class='ocrx_word' id='word_1_832' title='bbox 841 2831 954 2858; x_wconf 78' lang='lat' dir='ltr'><strong>inridere</strong></span> 
     </span>
    </p>
   </div>
   <div class='ocr_carea' id='block_1_112' title="bbox 171 2865 954 2902">
    <p class='ocr_par' dir='ltr' id='par_1_112' title="bbox 171 2865 954 2902">
     <span class='ocr_line' id='line_1_114' title="bbox 171 2865 954 2902; baseline 0 -10"><span class='ocrx_word' id='word_1_833' title='bbox 171 2866 203 2892; x_wconf 69' lang='lat' dir='ltr'><strong>de</strong></span> <span class='ocrx_word' id='word_1_834' title='bbox 217 2867 339 2894; x_wconf 59' lang='lat' dir='ltr'><strong>ostrcmis</strong></span> <span class='ocrx_word' id='word_1_835' title='bbox 360 2866 567 2902; x_wconf 51' lang='lat' dir='ltr'><strong>periclitaturam</strong></span> <span class='ocrx_word' id='word_1_836' title='bbox 580 2865 664 2901; x_wconf 76' lang='lat' dir='ltr'><strong>igitur</strong></span> <span class='ocrx_word' id='word_1_837' title='bbox 683 2866 751 2901; x_wconf 78' lang='lat' dir='ltr'><strong>quod</strong></span> <span class='ocrx_word' id='word_1_838' title='bbox 763 2866 861 2900; x_wconf 77' lang='lat' dir='ltr'><strong>factum</strong></span> <span class='ocrx_word' id='word_1_839' title='bbox 874 2870 923 2900; x_wconf 81' lang='lat' dir='ltr'><strong>eu,</strong></span> <span class='ocrx_word' id='word_1_840' title='bbox 939 2874 954 2893; x_wconf 89' lang='lat' dir='ltr'><strong>a</strong></span> 
     </span>
    </p>
   </div>
   <div class='ocr_carea' id='block_1_113' title="bbox 1005 2551 1786 2588">
    <p class='ocr_par' dir='ltr' id='par_1_113' title="bbox 1005 2551 1786 2588">
     <span class='ocr_line' id='line_1_115' title="bbox 1005 2551 1786 2588; baseline -0.001 -9"><span class='ocrx_word' id='word_1_841' title='bbox 1005 2558 1119 2587; x_wconf 81' lang='lat' dir='ltr'><strong>tempore</strong></span> <span class='ocrx_word' id='word_1_842' title='bbox 1131 2554 1192 2588; x_wconf 79' lang='lat' dir='ltr'><strong>fuit.</strong></span> <span class='ocrx_word' id='word_1_843' title='bbox 1211 2553 1302 2588; x_wconf 76' lang='lat' dir='ltr'><strong>Maius</strong></span> <span class='ocrx_word' id='word_1_844' title='bbox 1319 2559 1406 2582; x_wconf 77' lang='lat' dir='ltr'><strong>autem</strong></span> <span class='ocrx_word' id='word_1_845' title='bbox 1422 2554 1597 2584; x_wconf 80' lang='lat' dir='ltr'><strong>miraculum,</strong></span> <span class='ocrx_word' id='word_1_846' title='bbox 1631 2557 1686 2580; x_wconf 89' lang='lat' dir='ltr'><strong>etc.</strong></span> <span class='ocrx_word' id='word_1_847' title='bbox 1703 2551 1786 2580; x_wconf 61' lang='lat' dir='ltr'><strong>Cate-</strong></span> 
     </span>
    </p>
   </div>
   <div class='ocr_carea' id='block_1_114' title="bbox 1006 2587 1789 2621">
    <p class='ocr_par' dir='ltr' id='par_1_114' title="bbox 1006 2587 1789 2621">
     <span class='ocr_line' id='line_1_116' title="bbox 1006 2587 1789 2621; baseline -0.003 -6"><span class='ocrx_word' id='word_1_848' title='bbox 1006 2596 1066 2616; x_wconf 87' lang='lat' dir='ltr'><strong>rum</strong></span> <span class='ocrx_word' id='word_1_849' title='bbox 1080 2587 1170 2616; x_wconf 82' lang='lat' dir='ltr'><strong>textus</strong></span> <span class='ocrx_word' id='word_1_850' title='bbox 1180 2590 1232 2616; x_wconf 86' lang='lat' dir='ltr'><strong>iste</strong></span> <span class='ocrx_word' id='word_1_851' title='bbox 1242 2587 1295 2616; x_wconf 86' lang='lat' dir='ltr'><strong>non</strong></span> <span class='ocrx_word' id='word_1_852' title='bbox 1305 2594 1392 2617; x_wconf 84' lang='lat' dir='ltr'><strong>exstat</strong></span> <span class='ocrx_word' id='word_1_853' title='bbox 1405 2590 1432 2617; x_wconf 87' lang='lat' dir='ltr'><strong>in</strong></span> <span class='ocrx_word' id='word_1_854' title='bbox 1442 2589 1564 2617; x_wconf 85' lang='lat' dir='ltr'><strong>editione</strong></span> <span class='ocrx_word' id='word_1_855' title='bbox 1576 2587 1714 2621; x_wconf 81' lang='lat' dir='ltr'><strong>Hentenii,</strong></span> <span class='ocrx_word' id='word_1_856' title='bbox 1723 2588 1789 2616; x_wconf 83' lang='lat' dir='ltr'><strong>sicut</strong></span> 
     </span>
    </p>
   </div>
   <div class='ocr_carea' id='block_1_115' title="bbox 1005 2625 1489 2659">
    <p class='ocr_par' dir='ltr' id='par_1_115' title="bbox 1005 2625 1489 2659">
     <span class='ocr_line' id='line_1_117' title="bbox 1005 2625 1489 2659; baseline 0.002 -8"><span class='ocrx_word' id='word_1_857' title='bbox 1005 2628 1033 2651; x_wconf 83' lang='lat' dir='ltr'><strong>et</strong></span> <span class='ocrx_word' id='word_1_858' title='bbox 1055 2625 1171 2651; x_wconf 80' lang='lat' dir='ltr'><strong>Iuaxima</strong></span> <span class='ocrx_word' id='word_1_859' title='bbox 1186 2632 1249 2659; x_wconf 88' lang='lat' dir='ltr'><strong>pars</strong></span> <span class='ocrx_word' id='word_1_860' title='bbox 1270 2625 1320 2651; x_wconf 91' lang='lat' dir='ltr'><strong>loci</strong></span> <span class='ocrx_word' id='word_1_861' title='bbox 1337 2627 1489 2659; x_wconf 83' lang='lat' dir='ltr'><strong>sequentis.</strong></span> 
     </span>
    </p>
   </div>
   <div class='ocr_carea' id='block_1_116' title="bbox 1041 2656 1789 2693">
    <p class='ocr_par' dir='ltr' id='par_1_116' title="bbox 1041 2656 1789 2693">
     <span class='ocr_line' id='line_1_118' title="bbox 1041 2656 1789 2693; baseline -0.005 -8"><span class='ocrx_word' id='word_1_862' title='bbox 1041 2659 1096 2693; x_wconf 75' lang='grc' dir='ltr'><strong>(Η)</strong></span> <span class='ocrx_word' id='word_1_863' title='bbox 1122 2656 1196 2686; x_wconf 47' lang='lat' dir='ltr'><strong>Iliad:</strong></span> <span class='ocrx_word' id='word_1_864' title='bbox 1211 2659 1254 2691; x_wconf 88' lang='lat' dir='ltr'><strong>Vl,</strong></span> <span class='ocrx_word' id='word_1_865' title='bbox 1270 2668 1296 2686; x_wconf 78' lang='grc' dir='ltr'>ν.</span> <span class='ocrx_word' id='word_1_866' title='bbox 1314 2660 1367 2687; x_wconf 75' lang='grc'><strong>488</strong></span> <span class='ocrx_word' id='word_1_867' title='bbox 1378 2656 1409 2687; x_wconf 78' lang='grc' dir='ltr'><strong>ὀι</strong></span> <span class='ocrx_word' id='word_1_868' title='bbox 1423 2660 1485 2687; x_wconf 77' lang='grc'><strong>489.</strong></span> <span class='ocrx_word' id='word_1_869' title='bbox 1513 2658 1628 2686; x_wconf 83' lang='lat' dir='ltr'><strong>Exstant</strong></span> <span class='ocrx_word' id='word_1_870' title='bbox 1642 2659 1721 2685; x_wconf 86' lang='lat' dir='ltr'><strong>etiam</strong></span> <span class='ocrx_word' id='word_1_871' title='bbox 1749 2656 1789 2682; x_wconf 84' lang='lat' dir='ltr'><strong>hic</strong></span> 
     </span>
    </p>
   </div>
   <div class='ocr_carea' id='block_1_117' title="bbox 1006 2694 1787 2729">
    <p class='ocr_par' dir='ltr' id='par_1_117' title="bbox 1006 2694 1787 2729">
     <span class='ocr_line' id='line_1_119' title="bbox 1006 2694 1787 2729; baseline -0.005 -9"><span class='ocrx_word' id='word_1_872' title='bbox 1006 2702 1104 2722; x_wconf 78' lang='lat' dir='ltr'><strong>versus</strong></span> <span class='ocrx_word' id='word_1_873' title='bbox 1117 2694 1188 2729; x_wconf 88' lang='lat' dir='ltr'><strong>apud</strong></span> <span class='ocrx_word' id='word_1_874' title='bbox 1205 2694 1343 2722; x_wconf 72' lang='lat' dir='ltr'><strong>Stobzeum</strong></span> <span class='ocrx_word' id='word_1_875' title='bbox 1357 2696 1383 2722; x_wconf 90' lang='lat' dir='ltr'><strong>in</strong></span> <span class='ocrx_word' id='word_1_876' title='bbox 1395 2695 1532 2729; x_wconf 82' lang='lat' dir='ltr'><strong>excerptis</strong></span> <span class='ocrx_word' id='word_1_877' title='bbox 1546 2694 1586 2721; x_wconf 77' lang='lat' dir='ltr'><strong>De</strong></span> <span class='ocrx_word' id='word_1_878' title='bbox 1598 2702 1687 2721; x_wconf 71' lang='lat' dir='ltr'><strong>rerum</strong></span> <span class='ocrx_word' id='word_1_879' title='bbox 1700 2697 1787 2718; x_wconf 79' lang='lat' dir='ltr'><strong>nutum</strong></span> 
     </span>
    </p>
   </div>
   <div class='ocr_carea' id='block_1_118' title="bbox 1007 2728 1788 2764">
    <p class='ocr_par' dir='ltr' id='par_1_118' title="bbox 1007 2728 1788 2764">
     <span class='ocr_line' id='line_1_120' title="bbox 1007 2728 1788 2764; baseline -0.003 -9"><span class='ocrx_word' id='word_1_880' title='bbox 1007 2729 1051 2757; x_wconf 90' lang='lat' dir='ltr'><strong>tit.</strong></span> <span class='ocrx_word' id='word_1_881' title='bbox 1067 2729 1113 2760; x_wconf 75' lang='lat' dir='ltr'><strong>IX,</strong></span> <span class='ocrx_word' id='word_1_882' title='bbox 1131 2728 1201 2764; x_wconf 69' lang='lat' dir='ltr'><strong>(nios</strong></span> <span class='ocrx_word' id='word_1_883' title='bbox 1229 2730 1267 2756; x_wconf 88' lang='lat' dir='ltr'><strong>ita</strong></span> <span class='ocrx_word' id='word_1_884' title='bbox 1285 2730 1376 2758; x_wconf 88' lang='lat' dir='ltr'><strong>reddit</strong></span> <span class='ocrx_word' id='word_1_885' title='bbox 1395 2728 1495 2757; x_wconf 87' lang='lat' dir='ltr'><strong>ibidem</strong></span> <span class='ocrx_word' id='word_1_886' title='bbox 1513 2728 1590 2764; x_wconf 75' lang='lat' dir='ltr'><strong>llugo</strong></span> <span class='ocrx_word' id='word_1_887' title='bbox 1611 2729 1722 2756; x_wconf 85' lang='lat' dir='ltr'><strong>Grotius</strong></span> <span class='ocrx_word' id='word_1_888' title='bbox 1735 2734 1788 2754; x_wconf 62' lang='lat' dir='ltr'><strong>sero</strong></span> 
     </span>
    </p>
   </div>
   <div class='ocr_carea' id='block_1_119' title="bbox 1008 2766 1368 2792">
    <p class='ocr_par' dir='ltr' id='par_1_119' title="bbox 1008 2766 1368 2792">
     <span class='ocr_line' id='line_1_121' title="bbox 1008 2766 1368 2792; baseline 0.003 -1"><span class='ocrx_word' id='word_1_889' title='bbox 1008 2769 1070 2791; x_wconf 84' lang='lat' dir='ltr'><strong>vata</strong></span> <span class='ocrx_word' id='word_1_890' title='bbox 1088 2769 1193 2792; x_wconf 82' lang='lat' dir='ltr'><strong>ratione</strong></span> <span class='ocrx_word' id='word_1_891' title='bbox 1210 2766 1342 2792; x_wconf 87' lang='lat' dir='ltr'><strong>carminis</strong></span> <span class='ocrx_word' id='word_1_892' title='bbox 1361 2775 1368 2792; x_wconf 89' lang='lat'>:</span> 
     </span>
    </p>
   </div>
   <div class='ocr_carea' id='block_1_120' title="bbox 1062 2809 1787 2847">
    <p class='ocr_par' dir='ltr' id='par_1_120' title="bbox 1062 2809 1787 2847">
     <span class='ocr_line' id='line_1_122' title="bbox 1062 2809 1787 2847; baseline -0.004 -9"><span class='ocrx_word' id='word_1_893' title='bbox 1062 2809 1146 2847; x_wconf 53' lang='lat' dir='ltr'><strong>Nemo</strong></span> <span class='ocrx_word' id='word_1_894' title='bbox 1171 2819 1264 2839; x_wconf 76' lang='lat' dir='ltr'><strong>nocens</strong></span> <span class='ocrx_word' id='word_1_895' title='bbox 1276 2816 1300 2838; x_wconf 81' lang='lat' dir='ltr'><strong>et</strong></span> <span class='ocrx_word' id='word_1_896' title='bbox 1315 2820 1388 2839; x_wconf 78' lang='lat' dir='ltr'><strong>nemo</strong></span> <span class='ocrx_word' id='word_1_897' title='bbox 1404 2811 1487 2838; x_wconf 71' lang='lat' dir='ltr'><strong>borius</strong></span> <span class='ocrx_word' id='word_1_898' title='bbox 1505 2811 1558 2847; x_wconf 50' lang='lat' dir='ltr'><strong>has,</strong></span> <span class='ocrx_word' id='word_1_899' title='bbox 1573 2812 1599 2837; x_wconf 84' lang='lat' dir='ltr'><strong>in</strong></span> <span class='ocrx_word' id='word_1_900' title='bbox 1615 2810 1720 2838; x_wconf 69' lang='lat' dir='ltr'><strong>luminis</strong></span> <span class='ocrx_word' id='word_1_901' title='bbox 1733 2814 1787 2835; x_wconf 82' lang='lat' dir='ltr'><strong>om</strong></span> 
     </span>
    </p>
   </div>
   <div class='ocr_carea' id='block_1_121' title="bbox 1063 2845 1616 2883">
    <p class='ocr_par' dir='ltr' id='par_1_121' title="bbox 1063 2845 1616 2883">
     <span class='ocr_line' id='line_1_123' title="bbox 1063 2845 1616 2883; baseline -0.002 -10"><span class='ocrx_word' id='word_1_902' title='bbox 1063 2845 1157 2874; x_wconf 79' lang='lat' dir='ltr'><strong>Editus</strong></span> <span class='ocrx_word' id='word_1_903' title='bbox 1166 2846 1259 2874; x_wconf 76' lang='lat' dir='ltr'><strong>evades</strong></span> <span class='ocrx_word' id='word_1_904' title='bbox 1274 2847 1324 2882; x_wconf 70' lang='lat' dir='ltr'><strong>[uti</strong></span> <span class='ocrx_word' id='word_1_905' title='bbox 1341 2846 1409 2883; x_wconf 81' lang='lat' dir='ltr'><strong>quod</strong></span> <span class='ocrx_word' id='word_1_906' title='bbox 1426 2847 1479 2882; x_wconf 73' lang='lat' dir='ltr'><strong>[ego</strong></span> <span class='ocrx_word' id='word_1_907' title='bbox 1495 2845 1616 2881; x_wconf 66' lang='lat' dir='ltr'><strong>partitur.</strong></span> 
     </span>
    </p>
   </div>
  </div>
