1864 3063
83 181 153 214 1053

359 182 628 213 EXPOSITIONIS
647 179 687 210 IN
707 177 801 208 ACTA
821 174 973 205 TEXTUS)
991 174 1167 205 ALTER.—
1188 173 1266 204 CAP.
1284 170 1423 201 XXVIII.
1459 149 1470 154 -

1636 161 1704 196 1054

82 243 147 272 Θεῦς
156 241 256 272 πάντας
271 240 333 270 τοὺς
350 240 482 271 πλέοντας
499 241 567 275 μετὰ
584 239 642 267 σοῦ.
661 249 670 264 ι
684 238 738 264 Καὶ
754 235 804 262 ὧδε
821 234 870 269 μὲν

968 233 1059 261 iDcus
1072 241 1169 261 omnes
1181 232 1226 267 qui
1252 234 1341 258 tecum
1354 228 1494 260 navigant.
1516 235 1525 252 ι
1546 226 1576 252 Et
1595 224 1704 259 quidem

82 289 128 314 διὰ
140 287 182 313 τὸν
194 286 300 312 δίκαιον
314 286 398 318 ζῶσιν
414 287 440 313 οἱ
465 287 572 316 ἀσεϐεῖς
585 295 591 302 ·
612 286 670 312 ἔστι
692 284 720 310 δὲ
736 283 780 309 ὅτε
809 281 871 308 τού-

82 333 187 360 ναπίον
203 332 250 358 καὶ
276 332 330 367 πρὸ
354 331 429 367 ὥρας
452 333 466 358 ὁ
481 332 581 366 ἀσεϐὴς
593 330 752 360 ἀπόλλυται,
767 327 810 353 διὰ
822 326 872 362 τὴν

82 378 179 409 ἑαυτοῦ
194 378 305 411 κακίαν,
320 378 392 405 κατά
409 378 440 405 τὸ
453 379 598 413 εἰρημένον
609 386 616 394 ·
637 387 646 402 ι
667 376 713 410 Μὴ
734 374 872 409 ἀσεϐήσῃς

83 425 161 456 πολὺ,
180 423 249 459 μηδὲ
262 423 338 458 γίνου
355 417 483 458 σκληρὸς,
507 423 551 449 ἵνα
569 422 606 457 μὴ
626 421 764 456 ἀποθάνῃς
790 420 818 446 ὲν
840 418 870 444 οὺ

83 469 169 506 καιρῷ
184 478 241 496 σου.
257 478 267 495 ›
282 469 340 495 Ἱνα
351 468 397 496 οὖν
407 468 532 504 κατάσχῃ
549 468 648 498 αὐτοὺς
659 467 674 493 ὁ
689 465 805 496 Παῦλος,
823 459 872 492 καὶ

85 519 123 552 μὴ
132 516 247 551 διαπέσῃ
258 515 340 542 αὑτοῦ
352 516 369 550 ἠ
383 515 546 550 προφητεία,
556 513 736 548 οἰκονομικῶς
752 511 847 545 ἔλεγεν
864 518 871 525 ·

87 574 97 590 α
118 564 176 590 Ἐὰν
186 563 224 598 μὴ
234 559 307 590 οὗτοι
321 563 449 597 μείνωσιν
459 561 487 588 ἐν
498 560 537 596 τῷ
548 559 632 594 πλοίῳ
641 559 714 594 (τοὺς
723 558 824 587 ναύτας
830 556 874 582 λέ-

83 610 165 644 γων.)
183 609 260 644 ὑμεῖς
289 609 408 642 σωθῆναι
433 608 465 634 οὐ
487 606 613 634 δύνασθε.
633 605 714 632 ι’οτε
737 602 784 630 οὖν
804 601 873 629 εἶδον

83 658 153 691 ὁτιή
173 655 288 683 ἀϐουλία
306 654 396 682 αὐτῶν
421 654 549 688 ἐποίησεν
566 652 666 682 αὐτοὺς
691 649 872 680 κινδυνεῦσαι,

84 703 145 731 τότε
157 701 277 737 ἧρξαντο
299 699 373 736 αὐτῷ
399 699 541 726 πείθεσθαι
553 707 561 715 ο
579 699 617 730 ὡς
636 697 735 732 μᾶλλον
750 696 800 731 τῆς
830 695 873 721 εὑ-

84 749 180 783 καίρου
200 746 378 782 συμϐουλίας,
395 746 443 779 τῆς
455 744 531 781 παρὰ
553 744 630 778 ἁγίου
644 742 740 778 ἀνδρὸς
763 741 876 776 γινομέ-

84 802 142 828 νης,
150 792 302 826 δυναμένης
317 791 439 826 σῶσαι,ἦ
451 791 501 824 τῆς
511 789 692 824 εἱμαρμένης,
706 787 756 822 τῆς
768 788 796 814 ἐν
817 797 875 816 κιν-

84 839 154 874 δύνῳ
163 838 229 874 μηδὲ
241 838 326 871 ὄνομα
335 836 459 871 ἐχούσης.
473 835 503 861 Ei
511 834 565 869 γὰρ
573 833 728 869 εἱμαρμένῃ
736 833 875 860 ἐπείθοντο

85 885 195 914 ἐκεῖνοι,
222 881 312 911 καίτοι
331 881 406 912 ὄντες
431 880 543 911 ἐθνικοὶ,
559 878 716 913 παρειόντες
730 877 739 913 Ῐ
752 878 772 912 f.
789 886 872 912 παρι-

84 929 175 958 δόντες
189 926 228 954 tvel
241 923 410 960 παρεῶντες]
424 924 474 960 τὴν
487 923 535 950 τοῦ
546 922 691 954 θεοσεϐοῦς
706 920 871 956 συμϐουλὴν,

84 973 148 1003 εἴων
165 973 199 999 ἂν
213 970 341 998 ἀπελθεῖν
356 970 419 1001 τοὺς
447 969 558 1001 ναύτας,
583 968 719 1002 λέγοντες,
735 967 788 998 ὅτι,
813 965 873 993 Κᾶν

84 1015 158 1046 οὗτοι
179 1017 326 1049 ἀπέλθωσι,
350 1015 484 1051 συμφέρει
499 1015 528 1041 δὲ
543 1015 617 1049 ἡμᾶς
632 1012 874 1044 ἀποθανεῖν,οὺδε-

87 1065 138 1101 μξα
148 1064 241 1099 ὖνησις
256 1064 323 1099 ἡμῖν
334 1062 479 1096 γενήσεται
494 1062 525 1088 ὲκ
545 1059 592 1087 τοῦ
610 1060 647 1095 μὴ
664 1059 792 1087 ἀπελθεῖν
813 1058 875 1085 τού-

86 1120 158 1143 τους.
182 1110 253 1136 Ἀλλ’
277 1109 327 1135 οὐκ
348 1105 424 1135 εἷπον
459 1106 550 1138 τοῦτο,
577 1105 637 1133 οὐδὲ
655 1105 748 1132 εἴασαν
778 1104 876 1134 αὐτοὺς

86 1156 224 1187 ἀπελθεῖν.
238 1155 282 1183 At?)
298 1155 330 1180 ὲκ
345 1153 449 1180 πολλῶν
464 1152 610 1187 ἐκϐλητέος
626 1151 640 1177 ό
655 1152 719 1186 περὶ
741 1150 877 1185 εἱμαρμέ-

87 1212 135 1238 νης
149 1203 165 1237 ἢ
177 1201 261 1237 τύχης
280 1201 369 1234 λόγος.
386 1199 514 1234 Παραινιεί
526 1197 631 1228 Παῦλος
641 1196 802 1231 μεταλαϐεῖν
811 1204 874 1231 τρο-

88 1249 162 1283 φῆςο
190 1247 237 1274 καὶ
260 1246 340 1276 αὐτὸς
359 1244 465 1279 πρῶτος
506 1242 763 1278 μεταλαμϐάνει,οῡ
787 1241 875 1276 λόγῳ,

90 1295 149 1327 ἀλλ’
166 1295 240 1330 ἔργῳ
255 1294 356 1321 πείθων
367 1301 374 1309 ⁸
389 1292 474 1319 Τοῦτο
488 1293 553 1328 γὰρ,
571 1292 647 1326 φησὶ,
659 1292 729 1327 πρὸς
741 1291 790 1327 τῆς
811 1291 878 1326 ὑμε-

89 1343 172 1378 τέρας
187 1341 323 1376 σωτηρίας
337 1339 395 1366 ἐστὶ
416 1338 559 1374 (τουτέστι,
583 1339 614 1364 τὸ
629 1338 749 1373 φαγεῖν),
775 1338 879 1372 μήποτε
910 1358 914 1362 .

92 1387 167 1422 λιμῴ
187 1385 368 1420 διαφθαρῆτε.
399 1385 436 1411 Οὐ
451 1385 505 1419 γὰρ
517 1381 551 1418 ἦν
572 1384 664 1415 αὐτοῖς
681 1384 784 1418 τροφῆς
799 1391 880 1417 φρον-

90 1433 143 1463 τὶς.
167 1432 214 1459 an
230 1432 260 1457 οὺ
279 1430 343 1465 περὶ
359 1430 413 1456 τῶν
433 1430 568 1465 τυχόντων
583 1429 659 1461 ιὧντος
683 1430 730 1457 τοῦ
746 1429 880 1457 κινδύνου.

93 1478 179 1505 Πόθεν
199 1477 229 1504 δὲ
254 1477 365 1510 γέγονεν
395 1476 488 1507 αὐτοῖς
510 1475 588 1510 δῆλος
607 1475 662 1502 τῶν
687 1475 881 1509 συμπλεόντων

92 1523 106 1551 ὁ
127 1522 243 1558 ἀριθμός
257 1531 264 1555 ;
280 1521 360 1553 Εἰκὸς
373 1519 406 1557 ἦν
421 1521 519 1552 αὐτοὺς
533 1521 639 1556 ἐρωτᾷν
663 1521 712 1557 τὴν
730 1520 830 1552 αἰτίαν,
849 1521 882 1547 δι’

923 287 994 307 nunc
1006 284 1118 314 propter
1131 279 1236 313 justum
1253 276 1349 303 vivunt
1367 272 1454 307 impii.
1474 270 1629 306 Aliquando
1644 277 1708 296 vero

923 327 1069 353 immature
1095 325 1167 360 perit
1190 322 1291 357 impius
1315 324 1428 355 propter
1454 317 1585 354 malitiam
1617 322 1707 346 suam,

922 372 1002 407 313
1017 371 1095 406 juxta
1112 370 1200 397 illud:
1221 378 1230 394 ι
1255 367 1294 394 Ne
1317 366 1400 400 impie
1426 371 1492 399 agas
1518 363 1634 389 limitum
1658 364 1709 387 :ct

924 419 978 446 noli
1002 425 1063 445 esse
1092 416 1205 447 stultus,
1231 420 1266 441 ne
1295 411 1422 439 moriaris
1448 409 1476 436 in
1505 412 1628 442 tempore
1655 412 1708 432 non

924 471 971 492 tuo
987 465 1022 491 ⁸⁸.
1043 473 1052 489 ι
1066 463 1167 489 Paulus
1186 461 1270 496 igitur
1295 463 1323 486 ut
1352 465 1400 484 eos
1424 456 1569 486 detineret,
1592 452 1709 487 ejusque

924 510 1064 546 prophetia
1086 508 1255 543 impleretur.
1279 504 1389 533 dicebat
1412 511 1419 529 :
1441 511 1450 527 ι
1468 500 1525 528 Nisi
1551 500 1578 527 hi
1603 499 1630 526 in
1646 498 1708 525 nari

925 557 1089 587 manserint,
1108 562 1157 582 vos
1175 553 1242 581 salvi
1260 551 1318 579 fieri
1334 557 1388 577 non
1405 547 1532 584 potestis.
1548 555 1557 572 ι
1574 545 1608 573 Ut
1627 545 1710 580 igitur

924 605 1109 636 cognoverunt
1139 607 1169 626 se
1193 607 1207 626 a
1232 596 1340 632 propria
1357 593 1538 629 imprudentia
1568 591 1600 617 ad
1621 594 1710 617 extre-

925 656 998 675 mum
1012 646 1110 674 adduci
1122 645 1284 681 periculum,
1298 647 1365 669 tunc
1381 643 1522 674 cmperunt
1539 637 1628 664 eidem
1652 643 1711 662 cre-

925 694 999 726 dere,
1015 693 1115 728 quippe
1130 691 1201 726 quod
1219 692 1405 724 opportunum
1417 683 1564 712 consilium
1583 689 1597 708 a
1614 683 1710 708 sancto

925 740 985 768 viro
1003 738 1097 765 datum
1113 736 1197 771 magis
1210 742 1256 762 eos
1271 739 1380 761 servare
1396 734 1499 766 posset,
1516 735 1597 763 quam
1625 725 1709 752 fatum

925 786 997 825 quod
1013 785 1039 812 in
1062 783 1181 818 periculo
1197 789 1231 809 ne
1253 787 1351 807 nomen
1370 777 1479 812 quidem
1503 781 1583 802 suum
1599 771 1708 799 retinet.

929 819 957 859 Si
975 831 1048 858 enim
1064 829 1105 856 illi
1127 827 1194 858 lato,
1210 826 1285 852 velut
1300 823 1424 859 gentiles,
1439 819 1632 848 credidissent,
1650 823 1712 851 pro-

928 878 1009 909 fecto,
1024 876 1119 903 relicto
1142 873 1178 908 pii
1194 872 1243 899 viri
1270 869 1394 899 consilio,
1410 867 1540 895 sivisseut
1556 863 1632 891 abire
1647 870 1712 889 nau-

890 907 910 934 Β
926 930 978 956 tas,
995 907 1116 949 dicentes
1131 907 1181 947 :VSi
1194 918 1237 945 his
1248 916 1328 944 etiam
1345 911 1519 942 abeuntibus,
1539 911 1647 944 oportet
1664 914 1714 934 nos

926 969 1006 1002 mori,
1024 967 1091 995 nihil
1103 963 1278 994 emolumenti
1295 961 1373 989 nobis
1387 959 1450 991 erit,
1468 956 1574 985 etiamsi
1590 962 1642 981 non
1657 953 1715 980 dis-

925 998 1021 1043 cedant
1038 1014 1111 1049 (nam
1129 1009 1306 1038 nihilominus
1327 1008 1380 1034 l‘ato
1398 1005 1523 1038 adigente
1542 998 1712 1037 peribimus).

925 1062 1050 1089 Attamen
1060 1066 1115 1085 non
1127 1057 1163 1084 ita
1174 1056 1311 1086 dixerunt,
1323 1059 1411 1085 neque
1422 1053 1584 1085 potestatem
1595 1044 1714 1073 abeundi

927 1108 981 1135 illis
998 1106 1130 1133 fecerunt.
1146 1102 1239 1136 Quare
1256 1108 1289 1127 ex
1307 1096 1450 1132 multiplici
1466 1094 1555 1129 capite
1583 1092 1716 1126 abiicien-

927 1154 992 1180 dum
1007 1157 1119 1187 prorsus
1143 1154 1185 1176 est
1199 1149 1382 1174 commentum
1401 1143 1435 1169 de
1460 1140 1516 1167 fato
1539 1143 1566 1166 et
1593 1139 1714 1164 fortuna.

927 1200 1059 1228 lIOrtatur
1071 1202 1134 1223 vero
1149 1193 1251 1221 Paulus
1263 1195 1377 1218 cunctos
1393 1187 1438 1223 qui
1456 1189 1535 1214 erant
1552 1185 1578 1211 in
1599 1182 1671 1214 navi,
1684 1186 1715 1208 ut

929 1248 1069 1274 sumerent
1086 1243 1189 1273 cibum,
1210 1245 1235 1266 et
1259 1239 1316 1273 ipse
1333 1236 1438 1272 primus
1465 1231 1593 1267 sumpsit,
1612 1234 1641 1257 ut
1660 1237 1715 1255 non

931 1297 985 1320 tam
999 1291 1080 1317 verbo
1097 1296 1179 1323 quant
1192 1293 1273 1321 opere
1284 1282 1460 1319 persuaderet
1476 1289 1483 1307 :
1500 1279 1554 1305 lloc
1572 1277 1656 1306 enim,
1672 1275 1716 1302 in-

930 1336 1051 1371 quiebat,
1065 1333 1098 1360 ad
1114 1336 1232 1359 vestram
1249 1328 1366 1356 salutent
1391 1323 1579 1352 necessarium
1607 1325 1659 1351 est,
1682 1325 1717 1346 ne

931 1383 1003 1410 fame
1017 1378 1135 1416 pereatis
1153 1386 1159 1404 :
1176 1382 1265 1410 neque
1287 1373 1360 1400 enim
1376 1371 1454 1398 cibus
1471 1375 1544 1396 cura:
1570 1366 1625 1394 illis
1645 1368 1716 1395 erat,

932 1427 1046 1464 quodin
1066 1431 1174 1453 summo
1189 1422 1251 1449 vitae
1270 1418 1390 1455 periculo
1415 1418 1599 1443 versarentur.
1619 1420 1629 1438 σ
1650 1409 1717 1437 Era—

932 1482 993 1502 mus
1002 1480 1075 1501 vero.
1097 1480 1106 1496 ι
1127 1468 1203 1497 Unde
1216 1464 1378 1494 manifestus
1394 1462 1484 1489 factus
1495 1463 1536 1487 est
1549 1458 1603 1486 illis
1612 1463 1716 1486 eorum,

934 1522 979 1556 qui
997 1520 1023 1546 in
1043 1517 1105 1545 navi
1120 1520 1208 1546 erant,
1227 1511 1378 1541 numerus?
1395 1509 1524 1536 Fortasse
1540 1513 1602 1534 sese
1620 1508 1716 1531 mutuo

94 1569 126 1604 ἣν
150 1569 274 1600 πλέουσι,
301 1569 348 1595 καὶ
376 1568 471 1603 μαθεῖν
495 1568 594 1595 πάντα.
614 1567 698 1594 Πάλιν
723 1568 755 1594 ὲκ
784 1567 881 1594 τούτου

968 1567 1180 1599 Lerrogaverant.
1199 1568 1253 1595 qua
1268 1559 1302 1586 de
1318 1564 1402 1585 causa
1425 1555 1596 1588 navigarent,
1624 1550 1719 1584 sicque

93 1615 294 1647 δείκνυται,ὁτι
315 1613 354 1649 τῷ
371 1613 469 1649 Παύλῳ
483 1613 683 1648 εὐχαρίστησαν
707 1613 740 1646 ⁸⁸,
761 1614 802 1640 ὅτι
832 1613 879 1640 καί

93 1671 134 1692 τοι
150 1661 322 1697 βουλομένων
333 1661 409 1693 τινὰς
425 1662 558 1696 ἀναιρεῖν,
577 1661 620 1687 ’ίνα
635 1660 672 1696 μὴ
689 1660 759 1697 πέσῃ
772 1661 789 1695 ὴ
812 1669 880 1696 προ-

94 1708 193 1743 φητεία
216 1707 334 1738 Παύλου.
359 1707 409 1733 οὐκ
441 1707 533 1733 εἴασεν
549 1707 650 1738 αὐτοὺς
676 1707 881 1742 ἀναιρεθῆναιό

96 1753 308 1791 ἑκατοντάρχης,
326 1753 369 1779 ἵνα
379 1753 425 1793 τον
441 1751 546 1780 Παῦλον
563 1752 648 1789 σώσῃ.

323 1844 368 1879 Τῷ
396 1843 526 1878 Σαϐϐάτῳ
544 1843 594 1878 τῆς
613 1847 645 1872 ν’,

388 1889 581 1917 ΚΕΙΜΕΝΟΝ.

131 1936 164 1963 οῖ
178 1944 210 1962 τε
227 1934 367 1970 Βᾱρϐαροι
381 1937 511 1970 παρεῖχον
525 1936 556 1966 ού
570 1935 619 1970 τὴν
630 1935 765 1970 τυχοῦσαν
785 1935 881 1969 φιλαν-

97 1981 219 2016 θρωπίαν
239 1980 316 2018 ἡμῖν.
341 1979 508 2014 Ἀνάψαντες
535 1980 589 2015 γὰρ
617 1980 717 2014 πυρὰν,
746 1979 881 2014 προσελά-

96 2029 174 2054 ϐοντο
200 2026 304 2058 πάντας
326 2026 410 2062 ἡμᾶς,
438 2026 482 2053 διὰ
498 2026 543 2053 τὸν
568 2026 645 2052 ὑετὸν
662 2025 708 2052 τὸν
729 2025 881 2060 ἐφεστῶτα,

97 2075 142 2106 καὶ
169 2073 215 2100 διὰ
241 2072 272 2099 τὺ
293 2071 390 2108 ψύχος.
417 2072 622 2108 Συστρέψαντος
647 2071 676 2098 δὲ
704 2071 751 2099 τοῦ
774 2071 883 2099 Παύλου

98 2119 246 2155 φρυγάνων
264 2127 290 2145 τι
306 2117 420 2153 πλῆθος,
438 2119 484 2144 καὶ
503 2117 643 2150 ἐπιθέντος
660 2118 705 2144 ἐπὶ
720 2117 769 2153 τὴν
782 2117 882 2152 πυρὰν,

98 2165 190 2201 ἔχιδνα
205 2164 260 2191 ἀπὸ
275 2165 324 2199 τῆς
339 2164 444 2206 θέρμης
463 2163 620 2196 ἐξελθοῦσα,
638 2163 745 2198 καθῆψε
761 2163 810 2197 τῆς
825 2172 883 2198 χει-

100 2213 143 2250 ρὶς
157 2211 252 2239 αὐτοῦ.
273 2211 317 2242 Ὠς
330 2211 358 2237 δὲ
379 2208 450 2237 εἶδον
474 2210 498 2236 οἰ
514 2209 652 2245 Βάρϐσροι
665 2209 837 2245 κρεμάμενον
853 2209 883 2235 τὸ

101 2257 194 2294 θηρίον
211 2256 241 2282 ὲν
257 2257 291 2291 τῇ
308 2255 381 2291 χειρὶ
396 2255 491 2287 αὑτοῦ,
516 2255 586 2290 πρὸς
611 2254 742 2289 ἀλλήλους
768 2253 860 2287 ἔλεγον
875 2261 882 2268 '

101 2303 213 2334 Πάντως
229 2301 327 2337 φονεύς
354 2302 429 2328 ἐστιν
451 2302 464 2328 6
478 2300 622 2336 ἅνθρωπος
635 2296 724 2333 οὗτος,
739 2299 768 2326 ὃν
787 2300 887 2327 διασω-

103 2348 182 2375 θέντα
199 2349 231 2374 ὲκ
248 2348 298 2382 τῆς
319 2347 469 2382 θαλάσσης,
488 2347 504 2382 ἡ
527 2346 589 2380 δίκη
606 2346 656 2381 ζῇν
671 2346 720 2375 οὐκ
735 2346 836 2373 εἴασεν.
859 2345 888 2371 Ὀ

104 2394 152 2428 μὲν
165 2391 224 2426 οὖν,
240 2392 473 2427 ἁποτιναξάμενος
488 2392 518 2418 τὸ
535 2391 628 2426 θηρίον
641 2392 680 2422 είς
693 2391 723 2418 τὸ
739 2391 805 2426 πῦρ,
820 2391 888 2417 ἒπει-

104 2439 148 2466 θεν
171 2440 250 2467 οὐδὲν
277 2439 379 2465 κακόν·
394 2439 418 2465 οἱ
436 2439 463 2465 δὲ
485 2437 658 2474 προσεδόκων
675 2437 754 2463 αὑτὸν
781 2437 888 2471 μέλλειν

103 2484 289 2520 πίμπρασθαι,
306 2483 323 2519 ἢ
336 2484 517 2513 καταπίπτειν
530 2483 607 2517 ἄφνω
622 2482 729 2517 νεκρόν.
746 2481 808 2508 Ἐπὶ
821 2482 888 2508 πολὺ

103 2529 129 2556 δὲ
142 2531 234 2557 αὐτῶν
249 2529 471 2565 προσδοκώντων,
489 2529 536 2556 καὶ
550 2527 725 2563 θεωρούντων
743 2528 826 2563 μηδὲν
848 2528 889 2559 είς

104 2577 185 2605 αὑτὸν
212 2576 360 2611 γενόμενον
389 2575 508 2608 ἄτοπον,
537 2574 769 2609 μεταϐαλλόμενοι
795 2574 889 2607 ἔλεγον

105 2621 183 2653 αὑτὸν
210 2619 279 2647 εἶναι
294 2620 364 2647 θεόν.
381 2619 426 2646 'Ev
440 2620 467 2646 δὲ
483 2620 538 2651 τοῖς
555 2620 619 2654 περὶ
629 2619 674 2646 τὸν
689 2619 770 2646 τόπον
787 2619 890 2645 ἐκεῖνον

106 2667 211 2702 ὑπῆρχε
226 2667 315 2702 χωρία
340 2665 377 2700 τῷ
395 2664 494 2700 πρώτῳ
508 2665 557 2700 τῆς
574 2666 656 2700 νήσου
677 2665 763 2700 ἀνδρὶ,
777 2664 888 2699 ὀνόματι

107 2712 225 2748 Ποπλίῳ.
244 2713 292 2744 ⁸ος
307 2711 506 2747 ἀναδεξάμενος
527 2711 611 2746 ήμᾷς,
628 2712 703 2746 τρεῖς
722 2711 828 2749 ἡμέρας
843 2720 888 2744 ςει-

145 2804 167 2825 n
181 2802 273 2834 Ecele.
290 2811 339 2836 vu,
351 2803 396 2836 18.

933 1614 1064 1641 noverant
1077 1608 1180 1637 omnia.
1201 1616 1210 1632 ι
1228 1605 1344 1632 Militum
1359 1607 1449 1630 autem
1463 1599 1606 1628 consilium
1619 1599 1687 1623 erat.
1706 1603 1716 1621 ι

933 1658 971 1686 Ex
987 1659 1039 1685 hoc
1053 1656 1136 1684 etiam
1150 1653 1239 1689 palam
1258 1651 1298 1683 ﬁt,
1320 1658 1368 1677 eos
1401 1647 1486 1674 Paulo
1509 1645 1627 1672 donatos
1644 1648 1718 1670 esse,

932 1703 1018 1740 quod,
1033 1710 1094 1730 cum
1107 1701 1208 1728 vellent
1222 1696 1355 1733 quosdam
1371 1693 1508 1722 occidere.
1527 1697 1560 1717 ne
1580 1687 1719 1716 excideret

933 1751 1009 1780 Pauli
1028 1747 1179 1784 prophetia,
1200 1743 1334 1775 centurio,
1350 1745 1380 1768 ut
1395 1739 1508 1767 Paulum
1520 1737 1651 1766 servaret,
1663 1740 1721 1761 non

933 1796 1068 1833 permisit,
1083 1797 1112 1822 ut
1127 1793 1200 1820 ullus
1215 1790 1425 1819 interﬁceretur.

1167 1838 1287 1865 Sabbato
1306 1835 1492 1861 Pentecostes.

1252 1879 1404 1908 TEXTUS.

968 1932 1089 1964 XXVIII,
1106 1930 1179 1958 1-10.
1189 1926 1300 1955 Barbari
1316 1933 1381 1953 vero
1391 1922 1555 1959 praestabant
1567 1927 1619 1947 non
1632 1917 1722 1946 modi-

934 1988 992 2010 cam
1011 1977 1208 2007 immanitatem
1223 1973 1314 2002 nobis.
1332 1972 1453 1998 Accensa
1468 1968 1542 1995 enim
1566 1973 1641 2001 pyra,
1659 1964 1722 1991 reii-

934 2026 1042 2054 ciebant
1056 2031 1107 2051 nos
1121 2028 1217 2049 omnes
1231 2023 1339 2055 propter
1354 2016 1468 2043 imbrem
1490 2013 1537 2047 qui
1552 2009 1722 2040 imminebat,

934 2077 960 2101 ct
972 2073 1063 2107 frigus.
1077 2070 1145 2097 Cum
1153 2068 1347 2102 congregasset
1355 2066 1444 2090 autem
1454 2060 1556 2087 Paulus
1569 2060 1724 2084 sarmento-

935 2127 993 2149 rum
1009 2117 1044 2144 ali
1055 2120 1183 2151 quantam
1198 2110 1397 2140 multitudinem
1414 2113 1441 2134 et
1455 2105 1628 2140 imposuisset
1641 2108 1724 2135 super

936 2165 1038 2200 ignem,
1051 2162 1154 2196 vipera,
1166 2158 1277 2186 acalore
1284 2163 1345 2183 cum
1356 2152 1546 2190 processisset,
1555 2147 1654 2176 invasit
1666 2154 1724 2173 ma-

936 2193 998 2238 liinn
1006 2193 1184 2244 cjus.Utvero
1191 2204 1316 2232 viderunt
1323 2199 1432 2228 Barbari
1441 2197 1602 2233 pendentem
1611 2193 1723 2221 bestiam

939 2257 972 2283 dc
989 2262 1068 2282 manu
1083 2252 1153 2287 ejus,
1175 2250 1208 2277 ad
1230 2248 1345 2276 invicem
1362 2244 1444 2280 314.
1458 2243 1584 2270 dicebant
1602 2250 1608 2267 :
1627 2239 1725 2273 Utique

943 2299 1080 2328 homicida
1099 2301 1142 2324 est
1159 2296 1240 2323 homo
1253 2294 1308 2325 hic,
1327 2291 1371 2326 qui
1390 2297 1451 2317 cum
1465 2287 1584 2316 evaserit
1598 2285 1632 2312 de
1646 2283 1725 2315 mari,

919 2346 1008 2374 lultio
1021 2353 1074 2372 non
1086 2343 1152 2371 sinit
1162 2349 1223 2369 eum
1239 2340 1339 2366 vivere.
1355 2336 1387 2362 Et
1408 2335 1451 2362 ille
1464 2332 1573 2368 quidem
1586 2330 1728 2358 excutiens

941 2392 1056 2420 bestiam
1068 2391 1096 2417 in
1110 2390 1210 2424 ignem,
1230 2385 1296 2414 nihil
1326 2383 1389 2410 mali
1419 2387 1517 2416 passus
1546 2382 1598 2406 est.
1631 2376 1666 2403 At
1689 2374 1727 2402 illi

940 2438 1133 2468 existimabant
1151 2443 1212 2464 eum
1231 2434 1257 2461 in
1285 2437 1418 2460 tumorem
1450 2424 1675 2455 convertendmn,
1701 2425 1728 2449 et

943 2485 1032 2513 subito
1046 2489 1185 2512 casurum,
1201 2483 1229 2506 et
1245 2478 1323 2505 mori.
1341 2476 1390 2502 Diu
1402 2478 1491 2502 autem
1504 2472 1557 2500 illis
1566 2473 1729 2504 exspectan-

944 2530 1017 2558 tibus
1035 2532 1063 2556 et
1078 2526 1235 2555 videntibus
1253 2524 1320 2551 nihil
1337 2521 1399 2549 mali
1417 2521 1444 2546 in
1458 2526 1491 2546 eo
1517 2517 1585 2548 ﬁcti,
1613 2521 1728 2542 conver-

944 2579 1032 2604 tcutes
1047 2582 1076 2601 se
1103 2572 1229 2600 dicebant
1244 2577 1304 2597 cum
1321 2574 1383 2595 esse
1396 2565 1488 2593 deum.
1507 2563 1535 2590 In
1553 2562 1622 2588 locis
1636 2562 1726 2585 autem

945 2620 1000 2647 illis
1016 2622 1094 2646 erant
1109 2615 1206 2652 prtedia
1224 2613 1354 2649 principis
1371 2610 1479 2640 insulae,
1501 2605 1610 2634 nomine
1628 2601 1727 2633 Publii,

944 2665 990 2700 qui
1007 2671 1056 2690 nos
1071 2650 1234 2698 suspiciens,
1250 2659 1341 2686 triduo
1370 2656 1487 2690 benigne
1511 2650 1725 2687 hospitalitatem

943 2696 1077 2741 exhibuit.
1090 2696 1209 2742 contigit
1224 2710 1313 2734 autem
1327 2708 1431 2740 patrem
1456 2699 1544 2728 Publii
1561 2696 1682 2726 febribus
1699 2698 1727 2722 et

777 2846 872 2880 Varia:
890 2845 1056 2877 lectiones.

143 2900 166 2916 “
182 2899 374 2942 ἐςλαρίσηηοαν.
