1864 3063
142 144 214 176 1055

600 141 887 173 TIIEUPHYLACTI
905 140 1109 171 BULGARI/E
1130 139 1307 170 ARCIIIEP.

1702 137 1781 169 10:36

141 200 313 237 dysscoteria
334 205 441 228 ventum
462 200 564 234 jacere.
582 199 621 225 Ad
637 207 717 234 quem
735 197 839 225 Paulus
863 197 935 224 intra
951 198 970 226 Α
988 196 1058 230 λοφρη

1008 195 1123 230 nep/nu);
1149 195 1277 228 ἐξένισεν.
1312 193 1435 228 Ἐγένετο
1461 192 1489 220 δὲ
1515 192 1561 219 τὸν
1592 193 1700 228 πατέρα
1723 192 1779 219 τοῦ

143 249 210 274 vit:
234 251 261 274 et
300 254 361 273 cum
392 249 498 273 orasset
516 251 542 272 et
567 245 743 280 imposuisset
771 243 796 271 ei
825 250 932 276 manus,

143 292 258 320 salvavit
270 299 344 319 etin).
355 291 413 324 Quo
428 291 509 323 facto,
526 298 622 319 omnes
639 291 683 326 qui
700 290 727 318 in
746 291 833 317 insula
850 289 934 316 habe-

145 341 209 367 bant
225 338 323 366 infirmi
345 342 424 370 tates,
436 337 605 364 accedebant
634 341 661 364 et
680 335 848 365 curabantur
865 343 872 362 :
887 335 932 368 qui

146 385 208 410 lium
232 383 324 411 multis
347 382 496 410 honoribus
514 390 564 411 nos
585 380 798 422 honoraverunt,
813 387 840 410 et
853 381 932 408 navi-

145 429 269 464 gantibus
289 429 480 464 imposuerunt
506 436 566 464 qua:
576 428 730 456 necessaria
743 432 831 455 erant.

406 560 520 591 CAPUT
548 561 670 591 XXXIX.

197 609 335 642 Quomodo
351 610 452 638 Paulus
476 609 570 638 Melita
597 610 707 639 Romam
723 611 878 646 pervenerit.

170 700 189 727 Χ
196 700 288 732 XVIII,
299 702 307 727 I
317 701 359 727 I-I
366 701 390 728 5.
400 700 464 728 Post
472 708 580 728 menses
587 704 676 727 autem
685 704 740 728 tres
746 699 933 734 navigavimus

145 747 172 773 in
186 747 246 774 navi
261 745 456 778 Alexandrina,
473 754 532 781 qua).
546 747 573 773 in
590 745 675 773 insula
693 746 871 777 hiemaverat,
887 745 930 772 cui

145 797 205 820 erat
217 792 322 826 insigne
331 792 488 820 Castorum.
502 791 534 819 Et
551 800 613 819 cum
626 792 797 819 venissemus
811 791 929 826 Syracu-

147 843 216 869 Sam,
229 836 379 864 mansimus
392 837 427 864 ibi
442 836 545 864 triduo.
561 836 627 863 Inde
644 836 870 871 circumlegentes
884 828 932 863 de-

147 882 270 909 venimus
282 882 414 916 Rhegium
431 891 439 909 :
458 887 484 909 et
505 886 566 917 post
582 891 667 910 unum
685 882 767 914 diem,
783 881 864 909 ﬂante
879 881 934 909 Au-

149 933 219 959 stro,
235 928 356 955 secunda
378 928 421 955 die
441 928 565 955 venimus
579 927 726 960 Puteolos;
746 928 801 961 ubi,
818 926 935 955 inventis

150 973 292 1007 fratribus,
313 974 399 1008 rogati
420 982 515 1001 sumus
536 972 651 1001 'manere
675 973 746 1008 apud
762 981 808 1001 eos
819 973 879 1001 dies
893 980 935 1001 se-

152 1024 223 1053 ptem
240 1027 247 1045 :
263 1025 291 1046 et
304 1020 344 1047 sic
361 1020 485 1048 venimus
497 1019 624 1047 Romam.
640 1019 672 1046 Et
687 1019 750 1047 inde
763 1027 824 1047 cum
841 1019 935 1046 audis-

149 1068 210 1091 sent
237 1064 347 1097 fratres,
374 1068 554 1092 occurrerunt
580 1064 661 1093 nobis
690 1071 776 1099 usque
798 1064 831 1091 ad
854 1064 934 1099 Appii

150 1111 248 1140 forum,
260 1117 292 1136 ac
303 1107 369 1137 Tres
381 1109 533 1138 Tabernas;
543 1109 616 1142 Quos
623 1117 684 1136 cum
696 1109 808 1137 vidisset
822 1109 933 1143 Paulus,

152 1155 255 1190 gratias
273 1163 356 1190 agens
368 1155 435 1188 Deo,
456 1155 560 1191 acet-pit
575 1155 715 1183 fiduciam.

443 1244 558 1273 CAPUT
577 1245 633 1273 XL.

150 1291 187 1318 De
212 1291 372 1320 allocutione
396 1291 474 1319 Pauli
499 1292 534 1319 ad
550 1291 660 1319 Iuda-os
678 1292 722 1327 qui
737 1291 827 1320 Romte
846 1297 933 1320 erant.

184 1377 304 1412 XXVIII,
320 1379 415 1407 Ili-5|.
428 1379 495 1406 Cum
519 1384 608 1407 autem
624 1380 795 1408 venissemus
809 1379 934 1413 Romam,

151 1426 313 1461 permissum
321 1429 363 1453 est
371 1425 454 1453 Paulo
461 1433 570 1453 manere
578 1426 687 1453 sibimet
695 1433 756 1453 cum
766 1427 937 1454 custodiente

151 1480 180 1499 se
189 1472 283 1500 milite.
291 1470 357 1499 Post
366 1471 476 1498 tertium
487 1476 577 1498 autem
587 1471 656 1498 diem
666 1472 825 1500 convocavit
835 1473 937 1507 primos

150 1517 655 1551 Iudaeorum.Cumqueconvenisscnt,
672 1517 779 1545 diccbat
793 1518 832 1546 eis
850 1518 935 1553 :Ego,
952 1536 974 1566 ϐ

153 1565 204 1591 viri
231 1563 344 1596 fratres,
361 1562 428 1590 nihil
456 1562 589 1590 adversus
616 1563 720 1598 plebem
747 1563 851 1592 faciens
891 1568 939 1591 aut

153 1617 253 1638 morem
269 1614 426 1644 paternum,
445 1609 554 1636 vinctus
570 1609 604 1636 ab
618 1609 798 1645 Jerosolymis
823 1610 939 1639 traditus

151 1653 231 1690 315
249 1663 308 1682 sum
324 1653 351 1682 in
365 1661 461 1682 manus
479 1655 662 1681 Romanorum
676 1663 684 1688 ;
701 1655 759 1690 qui,
773 1663 834 1682 cum
852 1656 938 1682 inter-

152 1701 319 1736 rogationem
338 1701 372 1728 de
390 1708 434 1728 me
449 1700 621 1733 habuissent,
633 1700 780 1728 voluerunt
794 1709 836 1728 me
849 1701 940 1728 dimit-

154 1751 222 1778 tere,
243 1753 276 1773 eo
292 1745 365 1780 quod
392 1745 469 1773 nulla
494 1750 568 1773 esset
598 1753 681 1774 causa
711 1747 809 1774 mortis
828 1747 855 1774 in
884 1754 938 1774 me.

153 1791 415 1819 Contradicentibus
428 1796 518 1820 autem
539 1791 652 1825 Jud:cis,
675 1798 788 1820 coactus
809 1801 868 1820 sum
893 1800 941 1828 ap-

155 1838 256 1872 pellare
266 1837 401 1867 Casarem
412 1858 420 1871 ,
435 1846 490 1866 non
503 1838 581 1874 quasi
601 1843 708 1874 gentem
727 1847 814 1867 meam
837 1841 940 1869 habens

155 1883 258 1917 aliquid
272 1890 415 1911 accusare.
434 1884 549 1919 Propter
573 1884 644 1912 hanc
657 1885 739 1920 igitur
756 1893 868 1912 causam
897 1894 939 1913 r04

154 1929 215 1964 gavi
233 1936 280 1957 vos
301 1929 395 1957 videre
419 1934 446 1958 et
473 1930 595 1966 alloqui;
624 1935 733 1966 propter
764 1939 838 1966 spem
866 1933 938 1960 enim

155 1975 236 2004 Israel
251 1980 349 2004 catena
364 1977 414 2004 hac
424 1977 611 2004 circumdatus
627 1985 698 2005 sum.
711 1977 745 2004 At
759 1978 796 2005 illi
813 1978 940 2005 dixerunt

153 2022 188 2051 ad
199 2030 262 2051 eum
279 2032 286 2050 :
302 2022 358 2050 Nos
369 2030 458 2059 neque
472 2023 579 2052 litteras
591 2024 748 2059 accepimus
764 2024 798 2053 de
816 2029 842 2051 te
859 2033 872 2052 a
891 2024 940 2052 Ju-

154 2069 224 2101 ἀπ’.
245 2075 336 2104 neque
355 2067 505 2096 adveniens
530 2068 630 2103 aliquis
662 2069 777 2097 fratrum
803 2071 940 2098 nuntiavit

154 2119 201 2141 aut
218 2114 326 2142 locutus
341 2119 382 2142 est
397 2113 463 2149 quid
479 2114 512 2141 de
528 2117 555 2141 te
570 2114 681 2141 malum.
696 2114 834 2149 Rogamus
848 2122 937 2144 autem

156 2170 170 2188 τι
189 2164 216 2188 te
232 2161 327 2188 audire
344 2167 405 2195 qua:
429 2161 514 2188 sentis
532 2169 538 2187 :
555 2168 617 2188 nam
637 2161 672 2189 de
691 2166 765 2189 secta
777 2161 828 2190 hac
845 2168 938 2190 notum

155 2211 196 2234 est
213 2205 302 2238 nobis,
322 2206 384 2240 quia
399 2206 498 2241 ubique
512 2206 536 2233 ei
554 2206 764 2251 contradicitur.
786 2206 856 2233 Cum
873 2215 939 2234 ron—
957 2222 978 2248 ο

156 2252 313 2280 stituissent
333 2257 423 2279 autem
447 2252 486 2279 illi
508 2251 591 2284 diem,
614 2257 748 2279 venerunt
774 2252 821 2279 ad'
835 2261 896 2279 etllll
913 2254 939 2280 in

158 2297 306 2331 hospitium
335 2296 457 2332 plurimi,
476 2297 577 2331 quibus
603 2297 758 2332 exponebat
787 2297 940 2325 testiﬁcans

156 2353 269 2380 regnum
288 2344 345 2378 Dei,
359 2345 533 2380 suadensque
547 2345 587 2373 eis
602 2345 635 2372 de
651 2344 715 2372 Jesu
733 2353 765 2372 ex
780 2345 838 2380 lege
857 2345 940 2382 Moysi

156 2395 184 2418 et
202 2391 342 2426 prophetis
357 2398 374 2418 a
392 2398 471 2418 mane
488 2398 576 2426 usque
591 2390 624 2417 ad
640 2397 794 2425 vesperam.
818 2391 851 2418 Et
878 2393 942 2426 qui—

157 2437 218 2464 dam
234 2437 385 2465 credebant
406 2437 449 2465 his
465 2445 526 2472 qum
541 2436 725 2470 dicebantur;
750 2436 858 2471 quidam
877 2445 943 2465 vero

158 2490 211 2510 non
233 2482 391 2511 credebant.
405 2483 530 2518 Cumque
555 2482 671 2510 invicem
694 2489 748 2509 non
767 2488 944 2523 essent_con-

158 2529 321 2562 sentientes,
343 2529 530 2562 discedebant,
546 2528 654 2556 dicente
675 2528 759 2556 Paulo
781 2537 865 2556 unum
883 2536 943 2556 ver-

159 2575 235 2609 bum,
263 2575 328 2611 quia
368 2574 441 2602 Bene
471 2575 589 2610 Spiritus
632 2565 744 2603 sanct’us
777 2576 883 2602 locutus
903 2579 944 2603 est

159 2629 206 2655 per
220 2621 319 2649 Isaiam
345 2621 506 2656 prophetam
527 2620 559 2648 ad
577 2625 667 2655 patres
689 2625 808 2653 nostros,
824 2620 917 2648 dicens
935 2631 941 2648 :

159 2668 234 2702 Ynde
245 2669 278 2696 ad
290 2669 420 2704 populum
440 2667 533 2700 istum,
551 2673 577 2695 et
592 2667 637 2694 dic
651 2667 684 2694 ad
697 2675 744 2695 eos
761 2676 768 2695 :
782 2676 791 2693 ι
807 2667 880 2694 Aure
894 2674 943 2693 an-

157 2713 241 2742 dietis
272 2718 299 2740 et
313 2720 367 2741 non
384 2713 552 2748 intelligetis,
566 2717 593 2740 et
621 2713 744 2740 videntes
768 2712 893 2740 videbitis
918 2716 945 2739 et

161 2767 217 2789 non
244 2759 425 2795 perspicietis.
442 2759 625 2787 Inrrassatum
639 2764 680 2787 est
704 2759 776 2786 enim
792 2767 840 2786 cor
853 2759 944 2794 populi

162 2805 255 2842 hujus,
271 2811 298 2834 ct
307 2806 417 2835 auribus
429 2806 548 2842 graviter
559 2806 704 2833 audierunt
735 2810 762 2833 et
776 2806 872 2834 oculos
881 2814 946 2834 suos

163 2856 398 2889 CoinpreSscrunt,
416 2861 450 2882 ne
467 2852 540 2881 forte
551 2852 661 2880 videant
678 2852 777 2883 oculis,
793 2857 818 2878 et
834 2850 946 2879 auribus

986 241 1104 268 Ποπλίου
1127 241 1254 275 πυρετοῖς
1271 240 1318 267 καὶ
1340 239 1499 274 δυσεντερίᾳ
1524 238 1704 273 συνεχόμενον
1720 246 1780 264 κει-

983 287 1137 313 τακεῖσθαι.
1154 287 1226 322 Πρὸς
1249 287 1278 313 ὃν
1294 286 1308 312 ὁ
1323 285 1427 316 Παῦλος
1443 284 1572 311 εἰσελθὼν
1593 284 1639 310 καὶ
1654 292 1780 318 ττροσευ⁹

985 334 1111 367 ξάμενος,
1128 333 1232 364 ἐπιθείς
1248 341 1276 359 τε
1292 332 1365 367 αὑτῷ
1377 332 1427 363 τὰς
1447 333 1552 367 χεῖρας,
1567 331 1663 357 ἰάσατο
1678 330 1777 356 αὐτόν.

983 378 1086 406 Τούτου
1101 377 1147 405 οὖν
1164 379 1324 413 γενομένου,
1352 378 1399 404 καὶ
1413 377 1438 404 οι
1461 377 1550 404 λοιποῖ¹
1568 377 1592 403 οἰ
1606 376 1636 402 ὲν
1652 377 1685 410 τῇ
1699 378 1781 410 νήσῳ

983 425 1091 460 ἔχοντες
1108 420 1262 456 ἁσθενεῖας,
1284 424 1474 459 προσήρχοντο
1490 423 1537 449 καὶ
1557 422 1776 457 ἐθεραπεύοντο.

983 471 1016 498 Οἳ
1042 472 1089 498 καὶ
1114 471 1224 502 πολλαῖς
1241 471 1334 505 τιμαῖς
1358 470 1491 504 ἐτίμησαν
1511 469 1594 504 ἡμᾶς,
1612 470 1659 495 καὶ
1673 469 1777 501 ἀναγο-

985 517 1074 553 μένοις
1091 516 1218 543 ὲπέθεντο
1230 516 1264 542 τὰ
1281 515 1349 551 πρδς
1367 515 1417 548 ¹τὴν
1434 514 1541 550 χρείαν.

1272 561 1398 589 ΚΕΦΑΛ.
1419 562 1481 588 ΛΘ’.

983 609 1083 642 Ὅπως
1107 608 1166 637 ἀπὸ
1189 609 1319 642 Μελίτης
1334 609 1379 641 εις
1404 606 1523 642 Ῥώμην
1545 606 1737 640 κατήντησεν
1760 609 1778 633 ό

1303 653 1436 686 Παῦλος.

1017 699 1094 728 Μετὰ
1115 699 1143 726 δὲ
1158 700 1232 735 τρεῖς
1249 699 1336 734 μῆνας
1346 699 1503 734 ἀνήχθημεν
1516 698 1544 725 ἓν
1561 706 1779 732 παρακεχειμα-

978 747 1044 774 -κότι
1072 747 1100 773 ὲν
1118 747 1150 781 τῇ
1171 746 1245 781 νήσῳ
1257 766 1264 778 ,
1282 745 1366 780 πλοίῳ
1385 744 1577 779 Ἀλεξανδρινῷ
1611 744 1777 779 παρασήμῳ

987 791 1170 827 Διοσκούροις.
1198 791 1254 818 Καὶ
1285 790 1470 825 καταχθέντες
1501 791 1541 821 είς
1571 788 1777 823 Συρακούσας,

987 838 1170 873 ἐπεμείναμεν
1196 838 1304 873 ἡμέρας
1335 838 1420 871 τρεῖς.
1452 836 1532 863 Ὅθεν
1574 835 1779 870 περιελθόντες,

986 883 1198 918 κατηντήσαμεν
1214 882 1253 913 εἰς
1275 881 1396 917 Ῥήγιον·
1421 880 1468 907 καὶ
1487 880 1556 914 μετά
1575 879 1639 915 μίαν
1654 879 1778 914 ἡμέραν,

986 929 1180 963 ἐπιγενομένου
1201 927 1289 959 νότου,
1312 927 1463 961 δευτεραῖοι
1480 926 1598 961 ἤλθομεν
1619 927 1660 957 είς
1680 925 1780 952 Ποτιό‹

985 972 1058 1004 λους.
1083 971 1119 1000 Οῧ
1143 973 1269 1008 εὑρόντες
1295 971 1447 1006 ἀδελφοὺς.
1465 971 1680 1006 παρεκλήθημεν
1709 972 1779 1006 παρ’

986 1020 1078 1051 αὐτοῖς
1093 1021 1281 1054 ἐπιμείναντες
1293 1018 1400 1054 ἡμέρας
1423 1018 1502 1045 ἑπτά’
1520 1018 1567 1044 καὶ
1581 1017 1670 1048 οὕτως
1686 1017 1774 1052 ἦλθο-

988 1074 1037 1101 μεν
1050 1066 1089 1097 εἰς
1109 1065 1228 1100 Ῥώμην.
1243 1064 1379 1092 Κάκεῖθεν
1395 1064 1419 1090 οἱ
1432 1064 1542 1098 ἀδελφοὶ
1555 1062 1725 1093 ἀκούσαντες
1740 1062 1778 1088 τὰ

986 1112 1051 1146 περὶ
1074 1111 1163 1146 ἡμῶν,
1197 1110 1308 1145 ἐξῆλθον
1338 1111 1378 1141 εἱς
1407 1110 1559 1144 ἀπάντησιν
1589 1109 1657 1144 ἡμῖν
1686 1109 1768 1142 ἄχρις

992 1156 1108 1183 Ἀππίου
1133 1157 1217 1192 Φόρου
1241 1157 1288 1183 καὶ
1309 1155 1399 1191 Τριῶν
1421 1155 1576 1190 Ταῆερνῶν.
1593 1154 1647 1186 Οὓς
1673 1154 1737 1180 ἰδὼν
1759 1154 1774 1179 6

987 1202 1105 1234 Παῦλος,
1126 1202 1327 1238 εὐχαριστήσας
1349 1202 1388 1237 τῷ
1405 1201 1475 1237 Θεῷ,
1494 1201 1573 1228 έλαὸε
1591 1201 1704 1236 θάρσος.

1288 1248 1414 1275 ΚΕΦΑΛ,
1427 1247 1474 1275 Μ’.

987 1294 1056 1329 Περ)
1072 1293 1232 1327 διανῖέξεως
1245 1294 1366 1321 Παύλου
1377 1294 1431 1328 τῆς
1445 1294 1520 1328 πρὸς
1535 1293 1605 1327 τοὺς
1624 1293 1661 1320 ἐν
1679 1292 1779 1329 Ῥώμῃ

1289 1341 1451 1374 Ἰουδαίους

1022 1386 1086 1414 Ὅτε
1111 1385 1139 1413 δὲ
1163 1386 1282 1421 ἤλθομεν
1306 1387 1346 1417 εις
1383 1385 1503 1421 Ῥώμην,
1528 1387 1542 1412 ὁ
1575 1387 1779 1421 ἑκατόνταρχος

988 1432 1131 1467 παρέδωκε
1149 1432 1212 1462 τοὺς
1231 1431 1357 1466 δεσμίους
1374 1431 1411 1466 τῷ
1437 1432 1675 1468 στρατοπεδάρχῃ.
1696 1432 1779 1458 Ἐπε-

988 1477 1080 1512 τράπη
1091 1477 1120 1503 δὲ
1135 1477 1174 1511 τῷ
1198 1477 1297 1512 Παύλῳ
1315 1476 1406 1512 μένειν
1421 1477 1482 1504 καθ’
1496 1477 1590 1504 ἑαυτὸν
1606 1478 1654 1504 σὺν
1666 1478 1706 1513 τῷ
1727 1488 1780 1511 qu—

988 1523 1115 1551 λὰσσοντι
1132 1523 1214 1550 αὑτὸν
1239 1522 1403 1559 στρατιώτῃ.
1424 1522 1548 1558 Ἐγένετο
1570 1524 1598 1550 δὲ
1617 1524 1689 1559 μετὰ
1705 1524 1780 1560 ἡμέ-

991 1577 1040 1604 ρας
1055 1570 1130 1604 τρεῖς
1158 1569 1375 1604 συγκαλέσασθαι
1406 1570 1452 1596 τον
1479 1569 1585 1597 Παῦλον
1613 1571 1677 1602 τοὺς
1695 1571 1778 1603 ὂντας

988 1615 1044 1642 τῶν
1072 1615 1208 1642 Ἰουδαίων
1240 1614 1376 1651 πρώτους.
1406 1616 1591 1643 Συνελθόντων
1616 1617 1645 1643 δὲ
1675 1617 1780 1649 αὐτῶν,

989 1661 1065 1695 ἔλεγε
1092 1662 1160 1697 πρὸς
1189 1662 1304 1694 αὐτούς·
1324 1661 1411 1696 Ἐγὼ,
1428 1662 1524 1697 ἄνδρες
1549 1663 1670 1698 ἀδελφοὶ,
1697 1664 1780 1691 οὐδὲν

989 1708 1110 1734 ἐναντίον
1134 1708 1252 1743 ποιήσας
1275 1707 1314 1743 τῷ
1335 1708 1404 1744 λαῷ,
1429 1708 1445 1744 ἢ
1467 1710 1523 1741 τοῖς
1550 1709 1623 1736 ἔθεσι
1650 1711 1708 1742 τοῖς
1724 1718 1782 1737 πα-

989 1751 1098 1787 τρῴοις,
1114 1752 1225 1787 δέσμιος
1241 1752 1271 1785 ἑξ
1290 1752 1487 1789 Ἱεροσολύμων
1502 1753 1654 1789 παρεδόθην
1672 1755 1712 1786 είς
1727 1755 1781 1785 τὰς

990 1799 1084 1833 χεῖρας
1111 1798 1166 1824 τῶν
1197 1798 1353 1833 Ῥωμαίων.
1382 1799 1487 1831 Οϊτινες
1513 1800 1708 1835 ἀνακρῖναντές
1730 1809 1780 1834 με,

989 1843 1131 1870 ἐϐούλοντο
1151 1844 1299 1877 ἀπολῦσαι,
1323 1844 1366 1871 διὰ
1380 1844 1410 1871 τὸ
1429 1844 1564 1880 μηδεμίαν
1586 1845 1677 1871 αετίαν
1693 1845 1780 1873 θανά-

990 1898 1037 1916 του
1052 1889 1186 1924 ὑπάρχειν
1208 1891 1237 1917 ὲν
1263 1890 1335 1924 ἐμοί.
1357 1889 1566 1924 ’Δντιλεγόντων
1579 1890 1607 1917 δὲ
1632 1890 1687 1916 τῶν
1709 1889 1781 1917 Ἰου-

994 1935 1087 1968 δαίων,
1103 1936 1281 1971 ἠναγκάσθην
1292 1936 1506 1963 ὲπικαλέσασθαι
1521 1937 1660 1972 Καίσαρα,
1676 1937 1726 1971 οὐχ
1742 1938 1781 1969 ὡς

989 1982 1036 2009 τοῦ
1063 1982 1154 2014 ἔθνους
1176 1991 1225 2017 μου
1242 1981 1314 2017 έχων
1328 1990 1353 2009 τι
1376 1981 1577 2017 κατηγορῆσαι.
1597 1982 1647 2008 Διὰ
1666 1982 1775 2018 ταύτην

991 2025 1037 2054 οὖν
1051 2027 1100 2062 τὴν
1115 2027 1206 2054 αἰτίαν
1216 2027 1400 2062 παρεκάλεσα
1420 2027 1492 2060 ὑμᾶς
1508 2027 1571 2054 ἰδεῖν
1590 2028 1638 2054 καὶ
1653 2029 1779 2062 προσλα-

990 2072 1192 2108 λῆσαιυὲνεκεν
1217 2073 1272 2108 γὰρ
1298 2073 1348 2108 τῆς
1372 2072 1478 2103 ἐλπίδος
1496 2068 1544 2099 τοῦ
1572 2072 1700 2108 Ἰσραὴλ,
1727 2074 1780 2108 τὴν

991 2118 1089 2145 ἅλυσιν
1108 2117 1211 2152 ταύτην
1238 2118 1409 2153 περίκειμαι.
1426 2119 1457 2144 Οἱ
1473 2117 1502 2144 δὲ
1516 2118 1584 2153 πρὸς
1598 2118 1677 2144 αὐτὸν
1690 2116 1780 2144 εἷπον·

995 2163 1092 2199 Ἥμεῖς
1105 2163 1167 2190 οὔτε
1189 2164 1342 2198 γράμματα
1354 2163 1502 2198 ἐδεξάμεθα
1512 2165 1576 2198 περὶ
1590 2164 1637 2190 σοῦ
1654 2165 1707 2190 ἀπὸ
1728 2165 1780 2199 τῆς

997 2210 1137 2242 Ἰουδαίας,
1168 2209 1230 2236 οὔτε
1250 2210 1470 2245 παραγενόμενός
1501 2219 1542 2241 τις
1572 2210 1626 2236 τῶν
1644 2210 1778 2244 ἀδελφῶν,

993 2255 1168 2291 ἀπήγγειλεν,
1183 2256 1198 2290 ἢ
1212 2255 1325 2289 ἔλάλησε
1343 2257 1408 2291 περὶ
1423 2256 1469 2282 σοῦ
1485 2265 1511 2282 τι
1527 2257 1652 2292 πονηρόν.
1674 2257 1780 2289 ’Δξιοῦο

995 2310 1044 2336 μεν
1060 2302 1087 2328 δὲ
1102 2303 1176 2337 παρὰ
1192 2301 1237 2328 σοῦ
1252 2301 1366 2329 ἀκοῦσαι
1380 2302 1397 2329 ἃ
1421 2304 1528 2337 φρονεῖς
1540 2311 1547 2317 ’
1565 2302 1628 2338 περὶ
1644 2302 1692 2337 μὲν
1719 2303 1772 2338 γὰρ

993 2349 1043 2383 τῆς
1058 2347 1189 2382 αἱρέσεως
1207 2348 1320 2382 ταύτης,
1337 2348 1456 2381 γνωστὸν
1470 2348 1536 2382 ἡμῖν
1553 2349 1636 2380 ἐστιν,
1651 2348 1691 2374 ὃτι
1712 2357 1780 2374 παν-

995 2393 1082 2428 ταχοῦ
1103 2393 1284 2427 ἀντιλέγεται.
1317 2392 1471 2427 Ταξάμενοι
1502 2393 1530 2419 es
1557 2392 1632 2427 αὐτῷ
1660 2393 1777 2428 ἡμέραν,

995 2436 1062 2474 ἦγον
1078 2439 1145 2474 πρὸς
1158 2440 1239 2465 αὐτὸν
1253 2440 1291 2469 είς
1306 2438 1356 2473 τὴν
1373 2438 1464 2470 ξενίαν
1481 2438 1614 2469 πλείονες.
1631 2436 1678 2469 Οἷς
1693 2439 1779 2470 ἐξετί-

996 2483 1057 2510 θετο
1084 2483 1356 2519 διαμαρτυρούμενος
1387 2483 1437 2518 τὴν
1457 2483 1595 2518 βασιλείαν
1623 2483 1670 2509 τοῦ
1691 2483 1779 2515 Θεοῦ,

997 2528 1098 2555 πείθων
1113 2537 1142 2554 τε
1158 2529 1256 2561 αὐτοὺς
1285 2529 1320 2556 τὰ
1343 2531 1408 2564 περὶ
1425 2529 1472 2555 τοῦ
1489 2529 1604 2563 Κυρίου,
1620 2529 1673 2555 ἀπό
1688 2537 1718 2556 τε
1735 2529 1778 2556 τοῦ

997 2575 1080 2608 νόμου
1098 2575 1218 2607 Μωσέως
1246 2576 1292 2602 καὶ
1318 2575 1372 2601 τῶν
1398 2574 1556 2610 προφητῶν,
1570 2575 1623 2601 ἀπὸ
1638 2575 1713 2610 πρωῒ
1728 2576 1779 2606 ἕως

997 2621 1128 2656 ἑσπέρας.
1146 2621 1201 2647 Καὶ
1222 2622 1245 2647 οἱ
1269 2620 1320 2656 μὶν
1338 2620 1477 2647 ἐπείθοντο
1493 2621 1549 2651 τοῖς
1567 2621 1738 2655 λεγομένοις,
1756 2621 1778 2646 oI

998 2667 1026 2695 δὲ
1052 2668 1193 2702 ἠπίστουν.
1216 2667 1390 2703 Ἀσύμφωνοι
1411 2667 1439 2694 δὲ
1456 2667 1532 2698 ὄντες
1556 2667 1624 2701 πρὸς
1639 2667 1777 2701 ἀλλήλους.

999 2712 1157 2746 ἀπελύοντο,
1173 2713 1295 2743 εἰπόντος
1310 2712 1356 2738 τοῦ
1369 2711 1475 2738 Παύλου
1488 2710 1567 2746 ῥῆμα
1578 2710 1617 2739 ἓν.
1632 2711 1674 2736 ὅτι
1686 2709 1778 2738 Καλῶς

999 2760 1029 2785 τὸ
1049 2758 1161 2794 Πνεῦμα
1190 2759 1220 2784 τὸ
1238 2757 1450 2793 ἆγιονσὲλὰληαε
1466 2757 1510 2783 διὰ
1527 2756 1638 2783 Ἡσαΐου
1651 2755 1698 2782 τοῦ
1713 2763 1778 2788 προ-

1000 2806 1086 2839 φήτου
1101 2803 1168 2839 προς
1180 2804 1242 2835 τοὺς
1256 2803 1377 2838 πατέρας
1392 2803 1481 2838 ἡμῶν,
1497 2801 1588 2836 λέγον·
1603 2810 1613 2827 ί
1629 2800 1776 2836 Πορεύθητι

1002 2851 1070 2885 πρὸς
1082 2849 1128 2876 τὸν
1142 2849 1204 2876 λαὸν
1216 2848 1319 2882 τοῦτον,
1332 2849 1459 2876 nisiut-1'
1480 2848 1561 2883 Ἀκοῇ
1581 2846 1723 2878 ἀκούσετε,
1736 2845 1779 2872 καὶ
