1864 3063
150 131 216 164 1ἶ4Ἱ

149 236 257 262 rabitur
271 235 329 262 viro
343 233 524 261 consideranti
539 232 645 260 vultum
669 231 820 259 nativitatis
838 239 896 259 sure
908 231 934 258 in

150 280 273 315 speculo.
293 289 302 305 ι
326 278 508 306 (lonsiderare
527 286 536 302 ‹
554 276 658 304 vultum
685 275 839 303 nativitatis
855 284 864 301 ι
881 278 934 306 est,

150 325 326 359 semetipsum
353 331 401 359 per
428 325 514 358 legem
537 330 713 358 cognoscere,
739 326 766 349 et
788 321 848 349 ideo
880 328 935 348 non

150 371 219 398 dixit
232 369 421 397 tantummodo
439 379 448 395 ι
467 369 582 400 vultum,
598 378 607 394 ›
623 369 669 399 sed
689 377 698 394 ε
710 368 815 395 vultum
836 366 937 394 nativi-

150 417 231 448 tatis;
252 426 260 442 I
280 423 328 450 per
347 416 433 451 legem
447 415 519 443 enim
544 415 688 447 discimus,
704 414 799 449 quales
816 413 872 440 nati
888 421 937 440 su-

150 470 210 490 mus
232 466 259 488 et
285 462 472 497 intelligimus,
498 461 594 497 quales
610 464 704 496 postea
728 458 879 495 spiritualis
896 459 938 486 lex

149 516 198 544 per
210 514 334 536 naturam
356 507 577 544 regenerationis
592 515 644 534 nos
655 506 785 534 effecerit.
796 506 831 532 At
840 506 938 532 deinde

149 563 204 583 non
222 559 430 590 perseverantes
445 555 472 582 in
495 554 547 582 hac
569 554 738 589 inspectione
757 560 804 588 per
820 551 937 588 praxim,

150 601 249 636 ipsius,
271 600 344 635 quod
359 600 526 636 recepimus,
543 599 696 635 spiritualis
716 598 780 626 doni
802 597 940 624 oblivisci-

151 655 224 674 mur.
245 646 296 680 Qui
317 646 389 674 enim
410 654 439 673 se
455 644 547 682 pravis
567 645 773 680 operationibus
790 644 875 676 dedit,
892 651 940 670 ne-

151 701 204 728 que
221 693 431 726 beneficiorum,
457 693 558 727 quibus
579 699 640 719 eum
661 691 735 719 Deus
764 690 868 722 aﬂ'ecit,
884 697 940 717 am—

151 739 222 774 plius
237 739 433 766 reminiscitur.
451 739 478 765 Si
492 739 564 765 enim
580 737 711 764 memoria
730 740 846 768 teneret,
866 735 940 771 quod

151 792 272 819 superne
295 784 444 819 regeuitus,
467 783 644 818 justifieatus,
663 786 689 809 et
711 783 781 810 inter
800 783 870 809 filios
893 782 940 809 Dei

151 834 296 865 cooptatus
309 829 355 861 sit,
371 829 496 864 profecto
512 835 682 864 nequaquam
699 835 729 854 se
744 827 861 854 traderet
873 835 941 862 ope-

610 128 899 161 'l‘IIEOPlIYl-ACTI
916 126 1122 159 BliLGARIrE
1143 127 1320 160 ARCHIEP.

148 190 172 216 si
189 188 253 224 quis
268 188 379 215 auditor
393 191 434 214 est
448 186 533 216 verbi,
549 190 577 213 et
593 193 647 212 non
663 184 761 218 factor,
774 185 818 212 hic
829 192 940 220 compa-
955 186 976 214 Α
993 185 1070 220 ἀκροε

1039 184 1130 219 ῦοατὴς
1159 184 1240 219 λόγου
1264 184 1334 216 ἐστὶ,
1379 183 1427 210 καὶ
1461 183 1492 209 οὖ
1526 182 1656 217 ποιητὴς,

1710 123 1790 155 1148

1702 179 1794 212 οὗτος

987 233 1075 260 ἔοικεν
1091 232 1168 267 ἀνδρὶ
1185 230 1360 258 κατανοοῦντι
1370 230 1402 257 τὸ
1416 229 1562 265 πρόσωπον
1577 228 1625 264 τῆς
1642 229 1795 262 γενέσεως

987 278 1070 305 αὐτοῦ
1092 278 1121 304 ἐν
1154 278 1289 313 ἐσόπτρῳ.
1309 286 1320 303 ι
1351 291 1387 296 -
1422 285 1432 301 ι
1451 276 1599 310 Πρόσωπον
1629 276 1794 310 γενέσεωτ,

988 323 1158 361 [κατανοεῖν]
1173 333 1183 350 ι
1201 323 1232 350 τὺ
1249 323 1292 350 διὰ
1308 322 1354 350 τοῦ
1368 323 1452 356 νόμου
1470 323 1566 349 ἑαυτὸν
1577 323 1793 357 ἐπεγνωκέναι.

988 371 1034 398 Διδ
1047 371 1096 398 καὶ
1123 370 1162 405 τῷ
1177 378 1187 396 ε
1204 369 1343 405 προσώπῳ
1354 369 1480 405 ἐπήγαγε
1500 378 1509 394 ι
1529 369 1579 404 τῆς
1601 369 1753 403 γενέσεως.
1778 378 1790 394 ι

988 415 1039 443 Διὰ
1063 416 1118 451 γὰρ
1149 415 1196 442 τοῦ
1224 415 1308 449 νόμου
1330 414 1505 449 μανθάνομεν
1529 412 1581 441 οἶοι
1611 414 1790 448 γεγόναμεν,

989 463 1036 489 καὶ
1051 461 1238 495 κατανοοῦμεν
1263 460 1337 492 οἵους
1361 459 1528 495 γενομένους
1551 461 1566 486 ὁ
1591 459 1791 494 πνευματικὸς

989 508 1064 542 ἡμᾶς
1080 505 1207 533 ἀποτελεῖ
1229 505 1311 539 νόμος
1331 505 1376 532 διὰ
1390 504 1438 531 τοῦ
1458 504 1564 540 λυτροῦξ
1576 505 1627 539 τῆς
1644 504 1790 538 παλιγγε-

989 553 1091 583 νεσίας.
1108 550 1172 579 Εἶτα
1193 552 1230 587 μὴ
1248 551 1414 587 ἐμμένοντες
1428 553 1462 587 τῇ
1477 551 1591 587 τοιαύτῃ
1607 552 1657 588 θέᾳ
1671 552 1719 579 διὰ
1733 552 1791 586 τῆς

990 599 1128 634 πράξεως,
1143 598 1191 624 καὶ
1217 597 1264 624 τοῦ
1280 597 1449 633 χαρέσματος
1477 597 1728 633 ἐπιλανθανόμεοα.
1756 598 1791 624 '0

991 645 1046 680 γὰρ
1071 643 1206 679 πράξεσιν
1233 643 1354 675 ἐκδιδοὺς
1375 643 1472 670 ἑαυτὸν
1498 644 1642 679 πονηραῖς,
1659 644 1724 670 οὐδὲ
1741 644 1790 670 ὅτι

990 691 1174 726 εὐηργέτηται
1202 690 1279 725 παρὰ
1305 689 1351 716 τοῦ
1367 689 1436 716 Θεοῦ
1463 689 1639 725 μνημονεύει.
1662 691 1693 717 ΕΞ
1727 691 1789 726 γὰρ

991 737 1186 772 ἐμνημόνευεν,
1196 736 1237 763 ὅτι
1244 735 1347 763 άνωθεν
1356 735 1499 771 ἐγεννήθη,
1507 736 1555 763 καὶ
1565 737 1712 771 ἐδικαιώθη
1719 758 1727 770 ,
1737 738 1790 764 καὶ

993 782 1022 807 ἐν
1030 781 1097 812 υἱοῖς
1113 780 1239 814 ἐλογίσθη
1252 780 1331 812 Θεοῦ,
1348 781 1397 807 οὐκ
1412 780 1443 807 ἂν
1461 781 1557 807 ἑαυτὸν
1566 782 1709 817 παρεδίδου
1727 784 1792 814 τοῖς

992 825 1135 853 ἀθετοῦσιν
1144 826 1234 862 ἔργοις
1245 826 1294 860 τὴν
1301 825 1392 861 χάριν.
1401 826 1468 852 Ἀπὸ
1477 826 1506 852 δὲ
1518 826 1563 853 τοῦ
1574 827 1707 862 συνήθους
1723 827 1792 854 τοὺ-

152 876 238 908 ribus,
253 884 314 911 qua:
329 879 467 910 receptam
483 875 599 911 gratiam
619 875 721 902 delent.
737 875 870 902 Caeterum
881 882 944 909 apo-
959 877 979 904 B
994 881 1040 899 του
1064 874 1070 899 ἐ

1039 887 1040 892 η
1064 874 1209 908 ἐσόπτρου,
1229 873 1275 899 ἐπὶ
1285 872 1315 898 τὸ
1329 872 1423 906 νοητὸν
1457 871 1600 908 ἔσοπτρον,
1629 873 1789 905 διαῦιεεὶζει

153 922 241 949 stolus
256 921 291 948 ab
311 921 412 949 usitato
433 921 558 956 speculo,
578 921 611 948 ad
635 921 779 957 spirituale
800 921 941 956 speculum

153 974 306 995 sermonem
348 966 532 1000 transferens,
574 967 691 994 alterum
729 966 942 1001 comparationis

153 1013 305 1040 membrum
317 1012 389 1040 haud
404 1012 540 1047 expressit
554 1022 561 1046 ;
576 1013 613 1040 ita
628 1012 701 1040 enim
725 1019 754 1040 se
772 1012 885 1040 haberet
900 1013 942 1040 in-

152 1062 228 1094 tegra
243 1058 412 1092 comparatio
441 1066 448 1084 :
479 1057 508 1086 Si
528 1057 591 1093 quis
611 1058 720 1085 auditor
743 1058 810 1093 legis
831 1062 885 1090 est,
914 1062 942 1086 ct

153 1111 206 1131 non
237 1104 333 1135 factor,
361 1103 405 1131 bic
427 1103 528 1131 similis
554 1109 596 1131 est
622 1103 724 1132 homini
756 1104 940 1132 consideranti

151 1151 255 1176 vultum
274 1158 353 1177 suum
367 1150 395 1179 in
407 1150 535 1184 speculo;
557 1150 788 1185 quemadmodum
809 1150 881 1177 enim
898 1150 942 1177 ille

152 1195 337 1223 consideravit
353 1203 394 1226 se,
408 1199 435 1222 et
449 1195 525 1229 abiit,
542 1200 568 1224 et
584 1197 676 1223 statim
689 1196 791 1224 oblitus
804 1201 857 1228 est,
872 1205 942 1231 qua-

154 1242 186 1269 lis
206 1242 288 1277 328
304 1242 372 1276 fuit;
389 1243 425 1270 ita
440 1250 470 1270 se
483 1243 566 1270 habet
580 1243 635 1273 ille,
660 1243 706 1278 qui
723 1250 756 1270 ex
774 1243 834 1278 lege
859 1242 942 1270 Mosis

153 1287 285 1315 addidicit
311 1288 348 1320 id,
370 1292 482 1323 propter
502 1288 576 1324 quod
603 1287 694 1315 factus
713 1288 759 1318 sit,
787 1295 884 1323 nempe
909 1289 941 1314 at

153 1334 200 1361 Dei
212 1335 338 1370 gloriam,
355 1339 382 1362 et
403 1336 518 1371 utjuxta
536 1335 682 1371 imaginem
696 1335 743 1362 Dei
762 1335 874 1363 factoris
888 1336 941 1368 sui,

151 1385 266 1412 vrveret,
284 1389 313 1408 se
331 1381 430 1408 factum
448 1389 519 1414 esse,
533 1381 663 1417 cognovit
676 1390 684 1413 ς
699 1386 795 1416 postea
815 1381 882 1408 nihil
893 1381 944 1408 ho-

153 1437 212 1456 rum
235 1429 309 1461 facit,
323 1429 368 1457 scd
387 1429 481 1457 eodem
496 1429 577 1457 modo
595 1437 626 1458 se
641 1430 722 1465 gerit,
738 1437 769 1457 ac
792 1429 837 1465 qui
853 1429 942 1456 consi-

152 1476 230 1503 derat
256 1476 359 1502 vultum
387 1483 477 1503 sumn.
510 1476 566 1503 Hoc
601 1476 685 1511 igitur
719 1476 889 1511 exemplum,
915 1481 943 1502 ut

153 1526 280 1557 oportere
303 1522 458 1553 videbatur,
482 1522 641 1557 neutiquam
670 1522 775 1557 integre
801 1523 942 1557 proposuit

153 1567 198 1595 ille
212 1576 219 1595 :
237 1575 290 1594 non
307 1572 396 1595 tamen
418 1568 522 1604 absque
537 1576 619 1596 causa
637 1577 644 1596 :
663 1568 768 1597 scilicet
785 1568 886 1603 aliquid
900 1576 944 1595 rc-

153 1613 263 1641 ticcndo
281 1614 434 1642 auditorem
450 1615 623 1643 attentiorem
647 1615 762 1642 reddere
780 1618 807 1642 et
824 1615 945 1641 excitare

152 1659 249 1692 voluit,
267 1668 301 1688 ne
312 1660 400 1688 otiose
418 1661 469 1689 ista
489 1661 607 1689 audiret.
621 1660 682 1688 Non
697 1661 771 1688 enim
790 1661 860 1687 beati
881 1664 946 1687 sunt

153 1706 308 1740 auditores;
341 1708 388 1734 sed
423 1707 469 1742 qui
502 1707 607 1734 audilui
634 1707 740 1741 praxim
769 1707 944 1741 adjungunt:

153 1751 374 1786 quandoquidem
392 1757 419 1779 et
435 1753 564 1780 Pharismi
590 1751 873 1784 fucrnutaudilores;
896 1752 943 1779 sed

992 919 1038 946 τὸν
1050 919 1138 953 λόγον,
1169 919 1252 954 μηδὲν
1275 919 1430 953 ἀπενέγκας
1455 919 1510 945 τῶν
1536 920 1576 951 εἰς
1605 920 1789 955 παράξειιγμα

993 966 1177 1001 ἀφοριζόντων
1202 966 1232 993 τὸ
1253 965 1408 1001 εἰρημένον.
1432 963 1496 992 Οἷον
1519 966 1562 993 ἶνα
1587 967 1651 1002 εἴπῃ
1673 967 1787 999 οὕτως’

993 1013 1027 1040 Εἰ
1045 1022 1086 1044 τις
1117 1012 1257 1048 ἀκροατὴς
1288 1012 1369 1047 νόμου
1385 1012 1444 1038 ἐστὶ
1459 1012 1506 1039 καὶ
1518 1012 1550 1038 οὐ
1561 1013 1688 1048 ποιητὴς,
1705 1011 1791 1045 οὗτος

993 1060 1082 1086 ἔοικεν
1090 1059 1168 1094 ἀνδρὶ
1181 1058 1358 1086 κατανοοῦντι
1374 1059 1405 1084 τδ
1423 1059 1568 1094 πρόσωπον
1580 1058 1666 1085 αὑτοῦ
1679 1060 1709 1085 ἐν
1725 1060 1786 1085 ἐσό-

993 1113 1082 1140 πτρῳ.
1103 1104 1148 1135 Ὠς
1164 1105 1218 1139 γὰρ
1237 1105 1340 1135 ἐκεῖνος
1357 1105 1522 1139 κατενόησεν
1539 1105 1636 1131 ἑαυτὸν
1649 1105 1697 1131 καὶ
1730 1105 1786 1131 ἀπ-

994 1151 1116 1186 ελὴλυθε,
1129 1151 1177 1178 καὶ
1195 1150 1275 1181 εὐθὺς
1290 1150 1440 1177 ἐπελάθετο
1465 1152 1557 1182 ὁποῖος
1570 1149 1605 1186 ἦν
1618 1158 1626 1167 ·
1643 1151 1717 1178 οὕτω
1740 1152 1786 1178 καῖ

993 1195 1070 1229 οὗτος
1086 1198 1099 1223 ὸ
1113 1197 1156 1224 διὰ
1168 1196 1214 1223 τοῦ
1230 1197 1361 1228 Μωῦσέος
1377 1196 1461 1231 νόμου
1479 1197 1654 1232 κατανοήσας
1667 1197 1697 1224 τὸ
1712 1197 1785 1224 διατὶ

995 1244 1117 1279 γέγονεν,
1130 1244 1170 1270 ὅτι
1186 1243 1253 1278 πρὸς
1268 1242 1348 1275 δόξαν
1360 1243 1438 1274 θεοῦ,
1452 1244 1498 1270 καὶ
1513 1243 1542 1270 τὸ
1554 1245 1614 1271 κατ’
1630 1244 1724 1271 εἰκόνα
1737 1253 1786 1278 γε-

994 1289 1087 1317 νέσθαι
1102 1289 1149 1316 τοῦ
1167 1289 1349 1324 πεποιηκότος
1369 1289 1448 1322 Θεοῦ,
1467 1290 1536 1325 μετὰ
1552 1290 1582 1317 τὸ
1602 1291 1784 1325 κατανοῆσαι,

995 1335 1071 1363 οὐδὲν
1082 1336 1139 1362 τῶν
1156 1335 1383 1370 κατανοηθέντων
1401 1336 1557 1371 εἰργάσατο,
1577 1337 1637 1364 ἀλλ’
1651 1336 1787 1367 ὡσαύτως

994 1382 1031 1418 τῷ
1053 1381 1229 1408 κατανοοῦντι
1258 1381 1288 1407 τὸ
1301 1381 1398 1408 ἑαυτοῦ
1417 1382 1573 1418 πρόσωπον.
1591 1382 1687 1417 Τούτῳ
1698 1382 1786 1414 οὕτως

995 1429 1149 1464 χρήσασθαι
1161 1428 1231 1461 δέον,
1258 1429 1308 1455 οὐκ
1325 1429 1470 1464 ἐχρήσατο.
1485 1429 1540 1456 Καὶ
1553 1429 1584 1455 οὐ
1604 1429 1694 1464 μάτην
1706 1429 1787 1456 τοῦτο

995 1476 1070 1502 ποιεῖ
1083 1475 1097 1501 ὀ
1117 1475 1278 1508 ἀπόστολος,
1292 1475 1417 1509 συνάγων
1433 1475 1477 1502 τὸν
1492 1476 1632 1511 ἀκροατὴν
1659 1476 1708 1502 καὶ
1723 1485 1787 1502 συν-

996 1521 1091 1548 τείνων
1110 1522 1150 1553 εἱς
1163 1521 1193 1548 τδ
1210 1521 1247 1556 μὴ
1261 1521 1408 1556 παρέργως
1424 1521 1526 1548 τούτων
1542 1522 1661 1549 ἀκούειν.
1679 1522 1718 1548 Οὐ
1733 1522 1788 1557 γὰρ

997 1568 1094 1594 ἐκεῖνοι
1110 1568 1242 1603 μακάριοι
1263 1567 1288 1594 οἱ
1315 1567 1461 1601 ἀκροαταὶ,
1481 1567 1538 1594 ἀλλ’
1566 1569 1590 1594 οἱ
1604 1569 1788 1599 συνάπτοντες

998 1616 1031 1650 τῇ
1046 1614 1174 1648 ἀκροάσει
1191 1613 1240 1648 τὴν
1257 1613 1368 1648 πρᾶξιν.
1392 1614 1468 1640 Ἐπεὶ
1481 1614 1529 1640 καὶ
1538 1615 1561 1640 οί
1573 1614 1717 1648 Φαρισαῖοι
1727 1614 1789 1647 ἐγέ‹

997 1669 1074 1686 νοντο
1091 1660 1235 1695 ἀκροατοῦ,
1253 1660 1310 1687 ἀλλ’
1328 1660 1389 1686 ἐπεὶ
1405 1660 1435 1686 οὗ
1454 1661 1565 1696 ποιηταὶ
1590 1659 1670 1695 ἦσαν,
1697 1661 1787 1687 οὐκέτι

1000 1707 1140 1742 μακάριοι.
1155 1716 1163 1732 ι
1184 1707 1435 1742 [Ιχραλογιζόμενοι
1459 1707 1582 1739 ἑαυτούς.
1598 1717 1606 1733 ι
1635 1707 1710 1736 Άντὶ
1730 1707 1785 1738 τοῦ,

998 1752 1197 1784 ἐξαπατῶντες,
1208 1752 1444 1787 καταφρονοῦντες
1460 1753 1509 1788 τῆς
1517 1753 1622 1780 ἑαυτῶν
1636 1753 1784 1788 σωτηρίας.

155 1799 283 1832 quoniam
296 1798 414 1827 factores
428 1808 481 1826 non
498 1804 586 1831 erant,
600 1807 773 1835 nequaquam
791 1800 864 1827 beati
899 1804 1058 1827 evaserunt.
1079 1809 1088 1825 ‹
1113 1799 1248 1828 Fallcntes
1285 1801 1485 1836 vcsmetipsos;
1503 1809 1512 1826 ι
1547 1800 1599 1827 hoc
1633 1804 1686 1831 est,
1715 1800 1787 1827 dcci-

154 1845 260 1880 pientes
272 1845 465 1880 vosmetipsos,
483 1847 559 1881 parvi
583 1846 727 1881 pendendo
742 1851 859 1874 vestram
876 1847 1012 1882 propriam
1027 1847 1152 1874 salutem.

191 1890 273 1919 Vens.
291 1891 336 1919 25.
361 1901 370 1917 ι
391 1890 582 1919 Considerarit
602 1892 674 1920 enim
705 1900 745 1925 se,
767 1898 794 1920 et
819 1894 895 1925 abiit,
919 1898 945 1921 ct

153 1937 247 1964 statim
268 1938 370 1965 oblitus
387 1942 430 1965 est
449 1938 539 1974 qualis
555 1938 648 1966 fuerit.
671 1948 679 1965 ι
698 1939 840 1967 Auditioni
855 1939 945 1975 jungit

154 1984 330 2012 oblivionem.
353 1985 488 2018 Quoniam
503 1985 537 2012 ad
556 1987 654 2013 animae
674 1986 789 2013 salutem
807 1993 861 2014 non
885 1986 942 2014 suf-

155 2030 212 2058 t'lcit
231 2031 335 2058 auditio
355 2031 434 2066 legis,
456 2031 509 2059 nisi
533 2032 615 2059 etiam
634 2032 767 2066 operatio,
788 2039 849 2067 qua:
867 2031 945 2059 audi-

155 2076 256 2104 tionem
274 2077 428 2109 eonlirmet,
445 2077 640 2113 subsequatur.

190 2123 273 2151 Vsus.
293 2124 340 2150 25.
360 2133 368 2149 ι
383 2123 434 2156 Qui
454 2129 542 2151 autem
554 2123 724 2158 perspexerit
737 2124 764 2150 in
780 2123 866 2158 legero
886 2131 946 2159 per-

155 2169 253 2197 fectam
271 2169 419 2200 libertatis,
434 2173 460 2196 et
476 2171 658 2204 permanserit
671 2171 695 2196 in
710 2178 752 2201 ea,
768 2177 822 2196 non
837 2170 946 2198 auditor

155 2215 308 2241 obliviosus
331 2214 430 2247 factus,
448 2215 495 2242 sed
515 2215 602 2242 factor
618 2215 720 2249 operis,
743 2216 788 2242 hic
811 2216 904 2243 beatus
919 2217 944 2242 in

1040 1902 1049 1918 ι
1069 1892 1226 1928 Κατενόησε
1244 1891 1297 1926 γὰρ
1315 1891 1421 1924 ἑαυτὸν,
1443 1891 1490 1919 καὶ
1504 1891 1668 1927 ἀπελήλυθε,
1687 1894 1733 1919 καὶ
1744 1893 1785 1920 εὑ-

1000 1939 1069 1971 θέως
1091 1939 1239 1965 ἐπελάθετο
1260 1938 1352 1970 ὁποῖος
1375 1935 1419 1972 ἦν.
1437 1947 1446 1964 t
1464 1938 1504 1973 Τῇ
1534 1938 1666 1974 ἀκροάσει
1685 1941 1785 1975 συνῆιςε

998 1985 1048 2020 τὴν
1061 1984 1256 2020 ἐπιλησμονὴν,
1269 1984 1306 2015 ὡς
1318 1984 1369 2010 οὐκ
1380 1983 1519 2019 ἀρκούσης
1531 1984 1614 2019 μόνης
1629 1985 1785 2019 ἀκροάσεως

1000 2030 1083 2064 νόμου
1107 2030 1174 2064 πρὸς
1204 2029 1323 2064 ψυχικὴν
1339 2029 1488 2064 σωτηρίαν,
1518 2030 1542 2056 εί
1570 2029 1607 2065 μὴ
1633 2030 1680 2056 καὶ
1709 2031 1785 2065 ποίη-

1001 2085 1043 2108 σις
1058 2076 1274 2112 ἐπακολουθήσει
1295 2077 1365 2112 πρὸς
1384 2077 1530 2114 βεδαίωσιν
1551 2077 1600 2112 τῆς
1616 2077 1783 2112 ἀκροάσεως.

1038 2132 1047 2149 ι
1059 2123 1088 2149 '0
1098 2122 1126 2149 δὲ
1136 2122 1302 2158 παρακύψας
1313 2123 1353 2153 είς
1364 2123 1445 2158 νόμον
1453 2122 1555 2150 τέλειον
1568 2123 1614 2149 τὸν
1623 2122 1673 2156 τῆς
1683 2123 1785 2149 ἐλευθεο

1001 2173 1062 2208 pia;
1078 2173 1125 2199 καὶ
1135 2172 1319 2207 παραμείνας,
1334 2169 1411 2203 οὗτος
1422 2172 1472 2198 οὑκ
1483 2171 1623 2206 ἀκροατὴς
1638 2172 1783 2206 ἐπιλησμο-

999 2218 1047 2253 γῆς
1056 2218 1211 2252 γενόμενος,
1219 2217 1286 2244 ἀλλὰ
1293 2217 1406 2252 ποιητὴς
1416 2217 1509 2252 ἔργου,
1525 2214 1602 2246 οὗτος
1615 2218 1750 2252 μακάριος
1758 2219 1784 2244 ἒν

156 2260 230 2287 facto
244 2267 295 2287 suo
306 2260 369 2287 erit.
387 2270 397 2286 ι
411 2274 447 2280 -
461 2269 469 2285 ι
489 2259 540 2293 Qui
558 2261 727 2295 perspexerit
744 2261 795 2295 (9),
817 2271 826 2287 ι
844 2261 940 2296 inquit,
957 2257 982 2287 D
998 2264 1030 2298 τῇ
1055 2271 1070 2288 τι

1055 2264 1164 2298 ποιήσει
1176 2262 1260 2289 αὐτοῦ
1270 2263 1357 2289 ἔσται.
1376 2272 1385 2288 ι
1404 2271 1457 2287 -1
1473 2262 1654 2297 Παρακύψας,
1672 2272 1680 2288 ι
1699 2261 1784 2294 εἶπεν,

155 2312 182 2334 et
194 2314 260 2338 non,
279 2306 329 2339 Qui
348 2306 488 2342 ingressus
510 2306 601 2333 fuerit.
626 2306 784 2341 Spiritualis
807 2307 943 2341 cuimlcx,

155 2361 218 2381 cum
237 2353 338 2387 ubique
355 2353 484 2380 eximium
497 2356 522 2381 et
539 2361 666 2388 magnum
683 2353 748 2388 quid
762 2354 896 2388 praeferat,
911 2363 944 2382 ex

155 2398 263 2425 modica
274 2399 355 2425 etiam
371 2399 413 2426 sui
437 2398 658 2426 consideratione
688 2404 776 2434 potest
798 2401 946 2434 quemlibet

155 2444 188 2471 ad
202 2452 231 2471 se
242 2444 329 2479 ipsam
340 2445 459 2473 allicere.
477 2445 626 2480 Postquam
640 2453 704 2473 vero
723 2445 804 2477 dixit,
821 2456 830 2472 ι
846 2446 944 2478 Legem

156 2489 317 2525 perfectam,
335 2499 344 2516 ι
365 2490 468 2523 subdit,
485 2500 493 2516 ι
512 2491 658 2523 libertatis,
679 2500 688 2517 ι
706 2495 735 2517 ιιι
758 2491 844 2526 ipsius
863 2491 946 2518 liber-

157 2536 219 2563 tatis
234 2537 325 2564 dotem
351 2537 528 2571 significaret.
555 2536 608 2564 Lex
635 2537 707 2564 eriitn
731 2537 829 2564 Christi
854 2545 915 2564 cum
933 2545 947 2563 a

157 2583 300 2617 servitute,
315 2591 375 2618 qua:
395 2583 546 2610 secundum
571 2591 681 2610 carnem
707 2589 760 2615 est,
780 2583 948 2616 liberaverit,

156 2630 331 2657 accedentem
344 2630 376 2657 ad
388 2638 418 2657 se
430 2630 457 2656 in
473 2629 597 2657 libertate
611 2629 755 2657 constituit
770 2637 776 2655 :
791 2637 846 2664 quo
863 2629 946 2656 illicio

156 2684 219 2704 eum
238 2677 413 2704 attentiorem
436 2676 536 2707 reddit,
558 2681 639 2710 atque
664 2678 698 2704 ab
721 2677 868 2708 oblivione,
886 2684 946 2711 qua:

157 2722 229 2750 bona
241 2724 332 2749 omnia
351 2722 512 2756 corrumpit,
533 2722 640 2749 liberat.

1000 2309 1060 2335 ἀλλ’
1072 2309 1132 2341 οὐκ,
1147 2309 1282 2336 Εἰσελθὼν
1296 2317 1303 2325 ·
1328 2310 1342 2336 ὁ
1357 2309 1412 2343 γὰρ
1441 2309 1629 2344 πνευματικδς
1648 2309 1740 2343 νόμος,
1757 2309 1784 2334 τὸ

1001 2355 1098 2389 ἐφετὸν
1116 2356 1254 2391 πανταχοῦ
1263 2357 1310 2383 καὶ
1326 2357 1471 2391 μεγαλεῖον
1483 2357 1564 2392 ἔχων,
1581 2357 1628 2383 καὶ
1639 2356 1688 2383 ἀπ’
1704 2356 1784 2390 αὐτῆς

1000 2401 1050 2436 τῆς
1066 2401 1195 2437 βραχείας
1209 2402 1336 2437 ἐντυχίας
1358 2400 1430 2428 οἶδεν
1448 2402 1622 2437 ἐφέλκεσθαι,
1641 2402 1733 2428 Εἰπὼν
1747 2402 1781 2434 δὲ,

1004 2458 1014 2475 σ
1030 2449 1121 2484 Νόμον
1143 2449 1255 2482 τέλειον,
1274 2458 1284 2475 ι
1317 2450 1464 2485 ἐπήνεγκε,
1485 2459 1493 2475 ι
1514 2450 1564 2484 τῆς
1592 2449 1756 2484 ἐλευθερίας,
1772 2458 1781 2474 ν

1001 2496 1051 2531 τὴν
1066 2496 1224 2531 ἐλευθερίαν
1237 2496 1374 2531 ἐπίσημον
1389 2495 1470 2522 αὐτοῦ
1488 2495 1659 2530 ποιούμενος.
1683 2495 1713 2521 Ὃ
1734 2496 1783 2528 γὰρ

1003 2542 1074 2568 κατὰ
1093 2542 1211 2578 Χριστὸν
1223 2543 1305 2573 νόμος
1322 2543 1369 2577 τῆς
1388 2542 1451 2577 περὶ
1465 2542 1513 2577 τὴν
1528 2542 1617 2577 σάρκα
1631 2541 1783 2574 ἀπαλλάξας

1002 2587 1135 2620 δουλείας,
1151 2589 1180 2615 ἐν
1194 2587 1336 2624 ἐλευθερίᾳ
1347 2590 1391 2614 τὸν
1404 2589 1551 2624 προσιόντα
1568 2587 1724 2624 καθίστησι,
1741 2588 1782 2614 καὶ

1001 2634 1044 2661 διὰ
1060 2634 1089 2661 τὸ
1103 2635 1268 2670 ἐλευθέριον,
1296 2635 1344 2661 καὶ
1360 2635 1541 2670 προσεκτικδν
1564 2634 1712 2669 εἰργάσατο
1725 2633 1779 2659 τοῦ·

1000 2687 1057 2710 τον,
1075 2680 1120 2706 καὶ
1134 2681 1182 2715 τῆς
1201 2679 1403 2714 ὶνμαινομένης
1417 2680 1505 2706 ἇπασι
1521 2680 1576 2711 τοῖς
1593 2679 1686 2711 καλοῖς
1699 2677 1778 2712 ari}-

1000 2723 1080 2757 λαξεν
1096 2725 1293 2760 ἐπιλησμονῆς.

778 2780 927 2811 Bonifaeii
948 2780 1058 2812 Finetti
1084 2786 1179 2812 notae.

194 2830 235 2866 (9)
255 2829 375 2858 Verbum
391 2830 688 2869 napaxo'mmproprie
704 2830 850 2869 siguili:at,
862 2830 944 2857 obiter
962 2835 1041 2865 aper
1055 2835 1224 2859 transennam
1241 2833 1356 2865 intueri,-
1381 2833 1425 2860 cui
1463 2831 1660 2868 significationi
1696 2832 1774 2859 uititul

159 2865 278 2902 sequens
293 2866 516 2895 couuncmatoris
531 2865 742 2893 animadversio.
