1887 3059
124 142 192 174 1215

583 145 873 176 THEOPHYLACTI
888 148 1091 180 BULGARUE
1105 153 1284 185 AliClIlEP.

1681 155 1755 188 1216

124 206 240 232 namque
255 199 288 225 de
307 199 383 226 utilis
402 200 480 234 quasi
506 201 630 234 superbis
663 205 689 227 et
712 204 902 236 arrogantibus

994 205 1082 237 λῶσιν,
1102 207 1218 242 ὁρῶντες
1236 210 1308 244 ἡμᾶς
1343 211 1389 237 καὶ
1412 211 1554 243 ταπεινοὺς
1580 213 1627 238 καὶ
1653 213 1750 248 πειθη-

126 244 322 278 obl0quantur,
346 245 367 272 si
397 246 422 271 in
449 246 494 276 iis,
518 254 578 280 quae
597 247 705 279 decent,
734 248 862 280 humiles,
883 253 909 276 et

124 291 306 324 obsequentes
329 298 378 318 nzs
403 291 531 324 viderint,
556 292 676 327 profecto
690 300 724 321 eo
741 294 827 329 magis
843 302 909 321 con-

125 335 276 363 fundentur
288 341 314 363 et
325 337 498 364 erubescent.

163 381 243 409 Vzns.
262 382 305 409 16.
322 392 332 408 ι
356 383 441 415 Quasi
457 384 545 417 liberi,
561 390 587 412 et
612 393 665 412 non
687 384 764 421 quasi
781 389 908 416 velamen

125 428 255 456 habentes
272 428 382 456 malitia!
399 431 565 459 libertatem.
579 442 588 458 1
605 432 696 460 Series
714 435 846 462 orationis
869 441 911 464 est

123 472 280 505 huiusmodi
294 483 301 501 :
322 484 331 500 ι
346 474 466 509 Subiecti
483 481 571 504 estote
590 479 668 512 quasi
683 479 764 515 363
781 481 868 512 liberi,
882 486 910 508 et.

124 526 177 546 non
209 520 286 553 quasi
305 521 427 549 velamen
447 523 579 551 habentes
606 525 716 553 malitiae
743 527 908 560 libertatem,

123 564 170 591 sed
194 564 266 592 sicut
293 567 365 594 servi
388 568 444 595 Dei.
465 578 473 593 1
496 569 555 596 Non
580 571 668 598 solum
689 572 835 606 principes;
863 574 909 600 sed

122 610 204 637 etiam
223 621 232 637 ι
252 619 349 640 omnes
365 614 505 646 honorate,
525 615 722 644 fraternitatem
741 619 851 653 quidem
867 619 910 646 di-

125 655 250 690 ligentes,
284 657 368 685 Deum
388 667 452 686 vero
472 660 608 694 timentes,
631 671 721 698 regem
744 669 833 691 autem
863 665 911 692 ll'o-

124 702 310 732 noriticantes.
336 714 345 730 1
373 705 460 733 Porro
492 707 571 740 illud,
606 717 615 734 ι
636 710 720 741 Quasi
744 710 822 737 liberi
843 721 852 736 1
874 712 910 739 ita

124 749 272 781 explicavit
296 750 338 778 In.
353 751 565 786 Chrysostomns
577 762 584 780 :
598 764 608 780 ‹
625 754 663 782 Ne
678 755 812 788 dicerent,
830 757 914 785 Libe-

125 795 178 821 rali
201 803 297 822 smnus
314 805 328 823 a
350 799 463 831 rnundu,
486 800 548 826 υτοιί
566 800 640 828 cives
661 801 722 829 facti
751 811 857 836 sumus,
885 808 912 831 et

126 842 155 864 ιιι
176 839 346 874 principibus
361 841 442 876 hujus
465 844 557 871 mundi
571 845 660 872 demto
678 855 727 874 nos
746 848 869 881 subiicis,
886 854 912 876 et

125 882 228 911 eisdem
250 894 344 920 parere
366 890 513 923 prmcipis?
538 891 588 918 hac
605 892 639 919 de
666 900 760 926 causa,
783 894 909 928 Obedite,

127 929 362 966 inquit.tanquam
380 933 468 962 liberi.
496 936 547 963 hoc
561 941 612 969 est,
628 938 701 965 velut
717 939 741 966 ci
757 940 910 974 credentes,

127 976 173 1010 qui
200 985 246 1003 vos
269 977 403 1010 liberavit.
430 985 456 1008 et
483 981 533 1009 hoc
562 982 652 1010 facere
683 985 831 1014 mandavit.
857 986 912 1015 liae

127 1021 199 1047 enim
217 1021 320 1049 ratione
344 1023 556 1059 haudquaquam
575 1027 730 1055 videbimini
747 1029 773 1055 in
793 1030 911 1064 malitiae,

127 1073 175 1092 seu
192 1066 395 1100 inobrdientize,
420 1075 447 1097 et
469 1073 647 1100 contumaciae
662 1074 796 1106 velamen,
812 1075 912 1104 habere

127 1111 293 1144 libertatem;
307 1119 335 1140 ut
345 1115 552 1150 contingeret,si
566 1117 647 1151 huius
663 1123 792 1152 przetextu
802 1121 914 1148 obedire

127 1158 290 1185 renuere-tis.
317 1168 325 1184 1
352 1159 433 1187 Juxta
463 1161 543 1188 aliam
577 1163 824 1192 considerationem
857 1167 912 1194 dici

128 1206 226 1236 potest,
247 1204 362 1232 liberum
377 1214 439 1233 esse
449 1207 528 1241 juxta
545 1208 701 1241 Dominum,
720 1212 767 1245 qui
792 1212 858 1239 nulli
874 1213 913 1240 rei

127 1248 254 1276 absurdae
270 1251 443 1286 obsequitur.
460 1252 594 1286 Quoniam
622 1255 706 1290 igitur
725 1257 853 1284 simulate
870 1258 910 1284 vi-

128 1302 192 1322 vere
220 1303 263 1323 res
289 1305 343 1324 non
375 1302 418 1325 est
453 1299 543 1332 liberi,
568 1301 613 1327 sed
650 1301 721 1335 ejus,
751 1303 797 1336 qui
823 1304 914 1337 pravis

128 1343 272 1372 adet-tibus
304 1347 430 1375 subditus
461 1352 515 1380 est,
541 1349 592 1376 hoc
611 1355 702 1377 autem
732 1356 775 1378 est
805 1359 819 1378 a
848 1351 912 1384 Deo,

128 1391 271 1426 servisque
301 1393 360 1425 ejus
388 1394 524 1425 alienum;
550 1395 654 1423 ideirco
678 1405 751 1424 nune
778 1399 913 1433 prmcipit,

129 1441 158 1462 ut
175 1437 245 1465 bono
261 1446 293 1465 ac
308 1440 417 1467 sincero
441 1440 533 1467 animo
556 1442 727 1476 principibus
742 1445 860 1478 subjecti
875 1446 913 1473 si-

130 1490 206 1514 mus,
224 1490 256 1510 ac
268 1491 333 1516 non,
346 1485 416 1511 male
431 1493 494 1519 erga
506 1486 567 1514 illos
581 1487 775 1519 allecti,'veluti
791 1494 913 1517 coactam

960 253 1033 284 νίους
1048 254 1076 278 ἐν
1093 252 1132 286 οἷς
1148 255 1198 287 δεῖ,
1214 256 1315 290 μᾶλλον
1332 257 1567 293 καταισχύνονται.

1002 408 1010 424 ι
1034 399 1078 430 Ὠς
1093 399 1241 435 ἐλεύθεροι,
1256 402 1303 428 καὶ
1329 403 1365 436 μὴ
1392 403 1430 434 ὡς
1445 405 1624 440 ἐπικάλυμμα
1644 407 1754 441 ἔχοντες

960 442 1010 478 τῆς
1042 445 1141 476 κακίας
1170 446 1219 481 τὴν
1246 447 1413 482 ἐλευθερίαν.
1451 459 1460 475 1
1484 451 1520 476 Τὸ
1549 452 1614 485 ἑξῆς
1647 453 1752 484 οὕτως·

963 499 971 515 ι
996 490 1165 525 Ὑποτάγητε
1177 491 1214 523 ὡς
1226 492 1373 527 ἐλεύθεροι,
1398 495 1445 521 καὶ
1460 495 1496 530 μὴ
1512 496 1550 528 ὡς
1572 497 1754 532 ἐπικάλυμμα

962 536 1067 571 ἔχοντες
1085 537 1134 572 τῆς
1153 539 1250 569 κακίας
1276 538 1325 574 τὴν
1348 540 1515 575 ἐλευθερίαν,
1539 542 1606 569 ἀλλὰ
1636 544 1683 570 καὶ
1715 544 1756 576 ὡς

961 581 1047 608 δοῦλοι
1062 582 1141 612 Θεοῦ,
1162 593 1171 609 1
1188 584 1233 618 Μὴ
1251 585 1330 618 μόνον
1346 585 1487 619 ἄρχοντας,
1511 587 1580 614 ἀλλὰ
1596 589 1641 614 καὶ
1659 598 1668 615 ι
1687 589 1755 616 πάν-

961 635 1011 657 τας
1029 628 1172 662 τιμήσατε,
1195 627 1244 663 τὴν
1258 629 1426 664 ἀδελσὸτητα
1453 630 1502 665 μὲν
1520 632 1692 666 ἀγαπῶντες,
1709 634 1754 660 τὸν

961 672 989 698 δὲ
1005 672 1070 698 Θεὸν
1092 673 1262 708 φοϐούμενοι,
1278 674 1323 701 τὸν
1343 675 1453 709 βασιλέα
1468 677 1611 711 τιμῶντες.
1635 689 1644 705 1
1664 680 1701 706 Τὸ
1714 680 1754 709 δὲ.

965 727 974 742 ι
993 717 1036 748 Ὡς
1048 718 1193 752 ἐλεύθεροι.
1211 729 1220 745 1
1235 720 1248 746 ὁ
1263 721 1312 754 μὲν
1323 721 1515 756 Χρυσόστομος
1531 723 1656 758 Ἰωάννης
1668 724 1756 756 οὕτως

963 763 1121 798 ἀνέπτυξεν,
1138 765 1231 796 εἰπὼν,
1258 766 1298 792 ὅτι
1317 776 1326 792 ι
1345 767 1403 793 Ἵνα
1419 768 1456 803 μὴ
1472 769 1601 802 λέγωσιν⁶
1630 770 1757 798 Ἥλευθε-

965 808 1090 843 ρώθημεν
1105 809 1158 836 ἀπὸ
1173 811 1220 837 τοῦ
1235 811 1348 846 κόσμου,
1365 813 1569 848 οὖρανοπολῐται
1590 817 1755 851 γεγόναμεν,

964 854 1010 880 καὶ
1025 855 1057 880 σὺ
1087 855 1167 882 πάλιν
1194 857 1356 889 ὑποτάσσεις
1374 859 1447 894 ἡμᾶς
1475 861 1531 892 τοῖς
1552 861 1677 896 ἄρχουσι,
1707 864 1756 889 καὶ

964 901 1114 928 ὑπακούειν
1129 902 1265 936 κελεύειςς
1287 904 1383 931 τούτου
1399 903 1445 932 οὖν
1457 907 1538 941 χάριν
1554 909 1637 942 φησίν
1653 915 1661 923 ⁸
1687 909 1755 935 ’Υπ-

962 947 1076 974 ακούετε
1099 948 1136 979 ὡς
1153 948 1300 984 ἐλεύθεροι,
1314 950 1386 976 τοῦτ’
1401 951 1485 984 ἔστιν,
1499 952 1537 984 ὠς
1560 954 1757 987 πιστεύσαντες

962 991 1001 1026 τῷ
1015 993 1226 1028 ἐλευθερώσαντι
1242 995 1288 1022 καὶ
1306 997 1487 1031 προστάξαντι
1503 998 1580 1025 τοῦτο
1593 1001 1690 1026 ποιεῖν.
1704 1001 1759 1027 Οὖ-

962 1046 1000 1064 τω
1025 1038 1078 1073 γὰρ
1093 1039 1124 1066 οὑ
1142 1040 1231 1072 δόξετε
1246 1041 1296 1076 τῆς
1321 1042 1392 1069 κατᾶ
1406 1043 1519 1079 γνώμην
1543 1045 1652 1077 κακίας,
1684 1048 1758 1073 τοῦτ’

963 1084 1021 1111 ἔστι
1041 1085 1087 1111 τοῦ
1111 1086 1240 1118 ἀπειθοῦς
1256 1088 1303 1114 καὶ
1324 1089 1453 1122 ἁνηκόου,
1482 1091 1555 1125 ἔχειν
1570 1093 1760 1128 προκάλυμμα

963 1129 1012 1164 τὴν
1042 1130 1209 1166 ἐλευθερίαν,
1231 1132 1265 1158 δι’
1298 1130 1333 1168 ἦς
1361 1134 1502 1162 ἀναίνεσθε
1530 1136 1578 1172 τὴν
1595 1137 1728 1171 ὑπακοήν.
1746 1149 1756 1164 1

965 1175 1043 1202 Ἐστι
1076 1176 1105 1202 δὲ
1140 1177 1187 1204 καὶ
1203 1178 1265 1204 καθ’
1286 1179 1382 1214 ἑτέραν
1403 1180 1532 1216 ἐπιϐολὴν
1557 1183 1630 1218 ἐρεῖν
1653 1192 1679 1210 τι
1694 1185 1761 1218 περὶ

963 1222 1060 1249 αὐτοῦ’
1085 1223 1243 1258 Ἐλεύθερός
1259 1225 1316 1251 ἐστι
1341 1226 1413 1252 κατὰ
1440 1227 1544 1262 Κύριον
1560 1229 1574 1255 ὀ
1592 1228 1688 1264 μηδενὶ
1704 1229 1769 1256 τῶν

964 1267 1072 1295 ἀτόπων
1087 1269 1220 1296 ὑπείκων.
1242 1271 1318 1297 Ἐπεὶ
1328 1272 1418 1299 τοίνυν
1435 1273 1465 1299 τὺ
1481 1275 1510 1300 ὲν
1531 1274 1675 1309 ὑποκρίσει
1699 1275 1757 1302 δια-

965 1313 1050 1345 ϐιοῦν,
1075 1315 1126 1341 οὐκ
1150 1315 1303 1351 ἐλευθέρου,
1324 1317 1393 1344 ἀλλὰ
1424 1318 1538 1346 πάθεσιν
1565 1321 1761 1355 ὑποκειμένου.

963 1359 1022 1393 ἦτοι
1037 1360 1192 1394 ἀρεσκείας,
1214 1361 1230 1396 ἢ
1250 1363 1295 1388 καὶ
1311 1362 1394 1397 ἄλλης
1416 1364 1534 1398 αἰσχρᾶς
1552 1365 1663 1399 ήδονῆς’
1684 1365 1762 1398 ξένον

963 1401 991 1427 δὲ
1017 1402 1104 1433 τοῦτο,
1135 1404 1180 1429 καὶ
1208 1404 1276 1431 Θεοῦ
1295 1405 1469 1440 Θεραπόντων
1493 1407 1650 1444 ἀλλότριον*
1674 1419 1762 1444 προσ-

963 1446 1055 1473 τάττει
1072 1447 1118 1474 νῦν
1138 1449 1187 1482 τὴν
1205 1449 1345 1486 ὑποταγὴν
1359 1453 1416 1482 τοῖς
1446 1453 1576 1487 ἄρχουσιν
1600 1455 1629 1487 ἐξ
1655 1455 1761 1488 ἀγαθοῦ

964 1493 1010 1518 καὶ
1023 1493 1117 1519 ἀδόλου
1132 1494 1315 1522 ἐνδείκνυσθαι
1329 1497 1429 1531 τρόπου
1440 1505 1447 1512 ·
1473 1499 1541 1525 ἀλλὰ
1557 1500 1594 1534 μὴ
1621 1501 1764 1534 δυσμενῶς

129 1527 312 1555 obedientiam
334 1535 514 1564 pra-stemus;
530 1540 597 1560 neve
612 1533 770 1567 hujusmodi
791 1535 816 1562 in
834 1536 902 1563 nobi:

994 1547 1077 1572 ςοντας
1099 1539 1167 1574 πρὸς
1182 1540 1290 1573 αὐτοὺς,
1321 1541 1359 1573 ὥς
1383 1546 1655 1579 κατηναγκλςμένως
1672 1549 1762 1572 ποιεῖν

129 1574 230 1602 latente
247 1575 359 1606 malitia.
374 1578 446 1604 velut
459 1579 607 1609 sincerum.
627 1587 658 1607 ac
677 1581 913 1616 simplextnorum

130 1624 287 1647 nostrorum
313 1621 433 1650 velamen
461 1623 604 1656 faciamus.
626 1631 802 1660 apparentem
818 1635 914 1662 quam-

127 1661 202 1697 dam,
218 1670 243 1694 et
270 1675 323 1694 non
344 1676 375 1695 ex
403 1669 500 1695 intimo
522 1669 619 1698 aﬂ'ectu
635 1671 818 1699 obedientiam
835 1674 914 1701 exhi-

131 1710 235 1738 bentes.
264 1711 332 1738 lliud
360 1713 444 1745 enim,
478 1724 487 1739 ‹
515 1716 593 1748 quasi
625 1717 747 1744 velamen
785 1717 916 1747 habentes

131 1756 242 1783 malitia:
269 1757 434 1791 libertatem,
457 1768 465 1784 1
493 1760 603 1792 perinde
629 1764 672 1788 est
695 1770 727 1788 ac
751 1762 774 1789 si
799 1764 917 1792 bre\iter

132 1802 252 1828 diceret:
277 1802 422 1838 Simplices
446 1805 555 1839 quidem
579 1811 605 1833 et
630 1807 731 1834 sinceri
747 1809 918 1838 extrinsecus

132 1852 293 1881 apparentes
309 1850 381 1876 velut
396 1850 446 1877 sub
464 1851 598 1879 velamine
609 1852 754 1884 libertatis.
794 1858 821 1881 el
832 1863 916 1890 expe—

133 1893 231 1921 rientia
249 1895 377 1930 improbi,
395 1902 420 1924 et
433 1897 601 1932 apparentiw
614 1900 747 1926 contrarii
765 1900 879 1929 inventi.

168 1987 249 2017 Vens.
264 1991 358 2020 16-22.
379 2001 388 2017 ι
410 1991 462 2019 Sed
479 1993 550 2020 sicut
563 1995 634 2021 servi
648 1994 705 2022 Dei.
720 1994 822 2023 Omnes
835 1997 920 2025 hono-

133 2040 208 2063 rate:
226 2036 423 2065 fraternitatem
449 2039 571 2074 diligite:
589 2040 672 2067 Deum
692 2041 804 2069 timete:
828 2050 920 2078 regem

134 2081 321 2110 honoriﬁcate.
341 2082 417 2110 Servi
431 2085 531 2112 subditi
546 2085 573 2112 in
585 2086 658 2113 omni
675 2086 773 2115 timore
790 2088 920 2122 dominis,

133 2135 187 2154 non
205 2132 310 2155 tantum
328 2129 409 2156 bonis
429 2134 454 2156 et
466 2131 609 2163 modestis,
628 2131 675 2159 sed
687 2133 771 2159 etiam
785 2133 918 2169 dyscolis.

135 2172 195 2201 llaec
201 2180 241 2201 est.
248 2174 318 2201 enim
326 2176 412 2210 gratia
420 2177 489 2210 apud
498 2176 593 2210 Deum,
601 2178 623 2205 si
635 2183 745 2213 propter
753 2180 850 2207 bonam
859 2189 923 2207 con-

965 1584 1014 1618 τήν
1035 1585 1168 1621 ὑπακοὴν,
1194 1587 1241 1612 καὶ
1273 1587 1323 1621 τῆς
1352 1589 1480 1624 τοιαύτης
1507 1591 1709 1626 ἐνδομυχοὺσης
1732 1595 1762 1618 ἐν

966 1630 1030 1663 ὑμῖν
1045 1631 1153 1663 κακίας,
1170 1631 1199 1657 τὸ
1214 1632 1306 1659 ἄδολον
1321 1633 1401 1668 δῆθεν
1415 1634 1461 1660 τοῦ
1476 1635 1576 1670 τρόπον
1594 1637 1640 1662 καὶ
1656 1637 1763 1663 ἁπλοῖ»)

967 1675 1102 1701 ποιεῖσθαι
1116 1676 1300 1711 προκάλυμμα
1311 1679 1477 1714 φαινομένην
1491 1680 1538 1714 τὴν
1549 1681 1684 1715 ὑπακοὴν,
1701 1683 1762 1708 ἀλλ’

967 1718 1026 1752 οὐχὶ
1040 1719 1086 1744 καὶ
1104 1720 1133 1745 ἑκ
1150 1720 1296 1752 διαθέσεως
1309 1722 1410 1757 ταύτην
1426 1724 1627 1757 ὲπιτελοῦντας.
1645 1726 1681 1752 Τὸ
1693 1727 1760 1761 γὰρ,

972 1773 980 1789 ι
1000 1764 1044 1799 Μὴ
1059 1764 1095 1794 ὡς
1113 1765 1292 1801 ἐπικάλυμμα
1310 1767 1417 1802 ἔχοντες
1432 1769 1483 1803 τῆς
1500 1771 1599 1802 κακίας
1617 1773 1665 1807 τὴν
1684 1773 1763 1799 ἐλευο

969 1807 1073 1842 θερίαν,
1102 1819 1111 1835 1
1139 1810 1259 1838 τοιοῦτόν
1283 1812 1366 1844 ἐστιν,
1395 1813 1434 1845 ὡς
1458 1815 1487 1841 ἐν
1517 1816 1641 1852 συντόμῳ
1670 1819 1760 1853 ὲρεῖν·

976 1853 1070 1881 Ἀπλοῖ
1091 1855 1140 1889 μὲν
1159 1855 1205 1881 καὶ
1215 1856 1301 1883 ἄδολοι
1318 1857 1348 1884 τὸ
1370 1854 1509 1894 ὁρώμενον
1532 1862 1760 1896 χρηματίζοντες,

970 1899 1007 1931 ὡς
1023 1900 1075 1927 ὑπὸ
1092 1901 1303 1937 προκαλύμματι
1316 1905 1364 1938 τῆς
1378 1905 1545 1940 ἐλευθερίας,
1563 1909 1594 1941 τῇ
1622 1909 1705 1944 πείρα
1731 1909 1762 1936 δὲ

970 1945 1051 1972 δεινοὶ
1071 1946 1117 1972 καὶ
1135 1946 1301 1978 ἁπεναντίας
1316 1948 1363 1974 τοῦ
1381 1950 1545 1984 φαινομένου
1559 1952 1761 1987 εὑρισκόμενοι.

1008 1999 1018 2016 ι
1039 1991 1108 2018 Ἀλλ’
1124 1991 1161 2022 ὡς
1189 1992 1276 2019 δοῦλοι
1296 1993 1363 2020 Θεοῦ
1379 2003 1385 2009 ·
1405 1995 1512 2027 Πάντας
1532 1997 1666 2031 τιμήσατε
1681 2006 1688 2013 ·
1709 1998 1762 2033 τὴν

971 2036 1139 2072 ἀδελφότητα
1149 2039 1274 2071 ἀγαπᾶτε
1286 2047 1292 2054 ’
1309 2038 1355 2066 τὸν
1372 2039 1438 2067 Θεὸν
1452 2041 1578 2075 φοϐεῖσθε
1594 2052 1600 2058 ·
1618 2043 1664 2070 τον
1684 2044 1763 2079 βασι-

971 2081 1020 2108 λέα
1046 2083 1154 2118 τιμᾶτε,
1186 2083 1218 2109 υῐ
1237 2083 1353 2118 οἰκέται,
1377 2085 1592 2121 ὑποτασσόμενοι
1622 2089 1651 2114 ἐν
1679 2089 1765 2114 παντὶ

973 2128 1048 2163 φόόῳ
1082 2129 1139 2160 τοῖς
1167 2129 1322 2162 δεσπόταις,
1342 2131 1371 2157 οὐ
1390 2131 1471 2166 μόνον
1499 2133 1556 2164 τοῖς
1579 2133 1690 2167 ἀγαθοῖς
1715 2136 1764 2161 καὶ

973 2174 1132 2205 ἐπιεικέσιν,
1151 2174 1219 2201 ἀλλὰ
1236 2177 1352 2208 καὶτοῖς
1366 2177 1494 2209 σκολιοῖς.
1510 2177 1597 2206 Τοῦτο
1615 2180 1670 2215 γὰρ
1683 2181 1764 2215 χὰρις

133 2219 276 2246 scientiam
287 2221 470 2256 sustinetquis
480 2224 614 2255 tristitias,
626 2225 731 2258 patiens
744 2225 902 2259 injuste.Qu:

994 2220 1050 2255 αρὰ
1065 2219 1103 2255 τῷ
1113 2220 1183 2256 Θεῷ,
1196 2222 1220 2248 εί
1232 2222 1276 2249 διὰ
1288 2223 1440 2258 συνείδησιν
1454 2224 1559 2260 ἀγαθὴν
1573 2226 1706 2261 ὑποφέρει
1720 2236 1762 2258 τις

134 2265 207 2292 enirn
219 2271 263 2293 est
277 2267 373 2302 gloria,
388 2269 410 2295 si
423 2275 566 2303 peccantes
576 2276 601 2296 et
613 2271 774 2305 colaphizati
784 2271 926 2300 suil'crtis?

134 2311 182 2338 sed
210 2311 233 2339 si
257 2312 325 2339 bene
348 2313 491 2348 facientes,
514 2316 649 2350 patienter
674 2317 828 2348 sustinetis,
866 2317 924 2345 hace

133 2362 175 2384 est
185 2359 270 2392 gratia
282 2360 351 2394 apud
370 2360 465 2388 Deum.
478 2361 505 2388 lu
517 2362 567 2388 hoc
583 2362 654 2389 enim
667 2362 752 2389 vocati
763 2363 830 2389 estis
841 2372 848 2389 :
859 2364 923 2398 quia

133 2408 160 2430 cl
171 2403 297 2433 Christus
313 2413 412 2440 passus
430 2412 472 2434 est
488 2415 535 2442 pro
553 2407 642 2439 nobis,
660 2407 738 2435 vobis
762 2408 921 2444 relinquens

132 2451 301 2484 exemplum,
317 2456 347 2478 ut
374 2453 526 2487 sequamini
541 2453 654 2487 vestigia
670 2453 740 2487 ejus.
758 2454 808 2487 Qui
825 2462 921 2489 pecca—

135 2499 191 2522 tum
207 2504 260 2523 nott
276 2496 350 2530 fecit,
369 2505 418 2525 nee
433 2499 560 2526 inventus
573 2504 615 2526 est
628 2499 706 2526 dolus
725 2500 750 2526 in
764 2507 811 2526 ore
824 2500 894 2534 ejus.
909 2510 918 2527 1

134 2541 257 2569 Observa
280 2548 434 2570 accuratam
453 2544 696 2572 distributionem:
714 2548 850 2580 quomodo
868 2547 922 2573 Deo

134 2586 244 2620 quidem
272 2588 409 2621 timorem,
440 2591 495 2624 tegi
532 2599 597 2618 vero
633 2593 763 2619 honorem
790 2594 920 2628 assignct.

134 2632 225 2664 Quare
240 2634 263 2660 si
281 2634 351 2661 Dens
372 2635 508 2663 timendus
524 2642 575 2668 est,
604 2647 614 2663 ι
635 2639 681 2672 qui
694 2643 782 2673 potest
794 2639 922 2672 animam,

135 2683 161 2705 ct
175 2686 275 2714 corpus
293 2681 406 2715 perdere
419 2680 452 2713 ³⁸,
471 2691 479 2707 1
499 2690 552 2709 non
570 2683 662 2718 utique
683 2691 785 2711 morem
800 2692 924 2718 geremus

137 2724 257 2758 regibus,
283 2733 345 2752 cum
373 2726 511 2761 quidpiam
538 2729 600 2756 mali
621 2729 700 2756 nobis
722 2729 922 2764 przeccperint.

136 2767 230 2796 Tnnor
250 2771 322 2796 enim
342 2771 387 2797 Dei
413 2773 494 2800 ctiam
518 2773 649 2803 honorem
669 2775 777 2810 regibus
791 2775 859 2802 alias
876 2775 922 2802 de-

177 2859 198 2874 "
210 2859 304 2887 Matth.
320 2869 345 2893 κ,
367 2863 412 2890 ‘28.

972 2265 1060 2301 λύπην
1075 2267 1188 2301 πάσχων
1207 2267 1315 2299 ἀδίκως.
1332 2269 1410 2295 Ποῖον
1433 2270 1487 2304 γὰρ
1507 2270 1596 2302 κλέος,
1611 2273 1635 2297 εἱ
1656 2272 1752 2307 ἀμαρ-

973 2313 1100 2344 τάνοντες
1135 2313 1182 2340 καὶ
1207 2314 1414 2349 κολαφιζόμενοι
1440 2316 1623 2351 ὑπομενεῖτε;
1650 2318 1721 2344 ’Δὶ-λ’
1737 2320 1762 2345 εἰ

973 2359 1204 2393 ἀγαθοποιοῦντες
1226 2361 1273 2387 καὶ
1305 2361 1454 2396 πάσχοντες
1484 2363 1656 2397 ὑπομενεῖτε,
1682 2365 1763 2390 τοῦτο

975 2406 1055 2441 χάρις
1088 2407 1163 2441 παρὰ
1188 2406 1227 2441 τῷ
1246 2406 1315 2441 Θεῷ.
1350 2407 1396 2439 Εἰς
1416 2407 1495 2434 τοῦτο
1531 2409 1585 2443 γὰρ
1615 2409 1761 2444 ἐκλήθητε,

975 2452 1015 2479 ὅτι
1030 2452 1076 2478 καὶ
1096 2452 1214 2488 Χριστὶς
1241 2452 1343 2480 ἔπαθεν
1377 2453 1447 2488 ὑπὲρ
1462 2454 1552 2488 ἡμῶν,
1571 2455 1635 2489 ὑμῖν
1648 2455 1762 2490 ὑπολιμ-

975 2497 1068 2524 πάνων
1085 2497 1278 2533 ὑπογραμμὸν.
1296 2498 1338 2524 ἵνα
1360 2499 1598 2534 ἐπακολουθήσητε
1613 2501 1668 2529 τοῖς
1689 2500 1759 2535 ἴχνε-

975 2552 1017 2570 σιν
1034 2543 1117 2570 αὑτοῦ
1137 2552 1143 2559 ·
1170 2543 1198 2575 ὃς
1214 2545 1352 2579 ἁμαρτίαν
1365 2545 1416 2571 οὑκ
1436 2545 1576 2579 ἐποίησεν,
1592 2546 1651 2572 οὐδὲ
1663 2546 1760 2582 εὑρέθη

976 2589 1051 2621 δόλος
1067 2590 1096 2615 ἐν
1115 2589 1153 2624 τῷ
1174 2590 1288 2623 στόματι
1302 2589 1397 2616 αὑτοῦ.
1410 2599 1418 2615 1
1440 2590 1540 2616 Σκόπει
1552 2590 1599 2624 τὴν
1607 2591 1760 2624 ἀκρίϐειαν,

979 2634 1046 2666 πῶς,
1058 2634 1097 2669 τῷ
1116 2635 1164 2669 μὲν
1191 2633 1250 2668 Θεῷ
1264 2633 1310 2660 τὺν
1342 2634 1423 2668 φόϐον
1442 2635 1524 2670 φησὶν
1545 2636 1703 2670 ἀπονέμειν,
1724 2636 1763 2670 τῷ

979 2681 1084 2716 βασιλεῖ
1100 2682 1128 2707 δὲ
1146 2681 1196 2716 τὴν
1221 2681 1315 2715 τιμήν.
1331 2681 1412 2706 Ὥστε
1433 2679 1509 2715 είτῷ
1529 2680 1589 2716 Θεῷ
1607 2681 1654 2706 τὸν
1681 2681 1763 2715 φόδον

978 2727 1173 2762 ἁπονεμητέον,
1194 2736 1203 2752 ‹
1221 2726 1260 2760 τῷ
1276 2725 1418 2760 δυναμένῳ
1437 2726 1483 2752 καὶ
1502 2726 1598 2761 ίψυχὴν
1612 2727 1657 2752 καὶ
1683 2726 1761 2761 σῶμα

978 2774 1120 2806 ἀπολέσαι,
1131 2783 1140 2799 1
1161 2773 1210 2800 οὐκ
1223 2773 1255 2800 ἂν
1273 2773 1428 2808 ὑπείξωμεν
1444 2772 1598 2799 ϐασιλεῦσιν
1618 2772 1663 2798 ἐπε
1674 2781 1699 2798 τι
1710 2772 1761 2798 τῶν
