1887 3059
88 195 158 230 1265

478 196 680 229 EXPOSITIO
697 197 736 228 ΙΝ
755 197 918 228 EPIST.“
940 197 960 227 S
992 198 1115 229 PETRI.
1127 211 1161 217 -
1177 200 1258 231 CAP.
1274 200 1315 231 li.

1655 200 1725 233 12'36

55 278 59 282 .
87 258 135 284 ὑπ’
149 257 241 285 αὐτῶν
258 257 394 294 εἰρημένα
413 257 462 293 οὐχ
484 258 676 294 ἡρμήνευε-αν·
699 257 758 293 ἅμα
781 257 810 284 δὲ
834 258 897 286 xui.

1013 258 1152 292 propheta:
1178 258 1252 287 dicta
1283 266 1333 287 sua
1360 266 1413 286 non
1428 259 1484 287 sint
1499 258 1683 294 interpretati,
1698 265 1725 287 et

87 304 224 340 διακρίνει
248 304 300 340 τὴν
316 303 403 340 ἁληθῆ
427 305 596 339 προφητείαν
617 304 668 339 τῆς
692 304 883 339 δαιμονιώδους

88 352 137 378 καὶ
154 351 289 386 πλαστῆς.
304 351 366 386 ἥτις
381 351 428 378 καὶ
450 352 479 378 ἐν
493 352 551 382 τοῖς
575 351 723 386 αἱρετικοίς
739 352 884 386 καταλαμ-

88 396 213 423 ὃὰνεται,
233 405 244 421 ‹
261 396 324 423 Ὅτι
340 398 417 424 πᾶσα
437 397 592 433 προφητεία
609 398 721 434 Γραφῆς
738 398 807 430 ίδίας
828 399 885 425 ἐπι-

87 441 196 474 λὺσεως
218 442 249 469 οὐ
272 444 388 476 γίνεται.
407 453 417 469 ι
441 443 520 471 Τοῦτ’
544 443 630 477 ἐστιν,
655 445 697 471 ὅτι
712 444 882 477 λαμϐάνουσι

90 488 142 523 μὲν
165 488 220 514 ἀπὸ
243 488 291 515 τοῦ
316 488 385 515 Θεοῦ
413 489 438 515 οῑ
463 489 604 525 προφῆται
631 491 682 524 τὴν
701 490 881 525 προφητείαν,

89 533 151 560 ἀλλ’
167 535 217 570 οὐχ
242 534 279 565 ὡς
307 536 407 561 ἐκεῖνοι
433 534 585 569 βούλονται,
611 536 668 562 ἀλλ’
694 536 732 568 ὡς
757 537 788 563 τὸ
812 536 884 562 Θεῖον

88 582 201 616 ἐνεργεῖ
218 580 346 615 Πνεῦμα·
364 581 411 607 καὶ
437 580 536 617 ᾔδεσαν
562 581 613 616 μὲν
633 583 680 608 καὶ
697 581 825 608 συνίεσαν
839 582 884 608 τὸν

90 627 345 661 κατα-πεμπόμενον
358 626 437 661 λόγον
447 627 538 658 αὐτοῖς
550 628 731 663 προφητικὸν,
747 628 778 655 οὐ
792 629 885 663 μέντοι

90 673 140 698 κα)⁵
160 672 210 706 τὴν
227 671 352 699 ἐπίλυσιν
364 672 447 699 αὑτοῦ
463 673 618 700 ὲποιοῦντο’
636 674 683 700 καὶ
695 675 737 701 ὄτι
752 674 806 702 ἀπὺ
816 674 884 701 Θεοῦ

90 717 286 752 ἐνεργούμενα
298 719 456 753 [Ινεύματος
468 719 492 746 οι
504 719 644 755 προφῆται
657 719 767 755 ᾔδεσαν,
779 721 817 752 ὡς
831 720 885 747 dra)

91 764 167 791 θείου
191 764 349 799 magno;
367 765 578 799 καταπέμπεται
593 767 608 792 ὸ
624 766 702 800 λόγος
720 767 823 799 αὐτοῖς,
835 766 884 801 δῆ-

91 810 140 837 λον
154 811 200 845 ἀφ’
214 807 252 838 ὦν
266 811 376 842 ἑκόντες
392 811 558 847 ὑπούργουν,
573 814 620 840 καὶ
636 813 651 840 ὃ
664 813 696 841 ἂν
711 813 807 849 ἤθελον
822 815 885 842 ἐλά-

93 856 171 883 λουν·
196 856 210 883 ὃ
231 857 260 884 δὲ
287 857 324 892 μὴ
352 857 461 892 ἧθελον,
487 858 630 886 ἐσιώπων·
655 859 686 886 οὐ
716 861 770 895 μὴν
789 861 836 886 καὶ
859 862 884 887 οἱ

91 902 326 954 Ψευδοπροφηται.
397 903 452 938 γὰρ
470 903 570 939 ᾔδεσαν
594 906 624 931 ιν
645 905 684 940 τῷ
704 905 883 940 ἰνιργεῖσοαι,
901 925 924 954 Β

93 948 165 975 ἀλλὰ
195 948 278 984 μανίᾳ
302 949 442 984 γινόμενοι
464 951 632 986 παρὰφοροι,
657 951 773 986 ἠγνόουν
790 953 804 979 ὂ
819 951 886 980 ἔπαο

95 1002 170 1029 σχον,
185 994 223 1027 ὡς
247 996 271 1021 ol
299 995 457 1030 μεθύοντες.
481 997 513 1023 Οῑ
539 997 631 1032 μέντοι
645 997 719 1032 ἅγιοι
735 1000 884 1034 προφῆται,

96 1041 200 1076 καίπερ
219 1041 331 1073 εἰδότες,
347 1042 377 1068 οὺ
401 1042 497 1077 χρείαν
517 1040 590 1078 εἶχον
612 1044 776 1079 ἑρμηνεύειν
791 1046 825 1072 τὰ
840 1046 886 1072 ὑπ’

92 1086 197 1118 αὐτῶν,
225 1087 284 1113 ἀλλ’
306 1087 410 1122 ἑτέροις
433 1087 576 1124 διηκίνουν
603 1089 690 1117 ταῦτα
704 1089 794 1126 [(ήμίν
809 1092 885 1126 γὰρ),

93 1132 157 1167 ἅμα
176 1132 204 1159 δὲ
226 1132 285 1169 καὶ]
302 1133 345 1159 ἵνα
360 1132 480 1170 λανθάνῃ
495 1135 512 1169 ὴ
537 1134 584 1162 τοῦ
610 1135 714 1171 Κυρίου
737 1138 884 1172 παρουσία,

94 1178 146 1205 καὶ
169 1178 207 1213 μὴ
229 1178 440 1215 ἔπιδουλεὺηται
465 1179 517 1206 ὑπὸ
544 1180 599 1207 τῶν
619 1182 738 1209 ἁσεὸὦν.
763 1183 889 1210 Ἐπιϐου-

93 1223 231 1258 λευομένη
245 1224 299 1260 γὰρ
311 1224 427 1259 ἠδύνατο
439 1226 487 1252 καὶ
501 1226 703 1262 διαδιδράσκειν
717 1228 761 1255 διὰ
777 1229 826 1263 τῆς
839 1230 886 1256 τοῦ

95 1271 202 1305 Κυρίου
213 1270 367 1306 δυνάμεως.
388 1271 459 1298 Ἀλλ’
471 1272 556 1304 εἰκὸς,
570 1272 655 1300 ἐνίοτε
669 1273 714 1301 διὰ
728 1275 888 1310 παραδόξων

95 1315 149 1350 τῆς
163 1315 306 1350 ἀποφυγῆς
320 1317 479 1352 γινομένης,
490 1318 642 1352 τερατῶδες
659 1319 732 1352 εδοξε
750 1321 780 1347 τὸ
796 1321 887 1347 τελούι

98 1369 183 1394 μενον
205 1361 255 1396 τῆς
275 1362 519 1397 ινανθρωπήσεως.
548 1363 604 1390 Καὶ
626 1365 667 1390 ὅτι
683 1365 782 1400 ἀληθὲς
797 1365 887 1398 τοῦτο,

95 1406 179 1440 δῆλον
204 1406 259 1433 ἀπὺ
284 1406 339 1434 τῶν
363 1407 392 1434 ὲν
416 1408 450 1444 τῇ
473 1407 532 1444 Νέᾳ
547 1409 706 1444 προφητῶν,
728 1410 754 1437 οἳ
777 1411 825 1438 καὶ
839 1412 889 1446 ήρ-

100 1452 221 1486 μήνευον
233 1452 347 1484 ἑαυτοὺς
362 1452 594 1488 προφητεύοντες,
610 1455 635 1481 εί
652 1456 700 1482 καὶ
721 1456 758 1491 μὴ
779 1457 888 1488 πάντες.

97 1499 138 1525 οὐ
150 1498 204 1533 γὰρ
218 1495 252 1534 ἦν
267 1507 341 1529 τινος
355 1499 478 1526 τοιούτου
498 1499 601 1535 ὑποψία
623 1501 653 1528 ὲν
669 1503 702 1537 τῇ
720 1502 788 1538 Νέᾳ.
810 1503 890 1530 Ἀλλὰ

98 1544 148 1570 καὶ
163 1544 203 1571 ὅτι
218 1543 270 1571 οὐκ
287 1544 460 1578 ἐξιστάμενοι
481 1546 506 1572 οἱ
521 1547 662 1581 προφῆται
682 1548 889 1584 ὲχρησμῴδουν,

937 312 1026 331 veram
1046 312 1060 331 a
1084 304 1145 332 ficta
1166 311 1193 333 et
1207 305 1374 333 daemoniaca
1388 305 1567 340 quorumdam
1583 305 1726 332 hmretico-

936 358 995 377 rnzn
1027 351 1168 385 prophetia
1193 351 1358 378 discernit:
1404 351 1546 387 quoniam,
1586 351 1724 386 inquiens.

941 406 950 421 ε
972 397 1062 424 omnis
1077 397 1220 432 prophetia
1249 397 1399 432 Scriptura
1423 397 1533 432 propria
1558 397 1725 431 interpreta-

935 443 1008 468 tione
1033 449 1086 469 non
1102 442 1141 469 fit.
1160 451 1170 468 ι
1206 443 1265 470 Hoc
1288 448 1344 473 est.
1365 443 1505 478 accipiunt
1520 442 1648 477 equidem
1664 450 1727 476 pro—

937 487 1023 523 pheta:
1038 496 1052 514 a
1070 488 1122 515 Deo
1134 488 1319 523 prophetiam;
1334 493 1362 515 at
1376 495 1441 520 non,
1473 489 1512 515 uti
1541 489 1592 523 ipsi
1608 489 1703 514 volunt
1714 506 1723 518 .

935 534 983 562 sed
1003 539 1033 562 ut
1055 536 1147 562 divino
1173 535 1287 570 Spiritui
1309 535 1375 563 libet
1388 535 1534 563 infundere
1559 543 1567 562 :
1593 539 1675 570 atque
1690 534 1726 560 illi

935 581 1045 615 quidem
1060 581 1212 608 immissum
1232 581 1286 608 illis
1300 580 1490 616 propheticum
1505 587 1662 608 sermonem
1681 587 1727 606 co-

936 628 1106 662 gnoscebant
1121 632 1148 655 et
1170 627 1369 663 intelligebant,
1384 632 1503 656 attamen
1521 627 1580 661 ejus
1592 627 1728 661 interpre-

936 674 1064 701 tatiOuem
1078 682 1125 702 seu
1136 675 1344 709 explicationem
1360 681 1414 701 non
1436 673 1584 701 faciebant.
1603 672 1636 700 Et
1650 680 1727 704 sane,

935 721 1007 755 quod
1023 721 1163 756 prophetat
1179 729 1195 748 a
1216 721 1271 748 Deo
1288 721 1341 748 acti
1372 727 1528 748 sermonem
1559 719 1610 746 sibi
1643 727 1658 746 a
1674 718 1730 745 Dco

935 770 1001 794 tunc
1030 766 1086 793 fieri
1114 771 1241 799 nossent,
1274 766 1452 801 perspicuum
1467 769 1510 792 est
1543 773 1575 792 cx
1600 772 1642 797 eo,
1658 763 1730 799 quod

936 818 1033 848 sponte
1058 813 1114 840 Deo
1146 813 1266 840 moventi
1297 813 1495 845 inserviebam,
1511 816 1537 838 et
1563 810 1648 846 quod,
1670 818 1730 845 qua:

935 860 1043 895 quidem
1076 860 1223 891 volebant,
1253 859 1444 894 loquebantur.
1477 866 1540 894 qua:
1565 865 1630 885 vero
1650 857 1725 891 loqui

937 907 1077 938 nolebant,
1095 906 1205 934 silentio
1218 905 1405 933 occultabant.
1436 905 1494 932 Non
1512 905 1548 932 ita
1573 911 1637 931 vero
1670 903 1730 931 falsi

939 952 1088 987 propheta.
1105 951 1163 979 Non
1179 951 1252 978 enim
1265 951 1314 984 illi,
1327 959 1389 978 cum
1407 950 1586 986 agitarentur,
1603 949 1644 977 sui
1658 956 1732 976 com-

940 1003 1016 1034 potes
1027 1002 1122 1030 erant;
1136 997 1182 1025 sed
1199 997 1291 1025 furore
1299 996 1416 1032 quodam
1440 1001 1518 1023 extra
1534 988 1564 1024 se
1579 996 1658 1030 rapti,
1677 995 1733 1021 vcl-

940 1050 971 1072 nt
994 1045 1074 1075 ebrii,
1105 1044 1130 1071 id
1162 1043 1235 1078 quod
1273 1043 1459 1079 patiebantur,
1499 1041 1672 1076 ignorabant.
1700 1041 1733 1068 At

939 1091 1025 1119 sancti
1043 1091 1191 1126 prophetae,
1212 1090 1320 1118 tametsi
1362 1089 1436 1116 dicta
1452 1095 1507 1116 sua
1536 1087 1731 1121 intelligerent,

941 1146 993 1165 non
1010 1142 1099 1165 tamen
1117 1145 1132 1164 e
1150 1144 1178 1164 re
1192 1144 1254 1164 esse
1273 1135 1434 1166 censebant,
1463 1133 1558 1161 eadem
1594 1132 1731 1167 interpre-

940 1184 991 1210 tari
1012 1191 1092 1210 :cum
1107 1183 1171 1217 quia
1185 1182 1256 1214 aliis,
1274 1181 1298 1209 id
1312 1185 1353 1209 est
1365 1180 1453 1213 nobis,
1469 1187 1501 1207 ea
1517 1178 1731 1209 ministrabant,

940 1233 996 1254 tum
1010 1232 1040 1254 ut
1061 1227 1167 1254 Domini
1183 1227 1316 1254 adventus
1329 1233 1416 1260 usque
1427 1225 1460 1252 ad
1478 1223 1644 1259 praafiuitum
1663 1227 1733 1249 tem-

940 1283 991 1309 pus
1004 1275 1206 1307 occultaretur;
1221 1281 1254 1300 ne
1266 1273 1367 1301 clarius
1377 1271 1578 1299 manifestatum
1588 1269 1732 1303 itnpioruut

941 1321 1055 1348 insidias
1065 1321 1191 1348 subiret:
1209 1327 1263 1346 non
1278 1318 1351 1353 quod
1367 1318 1450 1346 etiam
1467 1316 1576 1345 insidiis
1592 1316 1732 1350 appetitus

942 1367 987 1394 Dei
1000 1367 1121 1402 potentia
1133 1365 1303 1394 cxsecutioni
1322 1364 1446 1392 mandari
1474 1371 1528 1391 non
1551 1366 1662 1398 posset;
1682 1362 1730 1389 seti

940 1414 1004 1448 quia
1024 1412 1221 1439 incarnationis
1253 1418 1334 1445 opus.
1348 1410 1371 1437 si
1387 1410 1456 1436 miro
1471 1413 1498 1436 et
1527 1408 1638 1436 insolito
1654 1407 1736 1434 modo

940 1458 1075 1495 ejusmodi
1087 1457 1227 1492 ellugisset
1236 1456 1362 1488 insidias,
1373 1459 1496 1483 monstro
1511 1455 1620 1482 cuidam
1633 1461 1663 1480 ac.
1674 1461 1735 1488 por-

941 1508 1027 1536 tento.
1044 1511 1092 1531 seu
1105 1503 1188 1530 etiam
1207 1502 1347 1537 priestigio
1364 1500 1455 1528 simile
1470 1499 1557 1527 videri
1589 1499 1735 1534 potuisset.

942 1550 975 1577 Et
993 1550 1104 1585 quidem
1121 1556 1177 1575 rem
1198 1549 1233 1574 ita
1252 1555 1280 1575 se
1308 1547 1411 1574 habere
1435 1546 1611 1581 perspicuum
1646 1549 1687 1571 est
1703 1552 1737 1571 ex

98 1589 181 1624 δῆλον
204 1589 252 1616 καὶ
273 1589 364 1617 τοῦτο.
385 1591 431 1623 Ἐξ
453 1591 511 1623 ἑνὸς
536 1592 590 1628 γὰρ
609 1593 766 1629 Πνεὺματος
783 1603 891 1630 προφη-

986 1594 1086 1630 ipbelis
1098 1593 1160 1620 novi
1177 1592 1314 1624 Ftedcris,
1327 1591 1375 1626 qui
1387 1590 1550 1625 semetipsos
1563 1586 1733 1624 interpretati

99 1635 236 1662 τενόντων
253 1636 309 1663 τῶν
328 1636 357 1663 ὲν
378 1638 411 1672 τῇ
435 1638 542 1673 Παλαιᾷ
564 1639 612 1665 καὶ
634 1640 668 1674 τῇ
687 1640 754 1674 Νέᾳ,
777 1643 858 1675 φησιν
876 1642 891 1668 ὁ

100 1681 224 1712 Παῦλοςσ
249 1691 259 1707 ι
288 1682 351 1709 Ἐὰν
372 1683 401 1709 ὁὶ
427 1683 608 1719 ἀποκαλυφθῇ
632 1684 706 1720 ἄλλῳ
731 1686 890 1722 καθημένῳ,

100 1728 205 1760 σιγάτω
221 1728 236 1754 ὁ
248 1728 367 1763 πρῶτος.
384 1738 394 1754 ›
411 1729 500 1764 Σαφὲς
515 1732 569 1765 γὰρ
582 1731 615 1756 ὲκ
628 1731 735 1763 τούτου,
752 1732 792 1758 ὃτι
807 1733 837 1759 ὲν
851 1733 891 1768 τῷ

99 1773 175 1800 κατὰ
204 1773 286 1807 φύσιν
303 1775 444 1809 ἱστάμενοι
469 1776 494 1802 οἱ
517 1776 670 1811 προφῆται,
694 1777 803 1810 ἑκόντες
823 1788 892 1815 προ-

99 1819 244 1854 ιφήτευον.
260 1819 306 1846 Διὸ
322 1820 368 1846 καὶ
378 1820 458 1847 ἄλλον
469 1821 650 1857 ἀνισταμένου
663 1823 890 1858 ὲμπνευσθέντος,

99 1865 114 1890 ὸ
132 1864 239 1899 πρῶτος
260 1864 349 1891 λαλῶν
367 1867 475 1902 σιωπᾷν
499 1867 679 1902 ὲπετρέπετο,
700 1869 768 1905 ὅπερ
786 1870 835 1897 οὐκ
858 1871 891 1897 ἂν

99 1908 150 1935 ἐπὶ
166 1909 337 1944 μαινομένων
350 1909 425 1945 εὕροι
442 1919 485 1942 τις
501 1911 658 1946 ἄνθρωπος.
678 1913 739 1945 Πῶς
753 1915 807 1949 γὰρ
827 1924 891 1942 σιω-

101 1954 187 1987 πήσει
202 1955 216 1980 ὀ
228 1954 296 1989 μηδὲ
310 1955 324 1981 ὅ
338 1963 364 1981 τι
377 1955 428 1990 δρᾷ
443 1956 641 1991 ἐπιστάμενος
659 1959 713 1985 Καὶ
732 1960 890 1994 Πνεύματος

99 2000 130 2026 δὲ
145 1997 216 2026 εἶναι
235 2000 377 2035 ἐνέργειαν
392 2001 472 2035 ἁγίου
487 2002 516 2028 ὲν
532 2003 589 2033 τοῖς
604 2004 768 2039 προφήταις,
785 2006 798 2031 ὁ
810 2007 892 2038 αὐτὸς

101 2045 209 2077 Παῦλος
229 2054 323 2081 φησιν,
351 2055 361 2072 t
388 2043 423 2082 Ὦ
444 2047 511 2081 μὲν,
539 2048 660 2083 φάσκων,
690 2050 790 2077 δίδοται
814 2051 893 2086 λόγος

101 2091 211 2126 σοφίας,
225 2089 247 2126 ᾧ
261 2092 289 2118 δὲ
304 2092 468 2127 προφητεία.
488 2102 498 2119 ι

943 1643 1018 1672 sunt,
1035 1639 1143 1667 tametsi
1159 1646 1214 1666 non
1230 1645 1342 1670 omnes;
1358 1636 1430 1672 quod
1450 1636 1504 1671 iam
1520 1640 1576 1662 tum
1592 1635 1737 1669 hujusmo-

943 1687 970 1715 di
983 1686 1104 1721 suspicio
1120 1689 1266 1712 cessasset.
1288 1684 1388 1711 Verum
1403 1687 1430 1711 et
1454 1682 1525 1717 quod
1546 1689 1599 1708 non
1613 1686 1690 1708 extra
1707 1688 1736 1707 se

944 1731 1015 1767 rapti
1031 1730 1251 1758 vaticinarentur
1278 1728 1428 1763 prophetze,
1453 1726 1630 1754 manifestum
1646 1729 1686 1752 est
1703 1733 1737 1752 ex

945 1785 978 1805 eo
991 1776 1064 1811 quod
1083 1782 1137 1802 uno
1150 1781 1182 1802 ac
1197 1773 1293 1801 eodem
1308 1772 1411 1807 Spiritu
1446 1771 1533 1799 sancti
1547 1770 1593 1798 Dei
1615 1769 1739 1797 homines

946 1823 972 1849 in
986 1821 1076 1850 Veteri
1104 1825 1187 1854 atque
1203 1819 1230 1846 in
1247 1818 1322 1846 Novo
1342 1817 1526 1846 Testamento
1557 1816 1739 1851 prophetare-

944 1868 1017 1900 rint;
1030 1867 1068 1894 ait
1081 1873 1145 1893 vero
1179 1865 1282 1892 Paulus
1300 1873 1307 1891 :
1326 1873 1335 1889 ι
1354 1863 1382 1891 Si
1404 1863 1451 1890 alii
1479 1863 1630 1890 revelatum
1658 1860 1740 1887 fuerit

945 1913 1061 1946 sedenti,
1075 1913 1150 1948 prior
1163 1915 1253 1938 taceat
1266 1911 1288 1937 ".
1308 1920 1317 1935 ι
1334 1910 1370 1936 Ex
1397 1918 1453 1944 quo
1471 1913 1557 1944 patet,
1588 1908 1737 1943 prophetas

944 1959 1096 1986 naturalem
1112 1960 1214 1984 statum
1231 1962 1311 1983 suum
1334 1954 1493 1986 retinuisse,
1510 1961 1572 1979 cum
1590 1953 1740 1987 propheta-

946 2006 1010 2032 bant
1028 2014 1035 2031 :
1054 2003 1156 2030 idcirco
1166 2001 1250 2033 enim,
1267 2001 1321 2028 alio
1338 2003 1482 2035 surgente,
1496 1999 1542 2034 qui
1566 1998 1671 2034 Spiritu
1692 1997 1739 2024 Dei

946 2051 1052 2079 amatus
1067 2052 1151 2080 esset,
1166 2048 1212 2083 qui
1237 2048 1316 2082 prius
1352 2046 1527 2081 loquebatur,
1556 2045 1637 2072 silere
1661 2043 1741 2076 iubeo

947 2103 1008 2130 tur;
1026 2095 1098 2130 quod
1113 2094 1140 2121 in
1163 2093 1319 2121 furentibus
1333 2092 1423 2119 locum
1435 2091 1538 2121 habere
1552 2097 1606 2119 non
1627 2092 1716 2124 potest
1730 2098 1737 2116 :

99 2138 240 2173 quomodo
255 2139 328 2165 enim
355 2139 564 2174 obtemperaret,
580 2141 626 2175 qui
645 2142 688 2169 sui
716 2149 828 2178 compos
843 2152 896 2172 non
916 2144 978 2172 est?
993 2142 1046 2170 Sed
1061 2146 1090 2169 ct
1104 2140 1292 2176 operationem
1310 2139 1431 2174 Spiritus
1460 2138 1548 2165 sancti
1566 2137 1592 2164 in
1623 2136 1740 2172 prophev

100 2185 139 2210 tis
154 2183 249 2215 fuisse,
263 2184 333 2211 idem
357 2184 457 2213 Paulus
486 2190 612 2220 testatur,
640 2195 702 2215 cmn
731 2188 791 2216 ait:
826 2199 836 2216 t
859 2191 911 2218 Alii
929 2190 1039 2226 quidem
1059 2196 1107 2224 per
1131 2186 1264 2222 Spiritum
1284 2187 1366 2215 datur
1379 2193 1471 2214 sermo
1489 2184 1664 2220 sapientim...
1694 2183 1740 2210 alii

103 2232 250 2269 prophetia
267 2233 288 2260 '.
307 2241 316 2258 ι

401 2280 528 2307 ΚΕΦΛΛ.
560 2279 597 2309 B'.

144 2335 154 2352 ι
175 2325 318 2359 Ἐγένοντο
343 2324 372 2352 δὲ
397 2326 446 2352 καὶ
465 2325 687 2361 ψευδοπροφῆται
716 2328 746 2354 ὲν
774 2328 815 2363 τῷ
840 2329 897 2364 λαῷ

101 2372 213 2406 ἐκείνῳ,
237 2371 275 2403 ὡς
292 2371 341 2398 καὶ
365 2371 394 2398 ὲν
421 2371 486 2406 ὑμῖν
515 2371 624 2398 ἔσονται
646 2372 898 2408 ψευδοδιδάσκαλοι,

100 2418 203 2449 οἵτινες
225 2417 428 2452 παρειαάξωσιν
457 2416 541 2453 [vulg].
557 2417 673 2455 -ξουσιν]
701 2419 823 2454 αἱρέσεις
847 2420 901 2447 ἀπ-

69 2499 75 2510 ’
101 2462 216 2493 ωλείας.
231 2462 279 2489 καὶ
294 2461 340 2488 τὸν
356 2463 529 2497 ἀγοράσαντα
545 2463 643 2494 αὐτοὺς
651 2464 790 2498 Δεσπότην
800 2464 900 2500 ἀρνού-

67 2507 75 2523 -ῖ
104 2516 194 2542 μενοι,
222 2507 376 2541 ἐπάγοντες
398 2508 505 2539 ἑαυτοῖς
528 2508 643 2543 ταχινὴν
667 2509 815 2536 ἀπώλειαν.
845 2509 901 2536 Καὶ

103 2554 199 2580 πολλοὶ
219 2553 474 2589 ἑξακολουθήσωσιν
497 2553 580 2590 [vulg.
599 2556 716 2591 -σουσιν]
730 2556 820 2582 αὐτῶν
838 2557 898 2588 ταῖς

102 2599 275 2632 ἀσελγείαις,
292 2598 327 2625 δι’
342 2598 389 2630 οὓς
407 2599 423 2633 ἡ
441 2598 500 2630 ὁδὸς
514 2599 565 2633 τῆς
582 2599 711 2634 ἀληθείας
733 2600 898 2636 βλασφημη-

103 2646 230 2680 θήσεται.
249 2645 304 2671 Καὶ
318 2644 460 2680 πλεονεξίᾳ
476 2645 604 2677 πλαστοῖς
621 2646 710 2680 λόγοις
724 2646 797 2680 ὑμᾶς
810 2647 898 2680 ὲμπο·

106 2690 266 2726 ρεύσονται.
282 2700 292 2716 ι
310 2690 579 2721 Ψευδοδιδασκάλους
599 2691 659 2726 μὲν,
677 2691 738 2722 τοὺς
747 2692 801 2718 ἀπὸ
814 2691 898 2718 Νικο-

104 2737 174 2764 Ideo
198 2736 246 2763 καὶ
261 2736 411 2772 Κηρινθίου
436 2737 514 2771 φησί.
541 2737 595 2764 Τοῦ
614 2738 643 2764 δὲ
662 2739 712 2773 τῆς
729 2738 899 2772 προφητείας

103 2781 242 2817 ὀνόματος
257 2781 356 2813 κοινῶς
373 2782 422 2808 καὶ
436 2782 508 2807 κατὰ
529 2782 584 2808 τῶν
601 2782 749 2818 προφητῶν
767 2783 814 2809 καὶ
828 2783 900 2810 κατὰ

105 2829 163 2856 τῶν
186 2828 421 2865 ψευδοπροφητῶν
444 2829 615 2864 φερομένου,
642 2830 822 2865 ἀσφαλίςεται
849 2830 900 2865 μὲν

155 2917 168 2934 ⁸
206 2918 270 2946 Cor.
283 2926 338 2952 uv,
354 2917 394 2948 50,
430 2916 540 2946 ‘lCor.
568 2924 616 2950 xu,
643 2917 670 2945 8.

1210 2277 1292 2313 390
1315 2274 1431 2304 curer
1447 2276 1482 2302 ιι.

986 2329 1069 2357 Vens.
1086 2327 1143 2354 1-5.
1160 2335 1168 2351 t
1185 2325 1307 2352 Fuerunt
1323 2331 1387 2350 vero
1404 2329 1430 2349 et
1450 2321 1694 2356 pseudoprophetze
1712 2320 1740 2346 in

952 2376 1064 2412 populo,
1080 2373 1151 2401 sicut
1165 2377 1191 2399 et
1209 2371 1236 2398 in
1257 2370 1335 2397 vobis
1348 2372 1429 2396 erunt
1442 2367 1564 2402 magistri
1583 2366 1740 2396 mendaces.

951 2410 997 2457 qui
1017 2418 1192 2447 introducent
1232 2420 1322 2443 sectas
1352 2412 1570 2448 perditionis,et
1597 2417 1660 2437 eum
1693 2410 1741 2444 qui

952 2456 1022 2495 eum
1046 2473 1106 2497 eos,
1121 2463 1264 2490 Dominum
1294 2464 1404 2495 negant,
1420 2457 1667 2493 supurintiuct-ntes
1685 2456 1738 2484 sibi

951 2512 1066 2540 celerem
1081 2509 1271 2544 perditionem.
1296 2506 1329 2533 Et
1356 2505 1432 2532 multi
1466 2507 1617 2538 sequentur
1644 2509 1739 2528 eorum

953 2556 1150 2589 qunrias,pcr
1179 2561 1250 2588 quos
1271 2552 1312 2579 via
1339 2550 1462 2578 veritatis
1491 2547 1738 2583 blasphemabitur.

952 2603 985 2630 Et
997 2603 1023 2629 in
1039 2600 1154 2627 avaritia
1163 2599 1235 2626 ﬁctis
1247 2598 1337 2625 verbis
1353 2596 1387 2623 de
1399 2595 1477 2623 vobis
1490 2594 1712 2629 negotiabuntur.
1728 2601 1737 2617 ι

951 2648 1003 2675 Pcr
1018 2645 1270 2683 psemloprophetas
1287 2644 1330 2670 hic
1348 2642 1450 2670 Nicolai
1470 2645 1497 2668 et
1526 2638 1648 2667 Cerinthi
1664 2645 1740 2664 asse-

951 2694 1008 2721 clas
1024 2692 1158 2726 intelligit.
1174 2689 1242 2717 Cum
1269 2696 1333 2715 vero
1349 2687 1486 2722 propheta:
1501 2692 1598 2712 nomen
1613 2691 1674 2710 cum
1693 2689 1740 2708 ve-

952 2740 1002 2771 ris,
1020 2742 1077 2765 tum
1103 2737 1178 2764 falsis
1212 2734 1354 2770 prophetis
1382 2732 1564 2761 communiter
1587 2729 1742 2760 tribuatur;

953 2787 1110 2811 commonet
1144 2789 1202 2813 eos,
1222 2789 1255 2808 ne
1292 2779 1366 2806 falsis
1399 2777 1537 2813 prophetis
1563 2774 1740 2802 attentionem

954 2833 1124 2865 pra-starent.
1144 2827 1296 2855 Discrimen
1320 2831 1394 2856 vero,
1413 2823 1484 2858 quod
1511 2822 1582 2849 inter
1608 2824 1740 2853 utrosque
