1887 3059
126 101 190 136 ῙΞῚῙ

631 105 917 137 THEOPHYLACTI
935 108 1138 139 BULGABl/E
1152 109 1328 141 ARCHIEP.

1678 110 1753 144 1272

124 160 234 195 opiﬂcio
245 164 272 187 et
291 159 460 195 providentia
484 160 663 194 repellentes,
679 161 707 188 in
724 169 831 189 omnem
848 169 907 189 ear-

999 165 1093 199 οψίας,
1121 165 1167 191 ἐπὶ
1192 166 1284 192 πᾶσαν
1309 165 1454 202 ἐχώρησαν
1484 167 1570 199 ἀδεῶς
1612 170 1753 204 σαρκικῇν

125 205 213 232 uatem
234 205 460 232 incontinentiam
474 205 605 241 perfricta
620 206 709 235 fronte
727 212 905 235 corruerunt.

126 251 155 277 Et
173 251 294 286 quidem,
311 251 334 278 si
349 251 412 285 quis
427 251 525 278 horum
542 255 666 279 exactam
686 252 810 279 notitiam
833 253 907 279 desi-

124 298 212 330 derat,
225 297 324 324 librum
341 297 375 323 ab
390 297 493 325 Irenzro
512 297 591 325 Gallo
608 303 703 325 contra
723 298 799 333 ipsos
815 299 908 326 elabo-

126 346 224 371 uatum.
244 346 270 367 et
287 350 297 366 ι
313 341 415 369 Contra
438 341 499 369 falsi
517 343 636 370 nominis
648 343 790 370 scientiam
819 352 828 369 ι
859 343 909 370 in-

124 387 255 420 sz'riptunt
269 386 296 413 in
313 394 411 415 manus
427 391 529 419 sumat,
548 395 579 414 ac
594 388 620 414 in
637 395 670 416 eo
679 388 776 415 horum
792 389 909 423 impudi-

125 432 215 462 citias.
238 439 269 459 ac
280 433 430 467 praesertim
446 440 515 468 quas
529 433 747 462 obscenissimus
760 433 867 461 Marcus
882 438 908 461 et

123 482 260 512 corruptae
274 478 309 504 ab
323 485 355 505 eo
370 478 498 506 mulieres
511 479 684 512 exercebant,
702 483 759 506 tum
777 480 844 507 alias
861 487 908 507 ne-

122 522 224 555 quitias
239 531 307 558 quas
319 525 410 551 cmleri
426 524 487 559 ejus
498 529 580 553 sectae
595 526 749 560 patrabant,
765 530 908 554 enarratas

122 573 262 604 lllt‘llthtle
276 570 396 598 inveniet
415 579 422 597 :
436 578 499 597 nam
518 578 565 598 eas
580 578 660 598 nemo
671 571 714 599 vel
745 572 849 606 scripto
864 579 910 599 sa-

123 615 157 642 tis
172 616 324 650 exprimere
340 621 437 651 potest,
465 617 565 652 quippe
575 624 636 652 qua
649 616 690 644 vel
704 617 762 645 sola
779 617 906 645 recorda-

123 660 197 687 tione
217 668 316 689 nocere
333 666 460 696 possunt.
473 661 525 695 Qui
539 670 604 690 vero
620 670 653 690 ex
684 667 842 698 contemptu
859 663 909 690 do-

124 705 299 733 minationem
333 713 388 734 non
417 706 523 739 timent,
545 706 609 742 quid
637 707 747 740 mirum,
762 708 784 735 si
803 713 831 736 et
844 716 908 744 erga

122 757 231 777 onmem
248 751 407 786 dignitatem
429 752 561 780 audacter
583 760 613 780 se
641 753 776 781 efferant?
801 753 908 782 Clarius

122 801 189 821 vero
200 793 235 822 de
257 795 299 823 bis
313 795 425 824 disserit
439 796 536 825 beatus
551 798 691 832 apostolus
706 797 801 831 .ludzis,
815 798 861 825 ubi
873 798 908 826 de

123 838 224 876 Moysis
238 849 355 876 corpore
370 842 536 869 mentionem
553 842 628 870 facit.
647 842 700 870 Iste
715 847 806 870 autem
821 843 910 870 brevi-
925 835 944 862 Β

123 891 175 918 ter,
187 893 220 914 ac
236 886 263 913 in
276 887 328 915 fine
345 887 386 914 sui
401 887 452 914 hac
467 888 501 915 de
518 895 547 915 re
555 889 705 921 sermonis,
722 888 774 916 hoc
788 892 910 915 tantum-

123 931 205 958 modo
224 931 356 959 insinuat.
377 931 415 959 Ex
433 931 480 959 illo
503 933 596 968 itaque
628 933 773 960 occasione
786 937 907 967 sumpta,

125 980 152 1004 et
163 977 197 1003 de
213 977 361 1012 propositis
374 978 431 1005 haec
443 978 565 1006 diximus
586 986 593 1005 :
612 986 623 1004 ι
640 978 774 1011 Audaces,
788 979 838 1006 sibi
853 979 911 1013 pla-

125 1027 229 1054 centes,
246 1022 350 1058 glorias
365 1031 418 1051 non
437 1028 563 1052 metuunt
587 1024 785 1059 blasphemare.
808 1034 818 1050 ι
837 1024 911 1052 Sub—

124 1068 301 1101 audiendum,
327 1069 374 1104 qui
401 1074 476 1097 sunt.
507 1070 574 1097 Illud
597 1075 687 1098 autem
703 1080 713 1096 ι
729 1069 835 1098 Glorias
857 1077 910 1097 non

123 1119 259 1146 metuunt.
282 1123 292 1141 ι
311 1115 380 1143 idem
398 1119 441 1143 est
455 1123 498 1147 ac.
515 1116 684 1151 contemptui
714 1115 815 1143 habent
851 1123 910 1142 om-

123 1167 182 1188 nem
198 1160 312 1196 gloriam
331 1168 381 1189 seu
395 1161 556 1197 dignitatem
573 1165 601 1190 et
613 1161 742 1190 convitiis
769 1161 910 1189 incessere

123 1214 178 1235 non
194 1210 336 1234 verentur.

161 1252 245 1282 Vens.
261 1254 306 1282 Η.
321 1263 330 1280 ι
347 1254 398 1283 Ubi
411 1254 498 1290 angeli
513 1254 673 1282 fortitudine
689 1260 716 1283 et
728 1255 829 1283 virtute
848 1263 910 1283 cum

123 1298 180 1326 sint
208 1298 337 1333 majores,
353 1306 407 1326 non
418 1303 529 1334 portant
553 1299 687 1328 adversus
703 1307 733 1328 se
744 1301 912 1328 exsecrabile

120 1344 265 1380 judicium.
282 1355 292 1372 ι
312 1345 412 1373 Volens
426 1349 529 1373 tantam
560 1345 755 1381 praedictorum
771 1346 912 1374 haeretico-

124 1398 186 1421 rum
223 1391 296 1418 circa
335 1391 497 1426 hujusmodi
533 1391 676 1419 audaciam
711 1399 910 1426 compesmre:

125 1445 136 1462 ι
152 1436 220 1465 Cum
247 1437 348 1472 angeli.
371 1437 469 1472 inquit.
495 1438 542 1472 qui
569 1437 727 1465 fortitudine
756 1442 783 1466 et
811 1437 912 1465 virtute

123 1483 242 1517 majores
270 1484 350 1519 393
376 1488 451 1517 sttnt,
483 1492 537 1512 non
554 1485 642 1512 ferant
657 1489 751 1512 contra
776 1492 824 1513 eos
839 1485 909 1520 apud
924 1505 944 1520 ,ς

125 1528 268 1556 Dominum
296 1530 456 1558 maledicam
471 1531 645 1558 sententiam.
662 1540 671 1557 ι
689 1531 750 1564 Quo
781 1531 852 1558 idem
877 1539 909 1558 ac

122 1577 218 1604 beatus
230 1577 315 1606 Iudas
336 1578 414 1611 dicit,
431 1583 458 1606 ut
473 1579 527 1614 jam
553 1579 776 1613 praernounimus.
789 1579 856 1606 Nam
881 1583 909 1606 et

121 1623 166 1650 ille
197 1623 395 1652 nonnullorum
427 1625 527 1659 linguae
560 1625 736 1660 petulantiam
759 1625 908 1660 castigans,

121 1669 215 1696 eodem
232 1669 357 1704 exemplo
373 1670 586 1698 admonitionem
602 1678 682 1698 suam
714 1671 843 1702 instruit,
861 1671 909 1698 sed

122 1714 264 1748 aliquanto
285 1713 383 1747 fusius,
400 1715 435 1742 ita
450 1716 544 1744 dicens
555 1716 594 1742 ":
613 1726 622 1742 ι
637 1716 750 1744 Michael
764 1717 911 1752 archange-

123 1759 166 1786 lus
185 1764 296 1787 nonest
318 1767 402 1788 ausus
421 1761 556 1795 judicium
575 1762 677 1790 inferre
692 1763 878 1798 blasphemiae.
897 1773 906 1789 ι

124 1803 218 1831 Simile
231 1804 294 1839 quid
310 1805 389 1832 etiam
407 1805 505 1834 Petrus
525 1814 596 1834 nunc
624 1808 716 1835 dicere
727 1808 800 1842 vult;
815 1816 911 1844 nempe

123 1850 195 1884 quod
212 1849 255 1877 isti
269 1850 477 1878 cacodaemones
508 1859 562 1879 non
598 1858 745 1881 vereantur
763 1854 910 1890 dignitates

122 1896 253 1924 conviciis
271 1896 417 1930 incessere,
433 1905 495 1925 cum
513 1903 602 1926 tamen
616 1906 651 1927 ne
666 1899 716 1934 ipsi
727 1900 834 1935 quidem
860 1908 910 1928 an~

122 1942 173 1978 geli
191 1947 324 1978 potestate
339 1946 367 1970 et
383 1943 545 1972 fortitudine
584 1945 709 1974 scelestis
737 1946 799 1974 istis
824 1946 910 1974 multo

123 1989 289 2023 superiores,
308 1987 406 2022 ferant,
422 1996 470 2017 seu
485 1996 540 2017 non
556 1990 696 2025 proferant
724 1990 856 2019 adversus
872 1991 911 2026 ip-

122 2041 168 2061 sas
183 2034 265 2061 veluti
286 2034 433 2069 dignitates
447 2035 607 2063 maledicam
633 2037 798 2064 sententiam
817 2044 910 2064 coram

122 2079 246 2106 Domino.
265 2079 385 2113 Scilicet,
397 2081 459 2115 quia
471 2080 629 2116 dignitatem
639 2081 757 2117 aliquam
768 2082 912 2117 participat

122 2125 259 2159 diabolus,
272 2126 373 2161 quippe
382 2127 429 2162 qui
448 2131 490 2154 est
510 2136 519 2152 ι
539 2127 703 2162 principium
716 2132 849 2155 creaturae
862 2127 912 2155 Do-

960 210 1141 244 ἁκαθαρσὶαν.
1159 211 1215 237 Καὶ⁸
1240 211 1267 237 εῐ
1280 220 1322 243 τις
1337 212 1402 246 περὶ
1422 213 1525 239 τούτων
1540 213 1627 241 ἐθέλει
1641 215 1752 249 μαθεῖν.

959 255 1007 290 τὴν
1023 256 1159 291 Εἰρηναίῳ
1182 256 1228 282 τοῦ
1292 256 1342 293 τῷ]
1362 257 1456 293 Κελτῷ
1473 258 1564 294 βίϐλον
1583 260 1647 294 περὶ
1660 261 1754 288 αὐτῶν

959 302 1184 338 ἐκπεπονημένην
1201 303 1291 329 λαϐὼν
1320 304 1368 330 ἐπὶ
1384 305 1489 339 χεῖρας.
1505 305 1554 339 τὴν
1577 306 1754 342 ἐπιγεγραμ-

961 348 1055 382 μένην,
1072 358 1080 372 ι
1098 348 1177 374 Κατὰ
1189 350 1237 382 τῆς
1252 349 1428 384 ψευδωνύμου
1441 350 1580 384 γνώσεως,
1599 361 1609 378 ι
1630 353 1680 383 τὰς
1691 352 1756 378 τού-

959 401 1012 418 των
1035 393 1173 428 ἁμαρτίας
1194 394 1317 430 εὑρήσει,
1333 395 1376 421 διὰ
1404 395 1543 432 [Μάρκου]
1569 397 1689 431 μάλιστα
1700 398 1753 424 τοῦ

959 437 1167 472 ὰσελγεστάτου,
1200 441 1246 466 καὶ
1273 440 1328 467 τῶν
1361 441 1408 467 ὑπ’
1437 441 1520 469 αὑτοῦ
1547 443 1755 478 διαφθαρεισῶν

958 484 1106 518 γυναικῶν,
1125 485 1173 511 καὶ
1192 485 1240 516 τὰς
1267 485 1350 517 ἄλλας
1365 486 1589 521 ἁθεμιτουργίας,
1605 487 1656 519 τὰς
1676 488 1755 522 καρᾶ

958 529 1012 555 τῶν
1028 529 1131 556 λοιπῶν
1163 531 1324 565 γενομένας,
1340 531 1372 563 ἃς
1389 532 1449 559 οὐδὲ
1470 533 1514 559 διὶ
1533 534 1641 568 γραφῆς
1658 543 1755 569 παρα-

960 575 1059 611 στῆσαι
1073 584 1114 608 τις
1129 576 1282 611 δυνήσεται,
1299 577 1337 608 ὡς
1355 577 1542 612 λυμαινόντων
1555 580 1601 605 καὶ
1614 579 1658 606 διὰ
1677 579 1754 614 μνή-

959 628 1024 655 μης.
1041 621 1073 647 Οἱ
1088 623 1142 656 γὰρ
1169 622 1201 648 ἐκ
1222 624 1454 658 καταφρονήσεως
1475 624 1505 650 οὐ
1537 624 1689 656 δεδοικότες
1701 625 1756 660 τὴν

958 666 1117 702 κυριότητα,
1129 667 1156 694 τί
1171 667 1204 694 ἂν
1216 669 1344 703 πρᾶγμα,
1359 669 1384 695 εί
1401 669 1449 696 καὶ
1471 670 1540 705 πρὸς
1567 671 1657 697 πᾶσαν
1671 671 1756 703 δόξαν

958 712 1044 744 ἀδεῶς
1055 713 1190 747 διεγένετο
1201 722 1208 746 ;
1221 714 1389 750 Τρανότερον
1404 716 1468 750 περὶ
1491 716 1594 743 τούτων
1609 716 1623 742 ὁ
1634 716 1755 743 ἀπόστο-

958 757 1003 790 λος
1019 758 1121 791 Ἰούδας
1136 760 1215 795 ἔρεῖό
1227 760 1371 794 μακάριος,
1386 760 1454 787 ὅπου
1470 762 1517 788 καὶ
1528 762 1591 796 περὶ
1609 761 1656 788 τοῦ
1667 763 1755 788 Mnib-

960 804 1028 835 σέως
1056 805 1180 839 σώματος
1207 806 1400 841 μνημονεύσει.
1429 807 1517 839 Αὐτὸς
1546 808 1596 842 μὲν
1619 808 1675 843 γὰρ
1703 808 1754 834 νῦν

960 849 1064 886 [μόνον]
1083 851 1262 886 ὑπέκρουσεν,
1280 851 1417 886 ἁψάμενος
1433 851 1526 888 [ὁμοῦ]
1542 855 1588 880 καὶ
1604 853 1755 880 καταπαύι

961 903 1009 926 σας
1025 896 1070 922 τὸν
1083 896 1147 931 περὶ
1172 896 1268 923 τούτου
1298 897 1389 931 λόγον.
1409 897 1454 931 Ἐξ
1475 898 1578 925 ἐκείνου
1591 898 1684 925 τοίνυν
1701 899 1754 925 καὶ

960 941 1090 975 περὶτῶν
1120 943 1307 977 προκειμένων
1327 942 1468 979 [λαϐόντες
1488 944 1537 976 τὰς
1551 943 1691 980 ἀφορμὰς]
1706 943 1754 970 λέ-

960 995 1045 1021 γομεν
1059 994 1066 1002 '
1086 997 1095 1013 ι
1112 988 1270 1023 Τολμηταὶ,
1294 989 1430 1022 αὐθάδεις,
1454 989 1533 1022 δόξας
1556 990 1586 1016 οὺ
1618 990 1754 1024 τρέμουσι

961 1030 1193 1066 βλασφημοῦντες.
1214 1041 1222 1058 ι
1240 1033 1513 1067 Προσυπακουστέον,
1530 1033 1559 1060 οἵ
1574 1034 1638 1060 εἰσι.
1659 1034 1696 1059 Τὸ
1709 1033 1752 1064 δὲ,

963 1086 972 1102 ι
994 1077 1077 1109 Δέξας
1089 1077 1119 1104 οὗ
1133 1077 1290 1113 τρέμουσιν,
1311 1088 1320 1103 ι
1339 1078 1399 1104 ἀντὶ
1419 1078 1478 1110 τοῦ,
1501 1078 1754 1114 καταφρονητικῶς

960 1122 1053 1157 ἔχουσι
1080 1123 1171 1149 πᾶσαν
1186 1123 1264 1156 δόξαν
1281 1123 1453 1159 βλασφημεῖν
1467 1123 1497 1150 οὗ
1512 1123 1642 1151 δεδίασιν.

999 1261 1008 1277 ι
1030 1251 1117 1278 Ὅπου
1129 1250 1239 1284 ἄγγελοι
1250 1250 1323 1285 ισχύῖ
1335 1250 1382 1278 καὶ
1395 1250 1508 1286 δυνάμει
1522 1251 1646 1285 μείζονες
1661 1250 1752 1283 ὄντες,

960 1297 991 1324 οὗ
1011 1296 1124 1332 φέρουσι
1138 1295 1297 1322 κατάὑτῶν
1309 1297 1384 1332 παρὰ
1399 1296 1494 1332 Κυρίῳ
1512 1296 1672 1332 βλάσφημον
1691 1295 1754 1331 κρί-

962 1352 1015 1371 σιν.
1040 1353 1049 1370 ι
1070 1342 1238 1378 Βουλόμενος
1258 1343 1356 1375 αὐτοὺς
1371 1345 1495 1379 ἐπισχεῖν
1510 1343 1559 1378 τῆς
1575 1343 1641 1378 περὶ
1662 1343 1753 1370 ταῦτα.

961 1391 1075 1426 τόλμης,
1093 1391 1193 1426 φησίν·
1212 1399 1221 1415 ι
1240 1390 1328 1416 Ὅπου
1345 1389 1457 1423 ἄγγελοι
1482 1389 1554 1423 ἰσχύϊ
1575 1390 1622 1416 καὶ
1636 1389 1753 1422 δυνάμει

965 1437 1089 1471 μείζονες
1106 1437 1183 1468 ὄντες
1200 1436 1229 1463 οὐ
1248 1436 1360 1470 φέρουσι
1376 1435 1435 1462 κατ’
1459 1435 1548 1462 αὐτῶν
1562 1435 1636 1470 παρὰ
1653 1435 1754 1470 Κυρίῳ

964 1483 1124 1519 βλάσςημον
1147 1483 1248 1518 κρίσιν,
1263 1492 1273 1508 ι
1289 1481 1373 1509 ταὺτὸ
1398 1481 1435 1516 τῷ
1451 1481 1580 1516 μακαρίῳ
1596 1481 1691 1516 Ἰούδᾳ,
1712 1481 1753 1511 ὡς

961 1531 1077 1565 ἔφημεν,
1089 1530 1177 1564 λέγων
1189 1538 1196 1545 ’
1212 1529 1272 1556 ἐπεὶ
1295 1529 1421 1560 κάκεῖνος
1443 1528 1495 1563 τήν
1515 1536 1594 1554 τινων
1608 1527 1752 1561 γλωσσαλ-

960 1577 1022 1611 γίαν
1033 1576 1166 1608 κολάζων,
1183 1575 1238 1602 ἀπὸ
1263 1575 1311 1601 τοῦ
1330 1574 1413 1601 αὐτοῦ
1430 1574 1654 1609 παραδείγματος
1669 1574 1753 1600 ποιεῖ-

959 1631 1004 1649 ται
1018 1623 1067 1658 τὴν
1086 1621 1236 1649 νουθεσίαν.
1253 1621 1427 1656 Πλατύτςρον
1445 1621 1538 1656 μέντοι
1552 1619 1586 1646 δι’
1601 1616 1638 1646 ὦν
1655 1619 1731 1653 λέγει
1742 1627 1750 1635 ·

964 1679 972 1695 ι
993 1670 1023 1695 ’0
1051 1669 1079 1695 δὲ
1106 1668 1215 1704 Μιχαὴλ
1237 1668 1251 1694 ὁ
1270 1667 1451 1703 ἀρχάγγελος,
1469 1676 1478 1692 )
1493 1667 1542 1694 καὶ
1561 1666 1634 1700 ἑξῆς,
1662 1675 1672 1692 ι
1698 1666 1751 1692 οὒκ

961 1716 1093 1750 ἐτόλμησε
1122 1714 1213 1747 κρίσιν
1228 1714 1381 1748 ἐξενεγκεῖν
1401 1713 1570 1748 βλάσφημον.
1592 1723 1601 1738 ι
1621 1711 1750 1739 Τοιοῦτον

960 1760 1006 1787 οὖν
1023 1760 1070 1787 καὶ
1096 1760 1198 1794 Πέτρος
1223 1760 1348 1794 βούλεται
1366 1758 1481 1795 [λέγειν]
1497 1758 1554 1790 νῦν,
1568 1759 1609 1784 ὅτι
1627 1755 1707 1784 Οὗτοι
1725 1757 1751 1783 at

961 1806 1155 1840 κακοδαίμονες
1187 1805 1263 1833 οὐδὲν
1291 1805 1400 1840 ἔχουσιν
1419 1805 1459 1836 εις
1482 1803 1566 1837 φειδὼ
1583 1804 1647 1837 περὶ
1657 1803 1687 1829 τὸ
1700 1803 1752 1833 τὰς

959 1852 1037 1885 δόξας
1053 1852 1233 1886 βλασφημεῖν,
1262 1850 1362 1887 [καίτοι
1374 1859 1406 1884 γε
1416 1849 1488 1886 οὐδὲ]
1507 1850 1583 1877 αὐτοὶ
1598 1851 1622 1875 οἱ
1637 1848 1752 1882 δυνάμει

961 1897 1009 1924 καὶ
1025 1896 1098 1932 ἰσχύϊ
1116 1896 1239 1931 μείζονες
1258 1896 1344 1928 ὄντες,
1365 1894 1485 1930 δηλονότι
1497 1894 1552 1920 τῶν
1568 1893 1675 1928 μιαρῶν
1685 1892 1751 1919 106-

959 1951 1024 1975 των,
1038 1943 1068 1969 οὐ
1082 1943 1222 1977 φέρουσιν,
1242 1942 1300 1977 ἦτοι
1315 1941 1346 1968 οὐ
1363 1940 1559 1976 προκομίςουσι
1577 1938 1637 1965 κατ’
1649 1938 1750 1970 αὐτῶν,

960 1988 1041 2015 οἱονεὶ
1059 1988 1112 2015 τῶν
1134 1987 1230 2020 δοξῶν,
1255 1987 1416 2022 βλάσφημον
1440 1986 1531 2020 κρίσιν
1547 1984 1622 2020 παρὰ
1643 1985 1750 2019 Κυρίῳ.

967 2035 1044 2062 Ἐπεὶ
1056 2035 1108 2071 γὰρ
1127 2034 1207 2068 δόξης
1230 2035 1303 2065 τινδς
1332 2033 1443 2068 μετέχει
1461 2032 1508 2059 καὶ
1528 2033 1542 2058 ό
1557 2031 1693 2063 διὰόολος,
1705 2031 1751 2057 διὰ

961 2080 992 2107 τὸ
1008 2081 1078 2116 ἀρχὴ
1091 2079 1160 2107 εἶναι
1175 2080 1334 2114 πλάσματος
1355 2079 1470 2114 Κυρίου,
1489 2078 1539 2105 οὐκ
1550 2079 1650 2114 ἦνεγκε
1673 2077 1752 2112 ῥῆμα

962 2128 1022 2154 κατ’
1035 2127 1117 2154 αὑτοῦ
1130 2127 1300 2162 βλάσφημον.
1315 2126 1346 2152 Εἰ
1367 2126 1422 2160 γὰρ
1438 2126 1452 2152 ό
1468 2124 1568 2160 μᾶλλον
1581 2124 1655 2157 ἄξιος
1665 2123 1752 2157 βλασ-

121 2172 188 2199 mini
205 2172 237 2204 “,
257 2182 266 2198 ι
288 2180 341 2200 ηοη
357 2173 418 2200 tulit
437 2173 550 2201 Michael
569 2174 751 2209 archangelus
775 2173 907 2201 adversus

1004 2175 1074 2208 μεῖν,
1105 2174 1151 2201 τὸν
1190 2172 1313 2200 διάίολον
1353 2172 1450 2206 λέγων,
1477 2172 1552 2206 ὅμως
1572 2170 1616 2197 διὰ
1628 2170 1658 2196 τὸ
1670 2170 1752 2204 δόξης

122 2225 184 2244 eum
203 2217 285 2244 verba
301 2217 428 2245 convitii.
457 2217 541 2251 Quasi
569 2218 673 2246 diceret
690 2227 697 2245 :
725 2217 753 2244 Si
770 2218 907 2250 diabolus,

121 2263 166 2299 qui
185 2263 305 2291 omnium
319 2263 497 2298 dignissimus
511 2268 563 2296 est,
578 2269 606 2291 ut
635 2263 828 2299 proscindatur
843 2271 909 2291 con-

120 2310 205 2342 vitiis,
219 2309 245 2337 id
261 2314 350 2338 tamen
365 2317 420 2338 non
441 2311 550 2346 pertulit
562 2317 576 2338 a
589 2310 720 2339 Michaele
742 2319 834 2338 coram
858 2310 908 2339 Do-

121 2357 213 2390 mino;
229 2356 353 2391 profecto
369 2364 444 2385 same
456 2358 556 2385 mentis
573 2365 627 2384 non
643 2362 718 2389 sunt,
731 2357 777 2392 qui
791 2357 909 2392 dignita-

121 2407 162 2431 tcs
177 2403 329 2432 maledictis
342 2403 498 2436 incessunt,
514 2412 579 2431 cum
598 2403 703 2439 angelis
720 2404 806 2430 multo
822 2404 877 2431 siut
890 2404 907 2431 ii

122 2450 253 2484 dignitate
269 2449 423 2478 inferiores.
458 2449 609 2485 Dignitates
635 2457 700 2477 vero
716 2449 757 2477 vel
770 2457 907 2484 supernas

121 2495 248 2528 virtutes,
262 2495 305 2523 vel
321 2495 526 2523 ecclesiasticas
540 2499 691 2530 potestates
720 2500 800 2522 vocat
815 2502 822 2521 :
841 2504 906 2523 con-

121 2545 162 2567 tra
181 2548 250 2575 quas
265 2541 311 2569 isti
329 2541 515 2576 insurgentes,
527 2548 575 2569 eas
587 2541 762 2569 contumeliis
777 2541 905 2569 insectari

121 2595 175 2614 non
187 2588 326 2615 desinunt.

158 2633 242 2661 Vens.
257 2633 350 2660 12-15.
373 2642 382 2659 ι
403 2632 434 2659 lli
446 2640 511 2662 vero
523 2634 597 2662 velut
611 2634 778 2662 irrationalia
795 2641 906 2668 pecora,

122 2679 286 2707 naturaliter
303 2680 330 2706 in
345 2680 499 2714 captionem
522 2683 550 2707 et
574 2680 723 2715 perniciem
743 2680 770 2707 in
789 2679 832 2707 his
847 2687 908 2714 quae

121 2725 484 2761 ignorantblasphemanles
502 2726 538 2754 -in
563 2727 740 2762 corruptione
769 2734 818 2754 sua
837 2726 909 2762 peri-

171 2816 177 2831 '
195 2814 280 2843 Judae.
297 2815 323 2844 9.
370 2817 390 2833 "
406 2815 469 2845 Job.
485 2825 529 2851 η,
547 2817 589 2845 l9.

965 2220 1098 2255 μετέχειν,
1112 2220 1161 2246 οὐκ
1170 2219 1249 2253 ἔτυχε
1262 2217 1358 2244 τούτου
1373 2217 1447 2253 παρὰ
1457 2217 1504 2243 τοῦ
1516 2215 1625 2251 Μιχαὴλ
1634 2215 1752 2241 ἐνώπιον

963 2267 1067 2302 Κυρίου
1082 2274 1088 2281 ·
1106 2266 1156 2292 οὐκ
1172 2265 1204 2292 ἂν
1217 2264 1417 2299 σωφρονήσειεν
1429 2263 1454 2289 οἱ
1472 2262 1625 2297 προχεέρως
1635 2261 1684 2291 τὰς
1703 2260 1751 2286 δό-

963 2314 1011 2347 ξας
1025 2312 1258 2348 βλασφημοῦντες,
1274 2310 1363 2345 πολλῷ
1389 2310 1438 2344 τῆς
1459 2308 1513 2335 τῶν
1527 2308 1651 2341 ἀγγέλων
1660 2306 1752 2340 τιμιό-

962 2367 1043 2392 τητος
1067 2359 1181 2384 κατόπιν
1210 2357 1364 2391 φερόμενοι.
1384 2365 1393 2381 ι
1416 2354 1499 2387 Δόξας
1514 2364 1523 2381 ι
1549 2354 1577 2380 δὲ
1601 2353 1649 2385 τὰς
1675 2352 1752 2384 θείας

962 2405 1092 2440 δυνάμεις
1107 2404 1200 2438 φησὶν,
1216 2403 1232 2438 ἦ
1255 2404 1303 2430 καὶ
1326 2404 1374 2434 τὰς
1402 2399 1634 2434 ὲκκλησιαστικὰς
1649 2398 1750 2434 ἀρχὰς,

960 2444 998 2479 ὧν
1015 2451 1180 2482 ἀπεναντίας
1204 2450 1350 2485 φερόμενοι
1366 2445 1441 2476 οὗτοι
1471 2448 1496 2474 οι
1523 2445 1750 2482 βλασφημοῦντες

961 2498 1046 2529 αὐτὰς
1062 2496 1240 2525 διατελοῦσιν.

1000 2643 1009 2660 ι
1026 2630 1105 2661 Οὗτοι
1124 2633 1152 2660 δὲ
1164 2633 1202 2665 ὼς
1217 2632 1301 2666 ἄλογα
1314 2631 1372 2663 ζῶα
1385 2629 1572 2664 γεγεννημένα
1589 2627 1693 2662 φυσικὰ
1708 2626 1749 2659 εις

961 2681 1061 2707 ἅλωσιν
1074 2680 1121 2706 καὶ
1137 2679 1251 2714 φθορὰν,
1274 2679 1303 2705 ἐν
1316 2674 1357 2709 οἷς
1374 2675 1501 2711 ἀγνοοῦσι
1527 2673 1750 2725 βλασφημοῦντες

963 2727 992 2753 ὲν
1010 2727 1042 2761 τῇ
1060 2725 1148 2761 φθορᾷ
1162 2724 1253 2752 αὐτῶν
1275 2723 1534 2759 καταφθαρήσονται
1545 2729 1553 2737 ·
1571 2723 1749 2755 κομιούμενοι
