1887 3059
97 129 167 164 1273

469 136 674 168 EXPOSITIO
691 138 734 169 IN
757 138 878 169 EPIST.
895 138 926 168 Il
943 138 974 168 S.
991 139 1115 169 PETRI.
1129 151 1164 157 --
1178 139 1258 171 CAP.
1281 140 1321 170 iI.

1661 142 1729 176 1274

98 190 195 223 μισθδν
221 190 340 223 ἀδικίας,
370 191 465 227 ἡδονὴν
492 193 640 228 ἡγούμενοι
671 196 721 230 τὴν
746 196 775 221 ὲν
797 195 891 230 ἡμέρᾳ

965 200 1021 224 υιιῑ.
1038 195 1223 231 Pcrcipientes
1241 197 1394 225 mercedem
1425 197 1578 232 iniustitia.
1606 201 1731 236 voluptas

94 237 214 272 τρυφήν.
238 247 248 263 1
264 237 342 269 Τινὲς
356 237 435 264 τοῦτο
447 238 534 270 οὕτως
547 239 732 275 ἐξηγήσαντο·
754 240 798 272 Ὠς
808 241 892 275 ἄλογα

96 283 156 314 ζῶα
168 284 272 318 φυςικά
285 284 473 320 γεγεννημένα
495 286 523 312 ἐν
539 287 571 321 τῇ
596 286 684 322 φθορᾷ
698 287 788 314 αὐτῶν
807 297 892 314 κατα-

97 329 297 364 φθαρήσονται,
311 330 384 357 τοῦτ’
394 330 468 358 ἔστιν
484 331 559 359 οὐδὲν
573 333 758 366 διενεγκόντες
773 335 892 368 κτηνῶν,

97 375 117 403 ἃ
134 376 203 410 πρὸς
231 377 317 412 μόνην
343 377 447 412 φθορὰν
470 377 593 412 γέγονεν.
624 379 668 411 Ὦς
687 379 772 413 ἄλογα
793 380 821 406 δὲ
835 380 922 412 ζῶας·

98 422 214 456 φυσικὰ,
236 432 246 448 t
264 422 338 449 τοῦτ’
353 423 437 455 ἔστιν,
459 425 519 450 κατ’
545 425 672 460 αἴσθησιν
689 426 774 460 μόνην
793 425 893 457 ζῶντα,

97 467 130 493 οὐ
143 467 216 494 κατὰ
226 467 289 494 νοῦν
306 467 351 494 καὶ
367 467 416 503 τὴν
426 469 524 504 νοερὰν
538 468 611 504 ζωήν
626 478 632 485 ·
648 470 689 496 διὸ
704 470 750 496 καὶ
762 470 894 497 εὐάλωτοι

98 513 134 548 τῇ
157 513 230 539 κατά
257 512 306 548 τὴν
335 513 459 549 φθαρτὴν
475 514 548 550 ζωὴν
562 517 736 551 περιαγωγῇ,
751 516 831 551 Θυμῷ
847 515 894 543 καὶ

98 558 237 593 ἔπιθυμίᾳ
265 559 395 594 ἀγόμενοι
425 560 474 586 καὶ
500 561 725 596 περιφερόμενοι,
746 571 755 588 1
783 562 826 588 Ἐν
853 559 894 593 οἷς

97 604 268 637 ἀγνοοῦσιν,
300 614 310 631 1
336 605 396 640 ἦτοι
416 607 449 641 τῇ
482 606 641 643 καθηκούσῃ
672 607 764 633 αὐτῶν
792 607 890 643 ἀγνοίᾳ

99 650 339 686 βλασφημοῦντες,
352 653 384 687 τῇ
403 652 525 686 ἐπαξίως
542 653 632 679 αὐτῶν
647 653 735 689 φθορᾷ
749 654 894 689 καταφθα-

101 697 249 731 ρήσονται,
283 706 293 722 ‹
323 697 501 733 κομιούμενοι
535 699 631 734 μισθὸν
676 699 795 731 ἀδικίας,
824 709 834 726 1
864 700 895 727 ὃν

98 741 222 768 ἐθελοντὶ
239 743 346 774 ἑαυτοῖς
361 743 557 778 προεξένησαν.
577 753 586 770 1
614 743 724 780 Ἡδονὴν
746 744 894 780 ἡγούμενοι

97 787 150 822 τὴν
162 787 192 813 ὲν
205 786 296 822 ἡμέρᾳ
313 788 430 823 τρυφήν.
458 797 468 814 1
486 788 522 815 Τὸ
544 788 638 821 ὅντως,
660 789 756 824 φησὶν,
784 789 894 824 ἐφετὸν,

99 833 149 860 καὶ
162 834 212 868 τὴν
228 833 315 868 ἀληθῆ
330 834 377 861 καὶ
397 835 549 870 ἐπέραστον
576 835 747 870 εὐφροσύνην
766 836 814 862 καλ⁹
833 836 894 871 ἠδο-

100 881 163 914 νὴν,
176 879 205 906 ὲν
218 880 251 914 τῇ
266 879 426 915 καθημιραν
441 880 577 915 τιθέμενοι
590 880 637 906 τοῦ
653 880 753 916 λαιμοῦ
771 881 894 907 ἀπολαύ-

102 933 156 952 σει.
175 925 274 952 Ὶστέον
291 926 394 961 μέντοι,
413 926 450 958 ὼς
470 926 486 960 ή
514 926 573 953 θεία
600 926 696 962 Γραφὴ
717 926 751 953 τὰ
772 927 896 961 φυσικῶς

101 970 198 998 ἐνόντα
213 973 269 1003 τοῖς
282 970 447 1006 ἀνθρώποις,
462 971 535 998 τοῦτ’
547 972 605 998 ἔστι
619 973 652 999 τὰ
665 972 702 1004 ὡς
715 971 795 1005 ζώοις
805 972 895 1004 αὐτοῖς

102 1017 302 1052 ἐνυπάρχοντα,
317 1017 362 1044 ἐπ’
386 1016 420 1044 ἂν
443 1017 568 1054 διαϐάλῃ,
588 1017 655 1053 πρὸς
674 1018 709 1044 τὰ
727 1017 813 1052 ἄλογα
843 1018 896 1052 ἀφ-

101 1064 202 1098 ομοιοῖ,
219 1072 229 1090 1
248 1063 418 1099 Ἀνθρωπος,
439 1063 591 1098 φάσκουσα,
606 1064 635 1091 ὲν
647 1065 714 1100 τιμῇ
731 1063 768 1091 ὢν
783 1064 813 1090 οὐ
832 1073 895 1091 συν-

103 1109 174 1143 ῆκε·
206 1108 446 1145 [παρασυνεδλήθη
473 1110 530 1142 τοῖς
546 1110 659 1143 κτήνεσι
683 1110 741 1141 τοῖς
761 1110 894 1145 ἀνοήτοις,

103 1154 152 1180 καὶ
169 1153 299 1190 ὡμοιώθη
314 1155 406 1186 αὐτοῖς
461 1154 520 1186 καὶ,
541 1163 551 1180 1
572 1155 618 1190 Μὴ
634 1155 742 1189 γίνεσθε
758 1154 796 1186 ὡς
813 1156 895 1186 ἵππος

103 1200 153 1227 καὶ
167 1201 277 1236 ἡμίονος
288 1209 295 1216 ·
308 1210 316 1227 1
332 1202 390 1234 καὶ,
406 1211 415 1228 ι
430 1201 698 1237 Ἴπποιθηλυμανεῖς
710 1200 871 1237 [ὲγένοντο]·
882 1211 891 1227 1

102 1248 161 1280 καὶ,
178 1256 186 1272 ι
204 1246 315 1273 Γίνεσθε
332 1247 460 1282 φρόνιμοι
486 1247 523 1278 ὡς
546 1248 571 1274 οἱ
584 1247 672 1282 ὄφεις,
688 1247 735 1274 καὶ
770 1247 896 1282 ἀκέραιοι

102 1292 141 1324 ὡς
164 1293 192 1320 αι
216 1293 395 1328 περιστεραί·
419 1302 428 1318 ι
454 1293 484 1319 οὺ
508 1293 694 1328 μεταπιοῦσα
718 1292 768 1325 τὰς
800 1292 897 1327 φύσεις

103 1339 248 1374 φάσκουσα
271 1339 368 1372 ταῦτα,
387 1338 455 1365 ἀλλὰ
480 1339 583 1366 τούτων
598 1339 647 1370 τὰς
669 1339 787 1374 φυσικὰς
808 1340 897 1374 ὁρμὰς

106 1385 187 1420 μόνον
213 1385 348 1412 ἐκκλίνειν
375 1384 582 1418 παρακαλοῦσα.
600 1384 685 1412 ὀταν
714 1385 742 1412 δὲ
763 1385 897 1420 σωτήριόν

104 1429 156 1466 [τι]
177 1430 370 1466 παραγγέλλῃ.
389 1431 457 1466 πρὸς
481 1431 514 1457 τὰ
536 1430 653 1466 κρείττω
676 1430 724 1466 τὴν
745 1431 895 1466 ὁμοιότητα

107 1476 311 1512 παραπέμπει’
335 1476 373 1506 ὡς
389 1475 430 1508 τὺ,
453 1484 462 1501 1
479 1475 589 1502 Γίνεσθε
610 1475 795 1511 οίκτίρμονες,
825 1475 861 1506 ὡς
883 1475 898 1501 ὸ

943 245 997 268 tem
1014 241 1202 269 existimantes
1228 242 1281 269 diei
1309 242 1429 270 delicias.
1449 253 1459 269 ι
1478 243 1593 276 Quidam
1615 245 1666 272 lioc
1694 247 1730 274 ita

943 290 1083 320 exponunt
1105 295 1112 312 ε
1131 284 1209 313 Velut
1237 287 1317 314 bruta
1344 287 1493 315 animantia
1522 289 1668 319 naturalia.
1704 291 1731 318 in

943 331 1097 366 corruptela
1114 331 1235 366 ipsorum
1257 332 1385 367 peribunt
1405 342 1413 360 :
1438 333 1489 361 hoe
1501 339 1554 367 est,
1573 335 1732 364 niliildiiTe-

944 382 1034 404 rentes
1053 385 1066 403 a
1089 378 1232 412 junientis,
1250 386 1311 412 qua:
1336 380 1369 406 ad
1395 381 1580 415 corruptelam
1613 386 1732 412 tantum-

944 424 1022 450 modo
1039 428 1199 451 nascuntur.
1218 434 1227 450 1
1251 424 1287 451 Ut
1313 425 1392 452 bruta
1422 432 1511 453 autem
1542 428 1703 461 animantia,
1719 444 1728 455 ι

945 468 994 494 hoc
1003 474 1055 499 est,
1069 469 1127 496 solo
1139 477 1235 502 sensu,
1249 478 1302 496 non
1317 475 1406 497 mente
1421 475 1447 498 ct
1472 472 1578 499 ratione
1590 473 1710 500 vit-entes
1723 494 1730 506 ,

943 518 971 540 ct
987 514 1091 541 idcirco
1118 515 1200 542 rebus
1215 515 1443 550 corriipliliilibus
1459 516 1538 545 facile
1557 520 1639 553 capti.
1652 524 1733 554 atque

944 559 983 586 ira
996 564 1023 586 et
1043 560 1265 594 concupiscentia
1281 563 1346 594 acti,
1369 571 1377 586 1
1394 563 1420 588 in
1431 562 1473 590 his
1487 571 1547 597 quae
1558 564 1696 598 ignorant,
1717 575 1726 591 ι

944 613 990 632 seu
1009 605 1034 632 iit
1052 613 1173 640 congrua
1191 606 1258 641 ipsis
1276 607 1440 641 ignorantia,
1459 608 1603 636 tiialcdicta
1619 609 1734 637 fundi-u-

945 656 996 684 lcs,
1014 651 1148 687 condigna
1167 652 1323 687 corruptela
1340 653 1502 686 interibunt,
1523 663 1532 680 1
1553 655 1734 689 percipientes

944 697 1097 725 mercedem
1119 697 1270 731 injustitize,
1291 707 1299 723 1
1319 706 1401 732 quam
1427 699 1533 726 scilicet
1560 700 1611 726 sibi
1637 705 1735 735 sponte

944 743 1160 770 accersiverunt.
1177 751 1186 768 1
1207 741 1382 780 Voluptatem
1398 744 1585 772 existimantes
1599 745 1652 772 diei
1667 746 1736 772 deli-

944 788 1012 821 cias,
1033 798 1041 814 ι
1059 788 1112 815 hoc
1127 793 1178 819 est,
1209 788 1327 816 maxime
1343 788 1566 822 desiderabilem,
1593 797 1683 818 veram
1704 798 1736 818 ac

946 843 1075 870 perquam
1091 836 1235 863 amabilem
1253 837 1375 864 laetitiam
1408 843 1433 864 et
1450 838 1614 872 voluptatein
1629 838 1655 864 iii
1667 847 1735 872 quo-

947 880 1047 907 tidiana
1064 882 1184 915 gutturis
1206 882 1334 910 l'ruitione
1363 882 1444 909 sitam
1473 890 1535 910 esse
1565 887 1734 917 reputantes.

947 925 1222 954 Animadvertendum
1237 936 1300 955 vero
1318 935 1425 955 sacram
1438 927 1619 963 Scripturam,
1630 936 1660 956 ea
1677 936 1738 962 quae

947 971 1026 999 nobis
1044 972 1118 998 Velut
1134 973 1329 1001 anintabilibus
1344 974 1449 1005 insunt,
1464 981 1527 1000 cum
1542 981 1572 1000 ea
1589 974 1736 1007 vituperat,

947 1017 1035 1044 brutis
1050 1018 1237 1046 animantibus
1247 1019 1415 1051 assimilare;
1433 1024 1461 1044 ιιι
1473 1026 1535 1045 cuni
1548 1018 1586 1045 ait
1600 1028 1606 1046 :
1626 1028 1634 1044 1
1652 1018 1737 1046 Homo

946 1070 1008 1090 cum
1024 1063 1050 1090 iii
1065 1063 1167 1091 honore
1179 1068 1264 1097 esset,
1283 1072 1335 1091 nou
1350 1065 1495 1096 intellexit,
1508 1070 1679 1100 comparatus
1696 1070 1738 1092 est

943 1108 1078 1143 juinentis
1098 1109 1303 1144 insipientibus,
1334 1115 1361 1138 et
1387 1110 1486 1138 similis
1516 1111 1606 1137 factus
1626 1115 1667 1138 est
1702 1112 1737 1137 il-

946 1153 980 1181 lis
996 1154 1028 1181 ¹³.
1049 1164 1058 1180 ι
1078 1169 1112 1174 ——
1132 1163 1141 1180 1
1156 1155 1242 1182 Nolite
1259 1156 1314 1182 ﬁeri
1329 1156 1401 1183 sicut
1421 1164 1509 1190 equus
1531 1162 1558 1184 cl
1573 1158 1664 1184 titulus
1677 1157 1708 1184 ".
1724 1167 1734 1182 ι

946 1213 980 1219 --
996 1209 1005 1225 1
1025 1198 1093 1235 Equi
1106 1207 1251 1233 amatores,
1265 1206 1291 1228 ct
1303 1202 1436 1228 etnissarii
1449 1202 1512 1229 facti
1525 1207 1589 1229 sunt
1605 1203 1636 1230 ".
1651 1213 1660 1228 ι
1677 1203 1709 1230 Et
1725 1212 1732 1230 :

951 1255 959 1272 1
979 1245 1072 1273 Estote
1090 1246 1238 1279 prudentes
1262 1246 1334 1274 sicut
1357 1253 1510 1283 serpentes,
1545 1253 1571 1275 ct
1598 1249 1738 1283 simplices

947 1293 1018 1320 sicut
1035 1293 1169 1320 columbae
1189 1294 1222 1320 ".
1247 1302 1256 1319 ι
1285 1293 1351 1326 Quae
1379 1301 1440 1321 cum
1471 1295 1518 1326 ait,
1542 1304 1595 1322 non
1626 1300 1739 1324 naturus

947 1339 1110 1366 commutari
1130 1339 1204 1372 vult,
1223 1339 1270 1367 SH]
1298 1341 1440 1368 naturales
1457 1349 1551 1368 eorum
1583 1341 1736 1369 inclinatio-

949 1392 1008 1417 nes,
1029 1389 1058 1411 ut
1076 1385 1256 1417 declinemus,
1275 1386 1409 1415 hortatur.
1424 1386 1492 1414 Cum
1510 1392 1600 1414 anteiit
1620 1387 1739 1415 salutare

949 1430 1014 1465 quid
1028 1430 1109 1466 395.
1121 1431 1229 1464 suadet,
1247 1440 1280 1459 ex
1297 1432 1457 1460 melioribus
1469 1432 1677 1460 similitudinem
1694 1441 1739 1460 ac-

949 1476 1042 1503 cersit.
1061 1477 1105 1503 Sic
1127 1477 1187 1504 ait:
1211 1488 1219 1503 1
1237 1477 1330 1506 Estote
1354 1478 1566 1508 misericordi-s5
1586 1478 1657 1506 sicut
1687 1479 1740 1505 Pa-

104 1522 200 1558 Πατὴρ
216 1521 294 1557 ὑμῶν
308 1522 322 1548 ὁ
336 1521 474 1556 οὐράνιος.
498 1530 507 1546 1
524 1521 592 1547 Οὐδὲ
606 1521 723 1548 ἐνταῦθα
737 1521 786 1553 τὰς
802 1521 896 1555 φύσεις

965 1529 992 1549 er
1011 1527 1103 1550 vester
1128 1522 1176 1558 qui
1202 1525 1230 1550 iii
1251 1524 1329 1552 ccelis
1345 1528 1387 1552 est
1401 1524 1433 1551 "’.
1458 1533 1467 1550 1
1488 1523 1581 1559 Neque
1598 1524 1643 1552 hic
1659 1530 1739 1551 natu-

106 1568 261 1602 μεταποιεῖ,
291 1567 348 1594 ἀλλ’
379 1567 441 1594 ὅσον
458 1568 475 1603 ἡ
505 1567 580 1603 ίσχὺς
606 1566 798 1599 ὑποσάλλεται,
818 1566 898 1594 τοῦτο

106 1613 194 1639 ποιεῖν
208 1611 463 1647 παρακελευομένη.

144 1712 153 1728 1
173 1702 268 1729 Σπῖλοι
284 1701 332 1729 καὶ
348 1701 449 1737 μῶμοι,
468 1701 656 1736 ἐντρυφῶντες
671 1701 698 1727 ἐν
711 1702 772 1733 ταῖς
780 1701 898 1733 ἀπάταις

105 1749 212 1781 αὐτῶν,
236 1747 469 1783 συνευωχούμενοι
496 1747 582 1783 ἡμῖν,
609 1747 766 1782 ὀφθαλμοὺς
791 1747 899 1782 ἔχοντες

107 1794 228 1829 μεστοὺς
254 1793 410 1829 μοιχαλίδος
430 1793 477 1819 καὶ
506 1792 720 1820 ἀκαταπαύστου
749 1792 898 1828 ἁμαρτίας,

104 1840 277 1872 δελεάζοντες
293 1839 383 1874 ψυχὰς
409 1839 602 1874 ἀστηρίκτους,
618 1838 732 1874 καρδίαν
757 1846 897 1873 γεγυμνα-

107 1886 210 1921 σμένην
230 1885 386 1918 πλεονεξίας
414 1885 531 1920 ἔχοντες,
563 1885 686 1919 κατάρας
704 1885 797 1916 τέκνα,
815 1893 900 1911 κατα-

104 1933 230 1964 λιπόντες
239 1932 288 1967 τὴν
305 1932 411 1958 εὐθεῖαν
442 1931 511 1961 ὁδὸν,
533 1931 737 1966 ἐπλανήθησαν,
756 1930 900 1962 ἐξακολου-

106 1980 239 2012 θήσαντες
250 1979 283 2013 τῇ
295 1977 349 2012 ὀδῷ
371 1976 416 2003 τοῦ
435 1977 549 2011 Βαὶαὰμ
567 1976 614 2002 τοῦ
635 1976 732 2010 Βοσὸρ,
752 1975 783 2007 ὂς
802 1975 899 2010 μισθὸν

105 2024 215 2056 ἀδικίας
241 2024 395 2058 ἠγάπησεν.
412 2022 538 2056 Ἐλεγξιν
566 2022 594 2048 δὲ
620 2021 700 2056 ἔσχεν
721 2021 789 2051 ίδίας
810 2030 900 2056 παρα-

107 2070 219 2105 νομίας*
252 2068 399 2103 ὑποζύγιον
427 2068 546 2102 ἄφωνον,
581 2069 610 2094 ἐν
644 2066 791 2102 ἀνθρώπου
824 2067 899 2102 φωνῇ

107 2116 305 2151 φθεγξάμενον,
322 2115 442 2142 ἐκώλυσε
465 2114 515 2149 τὴν
530 2113 577 2140 τοῦ
593 2113 734 2149 προφήτου
754 2120 901 2148 παραφρο-

107 2162 178 2189 νίαν.
204 2171 213 2188 1
231 2161 267 2188 Τὸ
278 2162 341 2196 ἑξῆς
366 2160 471 2192 οὕτως·
491 2169 499 2185 1
520 2160 613 2186 Σπῖλοι
631 2160 678 2186 καὶ
703 2159 796 2194 μῶμοι
810 2167 817 2174 ο
833 2167 901 2194 καρ-

107 2209 166 2235 δίαν
174 2207 406 2243 γεγυμνασμένην
422 2207 529 2242 ἔχοντες
541 2205 698 2238 πλεονεξίας
714 2215 723 2232 1
740 2205 824 2240 (τοῦτ’
839 2205 899 2232 ἐστι

107 2254 152 2282 διὰ
166 2253 323 2286 πλεονεξίας
338 2253 593 2288 γεγυμνασμένην),
621 2263 630 2279 1
652 2252 775 2288 κατάρας
803 2253 899 2284 τέκνα,

109 2300 345 2336 συνευωχούμενοι
366 2300 449 2335 ἡμῖν’
469 2299 627 2334 ὀφθαλμοὺς
656 2299 764 2334 ἔχοντες
785 2299 900 2334 πλήρεις

111 2347 267 2383 μοιχαλίδος
284 2346 331 2373 καὶ
349 2345 562 2374 ἀκαταπαύστου
583 2345 730 2381 ἁμαρτίας,
745 2345 900 2378 δελεάζουσι

107 2394 196 2429 ψυχὰς
210 2392 407 2428 ἀστηρίκτους·
421 2401 429 2416 1
447 2390 479 2422 ἃς
497 2391 545 2417 καὶ
561 2390 666 2421 Παῦλος
681 2390 794 2417 ἐκάλεσε
810 2399 904 2424 γυναι-

109 2439 194 2474 κάρια
216 2437 410 2472 σεσωρευμένα
433 2436 582 2472 ἁμαρτίαις
602 2443 609 2450 ·
629 2436 654 2462 οἱ
679 2435 701 2462 δ’
730 2436 807 2462 αὐτοὶ
830 2435 903 2463 οὗτοι

114 2494 124 2510 1
139 2484 336 2515 καταλιπόντες
367 2483 475 2509 εὐθεῖαν
496 2482 567 2514 ὁδὸν,
596 2481 782 2517 ἐπορεύθησαν
798 2483 830 2517 τῇ
850 2482 903 2516 ὁδῷ

108 2530 157 2558 τοῦ
171 2530 287 2564 Βαλαὰμ
303 2528 350 2556 τοῦ
370 2529 468 2562 Βοσὸρ,
487 2538 496 2554 1
514 2529 560 2554 καὶ
574 2527 647 2562 ἑξῆς.
665 2528 696 2553 Ai
709 2527 797 2561 φωναὶ
811 2528 902 2554 αὐτῶν

113 2587 122 2604 1
144 2577 198 2603 sict
217 2576 305 2611 πηγαὶ
329 2575 450 2610 ἄνυδροι,
461 2574 573 2608 νεφέλαι
590 2573 642 2600 ὑπὸ
654 2573 785 2605 λαίλαπος
800 2573 899 2607 ἀφανι-

110 2623 233 2658 ζόμεναι.
247 2631 256 2648 1
286 2622 334 2649 καὶ
356 2621 430 2656 ἑξῆς.
461 2621 516 2647 Καὶ
527 2620 599 2651 τινος
617 2620 698 2654 χάριν
726 2628 736 2644 1
750 2620 764 2645 ὁ
788 2619 870 2654 ζόφος
890 2628 898 2645 t

111 2668 202 2700 αὺτοῖς
224 2676 232 2693 1
249 2667 394 2693 ἀπόκειται
414 2675 423 2691 1
444 2666 496 2697 είς,
511 2666 556 2691 τὸν
580 2664 712 2699 μέλλοντα
727 2664 836 2698 αἱῶνα;
853 2664 902 2690 Διὰ

111 2713 159 2749 τὴν
171 2713 324 2747 ὑπέρογκον
344 2712 436 2738 αὐτῶν
451 2710 633 2745 ματαιότητα,
647 2709 681 2736 δι’
695 2708 728 2745 ἧς
745 2709 901 2742 δελεάζουσι

111 2761 173 2791 τοὺς
187 2760 252 2794 πρὶν
265 2759 294 2785 ἂν
308 2758 398 2795 πλάνῃ
419 2757 654 2793 ἀναστραφέντας,
678 2757 726 2783 καὶ
739 2756 825 2788 ὅντως
836 2756 902 2783 ταὺ‹

147 2852 251 2880 ¹³1ἐ.ι1.
262 2859 359 2885 xuiit,
376 2851 416 2878 13.
451 2850 469 2866 “
491 2847 562 2877 Psal.
577 2856 653 2883 xm,
666 2848 692 2876 9.
721 2848 740 2864 "
755 2847 854 2876 Jercm.
867 2855 894 2880 γ,
907 2847 934 2874 8.
971 2848 991 2863 ’⁵
1004 2846 1098 2875 Matth.
1113 2855 1138 2880 it,
1153 2847 1194 2874 16.
1234 2846 1255 2863 ”
1270 2845 1335 2874 Luc.
1350 2845 1447 2879 v1.36.

950 1575 995 1596 ras
1021 1569 1231 1598 eommutandas
1257 1573 1362 1603 censet,
1396 1570 1444 1597 sed
1478 1569 1613 1602 hortatur,
1643 1574 1672 1597 ut
1705 1570 1738 1597 ad

950 1613 988 1646 id,
1018 1618 1151 1649 quantum
1181 1614 1256 1642 vires
1286 1614 1472 1643 nostrmierre
1498 1620 1627 1650 possunt,
1653 1617 1741 1643 euita-

950 1667 1024 1687 mlll'.

987 1704 1068 1733 Vens.
1087 1706 1182 1734 13-16.
1203 1716 1212 1732 1
1231 1706 1475 1742 Coinquinationes
1492 1712 1519 1734 et
1533 1707 1645 1734 macula:
1670 1706 1739 1734 deli-

950 1751 1001 1779 ciis
1012 1752 1203 1785 aﬂlitentcs,in
1223 1753 1357 1781 conviviis
1381 1753 1440 1781 suis
1466 1753 1636 1780 luxuriantes
1650 1753 1742 1781 vobis-

951 1806 1025 1826 cum.
1041 1799 1144 1826 Oculos
1166 1799 1298 1827 habentes
1316 1800 1411 1835 plenos
1426 1800 1563 1831 adulterii,
1577 1804 1604 1827 et
1623 1799 1742 1827 incessa-

955 1845 1016 1871 bilis
1048 1845 1152 1872 delicti.
1181 1845 1356 1872 Pellicietilcs
1377 1845 1485 1873 animus
1518 1845 1672 1878 instabiles,
1692 1853 1742 1873 cor

951 1890 1130 1916 exercitattiiii
1149 1891 1264 1917 avaritia
1282 1891 1425 1924 lialienles,
1456 1892 1656 1920 inaledictionis
1681 1891 1739 1919 lilii.

952 1935 1179 1970 Derelinquentes
1220 1941 1320 1963 rectam
1344 1937 1427 1970 viam,
1461 1941 1626 1964 erraverunt
1653 1936 1741 1964 secuti

950 1982 1021 2008 viam
1039 1981 1148 2008 Balaam
1165 1990 1198 2008 ex
1219 1981 1316 2013 Bosor,
1332 1982 1379 2017 qui
1406 1982 1560 2010 mercedem
1586 1983 1742 2017 iniquitatis

952 2027 1063 2054 amavit.
1080 2027 1287 2062 Correptionem
1307 2035 1372 2055 vero
1401 2027 1497 2054 habuit
1518 2036 1575 2056 suae
1597 2028 1716 2055 vesaniae
1733 2036 1741 2056 :

951 2072 1097 2108 subjugale
1115 2076 1223 2099 mutum
1249 2072 1361 2104 animal,
1381 2073 1498 2100 hominis
1519 2080 1586 2100 voce
1615 2073 1741 2108 loquens,

953 2119 1093 2154 prohibuit
1105 2119 1245 2154 prophetas
1263 2118 1459 2153 insipientiam.
1485 2128 1494 2144 ι
1510 2117 1584 2146 Ordo
1598 2118 1742 2145 Verborum

952 2169 1016 2191 est:
1036 2174 1045 2190 1
1065 2163 1311 2198 Coinquinalioties
1330 2168 1356 2192 et
1382 2165 1494 2191 maculat
1509 2173 1516 2192 :
1534 2172 1583 2191 cor
1608 2164 1742 2192 exercita-

955 2217 1010 2238 tum
1028 2211 1130 2237 malitia
1144 2210 1286 2243 habentes,
1303 2209 1506 2237 nialedictionis
1523 2210 1582 2241 lilii,
1595 2209 1743 2237 convivan-

955 2261 1006 2288 tes,
1018 2256 1045 2283 in
1059 2256 1117 2283 suis
1137 2255 1270 2282 conviviis
1297 2256 1478 2288 luxuriantes.
1497 2255 1593 2283 oeulos
1612 2255 1742 2282 habentes

955 2302 1050 2336 plenos
1066 2301 1207 2333 adulterii,
1223 2305 1250 2328 et
1277 2301 1453 2329 iucessabilis
1471 2309 1519 2328 seu
1536 2301 1660 2336 perpetui
1674 2300 1743 2327 deli-

954 2348 1002 2378 cti,
1019 2346 1161 2381 pelliciunt
1177 2347 1283 2375 animas
1301 2347 1443 2374 instabiles
1462 2356 1470 2371 1
1491 2346 1572 2381 (quas
1589 2350 1616 2373 et
1640 2345 1741 2373 Paulus

957 2392 1132 2420 mulierculas
1148 2393 1267 2427 peccatis
1283 2396 1409 2419 oneratas
1428 2396 1506 2418 vocat
1522 2391 1554 2426 η)
1570 2400 1580 2416 1
1595 2396 1620 2418 et
1641 2391 1667 2418 hi
1685 2391 1742 2426 qui-

954 2438 1029 2470 dem,
1046 2438 1143 2464 rclicta
1159 2438 1202 2464 via
1220 2444 1305 2468 rccta,
1323 2438 1452 2464 abierunt
1483 2438 1525 2463 via
1555 2436 1663 2463 Balaam
1693 2436 1739 2462 lilii

955 2484 1050 2516 Biisar,
1072 2493 1081 2509 1
1093 2487 1146 2510 etc.
1161 2482 1249 2510 Voces
1262 2491 1355 2510 eorum
1374 2492 1383 2508 1
1403 2486 1467 2510 sunt
1485 2482 1573 2509 fontes
1588 2482 1646 2509 sine
1659 2489 1739 2516 aqua.

953 2534 980 2556 et
999 2529 1104 2556 nebulae
1123 2528 1281 2556 turbinibus
1307 2529 1424 2563 agitatae,
1447 2537 1455 2553 1
1477 2535 1524 2555 seu
1539 2527 1670 2561 disiectae.
1687 2526 1739 2553 Sed

953 2581 1034 2608 quant
1052 2573 1087 2600 ob
1097 2581 1208 2600 causam
1226 2581 1235 2598 1
1254 2573 1341 2608 caligo
1357 2573 1532 2600 tettebrarum
1553 2581 1563 2597 1
1581 2571 1633 2598 illis
1650 2571 1677 2597 in
1698 2570 1742 2596 [ιι-

952 2623 1043 2646 turum
1058 2619 1187 2646 saeculum
1203 2627 1213 2644 1
1233 2618 1410 2646 reservatur?
1425 2627 1433 2643 ι
1454 2617 1565 2644 Scilicet
1573 2617 1607 2644 ob
1616 2616 1740 2643 tumidis-

953 2667 1050 2693 simam
1076 2673 1170 2692 eorutn
1194 2665 1364 2691 vanitatem:
1385 2671 1438 2699 qua
1455 2671 1513 2693 cos,
1536 2662 1582 2697 qui
1607 2668 1738 2691 errorem.

955 2713 1053 2746 inquo
1069 2715 1149 2738 antea
1173 2711 1273 2738 versati
1301 2713 1376 2741 sunt,
1397 2708 1560 2743 ctiugcrant.
1587 2706 1738 2742 pelliciuiit.

955 2764 986 2783 ac
1003 2757 1126 2784 iucseaut
1138 2755 1315 2791 iinpudicitiis
1328 2762 1358 2782 ac
1373 2754 1515 2781 desideriis
1530 2752 1695 2783 carnalibus,
1710 2756 1740 2777 ut

1499 2845 1519 2861 "
1537 2844 1556 2871 ll
1569 2842 1639 2871 Titii.
1653 2849 1694 2874 ιιι,
1710 2841 1736 2867 6.
