1887 3059
69 135 132 170 128!

458 133 662 165 EXPOSITIO
679 133 721 165 IN
734 134 853 164 EPIST.
871 133 902 164 II
916 133 945 164 S.
963 131 1086 163 PETRI.
1101 142 1136 149 -
1149 130 1228 161 CAP.
1254 130 1310 160 III.

1632 127 1700 162 1282

70 193 117 228 ρᾶς
147 191 192 218 διὰ
211 191 266 219 τῶν
303 191 413 218 ὑδάτων
431 191 579 226 γινομένης
592 190 625 225 If.
644 189 728 225 γεν.],
751 189 858 223 ἀνάγκη

954 196 960 203 ·
976 187 1065 222 ignem
1081 185 1238 213 earumdem
1254 184 1400 219 impiorum
1416 183 1542 211 interitus
1555 182 1701 219 aliquando

69 239 153 270 πᾶσα,
169 237 247 272 φησι,
257 237 307 273 τὴν
315 237 370 264 τῶν
381 237 488 264 ἀσεϐῶν
501 236 605 273 φθορὰν
621 236 666 264 διὰ
681 235 767 271 πυρὸς
779 236 856 271 γενέ-

68 286 138 310 σθαι.

104 340 113 356 ι
133 331 195 357 Ὀτι
206 331 317 366 οὐρανοὶ
329 329 399 366 ἦσαν
421 329 548 362 ἔκπαλαι,
565 329 613 356 καὶ
635 329 651 364 ἡ
667 329 703 364 γῆ
717 329 746 362 ἐξ
759 328 856 360 ὓδατος

69 377 114 404 καὶ
123 377 157 404 δι’
169 377 267 408 ὓδατος
280 376 438 403 συνεστῶσα
450 375 489 410 τῷ
498 375 545 402 τοῦ
552 375 622 402 Θεοῦ
641 374 723 409 λόγῳ.
737 383 797 400 ι-ι
812 374 857 406 Ἐξ

69 423 163 454 ὕδατος
177 433 186 448 ι
205 423 264 457 μὲν,
281 422 317 454 ὡς
326 422 356 454 ἐξ
371 421 463 448 ὑλικοῦ
473 421 572 449 αἰτίου⁶
591 430 601 446 ι
618 420 651 447 δι’
678 419 775 451 ὓδατος
790 429 799 446 ι
818 419 857 451 δὲ,

68 468 104 499 ὡς
117 468 161 494 διὰ
172 467 293 494 τελικοῦ.
308 467 402 502 ’Υδωρ
418 467 472 502 γὰρ
488 466 519 492 τὸ
531 465 644 500 συνιίχον
657 464 706 500 τὴν
730 465 794 499 γῆν,
812 464 858 491 τὸν

69 513 133 548 χοῦν
141 513 189 540 au
200 513 282 540 κόλλα
290 513 447 547 συσφίγγων
458 510 583 548 [Ῑ.-γγον]
591 511 686 545 αὐτῆς,
692 510 737 536 καὶ
744 510 859 536 ὑπόσταο

71 567 113 585 σιν
122 559 252 594 παρέχων
270 557 381 594 [ll-xm]
394 559 474 594 αὐτῇ.
488 558 519 584 Εἰ
533 558 587 592 γὰρ
601 557 639 592 μὴ
652 556 740 588 τοῦτο,
750 556 858 590 ἀνάγκη

69 605 139 641 πρὸς
154 605 219 640 χοῦν
233 605 392 632 διαλύεσθαι
413 605 461 631 καὶ
479 603 638 639 ἁεροῦσθαι.
660 602 859 638 Ἐπιφυήσεται

69 650 95 676 δέ
110 659 154 682 τις
170 651 235 685 ἡμῖν
247 650 311 682 ἴσως
323 650 462 685 φλυαρῶν.
477 648 511 676 Τί
523 648 623 684 δήποτε
635 649 649 674 ὁ
660 647 726 679 Θεὸς
737 648 783 674 τὸν
812 647 855 674 κό-

70 702 138 729 σμον
155 697 201 722 τῦν
209 695 346 732 ὁρώμενον
364 695 531 730 ὑποστήσας,
540 694 601 728 οὐχ).
619 693 647 727 ἐξ
664 694 751 728 ἀρχῆς
763 693 858 728 ἑδραῖ-

82 750 112 768 ον
129 742 290 776 εἰργάσατο,
311 741 340 774 ἐξ
351 739 381 768 οὗ
393 741 442 767 καὶ
455 741 523 776 πρὸς
535 741 564 767 τὸ
580 739 656 771 εὐθὲς
674 739 860 773 ὲπανάγεσθαι

70 789 161 823 χρεία,
173 788 204 814 τὺ
221 787 272 822 μὲν
299 787 346 814 ἐπὶ
363 787 425 814 Νῶε
440 788 483 814 διὰ
496 787 542 814 τοῦ
570 786 777 821 κατακλυσμοῦ,
790 787 818 812 ἑν
830 786 859 813 δὲ

71 831 103 865 τῇ
117 831 259 866 συντελείᾳ
272 831 317 857 διὰ
328 831 424 866 πυρδς,
442 831 480 862 ὡς
495 830 541 858 νῦν
564 839 630 865 φησι
653 831 754 866 Πέτρος
766 839 773 863 ;
787 831 860 864 Πρὸς

69 876 98 902 ὃν
110 876 240 911 ἐροῦμεν,
251 876 288 909 ὡς
295 877 326 903 τὸ
335 877 384 912 μὲν
392 876 593 912 ἀμετάϐλητον,
604 877 653 911 οὺχ
663 874 721 903 οἷόν
731 884 761 902 τε
776 876 858 902 αὑτὸν

71 923 155 956 σχεῖν.
169 923 229 954 Πῶς
243 924 308 957 γὰρ,
318 922 347 954 ὃς
362 923 393 949 ὲκ
403 921 492 957 μεταὸ
500 922 559 955 ιλῆς
568 922 658 958 εἴληχε
665 922 694 948 τὸ
702 920 773 948 εἶναι
785 930 793 954 ;
812 921 860 948 Ἐκ

69 969 124 1004 γὰρ
140 968 185 994 τοῦ
200 968 237 1003 μὴ
248 966 318 995 εἷναι
329 969 369 999 εἱς
388 968 416 994 τὺ
429 965 499 994 εἶναι
514 967 640 1003 προήχθη
654 975 662 982 ·
683 968 752 1003 ὅπερ
763 969 812 994 οὐκ
828 968 860 994 ἂν

70 1015 184 1050 ἔμφρων
195 1023 236 1046 τις
250 1015 287 1049 μὴ
303 1014 446 1041 ἀλλοίωσιν
457 1015 525 1050 ἐρεῖ.
541 1013 596 1040 Καὶ
607 1013 700 1048 ἐπειδὴ
716 1014 732 1048 ἡ
747 1013 860 1039 ἀλλοίω-

71 1070 112 1092 σις
127 1062 174 1087 ἐπὶ
186 1061 215 1087 τὺ
229 1061 366 1096 χείριστον
375 1060 481 1095 προέϐη
493 1061 549 1092 τοῖς
561 1062 665 1095 χείροσι
675 1060 859 1094 συμφυρεῖσι,

70 1107 227 1140 ἀναγκαίως
255 1107 269 1133 ὁ
293 1106 388 1133 τούτου
413 1106 580 1142 δημιουργὸς
610 1106 657 1132 ἐπὶ
684 1106 714 1132 τὸ
733 1107 860 1140 κρεῖττον

70 1153 227 1186 ἐπανάγων,
245 1152 291 1179 ἐπὶ
307 1152 356 1187 μὲν
365 1152 414 1179 ’τοῦ
426 1152 487 1179 Νῶε
499 1152 549 1188 τὴν
567 1151 701 1186 κάθαρσιν
717 1151 751 1178 δι’
765 1151 862 1182 ὓδατος

70 1199 271 1233 ὲττοιήσατο,ὲν
287 1198 316 1225 δὲ
336 1200 370 1234 τῇ
399 1197 540 1232 συντελείᾳ⁴
559 1197 603 1224 διὰ
630 1197 727 1231 rupis.
750 1197 812 1224 Ἐπὶ
829 1196 860 1232 [Ῑ.

72 1244 147 1280 Etsi]
166 1245 212 1271 καὶ
238 1244 320 1280 ἡμεῖς
345 1244 482 1279 εἰώθαμεν
510 1243 560 1275 τὰς
583 1243 650 1275 ὔλας
679 1243 863 1278 ἀναχωνεύειν

72 1292 150 1326 πυρὶ,
162 1290 211 1325 οὐχ
222 1290 266 1317 ἵνα
291 1289 464 1326 ἀνυπαρξίαν
475 1290 571 1321 αὑταῖς
586 1289 689 1324 δῶμεν,
703 1290 763 1316 ἀλλ’
778 1289 821 1316 ἴνα
833 1289 862 1316 τδ

72 1336 193 1371 καθαρὸν
204 1336 251 1363 καὶ
261 1335 408 1370 εἱλικρινὲς
421 1334 614 1370 χαρισώμεθα·
637 1335 686 1362 καὶ
710 1334 789 1361 τοῦτο
812 1335 862 1362 οὐκ

71 1383 103 1408 ἄν
121 1390 163 1412 τις
179 1381 327 1416 ἀπιστήσῃ.
349 1379 488 1412 Ὡσαύτως
501 1380 532 1415 δὴ
555 1379 659 1406 καὶτὸν
672 1380 740 1406 Θεὸν
752 1379 797 1406 διὰ
813 1388 863 1406 πυ-

73 1427 119 1462 ρὸς
132 1427 161 1452 ἐν
173 1421 211 1461 τί
223 1426 363 1461 συντελείᾳ
376 1425 612 1460 ὲπαγγιιλάμενος
635 1427 735 1452 ποιεῖν·
751 1426 784 1452 τὰ
809 1425 864 1460 γὰρ

72 1470 190 1504 περιττὰ
206 1470 380 1505 φθείρει,καὶ
395 1470 478 1506 μηδὲν
491 1469 559 1505 πρὸς
574 1469 750 1505 ἀνθρωπίνην
763 1469 864 1496 σύστα-

73 1524 117 1542 σιν
137 1515 328 1542 συντελοῦντα·
355 1512 410 1542 οἷον
435 1515 518 1550 φυτὰ,
541 1515 640 1550 κτήνη,
661 1515 752 1550 χλόην.
770 1515 863 1541 Ταῦτα

73 1559 120 1587 οὖν
134 1561 277 1596 φθαρεϊται
287 1561 322 1587 τὰ
337 1560 454 1596 περιττὰ
467 1559 535 1595 πρὸς
557 1559 607 1595 τὴν
624 1560 764 1595 ἄφθαρτον
779 1559 864 1595 ζωήν.

79 1606 159 1632 ἐπεὶ
171 1605 217 1632 οὖν
234 1605 308 1632 οὕτω
319 1605 418 1637 ταῦτα,
445 1604 569 1640 ματαίως
595 1604 763 1641 φλυαροῦσιν
778 1605 803 1631 οἱ
819 1605 865 1630 τὸν

72 1651 213 1687 ὁρώμενον
227 1651 321 1678 τοῦτον
338 1651 440 1685 κόσμον
454 1650 600 1686 ζητοῦντες
614 1651 652 1686 μὴ
667 1651 806 1685 ἄφθαρτον
836 1650 866 1682 ἐξ

75 1699 163 1734 ἀρχῆς
181 1698 318 1733 γενέσθαι.
334 1699 366 1725 Ei
385 1698 476 1730 τοῦτο,
494 1697 542 1725 καὶ
555 1698 602 1724 ἐπὶ
630 1699 678 1733 τῆς
694 1698 791 1733 νοερᾶς
820 1697 864 1723 οὺι

75 1745 197 1776 cubum;
216 1743 378 1780 λογισθῆναι
410 1744 527 1780 οἰηθείη,
539 1743 602 1770 ἐπεὶ
616 1744 685 1779 αὑτὴ
696 1744 726 1776 ἐξ
741 1743 792 1770 οὐκ
819 1743 865 1770 ὅν-

73 1799 131 1817 των
157 1791 294 1826 προήχθη,
323 1789 382 1817 ἀλλ⁹
406 1789 482 1816 οῦπω
510 1790 613 1822 συνιεὶς
637 1790 675 1822 ὡς
704 1790 721 1825 ὴ
745 1789 866 1824 ἁπλότης

75 1835 168 1871 ἐκείνη
185 1837 326 1872 περιποιεί
339 1836 369 1862 τὸ
386 1835 538 1870 ἀνώλεθρον
565 1835 613 1863 καὶ
642 1836 673 1862 τὸ
702 1836 787 1870 ἐγγὺς
816 1835 867 1871 τῆς

77 1882 218 1916 μακαρίας
247 1881 376 1916 τετάχθαι
410 1883 444 1917 τῇ
478 1881 595 1917 ὑπάρξει
628 1881 676 1909 καὶ
706 1881 783 1913 θείας
813 1882 865 1917 φύ-

75 1936 158 1958 σεως.

118 1982 126 1999 ι
147 1972 186 1999 Δι’
199 1969 236 1999 ὧν
252 1973 266 1999 ὁ
281 1973 342 1999 τότε
359 1973 460 2008 κόσμος
473 1972 550 1999 ὕδατι
565 1972 748 2004 κατακλυθεις
769 1971 850 2009 [υιιίσ.

75 2034 88 2040 ~
104 2018 193 2055 σθεὶς]
203 2019 338 2046 ἀπώλετο.
353 2028 362 2045 ι
376 2019 426 2046 Διὰ
433 2019 479 2046 τοῦ
492 2018 607 2054 οὐρανοῦ
620 2019 726 2054 καὶτῆς
741 2019 803 2054 γῆς·
818 2019 868 2054 τῆς

78 2066 128 2100 μὲν
138 2065 169 2091 τὸ
181 2065 253 2101 ὕδωρ
263 2065 512 2100 ὲπικλυσάσης,τοῦ
524 2067 553 2091 οὺ
559 2066 639 2101 pavo-3
650 2066 678 2092 δὲ
693 2067 755 2098 τοὺς
764 2067 868 2101 καταρ-

79 2112 185 2146 ρἁτας
201 2111 350 2146 επαφέντο,
363 2113 394 2137 τὸ
410 2110 484 2146 ὕδωρ
498 2111 532 2146 τῇ
546 2112 594 2146 γῇ.
612 2111 649 2137 Τὸ
675 2111 714 2143 δὲ,
732 2120 741 2136 ι
776 2111 867 2138 Ἀπώ-

77 2158 151 2189 λετο,
169 2167 179 2183 ι
203 2157 241 2193 μὴ
256 2157 324 2193 πρὸς
344 2157 435 2183 πάντα.
451 2157 495 2183 τὸν
510 2157 613 2192 κόσμον
628 2157 694 2190 νόει,
712 2157 780 2183 ἀλλὰ
801 2157 868 2192 πρὸς

907 234 1058 268 contingat.

946 342 956 360 ι
976 333 1053 366 Quod
1069 332 1133 359 mali
1155 334 1234 358 erant
1250 331 1335 366 prius,
1352 334 1379 357 et
1393 334 1465 356 terra
1478 336 1509 355 ex
1526 336 1596 363 aqua
1610 334 1637 355 et
1655 337 1703 363 per

909 386 1008 413 aquam
1033 378 1190 405 consistens
1212 376 1256 402 Dei
1276 374 1369 402 verbo.
1391 383 1400 400 ν
1430 374 1465 400 Ex
1490 381 1559 408 aqua
1580 373 1702 407 quidem,

910 429 1040 459 tauquam
1066 430 1098 449 ex
1127 421 1261 449 materiali
1290 419 1450 455 principio;
1477 428 1486 444 ι
1505 426 1553 453 per
1571 425 1670 453 aquam
1691 428 1701 444 ι

910 477 987 502 vero,
1000 473 1131 503 tauquam
1148 475 1195 502 per
1211 466 1311 501 aliquid
1327 465 1515 500 perleclivum.
1530 465 1606 499 Aqua
1620 464 1703 501 enim,

910 523 969 551 quae
977 515 1100 542 continet
1110 518 1223 546 terram,
1234 512 1294 546 ejus
1306 511 1442 546 pulverem
1457 511 1530 538 velut
1538 512 1629 545 gluten
1646 510 1705 537 col-

910 562 1009 597 ligans,
1026 561 1112 589 eidem
1126 558 1333 587 eonsistentiam
1351 557 1456 584 tribuit.
1474 556 1552 589 Quod
1569 556 1592 583 si
1606 556 1631 583 id
1649 563 1704 583 non

911 611 1092 644 praestaretur
1103 605 1137 633 ab
1153 612 1234 640 aqua,
1247 603 1405 631 n--cessario
1420 607 1494 629 terra
1505 603 1565 636 ipsa
1580 602 1606 628 in
1622 601 1706 636 398

910 654 1049 689 pulverem
1074 651 1268 683 resolvuretur,
1292 657 1323 676 ac
1348 649 1374 676 in
1397 656 1459 675 aera
1484 647 1585 675 abiret.
1604 646 1705 674 Verum

912 700 1028 727 fortasse
1046 702 1164 733 nugator
1180 697 1280 731 aliquis
1297 693 1494 730 interpellabit,
1509 693 1604 721 dit-ens
1622 702 1630 720 :
1650 693 1706 721 Cur

913 747 996 778 Deus,
1014 753 1076 772 cum
1094 744 1227 771 visibilem
1245 743 1318 770 [tunc
1335 741 1468 769 mundum
1495 740 1626 772 condidit,
1643 746 1706 767 eum

912 792 953 819 vel
975 792 1009 818 ab
1036 791 1095 825 ipso
1121 790 1199 817 initio
1220 788 1330 816 firmum
1348 787 1530 821 stabilemque
1552 793 1605 813 non
1632 785 1705 817 fecit,

914 838 981 872 quin
999 844 1070 872 opus
1085 836 1154 863 foret
1168 840 1194 862 et
1211 835 1275 862 olim
1293 839 1414 869 tempore
1430 832 1485 860 Noe
1501 840 1549 867 per
1561 831 1706 863 diluvium,

915 889 941 912 et
961 884 988 910 in
1012 883 1067 909 fine
1082 881 1176 908 mutuli
1196 888 1243 915 per
1269 879 1359 914 ignem
1384 878 1417 905 ad
1445 877 1584 904 meliorem
1604 880 1705 904 statum

912 929 1034 957 revocari
1051 927 1125 954 ?Cui
1141 934 1189 954 nos
1205 925 1415 960 respondemus,
1433 923 1565 950 mundum
1579 922 1706 949 immuta-

911 975 1025 1002 bilitatis
1037 974 1127 1001 dotetu
1139 973 1238 1000 habere
1254 979 1306 998 non
1320 970 1453 1006 potuisse,
1471 969 1545 1004 quod
1559 977 1605 1004 per
1615 973 1707 995 muta-

911 1022 1012 1048 tionem
1034 1018 1292 1049 habueritinitium,
1309 1016 1443 1051 siquidem
1459 1024 1491 1043 ex
1508 1023 1561 1043 non
1580 1022 1641 1042 esse
1670 1013 1704 1041 ad

911 1075 973 1094 esse
991 1065 1153 1101 perductum
1169 1069 1209 1090 est
1225 1072 1232 1090 :
1257 1062 1330 1097 quod
1348 1070 1428 1090 nemo
1440 1062 1486 1096 qui
1500 1062 1600 1096 sapiat.
1616 1065 1702 1087 muta-

913 1114 1012 1140 linttt'm
1033 1111 1180 1147 quamdam
1197 1118 1258 1137 esse
1280 1109 1428 1144 negaverit.
1450 1109 1484 1135 At
1501 1108 1630 1142 quoniam
1653 1107 1705 1133 hu-

909 1158 1031 1193 jusmodi
1047 1157 1163 1184 nuttatio
1183 1163 1216 1182 ex
1231 1155 1302 1182 male
1317 1155 1343 1182 in
1358 1154 1488 1189 pejorem,
1503 1161 1534 1180 ae
1549 1153 1666 1187 denique
1679 1151 1706 1179 in

913 1205 1063 1240 pessimum
1088 1207 1191 1230 statum
1210 1208 1356 1236 progressa
1381 1204 1444 1227 est:
1465 1199 1623 1226 necessario
1637 1198 1707 1226 Deus

913 1250 1007 1277 volens
1026 1248 1114 1283 ipsum
1134 1250 1166 1273 ad
1184 1246 1322 1273 meliorem
1345 1244 1458 1280 gradum
1476 1243 1617 1274 reducere,
1641 1250 1704 1270 cum

913 1296 1020 1322 vivente
1035 1292 1092 1320 Noe
1103 1288 1166 1320 'eum
1183 1299 1253 1326 aqua
1269 1291 1406 1326 purgavit,
1421 1294 1478 1317 tum
1495 1290 1522 1316 in
1534 1295 1709 1316 consumma-

915 1342 987 1368 tione
1009 1340 1100 1368 sa-culi
1121 1340 1183 1374 igne
1200 1341 1368 1373 purgaturus
1380 1340 1432 1364 est.
1450 1336 1517 1362 Nam
1533 1340 1559 1362 et
1573 1342 1624 1362 nos
1636 1342 1710 1369 qua:-

914 1387 976 1413 dam
989 1384 1138 1412 l't‘.(:0ll“.|l‘c
1151 1385 1281 1414 solemus,
1297 1390 1351 1409 non
1368 1387 1396 1409 ut
1412 1381 1597 1414 destruantus,
1615 1381 1662 1408 sed
1680 1383 1710 1407 ut

916 1433 1062 1467 puritatem
1084 1430 1137 1456 illis
1169 1429 1373 1464 pristinumque
1383 1428 1500 1454 nitorem
1521 1426 1708 1453 restituamus.

916 1477 1012 1505 Simile
1027 1476 1092 1510 quid
1106 1476 1185 1502 etiam
1201 1475 1271 1502 Deus
1287 1475 1348 1508 igne
1360 1474 1387 1500 in
1404 1473 1456 1500 line
1472 1472 1564 1499 mundi
1579 1479 1608 1499 se
1624 1471 1710 1498 factu-

918 1532 977 1550 rum
997 1522 1133 1558 promisit,
1154 1522 1290 1556 siquidem
1311 1519 1448 1554 superﬂua
1464 1523 1491 1545 et
1510 1519 1544 1545 ad
1562 1519 1709 1544 humanam

918 1569 1074 1595 felicitatem
1100 1567 1168 1594 lllllll
1191 1566 1359 1593 conferentia
1385 1565 1520 1595 destruet.
1544 1568 1573 1590 ut
1591 1563 1710 1598 plantas,

916 1615 1051 1649 jumenta,
1076 1613 1176 1640 herbas
1198 1616 1225 1639 et
1249 1612 1301 1639 alia
1316 1611 1473 1646 hujusmodi
1489 1617 1550 1645 quae
1564 1609 1711 1643 inunortalj

917 1662 979 1687 vitae
999 1666 1113 1694 prcrsus
1138 1662 1202 1684 sunt
1226 1656 1345 1683 inutilia.
1363 1656 1528 1690 lusipienter
1550 1655 1632 1689 igitur
1645 1661 1710 1689 gar-

918 1707 1002 1738 riunt,
1021 1707 1066 1740 qui
1085 1704 1220 1732 visibilem
1238 1705 1309 1730 hunc
1328 1703 1460 1729 mundum
1471 1702 1564 1729 volunt
1583 1701 1616 1727 ab
1632 1700 1711 1727 initio

918 1751 1155 1785 incorruptibiletn
1173 1749 1268 1776 fuisse.
1286 1748 1314 1776 Si
1332 1748 1395 1783 quis
1420 1754 1485 1774 vero
1502 1750 1578 1781 putet
1595 1746 1664 1772 idem
1678 1745 1713 1772 de

918 1796 1052 1832 spirituuh
1062 1803 1171 1830 quoque
1189 1794 1344 1822 substantia
1359 1791 1544 1824 sentiendum,
1557 1791 1580 1818 is
1591 1790 1713 1826 profecto

918 1850 973 1870 non
999 1842 1137 1876 intelligit,
1161 1839 1300 1876 quomodo
1324 1839 1439 1874 spiritus
1461 1837 1638 1872 simplicitate
1663 1843 1712 1863 sua

919 1888 1154 1916 immortalitatem
1178 1887 1229 1913 sibi
1252 1885 1381 1916 vindicet,
1395 1884 1518 1918 adeoque
1530 1883 1563 1910 ad
1593 1882 1714 1909 divinam

917 1934 1079 1967 beatamque
1092 1937 1215 1959 naturam
1231 1930 1344 1966 propius
1359 1929 1481 1956 accedat.

955 1979 1038 2008 Vsus.
1054 1980 1080 2006 6.
1096 1989 1105 2004 ί
1125 1978 1176 2005 Per
1191 1986 1252 2013 qua:
1268 1978 1314 2004 ille
1332 1982 1398 2004 tune
1415 1975 1534 2003 mundus
1547 1982 1617 2010 aqua
1633 1974 1716 2002 inun-

918 2026 998 2054 datus
1014 2027 1105 2062 periit.
1123 2034 1131 2051 ι
1147 2039 1182 2045 --
1198 2034 1207 2050 ι
1226 2023 1278 2051 Per
1292 2031 1353 2059 qua:
1375 2033 1399 2056 ι,
1415 2022 1519 2050 scilicet
1530 2029 1578 2056 per
1592 2020 1677 2048 cmlos
1687 2025 1716 2048 et

918 2073 1044 2105 lerram;
1073 2077 1143 2098 terra
1168 2070 1279 2106 quidem
1306 2076 1404 2104 aquam
1429 2068 1540 2103 copiose
1562 2066 1715 2099 emittente,

919 2120 998 2147 caelis
1015 2123 1105 2145 autem
1121 2125 1168 2152 per
1178 2120 1346 2144 eatarractas
1358 2122 1458 2151 aquam
1476 2118 1556 2141 terra:
1573 2112 1717 2140 aﬂunden—

920 2165 1000 2193 tibus.
1028 2163 1094 2191 Illud
1122 2167 1213 2189 autem
1241 2172 1250 2187 ι
1270 2161 1349 2197 periit
1365 2170 1375 2186 ι
1400 2167 1573 2195 nequaquam
1596 2159 1631 2186 de
1656 2162 1715 2186 toto

79 2205 150 2239 μόνα
164 2204 199 2230 τὰ
217 2203 287 2236 ζῶα,
302 2203 320 2230 ἃ.
333 2203 378 2229 τὸν
395 2202 541 2239 σύμπαντα
568 2205 669 2238 κάσμον
685 2204 769 2239 οἱονεὶ
802 2203 859 2230 εἰδοη

954 2211 1025 2238 undo
1046 2208 1184 2244 intelligit,
1207 2207 1256 2235 scd
1276 2207 1310 2234 de
1328 2206 1493 2234 animalibus
1514 2209 1632 2236 tantum,
1655 2211 1716 2239 qua:

78 2251 163 2285 ποιεῖ.
181 2251 314 2286 ςἘρημος
327 2251 381 2285 γὰρ
395 2250 497 2276 τούτων
513 2250 659 2285 γενόμενος
681 2250 742 2276 οὐδὲ
768 2251 870 2285 κύσμο;

78 2298 112 2324 ἂν
132 2298 187 2332 εἵη.

120 2387 175 2413 ιΟῑ
193 2385 221 2412 δὲ
237 2385 285 2412 νῦν
300 2386 421 2420 οὐρανοὶ,
448 2385 495 2412 καὶ
519 2386 535 2420 ἡ
559 2386 606 2420 γῆ,
627 2385 667 2420 τῷ
691 2385 774 2412 αὑτοῦ
802 2385 873 2421 λόγῳ

78 2433 327 2468 τεθησαυρισμένοι
353 2433 406 2458 εἰσὶ
429 2432 498 2468 πυρὶ
521 2432 685 2467 τηρούμενοι
701 2433 740 2464 εις
766 2433 874 2468 ἡμέραν

72 2478 202 2515 ’κρίσεως
227 2479 276 2505 καὶ
301 2479 440 2509 ἀπωλείας
463 2479 517 2504 τῶν
542 2478 650 2505 ὰσεὸὡν
676 2479 839 2514 ἀνθρώπων.
861 2488 870 2504 ι

80 2526 121 2553 Τὸ
137 2526 181 2552 διὰ
190 2525 238 2552 τοῦ
258 2525 344 2560 πυρὸς
361 2525 491 2559 γενέσθαι
518 2525 568 2560 τὴν
601 2524 677 2551 τοῦδε
697 2525 744 2551 τοῦ
774 2525 874 2557 παντὸς

81 2573 198 2608 φίλορὰν,
216 2572 246 2598 οὺ
267 2571 347 2606 μόνον
363 2572 549 2606 Χριστιανοῖς,
579 2571 650 2598 ἀλλά
664 2572 710 2598 καὶ
736 2572 792 2602 τοῖς
818 2571 874 2598 τῶν

87 2617 225 2651 Ἑλλήνων
242 2617 334 2650 σοφοῖς
359 2615 442 2642 δοκεῖ.
476 2616 607 2651 ’Δλλ“ὲρεί
631 2623 685 2648 τις·
715 2616 771 2643 Καὶ
794 2617 836 2648 τίς
861 2617 875 2643 ὸ

81 2664 164 2698 λόγος
177 2662 225 2689 τοῦ
239 2663 400 2697 ὑποστῆναι,
413 2663 437 2688 εἰ
462 2662 501 2688 δεῖ
521 2662 602 2689 πάλιν
617 2663 740 2699 χωρῆσαι
753 2664 792 2695 εις
810 2664 875 2698 φοο-

84 2711 137 2746 ρὰν
153 2711 199 2737 τὺν
215 2711 318 2745 κόσμον
332 2719 339 2744 ;
362 2710 494 2746 Ἐροῦμεν
510 2708 566 2742 οὖν,
582 2711 618 2742 ὡς
631 2711 662 2738 οὐ
694 2712 834 2745 παντελῶς
860 2713 874 2739 ὁ

84 2758 190 2791 κόσμος
205 2756 245 2788 εἰς
260 2755 363 2791 φθορὰν
378 2757 510 2791 χωρήσει,
535 2756 605 2783 ἀλλὰ
635 2757 702 2792 πρὸς
729 2757 872 2785 ἀνακαινι-

86 2804 155 2838 trp/2v
169 2812 175 2818 ι
195 2802 241 2828 Διὸ
254 2802 301 2829 καὶ
324 2803 338 2829 ὁ
356 2803 502 2838 Προφήτης
518 2804 599 2839 φησί·
615 2813 624 2830 ι
639 2805 692 2831 Καὶ
706 2805 873 2838 ἁνακαινιεῖς

118 2863 140 2878 ⁸⁸
156 2862 230 2888 Psul.
242 2869 301 2894 cm,
319 2862 364 2889 50.

925 2256 1084 2283 universum
1110 2254 1241 2281 mundum
1262 2252 1345 2279 veluti
1369 2251 1396 2278 in
1422 2258 1472 2278 sua
1497 2250 1587 2286 specie
1612 2249 1717 2276 consli-

925 2306 1006 2330 tuunt
1025 2311 1032 2334 ;
1055 2302 1087 2328 iis
1105 2300 1178 2327 enim
1192 2306 1290 2333 expers
1305 2297 1435 2328 tumulus.
1453 2303 1503 2323 nec
1526 2296 1644 2322 mundus
1655 2294 1718 2328 qui-

926 2349 986 2375 dem
1008 2346 1141 2373 dicendus
1155 2344 1236 2372 foret.

963 2393 1045 2420 Vens.
1061 2392 1086 2420 7.
1110 2401 1119 2417 ι
1135 2391 1202 2418 Coeli
1230 2394 1333 2421 autem.
1354 2389 1400 2424 qui
1419 2395 1491 2415 nunc
1509 2390 1584 2419 sunt.
1600 2390 1626 2414 et
1646 2390 1718 2413 terra

928 2440 1024 2468 eodem
1052 2439 1134 2466 verbo
1155 2436 1266 2472 repositi
1290 2442 1366 2467 sunt,
1387 2435 1442 2470 igni
1468 2433 1600 2461 reservati
1622 2432 1648 2458 in
1673 2431 1718 2458 die

924 2486 1031 2521 judicii,
1050 2489 1077 2511 el
1098 2483 1260 2518 perditionis
1278 2482 1423 2516 impiorum
1441 2479 1593 2506 hominum.
1611 2487 1620 2503 ι
1651 2476 1718 2503 Uni-

927 2540 1034 2560 versum
1050 2531 1100 2557 ltoc
1112 2530 1172 2564 igne
1185 2528 1401 2556 consumendum
1413 2525 1561 2560 aliquando
1579 2522 1648 2554 fore,
1665 2529 1719 2549 non

925 2579 1013 2605 solum
1029 2576 1269 2606 Christianorum,
1287 2573 1334 2600 sed
1353 2572 1433 2599 etiam
1450 2570 1591 2605 gentilium
1610 2567 1720 2602 sapien-

925 2628 981 2650 tum
997 2621 1132 2650 sententia
1148 2620 1242 2648 est.At
1257 2619 1330 2646 dicet
1345 2617 1482 2652 quispiam
1500 2624 1507 2642 ε
1524 2616 1581 2642 Cur
1592 2613 1720 2641 conditus

929 2675 971 2698 est
989 2669 1117 2700 mundus,
1131 2668 1153 2694 si
1172 2666 1357 2694 destruendus
1369 2670 1408 2692 est
1424 2662 1544 2690 iterum?
1560 2659 1720 2695 Responde-

930 2724 1002 2749 mus,
1027 2714 1160 2742 mundum
1186 2712 1259 2740 haud
1279 2714 1304 2739 in
1326 2711 1438 2738 nihilum
1463 2708 1653 2744 redlgeudum.
1673 2705 1721 2733 sed

928 2762 1114 2789 renovandum
1128 2767 1200 2787 esse.
1217 2758 1307 2791 Quare
1332 2757 1467 2792 Propheta
1481 2755 1519 2783 ait
1535 2763 1542 2782 :
1564 2763 1573 2780 ι
1595 2753 1626 2780 Et
1642 2759 1720 2779 reno-

929 2808 1005 2836 vabis
1018 2806 1114 2834 faciem
1129 2809 1208 2832 terra:
1220 2804 1253 2832 ".
1271 2812 1280 2830 ι
1294 2801 1528 2836 Quemadmodum
1541 2800 1613 2829 enim
1632 2800 1721 2832 initio,
