1887 3059
122 109 187 144 ῙΞῚῙ

628 113 914 144 THEOPHYLACTI
931 115 1028 146 BULG
1034 116 1134 146 ARLE
1149 117 1325 148 ARCHIEP.

1676 113 1766 150 1272

120 167 230 203 opificio
242 171 269 195 et
288 167 456 203 providentia
481 168 659 202 repellentes,
676 169 703 196 in
720 177 828 197 omnem
845 177 903 197 ear-

986 172 1090 206 ςοψὶας.
1117 173 1164 199 ἐπὶ
1190 174 1280 200 πᾶσαν
1306 173 1450 210 ἐχώρησαν
1481 174 1566 206 άδεῶς
1609 175 1766 211 σαρκικὴν

121 213 210 240 nslem
230 213 456 240 incontinentiam
471 213 602 249 perfricta
617 214 705 242 fronte
724 220 901 243 corruerunt.

122 259 153 285 Et
169 258 290 293 quidem,
308 259 331 286 si
346 259 408 293 quis
423 259 521 286 horum
539 263 663 287 exactam
682 260 807 287 notitiam
830 260 903 287 (lesi-

121 306 209 338 derat,
222 305 321 332 librum
338 305 371 331 ab
387 305 489 332 Irenaeo
509 305 587 332 Gallo
605 310 701 333 contra
719 306 795 341 ipsos
812 306 905 334 elabo-

123 354 221 379 latum.
240 353 266 375 et
284 358 293 374 ι
310 349 412 376 Contra
435 349 495 377 falsi
514 351 633 378 nominis
645 351 787 378 scientiam
816 360 825 376 ι
856 351 906 378 in—

121 395 251 428 sz-riptunt
267 394 293 421 in
309 402 408 423 manus
424 399 526 427 sumat,
544 403 575 422 ac
591 395 617 422 in
634 403 667 423 eo
676 396 773 423 horum
790 397 906 431 impudi-

121 440 212 470 citias,
235 447 266 467 ac
276 441 426 475 praesertim
443 449 511 476 quas
526 441 744 470 obscenissimus
757 441 864 469 Marcus
878 446 905 469 et

119 490 256 519 corruptae
270 486 305 512 ab
319 493 352 513 eo
367 486 495 514 mulieres
509 487 681 520 exercebant,
699 491 756 514 tum
774 488 841 515 alias
858 495 905 515 ne—

118 531 220 564 quitias
236 539 303 566 quas
315 533 407 560 caeteri
423 532 483 567 ejns
495 537 576 561 sectae
591 533 745 568 patrabant,
761 537 905 562 enarratas

119 581 258 612 utrunque
272 578 393 606 inveniet
411 587 419 605 :
432 586 496 605 nam
515 586 562 606 eas
576 586 656 606 nemo
668 579 711 606 vel
742 580 846 614 scripto
860 587 907 607 sa-

119 623 154 650 lis
168 624 320 658 exprimere
336 628 434 659 potest,
462 624 562 660 quippe
572 632 632 660 que
646 624 687 652 vel
701 625 759 652 sola
776 625 903 652 recorda-

120 669 194 696 tione
213 676 312 697 nocere
331 673 457 704 possunt.
470 669 522 702 Qui
536 677 601 698 vero
617 678 650 698 ex
681 675 839 706 contemptu
856 671 906 698 do-

120 713 296 741 minationem
330 721 384 741 non
414 714 520 747 timent,
541 715 606 750 quid
634 715 744 748 mirum,
758 716 781 743 si
800 721 828 744 et
841 724 905 751 erga

119 765 228 786 onmem
245 759 404 794 dignitatem
426 760 557 788 audacter
580 768 610 788 se
638 761 773 788 elferant?
797 761 906 789 Clarius

119 809 185 829 vero
197 801 231 830 de
253 803 296 830 his
310 804 421 832 disserit
436 804 533 833 beatus
547 805 688 840 apostolus
702 805 798 838 ludas,
813 806 858 833 ubi
870 806 904 833 de

119 846 221 883 Moysis
235 856 352 884 corpore
367 850 533 877 mentionem
550 850 625 878 facit.
644 850 698 878 Istc
712 855 803 878 autem
818 851 907 878 brevi-
922 843 941 870 Β

120 899 172 926 ter,
184 901 216 922 ac
233 894 259 921 in
273 895 325 922 [ine
342 895 383 922 sui
398 895 449 922 hac
464 896 498 923 de
515 903 544 922 re
553 897 701 928 sermonis,
719 896 772 923 hoc
785 900 907 923 tantum-

120 939 202 966 modo
221 939 353 966 insinuat.
374 939 412 966 Es
430 939 477 967 illo
500 941 592 976 itaque
625 940 770 968 occasione
783 945 904 975 sumpta,

121 985 194 1012 etde
210 985 358 1020 propositis
371 985 428 1013 haec
440 985 562 1014 diximus
583 994 590 1013 :
609 994 620 1012 ι
637 986 770 1019 Audaces,
785 987 835 1013 sibi
850 986 908 1021 pla~

122 1035 226 1062 centes,
243 1030 346 1066 glorias
362 1039 415 1059 non
434 1036 560 1059 metuunt
583 1032 782 1067 blasphemare.
805 1041 814 1058 ι
834 1032 908 1059 Sub-

121 1077 298 1108 audiendum.
325 1077 371 1112 qui
398 1082 473 1105 sunt.
504 1077 571 1105 Illud
595 1082 684 1105 sulem
701 1087 710 1104 ι
725 1077 832 1106 Glorias
854 1085 907 1105 non

120 1127 256 1154 metuunt.
279 1131 289 1149 ι
308 1123 377 1151 idem
394 1127 438 1151 est
452 1131 495 1154 ac.
512 1123 681 1158 contemptui
711 1123 812 1151 habent
847 1131 907 1150 om-

119 1175 180 1195 nem
195 1168 309 1204 gloriam
329 1176 377 1197 seu
391 1169 553 1205 dignitatem
570 1172 598 1198 et
610 1169 739 1197 convitiis
766 1169 908 1197 incessere

120 1222 175 1242 non
192 1218 332 1242 verentur.

158 1260 242 1289 Vens.
258 1261 303 1290 ll.
318 1271 327 1288 ι
345 1262 396 1291 Ubi
408 1262 496 1298 angeli
510 1262 670 1290 fortitudine
685 1268 713 1290 et
725 1263 826 1290 virtute
845 1270 907 1291 cum

120 1306 177 1334 sint
205 1305 334 1340 majores,
351 1314 403 1334 non
415 1311 526 1342 portant
550 1307 684 1335 adversus
700 1315 730 1335 se
741 1308 909 1335 exsecrabile

117 1352 262 1387 judicium.
279 1363 289 1379 ι
310 1353 409 1381 Volens
423 1357 527 1381 tantam
557 1353 752 1388 pmdictorum
769 1353 910 1381 haeretico-

121 1405 183 1428 rum
220 1398 293 1426 circa
332 1398 494 1434 hujusmodi
530 1399 673 1426 audaciam
708 1407 908 1434 compesmre:

122 1453 132 1469 ι
149 1443 217 1472 Cum
244 1445 346 1480 angeli,
368 1445 466 1480 inquit,
492 1445 539 1480 qui
566 1445 724 1473 fortitudine
753 1450 780 1473 et
808 1445 909 1472 virtute

121 1491 239 1525 majores
267 1491 348 1527 393
373 1496 448 1524 sunt,
480 1500 534 1520 non
551 1492 639 1520 ferant
654 1496 748 1519 contra
773 1500 821 1521 eos
836 1493 906 1528 apud
921 1513 942 1540 C

122 1536 266 1564 Dominum
293 1538 453 1565 maledicam
468 1539 642 1566 sententiam.
659 1548 668 1564 ι
687 1539 748 1572 Quo
779 1539 850 1566 idem
875 1546 906 1566 ac

119 1585 215 1612 beatus
227 1585 312 1613 Iudas
334 1585 411 1618 dicit,
428 1591 455 1613 ut
471 1586 524 1622 jam
550 1587 773 1621 praemonuimus.
786 1586 852 1614 Nam
878 1591 906 1614 et

119 1631 164 1658 ille
195 1632 392 1659 nonnullorum
424 1633 524 1667 lingua
557 1633 733 1668 petulantiam
757 1633 906 1668 castigans,

119 1676 213 1704 eodem
229 1677 354 1712 exemplo
370 1678 583 1705 admonitionem
599 1686 679 1706 suam
712 1679 840 1710 instruit,
858 1678 906 1706 sed

119 1722 262 1756 aliquanto
283 1721 380 1755 fusius,
397 1723 433 1750 ita
447 1724 541 1751 dicens
552 1724 591 1751 ¹¹;
610 1734 619 1750 ι
634 1724 748 1752 Michael
762 1725 908 1760 archange-

121 1767 164 1794 lus
182 1775 235 1794 non
251 1772 293 1795 est
315 1775 400 1796 ausus
418 1769 554 1803 judicium
573 1770 674 1798 inferre
689 1771 875 1805 blasphemiae.
895 1780 904 1797 ι

121 1811 216 1839 Simile
228 1812 292 1847 quid
307 1812 387 1840 etiam
404 1813 503 1842 Petrus
522 1822 594 1842 nunc
621 1815 714 1843 dicere
725 1816 797 1849 vult;
813 1823 908 1851 nempe

120 1858 192 1891 quod
209 1857 252 1885 isti
266 1858 474 1886 cacodaamones
505 1867 559 1887 non
596 1865 743 1889 vereantur
761 1861 908 1897 dignitates

119 1903 251 1932 conviciis
269 1904 414 1938 incessere,
430 1913 492 1932 cum
510 1910 599 1934 tamen
614 1914 649 1935 ne
663 1907 714 1942 ipsi
724 1907 832 1942 quidem
858 1915 907 1935 οη.

119 1950 170 1986 geli
188 1954 322 1986 potestate
337 1953 364 1978 et
380 1950 542 1979 fortitudine
581 1953 706 1982 scelestis
735 1954 796 1982 istis
821 1954 908 1982 multo

120 1997 287 2030 superiores,
305 1995 403 2029 ferant,
419 2004 468 2024 seu
482 2004 537 2024 non
553 1997 694 2033 proferant
722 1998 853 2026 adversus
869 1998 909 2033 ip-

119 2048 166 2069 sas
181 2042 263 2069 veluti
284 2041 431 2076 dignitates
445 2043 605 2070 maledicam
630 2044 796 2071 sententiam
815 2051 908 2072 coram

120 2086 244 2114 Domino.
262 2087 382 2120 Scilicet,
394 2089 457 2123 quia
468 2088 626 2123 dignitatem
636 2089 754 2124 aliquam
765 2090 909 2124 participat

120 2133 257 2167 diabolus,
270 2133 370 2169 quippe
380 2134 426 2169 qui
446 2138 488 2162 est
508 2144 517 2160 ‹
536 2134 701 2170 principium
713 2139 846 2163 creatura:
859 2135 909 2162 Do-

957 218 1138 251 ἀκαθαρσίαν.
1156 219 1211 244 Καλ¹
1237 219 1263 245 ει
1277 228 1319 250 τις
1334 219 1399 254 περὶ
1419 220 1522 247 τούτων
1536 220 1624 248 ἐθέλει
1639 222 1765 256 μαθεῖν.

955 263 1004 297 τὴν
1020 263 1156 299 Εἰρηναίῳ
1179 264 1225 290 τοῦ
1289 264 1339 300 τῷ]
1358 265 1453 300 Κελτῷ
1469 265 1560 301 βίϐλον
1579 267 1645 301 περὶ
1659 266 1766 294 αὐτῶν

956 309 1181 345 ὲκπεπονημένην
1198 310 1288 337 λαϐὼν
1316 311 1364 338 ἐπὶ
1381 313 1485 347 χεῖρας,
1501 313 1550 347 τὴν
1573 313 1765 349 ἐπιγεγραμ-

957 356 1052 390 μένην,
1069 366 1077 380 ι
1095 356 1174 382 Κατὰ
1185 358 1234 390 τῆς
1249 356 1425 392 ψευδωνύμου
1437 357 1576 392 γνώσεως,
1596 368 1606 385 s
1627 359 1678 390 τὰς
1689 358 1765 386 τού-

956 409 1009 426 των
1032 401 1170 435 ἁμαρτίας
1192 402 1313 438 εὑρήσει,
1330 402 1373 429 διὰ
1400 402 1539 440 [Μάρκου]
1566 405 1686 439 μάλιστα
1698 404 1759 431 τοῧ

956 446 1164 480 ἀσελγεστάτου,
1197 449 1244 474 καὶ
1270 448 1325 474 τῶν
1357 449 1404 475 ὑπ’
1433 449 1516 476 αὑτοῦ
1543 450 1759 486 διαφθαρεισῶν

955 491 1103 526 γυναικῶν,
1122 493 1170 518 καὶ
1189 492 1237 524 τὰς
1264 492 1347 524 ἄλλας
1361 493 1585 528 άθεμιτουργίας,
1602 495 1653 526 τὰς
1673 495 1758 529 παρὰ

955 537 1009 563 τῶν
1025 536 1128 564 λοιπῶν
1160 539 1321 572 γενομένας,
1337 539 1369 570 ἃς
1385 539 1445 566 οὐδὲ
1466 540 1510 567 διὰ
1530 541 1638 575 γραφῆς
1655 549 1756 575 παρα-

957 582 1056 618 στῆσαι
1069 592 1111 615 τις
1125 584 1279 619 δυνήσεται,
1296 585 1334 616 ὡς
1352 585 1538 620 λυμαινόντων
1552 587 1597 612 καὶ
1611 586 1655 613 διὰ
1675 587 1728 621 μνή
1738 601 1753 607 -

956 636 1021 662 μης.
1038 628 1070 655 Οἱ
1085 630 1139 664 γὰρ
1166 630 1198 656 ἐκ
1219 632 1450 666 καταφρονήσεως
1471 631 1501 658 οὑ
1533 632 1686 663 δεδοικότες
1698 632 1754 667 τὴν

955 674 1114 710 κυριότητα,
1126 675 1153 701 τί
1168 675 1201 702 ἂν
1213 677 1340 711 πρᾶγμα,
1356 677 1381 703 εἰ
1398 677 1446 704 καὶ
1467 677 1537 712 πρὸς
1564 678 1654 704 πᾶσαν
1668 677 1754 710 δόξαν

955 720 1041 752 ἀδεῶς
1052 720 1187 755 διεγένετο
1198 730 1204 754 ;
1217 721 1386 758 Τρανότερον
1401 723 1465 758 περὶ
1488 724 1590 750 τούτων
1606 724 1620 749 ὀ
1630 723 1751 759 ἀπόστο-

955 765 1000 798 λος
1016 766 1117 798 Ἰούδας
1133 768 1212 803 ὲρεῖὀ
1223 768 1368 802 μακάριος,
1383 767 1451 795 ὅπου
1467 769 1588 804 καὶπερὶ
1606 768 1653 795 τοῦ
1665 769 1750 796 Mulir-

957 812 1025 843 σέως
1053 812 1178 847 σώματος
1204 814 1397 848 μνημονεύσει.
1426 814 1513 846 Αὐτὸς
1542 815 1592 850 μὲν
1616 815 1672 850 γὰρ
1700 816 1746 841 νῦν

957 857 1061 894 [μόνον]
1080 859 1259 894 ὑπέκρουσεν,
1277 859 1414 894 ἁψάμενος
1430 859 1522 896 [ὁμοῦ]
1538 862 1585 887 καὶ
1601 860 1747 887 καταπαύ-

958 911 1006 934 σας
1022 904 1067 929 τὸν
1080 904 1144 939 napi.
1169 903 1265 931 τούτου
1295 905 1386 938 λόγον.
1406 905 1450 939 Ἐξ
1471 905 1575 932 ἐκείνου
1588 906 1681 932 τοίνυν
1699 905 1746 932 καὶ

957 948 1087 983 περὶτῶν
1116 950 1304 984 προκειμένων
1324 950 1464 986 [λαϐόντες
1484 952 1533 982 τὰς
1548 950 1688 986 ἀφορμὰς]
1704 950 1747 976 λέ-

957 1001 1064 1029 γομενο
1083 1004 1092 1020 ι
1109 995 1268 1030 τολμηταὶ,
1291 996 1427 1029 αὐθάδεις,
1451 996 1530 1029 δόξας
1552 997 1583 1023 οὐ
1614 997 1748 1031 τρέμουσι

957 1038 1190 1074 βλασφημοῦντες.
1211 1049 1219 1065 ι
1237 1040 1510 1074 Προσυπακουστέον,
1527 1041 1555 1068 οῖ
1570 1041 1635 1068 εἰσι.
1655 1041 1692 1066 Τὸ
1707 1040 1746 1071 δὲ,

960 1094 969 1110 ι
991 1084 1074 1116 Δόξας
1086 1084 1116 1111 οὐ
1130 1085 1288 1120 τρέμουσιν,
1308 1095 1317 1111 ι
1336 1085 1396 1112 ἀντὶ
1416 1086 1474 1117 τοῦ,
1498 1085 1748 1121 καταφρονητικῶς

957 1129 1050 1165 ἔχουσι
1077 1131 1168 1156 πᾶσαν
1183 1130 1261 1163 δόξαν
1278 1130 1450 1166 βλασφημεῖν
1464 1130 1494 1157 οὖ
1509 1131 1638 1158 δεδίασιν.

996 1268 1006 1284 ‹
1028 1259 1114 1285 Ὅπου
1127 1258 1236 1292 ἄγγελοι
1247 1257 1320 1293 ἰσχύϊ
1332 1257 1379 1285 καὶ
1392 1257 1504 1293 δυνάμει
1519 1258 1643 1292 μείζονες
1658 1257 1748 1290 ὄντες,

957 1304 988 1331 οὐ
1008 1303 1122 1339 φέρουσι
1135 1303 1195 1330 κατ’
1204 1303 1294 1330 αὐτῶν
1306 1304 1381 1340 παρὰ
1396 1303 1491 1340 Κυρίῳ
1509 1303 1670 1339 βλάσφημον
1689 1302 1749 1338 κρί-

959 1360 1012 1378 σιν.
1037 1360 1046 1377 ι
1067 1350 1235 1385 Βουλόμενος
1255 1351 1353 1383 αὐτοὺς
1369 1353 1492 1386 ἐπισχεῖν
1507 1351 1556 1385 τῆς
1572 1350 1638 1385 περὶ
1659 1350 1748 1376 ταῦτα

958 1398 1072 1433 τόλμης,
1091 1399 1190 1433 φησίν·
1209 1407 1219 1423 ι
1237 1398 1325 1424 Ὅπου
1343 1396 1454 1430 ἄγγελοι
1479 1396 1551 1431 ισχύῖ
1572 1397 1619 1423 κα.)⁵
1633 1396 1748 1429 δυνάμει

961 1445 1086 1478 μείζονες
1104 1444 1180 1476 ὅντες
1197 1444 1227 1470 οὗ
1245 1443 1357 1478 φέρουσι
1373 1443 1432 1470 κατ’
1456 1442 1546 1469 αὑτῶν
1558 1442 1633 1477 παρὰ
1650 1442 1748 1476 Κυρίῳ

961 1491 1121 1526 βλάσφημον
1144 1490 1246 1526 κρίσιν,
1261 1499 1270 1516 t
1286 1489 1370 1516 ταύτὸ
1395 1488 1433 1523 τῷ
1448 1488 1577 1524 μακαρίῳ
1593 1488 1689 1523 Ἰούδᾳ,
1709 1488 1747 1517 ὡς

958 1539 1075 1573 ἔφημεν,
1087 1537 1174 1572 λέγων
1186 1545 1193 1553 ⁸
1209 1536 1270 1563 ἐπεὶ
1292 1536 1418 1567 κάκεῖνος
1441 1536 1492 1570 τήν
1512 1543 1592 1562 τινων
1605 1534 1747 1568 γλωσσαλ-

957 1585 1019 1619 γίαν
1031 1583 1163 1616 κολάζων,
1181 1583 1235 1610 ἀπὸ
1260 1582 1308 1609 τοῦ
1327 1581 1410 1609 αὐτοῦ
1427 1581 1651 1616 παραδείγματος
1666 1581 1748 1606 ποιεῖ-

957 1639 1001 1657 ται
1016 1630 1064 1666 τὴν
1084 1629 1234 1656 νουθεσίαν.
1250 1629 1424 1663 Πλατύτερον
1443 1629 1534 1663 μέντοι
1549 1627 1583 1654 δι’
1597 1623 1635 1653 ὢν
1652 1626 1728 1660 λέγει
1738 1634 1746 1642 ο

961 1687 970 1703 ι
990 1678 1020 1703 ’0
1049 1677 1077 1703 δὲ
1104 1675 1212 1711 Μιχαὴλ
1234 1676 1249 1701 ὁ
1268 1674 1448 1710 ἀρχάγγελος,
1466 1683 1475 1699 ι
1490 1673 1538 1700 καὶ
1558 1673 1631 1707 ἑξῆς,
1660 1683 1670 1698 ι
1696 1673 1747 1699 οὐκ

959 1723 1090 1757 ἐτόλμησε
1120 1722 1211 1755 κρίσιν
1226 1721 1378 1755 ἐξενεγκεῖν
1399 1720 1567 1756 βλάσφημον.
1589 1730 1598 1745 s
1618 1719 1746 1746 Τοιοῦτον

957 1768 1003 1794 οὖν
1020 1768 1067 1794 καὶ
1094 1767 1196 1802 Πέτρος
1221 1767 1345 1801 βούλεται
1363 1765 1478 1802 [λέγειν]
1493 1765 1551 1797 νῦν,
1565 1765 1606 1792 ὅτι
1624 1762 1706 1791 Οὗτοι
1723 1764 1747 1790 o!

958 1813 1153 1848 κακοδαίμονες
1184 1812 1260 1839 οὐδὲν
1289 1812 1397 1847 ἔχουσιν
1416 1812 1456 1843 είς
1479 1811 1563 1845 φειδὼ
1580 1811 1644 1844 περὶ
1654 1810 1685 1836 τὺ
1698 1809 1747 1840 τὰς

957 1859 1034 1892 δόξας
1050 1859 1230 1894 βλασφημεῖν,
1260 1857 1359 1894 [καίτοι
1372 1865 1403 1891 γε
1413 1856 1486 1893 οὐδὲ]
1503 1857 1580 1884 αὐτοὶ
1595 1857 1619 1882 οἱ
1634 1855 1747 1889 δυνάμει

958 1904 1006 1932 καὶ
1022 1903 1095 1940 ίσχὺῖ
1114 1903 1237 1938 μείζονες
1255 1903 1341 1935 ὄντες,
1362 1901 1483 1936 δηλονότι
1494 1901 1549 1927 τῶν
1565 1899 1672 1935 μιαρῶν
1684 1899 1747 1925 τού-

957 1959 1022 1982 των,
1036 1950 1066 1976 οὐ
1079 1950 1219 1985 φέρουσιν,
1240 1949 1298 1984 ἤτοι
1313 1948 1343 1974 οὐ
1360 1947 1556 1982 προκομεζουσι
1575 1945 1634 1972 κατ’
1646 1945 1747 1977 αὐτῶν,

958 1995 1039 2022 οἱονεὶ
1056 1995 1109 2022 τῶν
1132 1994 1227 2027 δοξῶν,
1253 1994 1414 2030 βλάσφημον
1437 1993 1528 2027 κρίσιν
1544 1991 1619 2026 παρὰ
1640 1991 1746 2026 Κυρίῳ.

965 2042 1042 2069 Ἐπεὶ
1053 2043 1105 2078 γὰρ
1125 2042 1204 2075 δόξης
1227 2041 1301 2072 τινος
1329 2039 1441 2075 μετέχει
1458 2039 1506 2065 καὶ
1525 2039 1539 2065 ὁ
1555 2038 1691 2069 διάϐολος,
1703 2037 1747 2064 διὰ

958 2088 989 2115 τὸ
1005 2088 1075 2124 ἀρχὴ
1089 2087 1158 2114 εἶναι
1173 2087 1332 2122 πλάσματος
1352 2085 1467 2121 Κυρίου,
1486 2085 1536 2112 οὐκ
1547 2085 1647 2121 ἤνεγκε
1671 2083 1748 2118 ῥῆμα

960 2135 1020 2161 κατ’
1032 2134 1114 2161 αὐτοῦ
1128 2134 1297 2169 βλάσφημον.
1313 2133 1343 2159 El
1365 2133 1419 2167 γὰρ
1435 2133 1449 2158 ὁ
1465 2131 1565 2166 μᾶλλον
1578 2130 1652 2163 ἄξιος
1663 2130 1749 2164 βλασ-

119 2179 187 2207 mini
203 2179 235 2212 ¹¹,
255 2190 264 2205 ι
285 2187 339 2207 non
354 2181 416 2208 tulit
434 2180 547 2208 Michael
566 2181 749 2216 archangelus
772 2181 903 2208 adversus

986 2183 1072 2216 ημεῖν,
1103 2181 1149 2208 τὸν
1188 2179 1310 2207 διάείολον
1350 2179 1447 2213 λέγων,
1474 2179 1549 2212 ὅμως
1569 2177 1655 2204 διὰτὸ
1668 2176 1749 2211 δόξης

119 2232 182 2252 cum
201 2225 283 2252 verba
299 2225 426 2252 convitii.
455 2225 538 2258 Quasi
567 2225 670 2253 diceret
687 2235 694 2252 :
723 2225 750 2252 Si
768 2225 904 2257 diabolus.

119 2271 165 2306 qui
183 2270 304 2298 omnium
317 2270 495 2306 dignissimus
509 2275 560 2303 est,
575 2275 604 2298 ut
633 2271 825 2306 proscindatur
841 2279 907 2298 con-

118 2317 203 2349 vitiis,
216 2316 243 2344 id
259 2321 348 2344 tamen
363 2324 417 2344 non
439 2317 574 2353 pertulita
587 2317 718 2346 llichaele
740 2326 832 2345 coram
855 2318 905 2346 Do-

119 2363 211 2396 mino;
227 2363 351 2398 profecto
367 2371 442 2391 sana:
454 2364 554 2391 mentis
571 2372 625 2391 non
641 2369 716 2396 sunt,
729 2364 775 2399 qui
789 2364 907 2400 dignita-

119 2414 160 2438 tes
175 2410 328 2438 maledictis
341 2410 497 2443 incessunt,
513 2418 576 2437 cum
596 2410 701 2445 angelis
717 2412 804 2437 multo
820 2411 875 2438 sint
887 2411 904 2438 ii

121 2456 252 2490 dignitate
267 2455 421 2483 inferiores.
457 2455 607 2491 Dignitates
633 2463 697 2483 vero
714 2457 755 2483 vel
768 2464 904 2491 supernas

120 2501 246 2534 Virtutes,
260 2502 304 2529 vel
320 2501 524 2529 ecclesiasticas
539 2505 689 2536 potestates
719 2507 798 2529 vocat
813 2509 821 2528 :
838 2511 904 2530 cou-

120 2551 161 2572 tra
180 2554 249 2581 quas
264 2547 310 2575 isti
328 2547 514 2582 insurgentes,
526 2554 574 2575 eas
586 2547 761 2575 contumeliis
776 2547 902 2576 insectari

121 2600 174 2619 non
187 2593 325 2620 desinunt.

158 2637 241 2666 Vens.
257 2638 349 2665 12-15.
373 2647 382 2664 ι
402 2637 434 2665 lli
446 2645 511 2666 vero
522 2639 596 2666 velut
610 2639 776 2668 irrationalia
793 2648 904 2675 pecora,

122 2685 286 2711 naturaliter
303 2684 330 2711 in
344 2685 498 2719 captionem
521 2688 550 2712 et
573 2686 721 2720 perniciem
742 2686 769 2713 in
787 2686 830 2713 his
846 2694 906 2720 qua:

122 2730 249 2765 ignorant
262 2730 483 2765 blasphemantes
501 2731 537 2758 ein
562 2731 738 2767 corruptione
768 2740 817 2760 sua
835 2733 907 2768 peri—

172 2819 177 2834 '
195 2818 281 2847 ludas.
297 2819 324 2847 9.
370 2821 390 2837 "
407 2820 469 2849 Job.
485 2829 529 2855 τι,
546 2821 589 2850 l9.

962 2227 1096 2262 μετέχειν,
1109 2227 1158 2252 οὐκ
1168 2226 1247 2260 ἔτυχε
1260 2225 1355 2251 τούτου
1370 2223 1445 2259 παρὰ
1454 2223 1501 2250 τοῦ
1513 2222 1623 2258 Μιχαὴλ
1631 2222 1749 2248 ἐνώπιον

960 2274 1064 2309 Κυρίου
1080 2281 1086 2289 ο
1104 2273 1154 2300 οὐκ
1170 2273 1202 2299 ἂν
1215 2271 1414 2306 σωφρονήσειεν
1427 2270 1452 2296 οι
1469 2269 1622 2304 προχείρως
1633 2268 1682 2298 τὰς
1702 2267 1748 2294 δό-

961 2321 1009 2354 ξας
1023 2319 1256 2355 βλασφημοῦντες,
1272 2317 1361 2352 πολλῷ
1386 2316 1436 2351 τῆς
1457 2315 1511 2342 τῶν
1524 2315 1649 2349 ἀγγέλων
1659 2313 1748 2348 τιμιό-

960 2374 1041 2400 τητος
1064 2365 1178 2392 κατόπιν
1208 2364 1362 2398 φερόμενοι.
1381 2372 1391 2388 ι
1413 2361 1496 2394 Δόξας
1511 2371 1520 2388 ι
1546 2360 1575 2387 δὲ
1598 2360 1647 2391 τὰς
1673 2359 1749 2391 Θείας

960 2412 1090 2447 δυνάμεις
1105 2411 1198 2445 φησιν,
1214 2410 1230 2445 ἦ
1253 2410 1300 2436 καὶ
1323 2411 1372 2441 τὰς
1400 2405 1632 2441 ἑκκλησιαστικὰς
1647 2405 1747 2441 ἀρχὰς,

958 2452 996 2486 ὧν
1013 2458 1178 2489 άπεναντίας
1202 2457 1347 2491 φερόμενοι
1363 2452 1438 2482 οὖτοι
1468 2455 1494 2481 οἱ
1520 2452 1748 2489 βλασφημοῦντες

959 2505 1044 2536 αὐτὰς
1060 2503 1238 2531 διατελοῦσιν.

999 2650 1007 2666 ι
1024 2637 1103 2668 Οὗτοι
1122 2640 1150 2666 δὲ
1162 2639 1200 2671 ὠς
1215 2639 1299 2672 ἄλογα
1312 2637 1369 2670 ζῶα
1383 2635 1570 2671 γεγεννημένα
1587 2633 1691 2669 φυσικὰ
1706 2633 1747 2665 εἰς

959 2687 1059 2714 ἅλωσιν
1072 2686 1119 2712 καὶ
1135 2685 1249 2720 φθορὰν,
1271 2686 1300 2712 ἐν
1314 2681 1355 2716 οἷς
1371 2681 1499 2717 ἀγνοοῦσι
1525 2679 1747 2731 βλασφημοῦντες

961 2734 990 2759 ὲν
1008 2733 1040 2768 τῇ
1058 2731 1146 2767 φθορᾷ
1160 2731 1251 2758 αὐτῶν
1273 2729 1531 2765 καταφθαρήσονται
1543 2735 1550 2743 ·
1570 2729 1746 2761 κομιούμενοι
