1887 3059
94 144 162 179 1273

464 149 669 181 EXPOSITIO
686 151 728 181 IN
751 150 873 181 EPIST.
890 150 921 180 Il
938 150 968 180 S.
986 150 1110 180 PETRI.
1124 162 1159 168 —
1173 149 1253 182 CAP.
1275 150 1316 180 ῐΙ.

1657 151 1724 185 1274

95 205 190 238 "tam
216 204 335 237 ἀδικίας,
365 205 460 241 ἡδονὴν
487 207 634 242 ἡγούμενοι
666 209 716 243 τὴν
741 209 770 234 ὲν
792 207 886 242 ἡμέρᾳ

964 211 1016 234 mt.
1033 206 1218 241 Percipientcs
1236 207 1389 235 mercedem
1420 207 1572 242 iniustitia».
1601 210 1727 245 voluptas

92 252 210 287 τρυφήν.
233 261 243 277 ι
259 251 337 283 Τινὲς
351 251 430 278 τοῦτο
443 252 529 284 οὕτως
543 252 726 288 ἐξηγήσαντοθ
749 253 793 284 Ὠς
804 253 887 287 ἄλογα

94 297 151 329 ζῶα
164 298 266 332 φυσικὰ
280 298 469 334 γεγεννημένα
490 299 518 325 ἐν
534 301 566 335 τῇ
592 299 679 335 φθορᾷ
694 300 783 326 αὐτῶν
802 309 888 327 κατα-

95 344 292 379 φθαρὴσονται,
307 345 380 371 τοῦτ’
390 344 463 371 ἔστιν
479 345 554 372 οὐδὲν
569 346 753 379 διενεγκόντες
767 347 887 381 κτηνῶν,

95 390 113 418 ἃ
130 390 199 424 πρὸς
227 392 312 426 μόνην
338 391 442 426 φθορὰν
466 391 589 426 γέγονεν.
620 393 664 424 Ὠς
682 392 767 425 ἄλογα
788 393 816 418 δὲ
830 392 918 424 ζῶν·

96 437 210 470 φυσικὰ,
231 446 241 462 ι
260 437 334 463 τοῦτ’
349 437 433 469 ἔστιν,
454 439 515 464 κατ’
541 438 668 473 αἴσθησιν
685 439 770 473 μόνην
789 438 888 470 ζῶντα,

95 482 127 508 οὐ
140 481 212 508 κατὰ
222 481 285 508 νοῦν
302 481 348 509 καὶ
362 481 412 517 τὴν
422 481 520 517 γοερὰν
534 481 607 517 ζωήν
622 491 628 498 ·
644 482 685 509 διὸ
699 482 745 508 καὶ
758 482 889 509 εὐάλωτοι

96 527 130 562 τῇ
153 527 226 554 κατὰ
252 527 302 563 τὴν
332 527 454 563 φθαρτὴν
471 527 544 563 ζωὴν
557 530 731 564 περιαγωγῇ,
747 528 827 563 θυμῷ
843 527 890 555 καὶ

96 572 234 608 ἐπιθυμίᾳ
262 573 392 608 ἀγόμενοι
422 574 471 600 καὶ
496 573 721 609 περιφερόμενοι,
743 583 751 600 ι
779 574 822 600 Ἑν
849 571 890 606 οἷς

95 618 241 652 ἀγνοοῦσιν
257 639 264 650 ,
296 628 306 645 ι
332 619 392 654 ἦτοι
413 621 446 654 τῇ
479 619 638 656 καθηκούσῃ
669 619 760 646 αὐτῶν
788 619 887 655 ἀγνοίᾳ

97 665 335 700 βλασφημοῦντες,
349 667 382 701 τῇ
400 665 521 699 ἐπαξίως
539 666 629 692 αὐτῶν
644 665 731 702 φθορᾷ
745 665 890 700 καταφθα-

98 711 246 746 ρήσονται,
280 721 290 736 ι
319 711 497 746 κομιούμενοι
532 712 628 747 μισθὸν
672 712 791 744 ἀδικίας,
821 721 831 738 ι
861 711 891 738 ὂν

96 755 219 782 ἐθελοντὶ
235 757 343 788 ἑαυτοῖς
358 757 554 792 προεξένησαν.
574 766 582 783 ι
611 756 722 792 Ἡδονὴν
743 756 891 792 ἡγούμενοι

95 801 147 836 τὴν
159 801 189 827 ὲν
202 801 293 836 ἡμέρᾳ
310 802 428 837 τρυφήν.
456 811 464 827 ι
483 801 519 828 Τὸ
541 801 635 834 ὅντως,
657 800 753 836 φησὶν,
781 801 892 836 ἐφετὸν,

97 848 146 875 καὶ
159 848 209 882 τὴν
225 847 312 882 ἀληθῆ
328 848 374 874 καὶ
395 848 546 883 ἐπέραστον
573 847 744 883 εὐφροσύνην
763 848 810 875 καὶ
831 848 892 883 ἡδο-

98 895 160 929 νὴν,
173 893 202 920 ὲν
215 894 249 928 τῇ
263 893 424 929 καθημέραν
439 893 574 928 τιθέμενοι
588 892 635 919 τοῦ
650 892 750 928 λαιμοῦ
769 892 891 919 ἀπολαύ-

99 948 154 966 σει.
172 939 271 966 Ίστέον
289 940 391 975 μέντοι,
410 939 448 971 ὡς
467 939 484 973 ἡ
511 939 570 966 θεία
597 939 694 974 Γραφὴ
714 939 749 965 τά
770 939 893 973 φυσικῶς

99 984 196 1012 ἐνόντα
211 987 267 1016 τοῖς
280 984 445 1019 ἀνθρώποις,
460 984 533 1011 τοῦτ’
545 985 603 1011 ἔστι
617 985 650 1012 τὰ
662 985 700 1016 ὡς
712 983 792 1017 ζώοις
802 985 893 1015 αὐτοῖς

100 1031 300 1066 ἐνυπάρχοντα,
315 1031 360 1057 ἐπ’
384 1030 418 1058 ἀν
441 1030 565 1066 διαϐάλῃ,
586 1029 653 1065 πρὸς
673 1030 707 1057 τὰ
725 1030 811 1064 ἄλογα
841 1030 894 1064 ἀφ-

99 1079 200 1112 ομοιοῖ,
217 1086 227 1104 ι
246 1077 417 1112 Ἀνθρωπος,
437 1077 590 1110 φάσκουσα,
605 1077 633 1103 ἐν
645 1077 712 1112 τιμῇ
729 1076 767 1102 ὣν
781 1076 811 1103 οὐ
830 1085 894 1103 συν-

101 1123 152 1157 ῆκε
165 1130 171 1136 ·
204 1121 444 1158 [παρασυνεωήθη
471 1123 529 1154 τοῖς
545 1122 658 1156 κτήνεσι
682 1122 739 1153 τοῖς
759 1122 893 1156 ἀνοήτοις,

101 1168 150 1194 καὶ
167 1167 296 1203 ὡμοιώθη
312 1168 405 1199 αὐτοῖς
460 1167 518 1199 καὶ,
540 1176 550 1193 ι
570 1167 616 1202 Μὴ
633 1167 741 1201 γίνεσθε
757 1166 795 1198 ὡς
811 1167 894 1198 ἵππος

101 1214 151 1241 καὶ
165 1215 275 1249 ἡμίονος
286 1222 293 1230 ⁸
306 1223 315 1240 ›
331 1215 389 1247 καὶ,
405 1224 414 1240 ι
429 1214 523 1241 "Intrat
533 1214 696 1249 θηλυμανεῖς
709 1212 870 1249 [ὲγένοντο]·
881 1222 890 1238 ι

101 1262 160 1294 καὶ,
176 1269 185 1286 ι
202 1260 314 1286 Γίνεσθε
330 1260 459 1295 φρόνιμοι
485 1259 522 1291 ὡς
545 1260 570 1286 οἱ
583 1259 670 1295 ὄφεις,
687 1259 735 1286 καὶ
769 1259 895 1294 ἀκέραιοι

101 1306 140 1338 ὼς
162 1306 191 1333 at
214 1306 394 1342 περιστεραί·
418 1315 427 1332 ›
453 1305 483 1332 οὐ
507 1305 693 1340 μεταποιοῦσα
717 1304 766 1336 τὰς
799 1304 896 1338 φύσεις

103 1353 247 1387 φάσκουσα
269 1352 367 1384 ταῦτα,
386 1351 455 1378 ἀλλά
480 1352 582 1378 τούτων
597 1351 646 1382 τὰς
669 1351 786 1386 φυσικὰς
807 1351 896 1385 ὁρμὰς

104 1399 186 1433 μόνον
212 1399 347 1425 ὲκκλίνειν
374 1397 582 1431 παρακαλοῦσα.
599 1396 684 1424 Ὅταν
714 1397 741 1424 δὲ
762 1396 897 1432 σωτήριόν

103 1443 155 1480 [τι]
177 1444 370 1479 παραγγέλλῃ,
389 1444 456 1479 πρδς
480 1443 514 1470 τὰ
536 1443 653 1478 κρείττω
675 1442 724 1478 τὴν
744 1442 894 1478 ὁμοιότητα

106 1490 311 1526 παραπέμπει·
335 1489 373 1519 ὡς
389 1488 429 1521 τὺ,
453 1497 462 1514 ι
478 1488 589 1515 Γίνεσθε
609 1487 795 1523 οἰκτίρμονες,
824 1487 861 1517 ὡς
883 1487 898 1513 ὁ

939 257 992 280 tem
1009 252 1197 280 existimantes
1223 252 1276 279 diei
1305 252 1424 279 delicias.
1445 262 1454 278 ι
1473 252 1588 286 Quidam
1610 254 1661 281 hoc
1690 255 1727 282 ita

938 301 1078 332 exponunt
1101 295 1205 324 :Vclnt
1232 297 1312 324 bruta
1340 297 1488 325 animantia
1517 299 1663 328 naturalia.
1699 300 1727 326 in

939 342 1092 377 corruptela
1110 342 1230 377 ipsorqu
1252 342 1380 377 peribunt
1401 351 1408 370 :
1433 342 1484 370 hoc
1497 348 1550 376 est,
1568 345 1636 371 nihil
1648 345 1728 373 dili'c-

939 393 1030 415 rentes
1048 397 1062 415 a
1085 389 1228 423 jumentis,
1245 397 1306 423 qrue
1332 390 1365 416 ad
1391 390 1576 424 corruptelam
1608 395 1728 421 tantum:

940 435 1018 461 modo
1034 439 1195 462 nascuntur.
1214 444 1223 460 ι
1247 434 1282 462 Ut
1309 435 1387 462 bruta
1418 442 1506 462 autem
1538 436 1699 469 animantia,
1715 453 1724 464 ι

940 480 990 505 hoc
999 485 1051 510 εει,
1065 480 1123 507 solo
1135 487 1230 513 sensu,
1245 488 1298 507 non
1313 485 1402 507 mente
1417 484 1443 508 ct
1468 481 1573 508 ratione
1586 482 1706 509 viventes
1719 502 1727 514 ,

939 529 967 551 ct
983 525 1087 552 idcirco
1114 526 1196 553 rebus
1211 526 1439 560 corruptibilibus
1455 525 1534 554 facile
1553 529 1635 562 capti.
1648 533 1729 563 atque

941 571 979 598 ira
992 575 1019 598 cl
1039 571 1261 605 concupiscentia
1277 572 1342 604 acti,
1365 581 1374 596 ι
1390 573 1416 598 in
1427 571 1469 599 his
1483 573 1692 607 quaeiguorant,
1713 583 1722 599 ι

941 625 986 644 seu
1005 616 1031 643 in
1048 624 1169 651 congrua
1187 617 1254 651 ipsis
1272 617 1436 652 ignorantia,
1455 618 1600 645 maledicta
1615 618 1730 645 funden—

941 668 992 695 tes,
1010 662 1145 698 condigna
1163 663 1320 697 corruptela
1337 663 1499 695 interibunt,
1519 672 1528 689 ι
1549 664 1730 698 percipientes

941 708 1094 736 mercedem
1116 708 1267 742 iniustitiae,
1288 717 1297 733 ι
1315 716 1397 742 quam
1423 708 1529 735 scilicet
1557 709 1608 736 sibi
1634 714 1732 744 sponte

941 754 1157 781 accersiverunt.
1174 762 1183 778 ι
1204 752 1379 790 Voluptatem
1395 753 1582 781 existimantes
1597 753 1649 781 diei
1664 754 1733 781 deli-

942 799 1010 831 cias,
1030 809 1039 824 ι
1056 799 1109 826 hoc
1124 804 1175 829 est,
1206 799 1324 826 maxime
1340 798 1563 831 desiderabilem,
1590 806 1680 826 veram
1701 806 1733 826 ac
1752 809 1764 818 -

943 853 1073 881 perquam
1089 847 1232 874 amabilem
1251 847 1373 874 laetitiam
1405 852 1431 874 et
1447 848 1611 881 voluptatem
1626 847 1652 873 in
1664 855 1732 880 quo-

945 892 1045 918 tidiana
1062 892 1182 926 gutturis
1203 892 1332 919 fruitiune
1360 892 1442 919 sitam
1471 899 1533 919 esse
1563 895 1731 926 reputantes.

944 937 1220 964 Animadvurtcndnm
1234 945 1297 964 vero
1316 944 1422 964 sacram
1436 936 1616 972 Scripturam,
1627 944 1657 964 ea
1675 944 1735 970 qua:

944 983 1023 1010 nobis
1041 983 1115 1010 Vclttt
1131 983 1326 1010 animabilibus
1341 983 1446 1015 insunt,
1461 990 1524 1009 cum
1539 990 1569 1009 ea
1587 982 1734 1016 vituperat,

944 1028 1033 1055 brutis
1047 1029 1234 1056 animantibus
1244 1028 1413 1060 assimilare;
1432 1033 1460 1054 nt
1471 1035 1532 1054 cum
1546 1027 1583 1054 ait
1597 1037 1604 1054 :
1623 1036 1632 1052 ι
1649 1026 1735 1054 Hmno

944 1081 1006 1101 cum
1022 1074 1048 1101 in
1063 1074 1165 1102 honore
1177 1078 1262 1107 esset,
1281 1082 1333 1102 non
1349 1074 1493 1105 intellexit,
1505 1078 1677 1108 comparatus
1694 1078 1736 1101 cst

942 1119 1076 1155 jumentis
1095 1120 1301 1154 insipientibus,
1333 1125 1360 1148 et
1386 1120 1484 1147 similis
1515 1119 1604 1146 factus
1624 1124 1665 1146 est
1700 1121 1735 1145 il-

944 1165 979 1192 lis
994 1165 1027 1192 “.
1047 1174 1056 1190 ι
1076 1180 1111 1184 -
1130 1174 1139 1190 t
1155 1165 1241 1192 Nolite
1258 1166 1313 1193 fieri
1328 1166 1399 1193 sicut
1420 1173 1507 1199 equus
1529 1170 1556 1192 ct
1571 1166 1662 1192 mulus
1675 1165 1706 1192 ”.
1723 1175 1733 1190 ι

945 1224 980 1230 -
995 1220 1004 1236 ι
1024 1209 1091 1245 Equi
1104 1218 1250 1243 amatores,
1264 1217 1290 1238 et
1301 1212 1435 1238 emissarii
1447 1212 1510 1238 facti
1523 1215 1588 1238 sunt
1603 1211 1635 1238 ”.
1650 1221 1659 1236 ι
1676 1212 1708 1238 Et
1724 1220 1731 1238 :

950 1267 958 1283 t
979 1256 1071 1284 Estote
1089 1257 1236 1290 prudentes
1261 1257 1333 1284 sicut
1356 1262 1509 1293 serpentes,
1543 1261 1570 1284 ct
1597 1257 1737 1291 simplices

947 1303 1017 1331 sicut
1034 1304 1168 1330 columba
1189 1304 1221 1331 ".
1246 1313 1255 1329 ι
1284 1303 1349 1336 Quae
1377 1311 1439 1330 cum
1470 1305 1517 1335 ait,
1541 1313 1594 1331 non
1624 1309 1738 1332 naturas

947 1350 1109 1376 commutari
1128 1350 1203 1382 vult,
1222 1349 1269 1377 sed
1297 1351 1439 1378 naturales
1455 1358 1550 1377 eorum
1582 1350 1735 1378 inclinatio-

948 1403 1007 1428 nes,
1029 1400 1058 1422 ut
1075 1396 1255 1426 declinemus.
1274 1396 1408 1424 hortatur.
1423 1396 1491 1423 Cum
1509 1401 1600 1423 autem
1618 1396 1738 1423 salutare

948 1441 1013 1476 quid
1027 1441 1109 1477 394
1121 1441 1228 1474 suadet,
1246 1450 1280 1469 ex
1297 1441 1456 1469 melioribus
1468 1441 1676 1468 similitudinem
1694 1450 1739 1468 ac-

949 1487 1042 1514 cersit.
1061 1487 1105 1514 Sic
1127 1487 1187 1514 ait:
1210 1498 1219 1513 ‹
1237 1487 1330 1515 Estote
1353 1487 1566 1517 misericordes.'
1585 1487 1657 1515 sirut
1686 1487 1740 1514 Pa-

103 1535 200 1572 Πατὴρ
217 1534 294 1570 ὑμῶν
308 1535 322 1561 ὁ
336 1534 474 1570 οὐράνιος.
498 1543 507 1559 ι
524 1533 592 1560 Οὐδὲ
606 1533 723 1560 ἐνταῦθα
737 1533 786 1564 τὰς
801 1532 896 1566 φύσεις

964 1541 992 1560 er
1011 1538 1102 1561 vester
1128 1533 1176 1568 qui
1202 1535 1229 1560 in
1251 1534 1329 1561 caelis
1345 1537 1387 1562 est
1400 1534 1432 1560 ”.
1457 1543 1467 1559 ι
1487 1533 1580 1568 Neque
1598 1533 1643 1560 hic
1659 1539 1739 1560 natu-

105 1581 261 1616 μεταποιεῖ,
291 1580 348 1607 ἀλλ’
379 1580 441 1607 ὅσον
457 1580 475 1616 ὴ
504 1580 581 1616 ἰσχὺς
606 1578 798 1610 ὑποόάλλεται,
818 1578 898 1605 τοῦτο

106 1627 195 1653 ποιεῖν
208 1624 463 1661 παρακελευομένη.

144 1726 154 1742 ι
174 1716 268 1742 Σπῖλοι
285 1715 332 1742 καὶ
348 1714 450 1750 μῶμοι,
468 1713 656 1749 ἐντρυφῶντες
671 1713 699 1740 ὲν
711 1714 772 1744 ταῖς
781 1713 899 1744 ἀπάταις

105 1762 213 1794 αὐτῶν,
237 1760 470 1796 συνευωχούμενοι
497 1761 583 1795 ἡμῖν,
610 1759 766 1794 ὀφθαλμοὺς
792 1758 899 1793 ἔχοντες

108 1808 228 1842 μεστοὺς
256 1806 411 1842 μοιχαλίδος
431 1806 478 1832 καὶ
507 1804 721 1832 ἀκαταπαύστου
750 1804 899 1840 ἁμαρτίας,

105 1854 278 1885 δελεάζοντες
294 1853 383 1887 ψυχὰς
410 1851 603 1886 ἀστηρίκτους,
619 1850 733 1887 καρδίαν
757 1858 899 1885 γεγυμνα-

108 1899 211 1934 σμένην
231 1897 387 1930 πλεονεξίας
415 1898 532 1932 ἔχοντες,
564 1897 687 1931 κατάρας
704 1897 798 1928 τέκνα,
816 1905 901 1922 κατα-

105 1946 231 1977 λιπόντες
240 1945 290 1980 τὴν
306 1944 413 1970 εὐθεῖαν
443 1943 513 1973 ὁδον,
535 1943 739 1978 ἐπλανήθησαν,
757 1942 901 1974 ἐξακολου-

107 1993 241 2026 Θήσαντες
251 1992 284 2025 τῇ
297 1989 350 2024 ὀδῷ
373 1988 418 2015 τοῦ
436 1989 551 2023 Βαὶαὰμ
569 1988 616 2014 τοῦ
637 1988 733 2022 Βοσὸρ,
754 1987 785 2020 ὃς
804 1987 901 2023 μισθὸν

107 2037 216 2068 ἀδικίας
242 2036 397 2071 ⁴Ιγγάειι-ησεν.
414 2033 540 2068 Ἐλεγξιν
568 2033 596 2060 δὲ
622 2033 702 2068 ἔσχεν
723 2033 791 2063 ιδίας
812 2041 902 2067 παρα-

108 2083 221 2118 νομίας·
254 2080 401 2115 ὑποζύγιον
430 2080 548 2114 ἄφωνον,
583 2080 611 2105 ὲν
646 2078 793 2113 ἀνθρώπου
825 2079 901 2113 φωνῇ

109 2128 307 2164 φθεγξάμενον,
325 2127 445 2154 ἐκώλυσε
467 2126 517 2161 τὴν
532 2125 579 2152 cui
595 2125 736 2160 προφήτου
755 2132 903 2159 παραφρο-

109 2175 181 2202 νίαν.
207 2184 216 2200 ι
233 2174 270 2200 Τὸ
281 2173 344 2208 ἑξῆς
369 2172 473 2204 οὕτως·
493 2181 501 2197 ι
523 2171 616 2198 Σπῖλοι
633 2171 680 2196 καὶ
705 2170 798 2205 μῶμοι
812 2178 819 2185 ο
836 2178 903 2205 καρ-

109 2222 169 2249 δίαν
177 2219 409 2255 γεγυμνασμένην
424 2218 531 2253 ἔχοντες
544 2216 701 2249 πλεονεξίας
716 2226 725 2243 ι
742 2216 826 2251 (τοῦτ’
842 2216 901 2242 ἐστι

110 2267 155 2295 διὰ
169 2265 326 2298 πλεονεξίας
341 2265 596 2300 γεγυμνασμένην),
624 2273 633 2290 ι
654 2263 777 2299 κατάρας
805 2264 901 2295 τέκνα,

112 2312 348 2348 συνευωχούμενοι
369 2313 452 2347 ἡμῖν·
473 2311 630 2345 ὀφθαλμοὺς
659 2310 766 2344 ἔχοντες
788 2310 902 2345 πλήρεις

114 2359 270 2396 μοιχαλίδος
287 2358 334 2385 καὶ
352 2356 566 2386 ἀκαταπαύστου
586 2355 733 2392 ἁμαρτίας,
748 2356 902 2388 δελεάζουσι

111 2407 200 2442 ψυχὰς
213 2404 410 2440 ἀστηρίκτους·
424 2412 432 2428 ι
450 2402 482 2434 ἃς
500 2403 548 2429 καὶ
565 2401 669 2432 Παῦλος
685 2401 796 2427 ἐκάλεσε
813 2409 906 2435 γυναι-

113 2453 197 2487 κάρια
220 2449 413 2485 σεσωρευμένα
437 2447 586 2483 ἁμαρτίαις
605 2455 612 2461 ·
631 2447 657 2473 ot
682 2446 704 2473 δ’
733 2447 810 2473 αὐτοὶ
833 2445 906 2474 οὗτοι

117 2507 127 2524 ι
142 2496 340 2527 καταλιπόντες
370 2494 478 2521 εὐθεῖαν
500 2494 570 2525 ὁδὸν,
599 2492 785 2528 ἐπορεύθησαν
801 2494 833 2528 τῇ
853 2493 906 2527 ὁδῷ

111 2543 160 2571 τοῦ
174 2543 291 2576 Βαλαὰμ
307 2540 353 2568 τοῦ
373 2540 472 2574 Βοσὸρ,
491 2549 499 2566 ι
518 2540 564 2566 καὶ
577 2538 651 2573 ἑξῆς.
668 2539 700 2564 Al.
713 2537 801 2572 φωναὶ
815 2538 904 2564 αὐτῶν

116 2600 126 2617 ι
147 2590 201 2616 εἰσὶ
221 2588 308 2623 πηγαὶ
333 2587 454 2622 ἄνυδροι,
465 2585 577 2619 νεφέλαι
594 2584 646 2611 ὑπὸ
658 2583 788 2615 λαίλαπος
804 2584 903 2618 ἀφανι-

113 2636 237 2671 ζόμεναι,
251 2644 260 2660 ι
290 2634 338 2660 καὶ
360 2633 434 2667 ἑξῆς.
465 2631 603 2663 Καὶτίνος
621 2631 702 2666 χάριν
730 2639 739 2655 ι
754 2630 767 2656 ό
792 2630 873 2664 ζόφος
893 2639 902 2655 ι

114 2681 206 2712 αὒτοίς
228 2689 236 2705 ι
253 2679 398 2706 ἀπόκειται
418 2687 427 2703 ι
448 2678 500 2708 είς.
515 2677 560 2702 τον
584 2675 716 2710 μέλλοντα
731 2674 839 2708 αἰῶνα;
856 2674 906 2701 Διά

114 2726 163 2762 τὴν
175 2725 328 2760 ὑπέρογκον
349 2723 440 2750 αὐτῶν
455 2721 636 2756 ματαιότητα,
651 2721 685 2747 δι’
698 2718 732 2756 ἧς
748 2720 905 2752 δελεάζουσι

115 2774 177 2803 τοὺς
191 2772 256 2807 πρὶν
270 2771 299 2797 ὲν
313 2769 402 2806 πλάνῃ
423 2768 658 2804 ἀναστραφέντας,
683 2767 730 2794 καὶ
743 2767 829 2798 ὅντως
840 2766 906 2793 ταύ-

151 2865 255 2892 "1'sal.
267 2871 364 2896 sum,
381 2862 421 2889 13.
455 2860 474 2877 υ
495 2857 567 2887 Psal.
581 2859 696 2893 “11,9.
725 2859 745 2875 ¹⁹
759 2858 858 2886 Jercm.
871 2865 898 2890 v,
911 2857 938 2884 8.
975 2857 995 2873 ’θ
1008 2856 1102 2884 Matth.
1117 2864 1142 2890 χ,
1156 2856 1198 2884 16.
1237 2855 1258 2872 ”
1273 2854 1339 2884 Luc.
1353 2863 1392 2888 vt,
1406 2854 1450 2882 ὅθ.

949 1586 995 1606 ras
1021 1580 1231 1608 commutandas
1257 1583 1362 1613 censet,
1396 1579 1444 1607 sed
1477 1579 1612 1610 hortatur,
1643 1583 1672 1605 ut
1704 1579 1738 1606 ad

950 1624 988 1657 id,
1019 1628 1151 1660 quantum
1181 1625 1256 1653 vires
1286 1623 1471 1653 nostrteierre
1499 1629 1627 1659 possunt,
1653 1626 1740 1652 enita-

951 1678 1025 1698 mur.

988 1715 1069 1743 Vens.
1088 1716 1182 1744 13-16.
1203 1726 1212 1742 ι
1231 1716 1475 1752 Coinquinationes
1491 1722 1519 1744 et
1532 1715 1644 1743 macula:
1670 1715 1739 1743 deli-

951 1763 1002 1790 ciis
1013 1763 1203 1795 aliluentes,in
1223 1763 1357 1791 conviviis
1381 1763 1440 1791 suis
1466 1762 1636 1790 luxuriantes
1650 1762 1741 1789 vobis-

952 1817 1026 1837 cmn.
1042 1809 1145 1836 Oculos
1166 1810 1298 1837 habentes
1315 1810 1412 1845 plenus
1426 1809 1563 1839 adulterii.
1577 1813 1604 1836 et
1623 1809 1742 1836 incessa-

955 1855 1017 1882 hilis
1049 1855 1153 1882 delicti.
1182 1855 1357 1882 Pellicicntcs
1378 1855 1485 1882 animas
1518 1854 1672 1887 instabiles,
1693 1861 1742 1882 cor

952 1901 1131 1927 exercitatum
1150 1901 1265 1927 avaritia
1282 1901 1426 1934 hahenles,
1456 1901 1656 1929 maledictiouis
1682 1900 1739 1928 lilii.

954 1947 1180 1982 Derelinquentes
1221 1952 1321 1973 rectam
1345 1947 1428 1979 viam,
1462 1950 1626 1974 erraverunt
1653 1945 1742 1973 secuti

952 1993 1023 2020 viam
1041 1992 1149 2019 Balaam
1166 2000 1200 2019 ex
1220 1992 1317 2023 Bosor,
1334 1992 1380 2027 qui
1407 1992 1561 2019 mercedem
1587 1991 1742 2026 iniquitatis

953 2038 1064 2065 amavit.
1081 2038 1288 2072 Curreptionem
1308 2045 1374 2065 vero
1403 2037 1498 2064 habuit
1519 2045 1576 2065 suae
1597 2037 1717 2064 vesania:
1734 2045 1742 2065 :

954 2083 1098 2118 subjugale
1116 2087 1225 2110 mutum
1250 2082 1363 2114 animal,
1382 2083 1499 2110 hominis
1520 2089 1587 2109 voce
1617 2082 1742 2116 loquens,

955 2129 1094 2165 prohibuit
1107 2129 1247 2164 prophetae
1265 2128 1460 2163 insipientiam.
1487 2137 1495 2154 ι
1511 2127 1585 2155 Ordo
1599 2127 1743 2155 verborum

954 2180 1018 2202 est:
1038 2185 1047 2200 ι
1067 2174 1312 2209 Coinquinationes
1332 2178 1358 2201 et
1384 2174 1496 2201 maculaa
1511 2182 1518 2201 :
1535 2181 1584 2200 cor
1609 2173 1744 2201 exercita-

957 2228 1012 2249 tum
1030 2221 1132 2248 malitia
1146 2221 1288 2252 habentes,
1304 2218 1508 2246 tnaledictionis
1525 2219 1583 2251 ﬁlii,
1596 2218 1745 2246 convivan-

957 2272 1007 2299 tes,
1020 2267 1047 2293 in
1061 2267 1119 2294 suis
1139 2266 1272 2293 conviviis
1299 2265 1480 2297 luxuriantes,
1499 2265 1594 2292 oculos
1613 2264 1744 2291 habentes

956 2313 1052 2346 plenos
1068 2311 1209 2344 adulterii,
1225 2315 1252 2339 et
1279 2311 1386 2338 incessa
1394 2311 1455 2338 bilis
1473 2318 1521 2337 seu
1539 2310 1662 2344 perpetui
1676 2308 1745 2336 deli-

956 2359 1004 2388 eti,
1021 2357 1164 2392 pelliciunt
1179 2357 1285 2385 animas
1303 2356 1445 2384 instabiles
1464 2365 1473 2381 ι
1493 2355 1574 2390 (quas
1591 2359 1618 2381 et
1642 2354 1743 2381 Paulus

960 2402 1135 2430 mulierculas
1151 2403 1270 2437 peccatis
1285 2406 1412 2429 oneratas
1431 2406 1509 2428 vocat
1525 2400 1557 2435 ’⁸)
1573 2409 1582 2425 ‹
1598 2405 1623 2426 et
1643 2400 1669 2427 hi
1687 2399 1744 2434 qui-

957 2449 1031 2480 dem,
1049 2448 1145 2475 relicta
1161 2449 1204 2474 via
1223 2454 1307 2478 recta.
1326 2448 1455 2474 abierunt
1485 2447 1527 2473 via
1557 2445 1666 2472 Balaam
1695 2445 1742 2471 [illi

958 2494 1052 2526 Busar,
1074 2503 1083 2519 ι
1096 2497 1149 2520 etc.
1163 2492 1251 2519 Voces
1264 2500 1358 2520 eorum
1377 2502 1386 2517 ι
1405 2496 1470 2519 sunt
1488 2491 1576 2518 l'untes
1590 2491 1648 2518 sine
1661 2497 1742 2524 aqua.

956 2544 983 2566 et
1002 2539 1106 2566 nebulae
1126 2538 1283 2566 turbinibus
1310 2538 1427 2573 agitatae,
1449 2547 1457 2562 ι
1480 2545 1527 2564 seu
1542 2535 1672 2570 disiecta.
1690 2534 1742 2562 Sed

956 2591 1037 2618 quam
1055 2583 1089 2610 oh
1099 2590 1211 2610 causam
1229 2591 1238 2608 ι
1257 2582 1344 2617 caligo
1360 2582 1534 2609 tenebrarum
1556 2590 1566 2606 ι
1584 2580 1637 2607 illis
1653 2580 1680 2606 in
1701 2579 1745 2605 [ιι-

955 2633 1047 2656 turqu
1062 2629 1190 2656 saeculum
1207 2637 1216 2653 t
1236 2627 1413 2655 reservatur?
1427 2637 1436 2652 ι
1457 2626 1568 2654 Scilicet
1576 2625 1744 2653 obtumidis-

957 2676 1054 2703 simam
1080 2682 1173 2702 eorum
1197 2674 1367 2700 vanitatem:
1388 2680 1442 2708 qua
1458 2680 1516 2702 eos,
1540 2671 1585 2706 qui
1611 2677 1742 2700 errorem.

959 2723 984 2749 in
1002 2729 1056 2756 quo
1073 2725 1153 2748 antea
1175 2720 1276 2747 versati
1303 2722 1379 2750 sunt,
1400 2717 1563 2752 elingui-ant.
1591 2715 1742 2751 pelliciunt.

959 2774 990 2793 ac
1007 2767 1129 2794 incscant
1141 2764 1318 2801 impudicitiis
1331 2771 1361 2791 ac
1376 2763 1519 2791 desideriis
1534 2761 1699 2792 carnalibus,
1714 2765 1744 2786 ut

1502 2854 1523 2870 ¹³
1541 2853 1560 2880 ll
1573 2851 1643 2880 Tim.
1657 2859 1699 2884 ιιι,
1715 2850 1742 2877 6.
