4006 6214
346 294 407 357 1'1
1113 293 1515 352 EXPOS.TIO
1556 293 1637 353 IN
1673 292 1908 355 EPIST.

2025 291 2112 351 AD
2149 288 2464 351 ΤΙΜΟΤΠ.
2510 317 2576 325 -
2613 290 2770 352 CAP.
2806 291 2854 352 Ϊ.
3528 300 3593 366 Η

337 413 504 478 λέγει.
557 407 654 461 καὶ
701 404 836 459 διότι
865 403 1133 474 Τιμόθεος
1184 404 1284 476 τὴν
1330 405 1465 475 πρὸς
1511 404 1675 457 αὐτὸν
1716 402 1915 464 ἔσωζεν

2025 416 2150 454 num
2217 409 2398 454 autem
2439 401 2559 456 ideo
2588 401 2744 466 dicit,
2795 401 2938 470 quod
2978 401 3298 464 Timotheus
3349 425 3459 480 pra:
3489 429 3595 468 caeo

337 502 632 572 ὁμοιότητα
672 498 813 569 ὑπὲρ
847 497 973 559 τοὺς
1000 495 1242 559 λοιποὺς,
1283 495 1377 550 καὶ
1405 497 1488 549 ὅτι
1509 495 1670 558 αὐτὸς
1703 495 1730 546 ὁ
1766 493 1913 546 Παῦ-

337 595 424 656 λος
453 592 618 645 αὑτὸν
674 590 912 660 γνησίως
958 589 1168 657 ἠγάπα.
1214 588 1507 658 Σοφιὶηατα
1535 587 1592 640 δὲ
1633 587 1796 657 ἔθηκε
1831 585 1912 650 τὸ,

336 689 406 740 ὲν
431 688 656 747 πίστει,
691 684 779 735 ἵνα
809 683 903 734 ἐπὶ
936 679 1098 733 πλέον
1132 680 1325 752 ἀλείφῃ
1360 680 1448 732 τὸν
1479 680 1743 750 Τιμόθεον
1781 680 1917 751 πρὸς

339 782 536 848 ταέτην
566 780 635 831 ’⁸.
683 779 744 830 Et
777 777 888 846 γὰρ
928 778 985 827 ἐν
1019 777 1159 844 ἀρχῇ
1193 775 1460 845 τοσαύτην
1491 775 1791 841 ἐνεδείξατο
1825 776 1885 828 πί
1898 806 1914 815 -

341 888 471 932 στιν,
507 869 655 922 ὥστε
689 867 779 919 διὰ
805 865 1008 933 ταύτης
1040 868 1135 917 καὶ
1177 863 1390 918 Παύλου
1422 865 1538 926 υίὸς
1579 865 1916 935 χρηματίσαι

314 963 428 1032 ,καὶ
455 966 706 1031 γνήσιος,
733 956 914 1028 πολλῷ
947 955 1148 1024 μᾶλλον
1179 955 1272 1008 νῦν
1311 955 1482 1028 ταύτῃ
1521 957 1790 1010 ὡπλίσθαι
1815 959 1916 1020 δεῖ,

313 1037 428 1104 ’καὶ
466 1053 544 1122 μὴ
578 1049 968 1112 καταπίπτειν,
1014 1047 1144 1116 μηδὲ
1177 1047 1545 1116 θορυϐεῖσθαι.
1597 1050 1766 1104 Τοῦτο
1811 1050 1919 1119 γὰρ

339 1144 595 1207 πίστεως,
631 1143 692 1193 τὸ
725 1139 953 1212 θαρρεῖν
983 1139 1112 1210 περὶ
1139 1140 1245 1192 τῶν
1277 1140 1600 1208 μελλόντων.

405 1327 612 1394 Χάρις,
649 1325 839 1390 ἔλεος,
872 1323 1104 1392 εἰρήνη.
1134 1324 1386 1395 Οὐδαμοῦ
1418 1327 1523 1380 τῶν
1558 1328 1730 1382 ἄλλων
1769 1331 1921 1384 Ἐπι-

342 1420 544 1474 στολὼν
594 1418 758 1486 ἔθηκε
808 1421 898 1470 τὸν
937 1419 1106 1483 ἔλεον,
1154 1418 1268 1472 ἀλλ’
1308 1419 1538 1474 ἐνταῦθα
1585 1422 1766 1491 μόνον,
1809 1423 1917 1476 ἀπὸ

343 1511 542 1580 πολλῆς
579 1509 960 1577 φιλοστοργὶας
994 1508 1214 1562 πλείονα
1247 1510 1610 1581 ἐπευχόμενος
1641 1513 1717 1583 τῷ
1747 1514 1916 1579 παιδὶ,

340 1602 432 1654 ἇτε
457 1600 718 1662 δεδοικὼς
747 1601 888 1670 ὑπὲρ
919 1600 1082 1652 αὐτοῦ
1119 1602 1213 1653 καὶ
1250 1601 1489 1670 τρέμων,
1531 1596 1639 1671 ᾧγε
1670 1604 1763 1656 καὶ
1793 1607 1919 1676 περὶ

339 1695 430 1747 τοῦ
484 1695 760 1764 στομάχου
807 1694 1122 1755 ἐπέταττεν,
1161 1693 1277 1764 ἅμα
1320 1694 1378 1747 δὲ
1425 1696 1516 1748 καὶ
1553 1695 1636 1748 ὅτι
1678 1697 1918 1761 πλείονος

339 1789 388 1840 οί
415 1786 730 1840 διδάσκαλοι
760 1785 969 1840 δέονται
998 1785 1091 1838 τοῦ
1126 1787 1331 1850 ἐλέους.

422 1877 567 1932 Ἀπὸ
605 1876 756 1930 Θεοῦ
795 1877 1028 1944 Πατρύς
1066 1875 1254 1944 ἡμῶν,
1293 1876 1388 1931 καὶ
1436 1879 1654 1945 Κιιρίου
1713 1878 1916 1945 Ἰησοῦ

340 1968 598 2036 Χριστοῦ
643 1967 752 2021 τοῦ
789 1968 1013 2035 Κυρίου
1033 1968 1080 2000 ¹²
1118 1967 1305 2036 ἡμῶν.
1340 1968 1510 2022 Πάλιν
1543 1968 1779 2023 ἐνταῦθα
1812 1988 1915 2022 πα·

343 2060 604 2129 ραμυθία.
639 2059 700 2112 Ei
734 2059 845 2129 γὰρ
886 2059 1076 2129 Πατὴρ
1122 2060 1278 2128 ἡμῶν
1331 2061 1359 2112 ὁ
1405 2059 1558 2126 Θεὸς,
1605 2060 1683 2117 ὡς
1709 2061 1916 2114 τέκνων

343 2149 604 2218 κήδεται·
640 2149 832 2202 οὒκοῦν
871 2151 963 2203 καὶ
997 2151 1233 2221 ἐλεήσει,
1271 2151 1364 2204 καὶ
1399 2152 1562 2220 χάριν
1586 2150 1915 2216 δὼσει,ὧστε

343 2243 510 2294 πᾶσιν
543 2243 686 2310 ἡμᾶς
712 2241 1144 2312 κεχαρισμένους
1187 2237 1347 2303 εἶναι,
1385 2243 1480 2295 καὶ⁵
1508 2242 1732 2313 εἰρήνην
1762 2243 1916 2311 ἄγειν

339 2332 447 2386 ἀπὸ
472 2332 580 2385 τῶν
601 2333 837 2403 ἐχθρῶν.

407 2424 620 2487 Καθὼς
647 2420 1026 2490 παρεκάλεσὰ
1064 2437 1138 2476 σε
1181 2420 1533 2489 προσμεῖναι
1554 2421 1624 2474 ἐν
1659 2422 1912 2492 Ἐφέσ‹ι›,

337 2515 751 2582 πορευόμενος
787 2516 872 2578 εἰς
910 2511 1308 2566 Μακεδονίαν.
1355 2512 1500 2584 Ὅρα
1545 2513 1607 2566 τὸ
1652 2515 1915 2581 ἐπιεικὲς,

337 2607 459 2670 πῶς
489 2607 552 2658 οὐ
582 2605 922 2668 διδασκάλου,
955 2604 1070 2657 ἀλλ’
1096 2605 1276 2658 ἱκέτου
1306 2605 1572 2676 κέχρηται
1618 2608 1793 2676 φωνῇ.
1840 2608 1914 2660 Οὐ

338 2694 447 2764 γὰρ
477 2689 651 2756 εἶπεν,
697 2693 984 2759 Ἐπὲταξα,
1011 2692 1168 2757 ἀλλὰ,
1202 2696 1612 2761 Παρεκάλεσα.
1647 2696 1787 2766 Πρὸς
1808 2695 1916 2766 γὰρ

337 2787 466 2847 τοὺς
490 2785 797 2855 ἡμετέρους
829 2784 1078 2856 μαθητὰς
1105 2783 1250 2838 οὕτω
1272 2785 1578 2840 διακεῖσθαι
1608 2789 1713 2859 χρὴ
1737 2804 1751 2817 ·
1781 2789 1916 2859 πρὸς

342 2877 402 2930 δὲ
431 2879 557 2940 τοὺς
587 2879 1010 2948 διεφθαρμένους
1056 2879 1150 2933 καὶ
1195 2879 1324 2941 τοὺς
1359 2879 1432 2948 μὴ
1469 2880 1744 2950 γνησίους,
1801 2880 1918 2933 ἐτέ-

345 2985 475 3038 ρως.
512 2969 826 3037 Παρακαλεῖ
867 2970 924 3022 δὲ
967 2968 1159 3023 τοῦτον
1203 2971 1530 3039 προσμεῖναι
1581 2971 1637 3022 ἐν
1683 2969 1914 3039 Ἐφέσῳ.

339 3059 418 3113 Οὐ
465 3060 578 3128 γὰρ
627 3059 787 3128 ἤρκει
833 3059 866 3128 ἡ
927 3058 1220 3129 ἐπιστολὴ,
1263 3059 1330 3128 ἢν
1379 3057 1690 3111 ἐπέστειλεν
1735 3058 1916 3121 αὐτοῖς

2017 491 2150 545 teris
2183 491 2284 561 ipsi
2336 491 2652 546 simillimus
2703 503 2856 551 erat:
2890 503 2946 547 et
3001 496 3128 564 quia
3162 497 3338 564 ipsum
3390 501 3593 560 Paulus

2017 583 2253 653 genuina
2309 583 2586 638 charitate
2639 587 3093 654 prosequebatur.
3175 590 3592 661 Sapientissime

2016 685 2198 730 autem
2256 677 2457 744 posuit,
2500 675 2555 729 in
2587 676 2710 744 ﬁde,
2739 692 2847 745 quo
2895 681 3063 748 magis
3120 679 3467 739 Timotheum
3525 689 3593 746 ad

2019 766 2160 820 hanc
2196 766 2405 820 incitet.
2445 767 2504 820 Si
2537 769 2679 820 enim
2715 768 2767 820 in
2794 769 3063 838 principio
3087 782 3288 828 tantam
3310 778 3592 832 exhibuis-

2019 867 2101 916 ενι
2135 859 2314 924 tidem,
2348 866 2406 912 ut
2440 869 2661 929 propter
2689 862 2827 916 hanc
2854 871 2907 916 et
2943 862 3094 918 Pauli
3128 865 3274 920 filius
3304 868 3580 925 diceretur

2017 960 2065 1001 cl
2093 963 2383 1019 germanus
2425 965 2438 1002 :
2468 953 2637 1003 multo
2681 952 2854 1021 magis
2896 968 3043 1006 nunc
3078 969 3138 1008 ea
3175 968 3445 1012 armatum
3472 976 3594 1017 esse

2019 1049 2254 1111 oportet,
2287 1050 2341 1096 et
2371 1057 2478 1096 non
2509 1043 2750 1096 animum
2775 1045 3134 1115 despondere,
3175 1054 3593 1118 ncqueturhari.

2023 1132 2134 1186 lloc
2160 1133 2302 1188 enim
2340 1133 2458 1188 fidei
2487 1150 2684 1190 munus
2716 1149 2818 1200 est,
2864 1153 3056 1208 nempe
3103 1138 3169 1193 de
3190 1139 3389 1198 futuris
3428 1145 3598 1200 conli-

2023 1221 2171 1274 dere.

2093 1311 2301 1377 Gratia,
2342 1313 2722 1380 misericordia,
2753 1330 2878 1382 pax.
2913 1316 3190 1387 Nusquam
3219 1321 3270 1375 in
3303 1323 3424 1379 aliis
3472 1325 3598 1396 Epic

2021 1401 2179 1456 stolis
2226 1404 2408 1471 posuit
2454 1405 2898 1472 misericordiam,
2956 1411 3049 1463 sed
3118 1412 3206 1466 hic
3250 1423 3479 1484 tantum,
3528 1434 3596 1475 ex

2022 1507 2220 1562 magno
2275 1503 2504 1562 paterno
2558 1497 2752 1551 at‘l‘cctu
2839 1501 3046 1570 majora
3119 1505 3227 1558 lilio
3267 1519 3590 1578 excptans;

2022 1592 2211 1653 utpote
2237 1594 2482 1639 metuens
2517 1587 2588 1649 ei,
2615 1588 2847 1660 ejusque
2888 1594 3106 1649 nomine
3147 1607 3403 1664 tremens,
3437 1603 3598 1657 cuiet

2021 1679 2090 1733 de
2119 1679 2398 1734 stomacho
2438 1682 2785 1750 praecipiebat
2823 1702 2836 1739 :
2876 1693 3040 1756 atque
3066 1689 3230 1744 etiam
3282 1694 3426 1761 quod
3458 1711 3596 1762 pre.-

1950 1793 1990 1845 Β
2019 1777 2271 1839 ceptores
2303 1772 2509 1839 majore
2545 1773 2918 1832 misericordia
2943 1793 3084 1849 opus
3127 1781 3383 1840 habeant.

2091 1861 2128 1913 Α
2168 1860 2273 1915 Deo
2303 1862 2466 1916 Patre
2489 1874 2689 1930 nostro,
2721 1878 2770 1920 et
2801 1867 3024 1924 Domino
3053 1870 3182 1926 Jesu
3237 1875 3449 1931 Christo
3483 1878 3590 1932 Do-

2019 1951 2160 2004 mino
2186 1961 2389 2008 nostra.
2417 1954 2630 2010 Rursus
2679 1957 2767 2012 hic
2819 1969 2902 2014 est
2941 1965 3266 2020 consolatio.
3333 1967 3388 2022 Si
3438 1972 3583 2025 enim

2021 2042 2163 2099 Deus
2203 2045 2276 2099 sit
2313 2044 2471 2102 Pater
2493 2057 2705 2114 noster,
2733 2051 2899 2106 veluti
2932 2053 3237 2110 liberorum
3275 2062 3453 2115 nostri
3498 2079 3593 2116 cu-

2020 2147 2134 2186 ram
2159 2135 2298 2203 gerit
2326 2153 2341 2190 :
2373 2137 2555 2208 itaque
2569 2148 2621 2193 et
2647 2142 2995 2197 miserebitur
3029 2149 3228 2210 nostri,
3251 2152 3595 2221 gratiamque

2016 2219 2184 2285 dabit,
2217 2232 2275 2278 ut
2301 2228 2554 2284 omnibus
2591 2246 2694 2285 nos
2734 2235 2877 2302 grati
2910 2235 3108 2301 simus,
3163 2254 3229 2294 ac
3258 2219 3446 2310 pacem
3496 2219 3595 2296 ha—

2018 2313 2241 2369 beamus
2284 2329 2408 2370 cum
2442 2317 2710 2374 hostibus.

2090 2403 2255 2462 Vens.
2280 2406 2334 2461 ὅ.
2371 2407 2522 2462 Sicut
2591 2413 2773 2479 rogavi
2810 2421 2878 2480 te,
2941 2423 3318 2473 utremaneres
3359 2420 3589 2490 Ephesi,

2017 2512 2136 2550 cum
2180 2498 2310 2550 irem
2358 2499 2413 2550 in
2465 2497 2857 2558 Macedoniam.
2921 2504 3055 2560 Vide
3121 2513 3590 2569 mansuetudinem

2017 2587 2158 2656 ejus,
2202 2588 2663 2657 quemadmodum
2701 2607 2810 2646 non
2859 2592 3128 2661 doctoris,
3182 2599 3275 2653 sed
3317 2604 3593 2672 supplicis

2017 2692 2149 2732 voce
2179 2693 2311 2734 usus
2357 2679 2449 2734 sit.
2509 2678 2627 2735 Non
2685 2683 2835 2736 enim
2881 2683 3062 2749 dixit,
3111 2685 3358 2743 Mandavi
3398 2709 3412 2758 ;
3472 2694 3590 2759 sed,

2019 2765 2243 2837 Rogavi.
2309 2768 2449 2840 Erga
2511 2779 2732 2826 nostros
2799 2773 2943 2826 enim
3021 2775 3317 2846 discipulos
3382 2797 3447 2837 eo
3493 2800 3591 2842 nos

2019 2855 2220 2910 aﬂ'ectu
2249 2857 2490 2913 imbutos
2523 2874 2648 2915 esse
2672 2870 2892 2928 oportet
2929 2879 2941 2915 :
3000 2865 3065 2918 ad
3103 2869 3344 2934 perditos
3406 2883 3588 2929 autem

2018 2956 2072 3000 et
2102 2962 2209 3000 non
2254 2949 2546 3016 genuinos,
2578 2965 2756 3006 secus.
2813 2951 2989 3023 Rogat
3015 2965 3194 3012 autem
3245 2960 3390 3016 hunc
3419 2973 3477 3018 ut
3506 2981 3592 3020 re-

2018 3045 2264 3093 maneret
2287 3037 2508 3108 Ephesi.
2525 3039 2640 3094 Non
2667 3043 2813 3097 enim
2842 3044 3141 3102 suiliciebat
3163 3048 3403 3118 Epistola
3426 3069 3588 3122 quam

345 3124 574 3210 Παῦλος.
796 3124 866 3200 τά
889 3124 1198 3218 γράμματα
1235 3124 1345 3216 γὰρ
1372 3144 1915 3218 καταφρονητικιὶηευ

2025 3127 2154 3197 ipsis
2172 3131 2467 3200 scripserat
2515 3131 2715 3187 Paulus
2749 3151 2763 3186 :
2793 3133 2987 3190 litteris
3038 3138 3181 3194 enim
3217 3140 3397 3197 minus
3440 3160 3588 3203 cura;

343 3256 435 3310 ρον
465 3240 680 3308 ἔχουσιν
701 3239 752 3292 οἱ
786 3238 1082 3308 ἄνθρωποι.
1118 3239 1277 3300 Ἴσως
1319 3238 1376 3291 δὲ
1404 3239 1498 3290 καὶ
1533 3238 1640 3308 πρὸ
1667 3237 1766 3307 τῆς
1796 3239 1916 3290 ἐπι-

342 3331 532 3400 στολῆς
559 3329 720 3384 τοῦτο
757 3325 846 3400 ἦν.
881 3333 1134 3399 Ζητείται
1174 3329 1252 3394 δὲ,
1281 3331 1331 3386 εί
1379 3329 1474 3383 νῦν
1498 3331 1772 3403 ἐνίδρυσεν
1802 3330 1919 3382 ἐκεῖ

339 3421 431 3475 τὸν
458 3422 724 3493 Τιμόθεον
743 3439 758 3452 ·
811 3423 907 3475 καὶ
935 3422 1079 3475 ἔοικε
1115 3419 1294 3476 τοῦτο.
1334 3421 1472 3490 Φησὶ
1504 3420 1611 3489 γὰρ
1638 3419 1768 3491 ἑξῆς
1793 3434 1808 3450 ⁸

340 3719 348 3734 .
411 3671 553 3730 Ἵνα
593 3672 1002 3742 παραγγείλῃς
1037 3671 1170 3726 τισι
1201 3671 1288 3742 μὴ
1336 3669 1912 3740 ἑτεροδιδασκαλεῖν.

345 3763 456 3816 οὐκ
481 3758 656 3828 εἶπεν,
684 3762 804 3815 Ἵνα
836 3762 1250 3834 παρακαλέσῃς,
1274 3762 1412 3825 ἀλλ’,
1445 3763 1568 3816 Ἵνα
1601 3761 1916 3832 παραγγείο

339 3856 474 3922 λης,
498 3855 638 3924 ὅπερ
677 3853 1081 3925 αὑστηρότερόν
1103 3854 1270 3905 ἐστιν.
1309 3853 1424 3906 Οὐκ
1452 3848 1571 3905 εἷπε
1598 3851 1657 3906 δὲ
1692 3851 1918 3912 τούτους

341 3945 622 4014 ὀνομαστὶ,
657 3945 745 3998 ἵνα
785 3944 862 4014 μὴ
910 3945 1432 4016 ἁναισχυντοτέρους
1462 3944 1763 4013 ἐργάσηται
1804 3944 1916 4005 τοῖς

339 4032 607 4102 ἐλέγχοις.
649 4031 1177 4103 Ἐτεροδιδασκαλεῖν
1225 4032 1305 4097 δὲ,
1352 4033 1412 4087 τὸ
1441 4033 1634 4100 ἑτέρας
1664 4031 1918 4085 διδασκα-

339 4121 456 4185 λίας
505 4125 882 4194 παρεισάγειν.
920 4119 1108 4179 ,Ἦσαν
1155 4124 1264 4194 γὰρ
1305 4124 1491 4178 πολλοὶ
1529 4124 1587 4190 ἐξ
1646 4123 1916 4178 Ἰουδαίων

255 4263 259 4268 ,
332 4211 784 4282 ψευδαπόστολοι,
815 4215 909 4266 ἐπὶ
935 4213 1026 4266 τὸν
1052 4215 1216 4286 νόμον
1244 4215 1513 4282 ἕλκοντες,
1543 4215 1708 4285 ἔρωτι
1731 4214 1913 4284 δόξης,

337 4305 436 4356 καὶ
473 4302 554 4372 τῷ
583 4302 754 4358 θέλειν
780 4304 1065 4362 καλεῖσθαι
1094 4306 1429 4363 διδάσκαλοι.

407 4391 582 4460 Μηδὲ
620 4395 943 4464 προσέχειν
965 4397 1197 4465 μύθοις.
1230 4395 1458 4462 Μύθοις,
1509 4397 1570 4450 οὐ
1617 4397 1707 4450 τὸν
1749 4397 1914 4468 νόμον

2019 3219 2279 3275 adhibere
2317 3221 2786 3280 solentbomines.
2820 3224 3074 3285 Fortasse
3139 3239 3320 3288 autem
3375 3246 3429 3291 et
3486 3238 3592 3294 hoc.

2018 3309 2247 3379 contigit
2271 3311 2592 3382 priusquam
2628 3314 2709 3368 eis
2740 3314 3038 3385 Epistolam
3069 3321 3356 3378 scriberet.
3382 3325 3592 3392 Quaeri-

2019 3407 2109 3454 tur
2148 3409 2350 3456 -autem
2401 3417 2471 3456 an
2518 3419 2664 3458 nunc
2708 3403 3054 3462 Timotheum
3108 3410 3219 3467 illic
3277 3415 3591 3488 episcopum

2017 3492 2401 3548 constituerat.
2421 3493 2576 3559 Quod
2601 3496 3132 3565 quidemverisimile
3153 3511 3256 3558 est.
3280 3503 3414 3559 Nam
3429 3507 3590 3563 dein.

2018 3597 2148 3652 ceps
2180 3582 2314 3638 dicit
2335 3598 2351 3637 :

2095 3671 2163 3726 Ut
2182 3674 2519 3730 denuntiare:
2557 3678 2873 3747 quibusdam
2907 3698 2968 3736 ne
2994 3683 3426 3747 aliterdocerent.
3466 3693 3608 3751 Non~

2018 3763 2174 3831 dixit,
2202 3765 2268 3824 Ut
2287 3783 2528 3838 rogares,
2550 3769 2666 3836 sed,
2693 3772 3126 3842 utdenuntiares,
3151 3783 3293 3848 quod
3315 3775 3590 3844 austerius

2017 3865 2125 3911 est.
2147 3855 2264 3912 Non
2293 3861 2566 3943 expressit
2593 3870 2774 3917 autem
2807 3864 2906 3920 hos
2943 3869 3296 3938 nominatim,
3319 3890 3384 3930 ne
3405 3893 3592 3948 repre-

2010 3947 2284 4003 thensione
2306 3950 2739 4020 impudentiores
2760 3954 2943 4009 faciat.
2965 3957 3138 4013 Aliter
3162 3974 3341 4018 autem
3369 3969 3592 4035 docere,

2017 4046 2103 4094 est
2134 4039 2240 4093 alia
2308 4051 2579 4111 praecepta
2628 4043 3102 4102 subintroducere.
3165 4049 3408 4108 Fuerunt
3443 4058 3593 4113 enim

2018 4129 2174 4184 multi
2237 4145 2303 4184 ex
2352 4129 2557 4187 Iudaeis
2623 4134 3057 4205 pseudapostoli,
3100 4140 3204 4211 legi
3265 4144 3594 4205 inclinantes

2017 4234 2129 4288 prae
2150 4221 2339 4290 gloriae
2373 4224 2696 4294 cupiditate,
2738 4235 2792 4280 et
2852 4228 2997 4296 quod
3053 4243 3318 4302 cuperent
3367 4239 3597 4299 salutari

2018 4307 2270 4366 doctores
2293 4327 2356 4366 ac
2389 4325 2771 4383 praeceptores.

2092 4399 2256 4456 Vsus.
2308 4405 2361 4457 4.
2453 4404 2639 4476 Neque
2699 4409 3025 4466 intenderent
3092 4414 3308 4484 fabulis.
3361 4418 3594 4478 Fabulas

337 4487 529 4557 φησιν,
578 4459 715 4539 ἀλλὰ
737 4459 846 4551 τάξ
884 4459 1316 4560 παρατηρήσεις,
1354 4459 1450 4542 καί
1489 4489 1557 4543 τὰ
1595 4459 1915 4560 παρακεξία-

2025 4506 2124 4546 non
2168 4493 2338 4563 legem
2398 4495 2551 4562 dicit,
2603 4500 2696 4555 sed
2721 4459 3135 4561 observationes
3159 4515 3211 4561 et
3261 4524 3428 4580 prava
3491 4516 3595 4569 do.

336 4579 591 4651 ραγμένα
621 4578 888 4649 δόγματα.

407 4670 518 4724 Καὶ
542 4673 951 4739 γενεαλογίαις
972 4672 1349 4739 ἀπεράντως.
1378 4672 1641 4737 Πάππους
1680 4672 1790 4744 γὰρ
1821 4673 1914 4728 καὶ

335 4763 708 4832 προπάππους
759 4763 1131 4833 ἀπηρίομουν,
1183 4764 1264 4816 ἵνα
1293 4763 1451 4828 δόξαν
1490 4765 1732 4834 ίστορίας
1779 4764 1917 4834 ἔχω-

337 4869 446 4905 σιν.
489 4854 865 4920 Ἇπερὰντοις
896 4855 974 4919 δὲ,
1015 4855 1047 4924 ἢ
1090 4859 1211 4917 ταῖς
1259 4858 1335 4918 εἰς
1370 4857 1496 4918 τοὺς
1539 4857 1651 4910 ἄνω
1689 4856 1915 4928 χρόνους

335 4946 785 5010 ἀναδαινούσαις,
817 4947 850 5018 ἦ
885 4950 1005 5011 ταῖς
1033 4947 1208 5018 πέρας
1245 4948 1398 5002 οὐδὲν
1428 4948 1683 5017 ἐχούσαις
1717 4949 1914 5019 χρήσι-

335 5053 459 5106 μον,
493 5037 528 5107 ἢ
554 5037 905 5101 εὐσύνοπτον,
953 5038 1089 5091 ἀλλὰ
1133 5038 1592 5110 δυσπεριλήπτοις
1621 5041 1714 5092 καὶ
1752 5039 1914 5092 πολυε-

329 5130 558 5198 τρόποις
582 5129 651 5181 ’³.
706 5129 866 5190 Εἰκὸς
923 5129 981 5182 δὲ
1033 5131 1126 5182 καὶ
1168 5129 1434 5201 ’Έλληνας
1483 5131 1645 5186 αὐτὸν
1677 5131 1914 5185 ἐνταῦθα

331 5219 695 5273 αἰνίττεσθαι.
758 5220 821 5272 οι
867 5219 974 5290 γὰρ
1038 5220 1198 5289 μῦθοι
1253 5221 1461 5273 τούτων
1514 5222 1641 5287 εἰσὶ,
1712 5224 1806 5275 καὶ
1856 5225 1911 5274 αἱ

328 5309 700 5380 -ίενεαλογίαι,
749 5309 826 5372 ὡς
883 5312 1009 5374 τοὺς
1064 5312 1219 5376 θεοὺς
1254 5312 1432 5365 αὐτῶν
1476 5314 1908 5382 καταλεγόντων.

2015 4593 2216 4653 gmata.

2087 4673 2156 4727 Et
2189 4677 2506 4747 genealogiis
2539 4680 2915 4742 interminatis.
2948 4686 3094 4743 Avos
3121 4691 3335 4746 enimet
3357 4707 3592 4762 proavos

2015 4767 2432 4834 enumerabant,
2464 4777 2523 4824 ut
2551 4773 2796 4827 historia:
2828 4777 3056 4844 gloriam
3093 4781 3197 4834 sibi
3222 4783 3590 4844 vindicarent.

2016 4857 2250 4926 lnﬁnitis
2265 4861 2420 4934 551
2442 4874 2646 4930 autem,
2664 4867 2746 4922 vel
2760 4870 2904 4937 quod
2921 4871 2986 4925 ad
3005 4874 3186 4941 priora
3205 4885 3308 4930 tem
3314 4894 3447 4947 pora
3465 4897 3593 4935 con-

2023 4952 2366 5017 scenderent,
2394 4955 2477 5007 vel
2512 4956 2637 5024 quia
2669 4958 2878 5014 nullum
2901 4960 3064 5018 tinem
3099 4966 3283 5021 utilem
3309 4981 3402 5024 aut
3426 4972 3590 5025 intelo

2020 5039 2163 5096 lectu
2204 5042 2414 5098 facilem
2449 5045 2730 5117 haberent,
2754 5053 2846 5107 sed
2881 5069 3000 5120 quae
3028 5055 3315 5114 diﬂiculter
3344 5076 3592 5130 compre—

2025 5133 2187 5195 hendi
2233 5145 2478 5204 possent,
2529 5147 2582 5193 et
2614 5154 2736 5208 qua:
2772 5143 2938 5199 variae
2971 5153 3027 5200 et
3060 5147 3332 5204 intricatur
3376 5158 3580 5210 essent.

2023 5223 2331 5280 Verisimile
2387 5235 2471 5281 est
2531 5237 2712 5284 autem
2744 5231 2963 5289 Graecos
3012 5235 3190 5307 ipsum
3229 5239 3318 5291 hic
3380 5251 3588 5297 notare.

2022 5315 2243 5370 ltlorum
2284 5319 2428 5372 enim
2461 5319 2655 5376 fabula:
2701 5332 2755 5378 et
2804 5328 3134 5398 genealogis:
3189 5337 3338 5396 sunt,
3390 5332 3592 5401 quibus

2020 5407 2151 5462 deos
2192 5423 2325 5465 suos
2357 5421 2660 5467 recensent.

1703 5585 1901 5645 Variae
1939 5584 2245 5647 lectiones

405 5709 446 5738 "
488 5706 658 5761 ταῦτα
683 5723 736 5760 0.
811 5705 856 5737 υ
880 5705 1014 5762 θεοῦ
1051 5722 1105 5761 o.
1185 5707 1229 5738 "
1259 5707 1618 5770 πολυπλόκοις
1655 5724 1706 5763 ο.
