4006 6214
420 335 493 400 .15
1340 339 1438 396 ΤΠ
1449 337 1513 396 Ε(
1524 333 1912 396 )PIIYLACTI
1950 326 2357 393 BULGARIzE
2397 328 2744 389 ARCIIIEP.
3613 324 3679 391 16

495 448 622 513 ριιιιι
655 448 966 517 qna’stiones
990 456 1246 516 pra‘stanl
1283 448 1448 514 magis
1482 462 1640 516 quam
1676 444 1991 512 a’diﬁcatio-
2022 449 2063 506 Α

2165 444 2400 509 Αἵτινες
2427 440 2700 509 ζητήσεις
2740 438 3333 508 παρέχουσιμᾶλλον
3378 439 3414 505 ἢ
3449 441 3685 493 cixcro'

428 557 543 594 nent
607 540 700 594 Dei
729 557 846 610 qua:
877 549 957 594 est
1013 539 1212 609 inﬁde.
1274 540 1389 594 Hoc
1442 549 1545 604 est,
1582 538 1726 593 Deus
1772 537 1992 606 quidem

2103 537 2244 606 μίαν
2273 535 2421 590 Θεοῦ
2438 534 2555 602 τὴν
2585 535 2655 588 ἐν
2677 532 2897 586 πίστει.
2943 531 3253 596 Τουτέστιν,
3310 532 3338 582 ὁ
3394 531 3494 600 μὲν
3553 532 3685 594 Θεὸς

424 631 702 684 ordinavit
730 635 912 685 omnia
948 632 1050 685 [ille
1103 628 1457 699 suscipienda
1512 628 1660 694 fore;
1726 629 1815 683 isti
1864 641 1995 681 vero

2102 627 2419 698 ᾡκονόμησε
2453 625 2634 679 πίστει
2670 623 2922 694 δέχεσθαι
2956 624 3171 676 πάντα·
3224 616 3372 676 οὗτοι
3409 623 3465 675 δὲ
3516 623 3684 692 ζητή-

354 781 362 787 _
426 725 762 793 questiones
819 739 949 777 suas
1007 722 1548 784 subintrodncentes,
1588 720 1686 774 Dei
1746 720 1936 774 ordine

2102 735 2217 781 σεις
2252 718 2587 785 εἰσάγοντες,
2638 716 2828 769 λύουσι
2867 717 2965 783 τὴν
3013 715 3106 767 τοῦ
3164 713 3301 766 Θεοῦ
3348 714 3683 783 οίκονομίαν,

427 814 756 867 dissolvunt.
819 810 915 866 Vel
964 813 1090 882 quia
1141 816 1284 866 Deus
1335 826 1528 882 magna
1587 811 1749 865 nobis
1792 810 1998 865 donare

2104 809 2176 863 Ἣ
2204 810 2287 864 ὃτι
2322 808 2534 879 μεγάλα
2573 809 2706 878 ἡμῖν
2739 806 2924 859 δοῦναι
2952 804 3219 875 ἠθέλησεν
3251 808 3279 858 ὀ
3312 805 3440 867 Θεὸς
3466 803 3535 868 ’⁸,
3589 805 3685 858 καὶ

426 904 621 969 voluit,
665 902 989 957 ineiiabilem
1023 903 1188 955 etiam
1212 902 1680 972 dispensationem
1716 900 1860 955 circa
1899 915 1998 955 nos

2105 905 2338 976 ἄρρητον
2369 901 2680 971 οἰκονομίαν
2704 900 2841 970 πρὸς
2880 898 2926 932 ⁸⁸
2966 899 3115 968 ἡμᾶς
3154 898 3484 962 ἐπεδείξατο.
3543 897 3687 952 Ταύο

427 993 700 1047 exhibuit.
737 992 887 1045 Hanc
920 992 1087 1063 igitur
1110 992 1377 1048 bonitatis
1427 991 1604 1062 ipsius
1632 990 1999 1058 dispensatio-

2102 1012 2199 1065 την
2227 993 2410 1049 τοίνυν
2437 992 2538 1059 τὴν
2559 992 2658 1060 τῆς
2704 990 3040 1059 ἀγαθότητος
3078 988 3243 1044 αὑτοῦ
3287 991 3602 1058 οἰκονομίαν
3651 989 3684 1059 ἡ

428 1100 552 1137 nem
573 1083 716 1139 ‘iides
767 1083 985 1152 quidem
1014 1084 1231 1152 recipit,
1265 1084 1594 1153 genealogus
1626 1097 1757 1137 vero
1797 1097 2000 1151 nequa-

2103 1086 2286 1147 πίστις
2326 1084 2424 1154 μὲν
2463 1081 2850 1152 παραδέχεται,
2874 1082 2930 1133 αἱ
2958 1081 3014 1132 δὲ
3045 1081 3386 1149 γενεαλογίαι
3411 1081 3683 1151 οὐδαμῶς.

428 1191 610 1245 quam.
636 1175 982 1241 Quaestioncs
1013 1175 1158 1228 enim
1180 1174 1739 1237 subintroduxerunt,
1781 1187 1997 1243 nempe,

2102 1178 2368 1247 Ζητήσεις
2398 1177 2506 1246 γάρ
2541 1175 2876 1243 παρεισῆγον
2898 1173 2945 1204 ’⁸
2975 1188 2989 1202 ·
3025 1172 3145 1236 Πῶς
3182 1174 3261 1226 ἔνι
3308 1173 3468 1227 τοῦτο
3527 1174 3681 1241 γενέο

427 1264 715 1330 Quomodo
748 1265 921 1334 possit
959 1264 1063 1318 hoc
1098 1264 1250 1318 ﬁeri?
1287 1264 1572 1329 Quomodo
1608 1263 1898 1318 credamus
1933 1262 2001 1315 de

2104 1269 2266 1334 σθαις
2332 1267 2457 1328 Πῶς
2510 1267 2876 1334 πιστεύσομεν
2941 1267 3069 1336 περὶ
3127 1265 3238 1318 τῶν
3276 1266 3679 1337 μελλόντωνςὴ

430 1356 671 1411 futuris?
692 1355 943 1421 Quaestio
975 1356 1161 1424 itaque
1192 1355 1351 1408 Iidem
1379 1353 1549 1424 ejicit.
1599 1358 1782 1421 Quare
1813 1354 2002 1422 itaque

2103 1358 2329 1430 ζήτησις
2363 1359 2543 1410 τοίνυν
2577 1358 2830 1410 ἐκϐάλλει
2855 1358 2954 1425 τὴν
2988 1356 3192 1410 πίστιν.
3222 1357 3346 1419 Πῶς
3373 1355 3465 1409 οῦν
3510 1360 3537 1410 ὁ
3572 1358 3684 1411 Κύ-

427 1447 694 1503 Dominus
721 1447 878 1511 dixit,
915 1445 1170 1513 Quaerite,
1206 1456 1255 1500 et
1295 1446 1646 1499 invenietis'?
1695 1455 1751 1501 et
1782 1460 2000 1511 rursus,

2106 1467 2221 1522 ριος
2238 1444 2379 1511 εἶπε,
2402 1446 2667 1513 Ζητεῐτε,
2702 1446 2799 1500 καί
2822 1444 3149 1514 sep-ﬁcere;
3174 1447 3270 1500 καὶ
3298 1445 3681 1514 αῦθις,Ἕρευο

430 1539 759 1594 Scrutamini
794 1538 1183 1606 Scripturas'?
1238 1538 1328 1601 At,
1357 1536 1611 1603 Qureri'te,
1658 1537 1876 1605 quidem
1933 1537 2002 1592 de

2102 1541 2248 1596 νᾶτε
2287 1538 2394 1606 τὰς
2423 1534 2707 1608 Γραφάςς
2734 1538 2808 1591 To
2832 1538 2932 1608 μὲν
2958 1536 3197 1604 ζητεῖτε,
3231 1539 3361 1608 περὶ
3415 1538 3682 1606 αἰτήσεως

429 1636 684 1685 oratione
736 1630 876 1683 dixit
911 1638 966 1707 et
1005 1627 1216 1682 ardenti
1272 1627 1586 1682 desiderio:
1643 1625 2000 1694 Serutamini,

2102 1632 2272 1701 λέγει,
2297 1631 2394 1686 καὶ
2425 1631 2591 1684 πόθου
2648 1629 2881 1700 σφοδροῦ
2911 1645 2926 1661 ·
2975 1631 3038 1682 τὸ
3081 1630 3158 1694 δὲ,
3201 1629 3503 1697 ἐρευνᾶτε,
3537 1627 3680 1682 τοῦτ’

431 1740 582 1788 νει-ο,
638 1732 965 1778 utcxactatn
1017 1722 1232 1777 illarum
1302 1718 1571 1775 rationem
1629 1719 2000 1786 addiscamus,

2105 1723 2275 1790 ἔστιν,
2308 1723 2448 1776 ὥστε
2505 1722 2633 1785 τὴν.
2663 1722 2950 1793 ἀκρίϐειαν
2994 1721 3174 1775 αὐτῶν
3211 1722 3569 1792 καταμαθεῖν,
3588 1724 3684 1779 καὶ

429 1812 709 1881 probeque
749 1819 1031 1867 teneamus
1053 1824 1168 1874 eas,
1199 1815 1259 1862 ut
1295 1806 1372 1861 ita
1407 1806 1625 1863 tandem
1656 1822 1688 1862 a
1740 1809 2003 1879 petitione

2105 1816 2306 1870 εἰδέναι
2333 1815 2500 1877 αὑτὰς
2527 1814 2622 1867 καὶ
2673 1813 2986 1869 παύσασθαι
3035 1814 3304 1885 αἰτήσεως
3341 1814 3458 1886 ἦτοι
3512 1816 3683 1886 ζητή-

433 1914 485 1957 οι
520 1903 879 1972 inquisitione
902 1902 1256 1958 desistamus.

763 1903 879 1956 ione
902 1902 1256 1958 desistamus.
2110 1925 2246 1970 σεως
2280 1908 2345 1962 ³⁷.

506 1993 670 2048 Vens.
714 1993 769 2049 5.
828 1991 984 2047 Finis
1020 2003 1194 2049 autem
1222 1996 1486 2066 Δρηεεεριί
1538 2004 1620 2051 est
1674 1995 1910 2052 sharitas
1942 2010 2007 2049 ea:

2182 1999 2253 2055 Τὸ
2288 1999 2461 2065 τέλος
2480 1998 2550 2052 δὲ
2582 1998 2691 2068 τῆς
2714 1999 3118 2068 παραγγελίας
3141 1997 3315 2052 ἐστίν
3346 1997 3546 2067 ἀγάπη
3609 1997 3682 2052 ἐκ

433 2085 589 2140 corde
671 2101 826 2154 puro.
914 2085 971 2140 Si
1034 2088 1346 2156 praecipias,
1415 2088 1615 2158 inquit;
1672 2103 1781 2143 non
1847 2088 2007 2142 aliter

2107 2089 2370 2159 καθαρᾶς
2389 2090 2655 2159 καρδίας.
2695 2090 2821 2145 Ἐὰν
2839 2090 3245 2163 παραγγέλλῃς,
3274 2091 3429 2160 φησι,
3456 2090 3530 2160 μὴ
3568 2090 3686 2141 ἑτε-

434 2179 655 2240 docere,
694 2178 794 2231 hoc
822 2177 1095 2247 perﬁcies,
1130 2193 1324 2250 nempe
1370 2179 1719 2234 charitatem.
1773 2178 1928 2246 Quod
1958 2179 2005 2235 si

2112 2181 2533 2253 ροδιδασκαλεῖν,
2553 2179 2712 2233 τοῦτο
2738 2178 3126 2249 κατορθώσεις,
3153 2179 3251 2250 τὴν
3274 2180 3516 2251 ἀγάπην.
3556 2180 3684 2232 Ἐάν

435 2271 578 2324 hanc
611 2269 939 2331 inserueris,
972 2285 1135 2325 onme
1166 2285 1484 2340 perversum
1525 2271 1723 2340 dogma
1783 2271 2003 2340 peribit.

2106 2273 2164 2327 δὲ
2209 2272 2414 2342 ταύτην
2459 2271 2826 2343 ὲμφυτεύσῃς,
2871 2273 2980 2325 πᾶν
3030 2271 3207 2340 δόγμα
3254 2271 3688 2341 διεστραμμένον

433 2362 610 2415 Antea
642 2359 786 2413 enim
820 2375 944 2414 cum
977 2376 1081 2415 non
1109 2368 1258 2414 esset
1277 2360 1518 2427 dilectio,
1540 2361 1740 2415 invidia
1760 2370 1913 2428 erat;
1940 2376 2007 2415 ex

2107 2362 2410 2431 οἰχήσεται.
2468 2360 2744 2430 Πρότερον
2806 2360 2907 2429 μὲν
2938 2360 3046 2427 γὰρ
3099 2360 3199 2411 οὐκ
3243 2358 3409 2427 οὔσης
3440 2360 3685 2427 ἀγάπης,

435 2453 541 2507 hac
570 2449 887 2506 dominatus
918 2451 1224 2519 cupiditas;
1273 2465 1339 2505 ex
1390 2451 1492 2505 hac
1552 2466 1719 2522 porro
1774 2452 2007 2508 docendi

2108 2448 2301 2517 φθόνος
2325 2444 2391 2519 ἦν
2410 2462 2427 2481 ⁸
2452 2449 2517 2501 ὲκ
2533 2447 2723 2501 τούτου
2748 2447 2802 2500 δὲ
2827 2447 3084 2517 φιλαρχία
3110 2464 3125 2479 ⁵
3158 2450 3222 2501 ὲκ
3278 2447 3336 2501 δὲ
3378 2447 3583 2519 ταύτης
3628 2449 3688 2501 τὸ

438 2546 667 2601 ambitio
706 2545 1061 2605 nascebatur,
1091 2543 1327 2610 indeque
1369 2541 1606 2598 hmrcses
1649 2543 2008 2598 suborieban-

2109 2531 2581 2598 θέλεινδιδάσκειν
2608 2560 2623 2575 ⁸
2653 2543 2946 2597 κάντεῦθεν
2974 2544 3030 2598 αἱ
3069 2543 3311 2612 αἱρέσεις
3341 2558 3355 2573 ”
3392 2541 3486 2595 νῦν
3510 2542 3567 2594 δὲ
3587 2543 3687 2612 οὐχ

439 2650 567 2692 tur:
600 2652 746 2692 nunc
782 2648 961 2691 autem
987 2651 1093 2690 non
1135 2637 1236 2689 sic.
1261 2635 1595 2689 Charitatem
1652 2647 1835 2689 autem
1890 2636 2005 2689 sin-

2107 2635 2302 2698 οῦτως.
2350 2636 2595 2703 Ἀγάπην
2629 2633 2687 2691 δὲ
2716 2635 2941 2691 ἀπαιτεί
2979 2633 3077 2704 τὴν
3115 2634 3410 2705 εἰλικρινῆ,
3468 2633 3570 2703 τὴν
3624 2635 3685 2685 ού

440 2744 625 2784 ceram
658 2728 918 2799 postulat,
949 2741 1056 2781 non
1101 2740 1221 2780 eam
1278 2733 1488 2780 tantum
1536 2741 1661 2795 qua:
1717 2727 1773 2780 in
1825 2726 2008 2780 verbis

2113 2729 2274 2799 μέχρι
2302 2727 2585 2798 ῥημάτων,
2614 2726 2754 2779 ἀλλά
2781 2725 2880 2796 τὴν
2909 2726 3017 2779 ἀπὸ
3056 2726 3305 2796 καρδίας,
3338 2729 3432 2779 καὶ
3476 2722 3689 2794 ταύτης

440 2826 544 2885 est,
569 2833 756 2875 verum
787 2833 909 2888 qua:
941 2832 1006 2871 ex
1032 2816 1219 2881 corde,
1251 2830 1421 2884 eoque
1449 2831 1610 2886 puro,
1647 2831 1755 2872 non
1805 2814 1933 2871 ineo
1956 2824 2010 2870 et

2110 2819 2354 2887 καθαρᾶς
2381 2819 2473 2871 καὶ
2522 2816 2598 2888 μὴ
2648 2818 2713 2888 τῇ
2768 2817 3054 2887 ὑποκρίσει
3115 2817 3585 2887 συνεσκιασμὲνης
3612 2816 3684 2881 ’⁸,

442 2909 721 2983 hypocrisi
746 2908 1110 2964 adumbrato:
1144 2921 1266 2977 quae
1294 2922 1358 2962 ex
1394 2907 1591 2964 ail‘eCtu
1618 2918 1671 2963 et
1709 2907 2011 2964 condolen-

2111 2909 2248 2964 ἀλλᾶ
2269 2910 2314 2941 ”
2344 2909 2445 2980 τὴν
2474 2910 2539 2961 ὲκ
2569 2907 2858 2972 διαθέσεως
2890 2907 3102 2963 καὶτοῦ
3123 2909 3407 2979 συναλγεῖν
3439 2925 3691 2962 συνιστα..

440 3003 515 3057 tia
542 3008 758 3058 constet
794 3009 962 3070 atque
992 3008 1282 3069 promonet
1406 3030 1411 3035 ~

720 3008 758 3056 ιι
794 3009 962 3070 atque
992 3008 1282 3069 promonet
1406 3030 1411 3035 ~
2115 3000 2302 3070 μένην.

512 3094 580 3148 Et
612 3093 938 3148 conscientia
972 3091 1128 3155 bona,
1170 3102 1221 3146 et
1249 3091 1354 3162 ﬁde
1392 3107 1495 3146 non
1518 3091 1661 3163 ﬁcta.
1699 3091 1838 3158 Quia
1869 3106 2010 3163 prte-
2037 3137 2078 3194 ο

2184 3088 2296 3142 Kai
2340 3088 2753 3159 συνειδήσεως
2776 3088 3025 3158 ἀγαθῆς,
3065 3089 3161 3142 καί
3193 3091 3450 3156 πίστεως
3464 3090 3692 3146 ἀνυποι-

440 3189 612 3242 dones
641 3185 925 3257 praedones
978 3183 1140 3239 etiam
1180 3184 1461 3255 diligunt:
1517 3191 1574 3239 at
1625 3187 1773 3239 enim
1826 3185 2008 3241 isthuc

2115 3182 2341 3252 κρίτου.
2389 3182 2542 3235 Ἐπεὶ
2567 3181 2662 3234 καὶ
2683 3182 2880 3254 λῃσταὶ
2908 3180 3108 3252 λῃστὰς
3136 3180 3382 3249 φιλοῦσιν
3410 3196 3423 3209 ·
3450 3181 3567 3234 ἀλλ’
3586 3183 3692 3235 οῦκ

442 3296 550 3335 nm
575 3287 659 3334 est
690 3293 757 3332 ex
785 3274 1115 3331 conscientia
1135 3275 1300 3340 bona,
1324 3277 1419 3332 sed
1461 3290 1529 3330 ex
1577 3290 1787 3346 prava;
1831 3291 2008 3346 neque

2117 3281 2232 3334 ἔστι
2266 3277 2425 3332 τοῦτο
2460 3261 2525 3332 εκ
2553 3277 2598 3310 ³⁸
2631 3277 2986 3346 συνειδήσεως
3016 3274 3245 3344 ἀγαθῆς,
3276 3275 3394 3329 ἀλλ’
3420 3275 3526 3328 ἀπὺ
3552 3277 3695 3344 φαύ..

442 3388 506 3426 ex
572 3370 675 3424 [ide
734 3383 844 3422 non
908 3367 1060 3421 ili-ta.
1111 3366 1215 3434 Qui
1262 3369 1410 3422 enim
1464 3371 1676 3424 sincere
1737 3369 1791 3423 in
1842 3370 2007 3424 Deum

2115 3370 2233 3441 λης,
2276 3352 2396 3422 οὐδὲ
2420 3371 2484 3421 ὲκ
2502 3368 2737 3430 πίστεως
2760 3365 3143 3436 ἀνυποκρίτου.
3176 3364 3236 3418 Ὀ
3268 3365 3379 3436 γὰρ
3412 3366 3691 3420 πιστεύων

443 3460 640 3520 credit,
710 3472 816 3511 non
882 3456 1120 3511 sustinet
1180 3471 1419 3527 unquam
1482 3473 1512 3511 a
1570 3473 1696 3512 vera
1741 3458 2011 3513 charilate

2118 3460 2426 3532 εἰλικρινῶς
2454 3461 2530 3523 είς
2557 3459 2712 3523 Θεὸν,
2740 3458 2842 3512 οὐκ
2860 3455 3111 3527 ἀνέχεται
3141 3472 3271 3509 ποτε
3300 3458 3399 3526 τῆς
3455 3456 3695 3526 ἀληθοῦς

444 3550 742 3606 excidere:
805 3547 1078 3617 siquidem
1131 3561 1196 3602 ea
1244 3563 1440 3605 omnes
1504 3549 1892 3619 complectitur
1955 3560 2010 3604 et

2118 3555 2335 3622 ἀγάπης
2363 3552 2621 3621 ἐκστῆναι
2653 3551 2697 3582 ³⁸
2733 3566 2746 3581 ⁸
2790 3547 2972 3617 ἐκείνη
3005 3549 3102 3617 μὲν
3131 3547 3240 3617 γάρ
3267 3548 3474 3609 πάντας
3525 3564 3691 3618 περι-

444 3636 613 3690 fovet.
677 3634 842 3688 Latro
892 3642 1073 3689 autem
1127 3643 1521 3705 praetereuntes
1570 3638 1806 3694 occidit:
1868 3639 2012 3695 unde

2120 3643 2435 3697 πτύσσεται.
2491 3641 2550 3695 '0
2608 3641 2665 3694 δὲ
2720 3640 2927 3712 λῃστὴς
2986 3638 3096 3692 τῶν
3124 3638 3421 3709 περιόντων
3474 3641 3694 3707 φονεύς.

445 3727 702 3795 colligere
731 3726 961 3797 poteris,
993 3741 1117 3782 eum
1167 3725 1556 3797 quicbaritate
1610 3735 1782 3795 caret,
1834 3744 2012 3799 neque

2118 3733 2428 3789 Κάντεῦθεν
2460 3732 2517 3786 δὲ
2550 3732 2865 3805 συλλογίσῃ,
2901 3732 2985 3785 ὃτι
3035 3732 3065 3784 ὁ
3122 3730 3256 3801 μηδὲ
3315 3729 3413 3802 τὴν
3468 3731 3696 3803 ἀγάπην

447 3812 662 3867 ﬁdelem
689 3828 831 3869 esse.

2119 3825 2278 3898 ἔχων,
2305 3825 2428 3879 οὐδὲ
2460 3825 2649 3887 πιστός
2674 3826 2842 3878 ἐστιν.

524 3901 688 3958 Vens.
718 3901 769 3957 6.
813 3902 884 3958 De
908 3903 1096 3975 quibus
1152 3904 1362 3974 quidem
1399 3906 1724 3972 aberrantes,
1773 3909 2012 3965 conrersi

2188 3911 2302 3971 Ὧν
2331 3933 2493 3983 τινες
2513 3914 2995 3985 ἀστοχήσαντες.
3019 3914 3442 3984 ἐξετράπησαν
3468 3917 3555 3981 είς
3584 3934 3702 3986 μα·

446 4004 571 4050 sunt
631 3994 699 4050 ad
736 3995 1123 4066 vaniloquium.
1173 3996 1444 4067 Ἀστοχείν
1490 3998 1559 4055 de
1614 3999 2014 4070 iaculatoribus

2119 4009 2486 4077 ταιολογίαν.
2514 4007 2608 4072 Τὸ,
2629 4008 2898 4078 ἀστοχεῖν,
2928 4007 3019 4060 ἐπὶ
3042 4008 3149 4060 τῶν
3190 4007 3516 4072 τοξευόντων
3569 4008 3700 4063 ἀτέ-

446 4088 664 4153 dicitur,
689 4090 781 4161 qui
810 4087 930 4143 sine
955 4095 1075 4142 arte
1110 4088 1338 4158 sagittas
1367 4092 1645 4147 emittunt.
1677 4091 1776 4149 llic
1802 4095 2012 4166 itaque,

2122 4118 2262 4174 χνως
2292 4100 2530 4169 λέγεται.
2555 4101 2666 4154 Καὶ
2694 4099 2930 4153 ἐνταῦθα
2966 4095 3082 4161 οῦν,
3134 4100 3290 4170 φησὶ,
3349 4099 3546 4168 τέχνης
3600 4100 3701 4172 μὲν

449 4182 648 4250 inquit,
678 4195 816 4250 opus
843 4186 962 4234 erat
993 4187 1132 4242 arte,
1168 4187 1228 4233 ut
1254 4190 1403 4236 recta
1451 4184 1816 4251 collimarent,
1843 4202 2017 4258 neque

2123 4193 2251 4258 ἔδει,
2282 4190 2423 4245 ὥστε
2448 4190 2569 4243 κατ’
2597 4190 2810 4242 εὐθεῖαν
2828 4188 3044 4258 βάλλειν
3071 4188 3138 4254 ⁸¹,
3183 4188 3278 4241 καὶ
3316 4187 3392 4257 μὴ
3446 4186 3551 4250 ἔξω
3603 4189 3698 4241 τοῦ

448 4286 478 4324 a
519 4287 684 4342 acopo
720 4270 1061 4328 aberrarenl.
1092 4273 1162 4328 At
1195 4272 1341 4327 enim
1366 4276 1611 4330 nonnulli
1648 4284 1703 4330 et
1739 4291 1771 4331 a
1807 4278 1912 4332 lide
1963 4288 2016 4333 et

2124 4268 2548 4335 σκοποῦίἋὶλά
2581 4280 2724 4341 τινὲς
2755 4280 3065 4349 ἠστόχησαν
3096 4277 3197 4346 τῆς
3224 4294 3284 4329 τε
3336 4278 3559 4347 ἀγάπης
3604 4281 3701 4333 καὶ

450 4377 481 4416 a
512 4363 788 4417 rharitate
844 4363 1195 4424 aberrarunt,
1249 4373 1305 4420 et
1352 4377 1642 4434 propterea
1681 4365 2018 4422 deﬂexerunt

2176 4375 2220 4442 ᾖς
2255 4373 2508 4432 πίστεως,
2538 4368 2633 4421 καὶ
2669 4369 2756 4421 διὰ
2777 4368 2934 4421 τοῦτο
2962 4367 3344 4439 ἐξετράπησαν
3370 4369 3451 4432 εἰς
3476 4385 3704 4441 ματαιο-
3754 4384 3758 4389 ‘

453 4453 519 4507 ad
548 4453 944 4523 vaniloquium.
994 4448 1285 4515 Quomodo
1341 4462 1523 4506 autem
1590 4453 1643 4507 id
1701 4456 2014 4526 contigerit,

1341 4462 1523 4506 autem
1590 4453 1643 4507 id
1701 4456 2014 4526 contigerit,
2051 4483 2095 4538 Β
2123 4464 2330 4531 λογίαν.
2364 4462 2472 4516 Kal.
2489 4460 2626 4525 πῶς,
2660 4460 2882 4529 ἐπάγει.

452 4545 659 4601 subdit.
1160 4560 1163 4563 '

524 4636 685 4706 552
718 4636 880 4691 Vens.
921 4637 977 4692 7.
1019 4634 1260 4691 Veientes
1290 4648 1402 4688 esse
1434 4634 1562 4704 legis
1612 4638 1871 4689 doctores.
1907 4635 2019 4690 lloc

2195 4641 2479 4703 Θέλοντες
2503 4634 2656 4693 εἶναι
2683 4637 3209 4708 νομοδιδάσκαλοι.
3268 4641 3548 4705 Τουτέστι,
3609 4658 3701 4709 φι-

454 4740 558 4791 est,
588 4733 912 4798 languentes
940 4727 1260 4782 dominatus
1289 4738 1498 4792 amore,
1536 4727 1835 4796 gloriaque
1862 4728 2014 4795 cupi-

2124 4732 2356 4802 λαρχίαν
2389 4730 2673 4793 νοσοῦντες
2707 4733 2802 4785 καὶ
2826 4729 3173 4800 δοξομανίαν.
3197 4732 3311 4784 Ούκ
3341 4729 3407 4783 ἀν
3460 4730 3517 4783 δὲ
3560 4726 3700 4802 ἦσαν

456 4820 626 4872 ditate
686 4817 1046 4871 insanientes.
1097 4806 1215 4870 Non
1257 4815 1403 4870 enim
1457 4816 1593 4870 tales
1656 4814 1915 4883 fuissent,
1975 4819 2018 4872 si

1856 4827 1915 4883 ιι.
1975 4819 2018 4872 Si
2123 4823 2378 4891 τοιοῦτοι,
2417 4822 2578 4894 εἴπερ
2610 4823 2835 4894 ἀγάπην
2866 4818 3011 4894 εἶχον
3043 4825 3134 4879 καὶ
3169 4822 3377 4875 πίστιν.
3431 4849 3438 4857 -

458 4906 802 4960 dilectionem
830 4907 1154 4959 habuissent
1173 4915 1226 4961 et
1251 4904 1435 4960 ﬁdem.

531 4994 655 5048 Non
689 4996 1039 5066 inlelligentes
1073 5004 1237 5065 neque
1265 5012 1381 5064 quae
1414 5000 1721 5066 loquuntur,
1756 5015 1919 5067 neque
1952 5000 2017 5054 de

2200 5003 2297 5071 Μὴ
2324 5003 2608 5070 νοοῦντες
2623 5001 2776 5073 μήτε
2798 5001 2838 5057 ἁ
2862 5002 3111 5072 λέγουσι
3133 5043 3147 5066 ,
3171 5002 3326 5072 μήτε
3358 5004 3489 5074 περὶ
3524 5006 3704 5059 τινων

460 5086 651 5155 quibus
701 5086 988 5156 «[ﬁrmant.
1034 5084 1131 5141 Hic
1188 5090 1537 5156 reprehendit
1592 5104 1708 5153 eos,
1762 5098 2020 5158 tanquam

2134 5094 2629 5150 διαϐεϐαιοῦνται.
2671 5094 2936 5148 Ἐνταῦθα
2968 5095 3243 5148 διαϐάλλει
3277 5097 3472 5159 αὐτοὺς
3503 5096 3579 5159 ὡς
3625 5096 3701 5171 μὴ

460 5180 717 5248 ignorent
748 5179 841 5247 qui
875 5179 946 5233 sit
995 5193 1197 5250 scopus
1252 5180 1409 5249 legis.
1444 5188 1496 5236 et
1521 5181 1589 5233 ad
1650 5182 1798 5252 quod
1853 5197 2027 5253 usque

2137 5188 2345 5252 εἰδότας
2368 5186 2461 5241 τὸν
2489 5185 2581 5240 τοῦ
2615 5186 2782 5266 νόμον
2813 5187 3036 5254 σκοπὸν,
3068 5187 3203 5259 μηδὲ
3234 5189 3328 5243 τὸν
3357 5188 3544 5260 καιρὸν
3607 5189 3701 5257 μὲ-

535 5360 554 5389 ⁶
580 5357 767 5411 Matth.
804 5374 902 5425 vn,
930 5360 984 5414 7.
1060 5358 1079 5388 "
1111 5356 1270 5416 Joan.
1309 5377 1357 5427 ν,
1396 5360 1450 5415 9.

1804 5455 2004 5517 Variae
2049 5457 2377 5519 lectiones.

531 5571 1421 5653 Ctop’iecqoilatiﬁél‘qcsv‘ﬁpft
1439 5570 1469 5623 δ
1497 5571 1734 5653 Ξζριστὸς
1777 5591 1829 5628 o.
1907 5578 1977 5653 ’ξ’
2007 5578 2216 5653 περὶ-ο.
2294 5578 2338 5653 ’_‘
2395 5576 2671 5653 προσῆγον
2698 5590 2751 5653 o_.
2827 5575 2873 5608 "
2906 5574 3165 5653 ἀλήθειαν
3199 5573 3555 5653 καταμαθεῖν,
3613 5574 3705 5626 καὶ

462 5640 1337 5763 ξξδίἐίζέῗύξὴν,καῖπαύσασθαί
1362 5643 1460 5710 τῆς
1491 5640 1770 5714 ζητήσεως
1802 5659 1854 5699 o.
1935 5646 1978 5676 "
2003 5640 2502 5717 κεκαλυμμένηςὐ.
2562 5640 2624 5679 ’ίθ
2650 5646 2743 5729 καὶ
2771 5660 2823 5700 0.
2905 5646 2949 5677 ³⁸
2979 5640 3088 5698 ἀπὸ
3123 5660 3176 5699 ο.
3253 5644 3295 5676 ³¹
3322 5640 3627 5715 δήιεκστῆναι
3652 5659 3704 5697 o.
