4006 6214
379 296 446 363 19
1300 293 1876 355 THEOPHYLACTI
1909 293 2157 354 BULGA
2171 296 2320 355 RIZE
2360 296 2722 356 ARCHIEP.
3556 297 3627 362 ΞΟ

378 414 649 484 dogmatis
681 412 996 482 bujusmodi
1028 411 1344 466 adactiones
1393 407 1599 463 aditum
1628 408 1904 476 accipiant
1930 425 1944 460 :

2060 409 2338 479 δογμάτων
2373 411 2440 465 τὰ
2484 410 2709 465 τοιαῦτα
2748 411 2896 481 πάθη
2933 410 3202 482 λαμϐάνει
3232 411 3331 484 τὴν
3372 413 3627 483 πάροδον’

379 520 527 562 sana:
548 509 693 561 enim
725 507 987 562 doctrina:
1018 504 1133 560 haec
1152 504 1333 559 omnia
1362 509 1492 557 sunt
1539 503 1836 557 contraria.

453 680 618 740 Vens.
672 682 759 740 H.
809 684 1107 740 Secundum
1175 683 1517 755 Evangelium
1571 683 1759 755 gloria:
1809 678 1949 737 beati

381 770 504 830 Dei.
544 775 697 830 Hanc
719 776 786 831 ad
823 776 1085 830 rationem
1120 784 1416 830 construe:
1471 772 1629 829 Sana:
1656 774 1947 837 doctrinae,

380 885 504 936 qum
558 877 643 923 est
693 868 991 923 secundum
1055 866 1436 936 Evangelium.
1505 864 1701 921 Gloria:
1766 874 1946 918 autem

383 961 562 1028 ipsum
596 957 949 1026 Evangelium
1007 957 1267 1026 appellat,
1324 967 1544 1027 propter
1593 971 1690 1011 cos
1751 955 1846 1025 qui
1878 955 1951 1010 ob

384 1048 792 1119 persecutiones
824 1046 1195 1115 pudeliebant,
1235 1056 1289 1101 et
1326 1056 1545 1115 propter
1577 1044 1785 1100 Christi
1821 1060 1950 1116 pas-

383 1141 634 1202 sionem;
669 1146 1113 1191 commonstrans
1152 1137 1325 1205 ipsam
1376 1136 1577 1189 Christi
1639 1135 1949 1204 passionem

382 1237 437 1282 et
466 1228 880 1298 persecutiones
913 1240 1036 1281 esse
1064 1226 1294 1296 gloriam
1337 1234 1393 1281 et
1446 1226 1832 1294 splendorem:
1867 1224 1953 1280 vel

381 1320 530 1390 quod
579 1318 856 1389 pra-beant
915 1317 1152 1371 futuram
1208 1318 1461 1387 gloriam.
1522 1315 1749 1373 Etiamsi
1806 1316 1950 1371 enim

383 1413 694 1483 pra'sentia,
747 1411 944 1480 inquit,
1005 1409 1363 1479 ignominiam
1431 1409 1711 1474 habeant,
1770 1406 1956 1467 futura

385 1511 564 1557 tamen
629 1503 857 1572 gloriam
914 1519 928 1557 :
981 1509 1146 1572 atque
1208 1501 1352 1555 hanc
1432 1500 1597 1555 nobis
1665 1499 1957 1553 annuntiat

383 1593 968 1663 Evangelium;omne
1027 1590 1175 1647 enim
1223 1591 1573 1660 evangelium
1640 1589 1954 1645 futurorum

383 1692 491 1749 est,
542 1700 652 1739 non
712 1684 1087 1755 presentium.
1147 1680 1245 1737 Vel
1307 1682 1535 1754 gloriam
1600 1683 1810 1739 cultum
1861 1682 1953 1739 Ι)ρί

387 1775 645 1846 appellat,
706 1750 868 1845 quem
924 1773 1280 1844 Evangelium
1313 1750 1509 1828 vnobis
1548 1784 1954 1843 praemonstrat.
1989 1750 2029 1805 Β

456 1867 611 1931 Quod
638 1866 893 1920 creditum
923 1874 1000 1921 est
1020 1865 1172 1921 mihi.
1208 1864 1358 1929 Mihi,
1390 1865 1717 1935 inquit,non
1757 1864 1958 1935 pseud-

387 1960 688 2028 apostolis:
753 1959 948 2014 horum
971 1960 1118 2015 enim
1164 1958 1520 2030 Evangelium
1575 1966 1663 2015 est
1722 1959 1956 2030 ignomi-

387 2049 514 2113 niae,
544 2063 654 2103 non
687 2049 899 2119 gloriae.

463 2136 628 2189 \‘ens.
666 2136 754 2190 12.
792 2135 1039 2191 Gratiam
1086 2137 1249 2192 habeo
1291 2138 1340 2192 ei
1377 2138 1469 2209 qui
1499 2154 1581 2193 me
1635 2135 1957 2209 confortavit

387 2229 442 2282 in
473 2226 688 2283 Christo
724 2227 855 2284 Iesu
885 2229 1111 2285 Domino
1134 2241 1335 2285 nostro.
1372 2230 1511 2298 Quia
1537 2231 1770 2295 dixerat,
1819 2232 1960 2302 quod

388 2320 521 2375 mihi
556 2320 815 2381 creditum
871 2331 968 2388 est,
1004 2337 1071 2377 ne
1125 2322 1378 2376 videatur
1433 2322 1556 2377 ideo
1611 2322 1857 2395 gloriari,
1890 2322 1955 2377 ad

387 2410 558 2467 Deum
592 2420 764 2469 totum
788 2413 977 2475 refert.
1016 2412 1118 2478 Illi,
1149 2415 1430 2484 inquiens,
1480 2415 1656 2485 gratia
1703 2414 1955 2479 debetur,

388 2505 484 2574 qui
507 2506 651 2562 vires
680 2506 811 2561 mihi
844 2506 995 2562 dedit
1017 2514 1078 2560 ut
1100 2507 1206 2561 tale
1233 2521 1375 2560 onus
1397 2506 1683 2576 suscipere
1708 2506 1911 2561 valeam
1942 2523 1957 2561 :

389 2595 658 2652 adversus
689 2597 835 2651 enim
861 2596 1208 2665 quotidianas
1233 2606 1440 2652 mortes
1489 2598 1817 2660 consistere,
1849 2612 1958 2652 non

389 2698 509 2743 erat
542 2688 796 2743 humanae
824 2689 1103 2759 potentias.
1162 2690 1291 2743 Haec
1342 2698 1428 2744 est
1458 2704 1582 2743 vera
1635 2688 1954 2744 humilitas:

387 2789 582 2836 nostra
639 2795 770 2835 vero
817 2781 1101 2837 humilitas
1139 2782 1194 2835 in
1222 2780 1426 2846 verbis,
1482 2795 1593 2835 non
1656 2782 1709 2835 in
1761 2780 1957 2836 aﬂectu

388 2869 596 2924 mentis
626 2870 900 2925 consistit.

460 2961 597 3027 Quia
620 2961 828 3031 ﬁdelem
857 2978 937 3018 me
968 2965 1314 3031 existimauit,
1340 2981 1538 3034 ponens
1569 2967 1623 3021 in
1641 2967 1957 3021 ministerio.

2050 502 2117 571 τῇ
2168 502 2277 572 γάρ
2313 502 2632 575 ὑγιαινούσῃ
2682 500 3001 573 διδασκαλίᾳ
3040 501 3216 555 ταῦτα
3262 504 3443 557 πάντα
3490 506 3632 560 ἀντί-

2052 607 2252 647 κειται.

2130 685 2289 739 Κατὰ
2321 684 2388 738 τὸ
2436 684 2809 755 Εὐαγγέλιον
2836 682 2944 752 τῆς
2972 684 3159 751 δόξης
3197 683 3302 739 τοῦ
3329 687 3629 755 pampino

2054 776 2224 831 Θεοῦ.
2258 775 2415 832 Οῦτω
2444 777 2702 844 σύνταξον
2722 777 2909 831 τοῦτο·
2935 780 3002 848 τῇ
3028 776 3345 849 ὑγιαινούσῃ
3371 778 3626 833 διδασκα-

2051 868 2162 941 λίᾳ,
2183 872 2246 939 τῇ
2266 869 2399 940 οὔσῃ
2419 870 2558 926 κατὰ
2578 868 2637 924 τὸ
2662 870 3011 939 Εὐαγγέλιον.
3037 869 3208 940 Δόξης
3223 871 3280 924 δὲ
3301 870 3433 924 αὐτὸ
3447 871 3624 935 καλεῖ,

2053 962 2139 1015 διὰ
2173 963 2300 1024 τοὺς
2318 961 2745 1031 αἰσχυνομένους
2766 966 2858 1018 ἐπὶ
2875 966 2989 1027 τοῖς
3009 963 3291 1032 διωγμοῖς,
3317 965 3407 1016 καὶ
3434 964 3527 1016 ὲπί
3551 964 3628 1033 τῷ

2055 1054 2218 1108 πάθει
2243 1053 2337 1107 τοῦ
2373 1054 2633 1125 Χριστοῦ,
2669 1055 2929 1109 δεικνύων
2951 1055 3030 1108 ὃτι
3060 1055 3188 1121 δόξα
3206 1055 3321 1107 ἐστί
3341 1055 3628 1125 (Χριστοῦ)

2055 1146 2232 1199 καὶτὸ
2252 1145 2422 1209 πάθος
2448 1146 2542 1199 τοῦ
2566 1146 2826 1214 Χριστοῦ,
2847 1145 2939 1199 καὶ
2962 1149 3011 1199 οἰ
3031 1145 3261 1217 διωγμοί
3281 1163 3294 1177 ·
3320 1147 3468 1217 ﬁnal
3492 1147 3628 1200 διότι

2056 1235 2310 1307 προξενεῖ
2339 1236 2436 1307 τὴν
2469 1237 2765 1306 μέλλουσαν
2797 1236 2978 1303 δόξαν.
3014 1237 3073 1291 El
3102 1237 3209 1308 γάρ
3242 1239 3335 1291 καὶ
3369 1237 3438 1290 τὰ
3483 1253 3626 1305 παρ-

2057 1326 2205 1391 όντα,
2241 1330 2426 1397 φησὶν,
2466 1328 2727 1399 αἰσχύνην
2760 1328 2896 1398 ἔχει,
2937 1329 3074 1383 ἀλλὰ
3120 1330 3214 1383 καὶ
3239 1330 3307 1382 τὰ
3367 1328 3625 1398 μέλλοντα

2056 1418 2233 1485 δόξαν.
2267 1420 2374 1473 Kal
2414 1419 2622 1490 ταύτην
2669 1418 3079 1488 εὐαγγελίζεται
3113 1422 3245 1490 ἡμῖν
3294 1421 3356 1473 τὸ
3387 1419 3623 1488 Εὐαγγέ-

2058 1509 2172 1564 λιον
2195 1527 2209 1544 ⁸
2254 1513 2365 1565 πᾶν
2394 1512 2503 1583 γὰρ
2531 1510 2850 1580 εὐαγγέλιον
2874 1513 3174 1583 μελλόντων
3204 1514 3375 1574 ἐστὶν,
3394 1513 3455 1566 ού
3488 1528 3625 1582 παρ·

2058 1600 2246 1656 όντων.
2283 1602 2351 1654 Ἥ
2382 1601 2438 1656 δὲ
2470 1603 2564 1655 καὶ
2606 1603 2705 1672 τὴν
2742 1602 2997 1673 λατρείαν
3040 1602 3133 1656 τοῦ
3161 1601 3295 1656 Θεοῦ
3331 1618 3515 1674 φησιν,
3560 1602 3628 1672 ἣν

2059 1693 2119 1746 τδ
2148 1692 2480 1762 Εὑαγγέλιον
2506 1695 2638 1765 ἡμῖν
2672 1695 2994 1766 εἰσηγεῖται.

2135 1873 2204 1926 '0
2230 1872 2598 1935 ἐπιστεύθην
2624 1871 2757 1943 ἐγώ.
2792 1869 2951 1941 Ἐγὼ,
2977 1872 3075 1943 οὐχ
3102 1873 3147 1925 οξ
3169 1870 3623 1941 ψευδαπόστολοι*

2056 1963 2118 2019 τὸ
2146 1964 2255 2037 γὰρ
2298 1963 2502 2019 τούτων
2533 1962 2894 2035 Εύαγγέλιον,
2938 1962 3199 2034 αἰσχύνης
3229 1964 3400 2026 ἐστὶν,
3444 1961 3506 2015 οὐ
3542 1961 3628 2015 δό-

2062 2056 2176 2128 ξης.

2127 2147 2312 2218 Χάριν
2352 2147 2470 2218 ἔχω
2499 2147 2579 2213 τῷ
2631 2145 3069 2217 ἐνδυναμοῦντί
3102 2161 3181 2215 με
3219 2144 3289 2198 ὲν
3323 2142 3554 2212 Χριστῷ
3583 2141 3628 2175 ³⁸

2072 2241 2274 2310 Ἰησοῦ
2298 2233 2378 2305 τῷ
2399 2238 2593 2309 Κυρίῳ
2619 2237 3031 2309 ἡμῶν.Ἑπειδὴ
3069 2232 3245 2296 εἶπεν,
3287 2235 3318 2289 δ
3350 2233 3629 2289 ἐπιστεύ-

2059 2338 2173 2400 θην
2191 2332 2323 2402 ἐγὼ,
2336 2332 2434 2386 ἶνα
2467 2331 2542 2402 μὴ
2568 2329 2693 2402 δόξῃ
2710 2327 3033 2399 κομπάζειν,
3059 2328 3150 2381 ἐπὶ
3182 2327 3273 2382 τὸν
3290 2328 3422 2380 Θεὸν
3441 2326 3500 2379 τὸ
3518 2326 3631 2379 πᾶν

2059 2422 2275 2491 ἀνάγει,
2302 2423 2396 2477 καί
2419 2421 2698 2492 φησιν,ὅτι
2726 2420 2948 2490 Ἐκείνῳ
2964 2418 3124 2491 χάρις
3144 2416 3222 2490 τῷ
3238 2418 3379 2471 δόντι
3399 2416 3630 2486 δύναμιν

2062 2514 2238 2577 εἰς’τδ
2271 2514 2408 2576 ὅλως
2436 2512 2651 2583 ἰσχύσαι
2684 2512 3041 2579 ἀναδέξασθαι
3075 2510 3136 2565 τὸ
3159 2508 3399 2565 τοιοῦτον
3425 2509 3467 2541 ³⁸
3498 2524 3629 2576 φορ·

2059 2606 2194 2661 τίον.
2250 2602 2324 2657 Τὸ
2383 2604 2493 2673 γὰρ
2547 2602 2684 2673 πρὸς
2734 2602 2861 2664 τοὺς
2915 2599 3319 2670 καθημερινοὺς
3363 2598 3625 2661 θανάτους

2063 2696 2335 2763 ἵστασθαι,
2365 2695 2467 2749 οὐκ
2497 2692 2840 2765 ἀνθρωπίνης
2865 2691 3142 2762 δυνάμεως
3177 2686 3266 2763 ἦν.
3300 2691 3469 2744 Τοῦτο
3496 2691 3626 2761 άληο

2063 2789 2160 2859 θὴς
2187 2784 2693 2857 ταπεινοφροσύνῃ·
2748 2782 2810 2836 τὸ
2865 2781 2923 2835 δὲ
2962 2781 3229 2853 ἡμέτερον
3270 2781 3631 2852 ταπεινορρηο

2065 2880 2294 2952 μοσύνη,
2321 2879 2383 2934 ού
2411 2875 2898 2946 ταπεινοφροσύνῃ.

2134 2970 2266 3025 Ὀτι
2306 2968 2529 3024 πιστόν
2561 2984 2635 3036 με
2680 2966 2972 3037 ἡγήσατο.
3005 2964 3253 3035 θέμενος
3305 2966 3392 3030 εἰς
3428 2964 3619 3046 diazo-

385 3050 468 3108 Ne
496 3054 621 3123 quis
660 3070 726 3109 ex
753 3055 1055 3112 incredulis
1081 3056 1249 3122 dicat,
1305 3055 1360 3111 Si
1424 3066 1596 3113 totum
1634 3057 1729 3112 Dei
1759 3066 1864 3117 est,
1903 3067 1955 3111 et

2060 3062 2220 3116 νίαν.
2253 3059 2371 3114 Ἵνα
2419 3060 2581 3130 μήτις
2610 3059 2717 3111 τῶν
2766 3058 3011 3111 ἀπίστων
3042 3058 3193 3127 εἴπῃ,
3226 3057 3310 3109 ὃτι
3344 3056 3407 3110 El
3437 3055 3494 3108 τὸ
3521 3056 3625 3107 πᾶν

388 3145 524 3200 nihil
551 3160 582 3201 a
615 3147 772 3203 nobis
800 3145 1049 3215 aﬂ'ertur,
1078 3163 1306 3205 cumam
1346 3149 1573 3206 Paulum
1614 3150 1775 3207 talem
1802 3149 1953 3215 fecit,

388 3235 587 3291 ludam
621 3252 754 3293 vero
779 3253 890 3293 non
940 3240 1114 3294 item?
1164 3241 1307 3296 hanc
1356 3242 1719 3312 ohjectionem
1772 3241 1951 3306 diluit,

390 3326 689 3397 inquiens:
752 3327 873 3383 Non
901 3328 1225 3399 simpliciter
1280 3332 1562 3387 roboravit
1612 3347 1721 3399 me,
1778 3345 1957 3402 neque

390 3420 531 3475 citra
562 3420 856 3489 judicium,
912 3420 1007 3475 sed
1061 3423 1188 3493 quia
1249 3424 1504 3480 inventus
1574 3440 1696 3480 sum
1755 3424 1952 3480 ﬁdelis.

388 3510 579 3582 Neque
608 3511 688 3567 sic
724 3522 904 3567 tamen
939 3514 1155 3570 locutus
1183 3525 1289 3581 est,
1322 3532 1536 3583 verum,
1572 3516 1715 3582 Quia
1743 3518 1954 3587 ﬁdelem

390 3619 473 3657 me
499 3604 730 3672 putavit,
780 3618 934 3660 suam
988 3604 1163 3676 ipsius
1196 3607 1455 3662 virtutem
1514 3622 1710 3663 rursus
1759 3617 1955 3663 conte-

389 3711 545 3767 gens.
576 3694 695 3752 Non
733 3696 878 3752 enim
908 3713 1115 3763 assero,
1156 3699 1358 3769 inquit,
1391 3716 1477 3754 me
1520 3699 1692 3755 fuisse
1718 3699 1950 3764 ﬁdelem,

388 3802 579 3844 verum
608 3788 701 3842 ille
731 3802 818 3844 me
845 3782 1009 3843 talem
1043 3789 1403 3845 existimavit.
1429 3788 1585 3844 Unde
1620 3790 1723 3846 hoc
1746 3792 1957 3861 perspi-

387 3876 599 3933 cuum?
631 3876 705 3931 Ex
738 3892 803 3932 eo
833 3874 979 3947 quod
1004 3892 1089 3932 me
1123 3879 1305 3948 posuit
1335 3878 1387 3930 in
1433 3878 1739 3933 ministerio
1766 3894 1779 3931 :
1812 3895 1954 3949 quo-

390 3965 554 4021 modo
578 3967 721 4020 enim
749 3982 836 4021 me
864 3966 1158 4035 posuisset,
1209 3966 1314 4021 nisi
1375 3968 1734 4036 aptitudinem
1783 3970 1841 4024 in
1873 3983 1957 4023 me

386 4058 663 4114 vidisset?
692 4058 843 4113 lianc
878 4057 946 4112 ad
998 4059 1264 4114 rationem
1316 4061 1371 4114 in
1404 4059 1633 4116 familiis
1684 4062 1956 4118 teconomi

386 4152 595 4222 gratias
621 4161 788 4221 agunt
811 4150 1069 4218 dominis,
1092 4152 1239 4222 quod
1267 4152 1371 4208 sibi
1400 4153 1735 4209 crediderint
1759 4155 1955 4210 :edium

390 4239 953 4303 administrationem,
983 4252 1149 4308 atque
1174 4244 1275 4296 hoc
1308 4258 1407 4312 pro
1430 4242 1633 4298 indicio
1656 4245 1955 4315 accipiunt,

391 4333 537 4401 quod
573 4334 697 4389 aliis
727 4333 1000 4389 ﬁdeliores
1032 4334 1326 4391 habentur.
1360 4335 1586 4405 Insuper
1618 4336 1763 4391 Deus
1788 4338 1953 4391 etiam

2058 3154 2153 3209 τοῦ
2188 3153 2324 3209 Θεοῦ
2357 3153 2495 3215 ἐστι,
2530 3151 2624 3205 καὶ
2654 3150 2803 3204 οὐδὲν
2832 3149 2964 3222 παρ’
2988 3149 3159 3221 ἡμῶν
3198 3148 3530 3221 εἰσφέρεται,
3576 3145 3628 3201 τί

2057 3247 2260 3319 δήποτε
2291 3244 2504 3299 Παῦλον
2529 3240 2627 3315 μὲν
2651 3242 2890 3296 τοιοῦτον
2913 3241 3207 3313 εἰργάσατο
3223 3240 3293 3306 ⁸⁸,
3309 3240 3402 3293 τδν
3426 3239 3480 3292 δὲ
3508 3238 3628 3292 ’ἰούο

2057 3337 2154 3390 δαν
2179 3336 2392 3401 ούκέτις
2430 3334 2633 3405 ταύτην
2656 3334 2870 3403 ἀναιρεῖ
2890 3332 2992 3400 τὴν
3019 3330 3311 3394 ἀντίθεσιν,
3326 3330 3419 3382 καί
3441 3345 3626 3398 φησιν,

2056 3431 2139 3484 ὅτι
2158 3429 2271 3497 Οὐχ
2304 3426 2488 3489 ἁπλῶς
2508 3422 2678 3487 οὓτως
2707 3421 3084 3492 ὲνεδυνάμιοσέ
3109 3437 3207 3491 με,
3223 3419 3343 3473 οὐδὲ
3368 3418 3628 3489 ἀκρίτως,

2056 3520 2193 3573 ἀλλὰ
2241 3519 2377 3572 διότι
2424 3513 2656 3585 εύρέθην
2699 3514 2909 3577 πιστός.
2943 3513 3055 3566 Kal
3088 3511 3209 3565 οὐδὲ
3254 3509 3429 3572 οὕτως
3457 3504 3631 3574 εἶπεν,

2057 3610 2194 3674 ἀλλ’,
2230 3610 2361 3662 Ὀτι
2399 3608 2621 3661 πιστόν
2655 3621 2733 3675 με
2772 3602 3067 3673 ἡγήσατο,
3117 3600 3278 3655 πάλιν
3324 3598 3631 3664 συσκιάζιον

2054 3700 2117 3752 τδ
2139 3699 2331 3753 ἑαυτοῦ
2355 3694 2709 3765 κατόρθωμα.
2728 3695 2805 3750 υύ
2837 3694 2979 3762 λέγω
3000 3692 3131 3764 γὰρ,
3158 3690 3343 3762 φησὶν,
3377 3691 3457 3743 ὅτι
3482 3690 3633 3761 ἢμην

2058 3787 2275 3853 πιστὸς,
2330 3785 2446 3839 ἀλλ’
2500 3783 2711 3845 ἐκεῖνός
2754 3801 2821 3855 με
2866 3785 3116 3854 ἡγήσατο
3150 3781 3411 3836 τοιοῦτον.
3460 3780 3631 3834 Πόθεν

2056 3879 2216 3933 τοῦτο
2249 3879 2437 3947 δῆλον;
2468 3872 2604 3931 Ἀπὸ
2636 3877 2730 3929 τοῦ
2764 3876 2950 3929 θέσθαι
2985 3893 3053 3944 με
3080 3876 3157 3938 εἰς
3189 3872 3482 3927 διακονίαν.
3508 3870 3630 3934 Πῶς

2059 3972 2169 4043 γὰρ
2203 3971 2268 4026 ἂν
2299 3968 2449 4024 ἔθετό
2483 3985 2571 4041 με,
2596 3969 2644 4022 εἰ
2673 3966 2749 4040 μὴ
2775 3966 3187 4037 ἐπιτηδειότητα
3215 3961 3352 4018 εἶδεν
3379 3964 3436 4015 ὲν
3469 3959 3593 4033 ἐμοί
3610 3976 3628 4027 ;

2061 4062 2218 4116 υῦτω
2251 4062 2343 4116 καὶ
2374 4065 2432 4116 ὲν
2459 4062 2579 4125 ταῖς
2600 4058 2799 4124 οἰκίαις
2833 4058 3103 4127 οἰκονόμοι
3137 4055 3295 4127 χάριν
3319 4053 3492 4109 οἴδασι
3521 4054 3633 4114 τοῖς

2062 4153 2276 4225 κυρίοις
2301 4151 2500 4213 αὐτῶν,
2532 4150 2627 4203 τοῦ
2674 4148 3031 4217 πιστευθῆναι
3058 4147 3154 4215 τὴν
3180 4144 3507 4214 οἰκονομίαν,
3541 4143 3629 4195 καὶ

2064 4246 2292 4313 σημεῖον
2341 4241 2496 4295 τοῦτο
2536 4240 2776 4293 τίθενται
2821 4237 2915 4291 τοῦ
2956 4236 3264 4306 πιστότεροι
3318 4235 3427 4286 τῶν
3456 4234 3635 4287 ἄλλων

2061 4335 2261 4387 δοκεῖν.
2289 4335 2396 4386 Kal
2422 4335 2450 4384 ὁ
2470 4332 2601 4393 Θεὸς
2625 4331 2680 4383 δὲ
2710 4331 2840 4397 περὶ
2868 4328 3033 4383 αὑτοῦ
3053 4342 3236 4396 φησιν,
3255 4326 3383 4380 Ὀτι
3412 4325 3629 4393 σκεῦος

388 4422 507 4490 ipse
540 4423 611 4476 de
640 4437 706 4478 eo
738 4423 895 4489 dicit,
920 4423 1183 4488 Quoniam
1233 4440 1325 4478 vas
1350 4423 1620 4480 electionis
1666 4427 1796 4481 mihi
1856 4435 1955 4489 est,

2063 4425 2322 4495 ἐκλογῆς
2346 4426 2453 4494 μοι
2501 4424 2631 4475 ἐστι
2681 4422 2786 4475 τοῦ
2813 4419 3130 4486 βαστάσαι
3169 4419 3235 4472 τὸ
3272 4418 3459 4488 ὄνομά
3488 4436 3628 4488 μου.

388 4511 553 4585 554
581 4521 636 4565 ιιι
670 4522 841 4581 portet
871 4530 1056 4568 nomen
1079 4530 1250 4568 meum
1282 4513 1329 4565 ⁸.
1368 4515 1496 4570 Erat
1532 4515 1699 4586 igitur
1731 4516 1958 4570 idoneus

389 4613 450 4656 nt
480 4611 756 4673 portaret:
784 4604 998 4675 accepit
1019 4611 1201 4658 autem
1229 4604 1485 4660 virtutem
1518 4623 1546 4658 a
1572 4603 1705 4669 Deo,
1736 4615 1796 4658 ut
1818 4621 1958 4675 apus

388 4695 573 4750 isthuc
603 4695 913 4765 perliceret.
973 4695 1078 4762 Qui
1128 4695 1273 4751 enim
1325 4706 1638 4767 gestaturus
1689 4706 1774 4752 est
1805 4712 1959 4766 mag-

389 4803 521 4841 num
588 4787 795 4842 Christi
852 4803 1076 4852 nomen,
1136 4798 1197 4844 ut
1253 4788 1431 4859 ipsum
1514 4788 1705 4858 inﬁgat
1760 4789 1960 4844 animis

391 4878 738 4935 credentium
768 4897 863 4951 per
890 4882 1364 4954 praedicationem,
1396 4896 1506 4936 non
1543 4882 1741 4951 exiguo
1763 4883 1957 4936 robore

392 4972 620 5044 indiget.
643 4973 833 5029 Gestat
863 4984 1046 5029 autem
1079 4973 1280 5042 ipsum,
1338 4973 1593 5044 quisquis
1630 4973 1817 5027 omnia
1867 4973 1959 5028 illo

391 5065 556 5137 digne
594 5077 648 5122 et
679 5066 908 5138 cogitat,
935 5072 989 5119 ct
1011 5065 1164 5130 dicit,
1194 5073 1248 5120 et
1297 5066 1463 5123 facit:
1501 5064 1958 5134 quemadmodum

390 5160 439 5214 is
488 5160 582 5231 qui
610 5157 926 5228 bujusmodi
959 5173 1070 5213 non
1098 5158 1283 5221 fuerit,
1321 5159 1743 5230 haudquaquam
1791 5159 1958 5214 etiam

394 5260 613 5322 gestat:
646 5248 738 5320 qui
763 5248 929 5315 enim,
963 5264 1087 5304 cum
1120 5266 1297 5321 neque
1323 5251 1603 5307 Christum
1641 5251 1864 5307 omnino
1903 5252 1957 5307 in

459 5429 482 5459 ⁸
520 5431 640 5483 Act.
676 5445 748 5495 Ix,
781 5430 867 5483 l3.

2062 4514 2172 4569 Ἦν
2218 4517 2317 4585 μὲν
2361 4512 2455 4569 οῦν
2494 4513 2793 4575 ἐπιτήδειος
2832 4514 2911 4573 εἰς
2951 4511 3013 4565 τδ
3045 4511 3342 4584 βαστάσαι’
3383 4510 3542 4564 ἐλαδε
3573 4508 3632 4562 δε

2063 4608 2294 4676 δύναμιν
2326 4604 2477 4676 παρὰ
2506 4603 2596 4657 τοῦ
2630 4603 2788 4668 Θεοῦ,
2834 4603 2975 4657 ὥστε
3019 4608 3114 4658 καὶ
3141 4604 3201 4657 τὸ
3244 4602 3401 4672 ἔργον
3434 4600 3630 4655 τελεῖν.

2076 4698 2135 4751 Ὀ
2163 4696 2272 4767 γὰρ
2307 4696 2596 4767 βαστάζειν
2624 4695 2833 4767 μέλλων
2866 4695 2928 4749 τὸ
2966 4694 3137 4766 ὄνομα
3167 4693 3260 4748 τοῦ
3303 4691 3540 4763 Χριστοῦ
3572 4692 3633 4744 τὸ

2071 4794 2232 4864 μέγα,
2263 4792 2403 4846 ὥστε
2431 4791 2814 4861 ὲγκαταθεῖναι
2847 4791 2979 4844 αὐτὸ
3002 4791 3197 4860 ψυχαῖς
3226 4787 3311 4841 διὰ
3340 4784 3432 4839 τοῦ
3463 4783 3634 4856 κηρύ-

2068 4901 2298 4954 γματος,
2332 4884 2532 4954 πολλῆς
2565 4882 2748 4953 ἰσχύος
2780 4884 2972 4935 δεῖται.
3004 4878 3273 4942 Βαστάζει
3301 4877 3357 4932 δὲ
3396 4877 3574 4940 τοῦτο,
3605 4878 3634 4930 ό

2068 4978 2247 5030 πάντα
2287 4975 2453 5043 ἀξίως
2495 4974 2660 5028 αὑτοῦ
2682 4973 2727 5005 ⁸³
2776 4975 2874 5027 ’καὶ
2911 4972 3122 5043 φρονῶν
3168 4971 3262 5024 καὶ
3316 4970 3489 5038 λέγων
3538 4967 3634 5022 καὶ

2070 5068 2343 5139 πράττων
2372 5066 2446 5127 ὡς
2472 5068 2564 5134 ὅγε
2598 5066 2673 5137 μὴ
2692 5063 2953 5130 τοιοῦτος,
2970 5064 3030 5117 ού
3063 5052 3337 5135 βαστάζει.
3358 5061 3480 5124 Πῶς
3502 5060 3630 5127 γὰρ,

2066 5160 2124 5223 ὃς
2155 5160 2274 5213 οὐδὲ
2307 5159 2419 5230 ἔχει
2454 5159 2589 5221 ὅλως
2627 5159 2685 5212 ὲν
2715 5156 2892 5227 ἑαυτῷ
2916 5156 3006 5209 τὸν
3046 5156 3314 5226 Χριστόν;
3347 5155 3426 5209 Τά
3452 5170 3509 5206 τε
3538 5150 3631 5204 οὖν

2069 5253 2204 5309 ἄλλα
2245 5252 2435 5316 πιστὸς
2458 5252 2502 5282 ⁸⁸
2521 5245 2590 5322 ἦν
2612 5253 2639 5302 δ
2679 5248 2911 5316 Παῦλος,
2946 5250 3039 5303 καὶ
3063 5247 3199 5302 καθὸ
3223 5246 3374 5300 οὐδὲν
3409 5245 3634 5313 ἐσφετε-

1744 5550 1951 5617 Varite
1995 5550 2327 5616 lectiones.

467 5706 511 5749 ⁸³
532 5714 798 5786 δνδνναμ-
863 5733 929 5788 με
956 5717 1180 5791 Χριστῷ
1208 5734 1260 5776 ο.
1341 5719 1386 5754 ³⁹
1410 5714 1727 5789 τηλικοῦτον
1750 5733 1805 5775 ο.
1883 5715 1927 5751 ⁸ο
1947 5715 2265 5782 ἀπεδείξατο
2304 5731 2379 5772 m.
2456 5715 2498 5747 “
2535 5713 2752 5776 πάντως
2791 5710 2936 5778 άξ,-
2954 5709 3099 5780 αὐτῷ
3121 5723 3174 5764 o.
3252 5709 3296 5741 ι’
3322 5707 3552 5781 χρηστὸς
3576 5719 3630 5765 0.
