4006 6214
376 276 407 287 μ

351 286 421 348 id
1275 293 1850 353 THEOPIIYLACTI
1897 295 1951 353 B‘

2056 295 2307 355 ΟΜΝ.)ίί
2343 300 2379 352 Α
2392 296 2693 355 RClIlEl’.

3528 298 3604 361 ‘24

349 395 624 463 voluntas,
664 398 868 467 subdit,
932 400 1068 456 Cum
1101 400 1206 472 ﬁde
1260 418 1322 455 ac
1375 400 1675 456 dilectione.
1727 399 1951 464 Fidem,

2056 404 2361 475 προαίρεσις,
2420 404 2638 473 ἐπάγει,
2694 404 2853 457 Μετὰ
2904 404 3163 470 πίστεως
3206 402 3302 457 καί
3346 402 3608 473 ἀγάπης.

352 489 522 553 enim,
560 488 756 559 inquit,
788 492 946 545 attuli
998 506 1117 560 ego,
1154 494 1383 548 credens
1432 491 1581 563 quod
1623 493 1799 562 possit
1837 508 1923 546 me

356 590 579 633 Servare
616 597 629 634 :
670 588 724 635 ct
749 581 1096 646 charitatem,
1131 596 1292 653 quam
1319 583 1485 638 etiam
1528 585 1644 652 ipse
1682 582 1737 637 in
1766 581 1926 636 Chri-

353 682 440 723 sto
490 668 618 726 Jesu
676 674 944 740 acquisivi
982 692 996 727 :
1035 673 1349 729 dilectionis
1400 675 1544 730 enim
1585 688 1715 744 erga
1756 673 1924 730 Deum

352 751 609 815 Christus
636 761 771 815 mihi
822 762 1146 818 conciliator
1165 774 1270 831 est,
1303 779 1410 820 non
1443 764 1554 820 lex.
1594 765 1804 819 Iudicat
1829 778 1928 817 au-

355 857 461 905 tem
505 868 627 905 cum
668 851 773 907 lide
827 853 1147 909 charitatem
1189 856 1352 911 simul
1399 856 1821 911 adducendam:
1858 870 1925 909 ex

356 944 623 998 charitste
651 945 796 999 enim
821 945 1198 1017 mandatorum
1229 949 1363 1019 legis
1391 957 1475 1004 est
1495 948 1761 1020 peractio,
1788 947 1930 1003 sicut

353 1034 619 1091 Dominus
663 1036 801 1091 dixit
859 1054 877 1094 :
944 1040 1007 1094 Si
1077 1041 1301 1113 diligitis
1363 1059 1465 1106 me,
1498 1040 1750 1096 mandata
1815 1057 1930 1095 mea

356 1141 559 1184 servate
595 1131 655 1184 ¹³.

433 1220 598 1278 Vsus.
634 1223 720 1281 15.
775 1223 981 1280 Fidelis
1017 1242 1209 1291 sermo,
1249 1236 1299 1281 et
1338 1228 1483 1280 omni
1514 1227 1815 1297 acceptione
1846 1226 1932 1280 di-

358 1322 514 1381 gnus,
544 1317 681 1384 quod
710 1315 866 1370 Jesus
913 1318 1155 1372 Christus
1191 1320 1327 1371 venit
1371 1320 1426 1371 in
1458 1318 1712 1371 mundum
1742 1334 1932 1388 pecca-

363 1414 501 1459 tores
534 1407 707 1460 salvos
747 1408 941 1477 facere.
973 1407 1111 1475 Quia
1146 1409 1381 1475 dixerat,
1418 1408 1543 1472 Mei,
1578 1424 1700 1465 cum
1748 1425 1935 1479 persc-

362 1504 521 1550 cutor
569 1512 770 1564 essem,
818 1500 1079 1556 misertus
1135 1508 1258 1556 est:
1305 1501 1386 1555 Ne
1437 1501 1678 1567 mireris,
1733 1502 1935 1571 inquit,

363 1590 539 1647 neque
591 1585 959 1654 magnitudini
1012 1587 1142 1642 doni
1189 1595 1244 1643 et
1292 1589 1482 1659 gratiae
1510 1589 1721 1645 dillidas
1763 1608 1777 1645 :
1813 1605 1935 1644 nam

362 1684 588 1743 propter
623 1677 731 1732 hoc
775 1679 953 1748 ipsum
997 1681 1147 1734 venit
1194 1680 1248 1734 in
1300 1684 1586 1747 mundum,
1648 1689 1706 1737 ut
1768 1682 1934 1737 etiam

2027 494 2218 549 Πίστιν
2247 496 2377 565 γὰρ,
2433 499 2620 567 φησὶν,
2663 496 2962 566 εἰσήνεγκα
3011 495 3143 562 ἐγὼ,
3189 494 3490 556 πιστεύσας
3522 496 3607 547 ὅτι

2025 585 2248 639 δύναταί
2274 603 2342 657 με
2387 587 2592 641 σῶσαι⁶
2627 587 2722 640 καὶ
2772 586 3016 654 ἀγάπην,
3047 587 3115 656 ἣν
3150 585 3246 638 καὶ
3284 586 3447 648 αὐτὸς
3475 587 3519 619 ⁸⁸
3550 588 3609 640 ἐν

2027 678 2250 749 Χριστῷ
2275 679 2449 749 Ἰησοῦ
2486 681 2807 751 ἐκτησάμην
2829 695 2845 711 ·
2877 680 2976 748 τῆς
3003 679 3110 748 γὰρ
3141 678 3279 748 πρὸς
3303 677 3435 729 Θεὸν
3469 679 3610 745 ἀγά-

2030 786 2137 837 πης
2174 771 2431 841 πρόξενός
2464 788 2554 841 μοι
2588 773 2617 825 ὁ
2646 770 2900 842 Χριστὸς,
2929 771 3026 839 οὐχ
3059 771 3086 822 ὁ
3141 770 3325 839 νόμος.
3358 770 3609 824 Δείκνυσι

2028 860 2087 913 δὲ
2115 861 2196 913 ὅτι
2227 861 2365 932 μετὰ
2408 863 2649 926 πίστεως
2704 863 2790 916 δεῖ
2847 862 2942 915 καὶ
2989 860 3211 929 ἀγάπην
3246 862 3606 928 συνεισάγει-ι,

2044 953 2135 1018 Ἐξ
2174 951 2396 1022 ἀγάπης
2427 953 2538 1024 γὰρ
2566 957 2599 1025 ἡ
2654 954 2763 1007 τῶν
2824 953 3053 1008 ὲντολῶν
3087 953 3445 1023 κατόρθωσις,
3478 953 3552 1015 ὡς
3582 955 3612 1006 ὁ

2031 1045 2233 1116 Κύριος
2265 1041 2441 1098 εἶπεν·
2490 1046 2631 1100 Ἐὰν
2658 1043 2926 1115 ἀγαπᾶτέ
2949 1061 3048 1114 με,
3076 1043 3182 1111 τὰς
3205 1043 3459 1111 ἐντολάς
3489 1061 3613 1114 μου

2032 1137 2353 1206 τηρήσατε.

2105 1230 2327 1296 Πιστὸς
2357 1233 2389 1284 ὀ
2416 1231 2599 1300 λόγος
2622 1230 2720 1283 καὶ
2741 1228 2942 1296 πάσης
2967 1227 3273 1297 ἀποδοχῆς
3299 1227 3488 1293 ἄξιος,
3523 1226 3613 1283 ὅτι

2047 1322 2287 1388 Ἰησοῦς
2321 1322 2580 1389 Χριστὸς
2610 1324 2697 1389 είς
2727 1321 2839 1375 τὸν
2868 1322 3099 1391 κόσμον
3136 1318 3324 1390 ἦλθεν
3347 1321 3611 1387 ἁμαρτω-

2035 1412 2188 1479 λοὺς
2219 1412 2435 1467 σῶσαι.
2485 1412 2704 1481 Ἐπειδὴ
2740 1408 2916 1477 εἶπεν,
2961 1413 3041 1465 ὅτι
3073 1410 3322 1478 Διὼκτην
3366 1409 3493 1462 ὅντα
3543 1424 3611 1476 με

2034 1503 2257 1575 ἠλέησε,
2289 1503 2382 1572 Μὴ
2438 1502 2755 1575 θαυμάσῃς,
2788 1504 2941 1571 φησὶ,
2973 1503 3107 1572 μηδὲ
3157 1501 3468 1571 ἀπιστήσῃς
3520 1498 3615 1551 ἐπὶ

2038 1595 2116 1665 τῷ
2142 1596 2361 1665 μεγέθει
2399 1596 2498 1668 τῆς
2526 1595 2754 1663 δωρεᾶς.
2803 1595 2913 1648 Καὶ
2959 1594 3070 1664 γὰρ
3122 1592 3209 1646 ἐπ’
3243 1592 3392 1662 αὐτῷ
3443 1590 3616 1658 τούτῳ

2041 1689 2123 1749 εἰς
2163 1689 2254 1741 τὸν
2282 1688 2488 1758 κόσμον
2531 1679 2718 1758 ἦλθεν,
2761 1687 2847 1739 ἵνα
2874 1687 2969 1740 καὶ
3024 1688 3230 1748 πάντας
3260 1682 3617 1754 ἁμαρτωλοὺς

366 1778 559 1821 omnes
575 1777 893 1835 peccatores
918 1770 1101 1826 salvos
1130 1770 1315 1828 faciat.
1338 1771 1539 1829 Fidelis
1582 1773 1745 1844 igitur
1760 1790 1939 1830 sermo

2056 1747 2217 1850 τιδσῃ.
2252 1747 2450 1842 nmis;
2483 1747 2576 1831 οὖν
2603 1780 2631 1832 ὁ
2662 1747 2841 1845 λύγος,
2881 1778 2977 1831 καὶ
3006 1776 3153 1842 ἄξιος
3188 1747 3616 1845 παραδέχεσθαι.

371 1855 680 1926 dignasque
740 1860 835 1929 qui
891 1862 1248 1932 suscipiatur.
1302 1862 1420 1919 Non
1473 1866 1617 1919 enim
1655 1874 1940 1937 propterea

369 1947 519 2017 quod
570 1963 764 2019 magna
796 1952 906 2006 sint
940 1969 1062 2022 qua:
1101 1954 1227 2009 data
1267 1966 1417 2024 sunt,
1451 1956 1573 2012 ideo
1608 1957 1829 2027 dignum
1859 1965 1943 2012 est

372 2054 480 2094 non
513 2039 738 2098 credere
774 2060 788 2097 :
820 2059 1011 2097 verum
1062 2046 1188 2113 quia
1226 2046 1495 2102 immensa
1546 2057 1629 2103 est
1677 2049 1934 2103 donantis

373 2120 621 2196 bonitas,
658 2131 785 2188 hinc
820 2133 1043 2205 dignum
1080 2145 1184 2201 est,
1213 2145 1267 2191 ut
1295 2138 1587 2193 credamus
1619 2147 1674 2194 et
1715 2139 1944 2206 recipia-

374 2237 516 2278 mus.
555 2223 667 2278 lloc
702 2233 880 2280 autem
906 2228 972 2282 ad
999 2225 1218 2285 Iudaeos
1259 2230 1445 2294 etiam,
1488 2232 1582 2301 qui
1617 2231 1722 2302 legi
1749 2230 1943 2284 adver-

372 2314 563 2368 tebant
595 2315 859 2381 animum,
892 2320 1225 2386 extenditur,
1260 2330 1319 2375 ut
1352 2321 1610 2376 ostendat
1659 2323 1763 2387 eis,
1801 2321 1944 2392 qttod

374 2405 495 2460 sine
512 2405 615 2460 [ide
644 2421 750 2461 non
778 2408 995 2477 possint
1035 2409 1170 2463 salvi
1200 2424 1345 2466 esse.

446 2496 686 2563 Quorum
716 2515 808 2570 ego
829 2501 1037 2568 primus
1057 2516 1199 2554 sum.
1228 2501 1515 2568 Quomodo
1544 2518 1667 2559 cum
1708 2505 1843 2561 alias
1875 2505 1952 2560 di-

376 2585 566 2650 xisset,
596 2585 897 2643 Secundum
913 2590 1186 2658 justitiam
1215 2592 1341 2662 legis
1359 2593 1531 2662 {actus
1557 2596 1859 2665 inculpatus
1882 2599 1947 2661 “,

377 2682 527 2755 nunc
595 2678 830 2746 primum
899 2689 1252 2749 peccatorum
1330 2685 1569 2754 seipsum
1626 2687 1954 2742 constituit?

380 2757 650 2833 Quoniam
684 2783 808 2823 cum
841 2770 1060 2840 justitia
1101 2788 1223 2842 quin
1250 2783 1330 2829 cst
1367 2774 1421 2830 in
1452 2776 1695 2843 Christo,
1738 2780 1952 2849 justitia

381 2860 514 2930 legis
546 2860 763 2927 collata,
803 2874 1084 2933 peccatum
1143 2872 1248 2931 est,
1290 2877 1348 2921 ut
1399 2869 1490 2923 cui
1543 2885 1689 2926 nunc
1741 2880 1954 2943 tempus

383 2962 491 3002 non
526 2948 891 3020 relinquatur.
925 2952 1199 3019 Quamdiu
1231 2955 1375 3009 enim
1417 2968 1628 3026 tempus
1661 2975 1820 3013 suum
1851 2961 1952 3014 ha-

2041 1872 2117 1924 Ού
2147 1870 2256 1943 γὰρ
2287 1870 2475 1940 ἐπειδὴ
2510 1870 2720 1939 μεγάλα
2751 1870 2867 1923 ἐστὶ
2899 1870 2966 1922 τὰ
2994 1867 3252 1938 δεδομένα
3289 1865 3439 1931 ἄξιόν
3469 1867 3618 1918 ἐστιν

2042 1965 2316 2028 ἀπιστεῖν,
2350 1962 2465 2016 ἀλλ’
2509 1962 2699 2032 ἐπειδὴ
2745 1961 2975 2034 ἄπειρος
3013 1963 3047 2030 ἡ
3098 1958 3372 2027 ἀγαθότης
3412 1956 3508 2010 τοῦ
3539 1955 3619 2008 δι-

2043 2055 2248 2119 δόντος,
2281 2054 2372 2107 διὰ
2407 2052 2566 2106 τοῦτο
2589 2052 2741 2119 ἀξιον
2772 2051 3050 2105 πιστεύειν
3078 2050 3171 2105 καὶ
3201 2047 3620 2120 παραδέχεσθαι.

2045 2146 2217 2200 Τοῦτο
2260 2146 2317 2198 δὲ
2349 2146 2441 2198 καὶ
2493 2146 2629 2215 πρὸς
2663 2144 2953 2205 Ἰουδαίους
2987 2143 3113 2204 τοὺς
3143 2141 3221 2212 τῷ
3264 2141 3414 2209 νόμῳ
3455 2154 3625 2208 προσ-

2049 2238 2273 2306 έχοντας
2326 2234 2693 2298 ἀποτείνεται,
2734 2233 2823 2287 ἵνα
2875 2231 3025 2302 δείξῃ
3074 2231 3278 2296 αὐτοῖς,
3311 2229 3394 2282 ὅτι
3456 2224 3628 2296 χωρὶς

2049 2329 2284 2390 πίστεως
2311 2326 2411 2379 οὐκ
2443 2325 2561 2378 ἔστι
2587 2325 2629 2357 ³⁷
2670 2324 2932 2394 σωθῆναι.

2121 2500 2235 2562 Ὧν
2261 2504 2493 2574 πρῶτός
2514 2504 2628 2571 ειμι
2651 2500 2782 2570 ἐγώ.
2814 2499 2939 2561 Πῶς
2959 2494 3189 2566 ἀλλαχοῦ
3222 2491 3392 2546 είπών
3414 2508 3428 2523 ο
3464 2487 3627 2544 Κατὰ

2051 2598 2449 2662 δικαιοσύνην
2482 2594 2597 2659 τὴν
2624 2593 2695 2646 ἐν
2739 2593 2901 2660 νόμῳ
2950 2589 3273 2658 γενόμενος
3303 2585 3629 2654 ἄμεμπτος,

2055 2691 2150 2745 νῦν
2183 2688 2400 2759 πρῶτον
2453 2686 2561 2740 τῶν
2596 2682 2937 2755 ἁμαρτωλῶν
2982 2680 3163 2733 τάττει
3207 2675 3437 2739 ἑαυτόνς
3485 2673 3630 2726 Διότι

2053 2780 2127 2843 ὡς
2166 2778 2297 2849 πρὸς
2330 2780 2428 2847 τὴν
2461 2777 2517 2829 ὲν
2546 2771 2767 2843 Χριστῷ
2799 2769 3167 2838 δικαιοσύνην,
3196 2768 3231 2837 ἡ
3266 2766 3325 2819 ὲν
3369 2763 3448 2833 τῷ
3478 2762 3631 2832 νόμῳ

2056 2869 2376 2940 δικαιοσύνη
2410 2865 2655 2938 ἁμαρτία
2683 2866 2853 2925 ἐστὶν,
2872 2862 2968 2916 ἅτε
2989 2858 3180 2930 καιρὸν
3201 2856 3296 2912 νῦν
3317 2856 3391 2927 μὴ
3412 2856 3631 2925 ἔχουσα.

2062 2965 2207 3025 Ἕως
2246 2961 2346 3031 μὲν
2384 2960 2494 3030 γὰρ
2533 2954 2648 3027 εἶχε
2699 2954 2913 3026 καιρὸν,
2959 2948 3276 3017 δικαιοσύνη
3308 2942 3406 3019 ἦν’
3445 2947 3632 3012 ὥσπερ

385 3039 567 3104 nebat,
601 3040 806 3095 tamdiu
830 3040 1040 3110 justitia
1088 3054 1206 3099 erat
1234 3063 1249 3112 ;
1292 3046 1516 3115 perinde
1538 3062 1603 3100 ac
1631 3048 1757 3102 luna
1787 3056 1842 3104 et
1874 3049 1951 3103 lu-

2061 3055 2154 3108 καὶ
2178 3055 2212 3124 ἡ
2249 3052 2452 3119 σελήνη
2481 3053 2577 3102 καὶ
2606 3051 2634 3100 ὁ
2670 3046 2863 3116 λύχνος
2895 3045 2951 3096 ὲν
2978 3043 3135 3095 νυκτὶ
3169 3041 3471 3110 φαίνουσιν.
3503 3036 3633 3135 Ὅτε

385 3142 549 3185 cerua
584 3141 744 3187 nocte
782 3132 1002 3202 quidem
1036 3135 1244 3191 lucent.
1276 3136 1507 3202 Quando
1534 3152 1664 3192 vero
1695 3139 1953 3196 Christus

387 3230 649 3290 tanquam
688 3221 774 3277 sol
816 3223 1015 3290 illuxit,
1057 3237 1187 3282 tunc
1226 3227 1399 3297 ipsam
1430 3229 1725 3284 occultavit
1762 3248 1775 3285 :
1811 3240 1964 3286 errat

392 3312 578 3382 itaque
602 3314 847 3384 etplane
894 3316 1096 3391 stultus
1146 3327 1251 3383 est,
1313 3319 1404 3389 qui
1470 3320 1586 3375 sole
1644 3321 1965 3390 splendente

391 3404 615 3457 lucerna
675 3405 868 3460 utitur.
927 3404 1052 3462 Alio
1108 3417 1288 3464 autem
1360 3410 1414 3464 in
1481 3412 1600 3465 loco
1656 3413 1758 3467 hoc
1802 3413 1963 3467 etiam

393 3491 527 3547 dicit
563 3512 576 3549 :
616 3492 765 3550 Nam
792 3497 1264 3569 necjgloriﬁcatum
1293 3512 1395 3567 est,
1425 3505 1564 3574 quod
1602 3504 1798 3558 claruit
1825 3507 1889 3558 “‘.

468 3582 630 3641 Viam.
656 3588 743 3643 16.
778 3587 879 3643 Sed
905 3591 1021 3645 ideo
1049 3593 1464 3649 misericordiam
1493 3605 1802 3650 consecutus
1823 3613 1964 3661 sum,

394 3687 451 3730 ut
496 3679 551 3731 in
580 3696 661 3734 me
681 3683 852 3750 primo
894 3684 1185 3739 ostenderet
1233 3685 1395 3742 Iesus
1461 3688 1704 3743 Christus
1763 3705 1966 3744 omnem

397 3771 874 3837 longanimitatem,
921 3777 992 3829 ad
1030 3778 1459 3846 informationem
1513 3796 1694 3834 eorum
1723 3783 1813 3851 qui
1858 3798 1970 3836 cre-

396 3862 566 3915 dituri
594 3873 716 3917 sunt
747 3864 831 3918 illi
860 3867 912 3921 in
942 3869 1101 3922 vitam
1131 3879 1408 3924 (sternam.
1439 3868 1575 3925 Vide
1602 3870 1723 3940 ejus
1760 3871 1972 3925 humili-

399 3961 590 4010 tatem.
623 3953 941 4027 Propterea,
980 3960 1182 4031 inquit,
1217 3963 1653 4018 miscricordiam
1700 3978 1968 4019 consecu-

384 4046 487 4100 tus
538 4063 679 4113 sum,
722 4048 793 4105 Ut
852 4066 1011 4106 nemo
1073 4053 1330 4123 deinceps
1403 4064 1752 4124 peccatorum
1813 4054 1975 4126 556

2061 3146 2118 3200 δὲ
2147 3148 2174 3197 ὁ
2206 3141 2439 3213 Χριστὸς
2474 3138 2673 3209 ἐφάνη,
2715 3137 2905 3207 ὥσπερ
2930 3135 3100 3205 ἥλιος,
3148 3131 3269 3183 τότε
3303 3130 3474 3198 αὐτὴν
3505 3126 3633 3180 ἀπέ-

2064 3238 2239 3311 κρυψε
2260 3253 2273 3267 ·
2320 3233 2415 3287 καὶ
2448 3232 2633 3284 λοιπὸν
2677 3230 2984 3300 ἁμαρτάνει
3015 3226 3113 3278 καὶ
3145 3222 3370 3293 ἀνόητός
3420 3222 3567 3311 ἐστιν

2063 3308 2243 3403 λύχνῳ
2277 3329 2581 3402 χρώμενος,
2628 3323 2780 3396 ἡλίου
2814 3319 3121 3389 φαίνοντος,
3159 3316 3269 3369 Καὶ
3318 3309 3559 3403 ἀλλαχού
3582 3308 3640 3361 δὲ

2065 3400 2229 3475 τούτύ
2278 3400 2489 3491 νῷησιν·
2555 3418 2636 3469 Οὐ
2692 3413 2802 3483 γὰρ
2855 3408 3218 3472 δεδόξασται
3272 3404 3339 3459 τὸ
3395 3400 3642 3466 δεδοξαο

2067 3511 2317 3582 σμένον.

2152 3602 2330 3657 Ἀλλὰ
2365 3598 2462 3653 διὰ
2491 3595 2669 3651 τοῦτο
2694 3592 2986 3663 ἠλεήθην,
3027 3591 3129 3645 ἵνα
3164 3589 3234 3642 ἐν
3260 3585 3389 3655 ἐμοὶ
3435 3582 3645 3652 πρώτῳ

2069 3694 2406 3761 ἐνδείξηται
2427 3689 2660 3759 Ἰησοῦς
2684 3691 2716 3742 ό
2761 3686 3015 3756 Χριστὸς
3047 3682 3162 3750 τὴν
3196 3678 3404 3735 πᾶσαν
3424 3691 3643 3745 μακρο-

2072 3789 2312 3858 θυμίαν,
2369 3783 2521 3853 πρὸς
2554 3780 2947 3836 ὑποτύπωσιν
2987 3774 3105 3829 τῶν
3155 3770 3509 3841 μελλόντων
3548 3782 3644 3858 πι-

2070 3853 2311 3934 στεύειν
2342 3877 2433 3930 ἐπ’
2473 3871 2633 3938 αὐτῷ
2652 3872 2740 3937 είς
2772 3867 2926 3936 ζωὴν
2955 3864 3211 3921 αἰώνιον.
3258 3860 3400 3928 Ὅρα
3455 3853 3645 3909 ταπεί-

2072 3988 2258 4025 νωσιν.
2290 3969 2388 4021 Διὰ
2430 3964 2608 4028 τοῦτο,
2637 3962 2828 4035 φησὶν,
2869 3958 3131 4030 ἠλεήθην,
3164 3954 3252 4006 ἵνα
3285 3949 3473 4021 μηδεὶς
3503 3947 3641 4035 dista-

2074 4062 2279 4134 γορεύῃ
2333 4059 2518 4113 λοιπὸν
2548 4031 2661 4110 τῶν
2703 4031 3108 4124 Ϋὴμαρτηκὸτων
3132 4085 3148 4107 ,
3187 4043 3299 4113 ἀλλ’
3334 4039 3554 4134 εθελπις
3589 4031 3646 4108 ᾖ,

399 4134 672 4206 desperet,
707 4139 801 4194 sed
825 4140 1023 4195 bonam
1059 4157 1211 4212 spem
1236 4145 1510 4215 concipiat
1540 4146 1641 4201 sibi
1675 4145 1951 4201 condonar

2076 4129 2278 4218 distuli
2336 4153 2553 4205 πάντων
2593 4143 3050 4217 ἀμαρτωλοτέρου
3101 4135 3314 4191 Παύλου
3364 4129 3648 4190 σωθέντος.

402 4241 624 4293 noxam,
670 4244 793 4284 cum
833 4232 1233 4289 animadvertat
1288 4233 1539 4301 Paulum,
1599 4236 1692 4307 qui
1752 4236 1944 4307 reliqui

2079 4246 2330 4299 Δείκνυσι
2354 4242 2410 4295 δὲ
2437 4240 2524 4294 διὰ
2545 4238 2736 4291 τούτου
2764 4233 2883 4286 οὐδὲ
2913 4232 3062 4296 ἄξιον
3092 4228 3223 4280 ὄντα
3249 4222 3651 4291 συγχωρήσεως

401 4318 659 4373 uiiinihus
689 4321 910 4389 gravius
939 4334 1238 4392 peccasset,
1297 4329 1507 4381 salvqu
1568 4344 1691 4384 esse
1745 4328 1951 4384 lactant

2082 4336 2296 4399 ἐαυτδν,
2335 4332 2471 4386 ἀλλὰ
2526 4329 2614 4381 διὰ
2671 4328 2764 4392 τὴν
2818 4321 2926 4375 τῶν
2978 4318 3181 4388 ἑτέρων
3228 4312 3504 4383 σωτηρίαν
3551 4309 3655 4376 τῆς

405 4408 507 4461 t‘er
541 4410 642 4463 hoc
677 4427 805 4466 vero
834 4415 1075 4469 ostendit
1111 4418 1351 4486 seipsum
1384 4433 1493 4471 non
1546 4417 1720 4473 fuisse
1749 4421 1951 4489 dignun

2084 4418 2491 4494 φιλανθρωπίας
2543 4411 2946 4468 ἀπολαύσαντα.
2987 4407 3102 4460 Ούκ
3138 4400 3259 4456 εἷπε
3309 4403 3386 4469 δὲ,
3424 4401 3541 4455 Ἵνα
3596 4401 3654 4451 ἐν

405 4501 829 4568 condonatioue,
875 4513 1137 4559 caeterum
1194 4516 1416 4577 propter
1463 4509 1693 4565 aliorum
1741 4512 1951 4567 saluten

2087 4514 2208 4584 ἐμοὶ
2234 4508 2536 4575 ἐνδείξηται
2564 4503 2664 4574 τὴν
2697 4498 3107 4572 μακροθυμίαν,
3130 4494 3285 4558 ἀλλὰ,
3304 4494 3402 4584 την
3425 4494 3651 4584 sedeate,

406 4608 466 4646 se
501 4593 851 4650 clementiam
895 4594 989 4651 Dei
1050 4608 1405 4654 consecutum
1463 4616 1606 4657 esse.
1664 4601 1785 4655 Non
1841 4599 1951 4655 dixi

2083 4580 2157 4668 ei;
2192 4604 2257 4658 ἂν
2286 4602 2335 4654 εί
2365 4598 2525 4651 τοίτο
2559 4594 2732 4663 λέγων
2752 4608 2766 4622 ο
2802 4591 3041 4660 Ἀπειρα
3072 4581 3412 4656 ἡμαρτηκὼς
3451 4580 3655 4641 παντδς

409 4694 614 4748 autem,
648 4692 707 4740 ut
755 4687 810 4741 in
863 4703 949 4743 me
1001 4691 1261 4765 ostendat
1309 4692 1797 4764 longanimitatem,
1856 4689 1976 4753 sed,

366 4826 369 4831 λ
411 4791 653 4844 onmem;
684 4780 912 4849 perinde
937 4783 1095 4852 quasi
1124 4783 1271 4840 dicat
1302 4802 1316 4840 :
1356 4785 1491 4841 Cum
1530 4786 1584 4840 in
1643 4786 1974 4839 immensum

418 4883 756 4936 peccassem,
775 4876 922 4927 omni
947 4876 1324 4933 misericordia
1343 4878 1673 4946 indigebam,
1691 4877 1980 4930 universa-

416 4975 521 5027 que
547 4958 669 5029 ejus
693 4963 1003 5029 clementia,
1032 4981 1138 5021 non
1171 4976 1324 5036 parte
1347 4967 1468 5036 ejus
1497 4966 1700 5034 aliqua,
1739 4970 1799 5015 ut
1828 4962 1862 5015 ii
1888 4961 1982 5031 qui

417 5068 481 5106 ex
516 5060 669 5123 parte
700 5065 1016 5124 peccatores
1063 5065 1213 5112 sunt.
1264 5056 1348 5111 Ad
1384 5056 1837 5124 informationem,
1892 5052 1984 5107 in-

420 5146 538 5210 quit
570 5162 585 5200 :
616 5146 719 5201 hoc
743 5155 848 5212 est,
882 5147 951 5201 ad
985 5148 1284 5218 exemplar,
1322 5151 1388 5201 ad
1442 5146 1876 5201 consolationem
1931 5155 1987 5199 et

422 5234 861 5290 adhortationem
886 5237 1129 5291 omnium
1153 5237 1244 5305 qui
1286 5235 1509 5289 credere
1540 5235 1729 5288 velint.

494 5324 657 5382 Vnus.
683 5322 767 5381 l7.
800 5326 927 5397 Regi
951 5325 1478 5388 autemsa‘culorum,
1519 5324 1831 5388 immortali,
1859 5324 1990 5376 invi-

2087 4694 2267 4755 ἐλέους
2295 4688 2546 4758 ἐδεόμην,
2570 4685 2664 4738 καὶ
2687 4680 2865 4751 πάσης
2895 4677 3063 4733 αὐτοῦ
3093 4677 3193 4744 τῆς
3224 4669 3653 4741 φιλανθρωπίας,

2083 4791 2144 4844 ού
2195 4785 2452 4859 μερικῆς,
2488 4782 2563 4844 ὡς
2605 4781 2655 4833 el
2700 4779 2763 4831 ὲκ
2818 4776 3017 4845 μέρους
3066 4766 3379 4859 ἁμαρτωλοί
3403 4765 3468 4818 ⁸⁸.
3505 4763 3660 4859 Πρδς

2087 4853 2500 4936 ὑποτύπωσιν,
2525 4868 2685 4941 φησί’
2709 4859 2977 4928 τουτέστι,
3011 4863 3148 4933 πρὸς
3175 4858 3497 4925 ὑπόδειγμα,
3525 4853 3661 4923 πρὸς

2093 4965 2457 5036 παράκλησιν,
2493 4958 2628 5030 πρὸς
2659 4953 2975 5027 προτροπὴν
3002 4952 3046 4984 ⁸⁵⁵
3088 4947 3306 5002 πάντων
3344 4945 3453 4998 τῶν
3478 4941 3661 4996 θελόν-

2095 5076 2203 5112 των
2231 5052 2528 5109 πιστεύειν.

2176 5315 2259 5384 τῷ
2301 5312 2370 5370 δὲ
2389 5312 2645 5380 βασιλεῖ
2680 5311 2799 5367 τῶν
2827 5307 3056 5364 αίώνων
3094 5303 3386 5375 ἀφθάρτῳ,
3413 5296 3662 5367 ἀισίιὰτῳ,

498 5469 718 5527 "Joan.
758 5486 870 5535 xw,
916 5470 1001 5524 l5.
1079 5468 1122 5499 “
1164 5467 1398 5537 Philipp.
1434 5482 1516 5532 ιιι,
1550 5465 1607 5520 6.
1686 5467 1728 5499 ³⁵
1764 5465 1806 5519 ll
1846 5465 1972 5519 Cor.
2005 5480 2085 5527 ιιι,
2118 5462 2205 5517 10.

1785 5581 1984 5644 Varia:
2020 5576 2353 5640 lectiones.

500 5704 546 5785 _“
574 5713 744 5785 αὐτὴν
770 5727 823 5770 0.
900 5713 943 5747 δ’
972 5713 1147 5771 ἔνεστι
1181 5730 1234 5771 0.
1313 5714 1358 5747 “
1383 5708 1798 5784 ἁμαρτάνοντες
1821 5719 1875 5761 0-

2056 5697 2316 5773 προκοπὴν
2348 5712 2407 5753 0.
