4006 6214
347 296 423 367 εὖ
1181 306 1583 367 ΕΧῘΟΒΙΤΙΟ
1610 310 1688 367 ΙΝ
1720 308 1937 368 ETIST

2048 312 2148 369 AD
2181 311 2494 374 ὟῙΜΟῚῊ.
2544 339 2604 350 ο·-
2634 314 2790 373 CAP.
2831 312 2881 372 Ι.
3536 306 3607 372 26

345 424 521 493 μόνῳ
548 418 720 488 σοφῷ
760 412 881 485 Θεῷ
912 436 1048 488 tum
1082 421 1177 471 καὶ
1208 421 1357 483 δόξα
1406 425 1493 486 εἰς
1532 422 1672 487 τοὺς
1714 421 1934 487 αἰῶνας

2045 424 2198 482 sibili.
2229 425 2332 478 soli
2367 428 2597 495 sapienti
2634 426 2736 480 Deo
2768 426 2933 480 honor
2982 435 3031 479 et
3090 425 3259 495 gloria
3310 427 3360 478 in
3411 427 3608 480 sa'cula

347 510 475 567 τῶν
521 509 775 563 aliIn-tor.
830 507 1044 579 ’Alnir.
1089 508 1307 578 Ἐπειδὴ
1364 510 1490 576 περὶ
1529 508 1622 561 τοῦ
1673 509 1801 561 ΥΞοῦ
1842 526 1937 577 με-

348 603 497 671 γάλα
538 600 857 670 ἐφθέγξατο.
894 601 987 653 καὶ⁴
1019 601 1101 651 ὅτι
1143 599 1271 662 τοὺς
1323 599 1780 668 ἀπεγνωσμένους
1832 598 1936 651 σώ-

351 696 465 758 ζει,
495 694 580 746 ἵνα
615 695 689 761 μή
718 707 800 754 τις
831 692 1029 761 νομίσῃ
1056 690 1472 760 ἀποστερεῖσθαι
1501 691 1547 722 ⁸³
1577 691 1669 743 τὸν
1698 690 1933 761 Πατέρα.

353 782 623 851 ἀναφέρει
672 781 768 834 καὶ
797 779 948 850 αύτῷ
999 780 1174 842 δόξαν.
1225 778 1411 833 Ταῦτα
1468 780 1523 832 δὲ
1566 779 1746 834 πάντα
1783 780 1935 832 κοινὰ

354 872 576 926 καὶτοῦ
612 871 771 925 Υίοῦ.
830 872 942 924 Καὶ
993 873 1101 942 γὰρ
1156 872 1251 925 xa‘t.
1300 872 1465 930 αὐτὸς
1526 871 1778 942 βασιλεὺς
1827 873 1937 924 τῶν

352 965 595 1018 αίώνων.
629 965 693 1017 Ei
728 965 839 1035 γὰρ
872 964 1206 1034 δημιουργὸς
1243 964 1355 1016 τῶν
1395 964 1626 1025 αἰώνων,
1666 964 1782 1026 πῶς
1815 965 1937 1034 οὐχὶ

350 1057 453 1109 καὶ
478 1054 761 1125 βασιλεὺς,
785 1054 881 1108 καὶ
907 1055 1205 1124 ἄφθαρτος,
1235 1059 1329 1110 καὶ
1352 1059 1579 1126 ἀόρατος
1600 1060 1665 1126 τῇ
1701 1056 1935 1123 θεότητι,

350 1147 449 1198 καὶ
485 1147 650 1215 μόνος
683 1150 887 1214 σοφός;
925 1146 1087 1208 αὐτὸς
1117 1146 1225 1212 γάρ
1257 1147 1403 1198 ἐστιν
1430 1149 1462 1215 ἠ
1498 1145 1658 1213 σοφία
1698 1144 1789 1198 τοῦ
1826 1146 1936 1198 Πα-

348 1233 506 1300 τρός.
545 1231 732 1285 Ταῦτα
761 1232 817 1285 δὲ
846 1234 940 1286 καὶ
971 1233 1100 1301 περὶ
1130 1232 1219 1285 τοῦ
1248 1233 1566 1301 Πνεύματος
1588 1249 1600 1262 ·
1622 1234 1799 1300 Μόνῳ
1827 1234 1935 1303 γὰρ

348 1322 553 1391 σοφῷ,
585 1319 762 1387 εἶπεν,
794 1323 855 1376 ού
896 1323 1032 1393 πρὸς
1069 1322 1472 1393 ἁντιδιαστολὴν
1526 1322 1619 1375 τοῦ
1656 1323 1784 1376 Υἰοῦ
1844 1323 1936 1375 καὶ

353 1414 452 1467 τοῦ
513 1414 862 1484 Πνεύματοςο
893 1415 1106 1482 ἄπαγε’
1155 1414 1271 1467 ἀλλ’
1320 1414 1505 1484 ἐπειδὴ
1549 1416 1643 1468 καὶ
1691 1416 1935 1484 ἄγγελοι,

356 1507 454 1558 καὶ
506 1503 785 1573 ἄνθρωποι
830 1502 1022 1574 σοφίαν
1067 1498 1281 1572 ἔχουσι,
1329 1502 1597 1555 δείκνυσιν
1642 1505 1723 1556 ὅτι
1775 1503 1938 1567 αὐτὸς

359 1597 529 1664 μόνος
560 1596 674 1649 ἐστὶ
714 1594 920 1663 κυρίως
966 1596 1148 1663 σοφὶις,
1185 1594 1258 1656 ὡς
1289 1593 1437 1665 πηγὴ
1486 1597 1579 1647 καὶ
1624 1593 1798 1658 αἴτιος
1852 1612 1938 1647 σο-

358 1687 491 1755 φίας
524 1704 538 1717 ο
575 1689 674 1740 ὅσα
728 1686 786 1739 δὲ
844 1685 978 1741 ἄλλα
1030 1688 1224 1755 σοφίαν
1284 1687 1396 1756 ἔχει
1447 1688 1744 1758 κτίσματα,
1795 1689 1936 1743 κατὰ

2039 516 2373 569 sa'culorum.
2410 517 2595 572 Amen.
2629 517 2768 582 Quia
2800 516 2866 571 de
2895 514 3033 570 Filio
3069 531 3263 585 magna
3313 516 3605 571 admodum

2041 603 2254 656 locutus
2280 611 2502 666 ιιι-ιιι,οι
2552 604 2693 673 quod
2749 604 3140 657 condemnatos
3209 612 3477 668 servaret,
3538 620 3607 657 ne

2040 692 2162 759 quis
2196 700 2347 760 putet
2383 692 2600 747 Patrem
2632 693 2720 746 hic
2754 708 2851 747 sua
2883 694 3050 761 gloria
3087 693 3314 761 privari,
3348 692 3413 745 ad
3453 693 3604 746 illum

2039 781 2200 835 ctiam
2230 781 2458 850 gloriam
2495 781 2682 835 refert.
2716 782 2837 835 llaec
2872 790 3055 834 autem
3088 782 3269 833 omnia
3304 791 3352 833 et
3383 781 3479 850 ipsi
3516 782 3607 835 Fi-

2040 871 2113 923 lio
2150 879 2280 925 sunt
2318 876 2630 925 communia
2673 889 2686 924 :
2725 887 2849 924 nam
2903 881 2956 926 et
2991 873 3105 940 ipse
3140 887 3230 925 rex
3255 879 3338 924 est
3374 872 3606 925 εαξουίοο

2040 977 2181 1015 rum.
2220 962 2275 1015 Si
2324 962 2468 1015 enim
2523 963 2847 1015 sazcttlorum
2897 963 3166 1022 conditor,
3200 964 3473 1030 quomodo
3502 978 3607 1015 non

2039 1069 2156 1117 rex,
2188 1063 2242 1108 et
2266 1056 2611 1117 immortalis,
2646 1065 2697 1109 et
2727 1056 3018 1110 invisibilis
3043 1055 3219 1124 quoad
3246 1055 3606 1120 divinitatem,

2039 1146 2302 1212 solusque
2323 1146 2586 1215 sapiens?
2614 1147 2730 1216 ipse
2756 1161 2990 1214 namque
3010 1155 3093 1200 est
3112 1147 3381 1213 sapientia
3410 1147 3610 1201 Patris.

2041 1236 2163 1290 llaec
2192 1252 2409 1307 quoque
2432 1238 2497 1292 de
2528 1237 2732 1307 Spiritu
2758 1238 3033 1292 dicuntur.
3062 1237 3175 1291 Soli
3212 1239 3354 1293 enim
3382 1239 3612 1309 sapienti

2037 1327 2195 1392 dixit,
2228 1344 2334 1382 non
2372 1328 2440 1383 ad
2471 1330 2764 1383 discrimen
2810 1328 2931 1383 Filii
2972 1340 3025 1383 et
3070 1329 3311 1399 Spiritus
3344 1350 3356 1385 :
3395 1345 3607 1399 apage:

2039 1434 2225 1474 verum
2254 1423 2381 1490 quia
2409 1430 2461 1475 et
2491 1422 2665 1490 angeli
2692 1429 2745 1476 et
2766 1421 3019 1476 homines
3036 1423 3354 1490 sapientiam
3383 1422 3609 1483 habent,

2037 1510 2277 1563 ostendit
2298 1524 2420 1564 eum
2452 1511 2627 1564 solum
2660 1512 2878 1580 preprie
2906 1512 3206 1579 sapientem
3233 1527 3376 1577 esse,
3411 1513 3611 1581 quippe

2039 1605 2132 1670 qui
2167 1600 2378 1655 sitl'ons
2407 1609 2459 1654 et
2490 1611 2683 1654 auctor
2713 1601 3028 1671 sapientiae;
3067 1617 3403 1671 quacunque
3429 1613 3607 1656 autem

2040 1691 2159 1744 alim
2192 1700 2456 1746 creaturae
2485 1691 2807 1759 sapientiam
2843 1692 3065 1753 habent,
3111 1708 3205 1762 per
3233 1692 3609 1761 participatio-

364 1775 582 1845 μέθεξιν
613 1777 725 1844 ἔχει
758 1774 983 1844 ταύτην.
1020 1775 1162 1844 Τιμὴ
1191 1775 1248 1828 δὲ
1282 1777 1377 1828 καὶ
1414 1776 1584 1841 δόξα,
1617 1778 1678 1829 ού
1711 1778 1798 1830 διὰ
1831 1782 1933 1846 ρη-

2045 1796 2162 1835 nem
2199 1782 2417 1836 habent.
2450 1780 2630 1835 Hunos
2659 1789 2838 1836 autem
2873 1790 2925 1837 et
2959 1784 3152 1852 gloria,
3182 1799 3287 1837 non
3321 1799 3416 1852 per
3447 1785 3607 1838 verba

364 1870 551 1931 ματων
582 1867 764 1936 μόνυν,
823 1865 959 1919 ἀλλὰ
1006 1867 1102 1919 καὶ
1151 1867 1238 1920 διὰ
1272 1867 1546 1937 πράξεων.
1589 1867 1800 1938 Ἐκείνη
1839 1868 1939 1939 μὲν

361 1960 471 2029 γὰρ
497 1961 647 2028 ἡμᾶς
679 1957 1030 2029 εὐγνώμονας
1064 1958 1223 2027 μόνον
1249 1959 1301 2012 δε
1314 1959 1549 2012 ίκνυσινο
1587 1958 1725 2028 αὕτη
1759 1960 1814 2012 δὲ
1845 1962 1936 2013 καὶ

365 2052 609 2121 μιμητὰς
635 2050 822 2114 αὑτοῦ,
859 2051 888 2102 ὃ
929 2052 1022 2103 καὶ
1050 2051 1252 2119 μεῖζον.
1285 2052 1396 2104 Καὶ
1426 2054 1525 2121 τὴν
1545 2052 1634 2105 διὰ
1676 2053 1935 2122 ῥημάτων

363 2145 478 2209 γὰρ
503 2141 658 2206 δόξαν
693 2142 779 2195 διὰ
812 2142 972 2194 τοῦτο
1014 2142 1254 2200 ἀπαιτεῖ,
1287 2143 1372 2194 ἵνα
1416 2141 1578 2195 αὐτὸν
1609 2142 1934 2210 ἀγαπῶμεν,

371 2231 469 2283 καὶ
504 2230 650 2300 αὐτῷ
683 2232 1059 2301 προσέχωμεν,
1089 2231 1183 2283 καὶ
1206 2231 1371 2285 αὐτοῦ
1402 2232 1784 2299 ὑπακούωμεν,
1809 2233 1940 2284 κᾶν-

362 2316 555 2369 τεῦοεν
584 2319 735 2370 αὐτοὶ
772 2318 1153 2387 ὠφελούμεθα,
1181 2318 1371 2389 ὥσπερ
1412 2320 1505 2372 καὶ
1540 2324 1568 2372 ὀ
1590 2319 1682 2372 τοῦ
1713 2320 1938 2389 ἡλιακοῦ

2040 1881 2275 1937 tantum,
2324 1890 2514 1928 verum
2559 1875 2721 1928 etiam
2756 1891 2850 1944 per
2883 1892 3066 1945 opera.
3101 1877 3193 1929 Illa
3227 1877 3372 1930 enim
3430 1886 3611 1945 gratos

2040 1965 2421 2020 tantummodo
2470 1982 2571 2022 nos
2635 1967 2892 2034 ostendit,
2952 1968 3067 2021 lure
3129 1982 3260 2023 vero
3312 1968 3614 2022 imitatores

2038 2056 2209 2125 ipsius
2237 2058 2418 2120 edicit,
2452 2060 2596 2127 quod
2630 2061 2804 2129 majus
2833 2070 2935 2115 est.
2966 2058 3230 2113 Prmterea
3268 2059 3494 2128 gloriam
3557 2058 3610 2112 in

2038 2148 2220 2204 verbis
2250 2158 2539 2219 propterea
2570 2151 2835 2219 postulat,
2886 2158 2945 2203 ut
2986 2150 3165 2219 ipsum
3198 2148 3511 2219 diligamus,
3544 2149 3616 2199 ci-

2038 2254 2143 2306 que
2164 2240 2354 2297 attenti
2396 2240 2587 2301 simus,
2620 2240 2831 2308 ipsique
2852 2239 3191 2304 obediamus,
3218 2241 3458 2308 adeoque
3490 2237 3615 2290 hinc

2038 2330 2142 2397 ipsi
2167 2332 2517 2384 commodum
2557 2331 2922 2399 percipiamus
2965 2349 2978 2384 :
3017 2329 3243 2398 perinde
3277 2344 3339 2381 ac
3367 2328 3455 2396 qui
3484 2328 3615 2381 solis

360 2408 544 2473 φωτδς
599 2408 696 2476 τὴν
754 2409 909 2475 δόξαν
950 2408 1263 2478 θαυμάζων,
1319 2410 1511 2463 ἑαυτὸν
1568 2411 1785 2474 ὠφελεῖ,
1842 2411 1937 2464 ἆτε

2045 2420 2198 2488 iubar
2227 2421 2553 2483 admiratur,
2588 2421 2918 2489 sibimetipsi
2959 2422 3204 2490 prodest,
3235 2420 3361 2489 quia
3426 2418 3480 2472 in
3530 2418 3615 2471 lu-

357 2496 708 2564 γαννύμενος
734 2498 812 2568 τῷ
853 2500 1005 2568 φωτὶ,
1046 2502 1142 2553 καὶ
1184 2500 1473 2554 ἀπολαύων
1501 2501 1664 2553 αὑτοῦ
1705 2501 1838 2570 πρὸς
1871 2503 1937 2555 τὰ

358 2587 505 2657 ἔργα
524 2605 538 2618 ·
569 2589 760 2660 ὥσπερ
782 2593 809 2643 ό
829 2592 1038 2657 ἀγνοῶν
1069 2592 1163 2644 τοῦ
1201 2593 1377 2660 φωτὸς
1409 2592 1509 2662 τὴν
1538 2592 1712 2656 δόξαν,
1748 2594 1940 2646 ἑαυτὸν

356 2680 663 2753 ἐζημίωσε,
696 2684 770 2754 μὴ
790 2682 1067 2754 χρώμενος
1088 2683 1238 2756 αύτῷ
1272 2687 1351 2748 είς
1382 2686 1668 2755 ὲργασῑαν.

444 2861 674 2928 Ταύτην
740 2860 856 2927 τὴν
922 2861 1331 2931 παραγγελίαν
1383 2860 1773 2928 παρατίθεμαί
1818 2870 1936 2923 σοι,

365 2951 593 3004 τέκνον
625 2953 872 3021 Τιμόθεε.
905 2953 1127 3021 Ἐπειδὴ
1162 2951 1538 3023 παραγγελίαν
1564 2950 1785 3020 ἔφησεν,
1815 2953 1847 3019 ἡ
1883 2950 1938 3002 δὲ

360 3045 715 3114 παραγγελία
782 3045 1246 3115 δεσποτικώτερον
1321 3044 1575 3112 γίνεται,
1646 3042 1892 3109 ἐπήγαγε
1921 3080 1936 3103 ,

2039 2513 2181 2564 mine
2213 2513 2433 2580 gaudet,
2470 2512 2672 2580 illoque
2707 2511 2771 2564 ad
2806 2525 2972 2578 opera
3003 2510 3174 2562 utitur
3204 2528 3217 2562 :
3253 2508 3614 2578 quemadmo-

2038 2602 2167 2656 dum
2233 2602 2282 2655 is
2338 2602 2431 2671 qui
2488 2602 2705 2673 ignorat
2774 2602 2995 2655 luminis
3072 2602 3321 2671 gloriatur,
3375 2600 3617 2668 seipsum

2037 2693 2239 2748 damno
2295 2693 2481 2760 allicit,
2538 2709 2664 2748 eum
2736 2708 2846 2747 non
2898 2693 3074 2747 utitur
3117 2706 3183 2747 eo
3219 2693 3286 2746 ad
3341 2692 3617 2746 oocratio-

2042 2798 2189 2838 nem.
2323 2787 2326 2791 ’

2111 2874 2278 2927 Vens.
2319 2875 2405 2929 i8.
2465 2874 2582 2928 Hoc
2639 2884 2955 2943 pra'ceptum
2992 2872 3298 2927 commendo
3360 2873 3474 2933 tibi,
3536 2867 3620 2941 ﬁli

2045 2964 2335 3018 Timothee.
2391 2964 2526 3018 Cum
2558 2973 2893 3034 praeceptum
2963 2963 3217 3024 dixisset,
3284 2973 3612 3031 pra‘ccptum

2044 3064 2222 3109 autem
2256 3054 2429 3109 herile
2464 3054 2636 3123 magis
2666 3055 2759 3114 sit,
2821 3052 3132 3115 subintulit,
3166 3050 3270 3104 Fili
3329 3049 3617 3104 Timotltee.

370 3137 596 3189 Τέκνον
633 3138 885 3203 Τιμόθεε.
926 3138 1000 3191 Ού
1053 3138 1162 3208 γὰρ
1202 3136 1557 3199 αὑθεντικῶς,
1590 3135 1775 3204 φησὶν,
1824 3134 1935 3186 ἀλλ’

2045 3143 2157 3199 Νοιι
2187 3147 2327 3199 enim
2353 3160 2474 3198 cum
2510 3144 2859 3206 auctoritate,
2889 3142 3087 3211 inquit,
3129 3141 3222 3196 sed
3267 3152 3323 3193 ut
3358 3140 3473 3193 tilio
3503 3143 3617 3193 haec

360 3226 440 3287 ὡς
478 3226 675 3294 τέκνῳ,
729 3227 905 3281 tat-Eri
934 3243 1095 3296 φημι.
1150 3223 1282 3279 Εῐπε
1339 3225 1522 3279 δὲκαὶ
1569 3224 1649 3285 τὸ,
1698 3224 1943 3292 παρατί-

363 3324 556 3385 θεμαι,
595 3317 678 3371 ἵνα
705 3318 924 3391 δηλώσῃ
978 3319 1080 3387 τῆς
1114 3317 1363 3389 φυλακῆς
1385 3317 1430 3350 ⁸⁸
1460 3318 1522 3370 τὸ
1564 3316 1810 3387 ἀκριεὲς,
1850 3317 1942 3367 καὶ

359 3410 449 3461 ὅτι
483 3409 579 3479 οὐχ
628 3410 873 3479 ἡμέτερα
919 3409 955 3463 ἃ
988 3409 1205 3480 ἔχομεν,
1240 3410 1377 3464 ἀλλὰ
1434 3408 1529 3461 τοῦ
1569 3407 1727 3463 Θεοῦ.
1763 3407 1943 3477 "Amp

358 3500 461 3554 οῦν
501 3500 690 3564 ἔδωκε,
719 3501 893 3555 ταῦτα
922 3502 1209 3571 ὀφείλομεν
1241 3502 1553 3569 φυλάττειν.

435 3593 597 3644 Κατὰ
630 3591 736 3658 τὰς
780 3593 1166 3662 προαγούσας
1216 3593 1316 3645 ἐπι
1360 3608 1433 3646 σε
1453 3592 1499 3623 ⁸³
1553 3590 1939 3660 προφητείας.

362 3685 443 3738 Τὸ
470 3685 570 3754 τῆς
590 3685 939 3747 διδασκαλίας
978 3686 1073 3739 καὶ
1119 3684 1419 3757 ἱερωσύνης
1453 3684 1668 3755 ἀξίωμα
1699 3685 1838 3753 μέγα
1861 3683 1940 3748 ὃν,

365 3778 472 3845 τῆς
489 3776 584 3829 τοῦ
604 3775 739 3828 Θεοῦ
772 3777 943 3829 δεῖται
968 3776 1172 3847 ψήφου,
1206 3776 1347 3829 ὣστε
1378 3776 1470 3828 τὸν
1490 3777 1640 3842 ἄξιον
1665 3775 1939 3841 δέξασθαι.

362 3868 461 3922 Διὸ
495 3868 556 3921 τὸ
588 3868 818 3922 παλαιὸν
865 3868 972 3921 ἀπὸ
1014 3866 1347 3939 προφητείας
1388 3868 1626 3936 ἐγίνοντο
1660 3868 1709 3920 οἱ
1756 3867 1940 3937 ἱερεῖς,

362 3958 672 4019 τουτέστιν,
725 3958 836 4010 ἀπὸ
893 3958 1205 4027 Πνεύματος
1261 3958 1441 4025 ἁγίου,
1484 3958 1791 4028 προφητεία
1835 3958 1945 4026 γὰρ

364 4048 466 4102 καὶ
511 4049 575 4101 τὸ
606 4049 675 4101 τὰ
729 4049 974 4121 παρόντα
1012 4049 1211 4118 λέγειν.
1263 4048 1420 4103 Οὕτω
1467 4050 1561 4101 καὶ
1609 4051 1637 4101 ὁ
1682 4048 1944 4115 Τιμόθεος

363 4142 545 4211 ᾑρέἻι
572 4142 620 4174 ⁸³
652 4144 743 4195 ἐπὶ
794 4142 895 4211 τὴν
944 4142 1269 4213 ἱερωσύνην.
1311 4142 1461 4195 Ἐπεὶ
1491 4141 1549 4194 δὲ
1589 4140 1685 4194 καὶ
1734 4157 1945 4211 προφη-

362 4240 524 4295 τείας
552 4232 700 4300 λέγει
749 4231 970 4296 πολλὰς,
1009 4234 1138 4295 ἴσως
1187 4232 1282 4285 καὶ
1323 4233 1410 4285 ὅτε
1466 4228 1816 4300 προσελήφθη
1865 4231 1947 4293 εἰς

368 4323 624 4393 μαθητὴν
669 4323 727 4390 ἐξ
773 4326 990 4395 ἀρχῆς,
1024 4326 1121 4378 καὶ
1168 4325 1254 4378 ὅτε
1302 4322 1667 4395 περιετμήθη,
1712 4323 1807 4376 καὶ
1857 4324 1946 4376 ὅτε

365 4415 753 4484 ἐχειροτονήθη
781 4457 794 4480 ,
852 4416 1028 4470 πάντα
1085 4415 1225 4486 μετὰ
1283 4414 1618 4486 προφητείας
1677 4414 1942 4482 ἐγένοντο.

362 4505 542 4573 φησιν
590 4500 700 4567 οὖν,
742 4506 824 4558 ὅτι
858 4505 1249 4575 παραγγέλλω
1294 4522 1393 4561 σοι
1447 4506 1599 4560 κατὰ
1649 4508 1755 4570 τὰς
1800 4519 1942 4573 προ-

366 4597 645 4665 αγούσας
674 4598 770 4651 ἐπὶ
811 4599 890 4652 σὲ
942 4602 1339 4669 προφητείαςο
1372 4601 1666 4663 τουτέστιν,
1723 4598 1951 4668 ἀφορῶν

370 4688 510 4757 πρὸς
532 4688 771 4752 ἐκείνας,
798 4690 891 4742 καὶ
930 4692 1092 4744 οἱονεὶ
1131 4692 1263 4761 παρ’
1300 4691 1523 4745 ἐκείνων
1556 4691 1945 4761 διδασκόμενος

367 4780 421 4830 τί
454 4779 538 4831 δεῖ
572 4782 744 4833 ποιεῖν
794 4798 874 4846 σε,
916 4782 1165 4851 παραινῶ
1185 4784 1232 4816 ⁸⁸
1263 4799 1364 4848 σοι,
1400 4784 1487 4837 ἵνα
1529 4784 1695 4850 ἀξίως
1723 4783 1945 4835 ἐκείνων

370 4875 705 4941 περιπατῇς,
737 4875 833 4926 καὶ
861 4874 934 4944 μὴ
968 4874 1334 4945 καταισχύκῃς
1367 4875 1556 4937 αὐτάς.

444 4960 574 5014 Ἵνα
596 4965 889 5035 στρατεύῃ
917 4963 986 5018 ἐν
1014 4966 1221 5031 αὐτοῖς
1242 4966 1358 5034 τὴν
1384 4960 1584 5033 καλὴν
1604 4966 1942 5035 στρατείαν.

372 5051 440 5103 Τί
484 5054 848 5124 παραγγέλλω
905 5071 1021 5122 σοι;
1058 5058 1183 5111 Ἵνα
1232 5060 1528 5128 στρατεύῃ
1571 5060 1642 5112 ἐν
1700 5060 1946 5124 αὑταῖς,

372 5143 678 5208 τουτέστιν,
715 5146 804 5200 ἵνα
855 5148 930 5217 μὴ
970 5150 1311 5221 παρεξέλῡῃς
1343 5152 1469 5214 τοὺς
1510 5152 1707 5219 νόμους
1744 5152 1944 5218 αὐτῶν,

371 5235 514 5288 ἀλλὰ
543 5236 722 5300 καθώς
759 5256 818 5292 σε
848 5240 1048 5295 εἴλοντο
1073 5236 1253 5301 αὗται,
1296 5244 1391 5296 καὶ
1413 5245 1491 5306 εἰς
1518 5244 1546 5297 ὃ
1584 5245 1808 5308 εἴλοντο,
1849 5245 1950 5299 ἵνα

372 5331 674 5398 στρατεύῃ
712 5330 829 5398 τὴν
885 5336 1085 5401 καλὴν
1136 5336 1477 5402 στρατείαν.
1510 5338 1664 5390 Ἔστι
1713 5337 1821 5406 γὰρ
1861 5341 1951 5392 καὶ

374 5418 525 5490 κακὴ
556 5424 837 5494 στρατεία,
871 5425 1001 5479 ὅταν
1030 5443 1112 5490 τις
1146 5429 1389 5499 παριστᾷ
1429 5428 1497 5481 τὰ
1527 5430 1661 5500 μέλη
1695 5431 1833 5483 ὅπλα
1880 5434 1948 5503 τῇ

2046 3238 2258 3307 loquor.
2301 3237 2443 3289 Dixit
2467 3243 2670 3301 autctn,
2729 3234 3060 3297 commendo,
3097 3242 3157 3285 ut
3206 3238 3454 3284 exactam
3493 3243 3623 3282 cau-

2043 3329 2205 3382 telam
2235 3327 2522 3389 indicat'ct,
2557 3336 2610 3380 et
2637 3326 2780 3395 quod
2810 3341 2915 3379 non
2946 3325 3057 3378 sint
3086 3330 3271 3376 nostra
3304 3334 3425 3389 quae
3453 3320 3624 3372 habe-

2045 3436 2189 3481 mus,
2229 3417 2322 3472 sed
2360 3417 2474 3470 Dei.
2523 3415 2654 3482 Qua:
2713 3416 2885 3486 igitur
2949 3414 3118 3478 dedit,
3183 3412 3287 3465 ista
3348 3408 3624 3464 custodire

2045 3511 2330 3565 debemus.

2117 3602 2417 3659 Secundum
2452 3601 2800 3670 prwcedentes
2838 3601 2890 3651 in
2927 3606 2975 3651 te
2996 3594 3320 3665 prophetias.
3352 3591 3618 3644 Doctrina:

2044 3704 2098 3751 et
2129 3684 2421 3749 sacerddtii
2454 3691 2716 3762 dignitas,
2757 3697 2949 3759 utpote
3005 3701 3222 3756 magna,
3276 3684 3373 3738 Dei
3403 3682 3618 3736 calculo

2047 3787 2272 3856 indiget,
2315 3797 2374 3839 ut
2403 3786 2449 3839 is
2477 3785 2568 3854 qui
2602 3784 2802 3852 dignus
2836 3791 2942 3846 est,
2982 3780 3130 3834 illam
3162 3774 3445 3844 suscipiat.
3483 3773 3615 3827 Pro-

2047 3891 2231 3948 pterea
2283 3876 2443 3947 557
2496 3874 2803 3944 antiquitus
2865 3887 2895 3926 a
2948 3870 3233 3940 prophetia
3283 3868 3616 3921 creabantur

2047 3968 2387 4031 sacerdotes,
2443 3966 2547 4020 hoc
2571 3973 2678 4029 est,
2706 3978 2734 4016 a
2779 3961 2986 4031 Spiritu
3052 3967 3245 4012 sancto
3284 3973 3299 4008 :
3334 3952 3620 4024 prophetia

2047 4059 2188 4111 enim
2228 4066 2332 4118 est.
2371 4053 2658 4126 praesentia
2686 4052 2849 4106 etiam
2880 4051 3081 4104 dicere.
3120 4047 3278 4100 Hunc
3301 4046 3366 4097 ad
3396 4045 3620 4096 modum

2048 4146 2366 4201 Timotheus
2393 4145 2459 4200 ad
2487 4143 2855 4200 sacerdotium
2901 4140 3108 4194 electus
3154 4144 3291 4192 erat.
3342 4135 3618 4200 Quoniam

2050 4254 2181 4294 vero
2235 4238 2549 4309 prophetias
2605 4236 2804 4290 multas
2856 4247 2978 4288 esse
3026 4230 3179 4295 dicit,
3250 4225 3501 4282 fortassis
3567 4230 3622 4278 et

2050 4331 2271 4401 quando
2302 4333 2356 4386 in
2390 4329 2784 4398 discipulorum
2828 4338 3114 4379 numerum
3146 4322 3321 4392 primo
3350 4318 3627 4373 adscisce-

2048 4423 2228 4484 batur,
2259 4434 2311 4477 et
2339 4422 2558 4491 quando
2585 4416 3102 4478 circumcidebatttr,
3132 4422 3186 4468 et
3208 4412 3428 4481 quando
3456 4410 3623 4479 elige-

2048 4515 2231 4577 batur,
2265 4504 2594 4567 omnia’cum
2615 4509 2895 4580 prophetia
2926 4508 3146 4562 ﬂebant.
3173 4505 3264 4558 Ait
3290 4518 3439 4572 ergo,
3472 4501 3627 4554 Prw-

2049 4607 2184 4672 cipio
2217 4606 2310 4659 tibi
2340 4606 2502 4673 juxta
2551 4603 2901 4671 prmcedentes
2960 4602 3014 4653 in
3055 4609 3104 4652 te
3142 4597 3440 4667 prophetias
3471 4608 3490 4647 :
3523 4593 3626 4645 hoc

2051 4708 2154 4764 est,
2187 4697 2253 4752 ad
2294 4699 2417 4752 illas
2453 4695 2773 4765 respiciens,
2801 4705 2851 4747 et
2877 4691 3047 4747 veluti
3076 4691 3146 4743 ab
3163 4690 3242 4743 eis
3267 4688 3465 4741 doctus
3493 4680 3627 4751 quid

2053 4804 2104 4849 te
2136 4793 2313 4847 facere
2339 4792 2550 4865 deccat,
2575 4791 2836 4843 adhortor
2862 4795 2914 4841 te
2944 4795 2999 4839 ut
3027 4785 3190 4853 digne
3219 4783 3326 4836 illis
3354 4776 3623 4840 ambules,

1990 4906 1997 4911 '
2055 4902 2155 4942 nec
2190 4900 2284 4941 eas
2319 4884 2587 4938 dedecore
2620 4882 2847 4935 adicias.

2130 4975 2196 5030 Ut
2224 4975 2415 5029 milites
2447 4976 2498 5027 in
2528 4973 2636 5026 illis
2667 4974 2856 5025 bonam
2886 4969 3153 5023 militiam.
3190 4967 3326 5033 Quid
3366 4964 3624 5036 principio

2056 5070 2153 5124 tibi
2187 5069 2211 5122 ?
2245 5065 2312 5120 Ut
2340 5066 2529 5119 milites
2558 5065 2611 5116 in
2640 5063 2769 5132 ipsis
2800 5077 2817 5115 :
2847 5062 2947 5115 hoc
2977 5069 3081 5125 est,
3119 5068 3176 5113 ut
3210 5075 3315 5113 non
3346 5069 3627 5123 transgre-

2057 5161 2227 5217 diaris
2267 5160 2410 5227 leges
2442 5157 2706 5227 ipsarum,
2746 5153 2838 5208 sed
2888 5150 3349 5222 quemadmodum
3414 5156 3463 5199 te
3508 5146 3626 5199 istae

2057 5255 2358 5321 elegerunt,
2386 5255 2441 5302 et
2481 5246 2546 5300 ad
2592 5244 2737 5314 quod
2769 5244 3071 5313 elegerunt,
3101 5251 3156 5295 ut
3207 5239 3397 5293 milites
3432 5236 3624 5321 bonam

2061 5320 2334 5395 militiam.
2365 5334 2462 5390 Est
2495 5333 2639 5387 enim
2667 5340 2721 5387 et
2765 5332 2905 5385 mala
2949 5330 3164 5392 militia,
3213 5323 3436 5394 quando
3496 5320 3623 5391 quis

2064 5430 2307 5487 membra
2343 5440 2440 5482 sua
2478 5425 2701 5481 exhibet
2734 5439 2883 5477 arma
2917 5428 3140 5491 peccato
3190 5426 3245 5471 et
3293 5412 3623 5482 impuritati,

1743 5545 1944 5607 Variae
1974 5543 2306 5607 lectiones.

446 5636 497 5720 ξδ’
526 5637 931 5712 ἀποστερῆσθαι
961 5660 1013 5700 o.
1090 5645 1131 5677 ⁵⁸
1161 5644 1374 5713 φύσεως
1398 5661 1449 5701 ο.
1528 5650 1572 5682 ⁵¹
1601 5648 1980 5719 προσαγούσας
2011 5649 2146 5720 πρὸς
2173 5663 2231 5700 σε
2263 5658 2316 5699 0.
2394 5642 2437 5672 ⁵³
2469 5637 2664 5709 εὑρέθη
2718 5635 2812 5687 καὶ
2857 5630 2997 5704 ἤρθη
3019 5645 3071 5686 0-

373 5704 482 5774 δεῖ,
515 5722 647 5777 παρ.
673 5726 724 5761 ί).

3175 5631 3219 5673 ἰ
3248 5633 3419 5686 εἰπεῖν
3454 5648 3532 5685 σοι
3564 5627 3616 5682 τί
