  <div class='ocr_page' id='page_1' title='image "/cluster/home/n/w/nwhite01/storage/ocr_20150623/125/hvd.32044073502429/019.png"; bbox 0 0 4006 6214; ppageno 0'>
   <div class='ocr_carea' id='block_1_1' title="bbox 383 242 1968 326">
    <p class='ocr_par' dir='ltr' id='par_1_1' title="bbox 383 242 1968 318">
     <span class='ocr_line' id='line_1_1' title="bbox 383 242 1968 318; baseline 0.001 -4"><span class='ocrx_word' id='word_1_1' title='bbox 383 256 449 314; x_wconf 75' lang='lat'><strong>27</strong></span> <span class='ocrx_word' id='word_1_2' title='bbox 953 242 963 255; x_wconf 91' lang='lat'><em>&#39;</em></span> <span class='ocrx_word' id='word_1_3' title='bbox 1300 259 1881 318; x_wconf 73' lang='lat' dir='ltr'><strong>THEOI’HYLAC’I‘I</strong></span> <span class='ocrx_word' id='word_1_4' title='bbox 1922 259 1968 316; x_wconf 77' lang='grc' dir='ltr'><strong>ιι</strong></span> 
     </span>
    </p>
   </div>
   <div class='ocr_carea' id='block_1_2' title="bbox 2074 242 3654 326">
    <p class='ocr_par' dir='ltr' id='par_1_2' title="bbox 2077 257 3654 326">
     <span class='ocr_line' id='line_1_2' title="bbox 2077 257 3654 326; baseline 0.005 -8"><span class='ocrx_word' id='word_1_5' title='bbox 2077 257 2335 319; x_wconf 70' lang='grc' dir='ltr'><strong>ῦΛΒΙίΕ</strong></span> <span class='ocrx_word' id='word_1_6' title='bbox 2364 261 2721 325; x_wconf 74' lang='lat' dir='ltr'><strong>ABClIlEP.</strong></span> <span class='ocrx_word' id='word_1_7' title='bbox 3286 314 3289 319; x_wconf 93' lang='lat'><strong>.</strong></span> <span class='ocrx_word' id='word_1_8' title='bbox 3583 267 3654 326; x_wconf 73' lang='lat'><strong>23</strong></span> 
     </span>
    </p>
   </div>
   <div class='ocr_carea' id='block_1_3' title="bbox 387 366 1968 450">
    <p class='ocr_par' dir='ltr' id='par_1_3' title="bbox 387 366 1960 434">
     <span class='ocr_line' id='line_1_3' title="bbox 387 366 1960 434; baseline 0.004 -15"><span class='ocrx_word' id='word_1_9' title='bbox 387 366 591 420; x_wconf 74' lang='lat' dir='ltr'><strong>Militia:</strong></span> <span class='ocrx_word' id='word_1_10' title='bbox 621 372 803 420; x_wconf 87' lang='lat' dir='ltr'><strong>autem</strong></span> <span class='ocrx_word' id='word_1_11' title='bbox 858 367 1131 434; x_wconf 78' lang='lat' dir='ltr'><strong>meminit,</strong></span> <span class='ocrx_word' id='word_1_12' title='bbox 1169 379 1226 423; x_wconf 82' lang='lat' dir='ltr'><strong>ut</strong></span> <span class='ocrx_word' id='word_1_13' title='bbox 1265 370 1488 432; x_wconf 78' lang='lat' dir='ltr'><strong>indicet,</strong></span> <span class='ocrx_word' id='word_1_14' title='bbox 1544 370 1802 424; x_wconf 70' lang='lat' dir='ltr'><strong>oiunilms</strong></span> <span class='ocrx_word' id='word_1_15' title='bbox 1840 386 1960 424; x_wconf 78' lang='lat' dir='ltr'><strong>esse</strong></span> 
     </span>
    </p>
   </div>
   <div class='ocr_carea' id='block_1_4' title="bbox 2074 366 3657 450">
    <p class='ocr_par' dir='ltr' id='par_1_4' title="bbox 2074 372 3657 450">
     <span class='ocr_line' id='line_1_4' title="bbox 2074 372 3657 450; baseline 0.006 -27"><span class='ocrx_word' id='word_1_16' title='bbox 2074 372 2315 444; x_wconf 77' lang='grc' dir='ltr'><strong>ἁμαρτίᾳ</strong></span> <span class='ocrx_word' id='word_1_17' title='bbox 2355 373 2449 426; x_wconf 82' lang='grc' dir='ltr'><strong>καὶ</strong></span> <span class='ocrx_word' id='word_1_18' title='bbox 2482 377 2548 444; x_wconf 77' lang='grc' dir='ltr'><strong>τῇ</strong></span> <span class='ocrx_word' id='word_1_19' title='bbox 2584 373 2915 446; x_wconf 77' lang='grc' dir='ltr'><strong>ἀκαθαρσίᾳ.</strong></span> <span class='ocrx_word' id='word_1_20' title='bbox 2950 375 3247 446; x_wconf 82' lang='grc' dir='ltr'><strong>Στρατείας</strong></span> <span class='ocrx_word' id='word_1_21' title='bbox 3291 376 3348 429; x_wconf 80' lang='grc' dir='ltr'>δὲ</span> <span class='ocrx_word' id='word_1_22' title='bbox 3385 377 3657 450; x_wconf 73' lang='grc' dir='ltr'><strong>ἐμνήσθη,</strong></span> 
     </span>
    </p>
   </div>
   <div class='ocr_carea' id='block_1_5' title="bbox 386 456 1962 520">
    <p class='ocr_par' dir='ltr' id='par_1_5' title="bbox 386 456 1962 520">
     <span class='ocr_line' id='line_1_5' title="bbox 386 456 1962 520; baseline -0.001 -9"><span class='ocrx_word' id='word_1_23' title='bbox 386 456 588 511; x_wconf 75' lang='lat' dir='ltr'><strong>bellum</strong></span> <span class='ocrx_word' id='word_1_24' title='bbox 622 472 770 520; x_wconf 84' lang='lat' dir='ltr'><strong>acre,</strong></span> <span class='ocrx_word' id='word_1_25' title='bbox 812 459 1053 513; x_wconf 82' lang='lat' dir='ltr'><strong>maxime</strong></span> <span class='ocrx_word' id='word_1_26' title='bbox 1090 474 1222 513; x_wconf 85' lang='lat' dir='ltr'><strong>vero</strong></span> <span class='ocrx_word' id='word_1_27' title='bbox 1253 459 1488 512; x_wconf 84' lang='lat' dir='ltr'><strong>doctori.</strong></span> <span class='ocrx_word' id='word_1_28' title='bbox 1549 458 1782 513; x_wconf 79' lang='lat' dir='ltr'><strong>Prmude</strong></span> <span class='ocrx_word' id='word_1_29' title='bbox 1836 476 1962 513; x_wconf 82' lang='lat' dir='ltr'><strong>cum</strong></span> 
     </span>
    </p>
   </div>
   <div class='ocr_carea' id='block_1_6' title="bbox 386 548 1965 618">
    <p class='ocr_par' dir='ltr' id='par_1_6' title="bbox 386 548 1965 618">
     <span class='ocr_line' id='line_1_6' title="bbox 386 548 1965 618; baseline 0.001 -18"><span class='ocrx_word' id='word_1_30' title='bbox 386 548 703 616; x_wconf 67' lang='lat' dir='ltr'><strong>vtgilautem</strong></span> <span class='ocrx_word' id='word_1_31' title='bbox 728 564 852 603; x_wconf 87' lang='lat' dir='ltr'><strong>esse</strong></span> <span class='ocrx_word' id='word_1_32' title='bbox 882 549 1061 612; x_wconf 84' lang='lat' dir='ltr'><strong>decet,</strong></span> <span class='ocrx_word' id='word_1_33' title='bbox 1094 563 1272 616; x_wconf 87' lang='lat' dir='ltr'><strong>neque</strong></span> <span class='ocrx_word' id='word_1_34' title='bbox 1297 549 1597 618; x_wconf 80' lang='lat' dir='ltr'><strong>quidquam</strong></span> <span class='ocrx_word' id='word_1_35' title='bbox 1640 550 1751 603; x_wconf 74' lang='lat' dir='ltr'><strong>laxi</strong></span> <span class='ocrx_word' id='word_1_36' title='bbox 1779 559 1965 604; x_wconf 88' lang='lat' dir='ltr'><strong>osten-</strong></span> 
     </span>
    </p>
   </div>
   <div class='ocr_carea' id='block_1_7' title="bbox 387 641 538 694">
    <p class='ocr_par' dir='ltr' id='par_1_7' title="bbox 387 641 538 694">
     <span class='ocr_line' id='line_1_7' title="bbox 387 641 538 694; baseline 0 -2"><span class='ocrx_word' id='word_1_37' title='bbox 387 641 538 694; x_wconf 80' lang='lat' dir='ltr'><strong>dere.</strong></span> 
     </span>
    </p>
   </div>
   <div class='ocr_carea' id='block_1_8' title="bbox 460 728 1963 799">
    <p class='ocr_par' dir='ltr' id='par_1_8' title="bbox 460 728 1963 799">
     <span class='ocr_line' id='line_1_8' title="bbox 460 728 1963 799; baseline 0.002 -16"><span class='ocrx_word' id='word_1_38' title='bbox 460 729 624 784; x_wconf 73' lang='lat' dir='ltr'><strong>Vsus.</strong></span> <span class='ocrx_word' id='word_1_39' title='bbox 668 731 753 785; x_wconf 83' lang='grc'><strong>19.</strong></span> <span class='ocrx_word' id='word_1_40' title='bbox 790 728 1002 783; x_wconf 78' lang='lat' dir='ltr'><strong>Habeas</strong></span> <span class='ocrx_word' id='word_1_41' title='bbox 1050 730 1207 799; x_wconf 80' lang='lat' dir='ltr'><strong>ﬁdem</strong></span> <span class='ocrx_word' id='word_1_42' title='bbox 1242 740 1291 784; x_wconf 84' lang='lat' dir='ltr'><strong>et</strong></span> <span class='ocrx_word' id='word_1_43' title='bbox 1323 732 1514 784; x_wconf 82' lang='lat' dir='ltr'><strong>bonam</strong></span> <span class='ocrx_word' id='word_1_44' title='bbox 1566 734 1963 788; x_wconf 73' lang='lat' dir='ltr'><strong>conscientiam.</strong></span> 
     </span>
    </p>
   </div>
   <div class='ocr_carea' id='block_1_9' title="bbox 387 816 1966 892">
    <p class='ocr_par' dir='ltr' id='par_1_9' title="bbox 387 816 1966 892">
     <span class='ocr_line' id='line_1_9' title="bbox 387 816 1966 892; baseline 0.004 -21"><span class='ocrx_word' id='word_1_45' title='bbox 387 816 465 871; x_wconf 85' lang='lat' dir='ltr'><strong>Nc</strong></span> <span class='ocrx_word' id='word_1_46' title='bbox 498 819 806 884; x_wconf 76' lang='lat' dir='ltr'><strong>existimes,</strong></span> <span class='ocrx_word' id='word_1_47' title='bbox 865 820 1061 888; x_wconf 87' lang='lat' dir='ltr'><strong>inqttit,</strong></span> <span class='ocrx_word' id='word_1_48' title='bbox 1120 822 1265 888; x_wconf 90' lang='lat' dir='ltr'><strong>quod</strong></span> <span class='ocrx_word' id='word_1_49' title='bbox 1319 822 1516 877; x_wconf 84' lang='lat' dir='ltr'><strong>suilicit</strong></span> <span class='ocrx_word' id='word_1_50' title='bbox 1554 823 1649 877; x_wconf 87' lang='lat' dir='ltr'><strong>libi</strong></span> <span class='ocrx_word' id='word_1_51' title='bbox 1684 838 1807 878; x_wconf 89' lang='lat' dir='ltr'><strong>cum</strong></span> <span class='ocrx_word' id='word_1_52' title='bbox 1843 839 1966 892; x_wconf 86' lang='lat' dir='ltr'><strong>pro-</strong></span> 
     </span>
    </p>
   </div>
   <div class='ocr_carea' id='block_1_10' title="bbox 388 910 1967 982">
    <p class='ocr_par' dir='ltr' id='par_1_10' title="bbox 388 910 1967 982">
     <span class='ocr_line' id='line_1_10' title="bbox 388 910 1967 982; baseline 0.008 -22"><span class='ocrx_word' id='word_1_53' title='bbox 388 910 571 977; x_wconf 84' lang='lat' dir='ltr'><strong>phetia</strong></span> <span class='ocrx_word' id='word_1_54' title='bbox 605 911 916 964; x_wconf 86' lang='lat' dir='ltr'><strong>sacerdotio</strong></span> <span class='ocrx_word' id='word_1_55' title='bbox 964 910 1137 981; x_wconf 83' lang='lat' dir='ltr'><strong>fungi,</strong></span> <span class='ocrx_word' id='word_1_56' title='bbox 1170 928 1362 967; x_wconf 89' lang='lat' dir='ltr'><strong>verum</strong></span> <span class='ocrx_word' id='word_1_57' title='bbox 1404 925 1622 982; x_wconf 83' lang='lat' dir='ltr'><strong>oportet.</strong></span> <span class='ocrx_word' id='word_1_58' title='bbox 1677 927 1728 970; x_wconf 90' lang='lat' dir='ltr'><strong>te</strong></span> <span class='ocrx_word' id='word_1_59' title='bbox 1766 917 1967 972; x_wconf 83' lang='lat' dir='ltr'><strong>habere</strong></span> 
     </span>
    </p>
   </div>
   <div class='ocr_carea' id='block_1_11' title="bbox 394 996 1969 1074">
    <p class='ocr_par' dir='ltr' id='par_1_11' title="bbox 394 996 1969 1074">
     <span class='ocr_line' id='line_1_11' title="bbox 394 996 1969 1074; baseline 0.008 -25"><span class='ocrx_word' id='word_1_60' title='bbox 394 996 576 1062; x_wconf 82' lang='lat' dir='ltr'><strong>ﬁdem,</strong></span> <span class='ocrx_word' id='word_1_61' title='bbox 595 1006 651 1051; x_wconf 88' lang='lat' dir='ltr'><strong>ut</strong></span> <span class='ocrx_word' id='word_1_62' title='bbox 677 999 898 1053; x_wconf 83' lang='lat' dir='ltr'><strong>verbum</strong></span> <span class='ocrx_word' id='word_1_63' title='bbox 929 1010 1075 1055; x_wconf 79' lang='lat' dir='ltr'><strong>recte</strong></span> <span class='ocrx_word' id='word_1_64' title='bbox 1093 1002 1314 1064; x_wconf 69' lang='grc' dir='ltr'><strong>ὠιουιιε,</strong></span> <span class='ocrx_word' id='word_1_65' title='bbox 1343 1006 1656 1074; x_wconf 85' lang='lat' dir='ltr'><strong>bonamque.</strong></span> <span class='ocrx_word' id='word_1_66' title='bbox 1677 1009 1969 1061; x_wconf 88' lang='lat' dir='ltr'><strong>conscien-</strong></span> 
     </span>
    </p>
   </div>
   <div class='ocr_carea' id='block_1_12' title="bbox 387 1089 1962 1167">
    <p class='ocr_par' dir='ltr' id='par_1_12' title="bbox 387 1089 1962 1167">
     <span class='ocr_line' id='line_1_12' title="bbox 387 1089 1962 1167; baseline 0.008 -25"><span class='ocrx_word' id='word_1_67' title='bbox 387 1091 544 1155; x_wconf 86' lang='lat' dir='ltr'><strong>tiam,</strong></span> <span class='ocrx_word' id='word_1_68' title='bbox 581 1089 682 1144; x_wconf 87' lang='lat' dir='ltr'><strong>boc</strong></span> <span class='ocrx_word' id='word_1_69' title='bbox 715 1097 818 1153; x_wconf 88' lang='lat' dir='ltr'><strong>est,</strong></span> <span class='ocrx_word' id='word_1_70' title='bbox 854 1092 1017 1145; x_wconf 86' lang='lat' dir='ltr'><strong>vitam</strong></span> <span class='ocrx_word' id='word_1_71' title='bbox 1047 1093 1585 1162; x_wconf 84' lang='lat' dir='ltr'><strong>irreprebensibilem</strong></span> <span class='ocrx_word' id='word_1_72' title='bbox 1619 1112 1962 1167; x_wconf 85' lang='lat' dir='ltr'><strong>comparare.</strong></span> 
     </span>
    </p>
   </div>
   <div class='ocr_carea' id='block_1_13' title="bbox 388 1180 1963 1247">
    <p class='ocr_par' dir='ltr' id='par_1_13' title="bbox 388 1180 1963 1247">
     <span class='ocr_line' id='line_1_13' title="bbox 388 1180 1963 1247; baseline 0.007 -14"><span class='ocrx_word' id='word_1_73' title='bbox 388 1180 466 1233; x_wconf 81' lang='lat' dir='ltr'><strong>Ex</strong></span> <span class='ocrx_word' id='word_1_74' title='bbox 510 1180 611 1233; x_wconf 87' lang='lat' dir='ltr'><strong>bac</strong></span> <span class='ocrx_word' id='word_1_75' title='bbox 641 1181 786 1234; x_wconf 86' lang='lat' dir='ltr'><strong>enim</strong></span> <span class='ocrx_word' id='word_1_76' title='bbox 829 1192 911 1236; x_wconf 90' lang='lat' dir='ltr'><strong>est</strong></span> <span class='ocrx_word' id='word_1_77' title='bbox 963 1185 1102 1236; x_wconf 82' lang='lat' dir='ltr'><strong>bona</strong></span> <span class='ocrx_word' id='word_1_78' title='bbox 1156 1185 1516 1247; x_wconf 79' lang='lat' dir='ltr'><strong>conscientia,</strong></span> <span class='ocrx_word' id='word_1_79' title='bbox 1556 1195 1615 1241; x_wconf 85' lang='lat' dir='ltr'><strong>ut</strong></span> <span class='ocrx_word' id='word_1_80' title='bbox 1649 1189 1771 1245; x_wconf 88' lang='lat' dir='ltr'><strong>aliis</strong></span> <span class='ocrx_word' id='word_1_81' title='bbox 1797 1190 1963 1244; x_wconf 87' lang='lat' dir='ltr'><strong>etiam</strong></span> 
     </span>
    </p>
   </div>
   <div class='ocr_carea' id='block_1_14' title="bbox 390 1270 1966 1349">
    <p class='ocr_par' dir='ltr' id='par_1_14' title="bbox 390 1270 1966 1349">
     <span class='ocr_line' id='line_1_14' title="bbox 390 1270 1966 1349; baseline 0.008 -26"><span class='ocrx_word' id='word_1_82' title='bbox 390 1271 683 1339; x_wconf 72' lang='lat' dir='ltr'><strong>praesidere</strong></span> <span class='ocrx_word' id='word_1_83' title='bbox 717 1275 917 1341; x_wconf 90' lang='lat' dir='ltr'><strong>possis.</strong></span> <span class='ocrx_word' id='word_1_84' title='bbox 976 1270 1044 1328; x_wconf 87' lang='lat' dir='ltr'><strong>Ut</strong></span> <span class='ocrx_word' id='word_1_85' title='bbox 1096 1276 1241 1328; x_wconf 87' lang='lat' dir='ltr'><strong>enim</strong></span> <span class='ocrx_word' id='word_1_86' title='bbox 1287 1276 1670 1344; x_wconf 84' lang='lat' dir='ltr'><strong>imperatorem</strong></span> <span class='ocrx_word' id='word_1_87' title='bbox 1729 1281 1966 1349; x_wconf 87' lang='lat' dir='ltr'><strong>primum</strong></span> 
     </span>
    </p>
   </div>
   <div class='ocr_carea' id='block_1_15' title="bbox 388 1361 1977 1428">
    <p class='ocr_par' dir='ltr' id='par_1_15' title="bbox 388 1361 1977 1428">
     <span class='ocr_line' id='line_1_15' title="bbox 388 1361 1977 1428; baseline 0.009 -17"><span class='ocrx_word' id='word_1_88' title='bbox 388 1370 602 1428; x_wconf 87' lang='lat' dir='ltr'><strong>oportet</strong></span> <span class='ocrx_word' id='word_1_89' title='bbox 631 1361 831 1415; x_wconf 85' lang='lat' dir='ltr'><strong>bonum</strong></span> <span class='ocrx_word' id='word_1_90' title='bbox 864 1378 986 1417; x_wconf 87' lang='lat' dir='ltr'><strong>esse</strong></span> <span class='ocrx_word' id='word_1_91' title='bbox 1037 1364 1289 1427; x_wconf 77' lang='lat' dir='ltr'><strong>militem,</strong></span> <span class='ocrx_word' id='word_1_92' title='bbox 1326 1366 1471 1420; x_wconf 86' lang='lat' dir='ltr'><strong>hunc</strong></span> <span class='ocrx_word' id='word_1_93' title='bbox 1503 1369 1568 1421; x_wconf 89' lang='lat' dir='ltr'><strong>ad</strong></span> <span class='ocrx_word' id='word_1_94' title='bbox 1610 1371 1828 1424; x_wconf 85' lang='lat' dir='ltr'><strong>modum</strong></span> <span class='ocrx_word' id='word_1_95' title='bbox 1865 1374 1977 1425; x_wconf 83' lang='lat' dir='ltr'><strong>do-</strong></span> 
     </span>
    </p>
   </div>
   <div class='ocr_carea' id='block_1_16' title="bbox 385 1450 1966 1531">
    <p class='ocr_par' dir='ltr' id='par_1_16' title="bbox 385 1450 1966 1531">
     <span class='ocr_line' id='line_1_16' title="bbox 385 1450 1966 1531; baseline 0.008 -26"><span class='ocrx_word' id='word_1_96' title='bbox 385 1450 523 1505; x_wconf 90' lang='lat' dir='ltr'><strong>ctori</strong></span> <span class='ocrx_word' id='word_1_97' title='bbox 551 1452 825 1515; x_wconf 83' lang='lat' dir='ltr'><strong>convenit,</strong></span> <span class='ocrx_word' id='word_1_98' title='bbox 872 1461 930 1506; x_wconf 91' lang='lat' dir='ltr'><strong>ut</strong></span> <span class='ocrx_word' id='word_1_99' title='bbox 964 1454 1084 1522; x_wconf 87' lang='lat' dir='ltr'><strong>ipse</strong></span> <span class='ocrx_word' id='word_1_100' title='bbox 1114 1455 1312 1509; x_wconf 89' lang='lat' dir='ltr'><strong>habeat</strong></span> <span class='ocrx_word' id='word_1_101' title='bbox 1344 1471 1406 1512; x_wconf 90' lang='lat' dir='ltr'><strong>ea</strong></span> <span class='ocrx_word' id='word_1_102' title='bbox 1441 1474 1563 1527; x_wconf 68' lang='lat' dir='ltr'><strong>qtae</strong></span> <span class='ocrx_word' id='word_1_103' title='bbox 1597 1474 1626 1513; x_wconf 90' lang='lat' dir='ltr'><strong>a</strong></span> <span class='ocrx_word' id='word_1_104' title='bbox 1679 1460 1966 1531; x_wconf 82' lang='lat' dir='ltr'><strong>discipulis</strong></span> 
     </span>
    </p>
   </div>
   <div class='ocr_carea' id='block_1_17' title="bbox 386 1539 1967 1609">
    <p class='ocr_par' dir='ltr' id='par_1_17' title="bbox 386 1539 1967 1609">
     <span class='ocr_line' id='line_1_17' title="bbox 386 1539 1967 1609; baseline 0.008 -15"><span class='ocrx_word' id='word_1_105' title='bbox 386 1540 577 1607; x_wconf 78' lang='lat' dir='ltr'><strong>exigit.</strong></span> <span class='ocrx_word' id='word_1_106' title='bbox 616 1539 756 1595; x_wconf 85' lang='lat' dir='ltr'><strong>Hinc</strong></span> <span class='ocrx_word' id='word_1_107' title='bbox 784 1549 968 1594; x_wconf 89' lang='lat' dir='ltr'><strong>autem</strong></span> <span class='ocrx_word' id='word_1_108' title='bbox 1011 1543 1311 1609; x_wconf 80' lang='lat' dir='ltr'><strong>discamus,</strong></span> <span class='ocrx_word' id='word_1_109' title='bbox 1354 1547 1570 1603; x_wconf 84' lang='lat' dir='ltr'><strong>etiamsi</strong></span> <span class='ocrx_word' id='word_1_110' title='bbox 1626 1550 1880 1607; x_wconf 73' lang='lat' dir='ltr'><strong>doctores</strong></span> <span class='ocrx_word' id='word_1_111' title='bbox 1911 1564 1967 1608; x_wconf 87' lang='lat' dir='ltr'><strong>et</strong></span> 
     </span>
    </p>
   </div>
   <div class='ocr_carea' id='block_1_18' title="bbox 385 1631 1963 1713">
    <p class='ocr_par' dir='ltr' id='par_1_18' title="bbox 385 1631 1963 1713">
     <span class='ocr_line' id='line_1_18' title="bbox 385 1631 1963 1713; baseline 0.011 -31"><span class='ocrx_word' id='word_1_112' title='bbox 385 1640 752 1698; x_wconf 73' lang='lat' dir='ltr'><strong>praeceptores</strong></span> <span class='ocrx_word' id='word_1_113' title='bbox 821 1631 1116 1699; x_wconf 83' lang='lat' dir='ltr'><strong>fuerimus,</strong></span> <span class='ocrx_word' id='word_1_114' title='bbox 1204 1650 1313 1690; x_wconf 91' lang='lat' dir='ltr'><strong>non</strong></span> <span class='ocrx_word' id='word_1_115' title='bbox 1410 1638 1694 1709; x_wconf 80' lang='lat' dir='ltr'><strong>dedignari</strong></span> <span class='ocrx_word' id='word_1_116' title='bbox 1785 1660 1963 1713; x_wconf 88' lang='lat' dir='ltr'><strong>neque</strong></span> 
     </span>
    </p>
   </div>
   <div class='ocr_carea' id='block_1_19' title="bbox 389 1710 2045 1798">
    <p class='ocr_par' dir='ltr' id='par_1_19' title="bbox 389 1710 2045 1798">
     <span class='ocr_line' id='line_1_19' title="bbox 389 1710 2045 1798; baseline 0.011 -25"><span class='ocrx_word' id='word_1_117' title='bbox 389 1722 675 1789; x_wconf 87' lang='lat' dir='ltr'><strong>aspernari</strong></span> <span class='ocrx_word' id='word_1_118' title='bbox 709 1724 1058 1792; x_wconf 83' lang='lat' dir='ltr'><strong>superiorum</strong></span> <span class='ocrx_word' id='word_1_119' title='bbox 1110 1742 1234 1782; x_wconf 88' lang='lat' dir='ltr'><strong>cum</strong></span> <span class='ocrx_word' id='word_1_120' title='bbox 1272 1728 1486 1798; x_wconf 84' lang='lat' dir='ltr'><strong>judicia</strong></span> <span class='ocrx_word' id='word_1_121' title='bbox 1551 1740 1665 1786; x_wconf 88' lang='lat' dir='ltr'><strong>tum</strong></span> <span class='ocrx_word' id='word_1_122' title='bbox 1711 1736 1966 1791; x_wconf 80' lang='lat' dir='ltr'><strong>adbot&#39;ta-</strong></span> <span class='ocrx_word' id='word_1_123' title='bbox 2001 1710 2045 1763; x_wconf 67' lang='grc' dir='ltr'><strong><em>Β</em></strong></span> 
     </span>
    </p>
   </div>
   <div class='ocr_carea' id='block_1_20' title="bbox 391 1813 589 1866">
    <p class='ocr_par' dir='ltr' id='par_1_20' title="bbox 391 1813 589 1866">
     <span class='ocr_line' id='line_1_20' title="bbox 391 1813 589 1866; baseline 0.015 -3"><span class='ocrx_word' id='word_1_124' title='bbox 391 1813 589 1866; x_wconf 82' lang='lat' dir='ltr'><strong>tium-3.</strong></span> 
     </span>
    </p>
   </div>
   <div class='ocr_carea' id='block_1_21' title="bbox 461 1902 1964 1980">
    <p class='ocr_par' dir='ltr' id='par_1_21' title="bbox 461 1902 1964 1980">
     <span class='ocr_line' id='line_1_21' title="bbox 461 1902 1964 1980; baseline 0.012 -28"><span class='ocrx_word' id='word_1_125' title='bbox 461 1902 633 1966; x_wconf 79' lang='lat' dir='ltr'><strong>Quam</strong></span> <span class='ocrx_word' id='word_1_126' title='bbox 662 1903 881 1973; x_wconf 84' lang='lat' dir='ltr'><strong>quidam</strong></span> <span class='ocrx_word' id='word_1_127' title='bbox 906 1905 1236 1971; x_wconf 67' lang='lat' dir='ltr'><strong>repellentes,</strong></span> <span class='ocrx_word' id='word_1_128' title='bbox 1266 1910 1410 1963; x_wconf 82' lang='lat' dir='ltr'><strong>circa</strong></span> <span class='ocrx_word' id='word_1_129' title='bbox 1464 1911 1620 1980; x_wconf 71' lang='lat' dir='ltr'><strong>[idem</strong></span> <span class='ocrx_word' id='word_1_130' title='bbox 1651 1926 1772 1968; x_wconf 80' lang='lat' dir='ltr'><strong>sunt</strong></span> <span class='ocrx_word' id='word_1_131' title='bbox 1829 1934 1964 1970; x_wconf 84' lang='lat' dir='ltr'><strong>nau-</strong></span> 
     </span>
    </p>
   </div>
   <div class='ocr_carea' id='block_1_22' title="bbox 385 1994 1965 2065">
    <p class='ocr_par' dir='ltr' id='par_1_22' title="bbox 385 1994 1965 2065">
     <span class='ocr_line' id='line_1_22' title="bbox 385 1994 1965 2065; baseline 0.011 -20"><span class='ocrx_word' id='word_1_132' title='bbox 385 1994 618 2065; x_wconf 77' lang='lat' dir='ltr'><strong>fragium</strong></span> <span class='ocrx_word' id='word_1_133' title='bbox 645 1996 810 2062; x_wconf 79' lang='lat' dir='ltr'><strong>passi.</strong></span> <span class='ocrx_word' id='word_1_134' title='bbox 840 1995 1038 2064; x_wconf 83' lang='lat' dir='ltr'><strong>Quam,</strong></span> <span class='ocrx_word' id='word_1_135' title='bbox 1066 1997 1266 2054; x_wconf 85' lang='lat' dir='ltr'><strong>bonam</strong></span> <span class='ocrx_word' id='word_1_136' title='bbox 1290 2003 1678 2058; x_wconf 88' lang='lat' dir='ltr'><strong>conscientiam</strong></span> <span class='ocrx_word' id='word_1_137' title='bbox 1700 2007 1965 2063; x_wconf 56' lang='lat' dir='ltr'><strong>videlicet.</strong></span> 
     </span>
    </p>
   </div>
   <div class='ocr_carea' id='block_1_23' title="bbox 388 2086 1969 2164">
    <p class='ocr_par' dir='ltr' id='par_1_23' title="bbox 388 2086 1969 2164">
     <span class='ocr_line' id='line_1_23' title="bbox 388 2086 1969 2164; baseline 0.01 -25"><span class='ocrx_word' id='word_1_138' title='bbox 388 2086 501 2141; x_wconf 82' lang='lat' dir='ltr'><strong>Nec</strong></span> <span class='ocrx_word' id='word_1_139' title='bbox 533 2088 812 2142; x_wconf 89' lang='lat' dir='ltr'><strong>immerito</strong></span> <span class='ocrx_word' id='word_1_140' title='bbox 848 2107 862 2144; x_wconf 90' lang='lat'><strong>:</strong></span> <span class='ocrx_word' id='word_1_141' title='bbox 897 2104 1021 2143; x_wconf 84' lang='lat' dir='ltr'><strong>cum</strong></span> <span class='ocrx_word' id='word_1_142' title='bbox 1050 2092 1199 2146; x_wconf 88' lang='lat' dir='ltr'><strong>enim</strong></span> <span class='ocrx_word' id='word_1_143' title='bbox 1235 2092 1345 2147; x_wconf 89' lang='lat' dir='ltr'><strong>vita</strong></span> <span class='ocrx_word' id='word_1_144' title='bbox 1389 2094 1602 2164; x_wconf 88' lang='lat' dir='ltr'><strong>impura</strong></span> <span class='ocrx_word' id='word_1_145' title='bbox 1641 2096 1826 2164; x_wconf 89' lang='lat' dir='ltr'><strong>fuerit,</strong></span> <span class='ocrx_word' id='word_1_146' title='bbox 1871 2100 1969 2155; x_wconf 82' lang='lat' dir='ltr'><strong>do-</strong></span> 
     </span>
    </p>
   </div>
   <div class='ocr_carea' id='block_1_24' title="bbox 386 2178 1967 2252">
    <p class='ocr_par' dir='ltr' id='par_1_24' title="bbox 386 2178 1967 2252">
     <span class='ocr_line' id='line_1_24' title="bbox 386 2178 1967 2252; baseline 0.013 -25"><span class='ocrx_word' id='word_1_147' title='bbox 386 2186 566 2249; x_wconf 69' lang='lat' dir='ltr'><strong>gmata</strong></span> <span class='ocrx_word' id='word_1_148' title='bbox 595 2178 762 2232; x_wconf 88' lang='lat' dir='ltr'><strong>etiam</strong></span> <span class='ocrx_word' id='word_1_149' title='bbox 823 2179 951 2235; x_wconf 90' lang='lat' dir='ltr'><strong>inde</strong></span> <span class='ocrx_word' id='word_1_150' title='bbox 984 2197 1243 2252; x_wconf 84' lang='lat' dir='ltr'><strong>perversa</strong></span> <span class='ocrx_word' id='word_1_151' title='bbox 1307 2197 1634 2241; x_wconf 83' lang='lat' dir='ltr'><strong>nascuntur.</strong></span> <span class='ocrx_word' id='word_1_152' title='bbox 1693 2188 1766 2246; x_wconf 90' lang='lat' dir='ltr'><strong>Ut</strong></span> <span class='ocrx_word' id='word_1_153' title='bbox 1822 2193 1967 2248; x_wconf 85' lang='lat' dir='ltr'><strong>enim</strong></span> 
     </span>
    </p>
   </div>
   <div class='ocr_carea' id='block_1_25' title="bbox 389 2268 1965 2350">
    <p class='ocr_par' dir='ltr' id='par_1_25' title="bbox 389 2268 1965 2350">
     <span class='ocr_line' id='line_1_25' title="bbox 389 2268 1965 2350; baseline 0.011 -28"><span class='ocrx_word' id='word_1_154' title='bbox 389 2279 533 2323; x_wconf 88' lang='lat' dir='ltr'><strong>metu</strong></span> <span class='ocrx_word' id='word_1_155' title='bbox 570 2268 879 2325; x_wconf 88' lang='lat' dir='ltr'><strong>futurorum</strong></span> <span class='ocrx_word' id='word_1_156' title='bbox 913 2288 1021 2328; x_wconf 88' lang='lat' dir='ltr'><strong>non</strong></span> <span class='ocrx_word' id='word_1_157' title='bbox 1068 2284 1430 2346; x_wconf 86' lang='lat' dir='ltr'><strong>torqueantur</strong></span> <span class='ocrx_word' id='word_1_158' title='bbox 1464 2280 1679 2350; x_wconf 86' lang='lat' dir='ltr'><strong>impure</strong></span> <span class='ocrx_word' id='word_1_159' title='bbox 1702 2283 1965 2350; x_wconf 82' lang='lat' dir='ltr'><strong>viventes,</strong></span> 
     </span>
    </p>
   </div>
   <div class='ocr_carea' id='block_1_26' title="bbox 387 2362 1966 2444">
    <p class='ocr_par' dir='ltr' id='par_1_26' title="bbox 387 2362 1966 2444">
     <span class='ocr_line' id='line_1_26' title="bbox 387 2362 1966 2444; baseline 0.013 -32"><span class='ocrx_word' id='word_1_160' title='bbox 387 2362 717 2427; x_wconf 88' lang='lat' dir='ltr'><strong>persuadent</strong></span> <span class='ocrx_word' id='word_1_161' title='bbox 757 2365 861 2418; x_wconf 88' lang='lat' dir='ltr'><strong>sibi</strong></span> <span class='ocrx_word' id='word_1_162' title='bbox 912 2366 1097 2421; x_wconf 88' lang='lat' dir='ltr'><strong>omnia</strong></span> <span class='ocrx_word' id='word_1_163' title='bbox 1133 2376 1323 2425; x_wconf 81' lang='lat' dir='ltr'><strong>nostra</strong></span> <span class='ocrx_word' id='word_1_164' title='bbox 1379 2386 1517 2426; x_wconf 86' lang='lat' dir='ltr'><strong>vana</strong></span> <span class='ocrx_word' id='word_1_165' title='bbox 1556 2388 1705 2429; x_wconf 88' lang='lat' dir='ltr'><strong>esse.</strong></span> <span class='ocrx_word' id='word_1_166' title='bbox 1770 2374 1966 2444; x_wconf 87' lang='lat' dir='ltr'><strong>Porro,</strong></span> 
     </span>
    </p>
   </div>
   <div class='ocr_carea' id='block_1_27' title="bbox 383 2452 1964 2537">
    <p class='ocr_par' dir='ltr' id='par_1_27' title="bbox 383 2452 1964 2537">
     <span class='ocr_line' id='line_1_27' title="bbox 383 2452 1964 2537; baseline 0.014 -34"><span class='ocrx_word' id='word_1_167' title='bbox 383 2452 477 2520; x_wconf 88' lang='lat' dir='ltr'><strong>qui</strong></span> <span class='ocrx_word' id='word_1_168' title='bbox 512 2452 669 2508; x_wconf 83' lang='lat' dir='ltr'><strong>tidem</strong></span> <span class='ocrx_word' id='word_1_169' title='bbox 702 2456 992 2525; x_wconf 89' lang='lat' dir='ltr'><strong>repulerit,</strong></span> <span class='ocrx_word' id='word_1_170' title='bbox 1029 2469 1084 2514; x_wconf 90' lang='lat' dir='ltr'><strong>et</strong></span> <span class='ocrx_word' id='word_1_171' title='bbox 1120 2461 1437 2520; x_wconf 80' lang='lat' dir='ltr'><strong>rationibus</strong></span> <span class='ocrx_word' id='word_1_172' title='bbox 1477 2466 1663 2520; x_wconf 88' lang='lat' dir='ltr'><strong>omnia</strong></span> <span class='ocrx_word' id='word_1_173' title='bbox 1698 2470 1964 2537; x_wconf 81' lang='lat' dir='ltr'><strong>permise-</strong></span> 
     </span>
    </p>
   </div>
   <div class='ocr_carea' id='block_1_28' title="bbox 383 2544 1967 2627">
    <p class='ocr_par' dir='ltr' id='par_1_28' title="bbox 383 2544 1967 2627">
     <span class='ocr_line' id='line_1_28' title="bbox 383 2544 1967 2627; baseline 0.011 -31"><span class='ocrx_word' id='word_1_174' title='bbox 383 2544 479 2608; x_wconf 83' lang='lat' dir='ltr'><strong>rit,</strong></span> <span class='ocrx_word' id='word_1_175' title='bbox 515 2545 861 2617; x_wconf 74' lang='lat' dir='ltr'><strong>naufragium</strong></span> <span class='ocrx_word' id='word_1_176' title='bbox 900 2549 1030 2603; x_wconf 89' lang='lat' dir='ltr'><strong>facit</strong></span> <span class='ocrx_word' id='word_1_177' title='bbox 1057 2551 1209 2606; x_wconf 88' lang='lat' dir='ltr'><strong>circa</strong></span> <span class='ocrx_word' id='word_1_178' title='bbox 1245 2553 1432 2609; x_wconf 77' lang='lat' dir='ltr'><strong>fidem.</strong></span> <span class='ocrx_word' id='word_1_179' title='bbox 1470 2555 1629 2611; x_wconf 81' lang='lat' dir='ltr'><strong>Fides</strong></span> <span class='ocrx_word' id='word_1_180' title='bbox 1660 2557 1805 2612; x_wconf 89' lang='lat' dir='ltr'><strong>enim</strong></span> <span class='ocrx_word' id='word_1_181' title='bbox 1839 2574 1967 2627; x_wconf 88' lang='lat' dir='ltr'><strong>por-</strong></span> 
     </span>
    </p>
   </div>
   <div class='ocr_carea' id='block_1_29' title="bbox 387 2639 1968 2717">
    <p class='ocr_par' dir='ltr' id='par_1_29' title="bbox 387 2639 1968 2717">
     <span class='ocr_line' id='line_1_29' title="bbox 387 2639 1968 2717; baseline 0.012 -30"><span class='ocrx_word' id='word_1_182' title='bbox 387 2643 476 2688; x_wconf 91' lang='lat' dir='ltr'><strong>tus</strong></span> <span class='ocrx_word' id='word_1_183' title='bbox 507 2644 592 2689; x_wconf 89' lang='lat' dir='ltr'><strong>est</strong></span> <span class='ocrx_word' id='word_1_184' title='bbox 633 2639 994 2707; x_wconf 87' lang='lat' dir='ltr'><strong>tranquillus,</strong></span> <span class='ocrx_word' id='word_1_185' title='bbox 1030 2651 1266 2698; x_wconf 88' lang='lat' dir='ltr'><strong>mentem</strong></span> <span class='ocrx_word' id='word_1_186' title='bbox 1317 2646 1371 2698; x_wconf 90' lang='lat' dir='ltr'><strong>in</strong></span> <span class='ocrx_word' id='word_1_187' title='bbox 1404 2647 1801 2717; x_wconf 85' lang='lat' dir='ltr'><strong>tranquillitate</strong></span> <span class='ocrx_word' id='word_1_188' title='bbox 1835 2666 1968 2706; x_wconf 87' lang='lat' dir='ltr'><strong>con-</strong></span> 
     </span>
    </p>
   </div>
   <div class='ocr_carea' id='block_1_30' title="bbox 384 2725 1965 2805">
    <p class='ocr_par' dir='ltr' id='par_1_30' title="bbox 384 2725 1965 2805">
     <span class='ocr_line' id='line_1_30' title="bbox 384 2725 1965 2805; baseline 0.011 -25"><span class='ocrx_word' id='word_1_189' title='bbox 384 2725 624 2781; x_wconf 83' lang='lat' dir='ltr'><strong>stituens</strong></span> <span class='ocrx_word' id='word_1_190' title='bbox 659 2745 673 2782; x_wconf 90' lang='lat'><strong>:</strong></span> <span class='ocrx_word' id='word_1_191' title='bbox 705 2730 1038 2799; x_wconf 65' lang='lat' dir='ltr'><strong>quwstiones</strong></span> <span class='ocrx_word' id='word_1_192' title='bbox 1086 2743 1268 2788; x_wconf 87' lang='lat' dir='ltr'><strong>autem</strong></span> <span class='ocrx_word' id='word_1_193' title='bbox 1311 2733 1513 2792; x_wconf 85' lang='lat' dir='ltr'><strong>ﬂuctus</strong></span> <span class='ocrx_word' id='word_1_194' title='bbox 1550 2749 1697 2805; x_wconf 89' lang='lat' dir='ltr'><strong>sunt,</strong></span> <span class='ocrx_word' id='word_1_195' title='bbox 1733 2754 1965 2797; x_wconf 79' lang='lat' dir='ltr'><strong>mentem</strong></span> 
     </span>
    </p>
   </div>
   <div class='ocr_carea' id='block_1_31' title="bbox 386 2820 1964 2898">
    <p class='ocr_par' dir='ltr' id='par_1_31' title="bbox 386 2820 1964 2898">
     <span class='ocr_line' id='line_1_31' title="bbox 386 2820 1964 2898; baseline 0.012 -28"><span class='ocrx_word' id='word_1_196' title='bbox 386 2826 645 2885; x_wconf 86' lang='lat' dir='ltr'><strong>tanquam</strong></span> <span class='ocrx_word' id='word_1_197' title='bbox 681 2820 735 2873; x_wconf 92' lang='lat' dir='ltr'><strong>in</strong></span> <span class='ocrx_word' id='word_1_198' title='bbox 770 2822 1081 2877; x_wconf 87' lang='lat' dir='ltr'><strong>miserabile</strong></span> <span class='ocrx_word' id='word_1_199' title='bbox 1107 2823 1454 2896; x_wconf 76' lang='lat' dir='ltr'><strong>naufragium</strong></span> <span class='ocrx_word' id='word_1_200' title='bbox 1478 2844 1626 2884; x_wconf 79' lang='lat' dir='ltr'><strong>nunc</strong></span> <span class='ocrx_word' id='word_1_201' title='bbox 1656 2830 1782 2898; x_wconf 80' lang='lat' dir='ltr'><strong>huc,</strong></span> <span class='ocrx_word' id='word_1_202' title='bbox 1816 2848 1964 2890; x_wconf 90' lang='lat' dir='ltr'><strong>nunc</strong></span> 
     </span>
    </p>
   </div>
   <div class='ocr_carea' id='block_1_32' title="bbox 387 2909 1968 2989">
    <p class='ocr_par' dir='ltr' id='par_1_32' title="bbox 387 2909 1968 2989">
     <span class='ocr_line' id='line_1_32' title="bbox 387 2909 1968 2989; baseline 0.008 -27"><span class='ocrx_word' id='word_1_203' title='bbox 387 2909 519 2964; x_wconf 91' lang='lat' dir='ltr'><strong>illuc</strong></span> <span class='ocrx_word' id='word_1_204' title='bbox 563 2912 858 2980; x_wconf 85' lang='lat' dir='ltr'><strong>rapientes,</strong></span> <span class='ocrx_word' id='word_1_205' title='bbox 906 2914 1189 2984; x_wconf 89' lang='lat' dir='ltr'><strong>petrisque</strong></span> <span class='ocrx_word' id='word_1_206' title='bbox 1212 2917 1523 2989; x_wconf 84' lang='lat' dir='ltr'><strong>allidentes,</strong></span> <span class='ocrx_word' id='word_1_207' title='bbox 1546 2922 1628 2977; x_wconf 90' lang='lat' dir='ltr'><strong>vel</strong></span> <span class='ocrx_word' id='word_1_208' title='bbox 1649 2923 1811 2978; x_wconf 88' lang='lat' dir='ltr'><strong>etiam</strong></span> <span class='ocrx_word' id='word_1_209' title='bbox 1837 2926 1968 2981; x_wconf 80' lang='lat' dir='ltr'><strong>sub-</strong></span> 
     </span>
    </p>
   </div>
   <div class='ocr_carea' id='block_1_33' title="bbox 385 3013 714 3072">
    <p class='ocr_par' dir='ltr' id='par_1_33' title="bbox 385 3013 714 3072">
     <span class='ocr_line' id='line_1_33' title="bbox 385 3013 714 3072; baseline 0.012 -17"><span class='ocrx_word' id='word_1_210' title='bbox 385 3013 714 3072; x_wconf 81' lang='lat' dir='ltr'><strong>mergentes.</strong></span> 
     </span>
    </p>
   </div>
   <div class='ocr_carea' id='block_1_34' title="bbox 461 3091 1963 3170">
    <p class='ocr_par' dir='ltr' id='par_1_34' title="bbox 461 3091 1963 3170">
     <span class='ocr_line' id='line_1_34' title="bbox 461 3091 1963 3170; baseline 0.011 -25"><span class='ocrx_word' id='word_1_211' title='bbox 461 3091 627 3147; x_wconf 75' lang='lat' dir='ltr'><strong>Vens.</strong></span> <span class='ocrx_word' id='word_1_212' title='bbox 649 3092 740 3147; x_wconf 72' lang='lat'><strong>20.</strong></span> <span class='ocrx_word' id='word_1_213' title='bbox 783 3091 864 3146; x_wconf 76' lang='lat' dir='ltr'><strong>Ea:</strong></span> <span class='ocrx_word' id='word_1_214' title='bbox 885 3096 1072 3165; x_wconf 75' lang='lat' dir='ltr'><strong>quibus</strong></span> <span class='ocrx_word' id='word_1_215' title='bbox 1100 3106 1178 3156; x_wconf 69' lang='lat' dir='ltr'><strong>est</strong></span> <span class='ocrx_word' id='word_1_216' title='bbox 1205 3097 1524 3170; x_wconf 67' lang='lat' dir='ltr'><strong>Hymenaeus</strong></span> <span class='ocrx_word' id='word_1_217' title='bbox 1557 3111 1609 3156; x_wconf 77' lang='lat' dir='ltr'><strong>et</strong></span> <span class='ocrx_word' id='word_1_218' title='bbox 1640 3103 1963 3162; x_wconf 77' lang='lat' dir='ltr'><strong>Alexander.</strong></span> 
     </span>
    </p>
   </div>
   <div class='ocr_carea' id='block_1_35' title="bbox 385 3181 1963 3269">
    <p class='ocr_par' dir='ltr' id='par_1_35' title="bbox 385 3181 1963 3269">
     <span class='ocr_line' id='line_1_35' title="bbox 385 3181 1963 3269; baseline 0.012 -35"><span class='ocrx_word' id='word_1_219' title='bbox 385 3181 794 3240; x_wconf 78' lang='lat' dir='ltr'><strong>Animadvertis</strong></span> <span class='ocrx_word' id='word_1_220' title='bbox 826 3187 973 3257; x_wconf 89' lang='lat' dir='ltr'><strong>quod</strong></span> <span class='ocrx_word' id='word_1_221' title='bbox 1016 3189 1130 3257; x_wconf 87' lang='lat' dir='ltr'><strong>jam</strong></span> <span class='ocrx_word' id='word_1_222' title='bbox 1154 3191 1284 3245; x_wconf 90' lang='lat' dir='ltr'><strong>olim</strong></span> <span class='ocrx_word' id='word_1_223' title='bbox 1316 3193 1520 3249; x_wconf 89' lang='lat' dir='ltr'><strong>fuerint</strong></span> <span class='ocrx_word' id='word_1_224' title='bbox 1550 3196 1644 3265; x_wconf 91' lang='lat' dir='ltr'><strong>qui</strong></span> <span class='ocrx_word' id='word_1_225' title='bbox 1676 3212 1963 3269; x_wconf 87' lang='lat' dir='ltr'><strong>perperam</strong></span> 
     </span>
    </p>
   </div>
   <div class='ocr_carea' id='block_1_36' title="bbox 386 3274 1966 3359">
    <p class='ocr_par' dir='ltr' id='par_1_36' title="bbox 386 3274 1966 3359">
     <span class='ocr_line' id='line_1_36' title="bbox 386 3274 1966 3359; baseline 0.012 -30"><span class='ocrx_word' id='word_1_226' title='bbox 386 3274 676 3342; x_wconf 81' lang='lat' dir='ltr'><strong>docebant,</strong></span> <span class='ocrx_word' id='word_1_227' title='bbox 710 3292 739 3330; x_wconf 90' lang='lat' dir='ltr'><strong>a</strong></span> <span class='ocrx_word' id='word_1_228' title='bbox 771 3278 875 3333; x_wconf 81' lang='lat' dir='ltr'><strong>[ide</strong></span> <span class='ocrx_word' id='word_1_229' title='bbox 910 3280 1281 3351; x_wconf 83' lang='lat' dir='ltr'><strong>discedentes,</strong></span> <span class='ocrx_word' id='word_1_230' title='bbox 1320 3287 1564 3344; x_wconf 86' lang='lat' dir='ltr'><strong>rationes</strong></span> <span class='ocrx_word' id='word_1_231' title='bbox 1614 3300 1667 3343; x_wconf 89' lang='lat' dir='ltr'><strong>et</strong></span> <span class='ocrx_word' id='word_1_232' title='bbox 1698 3293 1966 3359; x_wconf 64' lang='lat' dir='ltr'><strong>quaestio-</strong></span> 
     </span>
    </p>
   </div>
   <div class='ocr_carea' id='block_1_37' title="bbox 387 3372 1964 3446">
    <p class='ocr_par' dir='ltr' id='par_1_37' title="bbox 387 3372 1964 3446">
     <span class='ocr_line' id='line_1_37' title="bbox 387 3372 1964 3446; baseline 0.011 -26"><span class='ocrx_word' id='word_1_233' title='bbox 387 3382 487 3422; x_wconf 86' lang='lat' dir='ltr'><strong>nes</strong></span> <span class='ocrx_word' id='word_1_234' title='bbox 549 3373 882 3438; x_wconf 68' lang='lat' dir='ltr'><strong>sequi-ptes?</strong></span> <span class='ocrx_word' id='word_1_235' title='bbox 917 3372 1083 3445; x_wconf 73' lang='lat'><strong>558</strong></span> <span class='ocrx_word' id='word_1_236' title='bbox 1137 3373 1217 3430; x_wconf 84' lang='lat' dir='ltr'><strong>Ne</strong></span> <span class='ocrx_word' id='word_1_237' title='bbox 1264 3377 1433 3446; x_wconf 78' lang='lat' dir='ltr'><strong>igitur</strong></span> <span class='ocrx_word' id='word_1_238' title='bbox 1481 3382 1778 3436; x_wconf 79' lang='lat' dir='ltr'><strong>etiamnum</strong></span> <span class='ocrx_word' id='word_1_239' title='bbox 1829 3383 1964 3439; x_wconf 81' lang='lat' dir='ltr'><strong>deli-</strong></span> 
     </span>
    </p>
   </div>
   <div class='ocr_carea' id='block_1_38' title="bbox 387 3458 1966 3540">
    <p class='ocr_par' dir='ltr' id='par_1_38' title="bbox 387 3458 1966 3540">
     <span class='ocr_line' id='line_1_38' title="bbox 387 3458 1966 3540; baseline 0.014 -30"><span class='ocrx_word' id='word_1_240' title='bbox 387 3458 526 3522; x_wconf 87' lang='lat' dir='ltr'><strong>cias,</strong></span> <span class='ocrx_word' id='word_1_241' title='bbox 591 3460 767 3517; x_wconf 83' lang='lat' dir='ltr'><strong>sicubi</strong></span> <span class='ocrx_word' id='word_1_242' title='bbox 825 3463 1099 3533; x_wconf 86' lang='lat' dir='ltr'><strong>ejusmodi</strong></span> <span class='ocrx_word' id='word_1_243' title='bbox 1182 3473 1564 3540; x_wconf 82' lang='lat' dir='ltr'><strong>conspexeris,</strong></span> <span class='ocrx_word' id='word_1_244' title='bbox 1623 3472 1719 3529; x_wconf 87' lang='lat' dir='ltr'><strong>sed</strong></span> <span class='ocrx_word' id='word_1_245' title='bbox 1771 3476 1966 3532; x_wconf 76' lang='lat' dir='ltr'><strong>resiste</strong></span> 
     </span>
    </p>
   </div>
   <div class='ocr_carea' id='block_1_39' title="bbox 385 3546 1677 3606">
    <p class='ocr_par' dir='ltr' id='par_1_39' title="bbox 385 3546 1677 3606">
     <span class='ocr_line' id='line_1_39' title="bbox 385 3546 1677 3606; baseline 0.007 -2"><span class='ocrx_word' id='word_1_246' title='bbox 385 3548 518 3606; x_wconf 80' lang='lat' dir='ltr'><strong>illis.</strong></span> <span class='ocrx_word' id='word_1_247' title='bbox 1655 3546 1677 3559; x_wconf 66' lang='grc'><em>’</em></span> 
     </span>
    </p>
   </div>
   <div class='ocr_carea' id='block_1_40' title="bbox 460 3641 1960 3726">
    <p class='ocr_par' dir='ltr' id='par_1_40' title="bbox 460 3641 1960 3726">
     <span class='ocr_line' id='line_1_40' title="bbox 460 3641 1960 3726; baseline 0.014 -31"><span class='ocrx_word' id='word_1_248' title='bbox 460 3641 604 3708; x_wconf 81' lang='lat' dir='ltr'><strong>Quos</strong></span> <span class='ocrx_word' id='word_1_249' title='bbox 628 3646 827 3700; x_wconf 80' lang='lat' dir='ltr'><strong>tradidi</strong></span> <span class='ocrx_word' id='word_1_250' title='bbox 854 3647 1095 3726; x_wconf 63' lang='lat' dir='ltr'><strong>Satamp,</strong></span> <span class='ocrx_word' id='word_1_251' title='bbox 1132 3663 1191 3707; x_wconf 80' lang='lat' dir='ltr'><strong>ut</strong></span> <span class='ocrx_word' id='word_1_252' title='bbox 1222 3653 1431 3710; x_wconf 75' lang='lat' dir='ltr'><strong>discant</strong></span> <span class='ocrx_word' id='word_1_253' title='bbox 1452 3671 1553 3710; x_wconf 82' lang='lat' dir='ltr'><strong>non</strong></span> <span class='ocrx_word' id='word_1_254' title='bbox 1584 3656 1960 3726; x_wconf 76' lang='lat' dir='ltr'><strong>blasphemare.</strong></span> 
     </span>
    </p>
   </div>
   <div class='ocr_carea' id='block_1_41' title="bbox 386 3720 1965 3816">
    <p class='ocr_par' dir='ltr' id='par_1_41' title="bbox 386 3720 1965 3816">
     <span class='ocr_line' id='line_1_41' title="bbox 386 3720 1965 3816; baseline 0.013 -29"><span class='ocrx_word' id='word_1_255' title='bbox 386 3730 446 3788; x_wconf 83' lang='lat' dir='ltr'><strong>Si</strong></span> <span class='ocrx_word' id='word_1_256' title='bbox 477 3736 615 3791; x_wconf 86' lang='lat' dir='ltr'><strong>alios</strong></span> <span class='ocrx_word' id='word_1_257' title='bbox 640 3738 822 3792; x_wconf 84' lang='lat' dir='ltr'><strong>erudit</strong></span> <span class='ocrx_word' id='word_1_258' title='bbox 846 3720 1101 3805; x_wconf 58' lang='lat' dir='ltr'><strong>Satanas,</strong></span> <span class='ocrx_word' id='word_1_259' title='bbox 1124 3761 1293 3814; x_wconf 86' lang='lat' dir='ltr'><strong>quare</strong></span> <span class='ocrx_word' id='word_1_260' title='bbox 1321 3763 1380 3804; x_wconf 81' lang='lat' dir='ltr'><strong>so</strong></span> <span class='ocrx_word' id='word_1_261' title='bbox 1410 3748 1527 3816; x_wconf 87' lang='lat' dir='ltr'><strong>ipse</strong></span> <span class='ocrx_word' id='word_1_262' title='bbox 1554 3764 1661 3802; x_wconf 86' lang='lat' dir='ltr'><strong>non</strong></span> <span class='ocrx_word' id='word_1_263' title='bbox 1686 3749 1965 3807; x_wconf 84' lang='lat' dir='ltr'><strong>instituit?</strong></span> 
     </span>
    </p>
   </div>
   <div class='ocr_carea' id='block_1_42' title="bbox 383 3820 1961 3902">
    <p class='ocr_par' dir='ltr' id='par_1_42' title="bbox 383 3820 1961 3902">
     <span class='ocr_line' id='line_1_42' title="bbox 383 3820 1961 3902; baseline 0.011 -24"><span class='ocrx_word' id='word_1_264' title='bbox 383 3820 503 3880; x_wconf 81' lang='lat' dir='ltr'><strong>Non</strong></span> <span class='ocrx_word' id='word_1_265' title='bbox 534 3826 693 3894; x_wconf 77' lang='lat' dir='ltr'><strong>dixit,</strong></span> <span class='ocrx_word' id='word_1_266' title='bbox 725 3839 784 3885; x_wconf 85' lang='lat' dir='ltr'><strong>ut</strong></span> <span class='ocrx_word' id='word_1_267' title='bbox 804 3833 1039 3898; x_wconf 90' lang='lat' dir='ltr'><strong>erudiat,</strong></span> <span class='ocrx_word' id='word_1_268' title='bbox 1072 3837 1191 3902; x_wconf 88' lang='lat' dir='ltr'><strong>sed,</strong></span> <span class='ocrx_word' id='word_1_269' title='bbox 1215 3846 1271 3890; x_wconf 83' lang='lat' dir='ltr'><strong>ut</strong></span> <span class='ocrx_word' id='word_1_270' title='bbox 1302 3839 1634 3896; x_wconf 78' lang='lat' dir='ltr'><strong>erudiuntur.</strong></span> <span class='ocrx_word' id='word_1_271' title='bbox 1668 3838 1786 3894; x_wconf 86' lang='lat' dir='ltr'><strong>Non</strong></span> <span class='ocrx_word' id='word_1_272' title='bbox 1815 3843 1961 3896; x_wconf 88' lang='lat' dir='ltr'><strong>enim</strong></span> 
     </span>
    </p>
   </div>
   <div class='ocr_carea' id='block_1_43' title="bbox 384 3915 1955 3990">
    <p class='ocr_par' dir='ltr' id='par_1_43' title="bbox 384 3915 1955 3990">
     <span class='ocr_line' id='line_1_43' title="bbox 384 3915 1955 3990; baseline 0.015 -23"><span class='ocrx_word' id='word_1_273' title='bbox 384 3915 477 3970; x_wconf 89' lang='lat' dir='ltr'><strong>ille</strong></span> <span class='ocrx_word' id='word_1_274' title='bbox 506 3918 607 3973; x_wconf 84' lang='lat' dir='ltr'><strong>hoc</strong></span> <span class='ocrx_word' id='word_1_275' title='bbox 639 3920 823 3987; x_wconf 88' lang='lat' dir='ltr'><strong>ellicit,</strong></span> <span class='ocrx_word' id='word_1_276' title='bbox 855 3924 952 3978; x_wconf 87' lang='lat' dir='ltr'><strong>sed</strong></span> <span class='ocrx_word' id='word_1_277' title='bbox 985 3926 1088 3980; x_wconf 91' lang='lat' dir='ltr'><strong>boc</strong></span> <span class='ocrx_word' id='word_1_278' title='bbox 1122 3942 1185 3982; x_wconf 79' lang='lat' dir='ltr'><strong>ex</strong></span> <span class='ocrx_word' id='word_1_279' title='bbox 1230 3937 1427 3985; x_wconf 85' lang='lat' dir='ltr'><strong>eventu</strong></span> <span class='ocrx_word' id='word_1_280' title='bbox 1454 3931 1679 3989; x_wconf 89' lang='lat' dir='ltr'><strong>accidit.</strong></span> <span class='ocrx_word' id='word_1_281' title='bbox 1717 3931 1783 3987; x_wconf 90' lang='lat' dir='ltr'><strong>Ut</strong></span> <span class='ocrx_word' id='word_1_282' title='bbox 1808 3936 1955 3990; x_wconf 90' lang='lat' dir='ltr'><strong>enim</strong></span> 
     </span>
    </p>
   </div>
   <div class='ocr_carea' id='block_1_44' title="bbox 382 4013 1959 4087">
    <p class='ocr_par' dir='ltr' id='par_1_44' title="bbox 382 4013 1959 4087">
     <span class='ocr_line' id='line_1_44' title="bbox 382 4013 1959 4087; baseline 0.015 -27"><span class='ocrx_word' id='word_1_283' title='bbox 382 4014 623 4065; x_wconf 84' lang='lat' dir='ltr'><strong>tortores</strong></span> <span class='ocrx_word' id='word_1_284' title='bbox 653 4013 957 4072; x_wconf 85' lang='lat' dir='ltr'><strong>innumeris</strong></span> <span class='ocrx_word' id='word_1_285' title='bbox 1018 4017 1206 4073; x_wconf 82' lang='lat' dir='ltr'><strong>referti</strong></span> <span class='ocrx_word' id='word_1_286' title='bbox 1268 4023 1449 4087; x_wconf 88' lang='lat' dir='ltr'><strong>malis,</strong></span> <span class='ocrx_word' id='word_1_287' title='bbox 1509 4025 1633 4082; x_wconf 84' lang='lat' dir='ltr'><strong>aliis</strong></span> <span class='ocrx_word' id='word_1_288' title='bbox 1685 4026 1737 4080; x_wconf 93' lang='lat' dir='ltr'><strong>in</strong></span> <span class='ocrx_word' id='word_1_289' title='bbox 1791 4044 1959 4083; x_wconf 89' lang='lat' dir='ltr'><strong>causa</strong></span> 
     </span>
    </p>
   </div>
   <div class='ocr_carea' id='block_1_45' title="bbox 386 4102 1962 4176">
    <p class='ocr_par' dir='ltr' id='par_1_45' title="bbox 386 4102 1962 4176">
     <span class='ocr_line' id='line_1_45' title="bbox 386 4102 1962 4176; baseline 0.014 -22"><span class='ocrx_word' id='word_1_290' title='bbox 386 4110 533 4164; x_wconf 74' lang='lat' dir='ltr'><strong>aunt,</strong></span> <span class='ocrx_word' id='word_1_291' title='bbox 594 4111 652 4156; x_wconf 92' lang='lat' dir='ltr'><strong>ut</strong></span> <span class='ocrx_word' id='word_1_292' title='bbox 710 4102 993 4162; x_wconf 83' lang='lat' dir='ltr'><strong>moderate</strong></span> <span class='ocrx_word' id='word_1_293' title='bbox 1044 4110 1231 4165; x_wconf 80' lang='lat' dir='ltr'><strong>vivant</strong></span> <span class='ocrx_word' id='word_1_294' title='bbox 1275 4114 1403 4168; x_wconf 88' lang='lat' dir='ltr'><strong>:sic</strong></span> <span class='ocrx_word' id='word_1_295' title='bbox 1428 4124 1481 4170; x_wconf 86' lang='lat' dir='ltr'><strong>et</strong></span> <span class='ocrx_word' id='word_1_296' title='bbox 1512 4115 1785 4175; x_wconf 85' lang='lat' dir='ltr'><strong>diabolus.</strong></span> <span class='ocrx_word' id='word_1_297' title='bbox 1847 4121 1962 4176; x_wconf 83' lang='lat' dir='ltr'><strong>Cur</strong></span> 
     </span>
    </p>
   </div>
   <div class='ocr_carea' id='block_1_46' title="bbox 382 4192 1960 4278">
    <p class='ocr_par' dir='ltr' id='par_1_46' title="bbox 382 4192 1960 4278">
     <span class='ocr_line' id='line_1_46' title="bbox 382 4192 1960 4278; baseline 0.014 -34"><span class='ocrx_word' id='word_1_298' title='bbox 382 4199 566 4247; x_wconf 72' lang='lat' dir='ltr'><strong>alitem</strong></span> <span class='ocrx_word' id='word_1_299' title='bbox 605 4195 741 4250; x_wconf 90' lang='lat' dir='ltr'><strong>istos</strong></span> <span class='ocrx_word' id='word_1_300' title='bbox 774 4213 882 4252; x_wconf 92' lang='lat' dir='ltr'><strong>non</strong></span> <span class='ocrx_word' id='word_1_301' title='bbox 924 4214 1020 4269; x_wconf 82' lang='lat' dir='ltr'><strong>per</strong></span> <span class='ocrx_word' id='word_1_302' title='bbox 1057 4215 1178 4256; x_wconf 88' lang='lat' dir='ltr'><strong>sese</strong></span> <span class='ocrx_word' id='word_1_303' title='bbox 1232 4201 1434 4259; x_wconf 80' lang='lat' dir='ltr'><strong>l’aulus</strong></span> <span class='ocrx_word' id='word_1_304' title='bbox 1466 4192 1960 4278; x_wconf 68' lang='lat' dir='ltr'><strong>punivit,&#39;perinde</strong></span> 
     </span>
    </p>
   </div>
   <div class='ocr_carea' id='block_1_47' title="bbox 379 4283 1955 4357">
    <p class='ocr_par' dir='ltr' id='par_1_47' title="bbox 379 4283 1955 4357">
     <span class='ocr_line' id='line_1_47' title="bbox 379 4283 1955 4357; baseline 0.013 -22"><span class='ocrx_word' id='word_1_305' title='bbox 379 4297 447 4336; x_wconf 83' lang='lat' dir='ltr'><strong>ac</strong></span> <span class='ocrx_word' id='word_1_306' title='bbox 476 4283 624 4338; x_wconf 92' lang='lat' dir='ltr'><strong>illum</strong></span> <span class='ocrx_word' id='word_1_307' title='bbox 664 4284 966 4355; x_wconf 85' lang='lat' dir='ltr'><strong>Bariesum,</strong></span> <span class='ocrx_word' id='word_1_308' title='bbox 999 4299 1054 4346; x_wconf 90' lang='lat' dir='ltr'><strong>et</strong></span> <span class='ocrx_word' id='word_1_309' title='bbox 1086 4302 1143 4345; x_wconf 90' lang='lat' dir='ltr'><strong>ut</strong></span> <span class='ocrx_word' id='word_1_310' title='bbox 1176 4290 1372 4349; x_wconf 86' lang='lat' dir='ltr'><strong>Petrus</strong></span> <span class='ocrx_word' id='word_1_311' title='bbox 1395 4297 1707 4354; x_wconf 82' lang='lat' dir='ltr'><strong>Auaniam?</strong></span> <span class='ocrx_word' id='word_1_312' title='bbox 1740 4300 1807 4357; x_wconf 90' lang='lat' dir='ltr'><strong>Ut</strong></span> <span class='ocrx_word' id='word_1_313' title='bbox 1833 4317 1955 4356; x_wconf 90' lang='lat' dir='ltr'><strong>cum</strong></span> 
     </span>
    </p>
   </div>
   <div class='ocr_carea' id='block_1_48' title="bbox 385 4360 2036 4461">
    <p class='ocr_par' dir='ltr' id='par_1_48' title="bbox 385 4360 2036 4461">
     <span class='ocr_line' id='line_1_48' title="bbox 385 4360 2036 4461; baseline 0.014 -35"><span class='ocrx_word' id='word_1_314' title='bbox 385 4360 681 4430; x_wconf 84' lang='lat' dir='ltr'><strong>atrocitate</strong></span> <span class='ocrx_word' id='word_1_315' title='bbox 711 4392 888 4445; x_wconf 71' lang='lat' dir='ltr'><strong>pcente</strong></span> <span class='ocrx_word' id='word_1_316' title='bbox 940 4381 1117 4448; x_wconf 86' lang='lat' dir='ltr'><strong>major</strong></span> <span class='ocrx_word' id='word_1_317' title='bbox 1167 4384 1241 4437; x_wconf 89' lang='lat' dir='ltr'><strong>sit</strong></span> <span class='ocrx_word' id='word_1_318' title='bbox 1275 4388 1630 4456; x_wconf 88' lang='lat' dir='ltr'><strong>contumelia,</strong></span> <span class='ocrx_word' id='word_1_319' title='bbox 1695 4400 1859 4461; x_wconf 85' lang='lat' dir='ltr'><strong>atque</strong></span> <span class='ocrx_word' id='word_1_320' title='bbox 1899 4405 1954 4448; x_wconf 92' lang='lat' dir='ltr'><strong>ut</strong></span> <span class='ocrx_word' id='word_1_321' title='bbox 1981 4377 2036 4439; x_wconf 76' lang='grc' dir='ltr'>Β</span> 
     </span>
    </p>
   </div>
   <div class='ocr_carea' id='block_1_49' title="bbox 375 4465 1959 4546">
    <p class='ocr_par' dir='ltr' id='par_1_49' title="bbox 375 4465 1959 4546">
     <span class='ocr_line' id='line_1_49' title="bbox 375 4465 1959 4546; baseline 0.011 -28"><span class='ocrx_word' id='word_1_322' title='bbox 375 4465 637 4520; x_wconf 87' lang='lat' dir='ltr'><strong>ostendat</strong></span> <span class='ocrx_word' id='word_1_323' title='bbox 666 4483 727 4522; x_wconf 89' lang='lat' dir='ltr'><strong>se</strong></span> <span class='ocrx_word' id='word_1_324' title='bbox 751 4467 968 4525; x_wconf 72' lang='lat' dir='ltr'><strong>Satante</strong></span> <span class='ocrx_word' id='word_1_325' title='bbox 993 4472 1283 4542; x_wconf 82' lang='lat' dir='ltr'><strong>imperare,</strong></span> <span class='ocrx_word' id='word_1_326' title='bbox 1318 4484 1482 4546; x_wconf 90' lang='lat' dir='ltr'><strong>atque</strong></span> <span class='ocrx_word' id='word_1_327' title='bbox 1510 4480 1638 4537; x_wconf 85' lang='lat' dir='ltr'><strong>hinc</strong></span> <span class='ocrx_word' id='word_1_328' title='bbox 1666 4484 1959 4538; x_wconf 87' lang='lat' dir='ltr'><strong>terribilior</strong></span> 
     </span>
    </p>
   </div>
   <div class='ocr_carea' id='block_1_50' title="bbox 378 4556 2000 4645">
    <p class='ocr_par' dir='ltr' id='par_1_50' title="bbox 378 4556 2000 4645">
     <span class='ocr_line' id='line_1_50' title="bbox 378 4556 2000 4645; baseline 0.012 -35"><span class='ocrx_word' id='word_1_329' title='bbox 378 4556 598 4611; x_wconf 84' lang='lat' dir='ltr'><strong>evadat.</strong></span> <span class='ocrx_word' id='word_1_330' title='bbox 632 4558 723 4613; x_wconf 84' lang='lat' dir='ltr'><strong>Vel</strong></span> <span class='ocrx_word' id='word_1_331' title='bbox 757 4561 961 4629; x_wconf 86' lang='lat' dir='ltr'><strong>potius,</strong></span> <span class='ocrx_word' id='word_1_332' title='bbox 993 4563 1240 4621; x_wconf 82' lang='lat' dir='ltr'><strong>inﬁdeles</strong></span> <span class='ocrx_word' id='word_1_333' title='bbox 1260 4568 1479 4638; x_wconf 89' lang='lat' dir='ltr'><strong>quidem</strong></span> <span class='ocrx_word' id='word_1_334' title='bbox 1502 4572 1603 4643; x_wconf 89' lang='lat' dir='ltr'><strong>ipsi</strong></span> <span class='ocrx_word' id='word_1_335' title='bbox 1636 4576 1955 4645; x_wconf 86' lang='lat' dir='ltr'><strong>puniebant,</strong></span> <span class='ocrx_word' id='word_1_336' title='bbox 1991 4573 2000 4582; x_wconf 85' lang='grc'><strong>”</strong></span> 
     </span>
    </p>
   </div>
   <div class='ocr_carea' id='block_1_51' title="bbox 382 4648 1959 4724">
    <p class='ocr_par' dir='ltr' id='par_1_51' title="bbox 382 4648 1959 4724">
     <span class='ocr_line' id='line_1_51' title="bbox 382 4648 1959 4724; baseline 0.013 -24"><span class='ocrx_word' id='word_1_337' title='bbox 382 4656 445 4701; x_wconf 84' lang='grc' dir='ltr'><strong>ιιι</strong></span> <span class='ocrx_word' id='word_1_338' title='bbox 476 4648 751 4706; x_wconf 88' lang='lat' dir='ltr'><strong>discerent</strong></span> <span class='ocrx_word' id='word_1_339' title='bbox 780 4668 839 4706; x_wconf 88' lang='lat' dir='ltr'><strong>se</strong></span> <span class='ocrx_word' id='word_1_340' title='bbox 868 4667 973 4707; x_wconf 91' lang='lat' dir='ltr'><strong>non</strong></span> <span class='ocrx_word' id='word_1_341' title='bbox 999 4671 1158 4724; x_wconf 84' lang='lat' dir='ltr'><strong>posse</strong></span> <span class='ocrx_word' id='word_1_342' title='bbox 1192 4658 1381 4717; x_wconf 87' lang='lat' dir='ltr'><strong>latere.</strong></span> <span class='ocrx_word' id='word_1_343' title='bbox 1436 4662 1571 4717; x_wconf 87' lang='lat' dir='ltr'><strong>Nam</strong></span> <span class='ocrx_word' id='word_1_344' title='bbox 1611 4673 1668 4722; x_wconf 89' lang='lat' dir='ltr'><strong>et</strong></span> <span class='ocrx_word' id='word_1_345' title='bbox 1718 4667 1959 4721; x_wconf 75' lang='lat' dir='ltr'><strong>Ananiae</strong></span> 
     </span>
    </p>
   </div>
   <div class='ocr_carea' id='block_1_52' title="bbox 383 4738 1960 4821">
    <p class='ocr_par' dir='ltr' id='par_1_52' title="bbox 383 4738 1960 4821">
     <span class='ocr_line' id='line_1_52' title="bbox 383 4738 1960 4821; baseline 0.014 -31"><span class='ocrx_word' id='word_1_346' title='bbox 383 4738 700 4796; x_wconf 87' lang='lat' dir='ltr'><strong>incredulus</strong></span> <span class='ocrx_word' id='word_1_347' title='bbox 733 4753 872 4810; x_wconf 88' lang='lat' dir='ltr'><strong>erat,</strong></span> <span class='ocrx_word' id='word_1_348' title='bbox 897 4761 1024 4801; x_wconf 89' lang='lat' dir='ltr'><strong>cum</strong></span> <span class='ocrx_word' id='word_1_349' title='bbox 1057 4749 1239 4806; x_wconf 86' lang='lat' dir='ltr'><strong>adhuc</strong></span> <span class='ocrx_word' id='word_1_350' title='bbox 1276 4761 1534 4809; x_wconf 87' lang='lat' dir='ltr'><strong>tentaret.</strong></span> <span class='ocrx_word' id='word_1_351' title='bbox 1562 4755 1666 4821; x_wconf 83' lang='lat' dir='ltr'><strong>Qui</strong></span> <span class='ocrx_word' id='word_1_352' title='bbox 1699 4773 1827 4811; x_wconf 79' lang='lat' dir='ltr'><strong>vero</strong></span> <span class='ocrx_word' id='word_1_353' title='bbox 1858 4758 1960 4812; x_wconf 89' lang='lat' dir='ltr'><strong>hoc</strong></span> 
     </span>
    </p>
   </div>
   <div class='ocr_carea' id='block_1_53' title="bbox 320 4832 1960 4915">
    <p class='ocr_par' dir='ltr' id='par_1_53' title="bbox 320 4832 1960 4915">
     <span class='ocr_line' id='line_1_53' title="bbox 320 4832 1960 4915; baseline 0.012 -33"><span class='ocrx_word' id='word_1_354' title='bbox 320 4832 323 4833; x_wconf 65' lang='grc'><strong><em>⁷</em></strong></span> <span class='ocrx_word' id='word_1_355' title='bbox 384 4832 605 4886; x_wconf 83' lang='lat' dir='ltr'><strong>tandem</strong></span> <span class='ocrx_word' id='word_1_356' title='bbox 628 4834 972 4904; x_wconf 87' lang='lat' dir='ltr'><strong>didicissent,</strong></span> <span class='ocrx_word' id='word_1_357' title='bbox 996 4849 1048 4894; x_wconf 89' lang='lat' dir='ltr'><strong>et</strong></span> <span class='ocrx_word' id='word_1_358' title='bbox 1080 4849 1193 4896; x_wconf 86' lang='lat' dir='ltr'><strong>tum</strong></span> <span class='ocrx_word' id='word_1_359' title='bbox 1213 4854 1402 4915; x_wconf 87' lang='lat' dir='ltr'><strong>postea</strong></span> <span class='ocrx_word' id='word_1_360' title='bbox 1435 4847 1609 4901; x_wconf 86' lang='lat' dir='ltr'><strong>aversi</strong></span> <span class='ocrx_word' id='word_1_361' title='bbox 1635 4855 1838 4910; x_wconf 83' lang='lat' dir='ltr'><strong>essent,</strong></span> <span class='ocrx_word' id='word_1_362' title='bbox 1861 4846 1960 4902; x_wconf 89' lang='lat' dir='ltr'><strong>Sa-</strong></span> 
     </span>
    </p>
   </div>
   <div class='ocr_carea' id='block_1_54' title="bbox 392 4926 1962 5006">
    <p class='ocr_par' dir='ltr' id='par_1_54' title="bbox 392 4926 1962 5006">
     <span class='ocr_line' id='line_1_54' title="bbox 392 4926 1962 5006; baseline 0.011 -32"><span class='ocrx_word' id='word_1_363' title='bbox 392 4934 531 4977; x_wconf 60' lang='lat' dir='ltr'><strong>I&#39;ana&#39;</strong></span> <span class='ocrx_word' id='word_1_364' title='bbox 557 4926 865 4993; x_wconf 83' lang='lat' dir='ltr'><strong>tradebant,</strong></span> <span class='ocrx_word' id='word_1_365' title='bbox 896 4930 1200 4990; x_wconf 86' lang='lat' dir='ltr'><strong>indicantes</strong></span> <span class='ocrx_word' id='word_1_366' title='bbox 1230 4936 1362 5005; x_wconf 85' lang='lat' dir='ltr'><strong>ipsis</strong></span> <span class='ocrx_word' id='word_1_367' title='bbox 1381 4938 1526 5006; x_wconf 86' lang='lat' dir='ltr'><strong>quod</strong></span> <span class='ocrx_word' id='word_1_368' title='bbox 1546 4953 1654 4991; x_wconf 90' lang='lat' dir='ltr'><strong>non</strong></span> <span class='ocrx_word' id='word_1_369' title='bbox 1674 4952 1785 4992; x_wconf 64' lang='lat' dir='ltr'><strong>suae</strong></span> <span class='ocrx_word' id='word_1_370' title='bbox 1815 4939 1962 5006; x_wconf 88' lang='lat' dir='ltr'><strong>ipso-</strong></span> 
     </span>
    </p>
   </div>
   <div class='ocr_carea' id='block_1_55' title="bbox 382 5023 1957 5099">
    <p class='ocr_par' dir='ltr' id='par_1_55' title="bbox 382 5023 1957 5099">
     <span class='ocr_line' id='line_1_55' title="bbox 382 5023 1957 5099; baseline 0.01 -32"><span class='ocrx_word' id='word_1_371' title='bbox 382 5030 505 5069; x_wconf 84' lang='lat' dir='ltr'><strong>rum</strong></span> <span class='ocrx_word' id='word_1_372' title='bbox 521 5031 669 5072; x_wconf 85' lang='lat' dir='ltr'><strong>erant</strong></span> <span class='ocrx_word' id='word_1_373' title='bbox 692 5023 989 5089; x_wconf 65' lang='lat' dir='ltr'><strong>potestatis,</strong></span> <span class='ocrx_word' id='word_1_374' title='bbox 1011 5025 1103 5080; x_wconf 81' lang='lat' dir='ltr'><strong>sed</strong></span> <span class='ocrx_word' id='word_1_375' title='bbox 1117 5029 1697 5096; x_wconf 88' lang='lat' dir='ltr'><strong>eorum,apostolorum</strong></span> <span class='ocrx_word' id='word_1_376' title='bbox 1713 5029 1957 5099; x_wconf 88' lang='lat' dir='ltr'><strong>inquam,</strong></span> 
     </span>
    </p>
   </div>
   <div class='ocr_carea' id='block_1_56' title="bbox 389 5107 1962 5187">
    <p class='ocr_par' dir='ltr' id='par_1_56' title="bbox 389 5107 1962 5187">
     <span class='ocr_line' id='line_1_56' title="bbox 389 5107 1962 5187; baseline 0.01 -29"><span class='ocrx_word' id='word_1_377' title='bbox 389 5107 684 5177; x_wconf 63' lang='lat' dir='ltr'><strong>vigilantia:</strong></span> <span class='ocrx_word' id='word_1_378' title='bbox 711 5114 996 5168; x_wconf 83' lang='lat' dir='ltr'><strong>commissi</strong></span> <span class='ocrx_word' id='word_1_379' title='bbox 1024 5116 1261 5171; x_wconf 81' lang='lat' dir='ltr'><strong>fuerant.</strong></span> <span class='ocrx_word' id='word_1_380' title='bbox 1282 5116 1377 5173; x_wconf 78' lang='lat' dir='ltr'><strong>Vel</strong></span> <span class='ocrx_word' id='word_1_381' title='bbox 1397 5118 1521 5186; x_wconf 86' lang='lat' dir='ltr'><strong>quia</strong></span> <span class='ocrx_word' id='word_1_382' title='bbox 1545 5133 1640 5173; x_wconf 89' lang='lat' dir='ltr'><strong>eos</strong></span> <span class='ocrx_word' id='word_1_383' title='bbox 1663 5120 1756 5187; x_wconf 90' lang='lat' dir='ltr'><strong>qui</strong></span> <span class='ocrx_word' id='word_1_384' title='bbox 1775 5135 1962 5174; x_wconf 89' lang='lat' dir='ltr'><strong>emen-</strong></span> 
     </span>
    </p>
   </div>
   <div class='ocr_carea' id='block_1_57' title="bbox 385 5198 1963 5280">
    <p class='ocr_par' dir='ltr' id='par_1_57' title="bbox 385 5198 1963 5280">
     <span class='ocr_line' id='line_1_57' title="bbox 385 5198 1963 5280; baseline 0.008 -27"><span class='ocrx_word' id='word_1_385' title='bbox 385 5198 510 5255; x_wconf 81' lang='lat' dir='ltr'><strong>dari</strong></span> <span class='ocrx_word' id='word_1_386' title='bbox 543 5202 818 5269; x_wconf 69' lang='lat' dir='ltr'><strong>volebant,</strong></span> <span class='ocrx_word' id='word_1_387' title='bbox 852 5220 962 5259; x_wconf 90' lang='lat' dir='ltr'><strong>non</strong></span> <span class='ocrx_word' id='word_1_388' title='bbox 1026 5206 1158 5275; x_wconf 89' lang='lat' dir='ltr'><strong>puni</strong></span> <span class='ocrx_word' id='word_1_389' title='bbox 1181 5208 1325 5262; x_wconf 72' lang='lat' dir='ltr'><strong>bant</strong></span> <span class='ocrx_word' id='word_1_390' title='bbox 1366 5208 1511 5278; x_wconf 84' lang='lat' dir='ltr'><strong>ipsi;</strong></span> <span class='ocrx_word' id='word_1_391' title='bbox 1568 5209 1963 5280; x_wconf 73' lang='lat' dir='ltr'><strong>incorrig&#39;biles</strong></span> 
     </span>
    </p>
   </div>
   <div class='ocr_carea' id='block_1_58' title="bbox 386 5293 1965 5364">
    <p class='ocr_par' dir='ltr' id='par_1_58' title="bbox 386 5293 1965 5364">
     <span class='ocr_line' id='line_1_58' title="bbox 386 5293 1965 5364; baseline 0.008 -19"><span class='ocrx_word' id='word_1_392' title='bbox 386 5304 518 5347; x_wconf 79' lang='lat' dir='ltr'><strong>\ero</strong></span> <span class='ocrx_word' id='word_1_393' title='bbox 536 5293 636 5363; x_wconf 86' lang='lat' dir='ltr'><strong>ipsi</strong></span> <span class='ocrx_word' id='word_1_394' title='bbox 672 5298 985 5364; x_wconf 88' lang='lat' dir='ltr'><strong>puniebant.</strong></span> <span class='ocrx_word' id='word_1_395' title='bbox 1020 5296 1304 5363; x_wconf 84' lang='lat' dir='ltr'><strong>Quomodo</strong></span> <span class='ocrx_word' id='word_1_396' title='bbox 1325 5315 1453 5354; x_wconf 86' lang='lat' dir='ltr'><strong>vero</strong></span> <span class='ocrx_word' id='word_1_397' title='bbox 1475 5300 1788 5357; x_wconf 86' lang='lat' dir='ltr'><strong>tradebatur</strong></span> <span class='ocrx_word' id='word_1_398' title='bbox 1809 5302 1965 5357; x_wconf 85' lang='lat' dir='ltr'><strong>Sata-</strong></span> 
     </span>
    </p>
   </div>
   <div class='ocr_carea' id='block_1_59' title="bbox 386 5378 2012 5467">
    <p class='ocr_par' dir='ltr' id='par_1_59' title="bbox 386 5378 2012 5467">
     <span class='ocr_line' id='line_1_59' title="bbox 386 5378 2012 5467; baseline 0.008 -31"><span class='ocrx_word' id='word_1_399' title='bbox 386 5385 511 5441; x_wconf 79' lang='lat' dir='ltr'><strong>tue?</strong></span> <span class='ocrx_word' id='word_1_400' title='bbox 538 5385 871 5457; x_wconf 86' lang='lat' dir='ltr'><strong>Ejiciebatur</strong></span> <span class='ocrx_word' id='word_1_401' title='bbox 901 5403 966 5444; x_wconf 78' lang='lat' dir='ltr'><strong>ex</strong></span> <span class='ocrx_word' id='word_1_402' title='bbox 1003 5387 1271 5459; x_wconf 86' lang='lat' dir='ltr'><strong>Ecclesia,</strong></span> <span class='ocrx_word' id='word_1_403' title='bbox 1313 5391 1676 5461; x_wconf 85' lang='lat' dir='ltr'><strong>abjieiebatur</strong></span> <span class='ocrx_word' id='word_1_404' title='bbox 1713 5410 1742 5450; x_wconf 88' lang='lat' dir='ltr'><strong>a</strong></span> <span class='ocrx_word' id='word_1_405' title='bbox 1768 5411 1953 5467; x_wconf 76' lang='lat' dir='ltr'><strong>grege,</strong></span> <span class='ocrx_word' id='word_1_406' title='bbox 1995 5378 2012 5393; x_wconf 82' lang='grc'><em>’</em></span> 
     </span>
    </p>
   </div>
   <div class='ocr_carea' id='block_1_60' title="bbox 2073 463 3660 541">
    <p class='ocr_par' dir='ltr' id='par_1_60' title="bbox 2073 463 3660 541">
     <span class='ocr_line' id='line_1_60' title="bbox 2073 463 3660 541; baseline 0.006 -26"><span class='ocrx_word' id='word_1_407' title='bbox 2073 464 2158 515; x_wconf 65' lang='grc' dir='ltr'><strong>ἵνα</strong></span> <span class='ocrx_word' id='word_1_408' title='bbox 2192 463 2432 535; x_wconf 80' lang='grc' dir='ltr'><strong>δηλώσῃ.</strong></span> <span class='ocrx_word' id='word_1_409' title='bbox 2464 466 2548 518; x_wconf 84' lang='grc' dir='ltr'><strong>ὅτι</strong></span> <span class='ocrx_word' id='word_1_410' title='bbox 2582 466 2676 518; x_wconf 85' lang='grc' dir='ltr'>καί</span> <span class='ocrx_word' id='word_1_411' title='bbox 2712 468 2848 519; x_wconf 81' lang='grc' dir='ltr'><strong>πᾶσι</strong></span> <span class='ocrx_word' id='word_1_412' title='bbox 2873 465 2968 532; x_wconf 80' lang='grc' dir='ltr'><strong>μὲν</strong></span> <span class='ocrx_word' id='word_1_413' title='bbox 3001 469 3239 537; x_wconf 80' lang='grc' dir='ltr'><strong>πόλεμος</strong></span> <span class='ocrx_word' id='word_1_414' title='bbox 3275 469 3527 541; x_wconf 71' lang='grc' dir='ltr'><strong>σφοδρὸς,</strong></span> <span class='ocrx_word' id='word_1_415' title='bbox 3558 472 3660 540; x_wconf 81' lang='grc' dir='ltr'><strong>μά-</strong></span> 
     </span>
    </p>
   </div>
   <div class='ocr_carea' id='block_1_61' title="bbox 2070 549 3657 631">
    <p class='ocr_par' dir='ltr' id='par_1_61' title="bbox 2070 549 3657 631">
     <span class='ocr_line' id='line_1_61' title="bbox 2070 549 3657 631; baseline 0.008 -28"><span class='ocrx_word' id='word_1_416' title='bbox 2070 549 2227 604; x_wconf 83' lang='grc' dir='ltr'><strong>λιστα</strong></span> <span class='ocrx_word' id='word_1_417' title='bbox 2255 553 2309 605; x_wconf 86' lang='grc' dir='ltr'><strong>δὲ</strong></span> <span class='ocrx_word' id='word_1_418' title='bbox 2347 553 2424 622; x_wconf 82' lang='grc' dir='ltr'><strong>τῷ</strong></span> <span class='ocrx_word' id='word_1_419' title='bbox 2466 554 2795 626; x_wconf 70' lang='grc' dir='ltr'><strong>διδασκάλῳ.</strong></span> <span class='ocrx_word' id='word_1_420' title='bbox 2831 555 2994 611; x_wconf 81' lang='grc' dir='ltr'><strong>’Ὥστε</strong></span> <span class='ocrx_word' id='word_1_421' title='bbox 3024 553 3107 608; x_wconf 81' lang='grc' dir='ltr'><strong>δεῖ</strong></span> <span class='ocrx_word' id='word_1_422' title='bbox 3136 557 3329 627; x_wconf 74' lang='grc' dir='ltr'><strong>νήφειν</strong></span> <span class='ocrx_word' id='word_1_423' title='bbox 3363 560 3457 612; x_wconf 77' lang='grc' dir='ltr'><strong>καὶ</strong></span> <span class='ocrx_word' id='word_1_424' title='bbox 3488 561 3657 631; x_wconf 57' lang='grc' dir='ltr'><strong>μηδὲν</strong></span> 
     </span>
    </p>
   </div>
   <div class='ocr_carea' id='block_1_62' title="bbox 2070 645 2689 714">
    <p class='ocr_par' dir='ltr' id='par_1_62' title="bbox 2070 645 2689 714">
     <span class='ocr_line' id='line_1_62' title="bbox 2070 645 2689 714; baseline 0.01 -18"><span class='ocrx_word' id='word_1_425' title='bbox 2070 645 2265 714; x_wconf 84' lang='grc' dir='ltr'><strong>χαῦνον</strong></span> <span class='ocrx_word' id='word_1_426' title='bbox 2298 648 2535 700; x_wconf 82' lang='grc' dir='ltr'><strong>ὲνδείκνυ</strong></span> <span class='ocrx_word' id='word_1_427' title='bbox 2545 647 2689 702; x_wconf 83' lang='grc' dir='ltr'>σθαι.</span> 
     </span>
    </p>
   </div>
   <div class='ocr_carea' id='block_1_63' title="bbox 2145 738 3660 815">
    <p class='ocr_par' dir='ltr' id='par_1_63' title="bbox 2145 738 3660 815">
     <span class='ocr_line' id='line_1_63' title="bbox 2145 738 3660 815; baseline 0.007 -25"><span class='ocrx_word' id='word_1_428' title='bbox 2145 738 2346 806; x_wconf 57' lang='lat' dir='ltr'><strong>&quot;Elter</strong></span> <span class='ocrx_word' id='word_1_429' title='bbox 2372 740 2583 793; x_wconf 72' lang='grc' dir='ltr'><strong>πίστιν</strong></span> <span class='ocrx_word' id='word_1_430' title='bbox 2629 740 2725 793; x_wconf 78' lang='grc' dir='ltr'><strong>καί</strong></span> <span class='ocrx_word' id='word_1_431' title='bbox 2761 739 2998 809; x_wconf 78' lang='grc' dir='ltr'><strong>ἀγαθὴν</strong></span> <span class='ocrx_word' id='word_1_432' title='bbox 3028 741 3408 809; x_wconf 75' lang='grc' dir='ltr'><strong>συνείδησιν.</strong></span> <span class='ocrx_word' id='word_1_433' title='bbox 3456 745 3548 815; x_wconf 82' lang='grc' dir='ltr'><strong>Μὴ</strong></span> <span class='ocrx_word' id='word_1_434' title='bbox 3574 763 3660 801; x_wconf 81' lang='grc' dir='ltr'><strong>νο-</strong></span> 
     </span>
    </p>
   </div>
   <div class='ocr_carea' id='block_1_64' title="bbox 2072 829 3656 907">
    <p class='ocr_par' dir='ltr' id='par_1_64' title="bbox 2072 829 3656 907">
     <span class='ocr_line' id='line_1_64' title="bbox 2072 829 3656 907; baseline 0.008 -29"><span class='ocrx_word' id='word_1_435' title='bbox 2072 829 2259 900; x_wconf 63' lang='grc' dir='ltr'><strong>μίδῃῖ.</strong></span> <span class='ocrx_word' id='word_1_436' title='bbox 2298 834 2485 899; x_wconf 69' lang='grc' dir='ltr'><strong>φησιν,</strong></span> <span class='ocrx_word' id='word_1_437' title='bbox 2530 832 2818 903; x_wconf 77' lang='grc' dir='ltr'><strong>ἀρκεῖσθαί</strong></span> <span class='ocrx_word' id='word_1_438' title='bbox 2843 834 2888 865; x_wconf 81' lang='grc'><strong>⁸⁸⁸</strong></span> <span class='ocrx_word' id='word_1_439' title='bbox 2920 846 3003 885; x_wconf 86' lang='grc' dir='ltr'><strong>σοι</strong></span> <span class='ocrx_word' id='word_1_440' title='bbox 3035 833 3096 885; x_wconf 84' lang='grc' dir='ltr'><strong>τὸ</strong></span> <span class='ocrx_word' id='word_1_441' title='bbox 3138 835 3277 903; x_wconf 76' lang='grc' dir='ltr'><strong>μετὰ</strong></span> <span class='ocrx_word' id='word_1_442' title='bbox 3317 839 3656 907; x_wconf 65' lang='grc' dir='ltr'><strong>προφητείας</strong></span> 
     </span>
    </p>
   </div>
   <div class='ocr_carea' id='block_1_65' title="bbox 2072 925 3657 998">
    <p class='ocr_par' dir='ltr' id='par_1_65' title="bbox 2072 925 3657 998">
     <span class='ocr_line' id='line_1_65' title="bbox 2072 925 3657 998; baseline 0.008 -24"><span class='ocrx_word' id='word_1_443' title='bbox 2072 925 2418 991; x_wconf 64' lang='grc' dir='ltr'><strong>ίεράσασοαι,</strong></span> <span class='ocrx_word' id='word_1_444' title='bbox 2476 927 2612 979; x_wconf 83' lang='grc' dir='ltr'><strong>ἀλλά</strong></span> <span class='ocrx_word' id='word_1_445' title='bbox 2671 928 2750 979; x_wconf 85' lang='grc' dir='ltr'><strong>δεῖ</strong></span> <span class='ocrx_word' id='word_1_446' title='bbox 2789 944 2848 979; x_wconf 88' lang='grc' dir='ltr'><strong>σε</strong></span> <span class='ocrx_word' id='word_1_447' title='bbox 2901 926 3049 998; x_wconf 76' lang='grc' dir='ltr'><strong>ἔχειν</strong></span> <span class='ocrx_word' id='word_1_448' title='bbox 3100 930 3324 995; x_wconf 84' lang='grc' dir='ltr'><strong>πίστιν,</strong></span> <span class='ocrx_word' id='word_1_449' title='bbox 3384 926 3526 984; x_wconf 77' lang='grc' dir='ltr'><strong>ὥστε</strong></span> <span class='ocrx_word' id='word_1_450' title='bbox 3565 933 3657 986; x_wconf 71' lang='grc' dir='ltr'><strong>τὸν</strong></span> 
     </span>
    </p>
   </div>
   <div class='ocr_carea' id='block_1_66' title="bbox 2069 1014 3652 1091">
    <p class='ocr_par' dir='ltr' id='par_1_66' title="bbox 2069 1014 3652 1091">
     <span class='ocr_line' id='line_1_66' title="bbox 2069 1014 3652 1091; baseline 0.006 -23"><span class='ocrx_word' id='word_1_451' title='bbox 2069 1014 2226 1085; x_wconf 86' lang='grc' dir='ltr'><strong>λόγον</strong></span> <span class='ocrx_word' id='word_1_452' title='bbox 2267 1017 2605 1087; x_wconf 82' lang='grc' dir='ltr'><strong>όρθοτομεῖν,</strong></span> <span class='ocrx_word' id='word_1_453' title='bbox 2648 1020 2743 1073; x_wconf 74' lang='grc' dir='ltr'><strong>καὶ</strong></span> <span class='ocrx_word' id='word_1_454' title='bbox 2776 1020 2987 1090; x_wconf 83' lang='grc' dir='ltr'><strong>ἀγαθὴν</strong></span> <span class='ocrx_word' id='word_1_455' title='bbox 3020 1022 3348 1090; x_wconf 78' lang='grc' dir='ltr'><strong>συνείδησιν,</strong></span> <span class='ocrx_word' id='word_1_456' title='bbox 3381 1023 3652 1091; x_wconf 79' lang='grc' dir='ltr'><strong>τουτέστι,</strong></span> 
     </span>
    </p>
   </div>
   <div class='ocr_carea' id='block_1_67' title="bbox 2070 1107 3655 1185">
    <p class='ocr_par' dir='ltr' id='par_1_67' title="bbox 2070 1107 3655 1185">
     <span class='ocr_line' id='line_1_67' title="bbox 2070 1107 3655 1185; baseline 0.004 -25"><span class='ocrx_word' id='word_1_457' title='bbox 2070 1107 2347 1162; x_wconf 77' lang='grc' dir='ltr'><strong>πολιτείαν</strong></span> <span class='ocrx_word' id='word_1_458' title='bbox 2376 1110 2801 1177; x_wconf 76' lang='grc' dir='ltr'><strong>ἀκατάγνωστον</strong></span> <span class='ocrx_word' id='word_1_459' title='bbox 2828 1112 3153 1177; x_wconf 83' lang='grc' dir='ltr'><strong>κεκτῆσθαι.</strong></span> <span class='ocrx_word' id='word_1_460' title='bbox 3191 1114 3286 1166; x_wconf 87' lang='grc' dir='ltr'><strong>Ἐκ</strong></span> <span class='ocrx_word' id='word_1_461' title='bbox 3311 1113 3418 1183; x_wconf 88' lang='grc' dir='ltr'><strong>γάρ</strong></span> <span class='ocrx_word' id='word_1_462' title='bbox 3447 1115 3655 1185; x_wconf 79' lang='grc' dir='ltr'><strong>ταύτης</strong></span> 
     </span>
    </p>
   </div>
   <div class='ocr_carea' id='block_1_68' title="bbox 2070 1200 3654 1273">
    <p class='ocr_par' dir='ltr' id='par_1_68' title="bbox 2070 1200 3654 1273">
     <span class='ocr_line' id='line_1_68' title="bbox 2070 1200 3654 1273; baseline 0.004 -20"><span class='ocrx_word' id='word_1_463' title='bbox 2070 1203 2102 1270; x_wconf 77' lang='grc' dir='ltr'><strong>ἡ</strong></span> <span class='ocrx_word' id='word_1_464' title='bbox 2156 1200 2335 1269; x_wconf 83' lang='grc' dir='ltr'><strong>ἀγαθὴ</strong></span> <span class='ocrx_word' id='word_1_465' title='bbox 2390 1200 2729 1271; x_wconf 76' lang='grc' dir='ltr'><strong>συνείδησις,</strong></span> <span class='ocrx_word' id='word_1_466' title='bbox 2790 1202 2879 1253; x_wconf 79' lang='grc' dir='ltr'><strong>ἵνα</strong></span> <span class='ocrx_word' id='word_1_467' title='bbox 2920 1203 3016 1255; x_wconf 74' lang='grc' dir='ltr'><strong>καὶ</strong></span> <span class='ocrx_word' id='word_1_468' title='bbox 3052 1203 3161 1273; x_wconf 79' lang='grc' dir='ltr'><strong>τῶν</strong></span> <span class='ocrx_word' id='word_1_469' title='bbox 3215 1204 3391 1258; x_wconf 81' lang='grc' dir='ltr'><strong>ἄλλων</strong></span> <span class='ocrx_word' id='word_1_470' title='bbox 3430 1204 3654 1259; x_wconf 78' lang='grc' dir='ltr'><strong>δύνασαι</strong></span> 
     </span>
    </p>
   </div>
   <div class='ocr_carea' id='block_1_69' title="bbox 2070 1290 3652 1365">
    <p class='ocr_par' dir='ltr' id='par_1_69' title="bbox 2070 1290 3652 1365">
     <span class='ocr_line' id='line_1_69' title="bbox 2070 1290 3652 1365; baseline 0.003 -22"><span class='ocrx_word' id='word_1_471' title='bbox 2070 1290 2451 1360; x_wconf 72' lang='grc' dir='ltr'><strong>προΐστασθαι.</strong></span> <span class='ocrx_word' id='word_1_472' title='bbox 2511 1291 2598 1354; x_wconf 80' lang='grc' dir='ltr'><strong>Ὠς</strong></span> <span class='ocrx_word' id='word_1_473' title='bbox 2644 1293 2753 1362; x_wconf 69' lang='grc' dir='ltr'><strong>γὰρ</strong></span> <span class='ocrx_word' id='word_1_474' title='bbox 2814 1291 2906 1346; x_wconf 74' lang='grc' dir='ltr'><strong>τὸν</strong></span> <span class='ocrx_word' id='word_1_475' title='bbox 2953 1295 3259 1362; x_wconf 79' lang='grc' dir='ltr'><strong>στρατηγὸν</strong></span> <span class='ocrx_word' id='word_1_476' title='bbox 3281 1293 3361 1347; x_wconf 85' lang='grc' dir='ltr'>δεῖ</span> <span class='ocrx_word' id='word_1_477' title='bbox 3391 1295 3652 1365; x_wconf 85' lang='grc' dir='ltr'><strong>πρότερον</strong></span> 
     </span>
    </p>
   </div>
   <div class='ocr_carea' id='block_1_70' title="bbox 2072 1379 3655 1453">
    <p class='ocr_par' dir='ltr' id='par_1_70' title="bbox 2072 1379 3655 1453">
     <span class='ocr_line' id='line_1_70' title="bbox 2072 1379 3655 1453; baseline 0 -15"><span class='ocrx_word' id='word_1_478' title='bbox 2072 1382 2278 1449; x_wconf 70' lang='grc' dir='ltr'><strong>ἀγαθον</strong></span> <span class='ocrx_word' id='word_1_479' title='bbox 2303 1383 2643 1453; x_wconf 79' lang='grc' dir='ltr'><strong>στρατιώτην</strong></span> <span class='ocrx_word' id='word_1_480' title='bbox 2663 1379 2982 1445; x_wconf 78' lang='grc' dir='ltr'><strong>είναι,ὀῦτω</strong></span> <span class='ocrx_word' id='word_1_481' title='bbox 3004 1384 3096 1436; x_wconf 78' lang='grc' dir='ltr'><strong>καὶ</strong></span> <span class='ocrx_word' id='word_1_482' title='bbox 3121 1385 3213 1437; x_wconf 72' lang='grc' dir='ltr'><strong>τὸν</strong></span> <span class='ocrx_word' id='word_1_483' title='bbox 3235 1384 3551 1440; x_wconf 86' lang='grc' dir='ltr'><strong>διδάσκαλον</strong></span> <span class='ocrx_word' id='word_1_484' title='bbox 3573 1387 3655 1438; x_wconf 76' lang='grc' dir='ltr'><strong>δεῖ</strong></span> 
     </span>
    </p>
   </div>
   <div class='ocr_carea' id='block_1_71' title="bbox 2067 1473 3652 1544">
    <p class='ocr_par' dir='ltr' id='par_1_71' title="bbox 2067 1473 3652 1544">
     <span class='ocr_line' id='line_1_71' title="bbox 2067 1473 3652 1544; baseline 0.001 -16"><span class='ocrx_word' id='word_1_485' title='bbox 2067 1476 2229 1529; x_wconf 77' lang='grc' dir='ltr'><strong>αὑτὸν</strong></span> <span class='ocrx_word' id='word_1_486' title='bbox 2256 1476 2421 1544; x_wconf 75' lang='grc' dir='ltr'><strong>ἔχειν,</strong></span> <span class='ocrx_word' id='word_1_487' title='bbox 2445 1473 2481 1529; x_wconf 73' lang='grc' dir='ltr'><strong>ἀ</strong></span> <span class='ocrx_word' id='word_1_488' title='bbox 2503 1477 2627 1538; x_wconf 77' lang='grc' dir='ltr'><strong>τοὺς</strong></span> <span class='ocrx_word' id='word_1_489' title='bbox 2656 1474 2903 1544; x_wconf 83' lang='grc' dir='ltr'><strong>μαθητὰς</strong></span> <span class='ocrx_word' id='word_1_490' title='bbox 2932 1474 3174 1529; x_wconf 83' lang='grc' dir='ltr'><strong>ἀπαιτεῖ.</strong></span> <span class='ocrx_word' id='word_1_491' title='bbox 3211 1475 3491 1529; x_wconf 79' lang='grc' dir='ltr'><strong>Ἐντεῦθεν</strong></span> <span class='ocrx_word' id='word_1_492' title='bbox 3517 1477 3563 1509; x_wconf 76' lang='grc'><strong>³⁸</strong></span> <span class='ocrx_word' id='word_1_493' title='bbox 3594 1477 3652 1530; x_wconf 72' lang='grc' dir='ltr'><strong>δὲ</strong></span> 
     </span>
    </p>
   </div>
   <div class='ocr_carea' id='block_1_72' title="bbox 2073 1552 3651 1637">
    <p class='ocr_par' dir='ltr' id='par_1_72' title="bbox 2073 1552 3651 1637">
     <span class='ocr_line' id='line_1_72' title="bbox 2073 1552 3651 1637; baseline 0.003 -18"><span class='ocrx_word' id='word_1_494' title='bbox 2073 1566 2459 1636; x_wconf 84' lang='grc' dir='ltr'><strong>μανθάνωμεν,</strong></span> <span class='ocrx_word' id='word_1_495' title='bbox 2485 1566 2586 1618; x_wconf 79' lang='grc' dir='ltr'><strong>κᾶν</strong></span> <span class='ocrx_word' id='word_1_496' title='bbox 2614 1552 2923 1619; x_wconf 81' lang='grc' dir='ltr'><strong>διδάσκαλοι</strong></span> <span class='ocrx_word' id='word_1_497' title='bbox 2952 1560 3124 1635; x_wconf 68' lang='grc' dir='ltr'><strong>ὦμεν,</strong></span> <span class='ocrx_word' id='word_1_498' title='bbox 3152 1567 3227 1637; x_wconf 84' lang='grc' dir='ltr'><strong>μὴ</strong></span> <span class='ocrx_word' id='word_1_499' title='bbox 3259 1568 3524 1632; x_wconf 76' lang='grc' dir='ltr'><strong>ἀπαξιοῦν</strong></span> <span class='ocrx_word' id='word_1_500' title='bbox 3555 1569 3651 1633; x_wconf 82' lang='grc' dir='ltr'><strong>τὰς</strong></span> 
     </span>
    </p>
   </div>
   <div class='ocr_carea' id='block_1_73' title="bbox 2072 1656 3347 1730">
    <p class='ocr_par' dir='ltr' id='par_1_73' title="bbox 2072 1656 3347 1730">
     <span class='ocr_line' id='line_1_73' title="bbox 2072 1656 3347 1730; baseline 0.004 -21"><span class='ocrx_word' id='word_1_501' title='bbox 2072 1657 2182 1711; x_wconf 82' lang='grc' dir='ltr'><strong>τῶν</strong></span> <span class='ocrx_word' id='word_1_502' title='bbox 2218 1657 2359 1728; x_wconf 75' lang='grc' dir='ltr'><strong>ὑπὲρ</strong></span> <span class='ocrx_word' id='word_1_503' title='bbox 2392 1660 2532 1730; x_wconf 67' lang='grc' dir='ltr'><strong>ἡμᾶς</strong></span> <span class='ocrx_word' id='word_1_504' title='bbox 2555 1656 2810 1723; x_wconf 72' lang='grc' dir='ltr'><strong>ἀξιώσεις</strong></span> <span class='ocrx_word' id='word_1_505' title='bbox 2845 1659 2941 1712; x_wconf 76' lang='grc' dir='ltr'><strong>καὶ</strong></span> <span class='ocrx_word' id='word_1_506' title='bbox 2970 1658 3347 1729; x_wconf 78' lang='grc' dir='ltr'><strong>παραινέσεις.</strong></span> 
     </span>
    </p>
   </div>
   <div class='ocr_carea' id='block_1_74' title="bbox 2144 1927 3655 2003">
    <p class='ocr_par' dir='ltr' id='par_1_74' title="bbox 2144 1927 3655 2003">
     <span class='ocr_line' id='line_1_74' title="bbox 2144 1927 3655 2003; baseline 0.003 -20"><span class='ocrx_word' id='word_1_507' title='bbox 2144 1928 2264 1983; x_wconf 82' lang='grc' dir='ltr'><em>Ἦν</em></span> <span class='ocrx_word' id='word_1_508' title='bbox 2290 1944 2448 1994; x_wconf 71' lang='grc' dir='ltr'><strong>τινος</strong></span> <span class='ocrx_word' id='word_1_509' title='bbox 2472 1927 2887 2003; x_wconf 71' lang='grc' dir='ltr'><strong>ἀπωσάμενοι,</strong></span> <span class='ocrx_word' id='word_1_510' title='bbox 2910 1932 3042 1997; x_wconf 71' lang='grc' dir='ltr'><strong>περὶ</strong></span> <span class='ocrx_word' id='word_1_511' title='bbox 3072 1930 3188 1997; x_wconf 80' lang='grc' dir='ltr'><strong>τὴν</strong></span> <span class='ocrx_word' id='word_1_512' title='bbox 3204 1933 3413 1985; x_wconf 75' lang='grc' dir='ltr'><strong>πίστιν</strong></span> <span class='ocrx_word' id='word_1_513' title='bbox 3436 1932 3655 1987; x_wconf 70' lang='grc' dir='ltr'><strong>ἐντινά-</strong></span> 
     </span>
    </p>
   </div>
   <div class='ocr_carea' id='block_1_75' title="bbox 2072 2019 3650 2093">
    <p class='ocr_par' dir='ltr' id='par_1_75' title="bbox 2072 2019 3650 2093">
     <span class='ocr_line' id='line_1_75' title="bbox 2072 2019 3650 2093; baseline 0.001 -22"><span class='ocrx_word' id='word_1_514' title='bbox 2072 2035 2290 2088; x_wconf 58' lang='lat' dir='ltr'><strong>mour.</strong></span> <span class='ocrx_word' id='word_1_515' title='bbox 2338 2021 2471 2080; x_wconf 78' lang='grc' dir='ltr'><strong>Ἴιν,</strong></span> <span class='ocrx_word' id='word_1_516' title='bbox 2497 2019 2596 2090; x_wconf 77' lang='grc' dir='ltr'><strong>τὴν</strong></span> <span class='ocrx_word' id='word_1_517' title='bbox 2623 2020 2835 2093; x_wconf 80' lang='grc' dir='ltr'><strong>ἀγαθὴν</strong></span> <span class='ocrx_word' id='word_1_518' title='bbox 2870 2021 3174 2091; x_wconf 81' lang='grc' dir='ltr'>συνείδησιν</span> <span class='ocrx_word' id='word_1_519' title='bbox 3199 2021 3459 2090; x_wconf 66' lang='grc' dir='ltr'><strong>δηλονότι.</strong></span> <span class='ocrx_word' id='word_1_520' title='bbox 3489 2022 3650 2074; x_wconf 79' lang='grc' dir='ltr'><strong>Εἰκό-</strong></span> 
     </span>
    </p>
   </div>
   <div class='ocr_carea' id='block_1_76' title="bbox 2071 2110 3653 2184">
    <p class='ocr_par' dir='ltr' id='par_1_76' title="bbox 2071 2110 3653 2184">
     <span class='ocr_line' id='line_1_76' title="bbox 2071 2110 3653 2184; baseline 0.001 -20"><span class='ocrx_word' id='word_1_521' title='bbox 2071 2128 2178 2173; x_wconf 84' lang='grc' dir='ltr'><strong>τως</strong></span> <span class='ocrx_word' id='word_1_522' title='bbox 2203 2127 2218 2143; x_wconf 78' lang='grc' dir='ltr'><strong>ο</strong></span> <span class='ocrx_word' id='word_1_523' title='bbox 2258 2110 2387 2164; x_wconf 83' lang='grc' dir='ltr'><strong>ὅταν</strong></span> <span class='ocrx_word' id='word_1_524' title='bbox 2427 2110 2535 2181; x_wconf 84' lang='grc' dir='ltr'><strong>γὰρ</strong></span> <span class='ocrx_word' id='word_1_525' title='bbox 2591 2112 2619 2165; x_wconf 86' lang='grc' dir='ltr'><strong>ὁ</strong></span> <span class='ocrx_word' id='word_1_526' title='bbox 2673 2112 2786 2181; x_wconf 86' lang='grc' dir='ltr'><strong>βίος</strong></span> <span class='ocrx_word' id='word_1_527' title='bbox 2824 2112 3132 2182; x_wconf 81' lang='grc' dir='ltr'><strong>ἀκάθαρτος</strong></span> <span class='ocrx_word' id='word_1_528' title='bbox 3165 2110 3220 2184; x_wconf 83' lang='grc' dir='ltr'><strong>ᾖ,</strong></span> <span class='ocrx_word' id='word_1_529' title='bbox 3261 2114 3356 2166; x_wconf 75' lang='grc' dir='ltr'><strong>καὶ</strong></span> <span class='ocrx_word' id='word_1_530' title='bbox 3405 2113 3653 2182; x_wconf 79' lang='grc' dir='ltr'><strong>δόγματα</strong></span> 
     </span>
    </p>
   </div>
   <div class='ocr_carea' id='block_1_77' title="bbox 2071 2201 3653 2275">
    <p class='ocr_par' dir='ltr' id='par_1_77' title="bbox 2071 2201 3653 2275">
     <span class='ocr_line' id='line_1_77' title="bbox 2071 2201 3653 2275; baseline -0.001 -20"><span class='ocrx_word' id='word_1_531' title='bbox 2071 2201 2323 2256; x_wconf 76' lang='grc' dir='ltr'><strong>ἐντεῦθεν</strong></span> <span class='ocrx_word' id='word_1_532' title='bbox 2363 2203 2772 2274; x_wconf 78' lang='grc' dir='ltr'><strong>διεστραμμένα</strong></span> <span class='ocrx_word' id='word_1_533' title='bbox 2814 2202 3081 2257; x_wconf 79' lang='grc' dir='ltr'><strong>τίκτεται.</strong></span> <span class='ocrx_word' id='word_1_534' title='bbox 3141 2205 3258 2257; x_wconf 84' lang='grc' dir='ltr'><strong>Ἵνα</strong></span> <span class='ocrx_word' id='word_1_535' title='bbox 3287 2205 3397 2274; x_wconf 78' lang='grc' dir='ltr'><strong>γὰρ</strong></span> <span class='ocrx_word' id='word_1_536' title='bbox 3451 2205 3526 2275; x_wconf 82' lang='grc' dir='ltr'><strong>μὴ</strong></span> <span class='ocrx_word' id='word_1_537' title='bbox 3574 2202 3653 2273; x_wconf 76' lang='grc' dir='ltr'><strong>τῷ</strong></span> 
     </span>
    </p>
   </div>
   <div class='ocr_carea' id='block_1_78' title="bbox 2072 2293 3652 2365">
    <p class='ocr_par' dir='ltr' id='par_1_78' title="bbox 2072 2293 3652 2365">
     <span class='ocr_line' id='line_1_78' title="bbox 2072 2293 3652 2365; baseline 0 -18"><span class='ocrx_word' id='word_1_538' title='bbox 2072 2294 2227 2365; x_wconf 77' lang='grc' dir='ltr'>φόϐῳ</span> <span class='ocrx_word' id='word_1_539' title='bbox 2270 2295 2380 2348; x_wconf 84' lang='grc' dir='ltr'><strong>τῶν</strong></span> <span class='ocrx_word' id='word_1_540' title='bbox 2412 2294 2714 2364; x_wconf 83' lang='grc' dir='ltr'><strong>μελλόντων</strong></span> <span class='ocrx_word' id='word_1_541' title='bbox 2749 2293 3146 2364; x_wconf 79' lang='grc' dir='ltr'><strong>βασανίζωνται</strong></span> <span class='ocrx_word' id='word_1_542' title='bbox 3174 2295 3219 2328; x_wconf 77' lang='grc'><strong>⁵¹</strong></span> <span class='ocrx_word' id='word_1_543' title='bbox 3249 2296 3298 2348; x_wconf 81' lang='lat' dir='ltr'><strong>oi</strong></span> <span class='ocrx_word' id='word_1_544' title='bbox 3329 2295 3652 2364; x_wconf 72' lang='grc' dir='ltr'><strong>ἀκαθάρτως</strong></span> 
     </span>
    </p>
   </div>
   <div class='ocr_carea' id='block_1_79' title="bbox 2072 2385 3652 2458">
    <p class='ocr_par' dir='ltr' id='par_1_79' title="bbox 2072 2385 3652 2458">
     <span class='ocr_line' id='line_1_79' title="bbox 2072 2385 3652 2458; baseline -0.001 -21"><span class='ocrx_word' id='word_1_545' title='bbox 2072 2385 2296 2450; x_wconf 80' lang='grc' dir='ltr'><strong>ζῶντες,</strong></span> <span class='ocrx_word' id='word_1_546' title='bbox 2329 2387 2607 2440; x_wconf 81' lang='grc' dir='ltr'>πείθουσιν</span> <span class='ocrx_word' id='word_1_547' title='bbox 2633 2385 2882 2450; x_wconf 81' lang='grc' dir='ltr'><strong>ἑαυτοὺς,</strong></span> <span class='ocrx_word' id='word_1_548' title='bbox 2922 2387 3004 2438; x_wconf 80' lang='grc' dir='ltr'><strong>ὅτι</strong></span> <span class='ocrx_word' id='word_1_549' title='bbox 3040 2385 3215 2440; x_wconf 88' lang='grc' dir='ltr'><strong>πάντα</strong></span> <span class='ocrx_word' id='word_1_550' title='bbox 3263 2386 3332 2439; x_wconf 79' lang='grc' dir='ltr'><strong>τά</strong></span> <span class='ocrx_word' id='word_1_551' title='bbox 3361 2385 3490 2458; x_wconf 84' lang='grc' dir='ltr'><strong>παρ’</strong></span> <span class='ocrx_word' id='word_1_552' title='bbox 3521 2386 3652 2456; x_wconf 78' lang='grc' dir='ltr'><strong>ἡμῖν</strong></span> 
     </span>
    </p>
   </div>
   <div class='ocr_carea' id='block_1_80' title="bbox 2068 2476 3654 2548">
    <p class='ocr_par' dir='ltr' id='par_1_80' title="bbox 2068 2476 3654 2548">
     <span class='ocr_line' id='line_1_80' title="bbox 2068 2476 3654 2548; baseline 0 -19"><span class='ocrx_word' id='word_1_553' title='bbox 2068 2477 2263 2547; x_wconf 80' lang='grc' dir='ltr'><strong>ψευδῆ.</strong></span> <span class='ocrx_word' id='word_1_554' title='bbox 2295 2477 2405 2532; x_wconf 74' lang='grc' dir='ltr'><strong>Καὶ</strong></span> <span class='ocrx_word' id='word_1_555' title='bbox 2439 2479 2468 2531; x_wconf 86' lang='grc' dir='ltr'><strong>ό</strong></span> <span class='ocrx_word' id='word_1_556' title='bbox 2495 2478 2594 2548; x_wconf 76' lang='grc' dir='ltr'><strong>τὴν</strong></span> <span class='ocrx_word' id='word_1_557' title='bbox 2622 2478 2805 2533; x_wconf 87' lang='grc' dir='ltr'><strong>πίστιν</strong></span> <span class='ocrx_word' id='word_1_558' title='bbox 2831 2477 2889 2530; x_wconf 69' lang='grc' dir='ltr'><strong>δὲ</strong></span> <span class='ocrx_word' id='word_1_559' title='bbox 2923 2478 3283 2547; x_wconf 86' lang='grc' dir='ltr'><strong>ἀπωσάμενος</strong></span> <span class='ocrx_word' id='word_1_560' title='bbox 3313 2477 3381 2541; x_wconf 81' lang='grc'><strong>³⁸,</strong></span> <span class='ocrx_word' id='word_1_561' title='bbox 3436 2476 3531 2530; x_wconf 68' lang='grc' dir='ltr'><strong>καὶ</strong></span> <span class='ocrx_word' id='word_1_562' title='bbox 3564 2477 3654 2529; x_wconf 84' lang='grc' dir='ltr'><strong>λο-</strong></span> 
     </span>
    </p>
   </div>
   <div class='ocr_carea' id='block_1_81' title="bbox 2072 2568 3651 2649">
    <p class='ocr_par' dir='ltr' id='par_1_81' title="bbox 2072 2568 3651 2649">
     <span class='ocr_line' id='line_1_81' title="bbox 2072 2568 3651 2649; baseline -0.001 -27"><span class='ocrx_word' id='word_1_563' title='bbox 2072 2572 2287 2637; x_wconf 84' lang='grc' dir='ltr'><strong>γισμοῖς</strong></span> <span class='ocrx_word' id='word_1_564' title='bbox 2307 2569 2367 2622; x_wconf 77' lang='grc' dir='ltr'><strong>τὸ</strong></span> <span class='ocrx_word' id='word_1_565' title='bbox 2392 2568 2832 2649; x_wconf 35' lang='grc' dir='ltr'><strong>πᾶνοὲπιτρέψας</strong></span> <span class='ocrx_word' id='word_1_566' title='bbox 2852 2607 2868 2634; x_wconf 93' lang='grc'><strong>,</strong></span> <span class='ocrx_word' id='word_1_567' title='bbox 2924 2571 3149 2636; x_wconf 77' lang='grc' dir='ltr'><strong>ναυαγεῖ</strong></span> <span class='ocrx_word' id='word_1_568' title='bbox 3174 2570 3300 2638; x_wconf 77' lang='grc' dir='ltr'><strong>περὶ</strong></span> <span class='ocrx_word' id='word_1_569' title='bbox 3321 2569 3422 2639; x_wconf 83' lang='grc' dir='ltr'><strong>τὴν</strong></span> <span class='ocrx_word' id='word_1_570' title='bbox 3446 2569 3651 2622; x_wconf 80' lang='grc' dir='ltr'><strong>πίστιν.</strong></span> 
     </span>
    </p>
   </div>
   <div class='ocr_carea' id='block_1_82' title="bbox 2082 2656 3739 2730">
    <p class='ocr_par' dir='ltr' id='par_1_82' title="bbox 2082 2656 3739 2730">
     <span class='ocr_line' id='line_1_82' title="bbox 2082 2656 3739 2730; baseline -0.002 -18"><span class='ocrx_word' id='word_1_571' title='bbox 2082 2659 2145 2712; x_wconf 84' lang='grc' dir='ltr'><strong>Ὶι</strong></span> <span class='ocrx_word' id='word_1_572' title='bbox 2170 2660 2276 2730; x_wconf 86' lang='grc' dir='ltr'><strong>γάρ</strong></span> <span class='ocrx_word' id='word_1_573' title='bbox 2304 2657 2484 2721; x_wconf 80' lang='grc' dir='ltr'><strong>πίστις</strong></span> <span class='ocrx_word' id='word_1_574' title='bbox 2517 2658 2683 2728; x_wconf 78' lang='grc' dir='ltr'><strong>λιμὴν</strong></span> <span class='ocrx_word' id='word_1_575' title='bbox 2705 2657 2991 2721; x_wconf 73' lang='grc' dir='ltr'><strong>ἄκλυστος,</strong></span> <span class='ocrx_word' id='word_1_576' title='bbox 3017 2658 3076 2711; x_wconf 80' lang='grc' dir='ltr'><strong>ἐν</strong></span> <span class='ocrx_word' id='word_1_577' title='bbox 3099 2658 3312 2728; x_wconf 78' lang='grc' dir='ltr'><strong>γαλήνῃ</strong></span> <span class='ocrx_word' id='word_1_578' title='bbox 3334 2656 3653 2711; x_wconf 83' lang='grc' dir='ltr'><strong>καθιστῶσα</strong></span> <span class='ocrx_word' id='word_1_579' title='bbox 3716 2706 3739 2724; x_wconf 70' lang='lat'><strong>,</strong></span> 
     </span>
    </p>
   </div>
   <div class='ocr_carea' id='block_1_83' title="bbox 2072 2745 3653 2818">
    <p class='ocr_par' dir='ltr' id='par_1_83' title="bbox 2072 2745 3653 2818">
     <span class='ocr_line' id='line_1_83' title="bbox 2072 2745 3653 2818; baseline -0.004 -14"><span class='ocrx_word' id='word_1_580' title='bbox 2072 2751 2162 2804; x_wconf 79' lang='grc' dir='ltr'><strong>τδν</strong></span> <span class='ocrx_word' id='word_1_581' title='bbox 2212 2748 2367 2804; x_wconf 82' lang='grc' dir='ltr'><strong>νοῦν⁶</strong></span> <span class='ocrx_word' id='word_1_582' title='bbox 2435 2749 2493 2803; x_wconf 80' lang='grc' dir='ltr'><strong>αἱ</strong></span> <span class='ocrx_word' id='word_1_583' title='bbox 2548 2749 2604 2803; x_wconf 83' lang='grc' dir='ltr'><strong>δὲ</strong></span> <span class='ocrx_word' id='word_1_584' title='bbox 2655 2748 2907 2818; x_wconf 74' lang='grc' dir='ltr'><strong>ζητήσεις</strong></span> <span class='ocrx_word' id='word_1_585' title='bbox 2955 2748 3178 2818; x_wconf 87' lang='grc' dir='ltr'><strong>κύματά</strong></span> <span class='ocrx_word' id='word_1_586' title='bbox 3213 2749 3340 2810; x_wconf 86' lang='grc' dir='ltr'><strong>είσι,</strong></span> <span class='ocrx_word' id='word_1_587' title='bbox 3382 2746 3475 2800; x_wconf 70' lang='grc' dir='ltr'><strong>τὸν</strong></span> <span class='ocrx_word' id='word_1_588' title='bbox 3526 2745 3653 2799; x_wconf 83' lang='grc' dir='ltr'><strong>νοῦν</strong></span> 
     </span>
    </p>
   </div>
   <div class='ocr_carea' id='block_1_84' title="bbox 2072 2837 3653 2912">
    <p class='ocr_par' dir='ltr' id='par_1_84' title="bbox 2072 2837 3653 2912">
     <span class='ocr_line' id='line_1_84' title="bbox 2072 2837 3653 2912; baseline -0.003 -17"><span class='ocrx_word' id='word_1_589' title='bbox 2072 2841 2258 2912; x_wconf 81' lang='grc' dir='ltr'><strong>ὥσπερ</strong></span> <span class='ocrx_word' id='word_1_590' title='bbox 2291 2843 2370 2905; x_wconf 84' lang='grc' dir='ltr'><strong>εἱς</strong></span> <span class='ocrx_word' id='word_1_591' title='bbox 2400 2842 2661 2909; x_wconf 81' lang='grc' dir='ltr'><strong>ναυάγιον</strong></span> <span class='ocrx_word' id='word_1_592' title='bbox 2683 2841 2732 2874; x_wconf 76' lang='grc'>⁸⁸</span> <span class='ocrx_word' id='word_1_593' title='bbox 2759 2840 2994 2893; x_wconf 73' lang='grc' dir='ltr'><strong>ἐλεεινὸν</strong></span> <span class='ocrx_word' id='word_1_594' title='bbox 3026 2840 3213 2894; x_wconf 73' lang='grc' dir='ltr'><strong>ἄλλοτε</strong></span> <span class='ocrx_word' id='word_1_595' title='bbox 3249 2837 3486 2908; x_wconf 76' lang='grc' dir='ltr'><strong>ἀλλαχοῦ</strong></span> <span class='ocrx_word' id='word_1_596' title='bbox 3528 2854 3653 2891; x_wconf 72' lang='grc' dir='ltr'><strong>συν-</strong></span> 
     </span>
    </p>
   </div>
   <div class='ocr_carea' id='block_1_85' title="bbox 2071 2930 3650 3007">
    <p class='ocr_par' dir='ltr' id='par_1_85' title="bbox 2071 2930 3650 3007">
     <span class='ocr_line' id='line_1_85' title="bbox 2071 2930 3650 3007; baseline -0.003 -18"><span class='ocrx_word' id='word_1_597' title='bbox 2071 2936 2409 3007; x_wconf 78' lang='grc' dir='ltr'><strong>αρπάζοντα,</strong></span> <span class='ocrx_word' id='word_1_598' title='bbox 2438 2936 2534 2990; x_wconf 81' lang='grc' dir='ltr'><strong>καὶ</strong></span> <span class='ocrx_word' id='word_1_599' title='bbox 2566 2935 2793 3005; x_wconf 81' lang='grc' dir='ltr'><strong>πέτραις</strong></span> <span class='ocrx_word' id='word_1_600' title='bbox 2818 2933 3300 3004; x_wconf 72' lang='grc' dir='ltr'><strong>προσαράττονταξ,</strong></span> <span class='ocrx_word' id='word_1_601' title='bbox 3333 2930 3366 3002; x_wconf 79' lang='grc' dir='ltr'>ἢ</span> <span class='ocrx_word' id='word_1_602' title='bbox 3394 2930 3488 2985; x_wconf 75' lang='grc' dir='ltr'><strong>καὶ</strong></span> <span class='ocrx_word' id='word_1_603' title='bbox 3518 2933 3650 2985; x_wconf 73' lang='grc' dir='ltr'><strong>ἀτιθ-</strong></span> 
     </span>
    </p>
   </div>
   <div class='ocr_carea' id='block_1_86' title="bbox 1995 3028 2353 3104">
    <p class='ocr_par' dir='ltr' id='par_1_86' title="bbox 1995 3028 2353 3104">
     <span class='ocr_line' id='line_1_86' title="bbox 1995 3028 2353 3104; baseline 0 -24"><span class='ocrx_word' id='word_1_604' title='bbox 1995 3047 2035 3104; x_wconf 77' lang='lat' dir='ltr'>c</span> <span class='ocrx_word' id='word_1_605' title='bbox 2072 3028 2167 3080; x_wconf 80' lang='grc' dir='ltr'><strong>πνί</strong></span> <span class='ocrx_word' id='word_1_606' title='bbox 2172 3044 2353 3095; x_wconf 86' lang='grc' dir='ltr'><strong>γοντα.</strong></span> 
     </span>
    </p>
   </div>
   <div class='ocr_carea' id='block_1_87' title="bbox 2144 3110 3649 3189">
    <p class='ocr_par' dir='ltr' id='par_1_87' title="bbox 2144 3110 3649 3189">
     <span class='ocr_line' id='line_1_87' title="bbox 2144 3110 3649 3189; baseline -0.001 -17"><span class='ocrx_word' id='word_1_607' title='bbox 2144 3110 2255 3173; x_wconf 80' lang='grc' dir='ltr'><strong>’Ὧν</strong></span> <span class='ocrx_word' id='word_1_608' title='bbox 2302 3120 2473 3174; x_wconf 82' lang='grc' dir='ltr'><strong>ἐστιν</strong></span> <span class='ocrx_word' id='word_1_609' title='bbox 2528 3118 2828 3189; x_wconf 79' lang='grc' dir='ltr'><strong>Ὑμέναιος</strong></span> <span class='ocrx_word' id='word_1_610' title='bbox 2877 3118 2978 3172; x_wconf 76' lang='grc' dir='ltr'><strong>καί</strong></span> <span class='ocrx_word' id='word_1_611' title='bbox 3022 3117 3442 3186; x_wconf 67' lang='grc' dir='ltr'><strong>Ἀλέξανδρος.</strong></span> <span class='ocrx_word' id='word_1_612' title='bbox 3489 3117 3649 3187; x_wconf 73' lang='grc' dir='ltr'><strong>Ὁρᾷς</strong></span> 
     </span>
    </p>
   </div>
   <div class='ocr_carea' id='block_1_88' title="bbox 2042 3203 3648 3280">
    <p class='ocr_par' dir='ltr' id='par_1_88' title="bbox 2042 3203 3648 3280">
     <span class='ocr_line' id='line_1_88' title="bbox 2042 3203 3648 3280; baseline -0.002 -19"><span class='ocrx_word' id='word_1_613' title='bbox 2042 3209 2188 3272; x_wconf 84' lang='grc' dir='ltr'><strong>’πῶς</strong></span> <span class='ocrx_word' id='word_1_614' title='bbox 2223 3207 2456 3262; x_wconf 78' lang='grc' dir='ltr'><strong>ἔκπαλαι</strong></span> <span class='ocrx_word' id='word_1_615' title='bbox 2498 3203 2642 3280; x_wconf 77' lang='grc' dir='ltr'><strong>ἦσαν</strong></span> <span class='ocrx_word' id='word_1_616' title='bbox 2698 3208 2749 3260; x_wconf 84' lang='grc' dir='ltr'><strong>οί</strong></span> <span class='ocrx_word' id='word_1_617' title='bbox 2778 3206 3292 3279; x_wconf 83' lang='grc' dir='ltr'><strong>παραδιδάσκοντες,</strong></span> <span class='ocrx_word' id='word_1_618' title='bbox 3323 3206 3372 3258; x_wconf 82' lang='grc' dir='ltr'><strong>οἱ</strong></span> <span class='ocrx_word' id='word_1_619' title='bbox 3421 3207 3520 3275; x_wconf 83' lang='grc' dir='ltr'><strong>τῆς</strong></span> <span class='ocrx_word' id='word_1_620' title='bbox 3554 3205 3648 3257; x_wconf 78' lang='grc' dir='ltr'><strong>πίο</strong></span> 
     </span>
    </p>
   </div>
   <div class='ocr_carea' id='block_1_89' title="bbox 2074 3297 3651 3371">
    <p class='ocr_par' dir='ltr' id='par_1_89' title="bbox 2074 3297 3651 3371">
     <span class='ocr_line' id='line_1_89' title="bbox 2074 3297 3651 3371; baseline -0.004 -16"><span class='ocrx_word' id='word_1_621' title='bbox 2074 3319 2244 3364; x_wconf 87' lang='grc' dir='ltr'><strong>στεως</strong></span> <span class='ocrx_word' id='word_1_622' title='bbox 2273 3301 2627 3371; x_wconf 77' lang='grc' dir='ltr'><strong>ἀπεχόμενοι,</strong></span> <span class='ocrx_word' id='word_1_623' title='bbox 2659 3299 2944 3370; x_wconf 83' lang='grc' dir='ltr'><strong>λογισμοῖς</strong></span> <span class='ocrx_word' id='word_1_624' title='bbox 2971 3299 3028 3352; x_wconf 83' lang='grc' dir='ltr'><strong>δὲ</strong></span> <span class='ocrx_word' id='word_1_625' title='bbox 3064 3300 3158 3353; x_wconf 78' lang='grc' dir='ltr'><strong>καὶ</strong></span> <span class='ocrx_word' id='word_1_626' title='bbox 3193 3297 3453 3369; x_wconf 76' lang='grc' dir='ltr'><strong>ζητήσεσι</strong></span> <span class='ocrx_word' id='word_1_627' title='bbox 3481 3314 3651 3351; x_wconf 74' lang='grc' dir='ltr'><strong>κατα-</strong></span> 
     </span>
    </p>
   </div>
   <div class='ocr_carea' id='block_1_90' title="bbox 2068 3390 3642 3462">
    <p class='ocr_par' dir='ltr' id='par_1_90' title="bbox 2068 3390 3642 3462">
     <span class='ocr_line' id='line_1_90' title="bbox 2068 3390 3642 3462; baseline -0.003 -16"><span class='ocrx_word' id='word_1_628' title='bbox 2068 3391 2490 3458; x_wconf 85' lang='grc' dir='ltr'><strong>κολουθοῦντες;</strong></span> <span class='ocrx_word' id='word_1_629' title='bbox 2519 3390 2612 3462; x_wconf 82' lang='grc' dir='ltr'><strong>Μὴ</strong></span> <span class='ocrx_word' id='word_1_630' title='bbox 2648 3391 2828 3445; x_wconf 66' lang='grc' dir='ltr'><strong>τοίνδν</strong></span> <span class='ocrx_word' id='word_1_631' title='bbox 2862 3395 2955 3445; x_wconf 64' lang='grc' dir='ltr'><strong>καὶ.</strong></span> <span class='ocrx_word' id='word_1_632' title='bbox 2985 3393 3081 3447; x_wconf 86' lang='grc' dir='ltr'><strong>νῦν</strong></span> <span class='ocrx_word' id='word_1_633' title='bbox 3107 3392 3326 3458; x_wconf 78' lang='grc' dir='ltr'><strong>ἐκλύου,</strong></span> <span class='ocrx_word' id='word_1_634' title='bbox 3359 3393 3488 3444; x_wconf 82' lang='grc' dir='ltr'><strong>ὅταν</strong></span> <span class='ocrx_word' id='word_1_635' title='bbox 3534 3406 3642 3442; x_wconf 84' lang='grc' dir='ltr'><strong>τοι-</strong></span> 
     </span>
    </p>
   </div>
   <div class='ocr_carea' id='block_1_91' title="bbox 2067 3482 3005 3556">
    <p class='ocr_par' dir='ltr' id='par_1_91' title="bbox 2067 3482 3005 3556">
     <span class='ocr_line' id='line_1_91' title="bbox 2067 3482 3005 3556; baseline -0.002 -16"><span class='ocrx_word' id='word_1_636' title='bbox 2067 3485 2258 3550; x_wconf 88' lang='grc' dir='ltr'><strong>ούτους</strong></span> <span class='ocrx_word' id='word_1_637' title='bbox 2286 3483 2515 3556; x_wconf 82' lang='grc' dir='ltr'><strong>βλέπῃς,</strong></span> <span class='ocrx_word' id='word_1_638' title='bbox 2541 3482 2656 3537; x_wconf 84' lang='grc' dir='ltr'><strong>ἀλλ’</strong></span> <span class='ocrx_word' id='word_1_639' title='bbox 2689 3482 3005 3539; x_wconf 85' lang='grc' dir='ltr'><strong>ἀνθίστασο.</strong></span> 
     </span>
    </p>
   </div>
   <div class='ocr_carea' id='block_1_92' title="bbox 2143 3656 3646 3729">
    <p class='ocr_par' dir='ltr' id='par_1_92' title="bbox 2143 3656 3646 3729">
     <span class='ocr_line' id='line_1_92' title="bbox 2143 3656 3646 3729; baseline -0.003 -12"><span class='ocrx_word' id='word_1_640' title='bbox 2143 3663 2262 3729; x_wconf 87' lang='grc' dir='ltr'><strong>Οὓς</strong></span> <span class='ocrx_word' id='word_1_641' title='bbox 2292 3659 2612 3729; x_wconf 78' lang='grc' dir='ltr'><strong>παρέδωκα</strong></span> <span class='ocrx_word' id='word_1_642' title='bbox 2644 3656 2726 3723; x_wconf 80' lang='grc' dir='ltr'><strong>τῷ</strong></span> <span class='ocrx_word' id='word_1_643' title='bbox 2754 3656 3013 3722; x_wconf 78' lang='grc' dir='ltr'><strong>Σατανᾷ,</strong></span> <span class='ocrx_word' id='word_1_644' title='bbox 3036 3658 3136 3710; x_wconf 75' lang='grc' dir='ltr'><strong>ἵνα</strong></span> <span class='ocrx_word' id='word_1_645' title='bbox 3173 3657 3533 3712; x_wconf 80' lang='grc' dir='ltr'><strong>παιδευθῶσι</strong></span> <span class='ocrx_word' id='word_1_646' title='bbox 3558 3659 3646 3727; x_wconf 74' lang='grc' dir='ltr'><strong>μὴ</strong></span> 
     </span>
    </p>
   </div>
   <div class='ocr_carea' id='block_1_93' title="bbox 2059 3749 3648 3824">
    <p class='ocr_par' dir='ltr' id='par_1_93' title="bbox 2059 3749 3648 3824">
     <span class='ocr_line' id='line_1_93' title="bbox 2059 3749 3648 3824; baseline -0.005 -14"><span class='ocrx_word' id='word_1_647' title='bbox 2059 3754 2478 3824; x_wconf 68' lang='grc' dir='ltr'><strong>βλασφημεῖν.</strong></span> <span class='ocrx_word' id='word_1_648' title='bbox 2512 3751 2739 3812; x_wconf 74' lang='grc' dir='ltr'><strong>’Ἄλλους</strong></span> <span class='ocrx_word' id='word_1_649' title='bbox 2766 3749 3038 3803; x_wconf 82' lang='grc' dir='ltr'><strong>παιδεύων</strong></span> <span class='ocrx_word' id='word_1_650' title='bbox 3059 3752 3086 3802; x_wconf 90' lang='grc' dir='ltr'><strong>ὀ</strong></span> <span class='ocrx_word' id='word_1_651' title='bbox 3113 3750 3376 3813; x_wconf 81' lang='grc' dir='ltr'><strong>Σατανᾶς,</strong></span> <span class='ocrx_word' id='word_1_652' title='bbox 3410 3752 3527 3813; x_wconf 82' lang='grc' dir='ltr'><strong>πῶς</strong></span> <span class='ocrx_word' id='word_1_653' title='bbox 3547 3753 3648 3823; x_wconf 73' lang='grc' dir='ltr'><strong>οὐχ</strong></span> 
     </span>
    </p>
   </div>
   <div class='ocr_carea' id='block_1_94' title="bbox 2064 3837 3646 3911">
    <p class='ocr_par' dir='ltr' id='par_1_94' title="bbox 2064 3837 3646 3911">
     <span class='ocr_line' id='line_1_94' title="bbox 2064 3837 3646 3911; baseline -0.003 -12"><span class='ocrx_word' id='word_1_654' title='bbox 2064 3847 2254 3900; x_wconf 80' lang='grc' dir='ltr'><strong>ἑαυτὸν</strong></span> <span class='ocrx_word' id='word_1_655' title='bbox 2281 3843 2524 3898; x_wconf 80' lang='grc' dir='ltr'><strong>παιδεύει</strong></span> <span class='ocrx_word' id='word_1_656' title='bbox 2545 3861 2559 3909; x_wconf 88' lang='lat'><strong>;</strong></span> <span class='ocrx_word' id='word_1_657' title='bbox 2581 3842 2692 3896; x_wconf 78' lang='grc' dir='ltr'><strong>Οὐκ</strong></span> <span class='ocrx_word' id='word_1_658' title='bbox 2712 3837 2885 3906; x_wconf 81' lang='grc' dir='ltr'><strong>εἶπεν,</strong></span> <span class='ocrx_word' id='word_1_659' title='bbox 2910 3840 3027 3894; x_wconf 83' lang='grc' dir='ltr'><strong>’Ὶνα</strong></span> <span class='ocrx_word' id='word_1_660' title='bbox 3049 3839 3333 3911; x_wconf 81' lang='grc' dir='ltr'><strong>παιδεύσῃ,</strong></span> <span class='ocrx_word' id='word_1_661' title='bbox 3356 3841 3492 3906; x_wconf 84' lang='grc' dir='ltr'><strong>ἀλλ’,</strong></span> <span class='ocrx_word' id='word_1_662' title='bbox 3520 3841 3646 3895; x_wconf 79' lang='grc' dir='ltr'><strong>Ἵνα</strong></span> 
     </span>
    </p>
   </div>
   <div class='ocr_carea' id='block_1_95' title="bbox 2065 3930 3646 4003">
    <p class='ocr_par' dir='ltr' id='par_1_95' title="bbox 2065 3930 3646 4003">
     <span class='ocr_line' id='line_1_95' title="bbox 2065 3930 3646 4003; baseline -0.003 -13"><span class='ocrx_word' id='word_1_663' title='bbox 2065 3933 2492 3991; x_wconf 80' lang='grc' dir='ltr'><strong>παιδευθῶσιν.</strong></span> <span class='ocrx_word' id='word_1_664' title='bbox 2511 3932 2718 4003; x_wconf 59' lang='grc' dir='ltr'><strong>υὺλγὰρ</strong></span> <span class='ocrx_word' id='word_1_665' title='bbox 2749 3935 2953 3996; x_wconf 74' lang='grc' dir='ltr'><strong>ἐκεῖνος</strong></span> <span class='ocrx_word' id='word_1_666' title='bbox 2981 3931 3141 3984; x_wconf 83' lang='grc' dir='ltr'><strong>τοῦτο</strong></span> <span class='ocrx_word' id='word_1_667' title='bbox 3164 3931 3478 4001; x_wconf 72' lang='grc' dir='ltr'><strong>ἐργάζεται,</strong></span> <span class='ocrx_word' id='word_1_668' title='bbox 3506 3930 3646 3985; x_wconf 83' lang='grc' dir='ltr'><strong>ἀλλά</strong></span> 
     </span>
    </p>
   </div>
   <div class='ocr_carea' id='block_1_96' title="bbox 2063 4023 3642 4096">
    <p class='ocr_par' dir='ltr' id='par_1_96' title="bbox 2063 4023 3642 4096">
     <span class='ocr_line' id='line_1_96' title="bbox 2063 4023 3642 4096; baseline -0.004 -14"><span class='ocrx_word' id='word_1_669' title='bbox 2063 4030 2224 4085; x_wconf 84' lang='grc' dir='ltr'><strong>τοῦτο</strong></span> <span class='ocrx_word' id='word_1_670' title='bbox 2270 4028 2513 4082; x_wconf 70' lang='grc' dir='ltr'><strong>ἐκϐαίνει</strong></span> <span class='ocrx_word' id='word_1_671' title='bbox 2555 4026 2617 4093; x_wconf 77' lang='grc' dir='ltr'><strong>ἐξ</strong></span> <span class='ocrx_word' id='word_1_672' title='bbox 2674 4025 3139 4096; x_wconf 81' lang='grc' dir='ltr'><strong>ἀποτελέσματος.</strong></span> <span class='ocrx_word' id='word_1_673' title='bbox 3172 4023 3383 4094; x_wconf 82' lang='grc' dir='ltr'><strong>Ὠσπερ</strong></span> <span class='ocrx_word' id='word_1_674' title='bbox 3434 4023 3544 4094; x_wconf 77' lang='grc' dir='ltr'><strong>γὰρ</strong></span> <span class='ocrx_word' id='word_1_675' title='bbox 3594 4025 3642 4076; x_wconf 77' lang='grc' dir='ltr'><strong>οἱ</strong></span> 
     </span>
    </p>
   </div>
   <div class='ocr_carea' id='block_1_97' title="bbox 2064 4114 3643 4192">
    <p class='ocr_par' dir='ltr' id='par_1_97' title="bbox 2064 4114 3643 4192">
     <span class='ocr_line' id='line_1_97' title="bbox 2064 4114 3643 4192; baseline -0.006 -18"><span class='ocrx_word' id='word_1_676' title='bbox 2064 4122 2271 4192; x_wconf 84' lang='grc' dir='ltr'><strong>δήμιοι,</strong></span> <span class='ocrx_word' id='word_1_677' title='bbox 2330 4120 2541 4192; x_wconf 88' lang='grc' dir='ltr'><strong>μυρίων</strong></span> <span class='ocrx_word' id='word_1_678' title='bbox 2592 4119 2856 4188; x_wconf 80' lang='grc' dir='ltr'><strong>γέμοντες</strong></span> <span class='ocrx_word' id='word_1_679' title='bbox 2905 4117 3129 4178; x_wconf 80' lang='grc' dir='ltr'><strong>κακῶν,</strong></span> <span class='ocrx_word' id='word_1_680' title='bbox 3176 4118 3288 4177; x_wconf 82' lang='grc' dir='ltr'><strong>τοῖς</strong></span> <span class='ocrx_word' id='word_1_681' title='bbox 3327 4114 3506 4175; x_wconf 80' lang='grc' dir='ltr'><strong>ἀλλοις</strong></span> <span class='ocrx_word' id='word_1_682' title='bbox 3548 4114 3643 4165; x_wconf 83' lang='grc' dir='ltr'><strong>τοῦ</strong></span> 
     </span>
    </p>
   </div>
   <div class='ocr_carea' id='block_1_98' title="bbox 2065 4204 3641 4281">
    <p class='ocr_par' dir='ltr' id='par_1_98' title="bbox 2065 4204 3641 4281">
     <span class='ocr_line' id='line_1_98' title="bbox 2065 4204 3641 4281; baseline -0.003 -18"><span class='ocrx_word' id='word_1_683' title='bbox 2065 4213 2364 4281; x_wconf 79' lang='grc' dir='ltr'><strong>σωφρονεῖν</strong></span> <span class='ocrx_word' id='word_1_684' title='bbox 2413 4209 2576 4263; x_wconf 77' lang='grc' dir='ltr'><strong>αἴτιοι</strong></span> <span class='ocrx_word' id='word_1_685' title='bbox 2608 4210 2884 4276; x_wconf 86' lang='grc' dir='ltr'><strong>γίνονται,</strong></span> <span class='ocrx_word' id='word_1_686' title='bbox 2943 4206 3087 4259; x_wconf 75' lang='grc' dir='ltr'><strong>οὕτω</strong></span> <span class='ocrx_word' id='word_1_687' title='bbox 3143 4205 3236 4258; x_wconf 74' lang='grc' dir='ltr'><strong>καὶ</strong></span> <span class='ocrx_word' id='word_1_688' title='bbox 3289 4206 3318 4254; x_wconf 85' lang='grc' dir='ltr'><strong>ό</strong></span> <span class='ocrx_word' id='word_1_689' title='bbox 3374 4204 3641 4266; x_wconf 75' lang='grc' dir='ltr'><strong>διάϐολος.</strong></span> 
     </span>
    </p>
   </div>
   <div class='ocr_carea' id='block_1_99' title="bbox 2064 4294 3641 4369">
    <p class='ocr_par' dir='ltr' id='par_1_99' title="bbox 2064 4294 3641 4369">
     <span class='ocr_line' id='line_1_99' title="bbox 2064 4294 3641 4369; baseline -0.004 -16"><span class='ocrx_word' id='word_1_690' title='bbox 2064 4302 2163 4355; x_wconf 79' lang='grc' dir='ltr'><strong>Διά</strong></span> <span class='ocrx_word' id='word_1_691' title='bbox 2184 4303 2236 4354; x_wconf 87' lang='grc' dir='ltr'><strong>τί</strong></span> <span class='ocrx_word' id='word_1_692' title='bbox 2266 4302 2323 4355; x_wconf 80' lang='grc' dir='ltr'><strong>δὲ</strong></span> <span class='ocrx_word' id='word_1_693' title='bbox 2369 4301 2442 4369; x_wconf 75' lang='grc' dir='ltr'><strong>μὴ</strong></span> <span class='ocrx_word' id='word_1_694' title='bbox 2473 4299 2540 4352; x_wconf 84' lang='grc' dir='ltr'><strong>δι’</strong></span> <span class='ocrx_word' id='word_1_695' title='bbox 2583 4296 2779 4350; x_wconf 79' lang='grc' dir='ltr'><strong>ἑαυτοῦ</strong></span> <span class='ocrx_word' id='word_1_696' title='bbox 2807 4299 3032 4358; x_wconf 80' lang='grc' dir='ltr'><strong>τούτους</strong></span> <span class='ocrx_word' id='word_1_697' title='bbox 3065 4296 3093 4347; x_wconf 85' lang='grc' dir='ltr'><strong>ό</strong></span> <span class='ocrx_word' id='word_1_698' title='bbox 3128 4294 3333 4356; x_wconf 84' lang='grc' dir='ltr'><strong>Παῦλος</strong></span> <span class='ocrx_word' id='word_1_699' title='bbox 3357 4296 3641 4359; x_wconf 78' lang='grc' dir='ltr'><strong>ἐκόλασεν,</strong></span> 
     </span>
    </p>
   </div>
   <div class='ocr_carea' id='block_1_100' title="bbox 2066 4383 3642 4461">
    <p class='ocr_par' dir='ltr' id='par_1_100' title="bbox 2066 4383 3642 4461">
     <span class='ocr_line' id='line_1_100' title="bbox 2066 4383 3642 4461; baseline -0.01 -17"><span class='ocrx_word' id='word_1_700' title='bbox 2066 4389 2257 4461; x_wconf 81' lang='grc' dir='ltr'><strong>ὥσπερ</strong></span> <span class='ocrx_word' id='word_1_701' title='bbox 2289 4392 2495 4442; x_wconf 78' lang='grc' dir='ltr'><strong>ἐκεῖνον</strong></span> <span class='ocrx_word' id='word_1_702' title='bbox 2532 4387 2622 4439; x_wconf 84' lang='grc' dir='ltr'><strong>τὸν</strong></span> <span class='ocrx_word' id='word_1_703' title='bbox 2646 4383 2972 4454; x_wconf 82' lang='grc' dir='ltr'><strong>Βαριησοῢν,</strong></span> <span class='ocrx_word' id='word_1_704' title='bbox 3002 4383 3078 4447; x_wconf 86' lang='grc' dir='ltr'><strong>ὡς</strong></span> <span class='ocrx_word' id='word_1_705' title='bbox 3106 4385 3202 4438; x_wconf 69' lang='grc' dir='ltr'><strong>καὶ</strong></span> <span class='ocrx_word' id='word_1_706' title='bbox 3243 4384 3446 4455; x_wconf 82' lang='grc' dir='ltr'><strong>Πέτρος</strong></span> <span class='ocrx_word' id='word_1_707' title='bbox 3488 4386 3642 4438; x_wconf 80' lang='grc' dir='ltr'><strong>Ἀνα-</strong></span> 
     </span>
    </p>
   </div>
   <div class='ocr_carea' id='block_1_101' title="bbox 2066 4470 3641 4543">
    <p class='ocr_par' dir='ltr' id='par_1_101' title="bbox 2066 4470 3641 4543">
     <span class='ocr_line' id='line_1_101' title="bbox 2066 4470 3641 4543; baseline -0.006 -11"><span class='ocrx_word' id='word_1_708' title='bbox 2066 4482 2222 4540; x_wconf 85' lang='grc' dir='ltr'><strong>νίαν;</strong></span> <span class='ocrx_word' id='word_1_709' title='bbox 2265 4479 2381 4530; x_wconf 85' lang='grc' dir='ltr'><strong>Ἵνα</strong></span> <span class='ocrx_word' id='word_1_710' title='bbox 2420 4473 2559 4543; x_wconf 85' lang='grc' dir='ltr'><strong>μετά</strong></span> <span class='ocrx_word' id='word_1_711' title='bbox 2587 4473 2683 4541; x_wconf 82' lang='grc' dir='ltr'><strong>τῆς</strong></span> <span class='ocrx_word' id='word_1_712' title='bbox 2716 4470 3082 4541; x_wconf 81' lang='grc' dir='ltr'><strong>σφοδρότητος</strong></span> <span class='ocrx_word' id='word_1_713' title='bbox 3111 4471 3210 4540; x_wconf 83' lang='grc' dir='ltr'><strong>τῆς</strong></span> <span class='ocrx_word' id='word_1_714' title='bbox 3243 4470 3518 4535; x_wconf 82' lang='grc' dir='ltr'><strong>κολάσεως</strong></span> <span class='ocrx_word' id='word_1_715' title='bbox 3547 4472 3641 4524; x_wconf 69' lang='grc' dir='ltr'><strong>καὶ</strong></span> 
     </span>
    </p>
   </div>
   <div class='ocr_carea' id='block_1_102' title="bbox 2064 4561 3643 4643">
    <p class='ocr_par' dir='ltr' id='par_1_102' title="bbox 2064 4561 3643 4643">
     <span class='ocr_line' id='line_1_102' title="bbox 2064 4561 3643 4643; baseline -0.006 -19"><span class='ocrx_word' id='word_1_716' title='bbox 2064 4574 2097 4643; x_wconf 83' lang='grc' dir='ltr'><strong>ή</strong></span> <span class='ocrx_word' id='word_1_717' title='bbox 2132 4563 2341 4639; x_wconf 72' lang='grc' dir='ltr'><strong>ὓϐριςῇ</strong></span> <span class='ocrx_word' id='word_1_718' title='bbox 2371 4566 2592 4637; x_wconf 82' lang='grc' dir='ltr'><strong>μείζων,</strong></span> <span class='ocrx_word' id='word_1_719' title='bbox 2628 4565 2721 4616; x_wconf 78' lang='grc' dir='ltr'><strong>καὶ</strong></span> <span class='ocrx_word' id='word_1_720' title='bbox 2752 4564 2837 4617; x_wconf 78' lang='grc' dir='ltr'><strong>ἵνα</strong></span> <span class='ocrx_word' id='word_1_721' title='bbox 2868 4561 3017 4634; x_wconf 77' lang='grc' dir='ltr'><strong>δείξῃ</strong></span> <span class='ocrx_word' id='word_1_722' title='bbox 3056 4563 3140 4616; x_wconf 84' lang='grc' dir='ltr'><strong>ὅτι</strong></span> <span class='ocrx_word' id='word_1_723' title='bbox 3180 4563 3278 4617; x_wconf 71' lang='grc' dir='ltr'><strong>καὶ</strong></span> <span class='ocrx_word' id='word_1_724' title='bbox 3310 4562 3388 4632; x_wconf 79' lang='grc' dir='ltr'><strong>τῷ</strong></span> <span class='ocrx_word' id='word_1_725' title='bbox 3425 4563 3643 4633; x_wconf 76' lang='grc' dir='ltr'><strong>Σατανᾷ</strong></span> 
     </span>
    </p>
   </div>
   <div class='ocr_carea' id='block_1_103' title="bbox 2066 4649 3640 4728">
    <p class='ocr_par' dir='ltr' id='par_1_103' title="bbox 2066 4649 3640 4728">
     <span class='ocr_line' id='line_1_103' title="bbox 2066 4649 3640 4728; baseline -0.006 -13"><span class='ocrx_word' id='word_1_726' title='bbox 2066 4661 2372 4721; x_wconf 78' lang='grc' dir='ltr'><strong>ἐπιτάσσει,</strong></span> <span class='ocrx_word' id='word_1_727' title='bbox 2402 4658 2498 4711; x_wconf 81' lang='grc' dir='ltr'><strong>καὶ</strong></span> <span class='ocrx_word' id='word_1_728' title='bbox 2542 4658 2607 4708; x_wconf 81' lang='grc' dir='ltr'><strong>ὲκ</strong></span> <span class='ocrx_word' id='word_1_729' title='bbox 2632 4655 2824 4708; x_wconf 87' lang='grc' dir='ltr'><strong>τούτου</strong></span> <span class='ocrx_word' id='word_1_730' title='bbox 2854 4654 3229 4727; x_wconf 72' lang='grc' dir='ltr'><strong>φοϐερώτερος</strong></span> <span class='ocrx_word' id='word_1_731' title='bbox 3343 4653 3559 4707; x_wconf 83' lang='grc' dir='ltr'><strong>Μᾶλλον</strong></span> <span class='ocrx_word' id='word_1_732' title='bbox 3584 4654 3640 4706; x_wconf 75' lang='grc' dir='ltr'><strong>δὲ</strong></span> 
     </span>
    </p>
   </div>
   <div class='ocr_carea' id='block_1_104' title="bbox 2065 4744 3639 4821">
    <p class='ocr_par' dir='ltr' id='par_1_104' title="bbox 2065 4744 3639 4821">
     <span class='ocr_line' id='line_1_104' title="bbox 2065 4744 3639 4821; baseline -0.004 -16"><span class='ocrx_word' id='word_1_733' title='bbox 2065 4753 2194 4815; x_wconf 79' lang='grc' dir='ltr'><strong>τοὺς</strong></span> <span class='ocrx_word' id='word_1_734' title='bbox 2226 4750 2326 4821; x_wconf 68' lang='grc' dir='ltr'><strong>μὲν</strong></span> <span class='ocrx_word' id='word_1_735' title='bbox 2356 4749 2619 4811; x_wconf 81' lang='grc' dir='ltr'><strong>ἀπίστους</strong></span> <span class='ocrx_word' id='word_1_736' title='bbox 2652 4749 2808 4801; x_wconf 69' lang='grc' dir='ltr'><strong>αὐτοὶ</strong></span> <span class='ocrx_word' id='word_1_737' title='bbox 2834 4747 3124 4811; x_wconf 65' lang='grc' dir='ltr'><strong>ἐκόλαζον,</strong></span> <span class='ocrx_word' id='word_1_738' title='bbox 3167 4746 3253 4798; x_wconf 82' lang='grc' dir='ltr'><strong>ἵνα</strong></span> <span class='ocrx_word' id='word_1_739' title='bbox 3289 4744 3536 4814; x_wconf 75' lang='grc' dir='ltr'><strong>μάθωσιν</strong></span> <span class='ocrx_word' id='word_1_740' title='bbox 3558 4746 3639 4799; x_wconf 77' lang='grc' dir='ltr'><strong>ὃτι</strong></span> 
     </span>
    </p>
   </div>
   <div class='ocr_carea' id='block_1_105' title="bbox 2065 4838 3642 4911">
    <p class='ocr_par' dir='ltr' id='par_1_105' title="bbox 2065 4838 3642 4911">
     <span class='ocr_line' id='line_1_105' title="bbox 2065 4838 3642 4911; baseline -0.005 -14"><span class='ocrx_word' id='word_1_741' title='bbox 2065 4846 2126 4897; x_wconf 81' lang='grc' dir='ltr'><strong>ού</strong></span> <span class='ocrx_word' id='word_1_742' title='bbox 2156 4843 2411 4899; x_wconf 76' lang='grc' dir='ltr'><strong>δύνανται</strong></span> <span class='ocrx_word' id='word_1_743' title='bbox 2452 4841 2657 4895; x_wconf 81' lang='grc' dir='ltr'><strong>λαθεῖν.</strong></span> <span class='ocrx_word' id='word_1_744' title='bbox 2693 4841 2806 4894; x_wconf 74' lang='grc' dir='ltr'><strong>Καὶ</strong></span> <span class='ocrx_word' id='word_1_745' title='bbox 2844 4840 2954 4911; x_wconf 83' lang='grc' dir='ltr'><strong>γὰρ</strong></span> <span class='ocrx_word' id='word_1_746' title='bbox 2986 4840 3082 4894; x_wconf 78' lang='grc' dir='ltr'><strong>καὶ</strong></span> <span class='ocrx_word' id='word_1_747' title='bbox 3130 4838 3376 4899; x_wconf 78' lang='grc' dir='ltr'><strong>’Δνανίας</strong></span> <span class='ocrx_word' id='word_1_748' title='bbox 3413 4838 3642 4900; x_wconf 79' lang='grc' dir='ltr'><strong>ἄπιστος</strong></span> 
     </span>
    </p>
   </div>
   <div class='ocr_carea' id='block_1_106' title="bbox 2064 4926 3637 5008">
    <p class='ocr_par' dir='ltr' id='par_1_106' title="bbox 2064 4926 3637 5008">
     <span class='ocr_line' id='line_1_106' title="bbox 2064 4926 3637 5008; baseline -0.006 -19"><span class='ocrx_word' id='word_1_749' title='bbox 2064 4931 2154 5008; x_wconf 78' lang='grc' dir='ltr'><strong>ἦν,</strong></span> <span class='ocrx_word' id='word_1_750' title='bbox 2187 4934 2268 4988; x_wconf 75' lang='grc' dir='ltr'><strong>ἔτι</strong></span> <span class='ocrx_word' id='word_1_751' title='bbox 2319 4932 2619 5005; x_wconf 77' lang='grc' dir='ltr'><strong>πειράζων.</strong></span> <span class='ocrx_word' id='word_1_752' title='bbox 2659 4931 2800 4993; x_wconf 74' lang='grc' dir='ltr'><strong>Τοὺς</strong></span> <span class='ocrx_word' id='word_1_753' title='bbox 2849 4929 2905 4982; x_wconf 69' lang='grc' dir='ltr'><strong>δὲ</strong></span> <span class='ocrx_word' id='word_1_754' title='bbox 2936 4927 3094 4981; x_wconf 85' lang='grc' dir='ltr'><strong>τοῦτο</strong></span> <span class='ocrx_word' id='word_1_755' title='bbox 3132 4926 3401 4998; x_wconf 82' lang='grc' dir='ltr'><strong>μαθόντας</strong></span> <span class='ocrx_word' id='word_1_756' title='bbox 3430 4927 3637 4989; x_wconf 78' lang='grc' dir='ltr'><strong>λοιπὸν,</strong></span> 
     </span>
    </p>
   </div>
   <div class='ocr_carea' id='block_1_107' title="bbox 2067 5018 3640 5096">
    <p class='ocr_par' dir='ltr' id='par_1_107' title="bbox 2067 5018 3640 5096">
     <span class='ocr_line' id='line_1_107' title="bbox 2067 5018 3640 5096; baseline -0.007 -16"><span class='ocrx_word' id='word_1_757' title='bbox 2067 5024 2187 5080; x_wconf 83' lang='grc' dir='ltr'><strong>εἶτα</strong></span> <span class='ocrx_word' id='word_1_758' title='bbox 2214 5025 2610 5096; x_wconf 72' lang='grc' dir='ltr'><strong>ἐκτραπέντας,</strong></span> <span class='ocrx_word' id='word_1_759' title='bbox 2644 5022 2722 5092; x_wconf 82' lang='grc' dir='ltr'><strong>τῷ</strong></span> <span class='ocrx_word' id='word_1_760' title='bbox 2750 5021 2963 5090; x_wconf 74' lang='grc' dir='ltr'><strong>Σατανᾷ</strong></span> <span class='ocrx_word' id='word_1_761' title='bbox 3006 5019 3351 5091; x_wconf 77' lang='grc' dir='ltr'><strong>παρεδίδουν,</strong></span> <span class='ocrx_word' id='word_1_762' title='bbox 3395 5018 3640 5072; x_wconf 83' lang='grc' dir='ltr'><strong>δεικνύν-</strong></span> 
     </span>
    </p>
   </div>
   <div class='ocr_carea' id='block_1_108' title="bbox 2065 5110 3635 5184">
    <p class='ocr_par' dir='ltr' id='par_1_108' title="bbox 2065 5110 3635 5184">
     <span class='ocr_line' id='line_1_108' title="bbox 2065 5110 3635 5184; baseline -0.008 -10"><span class='ocrx_word' id='word_1_763' title='bbox 2065 5137 2156 5183; x_wconf 86' lang='grc' dir='ltr'><strong>τες</strong></span> <span class='ocrx_word' id='word_1_764' title='bbox 2188 5119 2390 5183; x_wconf 81' lang='grc' dir='ltr'><strong>αὖτοῖς,</strong></span> <span class='ocrx_word' id='word_1_765' title='bbox 2423 5118 2505 5172; x_wconf 79' lang='grc' dir='ltr'><strong>ὅτι</strong></span> <span class='ocrx_word' id='word_1_766' title='bbox 2543 5118 2644 5171; x_wconf 81' lang='grc' dir='ltr'><strong>οὐκ</strong></span> <span class='ocrx_word' id='word_1_767' title='bbox 2673 5115 2850 5183; x_wconf 75' lang='grc' dir='ltr'><strong>οἰκείᾳ</strong></span> <span class='ocrx_word' id='word_1_768' title='bbox 2879 5113 3129 5184; x_wconf 83' lang='grc' dir='ltr'><strong>δυνάμει,</strong></span> <span class='ocrx_word' id='word_1_769' title='bbox 3164 5113 3301 5168; x_wconf 81' lang='grc' dir='ltr'><strong>ἀλλὰ</strong></span> <span class='ocrx_word' id='word_1_770' title='bbox 3339 5115 3407 5183; x_wconf 81' lang='grc' dir='ltr'><strong>τῇ</strong></span> <span class='ocrx_word' id='word_1_771' title='bbox 3437 5110 3635 5174; x_wconf 79' lang='grc' dir='ltr'><strong>αὐτῶν,</strong></span> 
     </span>
    </p>
   </div>
   <div class='ocr_carea' id='block_1_109' title="bbox 2066 5200 3642 5279">
    <p class='ocr_par' dir='ltr' id='par_1_109' title="bbox 2066 5200 3642 5279">
     <span class='ocr_line' id='line_1_109' title="bbox 2066 5200 3642 5279; baseline -0.006 -15"><span class='ocrx_word' id='word_1_772' title='bbox 2066 5212 2175 5264; x_wconf 82' lang='grc' dir='ltr'><strong>τῶν</strong></span> <span class='ocrx_word' id='word_1_773' title='bbox 2221 5210 2537 5265; x_wconf 84' lang='grc' dir='ltr'><strong>ἀποστόλων</strong></span> <span class='ocrx_word' id='word_1_774' title='bbox 2584 5210 2760 5279; x_wconf 69' lang='grc' dir='ltr'><strong>φημὶ,</strong></span> <span class='ocrx_word' id='word_1_775' title='bbox 2798 5207 3103 5278; x_wconf 82' lang='grc' dir='ltr'><strong>συνείχοντο</strong></span> <span class='ocrx_word' id='word_1_776' title='bbox 3143 5207 3380 5276; x_wconf 72' lang='grc' dir='ltr'><strong>φυλακῇ.</strong></span> <span class='ocrx_word' id='word_1_777' title='bbox 3416 5204 3488 5256; x_wconf 82' lang='grc' dir='ltr'>Ἦ</span> <span class='ocrx_word' id='word_1_778' title='bbox 3544 5200 3642 5256; x_wconf 79' lang='grc' dir='ltr'><strong>καὶ</strong></span> 
     </span>
    </p>
   </div>
   <div class='ocr_carea' id='block_1_110' title="bbox 2068 5295 3638 5372">
    <p class='ocr_par' dir='ltr' id='par_1_110' title="bbox 2068 5295 3638 5372">
     <span class='ocr_line' id='line_1_110' title="bbox 2068 5295 3638 5372; baseline -0.008 -15"><span class='ocrx_word' id='word_1_779' title='bbox 2068 5305 2152 5357; x_wconf 79' lang='grc' dir='ltr'><strong>ὅτι</strong></span> <span class='ocrx_word' id='word_1_780' title='bbox 2183 5300 2276 5364; x_wconf 77' lang='grc' dir='ltr'><strong>οὓς</strong></span> <span class='ocrx_word' id='word_1_781' title='bbox 2309 5302 2408 5371; x_wconf 84' lang='grc' dir='ltr'><strong>μὲν</strong></span> <span class='ocrx_word' id='word_1_782' title='bbox 2436 5299 2836 5372; x_wconf 83' lang='grc' dir='ltr'><strong>διορθώσασθαι</strong></span> <span class='ocrx_word' id='word_1_783' title='bbox 2875 5299 3191 5371; x_wconf 77' lang='grc' dir='ltr'><strong>ἠϐούλοντο,</strong></span> <span class='ocrx_word' id='word_1_784' title='bbox 3243 5298 3344 5352; x_wconf 83' lang='grc' dir='ltr'><strong>οὐκ</strong></span> <span class='ocrx_word' id='word_1_785' title='bbox 3380 5295 3638 5358; x_wconf 70' lang='grc' dir='ltr'><strong>ἐκόλαζον</strong></span> 
     </span>
    </p>
   </div>
   <div class='ocr_carea' id='block_1_111' title="bbox 2063 5384 3639 5466">
    <p class='ocr_par' dir='ltr' id='par_1_111' title="bbox 2063 5384 3639 5466">
     <span class='ocr_line' id='line_1_111' title="bbox 2063 5384 3639 5466; baseline -0.002 -20"><span class='ocrx_word' id='word_1_786' title='bbox 2063 5394 2236 5459; x_wconf 72' lang='grc' dir='ltr'><strong>αὐτοὶ,</strong></span> <span class='ocrx_word' id='word_1_787' title='bbox 2264 5397 2390 5457; x_wconf 80' lang='grc' dir='ltr'><strong>τοὺς</strong></span> <span class='ocrx_word' id='word_1_788' title='bbox 2434 5393 2492 5447; x_wconf 83' lang='grc' dir='ltr'><strong>δὲ</strong></span> <span class='ocrx_word' id='word_1_789' title='bbox 2541 5391 2907 5466; x_wconf 80' lang='grc' dir='ltr'><strong>ἀδιορθὼτους</strong></span> <span class='ocrx_word' id='word_1_790' title='bbox 2935 5395 3092 5449; x_wconf 72' lang='grc' dir='ltr'><strong>αὐτοὶ</strong></span> <span class='ocrx_word' id='word_1_791' title='bbox 3125 5392 3402 5456; x_wconf 64' lang='grc' dir='ltr'><strong>ἐκόλαζον.</strong></span> <span class='ocrx_word' id='word_1_792' title='bbox 3434 5388 3557 5451; x_wconf 80' lang='grc' dir='ltr'><strong>Πῶς</strong></span> <span class='ocrx_word' id='word_1_793' title='bbox 3582 5384 3639 5439; x_wconf 60' lang='grc' dir='ltr'><strong>δὲ</strong></span> 
     </span>
    </p>
   </div>
   <div class='ocr_carea' id='block_1_112' title="bbox 1697 5548 2259 5611">
    <p class='ocr_par' dir='ltr' id='par_1_112' title="bbox 1697 5548 2259 5611">
     <span class='ocr_line' id='line_1_112' title="bbox 1697 5548 2259 5611; baseline 0.002 -1"><span class='ocrx_word' id='word_1_794' title='bbox 1697 5548 1897 5611; x_wconf 69' lang='lat' dir='ltr'><strong>Variae</strong></span> <span class='ocrx_word' id='word_1_795' title='bbox 1935 5548 2259 5611; x_wconf 85' lang='lat' dir='ltr'><strong>lectiones.</strong></span> 
     </span>
    </p>
   </div>
   <div class='ocr_carea' id='block_1_113' title="bbox 455 5662 1249 5737">
    <p class='ocr_par' dir='ltr' id='par_1_113' title="bbox 455 5662 1249 5737">
     <span class='ocr_line' id='line_1_113' title="bbox 455 5662 1249 5737; baseline 0.011 -22"><span class='ocrx_word' id='word_1_796' title='bbox 455 5662 502 5696; x_wconf 80' lang='lat'>”</span> <span class='ocrx_word' id='word_1_797' title='bbox 528 5665 720 5737; x_wconf 83' lang='grc' dir='ltr'><strong>ἀρκεῖν</strong></span> <span class='ocrx_word' id='word_1_798' title='bbox 738 5682 791 5721; x_wconf 90' lang='lat' dir='ltr'><strong>o.</strong></span> <span class='ocrx_word' id='word_1_799' title='bbox 867 5667 914 5700; x_wconf 79' lang='grc'><strong>⁵⁸</strong></span> <span class='ocrx_word' id='word_1_800' title='bbox 940 5668 1175 5726; x_wconf 71' lang='grc' dir='ltr'><strong>ἐνταῦθα</strong></span> <span class='ocrx_word' id='word_1_801' title='bbox 1196 5686 1249 5727; x_wconf 90' lang='lat' dir='ltr'><strong>o.</strong></span> 
     </span>
    </p>
   </div>
   <div class='ocr_carea' id='block_1_114' title="bbox 1327 5672 3247 5748">
    <p class='ocr_par' dir='ltr' id='par_1_114' title="bbox 1327 5672 3247 5748">
     <span class='ocr_line' id='line_1_114' title="bbox 1327 5672 3247 5748; baseline 0.002 -23"><span class='ocrx_word' id='word_1_802' title='bbox 1327 5672 1371 5705; x_wconf 82' lang='grc'><strong>⁸⁷</strong></span> <span class='ocrx_word' id='word_1_803' title='bbox 1407 5672 1847 5743; x_wconf 72' lang='grc' dir='ltr'><strong>σωφρονίζωνται</strong></span> <span class='ocrx_word' id='word_1_804' title='bbox 1878 5692 1932 5728; x_wconf 88' lang='lat' dir='ltr'><strong>o.</strong></span> <span class='ocrx_word' id='word_1_805' title='bbox 2009 5676 2053 5707; x_wconf 72' lang='grc'>⁵⁸</span> <span class='ocrx_word' id='word_1_806' title='bbox 2076 5676 2486 5748; x_wconf 70' lang='grc' dir='ltr'><strong>διαπωςάμενος</strong></span> <span class='ocrx_word' id='word_1_807' title='bbox 2523 5692 2577 5731; x_wconf 86' lang='lat'><strong>0.</strong></span> <span class='ocrx_word' id='word_1_808' title='bbox 2654 5677 2699 5709; x_wconf 82' lang='grc'><strong>⁸⁹</strong></span> <span class='ocrx_word' id='word_1_809' title='bbox 2725 5674 2912 5745; x_wconf 74' lang='grc' dir='ltr'><strong>ὥσπερ</strong></span> <span class='ocrx_word' id='word_1_810' title='bbox 2941 5672 3172 5742; x_wconf 71' lang='grc' dir='ltr'><strong>ναυαγίον</strong></span> <span class='ocrx_word' id='word_1_811' title='bbox 3195 5688 3247 5728; x_wconf 86' lang='grc' dir='ltr'><strong>ο.</strong></span> 
     </span>
    </p>
   </div>
  </div>
