4006 6214
342 262 413 322 20
1050 261 1456 329 EXPOSI'l‘lO
1492 272 1840 334 INEPIST.
1871 273 1900 334 Ι

2025 279 2042 332 )
2079 274 2398 337 ΤΙΜΟΤΗ.
2433 302 2505 313 -
2537 279 2694 339 CAP.
2732 276 2811 339 ΙῘ.
3526 281 3596 347 30

341 373 660 444 παρεδίδοτο
689 373 767 445 τῷ
797 376 1051 448 Batavi;
1090 379 1406 444 Ἑξεδάλετο
1430 385 1531 454 τῆς
1563 386 1917 457 Ἑκκλησίας,

2030 391 2453 461 tradebaturque
2475 392 2654 447 nudus
2677 394 2822 463 lupo.
2852 390 2921 447 L‘:
2944 393 3083 448 enim
3105 392 3234 447 olim
3262 395 3592 450 tabernacu-

337 469 714 539 ἀπερρίπτεῖνο
771 469 873 536 τῆς
916 471 1157 542 ἀγέλης,
1208 476 1299 527 καὶ
1355 478 1674 546 παρεδίδοτο
1719 481 1922 551 γυμνὸς

2033 480 2148 533 lum
2174 484 2410 549 protexit
2460 486 2652 549 nubes,
2688 487 2760 538 ita
2788 499 3006 556 quoque
3035 484 3239 541 CliriSti
3295 487 3593 543 Ecclesium

336 562 415 627 τῷ
464 557 639 628 λ’ύκῳ.
673 559 886 630 ’Ὥσπερ
919 561 1032 632 γάρ
1077 564 1247 617 πάλαι
1292 567 1395 635 τὴν
1431 568 1636 640 σκηνὴν
1662 572 1697 641 ἡ
1725 571 1922 642 νεφέλη

2030 569 2293 640 Spiritus.
2331 573 2388 627 Si
2422 576 2547 645 quis
2583 576 2749 644 igitur
2787 586 2871 631 est
2921 587 3076 632 extra
3112 579 3272 643 hanc,
3318 588 3401 632 est
3428 581 3592 634 etiam

336 652 646 718 περιεῖπεν,
701 650 847 704 οὕτω
896 654 990 705 καὶ
1034 654 1133 723 τὴν
1173 656 1412 726 Χριστοῦ
1472 658 1803 730 Ἐκκλησίαν
1863 663 1924 715 τὸ

336 740 589 812 Πνεῦμα.
637 743 707 795 Et
752 761 838 807 τις
890 739 985 798 οὖν
1013 747 1214 815 ταύτης
1247 749 1426 813 ἐκτὸς.
1475 753 1569 806 καὶ
1620 752 1715 806 τοῦ
1752 753 1926 808 Πνεύ-

337 830 514 899 ματός
564 836 713 887 ἐστιν
760 835 953 899 ἐκτὸς.
1000 838 1094 890 καὶ
1142 838 1328 893 λοιπὸν
1391 842 1577 907 ἄθλιος
1604 845 1649 876 ⁸⁵
1700 846 1795 899 καὶ
1831 844 1925 899 εὐ·-

331 924 601 991 ιείρωτος
624 941 639 955 ·
664 925 906 978 τοιοῦτον
933 927 990 979 τὸ
1012 927 1110 980 τοῦ
1140 930 1451 1002 ἀφορισμοῦ
1486 935 1781 1006 ἐπιτίμιον.
1813 938 1920 989 Καὶ

334 1014 609 1076 eomas
659 1015 846 1081 αὐτὸς,
877 1018 1055 1081 νόσοις
1106 1021 1438 1089 παραδιδοὺς
1488 1026 1585 1079 καὶ
1639 1026 1918 1082 κακώσεσι

332 1107 459 1168 τοὺς
496 1105 934 1174 ἁμαρτάνοντας,
964 1109 1210 1164 παιδεύει
1242 1112 1330 1166 διὰ
1362 1113 1591 1170 τούτων.
1633 1120 1918 1186 Κρινόμε-

333 1210 429 1247 ro:
471 1193 601 1263 γὰρ,
632 1198 817 1265 φησιν.
841 1198 960 1251 ὑπὸ
979 1201 1200 1267 Κυρίου
1226 1203 1644 1275 παιδευόμεθα.
1673 1209 1812 1279 Ὅρα
1838 1210 1916 1275 δὲ,

334 1286 427 1340 δτι
449 1286 535 1346 τὸ,
568 1288 850 1357 λογισμοῖς
877 1289 1063 1359 ζητεῖν
1093 1292 1161 1345 τὰ
1190 1293 1331 1357 θεῖα,
1369 1296 1714 1369 βλασφημεῖν
1746 1302 1916 1357 ἐστιν.

331 1375 545 1447 ’ἴδρις
598 1377 711 1447 γάρ
737 1383 851 1442 τοῖς
906 1381 1096 1449 θείοις,
1124 1385 1185 1437 τὸ
1231 1387 1323 1440 ὑπ’
1362 1387 1723 1460 ἀνθρωπίνων
1774 1391 1922 1462 λογι-

335 1466 496 1536 σμῶν
527 1466 713 1520 δοκεῖν
732 1470 1279 1540 καταλαμϐάνεσθαι.

942 1565 1198 1624 ΚΕΦΔΛ.
1243 1567 1318 1623 B'.

411 1650 747 1718 Παρακαλῶ
816 1647 932 1707 οὖν
994 1652 1232 1721 πρῶτον
1301 1653 1545 1712 πάντων
1619 1660 1915 1716 ποιεῖσθαι

338 1736 585 1805 δεήσεις
609 1782 625 1804 ,
683 1742 1071 1812 προσευχὰς,
1136 1745 1472 1813 ἐντεύξεις,
1528 1752 1918 1819 εὐχαριστίας

334 1831 494 1899 ὑπὲρ
539 1832 784 1886 πάντων
826 1834 1173 1901 ἀνθρώπων,
1225 1839 1377 1908 ὑπὲρ
1427 1842 1762 1909 βασιλέων,
1819 1846 1916 1899 καὶ

338 1924 585 1977 πάντων
610 1922 731 1978 τῶν
751 1926 822 1979 ἐν
856 1926 1129 1995 ὑπεροχῇ
1175 1929 1388 1986 ὄντων.
1420 1933 1642 2001 Πρῶτον
1672 1937 1913 2001 πάντων,

337 2016 641 2077 τουτέστιν,
685 2016 743 2066 ὲν
776 2019 843 2086 τῇ
886 2017 1246 2087 καθημερινῇ
1300 2018 1547 2091 λατρεία.
1583 2024 1691 2077 Καὶ
1743 2024 1852 2095 γὰρ
1887 2027 1915 2078 δ

344 2106 553 2176 ἱερεὺς,
587 2104 771 2177 ῶσπερ
806 2106 986 2169 κοινὸς
1015 2106 1114 2176 τῆς
1148 2109 1475 2181 οἰκουμένης
1522 2113 1725 2182 πατὴρ,
1771 2115 1917 2169 ἵστα-

344 2213 444 2246 ται
470 2196 682 2247 πάντων
707 2196 1024 2266 κηδόμενος,
1044 2196 1116 2260 ὼς
1144 2199 1239 2251 καὶ
1269 2201 1297 2252 ὁ
1321 2198 1452 2260 Θεὸς
1470 2193 1514 2266 ᾧ
1536 2201 1918 2273 ἱερᾶται.”ορα

343 2285 405 2337 δὲ
438 2285 534 2355 τὴν
565 2285 721 2356 χάριν
746 2287 1140 2357 ὲκτεταμένην.
1173 2290 1242 2342 Ai
1285 2291 1395 2360 γάρ
1442 2291 1730 2345 Ἰουδαῖκαὶ
1759 2294 1918 2362 εὐχαὶ

339 2378 464 2446 οὐχὶ
494 2378 761 2433 τοιαῦται.
792 2380 908 2432 Οὐκ
946 2375 1069 2432 εῐπε
1102 2380 1160 2434 δὲ
1178 2380 1362 2447 εὐθὺς,
1404 2382 1557 2450 ὑπὲρ
1583 2383 1914 2446 βασιλέων,

340 2468 435 2523 tua.
479 2469 557 2540 μὴ
620 2471 751 2547 δόξῃ
792 2471 1097 2526 κολακεύων
1132 2472 1174 2506 ⁶¹
1199 2486 1217 2506 ο
1246 2473 1385 2527 ἀλλᾶ
1422 2476 1687 2547 πρότερον
1720 2474 1915 2540 εἰπὼν,

334 2561 499 2629 ὑπὲρ
517 2562 758 2616 πάντων
776 2563 1116 2632 ἀνθρώπων,
1148 2565 1270 2619 τότε
1293 2566 1594 2637 ἐπήγαγεν,
1623 2567 1776 2634 ὑπὲρ
1800 2568 1917 2632 ,ϐα-

336 2660 589 2713 σιλέων.
627 2659 748 2712 Κᾶν
767 2658 876 2729 γὰρ
897 2660 1114 2713 ἄπιστοι
1141 2655 1273 2714 ὦσιν
1304 2663 1352 2714 oi
1374 2660 1633 2731 βασιλεῖς,
1665 2658 1919 2730 εὔχεσθαι

336 2746 426 2803 δεῖ
452 2765 468 2778 ⁸
484 2750 608 2803 ἐπεὶ
628 2750 745 2804 τότε
764 2752 994 2803 τοιοῦτοι
1023 2746 1183 2822 ἦσαν.
1205 2752 1309 2805 Δύο
1340 2752 1395 2805 δὲ
1419 2751 1490 2804 τὰ
1509 2752 1690 2820 ἀγαθὰ
1712 2753 1919 2819 γίνεται

344 2843 417 2894 ἐκ
462 2840 558 2893 τοῦ
584 2842 723 2911 ὑπὲρ
751 2841 969 2895 πάντων
996 2840 1253 2912 εὔχεσθαι
1277 2844 1446 2914 ἡμᾶς,
1475 2844 1573 2913 ἦτε
1606 2842 1780 2912 ἔχθρα
1817 2860 1921 2894 κα-

343 2931 628 2995 ταλύεται,
651 2934 715 3002 ἦν
735 2934 927 3003 ἔχομεν
954 2934 1090 3002 πρός
1115 2950 1266 2996 τινας
1296 2949 1311 2964 ο
1344 2930 1533 2996 οὐδεὶς
1562 2934 1673 3003 γὰρ
1698 2932 1919 2987 δύναται

343 3018 607 3089 ἀπεχθῶς
627 3019 770 3090 ἔχειν
796 3022 932 3092 πρὸς
958 3021 1146 3074 τοῦτον
1169 3022 1236 3085 ⁸⁸,
1261 3020 1400 3091 ὑπὲρ
1424 3014 1485 3075 οὗ
1508 3020 1718 3092 δεήσεις
1751 3023 1921 3073 ποιεῖ-

342 3126 473 3166 ται·
504 3112 597 3165 καὶ
642 3112 720 3165 ἔτι
783 3113 937 3166 αὐτοὶ
961 3113 1005 3144 ⁸³
1036 3111 1278 3183 βελτίους
1326 3112 1587 3181 γίνονται,
1628 3111 1706 3182 τῷ
1735 3129 1794 3163 τε
1822 3112 1918 3180 τῆς
1946 3152 1991 3213 C

341 3203 548 3267 κακίας
596 3202 1031 3273 μεταϐάλλεσθαι
1071 3202 1160 3256 διὰ
1210 3201 1310 3272 τῆς
1341 3200 1447 3255 τῶν
1497 3202 1671 3272 εὐχῶν
1729 3217 1921 3270 συνερο

342 3296 536 3365 γείας,
598 3297 696 3348 καὶ
750 3295 832 3366 τῷ
882 3296 1079 3366 μηκέτι
1123 3293 1513 3367 ἐκθηριοῦσθαι
1562 3293 1697 3360 πρὸς
1748 3295 1921 3362 ἡμᾶς.

356 3385 576 3439 Ἰιλίκον
610 3387 722 3456 γὰρ
758 3381 828 3455 ἦν
866 3384 930 3439 τδ
964 3384 1090 3448 τοὺς
1139 3383 1458 3447 διώκοντας,
1503 3383 1631 3445 τοὺς
1686 3381 1924 3435 κατακό-

343 3490 584 3540 πτοντας
616 3477 859 3539 ἀκούειν,
891 3475 972 3529 ὅτι
1022 3476 1070 3528 οἱ
1114 3474 1207 3527 ὑπ’
1232 3473 1412 3528 αὐτῶν
1458 3472 1924 3542 κατακοπτόμενοι

344 3566 489 3639 ὑπὲρ
524 3567 705 3621 αὐτῶν
772 3564 1052 3637 εὖχονται;
1097 3565 1313 3632 Δέησις
1353 3564 1410 3618 δὲ
1437 3563 1533 3616 καὶ
1582 3559 1921 3631 προσευχὴ,

346 3660 448 3712 καὶ
467 3657 761 3724 ἔντευξις,
793 3658 869 3720 ὼς
896 3657 958 3709 τὸ
1006 3657 1137 3709 αὐτὸ
1167 3656 1506 3725 σημαίνοντα
1550 3653 1925 3723 παρειλήφθη-

350 3767 455 3803 σαν
498 3750 576 3818 τῷ
609 3747 918 3819 ’Δποστόλιρ
938 3747 1006 3801 δι’
1046 3748 1335 3817 ἐνάργειαν
1363 3746 1431 3813 ⁸⁸,
1460 3748 1524 3816 τῇ
1556 3746 1787 3815 ἐπιμονῇ
1819 3744 1924 3797 τῶν

346 3841 555 3909 λέξεων
582 3840 905 3896 ἀπαιτοῦντι
928 3841 1315 3910 ἀπαραιτήτως
1346 3840 1520 3894 ποιεῖν
1545 3837 1704 3891 τοῦτο
1726 3838 1754 3892 ὃ
1789 3853 1926 3908 παρ-

345 3938 512 3990 αινεῖ.
565 3936 725 3999 Τινὲς
784 3935 844 3988 δὲ
893 3932 1157 4003 διαφορὰν
1208 3932 1386 3985 αὐτῶν
1444 3930 1921 4001 περιειργάσαντο,

345 4030 537 4098 δέησιν
569 4028 670 4099 μὲν
693 4028 937 4089 εἰπόντες
972 4023 1113 4080 εἶναι
1158 4024 1444 4095 ἱκετηρίαν
1474 4022 1927 4093 προσφερομένην

348 4118 494 4189 ὑπὲρ
530 4118 852 4187 ἀπαλλαγῆς
898 4134 1059 4170 τινων
1097 4114 1365 4184 λυπηρῶν
1388 4114 1431 4145 ⁸⁸
1453 4129 1467 4143 ⁸
1504 4111 1815 4184 προσευχὴν
1846 4112 1924 4176 δὲ,

346 4210 576 4279 αίτησιν
606 4209 859 4278 ἀγαθῶν
899 4206 1139 4272 ἔντευξιν
1183 4205 1262 4269 δὲ,
1299 4202 1632 4275 κατηγορίαν
1662 4203 1770 4254 τῶν
1805 4202 1928 4255 ἀσε-

344 4304 618 4369 ϐούντων,
644 4303 678 4373 ἢ
737 4300 1091 4364 ἀδικούντων,
1139 4299 1172 4370 ἢ
1224 4296 1590 4368 ἀδιορθώτων.
1623 4295 1825 4348 Σκόπει
1871 4293 1928 4347 δὲ

341 4396 505 4459 ὅπως
539 4395 629 4448 καὶ
660 4394 800 4463 ὑπὲρ
826 4392 938 4445 τῶν
968 4392 1049 4454 είς
1087 4390 1282 4452 ἄλλους
1303 4389 1350 4422 ⁸⁸
1379 4385 1679 4457 γινομένων
1708 4383 1930 4452 ἀγαθῶν

2028 668 2186 717 extra
2216 662 2507 732 Spiritum,
2542 681 2606 720 ac
2643 667 2901 736 deinceps
2934 670 3102 722 miser
3125 677 3181 723 et
3203 678 3366 739 captu
3397 670 3591 725 facilis.

2029 751 2355 822 Huiusmodi
2385 757 2716 826 supplicium
2749 767 2834 812 est
2891 761 3407 814 excommunicatio.
3456 760 3595 815 Dens

2026 845 2189 898 etiam
2217 846 2354 916 ipse,
2388 846 2518 901 dum
2540 849 2748 904 morbis
2778 859 2835 903 et
2864 849 3251 905 aﬂlietionibus
3278 861 3596 919 peccatores

2024 933 2214 999 tradit,
2247 936 2430 989 erudit
2463 952 2558 1005 per
2589 937 2722 991 haec.
2767 936 2902 990 Dum
2949 937 3257 1004 judicamur
3301 939 3462 999 enim.
3507 941 3593 993 in-

2025 1027 2165 1093 quit,
2199 1043 2232 1080 a
2265 1028 2488 1082 Domino
2517 1028 2789 1082 erudimur
2811 1030 2880 1082 ¹⁶.
2940 1028 3328 1082 Animadverte
3379 1039 3591 1090 autem,

2025 1117 2169 1186 quod
2211 1119 2518 1174 rationibus
2550 1119 2827 1188 inquirere
2857 1118 3065 1182 divina,
3101 1119 3591 1188 sitblasphemare.

2025 1206 2231 1274 lnjuria
2285 1210 2427 1263 enim
2462 1211 2521 1263 lit
2551 1209 2753 1265 divinis
2782 1209 2970 1267 rebus.
3027 1209 3072 1263 si
3104 1209 3232 1277 quis
3271 1223 3366 1264 cas
3406 1208 3598 1262 huma-

2027 1298 2114 1352 nis
2137 1298 2442 1352 rationibus
2469 1308 2618 1368 putet
2648 1297 3037 1368 comprehendi
3063 1313 3244 1366 posse.

2654 1559 2882 1615 CAPUT
2909 1560 2968 1613 ll.

2095 1653 2261 1710 Vatis.
2300 1655 2351 1707 1.
2397 1652 2627 1708 Obsecro
2680 1652 2843 1720 igitur
2895 1650 3125 1719 primum
3181 1648 3412 1701 omnium
3465 1648 3583 1715 ﬁeri

2024 1746 2432 1807 obsecrationes,
2491 1743 2779 1805 orationes,
2841 1739 3247 1810 postulationes,
3293 1738 3594 1807 gratiarum

2023 1837 2276 1901 actiones,
2302 1851 2399 1902 pro
2426 1835 2664 1889 omnibus
2693 1833 3013 1894 hominibus,
3042 1846 3136 1896 pro
3162 1829 3369 1899 regibus
3412 1837 3462 1882 et
3482 1845 3595 1881 om-

2022 1927 2173 1982 nibus
2221 1927 2310 1999 qui
2345 1928 2398 1981 in
2459 1925 2789 1981 sublimitate
2841 1922 3116 1977 constituti
3164 1929 3309 1974 sunt.
3348 1919 3591 1972 Primum

2023 2023 2293 2087 omnium,
2337 2021 2390 2076 id
2430 2028 2537 2086 est,
2568 2021 2623 2074 in
2663 2018 2987 2088 quotidiana
3038 2016 3213 2071 cultu.
3253 2013 3462 2068 Etenim
3505 2029 3596 2069 sa-

2028 2110 2225 2166 cerdos
2284 2110 2450 2166 veluti
2518 2109 2833 2165 communis
2889 2107 3041 2162 orbis
3087 2114 3357 2159 terrarum
3418 2113 3593 2174 pater,

2022 2202 2275 2259 consistit
2304 2203 2548 2257 omnium
2583 2216 2771 2256 curam
2803 2215 3018 2269 gerens,
3053 2198 3279 2267 perinde
3328 2212 3391 2250 ac
3427 2195 3591 2257 Deus.

2023 2293 2109 2347 cui
2140 2292 2448 2347 sacerdotio
2475 2292 2740 2361 fungitur.
2770 2289 3010 2346 Observa
3033 2298 3211 2343 autem
3238 2289 3326 2342 hic
3359 2288 3591 2358 gratiam

2024 2382 2131 2438 late
2161 2370 2436 2452 patentem
2480 2400 2495 2437 ι
2538 2397 2664 2436 nam
2718 2380 3028 2435 Iudaeorum
3065 2395 3254 2449 preces
3318 2376 3592 2447 ejusmodi

2025 2488 2132 2527 non
2159 2479 2307 2527 sunt.
2346 2473 2463 2526 Non
2497 2473 2680 2527 statim
2711 2480 2891 2525 autem
2941 2469 3098 2535 dixit,
3136 2486 3229 2539 pro
3266 2470 3494 2537 regibus.
3525 2484 3595 2523 ne

2025 2562 2234 2616 adulari
2266 2561 2552 2626 videatur;
2583 2561 2679 2615 sed
2719 2575 2845 2615 cum
2878 2559 3029 2629 prius
3073 2560 3323 2621 dixisset,
3360 2573 3454 2623 pro
3480 2574 3596 2610 om-

2025 2653 2176 2709 nibus
2234 2650 2569 2717 Itominibus,
2621 2659 2755 2707 tunc
2833 2650 3139 2719 subiunxit,
3205 2666 3300 2720 pro
3355 2651 3590 2719 regibus.

2026 2743 2253 2800 Etiamsi
2283 2742 2426 2796 enim
2457 2742 2705 2796 inﬁdeles
2731 2740 2934 2795 fuerint
2982 2756 3159 2809 reges.
3193 2756 3293 2809 pro
3334 2741 3471 2809 ipsis
3508 2750 3592 2793 ta-

2027 2850 2148 2890 men
2180 2833 2449 2888 orandum
2490 2854 2502 2888 :
2544 2839 2677 2886 tunc
2711 2831 2854 2884 enim
2887 2833 3023 2885 tales
3052 2840 3228 2885 erant.
3263 2832 3376 2884 Duo
3407 2838 3591 2884 autem

2027 2925 2127 2980 ista
2164 2924 2305 2979 bona
2334 2923 2592 2978 oriuntur
2623 2920 2787 2990 559
2814 2935 2879 2974 ex
2912 2934 2978 2973 eo
3030 2919 3174 2986 quod
3231 2934 3329 2987 pro
3378 2919 3595 2971 cunctis

2029 3015 2346 3070 mortalibus
2395 3012 2836 3069 intercedimus:
2894 3010 3180 3064 inimicitia
3251 3010 3592 3074 dissolvitur,

2027 3123 2146 3177 quae
2170 3107 2326 3161 nobis
2354 3121 2476 3160 cum
2508 3105 2631 3160 aliis
2661 3112 2746 3159 est
2776 3121 2792 3170 ;
2831 3117 2990 3156 nemo
3022 3103 3166 3157 enim
3196 3110 3372 3171 potest
3409 3102 3591 3155 hostili

2025 3200 2207 3252 animo
2238 3212 2359 3251 esse
2381 3197 2646 3251 adversus
2677 3211 2800 3250 eum
2834 3208 2932 3264 pro
2961 3209 3070 3263 quo
3098 3208 3290 3262 preces
3321 3192 3387 3246 ad
3423 3192 3589 3246 Deum

2022 3288 2240 3351 fundit;
2280 3285 2347 3340 ad
2389 3287 2524 3348 haec,
2554 3286 2808 3341 meliores
2839 3285 2942 3354 ipsi
2989 3282 3316 3347 redduntur,
3351 3294 3407 3338 et
3448 3283 3593 3351 quod

2022 3393 2051 3430 a
2082 3377 2227 3431 vitiis
2249 3376 2450 3429 auxilio
2474 3391 2692 3444 precum
2726 3385 3038 3430 nostrarum
3075 3373 3508 3434 transferuntur.
3536 3380 3592 3427 et

2022 3468 2168 3537 quod
2206 3483 2312 3522 non
2363 3462 2605 3536 amplius
2649 3481 2776 3536 erga
2840 3482 2942 3521 nos
3005 3466 3323 3521 eﬂ‘erantur.
3382 3464 3593 3531 Quanta

2023 3558 2168 3611 enim
2206 3572 2291 3611 res
2320 3564 2490 3619 esset,
2517 3564 2577 3609 ut
2600 3555 2636 3609 ii
2673 3555 2765 3625 qni
2813 3559 3285 3626 perseqnebantur
3326 3564 3381 3610 et
3421 3556 3594 3609 caede.

2024 3646 2176 3709 bant,
2210 3663 2307 3701 eos
2335 3662 2473 3715 quos
2520 3646 2621 3716 ipsi
2656 3646 3004 3715 torquebant,
3042 3660 3141 3714 pro
3186 3645 3321 3715 ipsis
3374 3654 3597 3700 orantes

2023 3739 2317 3793 audirent?
2349 3739 2656 3794 Obsecratio
2687 3746 2890 3803 autem,
2951 3748 3005 3790 et
3044 3738 3239 3798 oratio.
3270 3747 3325 3791 et
3358 3735 3599 3806 postula-

2024 3830 2118 3895 tio,
2144 3844 2243 3885 ceu
2280 3832 2418 3883 idem
2439 3830 2799 3900 signiﬁcantia
2827 3829 2893 3885 ab
2918 3829 3180 3899 Apostolo
3204 3830 3272 3882 ob
3301 3827 3599 3897 ρετειιὶςιιίο

2024 3930 2186 3977 tatem
2221 3929 2500 3988 assumpta
2542 3928 2687 3984 sunt,
2732 3928 2917 3990 utpote
2942 3919 3036 3989 qui
3073 3917 3385 3973 istiuSmodi
3415 3916 3598 3971 verbis

2026 4010 2369 4068 immorando
2403 4010 2679 4080 emagitat,
2713 4017 2770 4063 ut
2798 4012 2847 4063 id
2880 4009 2944 4063 ad
2975 4009 3119 4077 quod
3165 4009 3437 4070 hortatur,
3475 4007 3596 4059 sine

2027 4105 2373 4160 recusatione
2404 4109 2745 4174 praestarent.
2800 4100 3055 4153 Nonnulli
3088 4108 3267 4152 autem
3313 4099 3453 4150 inter
3484 4096 3597 4149 hac

2027 4195 2321 4252 discrimen
2356 4194 2571 4248 curiose
2611 4192 2876 4255 iecerunt,
2907 4203 3235 4249 asseremes,
3257 4188 3600 4241 obsecratio.

2026 4302 2151 4343 nem
2194 4301 2322 4341 esse
2362 4283 2813 4355 supplicationem
2840 4298 2959 4350 qttzt:
2989 4278 3223 4334 offertur
3270 4292 3365 4347 pro
3397 4276 3600 4331 libera-

2029 4382 2177 4435 tione
2199 4395 2229 4434 a
2264 4379 2428 4433 rebus
2451 4376 2699 4431 tristibus
2739 4391 2753 4428 :
2790 4373 3091 4427 orationem
3126 4384 3256 4426 vero
3282 4370 3598 4440 petitionem

342 4489 694 4558 εὐχαριστεῖν
724 4460 1085 4551 κελευόμεθα,
1114 4481 1196 4533 ὃτι
1222 4479 1312 4532 τὸν
1340 4478 1494 4548 ἥλιον
1524 4473 1802 4528 ἀνατέλλει
1834 4474 1922 4527 ἐπὶ

2033 4487 2156 4529 esse
2181 4472 2448 4526 bonorum
2492 4487 2505 4523 :
2546 4466 2967 4539 postulationem
3003 4480 3156 4527 vero,
3187 4460 3599 4517 accusationem

344 4575 625 4645 πονηροὺς
678 4575 770 4625 καὶ
822 4572 1080 4639 ἀγαθοὺς,
1129 4569 1208 4620 ὅτι
1250 4568 1456 4629 πάντας
1508 4564 1759 4636 ὲμπιπλᾷ
1815 4563 1924 4616 τῶν

347 4666 550 4720 ἑαυτοῦ
589 4663 833 4733 ἀγαθῶν,
864 4663 958 4715 καὶ
986 4664 1112 4723 τοὺς
1143 4659 1431 4723 ἀπίστους,
1481 4657 1578 4711 καὶ
1597 4658 1723 4719 τοὺς
1760 4654 1925 4726 βλασ⁶

347 4758 590 4826 vnum):-
630 4756 726 4809 Ἐκ
774 4753 966 4808 τούτου
1024 4751 1192 4818 ﬁtﬁt;
1236 4748 1586 4818 φιλαδελφίαν
1626 4743 1930 4821 συγκολλὼ.

350 4849 496 4919 μεθα
534 4849 631 4901 καὶ
673 4846 963 4917 ἑνούμεθα.
1007 4844 1068 4898 '0
1113 4842 1222 4913 γὰρ
1266 4839 1603 4913 εὐχαριστῶν
1652 4839 1791 4908 ὑπὲρ
1820 4837 1926 4891 τῶν

347 4941 447 4993 τοῦ
484 4940 657 5003 πέλας
716 4938 967 5008 ἀγαθῶν,
1030 4933 1402 4999 ἀναγκάζεται
1467 4933 1565 4987 καὶ
1614 4930 1789 5001 φιλεῖν
1827 4930 1926 4982 αὐ-

348 5031 443 5084 τόν
471 5031 542 5085 ".
579 5029 765 5101 [Ιολλῷ
790 5029 884 5084 οὖν
917 5027 1115 5100 μᾶλλον
1134 5025 1275 5097 ὑπὲρ
1299 5024 1406 5080 τῶν
1435 5027 1518 5089 είς
1546 5023 1636 5094 ⁸⁸η
1646 5023 1753 5093 μᾶς
1780 5037 1927 5091 γινο-

352 5123 536 5193 μένων
569 5123 915 5193 εὐχαριστεῖν
945 5121 1045 5176 δεῖ.

2031 4563 2198 4633 impie
2229 4562 2526 4634 agentium,
2558 4558 2815 4629 injuriam
2844 4556 3218 4619 inferentium,
3248 4554 3332 4609 vel
3367 4554 3461 4623 qui
3490 4551 3603 4606 sint

2029 4652 2454 4723 incorrigibiles.
2514 4648 2898 4719 Contemplare
2966 4653 3145 4700 autem
3208 4645 3485 4714 quomodo
3546 4648 3603 4695 et

2029 4745 2233 4815 gratias
2265 4756 2429 4812 agere
2462 4740 2723 4811 jnbemur
2750 4752 2848 4807 pro
2881 4734 3162 4790 beneliciis
3196 4733 3252 4787 in
3306 4733 3444 4785 alios
3488 4729 3602 4784 col-

2030 4836 2177 4901 latis,
2214 4833 2360 4905 quod
2391 4834 2560 4887 solem
2597 4844 2758 4886 suum
2792 4827 2927 4882 oriri
2953 4826 3116 4880 faciat
3151 4840 3314 4894 super
3349 4824 3522 4878 bonos
3549 4825 3605 4873 et

2034 4929 2227 4990 malos,
2252 4924 2397 4996 quod
2419 4938 2610 4977 omnes
2629 4922 2786 4976 bonis
2822 4922 2939 4976 suis
2968 4919 3211 4987 impleat,
3248 4924 3303 4971 et
3354 4914 3602 4969 inﬁdeles

2033 5028 2088 5073 et
2115 5017 2485 5085 blasphemus.
2515 5011 2589 5064 Ex
2625 5011 2727 5065 hoc
2763 5018 2945 5065 autem
2983 5008 3036 5061 in
3072 5008 3311 5062 fraterna
3336 5005 3601 5059 clnaritate

2031 5104 2474 5175 conglutinamur
2535 5111 2590 5157 et
2647 5102 2889 5156 unimur.
2922 5099 3026 5166 Qui
3055 5100 3200 5153 enim
3239 5096 3444 5168 gratias
3490 5091 3601 5158 agit

351 5183 454 5286 pro
494 5183 729 5285 proximi
769 5215 950 5281 bonis,
997 5217 1177 5287 ipsum
1228 5211 1391 5270 etiam
1447 5223 1633 5266 amare
1681 5207 1921 5280 cogitur.
1962 5202 2131 5258 Multo
2160 5202 2327 5271 igitur
2376 5195 2550 5269 magis
2598 5210 2697 5266 pro
2750 5191 3033 5251 beneﬁciis
3087 5188 3141 5244 in
3217 5200 3318 5243 nos
3389 5183 3606 5238 collatis

351 5306 560 5377 gratias
588 5321 750 5376 agere
780 5313 1012 5376 oportet.

426 5426 475 5458 ¹⁶
503 5425 523 5479 ι
551 5423 679 5483 Cor.
705 5441 804 5491 xu,
837 5420 926 5482 52.

1664 5472 1865 5549 Varia)
1893 5484 2226 5548 lectiones.

427 5598 476 5630 “
502 5595 680 5659 ἄλλοις
702 5596 1023 5668 εὐχείρωτος
1046 5610 1098 5652 o.
1175 5593 1220 5627 “
1247 5588 1566 5668 κολακεύειν
1587 5603 1640 5645 o.
1719 5586 2037 5668 ⁶ξ“τοιοῦτοει
2066 5601 2150 5668 o.‘
2176 5583 2221 5668 ⁵³2
2248 5582 2465 5668 ἐκεῖνοι,
2497 5575 2799 5668 nihil“?!
2820 5573 3034 5668 Eum“
3059 5583 3114 5626 ο·
3168 5566 3211 5601 ⁸⁵
3237 5563 3513 5637 ξνιργειαν
3541 5574 3595 5616 θ’

354 5664 402 5701 ⁸⁸
427 5644 929 5738 δυᾶἱέῥέῖῖνῖῗτιῖ
943 5644 1202 5737 ἀλληλους
1227 5644 1415 5721 6731’
1433 5661 1533 5716 οὐκ
1555 5658 1923 5729 ἀναγκάζεται
1953 5656 2047 5710 καὶ
2071 5653 2245 5726 φιλεῖν
2270 5650 2431 5706 αὐτὸν
2460 5665 2515 5705 o.
2589 5646 2636 5680 "
2665 5644 2800 5713 πρὸς
2819 5656 2873 5698 0.
