4006 6214
295 279 371 339 2ιῖ
1067 278 1478 340 EXPOSITIO
1512 278 1593 339 ΙΝ
1620 276 1861 338 EPIST.
1905 275 1934 335 Ι
1977 273 2078 333 AD
2102 272 2421 334 TIMOTH.
2457 297 2527 307 -
2560 274 2718 335 CAP.
2763 275 2844 335 ll.
3505 281 3575 342 34

296 393 552 463 ὂρὼπων
596 391 911 460 ἄνθρωπος
975 389 1221 459 Ἰησοῦς
1258 393 1529 462 Χριστός.
1584 390 1768 444 Εἰπὼν
1818 390 1900 441 ὃτι

2011 396 2049 438 et
2084 385 2356 439 hominum
2423 385 2576 440 homo
2636 385 2793 442 Iesus
2848 378 3114 443 Christus.
3151 389 3286 444 Cum
3344 390 3578 448 dixisset

296 482 449 536 θέλει
523 480 737 543 πάντας
789 478 1056 549 σωθῆναι,
1104 481 1507 544 κατασκευάζει
1558 479 1737 545 τοῦτο,
1796 478 1891 533 καί

298 588 494 641 φησιν,
523 572 604 624 ὅτι
631 570 719 622 διὰ
740 569 898 623 τοῦτο
925 570 1034 640 γὰρ
1067 570 1161 623 καὶ
1187 571 1277 623 τὸν
1308 571 1436 624 Υἱδν
1464 570 1628 625 αὑτοῦ
1664 571 1893 641 μεσίτην

299 666 620 734 πέπομφεν,
650 664 738 715 ἵνα
771 662 1197 732 ἀποκαταλλάξῃ
1228 665 1437 726 ἐκεῖνος
1461 663 1625 715 αὑτὸν
1655 665 1770 725 τοῖς
1800 663 1895 715 ἀν-

298 753 570 824 θρώποις.
612 754 733 815 Πῶς
780 750 875 806 οὖν
926 754 1028 806 οὐκ
1069 752 1357 823 ἐσώθησαν
1385 754 1630 819 πάντες;
1665 753 1788 808 Ὅτι
1829 753 1889 805 οὐ

300 845 578 899 θέλουσιν.
605 843 795 899 Εἰπὼν
836 844 914 909 δὲ,
942 837 1031 910 εἷς
1060 844 1224 909 Θεὸς,
1255 844 1316 899 ού
1362 843 1500 915 πρὸς
1553 843 1891 897 ἀντιδιαστο-

296 935 406 1004 λὴν
431 936 591 989 τοῦτο
624 930 745 987 εἷπε
776 934 871 989 τοῦ
913 932 1063 995 Υἱοῦ,
1126 932 1262 986 ἀλλὰ
1315 931 1426 985 τῶν
1482 931 1736 987 εἰδώλων.
1770 933 1894 985 Ὅτι

297 1028 415 1097 γὰρ
464 1027 596 1089 Θιός
632 1028 773 1089 ἐστι,
809 1025 966 1093 δῆλον
1012 1025 1120 1079 ἀπὸ
1168 1024 1262 1077 τοῦ
1308 1024 1402 1078 καὶ
1452 1024 1674 1095 μεσίτης
1729 1019 1890 1075 εἶναι.

290 1117 381 1169 .'O
414 1117 526 1187 γὰρ
562 1116 791 1187 μεσίτης
821 1115 917 1174 δύο
940 1114 1103 1169 τινῶν
1129 1116 1248 1170 ἐστι
1281 1114 1449 1184 μέσος
1483 1114 1551 1180 ⁷³,
1589 1115 1682 1167 καὶ
1713 1115 1893 1183 ἀμφο-

298 1210 490 1280 τέροις
525 1208 729 1278 ὀφείλει
785 1207 1149 1262 κοινωνεῖνη.
1195 1207 1350 1260 Ἐπεὶ
1400 1206 1585 1285 γοῦνό
1616 1207 1737 1268 Υἱὸς
1796 1205 1891 1258 τοῦ

298 1300 444 1354 Θεοῦ
479 1300 578 1358 καὶ⁵
610 1298 916 1371 ἀνθρώπων
971 1298 1222 1369 μεσίτης,
1272 1299 1599 1370 ἀμφοτέρων
1653 1297 1891 1369 μετέχει,

300 1395 405 1446 καὶ
458 1391 591 1453 Θεὸς
635 1389 710 1447 ὢν
745 1391 838 1443 καὶ
876 1390 1186 1461 ἄνθρωπος,
1240 1390 1336 1445 δύο
1391 1394 1585 1460 φύσεις
1626 1393 1654 1444 ό
1705 1391 1890 1454 αὐτὸς,

300 1483 440 1536 οὔτε
476 1483 609 1546 Θεὸς
650 1483 889 1553 γυμνός·
929 1484 990 1536 οὐ
1016 1488 1127 1557 γὰρ
1175 1483 1242 1539 ἂν
1284 1483 1650 1557 παρεδέξαντο
1703 1484 1889 1550 αὐτὸν,

302 1570 394 1638 οἷς
429 1573 622 1645 ἔμελλε
675 1573 983 1644 μεσιτεύειν
1010 1589 1024 1602 ’
1069 1574 1197 1628 οὔτε
1231 1575 1517 1646 ἄνθρωπος
1541 1574 1732 1644 ψιλός,⁹
1785 1573 1892 1627 ἔδει

306 1668 423 1738 γὰρ
453 1667 533 1736 τῷ
568 1665 687 1735 Θεῷ
718 1665 1083 1734 διαλέγεσθαι.
1120 1667 1235 1721 Οὐκ
1263 1660 1385 1720 εἷπε
1424 1665 1482 1720 δὲ
1522 1664 1773 1736 φανερῶς
1799 1664 1894 1718 καὶ

1997 474 2164 529 Deum
2195 491 2388 531 omnes
2422 478 2560 533 velle
2587 478 2768 532 salvos
2798 480 2936 540 lieri.
2971 480 3074 532 hoc
3105 479 3213 549 iam
3249 481 3564 547 conﬁrmat,

2001 567 2259 635 inquiens
2288 556 2306 621 ἐ
2335 566 2568 637 Propter
2614 568 2717 624 hoc
2743 570 2889 625 enim
2919 570 3000 624 rel
3038 570 3233 625 Filium
3271 588 3429 627 suum
3465 590 3579 628 me-

1994 656 2259 713 diatorum
2291 660 2465 722 misit,
2513 669 2572 714 ιιι
2598 661 2920 715 reconciliet
2953 663 3043 717 ille
3100 665 3344 730 seipsum
3405 665 3579 718 Immi-

1996 749 2182 805 nibus.
2220 749 2404 816 Quare
2437 751 2604 821 igitur
2634 768 2738 806 non
2776 756 2977 807 servati
3013 763 3145 808 sunt
3179 757 3413 810 omnes?
3438 754 3578 822 Quia

1996 840 2213 894 nolunt.
2252 840 2440 905 Porro,
2469 858 2590 895 eum
2614 843 2709 907 ait,
2729 860 2864 896 unus
2901 843 3060 909 Deus,
3093 860 3199 898 nou
3232 845 3298 900 ad
3324 846 3580 901 diﬂ‘eren-

1996 934 2227 987 reutiam
2308 931 2431 989 Filii
2496 933 2633 990 dixit
2692 935 2817 999 hoc,
2879 936 2975 990 sed
3082 937 3371 992 idolorum.
3422 939 3579 1004 Quod

1994 1025 2139 1078 enim
2177 1024 2323 1079 Deus
2345 1025 2437 1089 sit,
2486 1025 2567 1082 vel
2601 1025 2725 1080 inde
2760 1027 2950 1097 liquet,
2977 1027 3121 1097 quod
3152 1029 3423 1083 mediator
3449 1031 3519 1085 sit
3559 1051 3574 1086 :

1996 1116 2264 1170 mediator
2295 1116 2440 1173 enim
2502 1120 2734 1172 duorum
2789 1120 3149 1188 quorumdam
3195 1122 3430 1175 medium
3471 1130 3576 1186 est,

1995 1221 2058 1261 ac
2091 1208 2378 1278 utriusque
2436 1209 2599 1263 debet
2664 1225 2787 1266 esse
2841 1211 3139 1281 particeps.
3204 1211 3342 1278 Quia
3418 1214 3580 1284 igitur

1996 1298 2168 1354 Filius
2222 1299 2316 1353 Dei
2353 1307 2405 1354 et
2453 1301 2736 1355 hominum
2791 1300 3062 1355 mediator
3116 1312 3223 1368 est,
3284 1305 3574 1360 amborum

1980 1400 2079 1447 est
2107 1393 2409 1462 particeps,
2441 1392 2644 1462 quippe
2680 1396 2771 1461 qui
2811 1392 2953 1447 Deus
2976 1395 3048 1449 sit
3083 1405 3136 1449 et
3169 1395 3351 1458 homo,
3410 1396 3582 1452 idem-

1993 1500 2100 1555 que
2136 1488 2256 1538 dua:
2309 1495 2520 1539 natura:
2549 1503 2562 1539 :
2593 1502 2770 1554 neque
2807 1485 2948 1541 Deus
3005 1487 3217 1553 nudus;
3268 1504 3375 1541 non
3432 1489 3577 1542 enim

1996 1577 2373 1647 suscepissent
2399 1593 2525 1632 eum
2567 1578 2709 1635 inter
2739 1593 2878 1646 quos
2910 1579 3142 1634 debebat
3202 1596 3325 1635 esse
3374 1582 3583 1636 media-

1997 1676 2084 1723 tor
2122 1684 2136 1721 :
2168 1682 2347 1736 neque
2382 1667 2547 1721 homo
2605 1667 2789 1721 nudus
2821 1675 2875 1722 et
2905 1670 3136 1738 simplex
3170 1686 3185 1732 ;
3216 1671 3359 1737 apud
3410 1672 3579 1727 Deum

312 1760 447 1829 ⁸ἲιτερὶ.
499 1758 600 1828 τῆς
657 1758 914 1827 θεότητος
963 1757 1058 1811 τοῦ
1099 1759 1363 1830 Χριστοῦ,
1394 1759 1583 1829 ἐπειδὴ
1635 1757 1894 1811 πολυθεῖα

2011 1758 2146 1813 enim
2213 1772 2379 1812 causa
2439 1756 2648 1827 agenda
2696 1766 2832 1818 erat.
2866 1757 2981 1812 Non
3017 1760 3149 1813 dixit
3175 1769 3358 1815 autem
3403 1764 3581 1816 maui-

309 1849 436 1900 τότε
461 1847 705 1916 ἐκράτει,
735 1847 833 1900 καὶ
876 1848 963 1900 ἵνα
993 1848 1066 1918 μὴ
1090 1848 1322 1919 νομισοῇ
1350 1848 1442 1901 καὶ
1472 1848 1635 1910 αὐτὸς
1665 1847 1894 1910 πολλοὺς

314 1937 474 2001 θεοὺς
503 1937 858 2009 παρεισάγειν
876 1953 889 1966 ·
919 1938 1120 2007 ὅπουγε
1151 1938 1271 1991 οὐδὲ
1290 1938 1372 2004 τὸ,
1397 1932 1477 2002 εἷς
1507 1941 1601 1993 καὶ
1631 1935 1733 2003 εἷς,
1764 1939 1895 1991 ὅταν

312 2027 563 2098 λέγηται,
590 2029 863 2099 προσήκει
896 2029 1226 2095 συντιθέναι,
1265 2031 1359 2085 καὶ
1386 2030 1572 2098 λέγειν
1604 2030 1717 2090 δύο,
1751 2030 1891 2095 ἀλλ’,

316 2114 401 2183 εἷς
444 2122 539 2174 καὶ
583 2116 662 2185 εἷς
689 2140 701 2154 ο
731 2122 968 2194 τοσαύτη
1029 2122 1137 2193 γὰρ
1166 2126 1199 2194 ἡ
1232 2124 1486 2178 εὐλάϐεια
1519 2125 1617 2193 τῆς
1647 2123 1892 2194 Γραφῆς.

322 2211 429 2264 Διὰ
454 2211 610 2265 τοῦτο
636 2214 730 2266 οὐκ
758 2213 1006 2286 ἐμνήσθη
1038 2214 1160 2268 οὐδὲ
1187 2213 1283 2268 τοῦ
1312 2214 1656 2287 Πνεύματος,
1701 2213 1789 2268 ἵνα
1817 2214 1894 2287 μὴ

316 2302 449 2376 δόξῃ
482 2304 739 2367 πολύθεος
778 2301 941 2363 εἶναι.

402 2577 471 2630 '0
501 2576 649 2643 δοὺς
687 2574 899 2631 ἑαυτὸν
925 2576 1286 2647 ἀντίλυτρον
1306 2577 1458 2646 ὑπὲρ
1490 2576 1749 2631 πάντων.
1790 2573 1899 2628 Καὶ

326 2647 625 2740 Ἑλλήνων.
666 2670 904 2733 Ἐκεῖνος
936 2671 1034 2741 μὲν
1061 2669 1156 2724 οῦν
1185 2670 1459 2725 ἀπέθανεν
1487 2668 1629 2738 ὑπὲρ
1656 2670 1896 2731 πάντων,

318 2762 389 2815 σὺ
419 2761 474 2814 δὲ
524 2760 786 2826 εὔξασθαι
825 2764 927 2816 οὐκ
966 2763 1172 2834 ἀνέχῃ;
1206 2763 1350 2832 "Ope.
1395 2761 1452 2814 δὲ
1486 2761 1566 2824 τὸ,
1597 2759 1742 2824 δοὺς
1767 2757 1901 2811 ἐαυ-

320 2852 459 2907 τόν.
494 2851 655 2905 Κατὰ
693 2851 987 2923 ’Λρειανῶν
1015 2854 1124 2924 γὰρ
1158 2852 1339 2916 τοῦτο,
1376 2851 1486 2904 τῶν
1526 2849 1792 2916 λεγόντων
1821 2848 1902 2900 ὄτι

324 2946 483 2999 ἄκων
523 2945 808 3015 παρεδόδη.
846 2945 912 2998 Τί
942 2945 1001 2998 δέ.
1048 2947 1200 2997 ἐστιν
1231 2944 1600 3011 ἀντίλυτρον
1626 2958 1645 3006 ;
1675 2942 1902 3009 Ἔνοχος

2002 1847 2138 1903 l'este
2215 1845 2283 1900 de
2335 1845 2620 1900 dixinilate
2683 1845 2924 1906 Christi,
2995 1847 3261 1915 quoniam
3352 1849 3580 1903 deorum

1996 1938 2292 1992 multorum
2342 1936 2538 2017 lenitus
2570 1944 2701 1991 tunc
2753 1937 3017 2007 temporis
3071 1937 3371 1999 obtinebat,
3430 1947 3583 1994 etne

1997 2027 2116 2097 ipse
2156 2027 2512 2082 existimetur
2554 2029 2782 2084 deorum
2834 2029 3240 2083 multitudinem
3280 2029 3576 2086 inducere:

1998 2115 2294 2185 siquidem,
2326 2133 2471 2171 unus
2499 2126 2553 2172 et
2577 2133 2721 2173 unus
2748 2133 2870 2173 cum
2916 2119 3157 2184 dicatur,
3216 2134 3326 2174 non
3362 2129 3581 2189 oportet

1997 2208 2353 2279 conjungere,
2388 2209 2644 2266 etdieere
2675 2210 2836 2275 duos,
2859 2212 2952 2266 sed
2986 2218 3355 2266 ututsetunus
3386 2229 3401 2267 :
3429 2221 3580 2267 tanta

1999 2301 2146 2354 enim
2188 2310 2273 2355 est
2311 2299 2611 2370 Scriptura:
2639 2302 2875 2357 cautela.
2903 2301 3041 2356 llinc
3066 2319 3239 2371 neque
3269 2302 3426 2374 561
3458 2302 3585 2373 Spi-

2001 2392 2139 2449 ritus
2202 2392 2471 2459 meminit,
2528 2407 2599 2448 ne
2669 2393 2922 2448 videatur
2993 2394 3290 2449 multorum
3355 2396 3582 2450 deorqu

2000 2481 2201 2535 cultor.
2336 2462 2339 2471 ‘
3266 2548 3269 2551 _

2076 2571 2244 2627 Vens.
2278 2573 2335 2628 6.
2370 2573 2635 2642 Quidedit
2662 2575 2895 2641 seipsum
2929 2575 3155 2643 pretium
3212 2574 3585 2643 redemptionis

2001 2679 2096 2732 pro
2127 2662 2392 2721 omnibus.
2449 2664 2631 2721 Etiam
2677 2666 3102 2737 pro‘gentibus.
3156 2663 3317 2720 Certe
3363 2666 3584 2734 quidem

2005 2754 2097 2806 ille
2133 2768 2232 2821 pro
2262 2755 2520 2808 omnibus
2551 2763 2805 2810 mortuus
2846 2764 2952 2817 est,
2988 2767 3042 2808 tu
3102 2770 3232 2808 vero
3265 2770 3424 2809 orare
3479 2771 3589 2810 non

2006 2840 2287 2896 Sustines?
2319 2839 2563 2896 Observa
2591 2852 2773 2896 autem
2818 2845 2965 2897 istud
3000 2862 3014 2898 :
3045 2847 3133 2910 qui
3163 2847 3305 2898 dedit
3337 2846 3587 2914 seipsum.

2005 2931 2287 2987 Adversus
2317 2934 2464 2987 enim
2519 2933 2753 2987 Ariauos
2784 2935 2888 2988 boc
2951 2934 3103 2999 facit,
3134 2936 3228 3004 qui
3292 2936 3587 3000 allirmaut,

318 3030 395 3104 ἦν
429 3035 462 3104 ἠ
493 3033 679 3102 φύσις,
708 3034 845 3088 ὥστε
884 3034 1357 3100 ἁπολέσθαι,-ἁλλ’
1394 3033 1510 3087 ἀντ’
1543 3032 1760 3101 ἐκείνης
1779 3031 1902 3083 ἐαυ-

2011 3023 2154 3093 quod
2195 3025 2399 3078 invitus
2428 3024 2500 3078 sit
2548 3024 2809 3079 traditus.
2841 3024 2983 3091 Quid
3019 3042 3145 3080 vero
3196 3035 3302 3092 est,
3361 3030 3589 3096 pretium

323 3127 420 3180 τὸν
452 3126 618 3183 ἔδωκε

403 3307 472 3360 Τὸ
498 3313 843 3374 μαρτύριον.
879 3304 1163 3368 Τουτὲστι,
1197 3303 1285 3359 διὰ
1314 3302 1406 3356 τοῦ
1439 3303 1741 3375 μαρτυρίου
1776 3302 1901 3371 ἐγέ-

325 3414 457 3451 νετο
487 3400 517 3451 ὁ
545 3399 674 3461 Ti‘;
716 3397 1056 3468 ἀντίλυτρον.
1091 3397 1160 3450 Ἦ
1182 3396 1225 3427 ⁷⁸
1265 3394 1661 3466 ὲφερμηνεύων
1721 3394 1903 3459 τοῦτο,

328 3491 469 3559 φησὶ
501 3488 616 3550 νῦν,
647 3487 1093 3558 ὀτιἈντίλυτρον
1127 3486 1187 3541 τὸ
1222 3486 1521 3557 μαρτύριον
1553 3485 1718 3551 λέγω.
1750 3501 1905 3537 τουτο

328 3581 470 3646 ιστι,
521 3580 581 3636 τὺ
636 3578 1026 3642 πάθο;.ἾΙλθε
1057 3579 1162 3650 γὰρ
1222 3580 1590 3650 μαρτυρήσων
1649 3579 1714 3648 τῇ
1771 3576 1907 3647 ἁληο

331 3674 457 3746 θείᾳ
499 3674 662 3745 μέχρι
713 3675 945 3728 θανάτου
974 3691 987 3703 ·
1029 3673 1122 3726 καὶ
1170 3672 1281 3741 γὰρ
1324 3671 1488 3732 αὐτὸς
1547 3670 1638 3723 τὸν
1692 3669 1908 3739 Πατέρα

329 3768 672 3836 ὲφανέρωσε,
702 3766 795 3818 καὶ
822 3765 882 3817 τὸ
911 3764 1107 3832 ἀληθὲς
1134 3762 1331 3832 δόγμα,
1363 3765 1454 3817 καὶ
1486 3761 1577 3816 τὸν
1617 3760 1790 3831 ἀληθῆ
1814 3761 1909 3813 καὶ

326 3858 627 3927 ἀγγελικδν
649 3857 697 3888 ⁷⁸
726 3856 839 3925 βίον
876 3856 1037 3919 αὐτὸς
1065 3855 1415 3922 εἰσηγήσατο.

406 4031 646 4101 Καιροῖς
670 4031 862 4097 ἰδίοις.
890 4029 1170 4091 Τουτέστι,
1200 4031 1315 4090 τοῖς
1341 4028 1741 4098 προσήκουσιν.

400 4129 508 4192 Εἰς
543 4126 574 4177 ὖ
602 4124 814 4189 ἐτέθην
860 4121 975 4192 ἐγὼ
1017 4121 1212 4192 κῆρυξ
1234 4120 1332 4175 καὶ
1363 4121 1726 4197 ἀπόστολος.
1758 4120 1850 4182 El;
1884 4120 1912 4173 ὃ

336 4217 647 4287 μαρτύριον
677 4214 869 4283 ἐτέθην
898 4212 1008 4279 ἐγὼ
1042 4212 1242 4283 κῆρυξ,
1270 4210 1409 4264 ὥστε
1438 4210 1730 4281 κηρύττειν
1758 4212 1910 4276 αὖτε»,

330 4308 610 4371 τουτέστι,
641 4305 730 4359 τὸν
766 4305 996 4374 σταυρίιν
1049 4302 1203 4355 uel"
1234 4301 1325 4356 τὸν
1360 4302 1589 4355 θάνατον
1643 4303 1736 4354 τοῦ
1782 4303 1916 4371 Χρι-

334 4397 496 4453 στοῦ.
533 4397 639 4449 Καὶ
676 4396 774 4465 οὐχ
809 4392 996 4457 ἁπλῶς
1047 4391 1242 4462 κῆρυξ,
1277 4392 1414 4445 ὥστε
1440 4392 1499 4444 ἐν
1531 4391 1612 4444 ἐνὶ
1640 4392 1790 4463 τόπῳ
1821 4392 1916 4462 μό-

334 4506 431 4542 νον
461 4486 776 4556 κηρύττειν,
809 4484 946 4537 ἀλλὰ
971 4484 1066 4547 καὶ
1111 4482 1429 4548 ἀπόστολος,
1460 4481 1600 4534 ὥστε
1639 4481 1916 4550 πανταχοῦ

339 4578 639 4651 περιϊέναι.
675 4577 783 4628 Καὶ
834 4574 1008 4635 ἄλλως
1054 4572 1133 4634 δὲ,
1175 4573 1316 4643 μέγα
1366 4572 1428 4625 τὸ
1478 4571 1572 4624 τοῦ
1623 4573 1919 4624 αποστέλου

340 4671 583 4740 ἀξίωμα,
613 4670 706 4721 καὶ
731 4667 817 4720 διὰ
842 4666 1003 4720 τοῦτο
1026 4666 1382 4718 ἀντιποιεῖται
1403 4665 1617 4719 τούτου.

428 4760 747 4829 Ἀλήθειαν
799 4758 953 4829 λέγω
980 4798 995 4823 ,
1046 4759 1117 4811 οὐ
1174 4756 1505 4825 ψεύδομαι,
1547 4755 1919 4824 διδάσκαλος

347 4852 558 4909 ἐθνῶν.
585 4852 659 4905 Τὸ
680 4850 991 4916 ἀξιόπιστον
1024 4848 1101 4919 τῷ
1123 4848 1266 4921 λόγῳ
1293 4850 1679 4918 περιποιεῖται.
1699 4849 1917 4920 Ἐπειδὴ

350 4945 461 5012 γὰρ
478 4945 525 4995 οἱ
558 4942 706 4996 ἄλλοι
738 4939 1027 4993 ἀπόστολοι
1062 4940 1198 5009 πρὸς
1228 4938 1386 4991 τοῦτο
1428 4940 1773 5008 ἀπενάρκων,
1806 4940 1919 5011 ἅμα

357 5035 454 5104 μὲν
481 5035 553 5095 ὡς
583 5032 995 5101 βδελυσσόμενοι
1016 5031 1082 5083 τὰ
1117 5029 1266 5100 ἔθνη,
1288 5029 1403 5097 ἅμα
1425 5029 1480 5081 δὲ
1500 5030 1573 5092 ὡς
1600 5029 1661 5081 οὐ
1686 5030 1921 5099 παραδε-

350 5124 574 5192 χόμενοι
589 5122 635 5154 ⁷⁸
662 5138 676 5150 ”
711 5120 902 5184 Αὐτὸς,
936 5119 1090 5189 φησὶ,
1126 5118 1377 5171 λοιπὸντν
1404 5119 1721 5189 ἀφωρίσθην
1752 5118 1921 5171 ἐθνῶν

349 5214 690 5276 διδάσκαλος.
740 5212 803 5264 Εἰ
850 5211 1032 5265 τοίνυν
1091 5211 1185 5263 καὶ
1233 5209 1263 5261 ὁ
1309 5210 1438 5274 Υἱὸς
1491 5210 1584 5262 τοῦ
1620 5209 1757 5262 θεοῦ
1782 5210 1924 5281 ὑπὲρ

350 5305 524 5373 ὲθνῷν
553 5304 788 5358 ἀπέθανε
807 5302 875 5367 ⁸⁸,
918 5301 1074 5370 κάγὼ
1120 5302 1301 5356 αὐτῶν
1336 5304 1449 5372 εἰμι
1484 5302 1821 5365 διδάσκαλος,
1858 5303 1921 5355 σὺ

357 5396 436 5467 μὴ
454 5400 794 5469 κατοκνὴσῃς
831 5398 965 5470 ὑπὲρ
988 5396 1166 5448 αὐτῶν
1191 5394 1467 5464 εὔχεσθαι.

1932 3097 1975 3155 C
2012 3113 2434 3181 redemptionis?
2457 3111 2663 3166 Natura
2688 3121 2806 3168 erat
2828 3112 3353 3181 obuoxiaiuteritui,
3386 3117 3433 3171 is
3462 3132 3590 3171 vero

2011 3220 2111 3276 pro
2150 3204 2240 3258 illa
2266 3203 2505 3274 seipsum
2529 3202 2698 3259 dedit.

2090 3296 2496 3355 Testimonium.
2549 3294 2665 3350 lloc
2697 3301 2802 3359 est,
2849 3308 2946 3365 per
2999 3296 3376 3353 testimonium
3419 3297 3479 3352 Fi
3508 3298 3593 3355 ius

2016 3389 2197 3445 factus
2226 3396 2311 3447 est
2338 3388 2575 3458 pretium
2608 3388 3026 3458 redemptionis.
3088 3389 3179 3445 γει
3227 3389 3592 3459 interpretans

2018 3481 2144 3548 boc,
2194 3481 2330 3536 dicit
2359 3496 2507 3535 nunc
2538 3496 2554 3534 :
2589 3478 3003 3551 Redemptiouis
3034 3483 3291 3554 pretium,
3350 3485 3595 3538 testimo-

2017 3574 2168 3628 nium
2216 3574 2332 3628 sive
2367 3574 2689 3645 martyrium
2747 3573 3039 3639 dico,.boc
3095 3583 3202 3639 est,
3261 3575 3593 3645 passionem.

2018 3665 2183 3721 Venit
2212 3666 2358 3720 enim
2395 3665 2771 3720 testimonium
2800 3666 3056 3721 dicturus
3085 3666 3298 3720 veritati
3325 3665 3597 3738 adusque

2019 3767 2249 3812 mortem
2284 3773 2298 3822 ;
2332 3756 2531 3811 etenim
2565 3756 2681 3826 ipse
2704 3755 2918 3812 Palmm
2969 3746 3596 3819 manilcsmrit,veram?-

2018 3840 2126 3918 ique
2186 3847 2494 3903 doctrinam
2533 3842 2800 3903 ct‘veram
2858 3859 3022 3919 atque
3080 3850 3381 3921 angelicam
3428 3852 3594 3904 vitam

2020 3938 2138 4009 ipse
2164 3937 2485 3993 introduxit.

2095 4030 2437 4098 Temporibus
2468 4031 2600 4084 suis.
2642 4031 2695 4084 Id
2726 4038 2830 4095 est,
2863 4031 3343 4087 convenientibus.
3400 4056 3411 4067 -

2093 4121 2257 4178 Vsus.
2282 4125 2332 4175 7.
2373 4122 2450 4175 Ad
2481 4128 2617 4192 quod
2646 4125 2850 4190 positus
2882 4140 2998 4183 sum
3029 4141 3122 4194 ego
3150 4140 3323 4191 prch
3384 4134 3433 4179 et
3465 4141 3595 4192 apo-

2022 4218 2213 4273 stolus.
2273 4216 2350 4269 Ad
2420 4216 2564 4285 quod
2626 4217 2990 4271 testimonium
3052 4220 3266 4286 positus
3327 4234 3445 4273 sont
3494 4235 3597 4289 ego

2025 4325 2228 4379 praeco,
2263 4318 2321 4362 ut
2374 4307 2663 4377 praedicem
2731 4307 2898 4370 illud,
2964 4309 3068 4363 boc
3121 4318 3227 4374 est,
3274 4325 3495 4364 crucem
3546 4321 3602 4365 rt

2025 4408 2255 4452 mortem
2283 4398 2512 4453 Christi.
2554 4397 2665 4454 Nec
2694 4398 3013 4468 simpliciter
3043 4414 3241 4469 praeco,
3294 4409 3355 4454 ut
3388 4402 3440 4453 in
3488 4417 3598 4457 uno

2028 4493 2147 4545 loco
2175 4499 2384 4544 tantum
2416 4492 2730 4562 praedicem,
2769 4505 2957 4545 verum
3000 4493 3162 4546 etiam
3188 4493 3504 4562 apostolus,
3541 4502 3600 4547 ut

2028 4596 2359 4650 quocunque
2418 4581 2772 4635 circumeant.
2802 4579 2995 4649 Porro,
3030 4599 3222 4653 magna
3251 4593 3338 4640 est
3364 4588 3601 4653 apostoli

2028 4671 2292 4741 dignitas,
2330 4671 2563 4741 ideoque
2593 4672 2734 4727 lianc
2755 4673 2857 4728 sibi
2881 4676 3154 4734 vendicat.

2108 4761 2394 4817 Veritatem
2436 4764 2573 4826 dico,
2627 4782 2729 4818 non
2799 4769 3045 4830 utentior,
3104 4769 3291 4822 doctor
3345 4774 3600 4839 gent'um.

2024 4852 2420 4909 Auctoritatem
2440 4864 2491 4905 et
2517 4853 2674 4907 ﬁdem
2694 4855 2861 4909 verbo
2884 4871 2984 4910 suo
3001 4859 3277 4912 conciliat.
3302 4859 3438 4926 Quia
3457 4866 3602 4919 enim

2030 4944 2121 4998 alii
2151 4943 2381 5026 apostoli
2402 4941 2467 4995 ad
2501 4944 2599 4996 hoc
2625 4942 2863 4997 cilicium
2894 4949 3205 5014 torpebant,
3241 4953 3440 5019 partim
3457 4956 3603 5022 quod

2028 5041 2450 5091 exsecrarentur
2496 5044 2707 5100 gentes,
2758 5036 2955 5104 partim
2999 5054 3129 5091 vero
3184 5042 3330 5109 quod
3361 5058 3455 5098 cas
3491 5060 3601 5096 non

2031 5129 2379 5196 susciperent
2408 5144 2422 5179 :
2453 5124 2584 5195 Ego,
2628 5127 2827 5195 inquit,
2858 5129 3074 5183 tandem
3111 5144 3429 5203 Segregatus
3483 5150 3604 5188 sum

2030 5217 2223 5296 doctor
2248 5219 2516 5287 gentium.
2552 5218 2607 5271 Si
2638 5219 2806 5290 igitur
2825 5229 2879 5275 et
2916 5219 3084 5277 Filius
3110 5223 3317 5294 Dcipro
3351 5226 3606 5293 gentibus

2032 5318 2288 5377 mortuus
2312 5317 2418 5372 est,
2476 5312 2959 5381 egoqucipsarum
3016 5330 3137 5368 sum
3192 5323 3492 5383 praceptor
3543 5331 3608 5372 ac

2035 5400 2250 5467 doctor,
2278 5408 2336 5455 tu
2369 5417 2438 5457 ne
2468 5401 2746 5474 pigriteris
2781 5419 2878 5475 pro
2901 5405 2981 5460 eis
3004 5420 3183 5459 orare.
3236 5478 3239 5479 ν

1676 5516 1871 5579 Variae
1905 5515 2230 5580 lectiones.

430 5618 477 5699 ζ’
495 5618 723 5699 μεσίτης
749 5634 801 5674 ο.
878 5619 926 5651 ’³⁵
952 5617 1245 5699 ἀναφέρειν
1272 5633 1323 5674 o.
1400 5618 1568 5699 73:50.1
1595 5633 1649 5699 ρ.
1726 5620 1771 5650 ⁷³
1803 5622 2157 5691 εὐαγγελικδν
2181 5638 2234 5679 o.
2312 5623 2358 5656 '”
2385 5623 2638 5694 σταυρὸν,
2665 5624 2834 5693 ἤγουν
2859 5625 2928 5679 τὰ
2950 5624 3120 5699 πάθη,
3152 5632 3248 5686 καὶ
3271 5646 3345 5687 ιιι.
3421 5632 3468 5667 ’⁸
3501 5650 3608 5689 πα-

357 5687 815 5762 ραδεχθησὸμενοι
846 5705 899 5744 ο.
977 5689 1022 5721 ⁷³
1053 5687 1269 5756 ἀληθῶς
1287 5706 1341 5744 ο.
1417 5689 1464 5721 ⁸⁸
1492 5687 1660 5740 ἔπαθε
1707 5704 1759 5742 o.
