  <div class='ocr_page' id='page_1' title='image "/cluster/home/n/w/nwhite01/storage/ocr_20150623/125/hvd.32044073502429/023.png"; bbox 0 0 4006 6214; ppageno 0'>
   <div class='ocr_carea' id='block_1_1' title="bbox 362 295 3616 378">
    <p class='ocr_par' dir='ltr' id='par_1_1' title="bbox 362 295 3616 378">
     <span class='ocr_line' id='line_1_1' title="bbox 362 295 3616 378; baseline -0.007 -6"><span class='ocrx_word' id='word_1_1' title='bbox 362 316 432 378; x_wconf 78' lang='grc'><strong>35</strong></span> <span class='ocrx_word' id='word_1_2' title='bbox 1262 301 1837 367; x_wconf 79' lang='lat' dir='ltr'><strong>THEOPHYLACTI</strong></span> <span class='ocrx_word' id='word_1_3' title='bbox 1883 296 2291 358; x_wconf 64' lang='lat' dir='ltr'><strong>BULGARIE</strong></span> <span class='ocrx_word' id='word_1_4' title='bbox 2319 296 2673 357; x_wconf 82' lang='lat' dir='ltr'><strong>ARCHIEP.</strong></span> <span class='ocrx_word' id='word_1_5' title='bbox 3545 295 3616 359; x_wconf 82' lang='lat'><strong>36</strong></span> 
     </span>
    </p>
   </div>
   <div class='ocr_carea' id='block_1_2' title="bbox 437 416 2021 497">
    <p class='ocr_par' dir='ltr' id='par_1_2' title="bbox 437 416 2021 497">
     <span class='ocr_line' id='line_1_2' title="bbox 437 416 2021 497; baseline -0.009 -16"><span class='ocrx_word' id='word_1_6' title='bbox 437 426 622 497; x_wconf 70' lang='lat' dir='ltr'><strong>lii/ide</strong></span> <span class='ocrx_word' id='word_1_7' title='bbox 650 434 699 480; x_wconf 86' lang='lat' dir='ltr'><strong>et</strong></span> <span class='ocrx_word' id='word_1_8' title='bbox 727 424 962 479; x_wconf 81' lang='lat' dir='ltr'><strong>veritate.</strong></span> <span class='ocrx_word' id='word_1_9' title='bbox 1014 420 1397 479; x_wconf 78' lang='lat' dir='ltr'><strong>Animadverte</strong></span> <span class='ocrx_word' id='word_1_10' title='bbox 1433 434 1650 483; x_wconf 90' lang='lat' dir='ltr'><strong>rursus,</strong></span> <span class='ocrx_word' id='word_1_11' title='bbox 1713 418 1766 470; x_wconf 87' lang='lat' dir='ltr'><strong>in</strong></span> <span class='ocrx_word' id='word_1_12' title='bbox 1819 416 1943 486; x_wconf 75' lang='lat' dir='ltr'><strong>ﬁde.</strong></span> <span class='ocrx_word' id='word_1_13' title='bbox 1978 419 2021 474; x_wconf 78' lang='grc' dir='ltr'><strong>Α</strong></span> 
     </span>
    </p>
   </div>
   <div class='ocr_carea' id='block_1_3' title="bbox 365 511 1934 589">
    <p class='ocr_par' dir='ltr' id='par_1_3' title="bbox 365 511 1934 589">
     <span class='ocr_line' id='line_1_3' title="bbox 365 511 1934 589; baseline -0.008 -16"><span class='ocrx_word' id='word_1_14' title='bbox 365 517 484 573; x_wconf 84' lang='grc' dir='ltr'><strong>Νοη</strong></span> <span class='ocrx_word' id='word_1_15' title='bbox 537 520 590 573; x_wconf 93' lang='lat' dir='ltr'><strong>in</strong></span> <span class='ocrx_word' id='word_1_16' title='bbox 640 517 993 589; x_wconf 74' lang='lat' dir='ltr'><strong>syllogismis,</strong></span> <span class='ocrx_word' id='word_1_17' title='bbox 1059 516 1260 584; x_wconf 88' lang='lat' dir='ltr'><strong>inquit,</strong></span> <span class='ocrx_word' id='word_1_18' title='bbox 1304 518 1398 566; x_wconf 91' lang='lat' dir='ltr'><strong>aut</strong></span> <span class='ocrx_word' id='word_1_19' title='bbox 1450 513 1645 581; x_wconf 89' lang='lat' dir='ltr'><strong>logicis</strong></span> <span class='ocrx_word' id='word_1_20' title='bbox 1706 511 1934 565; x_wconf 87' lang='lat' dir='ltr'><strong>demon-</strong></span> 
     </span>
    </p>
   </div>
   <div class='ocr_carea' id='block_1_4' title="bbox 371 599 1937 671">
    <p class='ocr_par' dir='ltr' id='par_1_4' title="bbox 371 599 1937 671">
     <span class='ocr_line' id='line_1_4' title="bbox 371 599 1937 671; baseline -0.006 -10"><span class='ocrx_word' id='word_1_21' title='bbox 371 607 757 671; x_wconf 88' lang='lat' dir='ltr'><strong>strationihus,</strong></span> <span class='ocrx_word' id='word_1_22' title='bbox 792 619 981 660; x_wconf 80' lang='lat' dir='ltr'><strong>verum</strong></span> <span class='ocrx_word' id='word_1_23' title='bbox 1034 603 1089 657; x_wconf 91' lang='lat' dir='ltr'><strong>in</strong></span> <span class='ocrx_word' id='word_1_24' title='bbox 1116 602 1238 656; x_wconf 72' lang='lat' dir='ltr'><strong>(ide.</strong></span> <span class='ocrx_word' id='word_1_25' title='bbox 1287 600 1511 663; x_wconf 83' lang='lat' dir='ltr'><strong>Deinde,</strong></span> <span class='ocrx_word' id='word_1_26' title='bbox 1541 615 1606 655; x_wconf 90' lang='lat' dir='ltr'><strong>ne</strong></span> <span class='ocrx_word' id='word_1_27' title='bbox 1660 599 1937 653; x_wconf 71' lang='lat' dir='ltr'><strong>existimes</strong></span> 
     </span>
    </p>
   </div>
   <div class='ocr_carea' id='block_1_5' title="bbox 363 690 1934 765">
    <p class='ocr_par' dir='ltr' id='par_1_5' title="bbox 363 690 1934 765">
     <span class='ocr_line' id='line_1_5' title="bbox 363 690 1934 765; baseline -0.007 -14"><span class='ocrx_word' id='word_1_28' title='bbox 363 697 723 765; x_wconf 82' lang='lat' dir='ltr'><strong>imposluram</strong></span> <span class='ocrx_word' id='word_1_29' title='bbox 751 709 874 748; x_wconf 87' lang='lat' dir='ltr'><strong>esse</strong></span> <span class='ocrx_word' id='word_1_30' title='bbox 898 693 1039 747; x_wconf 86' lang='lat' dir='ltr'><strong>hanc</strong></span> <span class='ocrx_word' id='word_1_31' title='bbox 1074 707 1210 755; x_wconf 88' lang='lat' dir='ltr'><strong>rem,</strong></span> <span class='ocrx_word' id='word_1_32' title='bbox 1245 690 1555 755; x_wconf 78' lang='lat' dir='ltr'><strong>subittlulil,</strong></span> <span class='ocrx_word' id='word_1_33' title='bbox 1601 690 1655 743; x_wconf 90' lang='lat' dir='ltr'><strong>in</strong></span> <span class='ocrx_word' id='word_1_34' title='bbox 1700 691 1934 742; x_wconf 78' lang='lat' dir='ltr'><strong>veritate.</strong></span> 
     </span>
    </p>
   </div>
   <div class='ocr_carea' id='block_1_6' title="bbox 364 776 1938 850">
    <p class='ocr_par' dir='ltr' id='par_1_6' title="bbox 364 776 1938 850">
     <span class='ocr_line' id='line_1_6' title="bbox 364 776 1938 850; baseline -0.004 -13"><span class='ocrx_word' id='word_1_35' title='bbox 364 782 484 837; x_wconf 84' lang='lat' dir='ltr'><strong>Non</strong></span> <span class='ocrx_word' id='word_1_36' title='bbox 520 784 688 846; x_wconf 75' lang='lat' dir='ltr'><strong>enim,</strong></span> <span class='ocrx_word' id='word_1_37' title='bbox 734 781 939 850; x_wconf 79' lang='lat' dir='ltr'><strong>inquit,</strong></span> <span class='ocrx_word' id='word_1_38' title='bbox 969 780 1313 834; x_wconf 83' lang='lat' dir='ltr'><strong>mendacium</strong></span> <span class='ocrx_word' id='word_1_39' title='bbox 1353 780 1508 834; x_wconf 86' lang='lat' dir='ltr'><strong>estid</strong></span> <span class='ocrx_word' id='word_1_40' title='bbox 1543 779 1691 848; x_wconf 84' lang='lat' dir='ltr'><strong>quod</strong></span> <span class='ocrx_word' id='word_1_41' title='bbox 1750 780 1801 831; x_wconf 92' lang='lat' dir='ltr'><strong>in</strong></span> <span class='ocrx_word' id='word_1_42' title='bbox 1834 776 1938 831; x_wconf 80' lang='lat' dir='ltr'><strong>(ide</strong></span> 
     </span>
    </p>
   </div>
   <div class='ocr_carea' id='block_1_7' title="bbox 366 868 1936 938">
    <p class='ocr_par' dir='ltr' id='par_1_7' title="bbox 366 868 1936 938">
     <span class='ocr_line' id='line_1_7' title="bbox 366 868 1936 938; baseline -0.002 -13"><span class='ocrx_word' id='word_1_43' title='bbox 366 872 596 925; x_wconf 78' lang='lat' dir='ltr'><strong>docetur</strong></span> <span class='ocrx_word' id='word_1_44' title='bbox 652 879 815 938; x_wconf 89' lang='lat' dir='ltr'><strong>atque</strong></span> <span class='ocrx_word' id='word_1_45' title='bbox 858 869 1113 935; x_wconf 88' lang='lat' dir='ltr'><strong>traditur,</strong></span> <span class='ocrx_word' id='word_1_46' title='bbox 1152 870 1248 925; x_wconf 90' lang='lat' dir='ltr'><strong>sed</strong></span> <span class='ocrx_word' id='word_1_47' title='bbox 1289 870 1344 924; x_wconf 91' lang='lat' dir='ltr'><strong>in</strong></span> <span class='ocrx_word' id='word_1_48' title='bbox 1396 870 1625 924; x_wconf 75' lang='lat' dir='ltr'><strong>veritate</strong></span> <span class='ocrx_word' id='word_1_49' title='bbox 1678 868 1936 922; x_wconf 75' lang='lat' dir='ltr'><strong>traditur.</strong></span> 
     </span>
    </p>
   </div>
   <div class='ocr_carea' id='block_1_8' title="bbox 441 959 1937 1031">
    <p class='ocr_par' dir='ltr' id='par_1_8' title="bbox 441 959 1937 1031">
     <span class='ocr_line' id='line_1_8' title="bbox 441 959 1937 1031; baseline -0.001 -16"><span class='ocrx_word' id='word_1_50' title='bbox 441 962 602 1017; x_wconf 73' lang='lat' dir='ltr'><strong>Vens.</strong></span> <span class='ocrx_word' id='word_1_51' title='bbox 656 961 710 1015; x_wconf 93' lang='lat'><strong>8.</strong></span> <span class='ocrx_word' id='word_1_52' title='bbox 756 961 887 1014; x_wconf 85' lang='lat' dir='ltr'><strong>Volo</strong></span> <span class='ocrx_word' id='word_1_53' title='bbox 925 977 1049 1031; x_wconf 83' lang='lat' dir='ltr'><strong>ergo</strong></span> <span class='ocrx_word' id='word_1_54' title='bbox 1085 963 1227 1017; x_wconf 82' lang='lat' dir='ltr'><strong>viros</strong></span> <span class='ocrx_word' id='word_1_55' title='bbox 1251 978 1405 1016; x_wconf 88' lang='lat' dir='ltr'><strong>orare</strong></span> <span class='ocrx_word' id='word_1_56' title='bbox 1423 962 1477 1015; x_wconf 86' lang='lat' dir='ltr'><strong>in</strong></span> <span class='ocrx_word' id='word_1_57' title='bbox 1504 961 1647 1016; x_wconf 86' lang='lat' dir='ltr'><strong>omni</strong></span> <span class='ocrx_word' id='word_1_58' title='bbox 1666 963 1800 1014; x_wconf 79' lang='lat' dir='ltr'><strong>loco.</strong></span> <span class='ocrx_word' id='word_1_59' title='bbox 1835 959 1937 1026; x_wconf 87' lang='lat' dir='ltr'><strong>Qui</strong></span> 
     </span>
    </p>
   </div>
   <div class='ocr_carea' id='block_1_9' title="bbox 365 1048 1936 1121">
    <p class='ocr_par' dir='ltr' id='par_1_9' title="bbox 365 1048 1936 1121">
     <span class='ocr_line' id='line_1_9' title="bbox 365 1048 1936 1121; baseline -0.001 -14"><span class='ocrx_word' id='word_1_60' title='bbox 365 1055 528 1121; x_wconf 78' lang='lat' dir='ltr'><strong>igitur</strong></span> <span class='ocrx_word' id='word_1_61' title='bbox 569 1050 820 1107; x_wconf 85' lang='lat' dir='ltr'><strong>Christus</strong></span> <span class='ocrx_word' id='word_1_62' title='bbox 847 1051 1073 1105; x_wconf 91' lang='lat' dir='ltr'><strong>inomni</strong></span> <span class='ocrx_word' id='word_1_63' title='bbox 1104 1052 1226 1106; x_wconf 93' lang='lat' dir='ltr'><strong>loco</strong></span> <span class='ocrx_word' id='word_1_64' title='bbox 1291 1066 1454 1107; x_wconf 89' lang='lat' dir='ltr'><strong>orare</strong></span> <span class='ocrx_word' id='word_1_65' title='bbox 1488 1048 1789 1116; x_wconf 78' lang='lat' dir='ltr'><strong>prohibet?</strong></span> <span class='ocrx_word' id='word_1_66' title='bbox 1839 1050 1936 1105; x_wconf 87' lang='lat' dir='ltr'><strong>de-</strong></span> 
     </span>
    </p>
   </div>
   <div class='ocr_carea' id='block_1_10' title="bbox 364 1141 1938 1214">
    <p class='ocr_par' dir='ltr' id='par_1_10' title="bbox 364 1141 1938 1214">
     <span class='ocr_line' id='line_1_10' title="bbox 364 1141 1938 1214; baseline -0.004 -12"><span class='ocrx_word' id='word_1_67' title='bbox 364 1149 625 1202; x_wconf 78' lang='lat' dir='ltr'><strong>hortatur</strong></span> <span class='ocrx_word' id='word_1_68' title='bbox 649 1144 794 1201; x_wconf 91' lang='lat' dir='ltr'><strong>enim</strong></span> <span class='ocrx_word' id='word_1_69' title='bbox 829 1160 896 1198; x_wconf 91' lang='lat' dir='ltr'><strong>ne</strong></span> <span class='ocrx_word' id='word_1_70' title='bbox 930 1146 982 1198; x_wconf 91' lang='lat' dir='ltr'><strong>in</strong></span> <span class='ocrx_word' id='word_1_71' title='bbox 1022 1145 1217 1214; x_wconf 85' lang='lat' dir='ltr'><strong>plateis</strong></span> <span class='ocrx_word' id='word_1_72' title='bbox 1265 1143 1449 1199; x_wconf 90' lang='lat' dir='ltr'><strong>isthnc</strong></span> <span class='ocrx_word' id='word_1_73' title='bbox 1507 1141 1731 1207; x_wconf 81' lang='lat' dir='ltr'><strong>faciant,</strong></span> <span class='ocrx_word' id='word_1_74' title='bbox 1789 1149 1843 1197; x_wconf 89' lang='lat' dir='ltr'><strong>et</strong></span> <span class='ocrx_word' id='word_1_75' title='bbox 1883 1142 1938 1195; x_wconf 90' lang='lat' dir='ltr'><strong>in</strong></span> 
     </span>
    </p>
   </div>
   <div class='ocr_carea' id='block_1_11' title="bbox 367 1230 1938 1304">
    <p class='ocr_par' dir='ltr' id='par_1_11' title="bbox 367 1230 1938 1304">
     <span class='ocr_line' id='line_1_11' title="bbox 367 1230 1938 1304; baseline -0.003 -15"><span class='ocrx_word' id='word_1_76' title='bbox 367 1238 679 1291; x_wconf 85' lang='lat' dir='ltr'><strong>cubiculum</strong></span> <span class='ocrx_word' id='word_1_77' title='bbox 742 1234 953 1304; x_wconf 88' lang='lat' dir='ltr'><strong>ingredi</strong></span> <span class='ocrx_word' id='word_1_78' title='bbox 993 1234 1145 1302; x_wconf 83' lang='lat' dir='ltr'><strong>jubet</strong></span> <span class='ocrx_word' id='word_1_79' title='bbox 1175 1234 1243 1287; x_wconf 85' lang='grc'><strong>²⁶.</strong></span> <span class='ocrx_word' id='word_1_80' title='bbox 1291 1232 1457 1300; x_wconf 84' lang='lat' dir='ltr'><strong>Atqui</strong></span> <span class='ocrx_word' id='word_1_81' title='bbox 1524 1230 1779 1286; x_wconf 82' lang='lat' dir='ltr'><strong>Christus</strong></span> <span class='ocrx_word' id='word_1_82' title='bbox 1829 1246 1938 1286; x_wconf 87' lang='lat' dir='ltr'><strong>non</strong></span> 
     </span>
    </p>
   </div>
   <div class='ocr_carea' id='block_1_12' title="bbox 369 1320 1938 1385">
    <p class='ocr_par' dir='ltr' id='par_1_12' title="bbox 369 1320 1938 1385">
     <span class='ocr_line' id='line_1_12' title="bbox 369 1320 1938 1385; baseline -0.004 -4"><span class='ocrx_word' id='word_1_83' title='bbox 369 1328 621 1383; x_wconf 77' lang='lat' dir='ltr'><strong>vetuitin</strong></span> <span class='ocrx_word' id='word_1_84' title='bbox 671 1327 819 1381; x_wconf 85' lang='lat' dir='ltr'><strong>omni</strong></span> <span class='ocrx_word' id='word_1_85' title='bbox 870 1326 989 1380; x_wconf 92' lang='lat' dir='ltr'><strong>loco</strong></span> <span class='ocrx_word' id='word_1_86' title='bbox 1049 1338 1230 1385; x_wconf 88' lang='lat' dir='ltr'><strong>orare,</strong></span> <span class='ocrx_word' id='word_1_87' title='bbox 1281 1337 1473 1375; x_wconf 81' lang='lat' dir='ltr'><strong>verum</strong></span> <span class='ocrx_word' id='word_1_88' title='bbox 1515 1336 1581 1376; x_wconf 83' lang='lat' dir='ltr'><strong>ex</strong></span> <span class='ocrx_word' id='word_1_89' title='bbox 1639 1320 1938 1376; x_wconf 81' lang='lat' dir='ltr'><strong>abundanti</strong></span> 
     </span>
    </p>
   </div>
   <div class='ocr_carea' id='block_1_13' title="bbox 369 1414 1942 1480">
    <p class='ocr_par' dir='ltr' id='par_1_13' title="bbox 369 1414 1942 1480">
     <span class='ocr_line' id='line_1_13' title="bbox 369 1414 1942 1480; baseline -0.004 -7"><span class='ocrx_word' id='word_1_90' title='bbox 369 1419 574 1473; x_wconf 86' lang='lat' dir='ltr'><strong>docens</strong></span> <span class='ocrx_word' id='word_1_91' title='bbox 605 1433 672 1471; x_wconf 89' lang='lat' dir='ltr'><strong>ne</strong></span> <span class='ocrx_word' id='word_1_92' title='bbox 702 1418 881 1471; x_wconf 89' lang='lat' dir='ltr'><strong>isthuc</strong></span> <span class='ocrx_word' id='word_1_93' title='bbox 922 1416 1126 1469; x_wconf 81' lang='lat' dir='ltr'><strong>faciant</strong></span> <span class='ocrx_word' id='word_1_94' title='bbox 1156 1415 1221 1469; x_wconf 89' lang='lat' dir='ltr'><strong>ad</strong></span> <span class='ocrx_word' id='word_1_95' title='bbox 1278 1414 1731 1480; x_wconf 88' lang='lat' dir='ltr'><strong>ostentationem,</strong></span> <span class='ocrx_word' id='word_1_96' title='bbox 1786 1414 1942 1467; x_wconf 80' lang='lat' dir='ltr'><strong>cubi-</strong></span> 
     </span>
    </p>
   </div>
   <div class='ocr_carea' id='block_1_14' title="bbox 362 1502 1939 1577">
    <p class='ocr_par' dir='ltr' id='par_1_14' title="bbox 362 1502 1939 1577">
     <span class='ocr_line' id='line_1_14' title="bbox 362 1502 1939 1577; baseline -0.006 -12"><span class='ocrx_word' id='word_1_97' title='bbox 362 1511 473 1565; x_wconf 89' lang='lat' dir='ltr'><strong>culi</strong></span> <span class='ocrx_word' id='word_1_98' title='bbox 501 1509 768 1573; x_wconf 87' lang='lat' dir='ltr'><strong>meminit,</strong></span> <span class='ocrx_word' id='word_1_99' title='bbox 792 1507 1020 1577; x_wconf 88' lang='lat' dir='ltr'><strong>perinde</strong></span> <span class='ocrx_word' id='word_1_100' title='bbox 1081 1516 1397 1575; x_wconf 85' lang='lat' dir='ltr'><strong>atquecum</strong></span> <span class='ocrx_word' id='word_1_101' title='bbox 1464 1504 1600 1559; x_wconf 89' lang='lat' dir='ltr'><strong>dicit</strong></span> <span class='ocrx_word' id='word_1_102' title='bbox 1652 1519 1669 1557; x_wconf 88' lang='lat'><strong>:</strong></span> <span class='ocrx_word' id='word_1_103' title='bbox 1721 1502 1939 1557; x_wconf 74' lang='lat' dir='ltr'><strong>Nesciet</strong></span> 
     </span>
    </p>
   </div>
   <div class='ocr_carea' id='block_1_15' title="bbox 365 1595 1935 1668">
    <p class='ocr_par' dir='ltr' id='par_1_15' title="bbox 365 1595 1935 1668">
     <span class='ocr_line' id='line_1_15' title="bbox 365 1595 1935 1668; baseline -0.003 -12"><span class='ocrx_word' id='word_1_104' title='bbox 365 1603 586 1656; x_wconf 74' lang='lat' dir='ltr'><strong>sinistra</strong></span> <span class='ocrx_word' id='word_1_105' title='bbox 621 1610 711 1652; x_wconf 88' lang='lat' dir='ltr'><strong>tua</strong></span> <span class='ocrx_word' id='word_1_106' title='bbox 748 1598 874 1668; x_wconf 86' lang='lat' dir='ltr'><strong>quid</strong></span> <span class='ocrx_word' id='word_1_107' title='bbox 912 1598 1078 1667; x_wconf 77' lang='lat' dir='ltr'><strong>faciat</strong></span> <span class='ocrx_word' id='word_1_108' title='bbox 1138 1596 1399 1651; x_wconf 73' lang='lat' dir='ltr'><strong>dextera:</strong></span> <span class='ocrx_word' id='word_1_109' title='bbox 1436 1610 1543 1650; x_wconf 91' lang='lat' dir='ltr'><strong>non</strong></span> <span class='ocrx_word' id='word_1_110' title='bbox 1576 1595 1645 1649; x_wconf 88' lang='lat' dir='ltr'><strong>de</strong></span> <span class='ocrx_word' id='word_1_111' title='bbox 1682 1595 1935 1651; x_wconf 88' lang='lat' dir='ltr'><strong>manibus</strong></span> 
     </span>
    </p>
   </div>
   <div class='ocr_carea' id='block_1_16' title="bbox 368 1686 1937 1757">
    <p class='ocr_par' dir='ltr' id='par_1_16' title="bbox 368 1686 1937 1757">
     <span class='ocr_line' id='line_1_16' title="bbox 368 1686 1937 1757; baseline -0.004 -10"><span class='ocrx_word' id='word_1_112' title='bbox 368 1696 473 1749; x_wconf 87' lang='lat' dir='ltr'><strong>hoc</strong></span> <span class='ocrx_word' id='word_1_113' title='bbox 504 1693 657 1757; x_wconf 87' lang='lat' dir='ltr'><strong>dicit,</strong></span> <span class='ocrx_word' id='word_1_114' title='bbox 687 1691 781 1747; x_wconf 89' lang='lat' dir='ltr'><strong>sed</strong></span> <span class='ocrx_word' id='word_1_115' title='bbox 817 1690 995 1744; x_wconf 89' lang='lat' dir='ltr'><strong>modis</strong></span> <span class='ocrx_word' id='word_1_116' title='bbox 1020 1688 1282 1743; x_wconf 88' lang='lat' dir='ltr'><strong>omnibus</strong></span> <span class='ocrx_word' id='word_1_117' title='bbox 1304 1686 1464 1742; x_wconf 86' lang='lat' dir='ltr'><strong>docet</strong></span> <span class='ocrx_word' id='word_1_118' title='bbox 1493 1687 1546 1742; x_wconf 86' lang='lat' dir='ltr'><strong>in</strong></span> <span class='ocrx_word' id='word_1_119' title='bbox 1572 1688 1937 1757; x_wconf 81' lang='lat' dir='ltr'><strong>eleemosynis</strong></span> 
     </span>
    </p>
   </div>
   <div class='ocr_carea' id='block_1_17' title="bbox 369 1772 2016 1849">
    <p class='ocr_par' dir='ltr' id='par_1_17' title="bbox 369 1772 2016 1849">
     <span class='ocr_line' id='line_1_17' title="bbox 369 1772 2016 1849; baseline -0.007 -11"><span class='ocrx_word' id='word_1_120' title='bbox 369 1784 637 1838; x_wconf 78' lang='lat' dir='ltr'><strong>faciendis</strong></span> <span class='ocrx_word' id='word_1_121' title='bbox 672 1782 948 1836; x_wconf 76' lang='lat' dir='ltr'><strong>vitandam</strong></span> <span class='ocrx_word' id='word_1_122' title='bbox 979 1794 1101 1834; x_wconf 90' lang='lat' dir='ltr'><strong>esse</strong></span> <span class='ocrx_word' id='word_1_123' title='bbox 1128 1793 1322 1831; x_wconf 71' lang='lat' dir='ltr'><strong>vanam</strong></span> <span class='ocrx_word' id='word_1_124' title='bbox 1352 1779 1603 1849; x_wconf 83' lang='lat' dir='ltr'><strong>gloriam.</strong></span> <span class='ocrx_word' id='word_1_125' title='bbox 1640 1774 1939 1847; x_wconf 83' lang='lat' dir='ltr'><strong>Propterea</strong></span> <span class='ocrx_word' id='word_1_126' title='bbox 1975 1772 2016 1826; x_wconf 83' lang='grc' dir='ltr'><strong><em>Β</em></strong></span> 
     </span>
    </p>
   </div>
   <div class='ocr_carea' id='block_1_18' title="bbox 368 1869 1943 1948">
    <p class='ocr_par' dir='ltr' id='par_1_18' title="bbox 368 1869 1943 1948">
     <span class='ocr_line' id='line_1_18' title="bbox 368 1869 1943 1948; baseline -0.006 -15"><span class='ocrx_word' id='word_1_127' title='bbox 368 1888 422 1933; x_wconf 90' lang='lat' dir='ltr'><strong>et</strong></span> <span class='ocrx_word' id='word_1_128' title='bbox 454 1876 660 1931; x_wconf 89' lang='lat' dir='ltr'><strong>Paulus</strong></span> <span class='ocrx_word' id='word_1_129' title='bbox 693 1873 853 1945; x_wconf 71' lang='lat'><strong>562</strong></span> <span class='ocrx_word' id='word_1_130' title='bbox 884 1874 939 1927; x_wconf 91' lang='lat' dir='ltr'><strong>in</strong></span> <span class='ocrx_word' id='word_1_131' title='bbox 972 1871 1121 1927; x_wconf 90' lang='lat' dir='ltr'><strong>omni</strong></span> <span class='ocrx_word' id='word_1_132' title='bbox 1159 1869 1278 1924; x_wconf 86' lang='lat' dir='ltr'><strong>loco</strong></span> <span class='ocrx_word' id='word_1_133' title='bbox 1301 1871 1415 1923; x_wconf 85' lang='lat' dir='ltr'><strong>vult</strong></span> <span class='ocrx_word' id='word_1_134' title='bbox 1443 1883 1604 1948; x_wconf 85' lang='lat' dir='ltr'><strong>orare</strong></span> <span class='ocrx_word' id='word_1_135' title='bbox 1627 1870 1796 1936; x_wconf 80' lang='lat' dir='ltr'><strong>viros,</strong></span> <span class='ocrx_word' id='word_1_136' title='bbox 1821 1877 1943 1923; x_wconf 84' lang='lat' dir='ltr'><strong>tan—</strong></span> 
     </span>
    </p>
   </div>
   <div class='ocr_carea' id='block_1_19' title="bbox 370 1960 1940 2039">
    <p class='ocr_par' dir='ltr' id='par_1_19' title="bbox 370 1960 1940 2039">
     <span class='ocr_line' id='line_1_19' title="bbox 370 1960 1940 2039; baseline -0.004 -19"><span class='ocrx_word' id='word_1_137' title='bbox 370 1984 531 2039; x_wconf 87' lang='lat' dir='ltr'><strong>quam</strong></span> <span class='ocrx_word' id='word_1_138' title='bbox 566 1968 822 2022; x_wconf 86' lang='lat' dir='ltr'><strong>Christus</strong></span> <span class='ocrx_word' id='word_1_139' title='bbox 856 1964 957 2019; x_wconf 93' lang='lat' dir='ltr'><strong>hoc</strong></span> <span class='ocrx_word' id='word_1_140' title='bbox 1002 1978 1112 2018; x_wconf 87' lang='lat' dir='ltr'><strong>non</strong></span> <span class='ocrx_word' id='word_1_141' title='bbox 1162 1960 1523 2032; x_wconf 76' lang='lat' dir='ltr'><strong>prohibuerit.</strong></span> <span class='ocrx_word' id='word_1_142' title='bbox 1581 1961 1729 2016; x_wconf 87' lang='lat' dir='ltr'><strong>lstud</strong></span> <span class='ocrx_word' id='word_1_143' title='bbox 1762 1971 1940 2016; x_wconf 87' lang='lat' dir='ltr'><strong>autem</strong></span> 
     </span>
    </p>
   </div>
   <div class='ocr_carea' id='block_1_20' title="bbox 378 2051 1940 2115">
    <p class='ocr_par' dir='ltr' id='par_1_20' title="bbox 378 2051 1940 2115">
     <span class='ocr_line' id='line_1_20' title="bbox 378 2051 1940 2115; baseline -0.008 0"><span class='ocrx_word' id='word_1_144' title='bbox 378 2060 516 2115; x_wconf 78' lang='lat' dir='ltr'><strong>dixit</strong></span> <span class='ocrx_word' id='word_1_145' title='bbox 566 2058 632 2112; x_wconf 89' lang='lat' dir='ltr'><strong>ad</strong></span> <span class='ocrx_word' id='word_1_146' title='bbox 662 2055 1067 2111; x_wconf 84' lang='lat' dir='ltr'><strong>distinctionem</strong></span> <span class='ocrx_word' id='word_1_147' title='bbox 1092 2052 1331 2108; x_wconf 64' lang='lat' dir='ltr'><strong>Iudaica!</strong></span> <span class='ocrx_word' id='word_1_148' title='bbox 1350 2051 1615 2106; x_wconf 86' lang='lat' dir='ltr'><strong>orationis</strong></span> <span class='ocrx_word' id='word_1_149' title='bbox 1648 2071 1662 2108; x_wconf 87' lang='lat'><strong>:</strong></span> <span class='ocrx_word' id='word_1_150' title='bbox 1693 2052 1781 2105; x_wconf 91' lang='lat' dir='ltr'><strong>illa</strong></span> <span class='ocrx_word' id='word_1_151' title='bbox 1798 2051 1940 2104; x_wconf 87' lang='lat' dir='ltr'><strong>enim</strong></span> 
     </span>
    </p>
   </div>
   <div class='ocr_carea' id='block_1_21' title="bbox 370 2142 1941 2215">
    <p class='ocr_par' dir='ltr' id='par_1_21' title="bbox 370 2142 1941 2215">
     <span class='ocr_line' id='line_1_21' title="bbox 370 2142 1941 2215; baseline -0.006 -11"><span class='ocrx_word' id='word_1_152' title='bbox 370 2149 427 2204; x_wconf 86' lang='lat' dir='ltr'><strong>in</strong></span> <span class='ocrx_word' id='word_1_153' title='bbox 462 2165 570 2204; x_wconf 92' lang='lat' dir='ltr'><strong>uno</strong></span> <span class='ocrx_word' id='word_1_154' title='bbox 607 2150 726 2204; x_wconf 92' lang='lat' dir='ltr'><strong>loco</strong></span> <span class='ocrx_word' id='word_1_155' title='bbox 748 2145 1160 2215; x_wconf 88' lang='lat' dir='ltr'><strong>circumscripta</strong></span> <span class='ocrx_word' id='word_1_156' title='bbox 1214 2150 1353 2210; x_wconf 88' lang='lat' dir='ltr'><strong>erat,</strong></span> <span class='ocrx_word' id='word_1_157' title='bbox 1412 2144 1615 2213; x_wconf 89' lang='lat' dir='ltr'><strong>templo</strong></span> <span class='ocrx_word' id='word_1_158' title='bbox 1669 2142 1941 2206; x_wconf 83' lang='lat' dir='ltr'><strong>videlicet,</strong></span> 
     </span>
    </p>
   </div>
   <div class='ocr_carea' id='block_1_22' title="bbox 372 2234 1944 2310">
    <p class='ocr_par' dir='ltr' id='par_1_22' title="bbox 372 2234 1944 2310">
     <span class='ocr_line' id='line_1_22' title="bbox 372 2234 1944 2310; baseline -0.004 -15"><span class='ocrx_word' id='word_1_159' title='bbox 372 2241 514 2310; x_wconf 92' lang='lat' dir='ltr'><strong>quod</strong></span> <span class='ocrx_word' id='word_1_160' title='bbox 535 2248 653 2295; x_wconf 88' lang='lat' dir='ltr'><strong>crat</strong></span> <span class='ocrx_word' id='word_1_161' title='bbox 685 2238 1099 2309; x_wconf 83' lang='lat' dir='ltr'><strong>Hierosolymis.</strong></span> <span class='ocrx_word' id='word_1_162' title='bbox 1120 2234 1414 2291; x_wconf 88' lang='lat' dir='ltr'><strong>Nobiscum</strong></span> <span class='ocrx_word' id='word_1_163' title='bbox 1460 2242 1642 2290; x_wconf 86' lang='lat' dir='ltr'><strong>autem</strong></span> <span class='ocrx_word' id='word_1_164' title='bbox 1704 2248 1813 2289; x_wconf 92' lang='lat' dir='ltr'><strong>non</strong></span> <span class='ocrx_word' id='word_1_165' title='bbox 1863 2234 1944 2289; x_wconf 85' lang='lat' dir='ltr'><strong>sic</strong></span> 
     </span>
    </p>
   </div>
   <div class='ocr_carea' id='block_1_23' title="bbox 368 2327 1947 2400">
    <p class='ocr_par' dir='ltr' id='par_1_23' title="bbox 368 2327 1947 2400">
     <span class='ocr_line' id='line_1_23' title="bbox 368 2327 1947 2400; baseline -0.003 -16"><span class='ocrx_word' id='word_1_166' title='bbox 368 2331 548 2400; x_wconf 86' lang='lat' dir='ltr'><strong>agitur</strong></span> <span class='ocrx_word' id='word_1_167' title='bbox 576 2347 590 2383; x_wconf 89' lang='lat'><strong>:</strong></span> <span class='ocrx_word' id='word_1_168' title='bbox 646 2331 821 2400; x_wconf 87' lang='lat' dir='ltr'><strong>gratia</strong></span> <span class='ocrx_word' id='word_1_169' title='bbox 851 2332 998 2384; x_wconf 89' lang='lat' dir='ltr'><strong>enim</strong></span> <span class='ocrx_word' id='word_1_170' title='bbox 1023 2327 1499 2396; x_wconf 88' lang='lat' dir='ltr'><strong>incircumscripta</strong></span> <span class='ocrx_word' id='word_1_171' title='bbox 1530 2333 1635 2389; x_wconf 89' lang='lat' dir='ltr'><strong>est,</strong></span> <span class='ocrx_word' id='word_1_172' title='bbox 1661 2339 1722 2380; x_wconf 91' lang='lat' dir='ltr'><strong>ac</strong></span> <span class='ocrx_word' id='word_1_173' title='bbox 1754 2341 1947 2396; x_wconf 88' lang='lat' dir='ltr'><strong>quem-</strong></span> 
     </span>
    </p>
   </div>
   <div class='ocr_carea' id='block_1_24' title="bbox 369 2414 1946 2489">
    <p class='ocr_par' dir='ltr' id='par_1_24' title="bbox 369 2414 1946 2489">
     <span class='ocr_line' id='line_1_24' title="bbox 369 2414 1946 2489; baseline -0.003 -16"><span class='ocrx_word' id='word_1_174' title='bbox 369 2420 663 2475; x_wconf 79' lang='lat' dir='ltr'><strong>admodum</strong></span> <span class='ocrx_word' id='word_1_175' title='bbox 691 2418 1040 2474; x_wconf 88' lang='lat' dir='ltr'><strong>Christianus</strong></span> <span class='ocrx_word' id='word_1_176' title='bbox 1068 2432 1166 2489; x_wconf 87' lang='lat' dir='ltr'><strong>pro</strong></span> <span class='ocrx_word' id='word_1_177' title='bbox 1202 2416 1420 2473; x_wconf 89' lang='lat' dir='ltr'><strong>cunctis</strong></span> <span class='ocrx_word' id='word_1_178' title='bbox 1469 2421 1613 2481; x_wconf 86' lang='lat' dir='ltr'><strong>orat,</strong></span> <span class='ocrx_word' id='word_1_179' title='bbox 1675 2415 1758 2470; x_wconf 91' lang='lat' dir='ltr'><strong>sic</strong></span> <span class='ocrx_word' id='word_1_180' title='bbox 1802 2422 1858 2469; x_wconf 89' lang='lat' dir='ltr'><strong>et</strong></span> <span class='ocrx_word' id='word_1_181' title='bbox 1889 2414 1946 2469; x_wconf 91' lang='lat' dir='ltr'><strong>in</strong></span> 
     </span>
    </p>
   </div>
   <div class='ocr_carea' id='block_1_25' title="bbox 369 2509 1853 2567">
    <p class='ocr_par' dir='ltr' id='par_1_25' title="bbox 369 2509 1853 2567">
     <span class='ocr_line' id='line_1_25' title="bbox 369 2509 1853 2567; baseline -0.003 -1"><span class='ocrx_word' id='word_1_182' title='bbox 369 2514 518 2567; x_wconf 91' lang='lat' dir='ltr'><strong>omni</strong></span> <span class='ocrx_word' id='word_1_183' title='bbox 543 2514 684 2566; x_wconf 91' lang='lat' dir='ltr'><strong>loco.</strong></span> <span class='ocrx_word' id='word_1_184' title='bbox 1842 2509 1853 2517; x_wconf 85' lang='lat'>&#39;</span> 
     </span>
    </p>
   </div>
   <div class='ocr_carea' id='block_1_26' title="bbox 440 2596 1942 2672">
    <p class='ocr_par' dir='ltr' id='par_1_26' title="bbox 440 2596 1942 2672">
     <span class='ocr_line' id='line_1_26' title="bbox 440 2596 1942 2672; baseline -0.004 -16"><span class='ocrx_word' id='word_1_185' title='bbox 440 2603 693 2657; x_wconf 84' lang='lat' dir='ltr'><strong>Lerantes</strong></span> <span class='ocrx_word' id='word_1_186' title='bbox 753 2619 917 2672; x_wconf 84' lang='lat' dir='ltr'><strong>puras</strong></span> <span class='ocrx_word' id='word_1_187' title='bbox 985 2616 1197 2654; x_wconf 84' lang='lat' dir='ltr'><strong>manus.</strong></span> <span class='ocrx_word' id='word_1_188' title='bbox 1238 2598 1356 2652; x_wconf 86' lang='lat' dir='ltr'><strong>Non</strong></span> <span class='ocrx_word' id='word_1_189' title='bbox 1413 2596 1592 2652; x_wconf 89' lang='lat' dir='ltr'><strong>locum</strong></span> <span class='ocrx_word' id='word_1_190' title='bbox 1643 2596 1942 2661; x_wconf 87' lang='lat' dir='ltr'><strong>orationis,</strong></span> 
     </span>
    </p>
   </div>
   <div class='ocr_carea' id='block_1_27' title="bbox 370 2687 1947 2761">
    <p class='ocr_par' dir='ltr' id='par_1_27' title="bbox 370 2687 1947 2761">
     <span class='ocr_line' id='line_1_27' title="bbox 370 2687 1947 2761; baseline -0.004 -14"><span class='ocrx_word' id='word_1_191' title='bbox 370 2693 465 2747; x_wconf 84' lang='lat' dir='ltr'><strong>sed</strong></span> <span class='ocrx_word' id='word_1_192' title='bbox 508 2693 725 2747; x_wconf 88' lang='lat' dir='ltr'><strong>modum</strong></span> <span class='ocrx_word' id='word_1_193' title='bbox 750 2700 942 2747; x_wconf 75' lang='lat' dir='ltr'><strong>exacte</strong></span> <span class='ocrx_word' id='word_1_194' title='bbox 990 2688 1250 2761; x_wconf 79' lang='lat' dir='ltr'><strong>cognosci</strong></span> <span class='ocrx_word' id='word_1_195' title='bbox 1306 2694 1543 2759; x_wconf 86' lang='lat' dir='ltr'><strong>oportet.</strong></span> <span class='ocrx_word' id='word_1_196' title='bbox 1589 2687 1761 2742; x_wconf 85' lang='lat' dir='ltr'><strong>Puras</strong></span> <span class='ocrx_word' id='word_1_197' title='bbox 1802 2687 1947 2741; x_wconf 85' lang='lat' dir='ltr'><strong>enim</strong></span> 
     </span>
    </p>
   </div>
   <div class='ocr_carea' id='block_1_28' title="bbox 372 2780 1947 2853">
    <p class='ocr_par' dir='ltr' id='par_1_28' title="bbox 372 2780 1947 2853">
     <span class='ocr_line' id='line_1_28' title="bbox 372 2780 1947 2853; baseline -0.002 -15"><span class='ocrx_word' id='word_1_198' title='bbox 372 2798 570 2839; x_wconf 87' lang='lat' dir='ltr'><strong>manus</strong></span> <span class='ocrx_word' id='word_1_199' title='bbox 594 2784 781 2853; x_wconf 83' lang='lat' dir='ltr'><strong>exigit,</strong></span> <span class='ocrx_word' id='word_1_200' title='bbox 834 2783 1025 2847; x_wconf 88' lang='lat' dir='ltr'><strong>idest,</strong></span> <span class='ocrx_word' id='word_1_201' title='bbox 1067 2780 1304 2837; x_wconf 73' lang='lat' dir='ltr'><strong>mundos</strong></span> <span class='ocrx_word' id='word_1_202' title='bbox 1356 2782 1425 2836; x_wconf 85' lang='lat' dir='ltr'><strong>ab</strong></span> <span class='ocrx_word' id='word_1_203' title='bbox 1459 2780 1712 2841; x_wconf 82' lang='lat' dir='ltr'><strong>avaritia.</strong></span> <span class='ocrx_word' id='word_1_204' title='bbox 1767 2796 1797 2835; x_wconf 88' lang='lat' dir='ltr'><strong>a</strong></span> <span class='ocrx_word' id='word_1_205' title='bbox 1858 2794 1947 2835; x_wconf 83' lang='lat' dir='ltr'><strong>ra-</strong></span> 
     </span>
    </p>
   </div>
   <div class='ocr_carea' id='block_1_29' title="bbox 371 2871 1948 2945">
    <p class='ocr_par' dir='ltr' id='par_1_29' title="bbox 371 2871 1948 2945">
     <span class='ocr_line' id='line_1_29' title="bbox 371 2871 1948 2945; baseline -0.002 -17"><span class='ocrx_word' id='word_1_206' title='bbox 371 2879 522 2945; x_wconf 84' lang='lat' dir='ltr'><strong>pina,</strong></span> <span class='ocrx_word' id='word_1_207' title='bbox 571 2890 602 2929; x_wconf 95' lang='lat' dir='ltr'><strong>a</strong></span> <span class='ocrx_word' id='word_1_208' title='bbox 652 2876 915 2940; x_wconf 71' lang='lat' dir='ltr'><strong>caedibus,</strong></span> <span class='ocrx_word' id='word_1_209' title='bbox 962 2889 993 2928; x_wconf 92' lang='lat' dir='ltr'><strong>a</strong></span> <span class='ocrx_word' id='word_1_210' title='bbox 1041 2872 1385 2937; x_wconf 84' lang='lat' dir='ltr'><strong>verberibus,</strong></span> <span class='ocrx_word' id='word_1_211' title='bbox 1450 2871 1798 2943; x_wconf 85' lang='lat' dir='ltr'><strong>cleemosyna</strong></span> <span class='ocrx_word' id='word_1_212' title='bbox 1833 2872 1948 2943; x_wconf 88' lang='lat' dir='ltr'><strong>ple-</strong></span> 
     </span>
    </p>
   </div>
   <div class='ocr_carea' id='block_1_30' title="bbox 371 2981 491 3021">
    <p class='ocr_par' dir='ltr' id='par_1_30' title="bbox 371 2981 491 3021">
     <span class='ocr_line' id='line_1_30' title="bbox 371 2981 491 3021; baseline 0 -1"><span class='ocrx_word' id='word_1_213' title='bbox 371 2981 491 3021; x_wconf 90' lang='lat' dir='ltr'><strong>nas.</strong></span> 
     </span>
    </p>
   </div>
   <div class='ocr_carea' id='block_1_31' title="bbox 446 3051 1947 3125">
    <p class='ocr_par' dir='ltr' id='par_1_31' title="bbox 446 3051 1947 3125">
     <span class='ocr_line' id='line_1_31' title="bbox 446 3051 1947 3125; baseline -0.003 -13"><span class='ocrx_word' id='word_1_214' title='bbox 446 3057 572 3112; x_wconf 87' lang='lat' dir='ltr'><strong>Sine</strong></span> <span class='ocrx_word' id='word_1_215' title='bbox 601 3059 682 3110; x_wconf 90' lang='lat' dir='ltr'><strong>ira</strong></span> <span class='ocrx_word' id='word_1_216' title='bbox 704 3064 752 3110; x_wconf 89' lang='lat' dir='ltr'><strong>et</strong></span> <span class='ocrx_word' id='word_1_217' title='bbox 778 3055 1179 3125; x_wconf 75' lang='lat' dir='ltr'><strong>disceptatione.</strong></span> <span class='ocrx_word' id='word_1_218' title='bbox 1218 3051 1335 3108; x_wconf 77' lang='lat' dir='ltr'><strong>Hoc</strong></span> <span class='ocrx_word' id='word_1_219' title='bbox 1357 3060 1462 3118; x_wconf 89' lang='lat' dir='ltr'><strong>est,</strong></span> <span class='ocrx_word' id='word_1_220' title='bbox 1492 3053 1947 3124; x_wconf 79' lang='lat' dir='ltr'><strong>absqneinjuria-</strong></span> 
     </span>
    </p>
   </div>
   <div class='ocr_carea' id='block_1_32' title="bbox 377 3145 1945 3203">
    <p class='ocr_par' dir='ltr' id='par_1_32' title="bbox 377 3145 1945 3203">
     <span class='ocr_line' id='line_1_32' title="bbox 377 3145 1945 3203; baseline -0.001 0"><span class='ocrx_word' id='word_1_221' title='bbox 377 3164 500 3203; x_wconf 81' lang='lat' dir='ltr'><strong>rum</strong></span> <span class='ocrx_word' id='word_1_222' title='bbox 516 3148 901 3203; x_wconf 84' lang='lat' dir='ltr'><strong>recordatione</strong></span> <span class='ocrx_word' id='word_1_223' title='bbox 940 3154 995 3201; x_wconf 90' lang='lat' dir='ltr'><strong>et</strong></span> <span class='ocrx_word' id='word_1_224' title='bbox 1016 3145 1385 3201; x_wconf 87' lang='lat' dir='ltr'><strong>commotione</strong></span> <span class='ocrx_word' id='word_1_225' title='bbox 1409 3146 1672 3202; x_wconf 86' lang='lat' dir='ltr'><strong>adversus</strong></span> <span class='ocrx_word' id='word_1_226' title='bbox 1699 3145 1945 3202; x_wconf 77' lang='lat' dir='ltr'><strong>fratrem.</strong></span> 
     </span>
    </p>
   </div>
   <div class='ocr_carea' id='block_1_33' title="bbox 376 3238 1948 3308">
    <p class='ocr_par' dir='ltr' id='par_1_33' title="bbox 376 3238 1948 3308">
     <span class='ocr_line' id='line_1_33' title="bbox 376 3238 1948 3308; baseline 0.001 -16"><span class='ocrx_word' id='word_1_227' title='bbox 376 3241 841 3308; x_wconf 68' lang='lat' dir='ltr'><strong>ttiscelitatinnem</strong></span> <span class='ocrx_word' id='word_1_228' title='bbox 900 3248 1086 3293; x_wconf 91' lang='lat' dir='ltr'><strong>autem</strong></span> <span class='ocrx_word' id='word_1_229' title='bbox 1123 3238 1520 3296; x_wconf 67' lang='lat' dir='ltr'><strong>haesitationem</strong></span> <span class='ocrx_word' id='word_1_230' title='bbox 1580 3247 1741 3294; x_wconf 74' lang='lat' dir='ltr'><strong>vocat</strong></span> <span class='ocrx_word' id='word_1_231' title='bbox 1788 3256 1803 3293; x_wconf 90' lang='lat'><strong>:</strong></span> <span class='ocrx_word' id='word_1_232' title='bbox 1844 3240 1948 3294; x_wconf 87' lang='lat' dir='ltr'><strong>hoc</strong></span> 
     </span>
    </p>
   </div>
   <div class='ocr_carea' id='block_1_34' title="bbox 374 3328 1944 3396">
    <p class='ocr_par' dir='ltr' id='par_1_34' title="bbox 374 3328 1944 3396">
     <span class='ocr_line' id='line_1_34' title="bbox 374 3328 1944 3396; baseline 0.002 -15"><span class='ocrx_word' id='word_1_233' title='bbox 374 3341 477 3389; x_wconf 69' lang='lat' dir='ltr'><strong>est,</strong></span> <span class='ocrx_word' id='word_1_234' title='bbox 517 3338 575 3382; x_wconf 89' lang='lat' dir='ltr'><strong>nt</strong></span> <span class='ocrx_word' id='word_1_235' title='bbox 610 3345 716 3382; x_wconf 92' lang='lat' dir='ltr'><strong>non</strong></span> <span class='ocrx_word' id='word_1_236' title='bbox 748 3329 1068 3383; x_wconf 86' lang='lat' dir='ltr'><strong>dubitanter</strong></span> <span class='ocrx_word' id='word_1_237' title='bbox 1093 3336 1147 3383; x_wconf 91' lang='lat' dir='ltr'><strong>et</strong></span> <span class='ocrx_word' id='word_1_238' title='bbox 1174 3345 1296 3383; x_wconf 78' lang='lat' dir='ltr'><strong>cunt</strong></span> <span class='ocrx_word' id='word_1_239' title='bbox 1323 3329 1664 3386; x_wconf 67' lang='lat' dir='ltr'><strong>haesitatione</strong></span> <span class='ocrx_word' id='word_1_240' title='bbox 1690 3328 1944 3396; x_wconf 81' lang='lat' dir='ltr'><strong>accedas,</strong></span> 
     </span>
    </p>
   </div>
   <div class='ocr_carea' id='block_1_35' title="bbox 372 3418 1945 3490">
    <p class='ocr_par' dir='ltr' id='par_1_35' title="bbox 372 3418 1945 3490">
     <span class='ocr_line' id='line_1_35' title="bbox 372 3418 1945 3490; baseline -0.004 -11"><span class='ocrx_word' id='word_1_241' title='bbox 372 3418 470 3480; x_wconf 75' lang='lat' dir='ltr'><strong>Sed</strong></span> <span class='ocrx_word' id='word_1_242' title='bbox 502 3420 751 3485; x_wconf 86' lang='lat' dir='ltr'><strong>credens,</strong></span> <span class='ocrx_word' id='word_1_243' title='bbox 781 3429 835 3475; x_wconf 89' lang='lat' dir='ltr'><strong>et</strong></span> <span class='ocrx_word' id='word_1_244' title='bbox 879 3435 987 3475; x_wconf 91' lang='lat' dir='ltr'><strong>non</strong></span> <span class='ocrx_word' id='word_1_245' title='bbox 1014 3420 1290 3490; x_wconf 84' lang='lat' dir='ltr'><strong>judicans,</strong></span> <span class='ocrx_word' id='word_1_246' title='bbox 1338 3420 1443 3475; x_wconf 92' lang='lat' dir='ltr'><strong>hoc</strong></span> <span class='ocrx_word' id='word_1_247' title='bbox 1499 3429 1605 3483; x_wconf 87' lang='lat' dir='ltr'><strong>est,</strong></span> <span class='ocrx_word' id='word_1_248' title='bbox 1661 3420 1945 3489; x_wconf 86' lang='lat' dir='ltr'><strong>ambigens</strong></span> 
     </span>
    </p>
   </div>
   <div class='ocr_carea' id='block_1_36' title="bbox 374 3507 1947 3580">
    <p class='ocr_par' dir='ltr' id='par_1_36' title="bbox 374 3507 1947 3580">
     <span class='ocr_line' id='line_1_36' title="bbox 374 3507 1947 3580; baseline 0 -16"><span class='ocrx_word' id='word_1_249' title='bbox 374 3529 442 3564; x_wconf 87' lang='lat' dir='ltr'><strong>an</strong></span> <span class='ocrx_word' id='word_1_250' title='bbox 489 3521 815 3580; x_wconf 70' lang='lat' dir='ltr'><strong>accepturus</strong></span> <span class='ocrx_word' id='word_1_251' title='bbox 848 3512 927 3566; x_wconf 89' lang='lat' dir='ltr'><strong>sis</strong></span> <span class='ocrx_word' id='word_1_252' title='bbox 963 3528 1028 3563; x_wconf 88' lang='lat' dir='ltr'><strong>au</strong></span> <span class='ocrx_word' id='word_1_253' title='bbox 1065 3526 1201 3575; x_wconf 90' lang='lat' dir='ltr'><strong>non,</strong></span> <span class='ocrx_word' id='word_1_254' title='bbox 1233 3524 1360 3579; x_wconf 65' lang='lat' dir='ltr'><strong>quae</strong></span> <span class='ocrx_word' id='word_1_255' title='bbox 1382 3509 1543 3579; x_wconf 92' lang='lat' dir='ltr'><strong>petis.</strong></span> <span class='ocrx_word' id='word_1_256' title='bbox 1568 3507 1635 3562; x_wconf 87' lang='lat' dir='ltr'><strong>At</strong></span> <span class='ocrx_word' id='word_1_257' title='bbox 1672 3510 1947 3579; x_wconf 78' lang='lat' dir='ltr'><strong>quomodo</strong></span> 
     </span>
    </p>
   </div>
   <div class='ocr_carea' id='block_1_37' title="bbox 378 3602 1946 3673">
    <p class='ocr_par' dir='ltr' id='par_1_37' title="bbox 378 3602 1946 3673">
     <span class='ocr_line' id='line_1_37' title="bbox 378 3602 1946 3673; baseline -0.001 -17"><span class='ocrx_word' id='word_1_258' title='bbox 378 3603 484 3657; x_wconf 82' lang='lat' dir='ltr'><strong>hoc</strong></span> <span class='ocrx_word' id='word_1_259' title='bbox 511 3602 602 3659; x_wconf 79' lang='lat' dir='ltr'><strong>[iet</strong></span> <span class='ocrx_word' id='word_1_260' title='bbox 620 3604 644 3657; x_wconf 85' lang='lat'><strong>?</strong></span> <span class='ocrx_word' id='word_1_261' title='bbox 663 3604 859 3673; x_wconf 86' lang='lat' dir='ltr'><strong>inquit.</strong></span> <span class='ocrx_word' id='word_1_262' title='bbox 883 3603 938 3657; x_wconf 90' lang='lat' dir='ltr'><strong>Si</strong></span> <span class='ocrx_word' id='word_1_263' title='bbox 970 3603 1103 3657; x_wconf 87' lang='lat' dir='ltr'><strong>nihil</strong></span> <span class='ocrx_word' id='word_1_264' title='bbox 1127 3603 1304 3672; x_wconf 89' lang='lat' dir='ltr'><strong>ipsius</strong></span> <span class='ocrx_word' id='word_1_265' title='bbox 1317 3603 1580 3657; x_wconf 82' lang='lat' dir='ltr'><strong>voluntati</strong></span> <span class='ocrx_word' id='word_1_266' title='bbox 1609 3606 1946 3656; x_wconf 85' lang='lat' dir='ltr'><strong>contrarium</strong></span> 
     </span>
    </p>
   </div>
   <div class='ocr_carea' id='block_1_38' title="bbox 377 3693 1950 3766">
    <p class='ocr_par' dir='ltr' id='par_1_38' title="bbox 377 3693 1950 3766">
     <span class='ocr_line' id='line_1_38' title="bbox 377 3693 1950 3766; baseline 0.003 -22"><span class='ocrx_word' id='word_1_267' title='bbox 377 3703 553 3763; x_wconf 74' lang='lat' dir='ltr'><strong>petas,</strong></span> <span class='ocrx_word' id='word_1_268' title='bbox 626 3695 672 3751; x_wconf 87' lang='lat' dir='ltr'><strong>si</strong></span> <span class='ocrx_word' id='word_1_269' title='bbox 724 3696 860 3749; x_wconf 92' lang='lat' dir='ltr'><strong>nihil</strong></span> <span class='ocrx_word' id='word_1_270' title='bbox 914 3711 1040 3765; x_wconf 87' lang='lat' dir='ltr'><strong>rege</strong></span> <span class='ocrx_word' id='word_1_271' title='bbox 1089 3695 1411 3766; x_wconf 88' lang='lat' dir='ltr'><strong>indignum,</strong></span> <span class='ocrx_word' id='word_1_272' title='bbox 1461 3694 1555 3749; x_wconf 89' lang='lat' dir='ltr'><strong>sed</strong></span> <span class='ocrx_word' id='word_1_273' title='bbox 1611 3694 1796 3748; x_wconf 87' lang='lat' dir='ltr'><strong>omnia</strong></span> <span class='ocrx_word' id='word_1_274' title='bbox 1834 3693 1950 3765; x_wconf 88' lang='lat' dir='ltr'><strong>spi-</strong></span> 
     </span>
    </p>
   </div>
   <div class='ocr_carea' id='block_1_39' title="bbox 374 3786 1949 3858">
    <p class='ocr_par' dir='ltr' id='par_1_39' title="bbox 374 3786 1949 3858">
     <span class='ocr_line' id='line_1_39' title="bbox 374 3786 1949 3858; baseline 0.002 -18"><span class='ocrx_word' id='word_1_275' title='bbox 374 3788 620 3853; x_wconf 78' lang='lat' dir='ltr'><strong>ritualia,</strong></span> <span class='ocrx_word' id='word_1_276' title='bbox 672 3788 718 3843; x_wconf 88' lang='lat' dir='ltr'><strong>si</strong></span> <span class='ocrx_word' id='word_1_277' title='bbox 779 3803 902 3843; x_wconf 85' lang='lat' dir='ltr'><strong>cum</strong></span> <span class='ocrx_word' id='word_1_278' title='bbox 961 3789 1169 3844; x_wconf 89' lang='lat' dir='ltr'><strong>sanctis</strong></span> <span class='ocrx_word' id='word_1_279' title='bbox 1223 3803 1288 3844; x_wconf 92' lang='lat' dir='ltr'><strong>ac</strong></span> <span class='ocrx_word' id='word_1_280' title='bbox 1339 3787 1492 3858; x_wconf 88' lang='lat' dir='ltr'><strong>puris</strong></span> <span class='ocrx_word' id='word_1_281' title='bbox 1584 3786 1839 3843; x_wconf 81' lang='lat' dir='ltr'><strong>manibus</strong></span> <span class='ocrx_word' id='word_1_282' title='bbox 1892 3796 1949 3844; x_wconf 89' lang='lat' dir='ltr'><strong>et</strong></span> 
     </span>
    </p>
   </div>
   <div class='ocr_carea' id='block_1_40' title="bbox 383 3878 634 3933">
    <p class='ocr_par' dir='ltr' id='par_1_40' title="bbox 383 3878 634 3933">
     <span class='ocr_line' id='line_1_40' title="bbox 383 3878 634 3933; baseline 0 -1"><span class='ocrx_word' id='word_1_283' title='bbox 383 3878 502 3932; x_wconf 87' lang='lat' dir='ltr'><strong>sine</strong></span> <span class='ocrx_word' id='word_1_284' title='bbox 534 3879 634 3933; x_wconf 88' lang='lat' dir='ltr'><strong>ira.</strong></span> 
     </span>
    </p>
   </div>
   <div class='ocr_carea' id='block_1_41' title="bbox 450 3967 1949 4041">
    <p class='ocr_par' dir='ltr' id='par_1_41' title="bbox 450 3967 1949 4041">
     <span class='ocr_line' id='line_1_41' title="bbox 450 3967 1949 4041; baseline 0.003 -21"><span class='ocrx_word' id='word_1_285' title='bbox 450 3967 613 4024; x_wconf 69' lang='lat' dir='ltr'><strong>Vens.</strong></span> <span class='ocrx_word' id='word_1_286' title='bbox 645 3970 697 4025; x_wconf 90' lang='lat'><strong>9.</strong></span> <span class='ocrx_word' id='word_1_287' title='bbox 726 3968 985 4024; x_wconf 80' lang='lat' dir='ltr'><strong>Similiter</strong></span> <span class='ocrx_word' id='word_1_288' title='bbox 1014 3979 1066 4025; x_wconf 88' lang='lat' dir='ltr'><strong>et</strong></span> <span class='ocrx_word' id='word_1_289' title='bbox 1106 3971 1371 4024; x_wconf 76' lang='lat' dir='ltr'><strong>mulieres.</strong></span> <span class='ocrx_word' id='word_1_290' title='bbox 1404 3970 1562 4035; x_wconf 78' lang='lat' dir='ltr'><strong>Volo,</strong></span> <span class='ocrx_word' id='word_1_291' title='bbox 1623 3970 1822 4041; x_wconf 87' lang='lat' dir='ltr'><strong>inquit.</strong></span> <span class='ocrx_word' id='word_1_292' title='bbox 1895 3976 1949 4024; x_wconf 86' lang='lat' dir='ltr'><strong>et</strong></span> 
     </span>
    </p>
   </div>
   <div class='ocr_carea' id='block_1_42' title="bbox 375 4059 1950 4131">
    <p class='ocr_par' dir='ltr' id='par_1_42' title="bbox 375 4059 1950 4131">
     <span class='ocr_line' id='line_1_42' title="bbox 375 4059 1950 4131; baseline 0.002 -18"><span class='ocrx_word' id='word_1_293' title='bbox 375 4059 526 4129; x_wconf 84' lang='lat' dir='ltr'><strong>ipsas</strong></span> <span class='ocrx_word' id='word_1_294' title='bbox 552 4060 672 4115; x_wconf 86' lang='lat' dir='ltr'><strong>sine</strong></span> <span class='ocrx_word' id='word_1_295' title='bbox 703 4060 785 4113; x_wconf 88' lang='lat' dir='ltr'><strong>ira</strong></span> <span class='ocrx_word' id='word_1_296' title='bbox 815 4062 1287 4131; x_wconf 87' lang='lat' dir='ltr'><strong>etdisceptatione</strong></span> <span class='ocrx_word' id='word_1_297' title='bbox 1350 4071 1575 4117; x_wconf 88' lang='lat' dir='ltr'><strong>sanctas</strong></span> <span class='ocrx_word' id='word_1_298' title='bbox 1626 4078 1822 4118; x_wconf 88' lang='lat' dir='ltr'><strong>manus</strong></span> <span class='ocrx_word' id='word_1_299' title='bbox 1868 4069 1950 4116; x_wconf 91' lang='lat' dir='ltr'><strong>at-</strong></span> 
     </span>
    </p>
   </div>
   <div class='ocr_carea' id='block_1_43' title="bbox 379 4152 1947 4227">
    <p class='ocr_par' dir='ltr' id='par_1_43' title="bbox 379 4152 1947 4227">
     <span class='ocr_line' id='line_1_43' title="bbox 379 4152 1947 4227; baseline 0.003 -24"><span class='ocrx_word' id='word_1_300' title='bbox 379 4152 593 4227; x_wconf 78' lang='lat' dir='ltr'><strong>tollere,</strong></span> <span class='ocrx_word' id='word_1_301' title='bbox 625 4159 812 4206; x_wconf 81' lang='lat' dir='ltr'><strong>etnon</strong></span> <span class='ocrx_word' id='word_1_302' title='bbox 862 4167 1115 4222; x_wconf 88' lang='lat' dir='ltr'><strong>rapaces,</strong></span> <span class='ocrx_word' id='word_1_303' title='bbox 1171 4168 1280 4207; x_wconf 90' lang='lat' dir='ltr'><strong>non</strong></span> <span class='ocrx_word' id='word_1_304' title='bbox 1336 4166 1553 4208; x_wconf 76' lang='lat' dir='ltr'><strong>avaras.</strong></span> <span class='ocrx_word' id='word_1_305' title='bbox 1603 4153 1737 4207; x_wconf 84' lang='lat' dir='ltr'><strong>Cum</strong></span> <span class='ocrx_word' id='word_1_306' title='bbox 1801 4154 1947 4207; x_wconf 88' lang='lat' dir='ltr'><strong>enim</strong></span> 
     </span>
    </p>
   </div>
   <div class='ocr_carea' id='block_1_44' title="bbox 377 4243 1947 4313">
    <p class='ocr_par' dir='ltr' id='par_1_44' title="bbox 377 4243 1947 4313">
     <span class='ocr_line' id='line_1_44' title="bbox 377 4243 1947 4313; baseline 0.003 -19"><span class='ocrx_word' id='word_1_307' title='bbox 377 4246 634 4295; x_wconf 77' lang='lat' dir='ltr'><strong>luat-itum</strong></span> <span class='ocrx_word' id='word_1_308' title='bbox 670 4243 813 4313; x_wconf 86' lang='lat' dir='ltr'><strong>cogit</strong></span> <span class='ocrx_word' id='word_1_309' title='bbox 836 4259 975 4299; x_wconf 77' lang='lat' dir='ltr'><strong>uxor</strong></span> <span class='ocrx_word' id='word_1_310' title='bbox 1000 4259 1242 4312; x_wconf 83' lang='lat' dir='ltr'><strong>gemmas</strong></span> <span class='ocrx_word' id='word_1_311' title='bbox 1262 4244 1312 4297; x_wconf 83' lang='lat' dir='ltr'><strong>ei</strong></span> <span class='ocrx_word' id='word_1_312' title='bbox 1344 4253 1399 4298; x_wconf 87' lang='lat' dir='ltr'><strong>et</strong></span> <span class='ocrx_word' id='word_1_313' title='bbox 1422 4253 1743 4299; x_wconf 81' lang='lat' dir='ltr'><strong>ornamenta</strong></span> <span class='ocrx_word' id='word_1_314' title='bbox 1783 4259 1947 4298; x_wconf 84' lang='lat' dir='ltr'><strong>aurea</strong></span> 
     </span>
    </p>
   </div>
   <div class='ocr_carea' id='block_1_45' title="bbox 375 4334 1948 4405">
    <p class='ocr_par' dir='ltr' id='par_1_45' title="bbox 375 4334 1948 4405">
     <span class='ocr_line' id='line_1_45' title="bbox 375 4334 1948 4405; baseline 0.004 -21"><span class='ocrx_word' id='word_1_315' title='bbox 375 4347 722 4403; x_wconf 75' lang='lat' dir='ltr'><strong>comparare,</strong></span> <span class='ocrx_word' id='word_1_316' title='bbox 759 4334 850 4387; x_wconf 84' lang='lat' dir='ltr'><strong>ille</strong></span> <span class='ocrx_word' id='word_1_317' title='bbox 890 4343 1071 4388; x_wconf 80' lang='lat' dir='ltr'><strong>autent</strong></span> <span class='ocrx_word' id='word_1_318' title='bbox 1108 4334 1287 4389; x_wconf 85' lang='lat' dir='ltr'><strong>aliena</strong></span> <span class='ocrx_word' id='word_1_319' title='bbox 1338 4335 1503 4404; x_wconf 88' lang='lat' dir='ltr'><strong>rapit,</strong></span> <span class='ocrx_word' id='word_1_320' title='bbox 1564 4337 1682 4405; x_wconf 86' lang='lat' dir='ltr'><strong>ipsa</strong></span> <span class='ocrx_word' id='word_1_321' title='bbox 1723 4338 1948 4391; x_wconf 90' lang='lat' dir='ltr'><strong>omnino</strong></span> 
     </span>
    </p>
   </div>
   <div class='ocr_carea' id='block_1_46' title="bbox 376 4423 544 4491">
    <p class='ocr_par' dir='ltr' id='par_1_46' title="bbox 376 4423 544 4491">
     <span class='ocr_line' id='line_1_46' title="bbox 376 4423 544 4491; baseline 0.006 -16"><span class='ocrx_word' id='word_1_322' title='bbox 376 4423 544 4491; x_wconf 76' lang='lat' dir='ltr'><strong>rapit.</strong></span> 
     </span>
    </p>
   </div>
   <div class='ocr_carea' id='block_1_47' title="bbox 455 4510 1957 4577">
    <p class='ocr_par' dir='ltr' id='par_1_47' title="bbox 455 4510 1957 4577">
     <span class='ocr_line' id='line_1_47' title="bbox 455 4510 1957 4577; baseline 0.005 -14"><span class='ocrx_word' id='word_1_323' title='bbox 455 4510 518 4564; x_wconf 84' lang='grc' dir='ltr'><strong>Ιιι</strong></span> <span class='ocrx_word' id='word_1_324' title='bbox 570 4511 755 4564; x_wconf 83' lang='lat' dir='ltr'><strong>habitu</strong></span> <span class='ocrx_word' id='word_1_325' title='bbox 786 4512 1023 4577; x_wconf 85' lang='lat' dir='ltr'><strong>honesto,</strong></span> <span class='ocrx_word' id='word_1_326' title='bbox 1072 4528 1191 4565; x_wconf 83' lang='lat' dir='ltr'><strong>eam</strong></span> <span class='ocrx_word' id='word_1_327' title='bbox 1239 4515 1553 4569; x_wconf 74' lang='lat' dir='ltr'><strong>verecundia</strong></span> <span class='ocrx_word' id='word_1_328' title='bbox 1588 4527 1636 4571; x_wconf 91' lang='lat' dir='ltr'><strong>et</strong></span> <span class='ocrx_word' id='word_1_329' title='bbox 1666 4518 1957 4571; x_wconf 74' lang='lat' dir='ltr'><strong>sobrietate</strong></span> 
     </span>
    </p>
   </div>
   <div class='ocr_carea' id='block_1_48' title="bbox 376 4602 1955 4676">
    <p class='ocr_par' dir='ltr' id='par_1_48' title="bbox 376 4602 1955 4676">
     <span class='ocr_line' id='line_1_48' title="bbox 376 4602 1955 4676; baseline 0.002 -19"><span class='ocrx_word' id='word_1_330' title='bbox 376 4617 569 4657; x_wconf 86' lang='lat' dir='ltr'><strong>ornare</strong></span> <span class='ocrx_word' id='word_1_331' title='bbox 591 4604 815 4671; x_wconf 80' lang='lat' dir='ltr'><strong>seipsas.</strong></span> <span class='ocrx_word' id='word_1_332' title='bbox 858 4602 1037 4671; x_wconf 77' lang='lat' dir='ltr'><strong>Majas</strong></span> <span class='ocrx_word' id='word_1_333' title='bbox 1061 4612 1115 4658; x_wconf 92' lang='lat' dir='ltr'><strong>et</strong></span> <span class='ocrx_word' id='word_1_334' title='bbox 1144 4605 1402 4658; x_wconf 83' lang='lat' dir='ltr'><strong>eximium</strong></span> <span class='ocrx_word' id='word_1_335' title='bbox 1452 4608 1713 4676; x_wconf 85' lang='lat' dir='ltr'><strong>quiddam</strong></span> <span class='ocrx_word' id='word_1_336' title='bbox 1754 4622 1782 4660; x_wconf 91' lang='lat' dir='ltr'><strong>a</strong></span> <span class='ocrx_word' id='word_1_337' title='bbox 1835 4624 1955 4661; x_wconf 80' lang='lat' dir='ltr'><strong>nut-</strong></span> 
     </span>
    </p>
   </div>
   <div class='ocr_carea' id='block_1_49' title="bbox 380 4693 1953 4765">
    <p class='ocr_par' dir='ltr' id='par_1_49' title="bbox 380 4693 1953 4765">
     <span class='ocr_line' id='line_1_49' title="bbox 380 4693 1953 4765; baseline 0.003 -18"><span class='ocrx_word' id='word_1_338' title='bbox 380 4694 606 4748; x_wconf 87' lang='lat' dir='ltr'><strong>licribns</strong></span> <span class='ocrx_word' id='word_1_339' title='bbox 639 4693 900 4763; x_wconf 81' lang='lat' dir='ltr'><strong>postulat,</strong></span> <span class='ocrx_word' id='word_1_340' title='bbox 935 4709 1129 4764; x_wconf 88' lang='lat' dir='ltr'><strong>nempe</strong></span> <span class='ocrx_word' id='word_1_341' title='bbox 1159 4703 1218 4749; x_wconf 92' lang='lat' dir='ltr'><strong>ut</strong></span> <span class='ocrx_word' id='word_1_342' title='bbox 1272 4697 1574 4752; x_wconf 78' lang='lat' dir='ltr'><strong>vestiantur</strong></span> <span class='ocrx_word' id='word_1_343' title='bbox 1613 4699 1867 4765; x_wconf 88' lang='lat' dir='ltr'><strong>honeste,</strong></span> <span class='ocrx_word' id='word_1_344' title='bbox 1898 4706 1953 4752; x_wconf 89' lang='lat' dir='ltr'><strong>et</strong></span> 
     </span>
    </p>
   </div>
   <div class='ocr_carea' id='block_1_50' title="bbox 380 4785 1952 4844">
    <p class='ocr_par' dir='ltr' id='par_1_50' title="bbox 380 4785 1952 4844">
     <span class='ocr_line' id='line_1_50' title="bbox 380 4785 1952 4844; baseline 0.001 -4"><span class='ocrx_word' id='word_1_345' title='bbox 380 4800 491 4840; x_wconf 89' lang='lat' dir='ltr'><strong>non</strong></span> <span class='ocrx_word' id='word_1_346' title='bbox 560 4785 778 4840; x_wconf 84' lang='lat' dir='ltr'><strong>curiose</strong></span> <span class='ocrx_word' id='word_1_347' title='bbox 814 4801 829 4839; x_wconf 87' lang='lat'><strong>:</strong></span> <span class='ocrx_word' id='word_1_348' title='bbox 861 4785 966 4839; x_wconf 90' lang='lat' dir='ltr'><strong>hoc</strong></span> <span class='ocrx_word' id='word_1_349' title='bbox 997 4787 1143 4840; x_wconf 83' lang='lat' dir='ltr'><strong>enim</strong></span> <span class='ocrx_word' id='word_1_350' title='bbox 1179 4795 1267 4843; x_wconf 90' lang='lat' dir='ltr'><strong>cst</strong></span> <span class='ocrx_word' id='word_1_351' title='bbox 1321 4789 1697 4844; x_wconf 87' lang='lat' dir='ltr'><strong>inhonestum.</strong></span> <span class='ocrx_word' id='word_1_352' title='bbox 1768 4791 1952 4843; x_wconf 76' lang='grc' dir='ltr'>Καταο</span> 
     </span>
    </p>
   </div>
   <div class='ocr_carea' id='block_1_51' title="bbox 377 4875 1947 4946">
    <p class='ocr_par' dir='ltr' id='par_1_51' title="bbox 377 4875 1947 4946">
     <span class='ocr_line' id='line_1_51' title="bbox 377 4875 1947 4946; baseline -0.001 -19"><span class='ocrx_word' id='word_1_353' title='bbox 377 4876 570 4945; x_wconf 78' lang='grc' dir='ltr'>στολὴν</span> <span class='ocrx_word' id='word_1_354' title='bbox 604 4883 784 4929; x_wconf 90' lang='lat' dir='ltr'><strong>autem</strong></span> <span class='ocrx_word' id='word_1_355' title='bbox 849 4875 1092 4929; x_wconf 86' lang='lat' dir='ltr'><strong>habitum</strong></span> <span class='ocrx_word' id='word_1_356' title='bbox 1133 4876 1428 4946; x_wconf 84' lang='lat' dir='ltr'><strong>longiorem</strong></span> <span class='ocrx_word' id='word_1_357' title='bbox 1484 4876 1634 4940; x_wconf 78' lang='lat' dir='ltr'><strong>dicit,</strong></span> <span class='ocrx_word' id='word_1_358' title='bbox 1693 4875 1795 4928; x_wconf 89' lang='lat' dir='ltr'><strong>hoc</strong></span> <span class='ocrx_word' id='word_1_359' title='bbox 1841 4884 1947 4940; x_wconf 85' lang='lat' dir='ltr'><strong>est,</strong></span> 
     </span>
    </p>
   </div>
   <div class='ocr_carea' id='block_1_52' title="bbox 377 4965 1950 5036">
    <p class='ocr_par' dir='ltr' id='par_1_52' title="bbox 377 4965 1950 5036">
     <span class='ocr_line' id='line_1_52' title="bbox 377 4965 1950 5036; baseline 0.001 -19"><span class='ocrx_word' id='word_1_360' title='bbox 377 4972 439 5017; x_wconf 87' lang='lat' dir='ltr'><strong>ut</strong></span> <span class='ocrx_word' id='word_1_361' title='bbox 501 4965 742 5033; x_wconf 89' lang='lat' dir='ltr'><strong>undique</strong></span> <span class='ocrx_word' id='word_1_362' title='bbox 771 4965 1075 5019; x_wconf 75' lang='lat' dir='ltr'><strong>vestiantur</strong></span> <span class='ocrx_word' id='word_1_363' title='bbox 1098 4977 1153 5019; x_wconf 89' lang='lat' dir='ltr'><strong>et</strong></span> <span class='ocrx_word' id='word_1_364' title='bbox 1177 4974 1558 5036; x_wconf 78' lang='lat' dir='ltr'><strong>contegantur,</strong></span> <span class='ocrx_word' id='word_1_365' title='bbox 1592 4972 1647 5016; x_wconf 84' lang='lat' dir='ltr'><strong>et</strong></span> <span class='ocrx_word' id='word_1_366' title='bbox 1679 4979 1747 5019; x_wconf 89' lang='lat' dir='ltr'><strong>ne</strong></span> <span class='ocrx_word' id='word_1_367' title='bbox 1770 4965 1950 5033; x_wconf 88' lang='lat' dir='ltr'><strong>impn-</strong></span> 
     </span>
    </p>
   </div>
   <div class='ocr_carea' id='block_1_53' title="bbox 375 5056 1949 5127">
    <p class='ocr_par' dir='ltr' id='par_1_53' title="bbox 375 5056 1949 5127">
     <span class='ocr_line' id='line_1_53' title="bbox 375 5056 1949 5127; baseline -0.001 -17"><span class='ocrx_word' id='word_1_368' title='bbox 375 5056 574 5110; x_wconf 84' lang='lat' dir='ltr'><strong>dentcr</strong></span> <span class='ocrx_word' id='word_1_369' title='bbox 594 5056 940 5127; x_wconf 88' lang='lat' dir='ltr'><strong>detegantur.</strong></span> <span class='ocrx_word' id='word_1_370' title='bbox 975 5056 1145 5112; x_wconf 81' lang='lat' dir='ltr'><strong>Infert</strong></span> <span class='ocrx_word' id='word_1_371' title='bbox 1174 5059 1347 5124; x_wconf 82' lang='lat' dir='ltr'><strong>enim,</strong></span> <span class='ocrx_word' id='word_1_372' title='bbox 1396 5073 1514 5111; x_wconf 81' lang='lat' dir='ltr'><strong>cum</strong></span> <span class='ocrx_word' id='word_1_373' title='bbox 1560 5056 1871 5110; x_wconf 72' lang='lat' dir='ltr'><strong>verecundia</strong></span> <span class='ocrx_word' id='word_1_374' title='bbox 1899 5064 1949 5109; x_wconf 89' lang='lat' dir='ltr'><strong>et</strong></span> 
     </span>
    </p>
   </div>
   <div class='ocr_carea' id='block_1_54' title="bbox 373 5144 685 5199">
    <p class='ocr_par' dir='ltr' id='par_1_54' title="bbox 373 5144 685 5199">
     <span class='ocr_line' id='line_1_54' title="bbox 373 5144 685 5199; baseline -0.003 0"><span class='ocrx_word' id='word_1_375' title='bbox 373 5144 685 5199; x_wconf 73' lang='lat' dir='ltr'><strong>sobrietate.</strong></span> 
     </span>
    </p>
   </div>
   <div class='ocr_carea' id='block_1_55' title="bbox 453 5234 1947 5307">
    <p class='ocr_par' dir='ltr' id='par_1_55' title="bbox 453 5234 1947 5307">
     <span class='ocr_line' id='line_1_55' title="bbox 453 5234 1947 5307; baseline 0.001 -19"><span class='ocrx_word' id='word_1_376' title='bbox 453 5234 577 5290; x_wconf 84' lang='lat' dir='ltr'><strong>Non</strong></span> <span class='ocrx_word' id='word_1_377' title='bbox 618 5239 853 5293; x_wconf 82' lang='lat' dir='ltr'><strong>intortis</strong></span> <span class='ocrx_word' id='word_1_378' title='bbox 893 5237 1151 5300; x_wconf 76' lang='lat' dir='ltr'><strong>crinibus,</strong></span> <span class='ocrx_word' id='word_1_379' title='bbox 1195 5246 1291 5291; x_wconf 80' lang='lat' dir='ltr'><strong>aut</strong></span> <span class='ocrx_word' id='word_1_380' title='bbox 1310 5253 1466 5299; x_wconf 87' lang='lat' dir='ltr'><strong>auro,</strong></span> <span class='ocrx_word' id='word_1_381' title='bbox 1499 5244 1593 5289; x_wconf 87' lang='lat' dir='ltr'><strong>aut</strong></span> <span class='ocrx_word' id='word_1_382' title='bbox 1620 5237 1947 5307; x_wconf 87' lang='lat' dir='ltr'><strong>margaritis,</strong></span> 
     </span>
    </p>
   </div>
   <div class='ocr_carea' id='block_1_56' title="bbox 378 5328 1948 5398">
    <p class='ocr_par' dir='ltr' id='par_1_56' title="bbox 378 5328 1948 5398">
     <span class='ocr_line' id='line_1_56' title="bbox 378 5328 1948 5398; baseline 0.001 -19"><span class='ocrx_word' id='word_1_383' title='bbox 378 5337 472 5380; x_wconf 75' lang='lat' dir='ltr'><strong>aut</strong></span> <span class='ocrx_word' id='word_1_384' title='bbox 488 5341 627 5382; x_wconf 81' lang='lat' dir='ltr'><strong>veste</strong></span> <span class='ocrx_word' id='word_1_385' title='bbox 651 5332 903 5397; x_wconf 82' lang='lat' dir='ltr'><strong>pretiosa.</strong></span> <span class='ocrx_word' id='word_1_386' title='bbox 944 5329 1104 5383; x_wconf 80' lang='lat' dir='ltr'><strong>Venit</strong></span> <span class='ocrx_word' id='word_1_387' title='bbox 1135 5328 1279 5380; x_wconf 87' lang='lat' dir='ltr'><strong>enim</strong></span> <span class='ocrx_word' id='word_1_388' title='bbox 1312 5334 1373 5380; x_wconf 89' lang='lat' dir='ltr'><strong>ut</strong></span> <span class='ocrx_word' id='word_1_389' title='bbox 1405 5335 1546 5394; x_wconf 87' lang='lat' dir='ltr'><strong>oret,</strong></span> <span class='ocrx_word' id='word_1_390' title='bbox 1582 5329 1948 5398; x_wconf 81' lang='lat' dir='ltr'><strong>nonnttripu-</strong></span> 
     </span>
    </p>
   </div>
   <div class='ocr_carea' id='block_1_57' title="bbox 488 5440 944 5507">
    <p class='ocr_par' dir='ltr' id='par_1_57' title="bbox 488 5440 944 5507">
     <span class='ocr_line' id='line_1_57' title="bbox 488 5440 944 5507; baseline 0.002 -13"><span class='ocrx_word' id='word_1_391' title='bbox 488 5441 533 5471; x_wconf 82' lang='grc'><strong>²⁶</strong></span> <span class='ocrx_word' id='word_1_392' title='bbox 560 5440 745 5496; x_wconf 68' lang='lat' dir='ltr'><strong>Matth.</strong></span> <span class='ocrx_word' id='word_1_393' title='bbox 778 5457 851 5507; x_wconf 72' lang='grc' dir='ltr'>ιἰ,</span> <span class='ocrx_word' id='word_1_394' title='bbox 892 5441 944 5495; x_wconf 83' lang='grc'><strong>5.</strong></span> 
     </span>
    </p>
   </div>
   <div class='ocr_carea' id='block_1_58' title="bbox 2134 407 3621 480">
    <p class='ocr_par' dir='ltr' id='par_1_58' title="bbox 2134 407 3621 480">
     <span class='ocr_line' id='line_1_58' title="bbox 2134 407 3621 480; baseline -0.002 -14"><span class='ocrx_word' id='word_1_395' title='bbox 2134 412 2239 466; x_wconf 84' lang='grc' dir='ltr'><strong>Ἐν</strong></span> <span class='ocrx_word' id='word_1_396' title='bbox 2292 414 2492 465; x_wconf 79' lang='grc' dir='ltr'><strong>πίστει</strong></span> <span class='ocrx_word' id='word_1_397' title='bbox 2543 412 2639 466; x_wconf 76' lang='grc' dir='ltr'>καὶ</span> <span class='ocrx_word' id='word_1_398' title='bbox 2679 411 2975 478; x_wconf 68' lang='grc' dir='ltr'>ἀληθείᾳ..</span> <span class='ocrx_word' id='word_1_399' title='bbox 3025 412 3168 480; x_wconf 85' lang='grc' dir='ltr'>Ὅρα</span> <span class='ocrx_word' id='word_1_400' title='bbox 3204 407 3361 462; x_wconf 74' lang='grc' dir='ltr'>πάλιν</span> <span class='ocrx_word' id='word_1_401' title='bbox 3406 409 3480 476; x_wconf 75' lang='grc' dir='ltr'>τὸ,</span> <span class='ocrx_word' id='word_1_402' title='bbox 3548 412 3621 464; x_wconf 76' lang='grc' dir='ltr'><strong>ἐν</strong></span> 
     </span>
    </p>
   </div>
   <div class='ocr_carea' id='block_1_59' title="bbox 2043 501 3621 574">
    <p class='ocr_par' dir='ltr' id='par_1_59' title="bbox 2043 501 3621 574">
     <span class='ocr_line' id='line_1_59' title="bbox 2043 501 3621 574; baseline -0.002 -18"><span class='ocrx_word' id='word_1_403' title='bbox 2043 503 2266 557; x_wconf 68' lang='grc' dir='ltr'>πίστει.</span> <span class='ocrx_word' id='word_1_404' title='bbox 2320 503 2433 556; x_wconf 82' lang='grc' dir='ltr'>Οὐκ</span> <span class='ocrx_word' id='word_1_405' title='bbox 2486 505 2545 555; x_wconf 83' lang='grc' dir='ltr'>ὲν</span> <span class='ocrx_word' id='word_1_406' title='bbox 2604 501 3003 571; x_wconf 75' lang='grc' dir='ltr'><strong>συλλογισμοῖς,</strong></span> <span class='ocrx_word' id='word_1_407' title='bbox 3040 503 3224 571; x_wconf 62' lang='grc' dir='ltr'>φησιν,</span> <span class='ocrx_word' id='word_1_408' title='bbox 3284 501 3317 574; x_wconf 71' lang='grc' dir='ltr'>ἢ</span> <span class='ocrx_word' id='word_1_409' title='bbox 3376 501 3621 569; x_wconf 82' lang='grc' dir='ltr'>).ογικα¹ίς</span> 
     </span>
    </p>
   </div>
   <div class='ocr_carea' id='block_1_60' title="bbox 2043 587 3621 663">
    <p class='ocr_par' dir='ltr' id='par_1_60' title="bbox 2043 587 3621 663">
     <span class='ocr_line' id='line_1_60' title="bbox 2043 587 3621 663; baseline 0 -16"><span class='ocrx_word' id='word_1_410' title='bbox 2043 593 2403 659; x_wconf 72' lang='grc' dir='ltr'>ἀποδειςεσιν,</span> <span class='ocrx_word' id='word_1_411' title='bbox 2434 592 2551 646; x_wconf 81' lang='grc' dir='ltr'>ἀλλ’</span> <span class='ocrx_word' id='word_1_412' title='bbox 2576 595 2633 646; x_wconf 83' lang='grc' dir='ltr'>ὲν</span> <span class='ocrx_word' id='word_1_413' title='bbox 2660 592 2861 645; x_wconf 87' lang='grc' dir='ltr'>πίστει.</span> <span class='ocrx_word' id='word_1_414' title='bbox 2896 587 3027 645; x_wconf 77' lang='grc' dir='ltr'>Εἶτα</span> <span class='ocrx_word' id='word_1_415' title='bbox 3055 593 3141 644; x_wconf 83' lang='grc' dir='ltr'><strong>ἵνα</strong></span> <span class='ocrx_word' id='word_1_416' title='bbox 3175 592 3249 662; x_wconf 80' lang='grc' dir='ltr'>μὴ</span> <span class='ocrx_word' id='word_1_417' title='bbox 3278 592 3508 663; x_wconf 70' lang='grc' dir='ltr'>νομίσῃς</span> <span class='ocrx_word' id='word_1_418' title='bbox 3538 593 3621 648; x_wconf 80' lang='grc' dir='ltr'>ὅτι</span> 
     </span>
    </p>
   </div>
   <div class='ocr_carea' id='block_1_61' title="bbox 2044 682 3620 756">
    <p class='ocr_par' dir='ltr' id='par_1_61' title="bbox 2044 682 3620 756">
     <span class='ocr_line' id='line_1_61' title="bbox 2044 682 3620 756; baseline 0.001 -18"><span class='ocrx_word' id='word_1_419' title='bbox 2044 686 2227 756; x_wconf 81' lang='grc' dir='ltr'>ἀπάτη</span> <span class='ocrx_word' id='word_1_420' title='bbox 2262 685 2321 741; x_wconf 84' lang='grc' dir='ltr'>τὸ</span> <span class='ocrx_word' id='word_1_421' title='bbox 2357 685 2589 756; x_wconf 76' lang='grc' dir='ltr'>πρᾶγμά</span> <span class='ocrx_word' id='word_1_422' title='bbox 2622 686 2792 745; x_wconf 83' lang='grc' dir='ltr'>ἐστιν,</span> <span class='ocrx_word' id='word_1_423' title='bbox 2825 686 3071 753; x_wconf 73' lang='grc' dir='ltr'>ἐπήγαγε</span> <span class='ocrx_word' id='word_1_424' title='bbox 3111 684 3191 746; x_wconf 62' lang='grc' dir='ltr'>τὸ,</span> <span class='ocrx_word' id='word_1_425' title='bbox 3245 684 3316 738; x_wconf 83' lang='grc' dir='ltr'><strong>ἐν</strong></span> <span class='ocrx_word' id='word_1_426' title='bbox 3348 682 3620 751; x_wconf 70' lang='grc' dir='ltr'>ἀληθείᾳ.</span> 
     </span>
    </p>
   </div>
   <div class='ocr_carea' id='block_1_62' title="bbox 2046 774 3616 848">
    <p class='ocr_par' dir='ltr' id='par_1_62' title="bbox 2046 774 3616 848">
     <span class='ocr_line' id='line_1_62' title="bbox 2046 774 3616 848; baseline -0.001 -19"><span class='ocrx_word' id='word_1_427' title='bbox 2046 777 2160 830; x_wconf 74' lang='grc' dir='ltr'>οὐκ</span> <span class='ocrx_word' id='word_1_428' title='bbox 2193 777 2452 848; x_wconf 80' lang='grc' dir='ltr'><strong>ἔστιγὰρ,</strong></span> <span class='ocrx_word' id='word_1_429' title='bbox 2481 778 2635 845; x_wconf 78' lang='grc' dir='ltr'>φησὶ,</span> <span class='ocrx_word' id='word_1_430' title='bbox 2671 776 2865 846; x_wconf 78' lang='grc' dir='ltr'>ψεῦδος</span> <span class='ocrx_word' id='word_1_431' title='bbox 2894 776 2955 828; x_wconf 83' lang='grc' dir='ltr'><strong>τδ</strong></span> <span class='ocrx_word' id='word_1_432' title='bbox 2987 778 3045 828; x_wconf 83' lang='grc' dir='ltr'>ὲν</span> <span class='ocrx_word' id='word_1_433' title='bbox 3076 774 3257 828; x_wconf 77' lang='grc' dir='ltr'>πίστει</span> <span class='ocrx_word' id='word_1_434' title='bbox 3282 775 3616 846; x_wconf 73' lang='grc' dir='ltr'>διδασκόμεο</span> 
     </span>
    </p>
   </div>
   <div class='ocr_carea' id='block_1_63' title="bbox 2046 866 3620 938">
    <p class='ocr_par' dir='ltr' id='par_1_63' title="bbox 2046 866 3620 938">
     <span class='ocr_line' id='line_1_63' title="bbox 2046 866 3620 938; baseline 0.003 -20"><span class='ocrx_word' id='word_1_435' title='bbox 2046 883 2135 919; x_wconf 80' lang='grc' dir='ltr'><strong>νον</strong></span> <span class='ocrx_word' id='word_1_436' title='bbox 2159 868 2251 919; x_wconf 80' lang='grc' dir='ltr'>καὶ</span> <span class='ocrx_word' id='word_1_437' title='bbox 2283 867 2733 938; x_wconf 71' lang='grc' dir='ltr'><strong>παραδιδόμενον,</strong></span> <span class='ocrx_word' id='word_1_438' title='bbox 2765 866 2880 920; x_wconf 78' lang='grc' dir='ltr'>ἀλλ’</span> <span class='ocrx_word' id='word_1_439' title='bbox 2911 868 2967 919; x_wconf 82' lang='grc' dir='ltr'>ὲν</span> <span class='ocrx_word' id='word_1_440' title='bbox 2987 866 3214 937; x_wconf 75' lang='grc' dir='ltr'>ἀληθείᾳ</span> <span class='ocrx_word' id='word_1_441' title='bbox 3245 867 3620 938; x_wconf 77' lang='grc' dir='ltr'>παραδίδοται.</span> 
     </span>
    </p>
   </div>
   <div class='ocr_carea' id='block_1_64' title="bbox 2118 952 3625 1026">
    <p class='ocr_par' dir='ltr' id='par_1_64' title="bbox 2118 952 3625 1026">
     <span class='ocr_line' id='line_1_64' title="bbox 2118 952 3625 1026; baseline -0.001 -13"><span class='ocrx_word' id='word_1_442' title='bbox 2118 959 2416 1026; x_wconf 67' lang='grc' dir='ltr'>Βούλομαι</span> <span class='ocrx_word' id='word_1_443' title='bbox 2450 952 2564 1011; x_wconf 81' lang='grc' dir='ltr'><strong>οὖν</strong></span> <span class='ocrx_word' id='word_1_444' title='bbox 2607 961 3051 1026; x_wconf 73' lang='grc' dir='ltr'><strong>προσεύχεσθαι</strong></span> <span class='ocrx_word' id='word_1_445' title='bbox 3098 957 3241 1023; x_wconf 84' lang='grc' dir='ltr'><strong>τοὺς</strong></span> <span class='ocrx_word' id='word_1_446' title='bbox 3292 957 3518 1026; x_wconf 77' lang='grc' dir='ltr'>ἄνδρας</span> <span class='ocrx_word' id='word_1_447' title='bbox 3554 960 3625 1011; x_wconf 79' lang='grc' dir='ltr'><strong>ἐν</strong></span> 
     </span>
    </p>
   </div>
   <div class='ocr_carea' id='block_1_65' title="bbox 2047 1046 3622 1121">
    <p class='ocr_par' dir='ltr' id='par_1_65' title="bbox 2047 1046 3622 1121">
     <span class='ocr_line' id='line_1_65' title="bbox 2047 1046 3622 1121; baseline 0.001 -20"><span class='ocrx_word' id='word_1_448' title='bbox 2047 1049 2224 1101; x_wconf 73' lang='grc' dir='ltr'>παντὶ</span> <span class='ocrx_word' id='word_1_449' title='bbox 2253 1052 2431 1115; x_wconf 79' lang='grc' dir='ltr'>τόπῳ.</span> <span class='ocrx_word' id='word_1_450' title='bbox 2475 1048 2597 1112; x_wconf 78' lang='grc' dir='ltr'>Πῶς</span> <span class='ocrx_word' id='word_1_451' title='bbox 2618 1046 2711 1103; x_wconf 73' lang='grc' dir='ltr'><strong>οὖν</strong></span> <span class='ocrx_word' id='word_1_452' title='bbox 2744 1051 2772 1102; x_wconf 94' lang='lat'><strong>6</strong></span> <span class='ocrx_word' id='word_1_453' title='bbox 2797 1049 3035 1121; x_wconf 77' lang='grc' dir='ltr'>Χριστὸς</span> <span class='ocrx_word' id='word_1_454' title='bbox 3062 1049 3261 1102; x_wconf 78' lang='grc' dir='ltr'><strong>κωλύει</strong></span> <span class='ocrx_word' id='word_1_455' title='bbox 3291 1050 3351 1102; x_wconf 84' lang='grc' dir='ltr'><strong>τὸ</strong></span> <span class='ocrx_word' id='word_1_456' title='bbox 3376 1051 3432 1101; x_wconf 81' lang='grc' dir='ltr'>ἐν</span> <span class='ocrx_word' id='word_1_457' title='bbox 3462 1051 3622 1103; x_wconf 78' lang='grc' dir='ltr'>παντὶ</span> 
     </span>
    </p>
   </div>
   <div class='ocr_carea' id='block_1_66' title="bbox 2047 1139 3623 1212">
    <p class='ocr_par' dir='ltr' id='par_1_66' title="bbox 2047 1139 3623 1212">
     <span class='ocr_line' id='line_1_66' title="bbox 2047 1139 3623 1212; baseline 0.003 -20"><span class='ocrx_word' id='word_1_458' title='bbox 2047 1139 2195 1210; x_wconf 82' lang='grc' dir='ltr'>τόπῳ</span> <span class='ocrx_word' id='word_1_459' title='bbox 2226 1140 2514 1208; x_wconf 74' lang='grc' dir='ltr'>εὖχεσθαι;</span> <span class='ocrx_word' id='word_1_460' title='bbox 2550 1141 2643 1194; x_wconf 69' lang='grc' dir='ltr'><strong>καὶ</strong></span> <span class='ocrx_word' id='word_1_461' title='bbox 2673 1141 2781 1210; x_wconf 88' lang='grc' dir='ltr'><strong>γάρ</strong></span> <span class='ocrx_word' id='word_1_462' title='bbox 2834 1141 3134 1212; x_wconf 78' lang='grc' dir='ltr'><strong>ἀποτρέπει</strong></span> <span class='ocrx_word' id='word_1_463' title='bbox 3162 1140 3223 1211; x_wconf 65' lang='grc' dir='ltr'><strong>το</strong></span> <span class='ocrx_word' id='word_1_464' title='bbox 3251 1144 3308 1194; x_wconf 88' lang='grc' dir='ltr'>ὲν</span> <span class='ocrx_word' id='word_1_465' title='bbox 3342 1142 3460 1205; x_wconf 78' lang='grc' dir='ltr'>ταῖς</span> <span class='ocrx_word' id='word_1_466' title='bbox 3490 1143 3623 1196; x_wconf 80' lang='grc' dir='ltr'>πλα-</span> 
     </span>
    </p>
   </div>
   <div class='ocr_carea' id='block_1_67' title="bbox 2046 1221 3620 1305">
    <p class='ocr_par' dir='ltr' id='par_1_67' title="bbox 2046 1221 3620 1305">
     <span class='ocr_line' id='line_1_67' title="bbox 2046 1221 3620 1305; baseline 0.002 -21"><span class='ocrx_word' id='word_1_467' title='bbox 2046 1232 2220 1294; x_wconf 73' lang='grc' dir='ltr'>τείαις</span> <span class='ocrx_word' id='word_1_468' title='bbox 2249 1232 2407 1284; x_wconf 76' lang='grc' dir='ltr'>τοῦτο</span> <span class='ocrx_word' id='word_1_469' title='bbox 2458 1221 2657 1295; x_wconf 77' lang='grc' dir='ltr'>ποιεῖν,</span> <span class='ocrx_word' id='word_1_470' title='bbox 2689 1232 2788 1285; x_wconf 80' lang='grc' dir='ltr'><strong>καὶ</strong></span> <span class='ocrx_word' id='word_1_471' title='bbox 2815 1235 2894 1296; x_wconf 88' lang='grc' dir='ltr'><strong>είς</strong></span> <span class='ocrx_word' id='word_1_472' title='bbox 2932 1235 2993 1286; x_wconf 70' lang='grc' dir='ltr'>τὸ</span> <span class='ocrx_word' id='word_1_473' title='bbox 3022 1235 3249 1303; x_wconf 77' lang='grc' dir='ltr'>ταμεῖον</span> <span class='ocrx_word' id='word_1_474' title='bbox 3278 1233 3620 1305; x_wconf 81' lang='grc' dir='ltr'>είσέρχεσθαι</span> 
     </span>
    </p>
   </div>
   <div class='ocr_carea' id='block_1_68' title="bbox 2048 1320 3618 1393">
    <p class='ocr_par' dir='ltr' id='par_1_68' title="bbox 2048 1320 3618 1393">
     <span class='ocr_line' id='line_1_68' title="bbox 2048 1320 3618 1393; baseline 0 -19"><span class='ocrx_word' id='word_1_475' title='bbox 2048 1322 2278 1376; x_wconf 79' lang='grc' dir='ltr'>κελεύει.</span> <span class='ocrx_word' id='word_1_476' title='bbox 2314 1320 2450 1375; x_wconf 76' lang='grc' dir='ltr'>Οὔτε</span> <span class='ocrx_word' id='word_1_477' title='bbox 2480 1321 2610 1389; x_wconf 76' lang='grc' dir='ltr'>γοῦν</span> <span class='ocrx_word' id='word_1_478' title='bbox 2639 1325 2667 1376; x_wconf 98' lang='lat'><strong>6</strong></span> <span class='ocrx_word' id='word_1_479' title='bbox 2696 1322 2932 1393; x_wconf 80' lang='grc' dir='ltr'>Χριστὸς</span> <span class='ocrx_word' id='word_1_480' title='bbox 2969 1321 3210 1379; x_wconf 74' lang='grc' dir='ltr'>ἐκώλυσε</span> <span class='ocrx_word' id='word_1_481' title='bbox 3270 1322 3330 1376; x_wconf 81' lang='grc' dir='ltr'>τὸ</span> <span class='ocrx_word' id='word_1_482' title='bbox 3372 1324 3430 1375; x_wconf 76' lang='grc' dir='ltr'>ἐν</span> <span class='ocrx_word' id='word_1_483' title='bbox 3459 1323 3618 1375; x_wconf 79' lang='grc' dir='ltr'>παντὶ</span> 
     </span>
    </p>
   </div>
   <div class='ocr_carea' id='block_1_69' title="bbox 2048 1412 3617 1484">
    <p class='ocr_par' dir='ltr' id='par_1_69' title="bbox 2048 1412 3617 1484">
     <span class='ocr_line' id='line_1_69' title="bbox 2048 1412 3617 1484; baseline -0.001 -18"><span class='ocrx_word' id='word_1_484' title='bbox 2048 1415 2196 1483; x_wconf 77' lang='grc' dir='ltr'>τόπῳ</span> <span class='ocrx_word' id='word_1_485' title='bbox 2213 1412 2487 1484; x_wconf 74' lang='grc' dir='ltr'>εὔχεσθαι,</span> <span class='ocrx_word' id='word_1_486' title='bbox 2520 1413 2635 1465; x_wconf 83' lang='grc' dir='ltr'>ἀλλ’</span> <span class='ocrx_word' id='word_1_487' title='bbox 2662 1415 2728 1467; x_wconf 83' lang='grc' dir='ltr'>ὲκ</span> <span class='ocrx_word' id='word_1_488' title='bbox 2760 1415 3077 1483; x_wconf 77' lang='grc' dir='ltr'><strong>περιουσίας</strong></span> <span class='ocrx_word' id='word_1_489' title='bbox 3098 1412 3363 1465; x_wconf 79' lang='grc' dir='ltr'>διδάσκων</span> <span class='ocrx_word' id='word_1_490' title='bbox 3392 1412 3464 1483; x_wconf 78' lang='grc' dir='ltr'>μὴ</span> <span class='ocrx_word' id='word_1_491' title='bbox 3481 1415 3617 1483; x_wconf 69' lang='grc' dir='ltr'>πρὸς</span> 
     </span>
    </p>
   </div>
   <div class='ocr_carea' id='block_1_70' title="bbox 2047 1502 3617 1575">
    <p class='ocr_par' dir='ltr' id='par_1_70' title="bbox 2047 1502 3617 1575">
     <span class='ocr_line' id='line_1_70' title="bbox 2047 1502 3617 1575; baseline -0.001 -18"><span class='ocrx_word' id='word_1_492' title='bbox 2047 1505 2301 1570; x_wconf 73' lang='grc' dir='ltr'>ἐπίδειξιν</span> <span class='ocrx_word' id='word_1_493' title='bbox 2324 1505 2481 1558; x_wconf 76' lang='grc' dir='ltr'>τοῦτο</span> <span class='ocrx_word' id='word_1_494' title='bbox 2508 1507 2701 1570; x_wconf 79' lang='grc' dir='ltr'>ποιεῖν,</span> <span class='ocrx_word' id='word_1_495' title='bbox 2737 1503 2961 1575; x_wconf 77' lang='grc' dir='ltr'><strong>ταμείου</strong></span> <span class='ocrx_word' id='word_1_496' title='bbox 2994 1503 3240 1574; x_wconf 74' lang='grc' dir='ltr'>ἐμνήσθη</span> <span class='ocrx_word' id='word_1_497' title='bbox 3269 1519 3285 1534; x_wconf 75' lang='grc'><strong><em>⁸</em></strong></span> <span class='ocrx_word' id='word_1_498' title='bbox 3309 1502 3495 1573; x_wconf 84' lang='grc' dir='ltr'>ὥσπερ</span> <span class='ocrx_word' id='word_1_499' title='bbox 3524 1504 3617 1556; x_wconf 74' lang='grc' dir='ltr'>καὶ</span> 
     </span>
    </p>
   </div>
   <div class='ocr_carea' id='block_1_71' title="bbox 2047 1593 3619 1668">
    <p class='ocr_par' dir='ltr' id='par_1_71' title="bbox 2047 1593 3619 1668">
     <span class='ocr_line' id='line_1_71' title="bbox 2047 1593 3619 1668; baseline -0.001 -19"><span class='ocrx_word' id='word_1_500' title='bbox 2047 1598 2173 1650; x_wconf 81' lang='grc' dir='ltr'>ὅταν</span> <span class='ocrx_word' id='word_1_501' title='bbox 2201 1597 2334 1668; x_wconf 81' lang='grc' dir='ltr'>λέγῃ</span> <span class='ocrx_word' id='word_1_502' title='bbox 2358 1613 2372 1628; x_wconf 80' lang='grc' dir='ltr'>ο</span> <span class='ocrx_word' id='word_1_503' title='bbox 2403 1597 2497 1665; x_wconf 75' lang='grc' dir='ltr'><strong>Μὴ</strong></span> <span class='ocrx_word' id='word_1_504' title='bbox 2548 1595 2747 1666; x_wconf 78' lang='grc' dir='ltr'>γνώτω</span> <span class='ocrx_word' id='word_1_505' title='bbox 2778 1595 2815 1663; x_wconf 77' lang='grc' dir='ltr'>ἡ</span> <span class='ocrx_word' id='word_1_506' title='bbox 2848 1594 3126 1662; x_wconf 78' lang='grc' dir='ltr'>ἀριστερὰ</span> <span class='ocrx_word' id='word_1_507' title='bbox 3158 1594 3215 1646; x_wconf 87' lang='grc' dir='ltr'>τί</span> <span class='ocrx_word' id='word_1_508' title='bbox 3241 1593 3404 1647; x_wconf 77' lang='grc' dir='ltr'>ποιεῖ</span> <span class='ocrx_word' id='word_1_509' title='bbox 3437 1594 3475 1661; x_wconf 77' lang='grc' dir='ltr'><strong><em>ἡ</em></strong></span> <span class='ocrx_word' id='word_1_510' title='bbox 3523 1593 3619 1648; x_wconf 80' lang='grc' dir='ltr'>δε-</span> 
     </span>
    </p>
   </div>
   <div class='ocr_carea' id='block_1_72' title="bbox 2049 1672 3616 1767">
    <p class='ocr_par' dir='ltr' id='par_1_72' title="bbox 2049 1672 3616 1767">
     <span class='ocr_line' id='line_1_72' title="bbox 2049 1672 3616 1767; baseline -0.002 -17"><span class='ocrx_word' id='word_1_511' title='bbox 2049 1696 2170 1762; x_wconf 76' lang='grc' dir='ltr'><strong>ξιὰ,</strong></span> <span class='ocrx_word' id='word_1_512' title='bbox 2212 1696 2272 1750; x_wconf 82' lang='grc' dir='ltr'><strong>ού</strong></span> <span class='ocrx_word' id='word_1_513' title='bbox 2305 1697 2432 1767; x_wconf 62' lang='grc' dir='ltr'>περὶ</span> <span class='ocrx_word' id='word_1_514' title='bbox 2465 1695 2666 1766; x_wconf 84' lang='grc' dir='ltr'>χειρῶν</span> <span class='ocrx_word' id='word_1_515' title='bbox 2694 1695 2867 1763; x_wconf 83' lang='grc' dir='ltr'>λέγει,</span> <span class='ocrx_word' id='word_1_516' title='bbox 2900 1693 3036 1746; x_wconf 77' lang='grc' dir='ltr'><strong>ἀλλά</strong></span> <span class='ocrx_word' id='word_1_517' title='bbox 3059 1692 3156 1762; x_wconf 77' lang='grc' dir='ltr'><strong>τὴν</strong></span> <span class='ocrx_word' id='word_1_518' title='bbox 3187 1691 3492 1763; x_wconf 71' lang='grc' dir='ltr'>ὑπερδοὶὴν</span> <span class='ocrx_word' id='word_1_519' title='bbox 3525 1672 3616 1747; x_wconf 69' lang='grc' dir='ltr'>τοῦ</span> 
     </span>
    </p>
   </div>
   <div class='ocr_carea' id='block_1_73' title="bbox 2045 1781 3618 1856">
    <p class='ocr_par' dir='ltr' id='par_1_73' title="bbox 2045 1781 3618 1856">
     <span class='ocr_line' id='line_1_73' title="bbox 2045 1781 3618 1856; baseline -0.004 -16"><span class='ocrx_word' id='word_1_520' title='bbox 2045 1788 2375 1854; x_wconf 76' lang='grc' dir='ltr'>ἀκενοδὸξως</span> <span class='ocrx_word' id='word_1_521' title='bbox 2409 1787 2584 1839; x_wconf 75' lang='grc' dir='ltr'>ἐλεεῖν</span> <span class='ocrx_word' id='word_1_522' title='bbox 2616 1786 2941 1856; x_wconf 72' lang='grc' dir='ltr'><strong>παρίστησι.</strong></span> <span class='ocrx_word' id='word_1_523' title='bbox 2974 1784 3075 1837; x_wconf 84' lang='grc' dir='ltr'>Διά</span> <span class='ocrx_word' id='word_1_524' title='bbox 3106 1783 3266 1839; x_wconf 77' lang='grc' dir='ltr'>τοῦτο</span> <span class='ocrx_word' id='word_1_525' title='bbox 3291 1784 3385 1835; x_wconf 78' lang='grc' dir='ltr'>καὶ</span> <span class='ocrx_word' id='word_1_526' title='bbox 3411 1784 3438 1836; x_wconf 89' lang='grc' dir='ltr'>ὁ</span> <span class='ocrx_word' id='word_1_527' title='bbox 3472 1781 3618 1835; x_wconf 60' lang='lat' dir='ltr'><strong>Ila?)-</strong></span> 
     </span>
    </p>
   </div>
   <div class='ocr_carea' id='block_1_74' title="bbox 2047 1872 3622 1949">
    <p class='ocr_par' dir='ltr' id='par_1_74' title="bbox 2047 1872 3622 1949">
     <span class='ocr_line' id='line_1_74' title="bbox 2047 1872 3622 1949; baseline -0.004 -17"><span class='ocrx_word' id='word_1_528' title='bbox 2047 1880 2136 1943; x_wconf 83' lang='grc' dir='ltr'><strong>λος</strong></span> <span class='ocrx_word' id='word_1_529' title='bbox 2163 1878 2413 1949; x_wconf 78' lang='grc' dir='ltr'>βούλεται</span> <span class='ocrx_word' id='word_1_530' title='bbox 2463 1879 2591 1941; x_wconf 73' lang='grc' dir='ltr'>τοὺς</span> <span class='ocrx_word' id='word_1_531' title='bbox 2637 1877 2833 1949; x_wconf 80' lang='grc' dir='ltr'>ἄνδρας</span> <span class='ocrx_word' id='word_1_532' title='bbox 2866 1878 2923 1930; x_wconf 84' lang='grc' dir='ltr'>ὲν</span> <span class='ocrx_word' id='word_1_533' title='bbox 2956 1875 3119 1929; x_wconf 73' lang='grc' dir='ltr'>παντὶ</span> <span class='ocrx_word' id='word_1_534' title='bbox 3145 1874 3297 1946; x_wconf 83' lang='grc' dir='ltr'>τόπῳ</span> <span class='ocrx_word' id='word_1_535' title='bbox 3325 1872 3622 1945; x_wconf 78' lang='grc' dir='ltr'>προσεύχε-</span> 
     </span>
    </p>
   </div>
   <div class='ocr_carea' id='block_1_75' title="bbox 2048 1962 3623 2039">
    <p class='ocr_par' dir='ltr' id='par_1_75' title="bbox 2048 1962 3623 2039">
     <span class='ocr_line' id='line_1_75' title="bbox 2048 1962 3623 2039; baseline -0.001 -18"><span class='ocrx_word' id='word_1_536' title='bbox 2048 1968 2192 2035; x_wconf 87' lang='grc' dir='ltr'>σθαι,</span> <span class='ocrx_word' id='word_1_537' title='bbox 2221 1968 2295 2033; x_wconf 85' lang='grc' dir='ltr'>ὡς</span> <span class='ocrx_word' id='word_1_538' title='bbox 2343 1968 2438 2022; x_wconf 84' lang='grc' dir='ltr'>τοῦ</span> <span class='ocrx_word' id='word_1_539' title='bbox 2477 1967 2715 2038; x_wconf 84' lang='grc' dir='ltr'><strong>Χριστοῦ</strong></span> <span class='ocrx_word' id='word_1_540' title='bbox 2751 1966 2826 2039; x_wconf 81' lang='grc' dir='ltr'>μὴ</span> <span class='ocrx_word' id='word_1_541' title='bbox 2854 1965 3011 2020; x_wconf 79' lang='grc' dir='ltr'>τοῦτο</span> <span class='ocrx_word' id='word_1_542' title='bbox 3044 1965 3409 2028; x_wconf 74' lang='grc' dir='ltr'>κωλύσαντος.</span> <span class='ocrx_word' id='word_1_543' title='bbox 3452 1962 3623 2020; x_wconf 80' lang='grc' dir='ltr'>Τοῦτο</span> 
     </span>
    </p>
   </div>
   <div class='ocr_carea' id='block_1_76' title="bbox 2046 2052 3619 2128">
    <p class='ocr_par' dir='ltr' id='par_1_76' title="bbox 2046 2052 3619 2128">
     <span class='ocr_line' id='line_1_76' title="bbox 2046 2052 3619 2128; baseline 0 -17"><span class='ocrx_word' id='word_1_544' title='bbox 2046 2057 2102 2111; x_wconf 81' lang='grc' dir='ltr'>δὲ</span> <span class='ocrx_word' id='word_1_545' title='bbox 2147 2054 2265 2110; x_wconf 78' lang='grc' dir='ltr'>εἷπε</span> <span class='ocrx_word' id='word_1_546' title='bbox 2312 2057 2449 2128; x_wconf 77' lang='grc' dir='ltr'>πρὸς</span> <span class='ocrx_word' id='word_1_547' title='bbox 2497 2055 2914 2124; x_wconf 79' lang='grc' dir='ltr'>ἀντιδιαστολὴν</span> <span class='ocrx_word' id='word_1_548' title='bbox 2941 2057 3039 2124; x_wconf 78' lang='grc' dir='ltr'>τῆς</span> <span class='ocrx_word' id='word_1_549' title='bbox 3079 2053 3375 2123; x_wconf 81' lang='grc' dir='ltr'>Ἰουδαϊκῆς</span> <span class='ocrx_word' id='word_1_550' title='bbox 3431 2052 3619 2123; x_wconf 83' lang='grc' dir='ltr'><strong>εὐχῆς.</strong></span> 
     </span>
    </p>
   </div>
   <div class='ocr_carea' id='block_1_77' title="bbox 2056 2146 3622 2220">
    <p class='ocr_par' dir='ltr' id='par_1_77' title="bbox 2056 2146 3622 2220">
     <span class='ocr_line' id='line_1_77' title="bbox 2056 2146 3622 2220; baseline 0 -17"><span class='ocrx_word' id='word_1_551' title='bbox 2056 2149 2274 2220; x_wconf 79' lang='grc' dir='ltr'>Ἔκείνη</span> <span class='ocrx_word' id='word_1_552' title='bbox 2328 2151 2437 2220; x_wconf 87' lang='grc' dir='ltr'>γὰρ</span> <span class='ocrx_word' id='word_1_553' title='bbox 2474 2149 2532 2203; x_wconf 78' lang='grc' dir='ltr'>ὲν</span> <span class='ocrx_word' id='word_1_554' title='bbox 2566 2149 2648 2202; x_wconf 74' lang='grc' dir='ltr'>ἑνὶ</span> <span class='ocrx_word' id='word_1_555' title='bbox 2699 2146 3029 2219; x_wconf 81' lang='grc' dir='ltr'>περιώριστο</span> <span class='ocrx_word' id='word_1_556' title='bbox 3075 2147 3248 2218; x_wconf 84' lang='grc' dir='ltr'>τόπῳ,</span> <span class='ocrx_word' id='word_1_557' title='bbox 3278 2146 3355 2217; x_wconf 78' lang='grc' dir='ltr'>τῷ</span> <span class='ocrx_word' id='word_1_558' title='bbox 3386 2146 3499 2217; x_wconf 81' lang='grc' dir='ltr'><strong>ναῷ</strong></span> <span class='ocrx_word' id='word_1_559' title='bbox 3530 2147 3622 2217; x_wconf 68' lang='grc' dir='ltr'><strong>δην</strong></span> 
     </span>
    </p>
   </div>
   <div class='ocr_carea' id='block_1_78' title="bbox 2047 2238 3617 2313">
    <p class='ocr_par' dir='ltr' id='par_1_78' title="bbox 2047 2238 3617 2313">
     <span class='ocr_line' id='line_1_78' title="bbox 2047 2238 3617 2313; baseline -0.003 -19"><span class='ocrx_word' id='word_1_560' title='bbox 2047 2239 2177 2313; x_wconf 80' lang='grc' dir='ltr'>λαδὴ</span> <span class='ocrx_word' id='word_1_561' title='bbox 2202 2242 2279 2311; x_wconf 79' lang='grc' dir='ltr'>τῷ</span> <span class='ocrx_word' id='word_1_562' title='bbox 2301 2244 2358 2294; x_wconf 72' lang='grc' dir='ltr'>ἐν</span> <span class='ocrx_word' id='word_1_563' title='bbox 2402 2240 2817 2311; x_wconf 79' lang='grc' dir='ltr'>Ἱεροσολύμοις.</span> <span class='ocrx_word' id='word_1_564' title='bbox 2868 2239 3007 2293; x_wconf 80' lang='grc' dir='ltr'><strong>’Δ·λλ’</strong></span> <span class='ocrx_word' id='word_1_565' title='bbox 3044 2239 3131 2308; x_wconf 77' lang='grc' dir='ltr'><strong>ἐφ’</strong></span> <span class='ocrx_word' id='word_1_566' title='bbox 3164 2241 3293 2310; x_wconf 69' lang='grc' dir='ltr'>ἡμῖν</span> <span class='ocrx_word' id='word_1_567' title='bbox 3312 2239 3410 2309; x_wconf 78' lang='grc' dir='ltr'>οὐχ</span> <span class='ocrx_word' id='word_1_568' title='bbox 3427 2238 3617 2301; x_wconf 79' lang='grc' dir='ltr'>οὕτως’</span> 
     </span>
    </p>
   </div>
   <div class='ocr_carea' id='block_1_79' title="bbox 2048 2327 3617 2403">
    <p class='ocr_par' dir='ltr' id='par_1_79' title="bbox 2048 2327 3617 2403">
     <span class='ocr_line' id='line_1_79' title="bbox 2048 2327 3617 2403; baseline -0.003 -20"><span class='ocrx_word' id='word_1_569' title='bbox 2048 2332 2082 2400; x_wconf 87' lang='grc' dir='ltr'><strong>ή</strong></span> <span class='ocrx_word' id='word_1_570' title='bbox 2111 2333 2272 2403; x_wconf 81' lang='grc' dir='ltr'>χάρις</span> <span class='ocrx_word' id='word_1_571' title='bbox 2298 2332 2406 2401; x_wconf 87' lang='grc' dir='ltr'><strong>γάρ</strong></span> <span class='ocrx_word' id='word_1_572' title='bbox 2435 2332 2839 2402; x_wconf 85' lang='grc' dir='ltr'>ἀπεριόριστος,</span> <span class='ocrx_word' id='word_1_573' title='bbox 2872 2329 2967 2383; x_wconf 79' lang='grc' dir='ltr'>καὶ</span> <span class='ocrx_word' id='word_1_574' title='bbox 2990 2328 3178 2397; x_wconf 83' lang='grc' dir='ltr'>ὥσπερ</span> <span class='ocrx_word' id='word_1_575' title='bbox 3229 2327 3372 2396; x_wconf 65' lang='grc' dir='ltr'>ὑπὲρ</span> <span class='ocrx_word' id='word_1_576' title='bbox 3404 2327 3617 2382; x_wconf 81' lang='grc' dir='ltr'>πάντων</span> 
     </span>
    </p>
   </div>
   <div class='ocr_carea' id='block_1_80' title="bbox 2044 2420 3475 2494">
    <p class='ocr_par' dir='ltr' id='par_1_80' title="bbox 2044 2420 3475 2494">
     <span class='ocr_line' id='line_1_80' title="bbox 2044 2420 3475 2494; baseline -0.003 -18"><span class='ocrx_word' id='word_1_577' title='bbox 2044 2423 2076 2476; x_wconf 86' lang='lat'><strong>6</strong></span> <span class='ocrx_word' id='word_1_578' title='bbox 2097 2423 2421 2494; x_wconf 83' lang='grc' dir='ltr'>Χριστιανὸς</span> <span class='ocrx_word' id='word_1_579' title='bbox 2454 2422 2697 2494; x_wconf 77' lang='grc' dir='ltr'>εὔχεται,</span> <span class='ocrx_word' id='word_1_580' title='bbox 2730 2421 2874 2476; x_wconf 76' lang='grc' dir='ltr'>οὕτω</span> <span class='ocrx_word' id='word_1_581' title='bbox 2902 2421 2997 2476; x_wconf 68' lang='grc' dir='ltr'><strong>καὶ</strong></span> <span class='ocrx_word' id='word_1_582' title='bbox 3027 2422 3086 2474; x_wconf 80' lang='grc' dir='ltr'>ὲν</span> <span class='ocrx_word' id='word_1_583' title='bbox 3115 2420 3281 2478; x_wconf 69' lang='grc' dir='ltr'>παντὶ</span> <span class='ocrx_word' id='word_1_584' title='bbox 3307 2420 3475 2490; x_wconf 85' lang='grc' dir='ltr'><strong>τόπῳ.</strong></span> 
     </span>
    </p>
   </div>
   <div class='ocr_carea' id='block_1_81' title="bbox 2131 2593 3621 2670">
    <p class='ocr_par' dir='ltr' id='par_1_81' title="bbox 2131 2593 3621 2670">
     <span class='ocr_line' id='line_1_81' title="bbox 2131 2593 3621 2670; baseline -0.001 -21"><span class='ocrx_word' id='word_1_585' title='bbox 2131 2597 2523 2664; x_wconf 60' lang='grc' dir='ltr'>Ἐπαιγιοντας</span> <span class='ocrx_word' id='word_1_586' title='bbox 2556 2596 2769 2663; x_wconf 79' lang='grc' dir='ltr'><em>ὁσίους</em></span> <span class='ocrx_word' id='word_1_587' title='bbox 2812 2595 3035 2666; x_wconf 77' lang='grc' dir='ltr'>χεζοας.</span> <span class='ocrx_word' id='word_1_588' title='bbox 3065 2595 3141 2647; x_wconf 81' lang='grc' dir='ltr'><strong>οὐ</strong></span> <span class='ocrx_word' id='word_1_589' title='bbox 3178 2595 3270 2648; x_wconf 76' lang='grc' dir='ltr'>τὸν</span> <span class='ocrx_word' id='word_1_590' title='bbox 3307 2596 3475 2648; x_wconf 78' lang='grc' dir='ltr'>τόπον</span> <span class='ocrx_word' id='word_1_591' title='bbox 3522 2593 3621 2670; x_wconf 77' lang='grc' dir='ltr'>τῆς</span> 
     </span>
    </p>
   </div>
   <div class='ocr_carea' id='block_1_82' title="bbox 2048 2682 3621 2758">
    <p class='ocr_par' dir='ltr' id='par_1_82' title="bbox 2048 2682 3621 2758">
     <span class='ocr_line' id='line_1_82' title="bbox 2048 2682 3621 2758; baseline -0.003 -18"><span class='ocrx_word' id='word_1_592' title='bbox 2048 2687 2232 2758; x_wconf 79' lang='grc' dir='ltr'>εὐχῆς,</span> <span class='ocrx_word' id='word_1_593' title='bbox 2267 2688 2401 2740; x_wconf 87' lang='grc' dir='ltr'><strong>ἀλλά</strong></span> <span class='ocrx_word' id='word_1_594' title='bbox 2451 2686 2545 2740; x_wconf 79' lang='grc' dir='ltr'><strong>τὸν</strong></span> <span class='ocrx_word' id='word_1_595' title='bbox 2595 2685 2796 2757; x_wconf 86' lang='grc' dir='ltr'>τρόπον</span> <span class='ocrx_word' id='word_1_596' title='bbox 2848 2682 3205 2755; x_wconf 77' lang='grc' dir='ltr'>ἀκριδοῦσθαι</span> <span class='ocrx_word' id='word_1_597' title='bbox 3266 2684 3366 2737; x_wconf 81' lang='grc' dir='ltr'>δεῖ.</span> <span class='ocrx_word' id='word_1_598' title='bbox 3408 2683 3621 2746; x_wconf 83' lang='grc' dir='ltr'>Ὀσίους</span> 
     </span>
    </p>
   </div>
   <div class='ocr_carea' id='block_1_83' title="bbox 2048 2772 3623 2850">
    <p class='ocr_par' dir='ltr' id='par_1_83' title="bbox 2048 2772 3623 2850">
     <span class='ocr_line' id='line_1_83' title="bbox 2048 2772 3623 2850; baseline -0.003 -21"><span class='ocrx_word' id='word_1_599' title='bbox 2048 2780 2159 2850; x_wconf 71' lang='grc' dir='ltr'>γὰρ</span> <span class='ocrx_word' id='word_1_600' title='bbox 2190 2780 2377 2849; x_wconf 83' lang='grc' dir='ltr'>χεῖρας</span> <span class='ocrx_word' id='word_1_601' title='bbox 2398 2778 2640 2842; x_wconf 82' lang='grc' dir='ltr'>ἀπαιτεῖ,</span> <span class='ocrx_word' id='word_1_602' title='bbox 2670 2776 2939 2838; x_wconf 69' lang='grc' dir='ltr'>τουτέστι,</span> <span class='ocrx_word' id='word_1_603' title='bbox 2978 2774 3222 2844; x_wconf 79' lang='grc' dir='ltr'>καθαρὰς</span> <span class='ocrx_word' id='word_1_604' title='bbox 3254 2773 3363 2827; x_wconf 75' lang='grc' dir='ltr'>ἀπὸ</span> <span class='ocrx_word' id='word_1_605' title='bbox 3404 2772 3623 2826; x_wconf 72' lang='grc' dir='ltr'>πλεονεο</span> 
     </span>
    </p>
   </div>
   <div class='ocr_carea' id='block_1_84' title="bbox 2050 2866 3621 2944">
    <p class='ocr_par' dir='ltr' id='par_1_84' title="bbox 2050 2866 3621 2944">
     <span class='ocr_line' id='line_1_84' title="bbox 2050 2866 3621 2944; baseline -0.003 -20"><span class='ocrx_word' id='word_1_606' title='bbox 2050 2873 2190 2939; x_wconf 84' lang='grc' dir='ltr'>ξίας,</span> <span class='ocrx_word' id='word_1_607' title='bbox 2222 2872 2331 2927; x_wconf 65' lang='grc' dir='ltr'><strong>ἀπὸ</strong></span> <span class='ocrx_word' id='word_1_608' title='bbox 2386 2871 2664 2944; x_wconf 81' lang='grc' dir='ltr'>ἁρπαγῆς,</span> <span class='ocrx_word' id='word_1_609' title='bbox 2684 2869 2797 2924; x_wconf 77' lang='grc' dir='ltr'><strong>ἀπὸ</strong></span> <span class='ocrx_word' id='word_1_610' title='bbox 2826 2868 3023 2940; x_wconf 77' lang='grc' dir='ltr'>φόνων,</span> <span class='ocrx_word' id='word_1_611' title='bbox 3052 2868 3160 2924; x_wconf 67' lang='grc' dir='ltr'>ἀπὸ</span> <span class='ocrx_word' id='word_1_612' title='bbox 3187 2866 3433 2941; x_wconf 80' lang='grc' dir='ltr'>πληγῶν,</span> <span class='ocrx_word' id='word_1_613' title='bbox 3466 2866 3621 2939; x_wconf 71' lang='grc' dir='ltr'>ἐλεηο</span> 
     </span>
    </p>
   </div>
   <div class='ocr_carea' id='block_1_85' title="bbox 2057 2963 2690 3034">
    <p class='ocr_par' dir='ltr' id='par_1_85' title="bbox 2057 2963 2690 3034">
     <span class='ocr_line' id='line_1_85' title="bbox 2057 2963 2690 3034; baseline 0.002 -17"><span class='ocrx_word' id='word_1_614' title='bbox 2057 2963 2298 3034; x_wconf 82' lang='grc' dir='ltr'>μοσύνην</span> <span class='ocrx_word' id='word_1_615' title='bbox 2318 2964 2366 2995; x_wconf 72' lang='grc'><strong>’⁸⁸</strong></span> <span class='ocrx_word' id='word_1_616' title='bbox 2399 2963 2690 3034; x_wconf 84' lang='grc' dir='ltr'>βρυούσας.</span> 
     </span>
    </p>
   </div>
   <div class='ocr_carea' id='block_1_86' title="bbox 2121 3050 3621 3123">
    <p class='ocr_par' dir='ltr' id='par_1_86' title="bbox 2121 3050 3621 3123">
     <span class='ocr_line' id='line_1_86' title="bbox 2121 3050 3621 3123; baseline -0.005 -14"><span class='ocrx_word' id='word_1_617' title='bbox 2121 3056 2308 3123; x_wconf 72' lang='grc' dir='ltr'>Χωρίς</span> <span class='ocrx_word' id='word_1_618' title='bbox 2343 3053 2525 3123; x_wconf 78' lang='grc' dir='ltr'>ὀργῆς</span> <span class='ocrx_word' id='word_1_619' title='bbox 2557 3053 2657 3107; x_wconf 77' lang='grc' dir='ltr'><strong>καί</strong></span> <span class='ocrx_word' id='word_1_620' title='bbox 2695 3050 3109 3123; x_wconf 71' lang='grc' dir='ltr'><strong>διαλογισμοῦ.</strong></span> <span class='ocrx_word' id='word_1_621' title='bbox 3137 3051 3414 3116; x_wconf 73' lang='grc' dir='ltr'>Τουτιστι,</span> <span class='ocrx_word' id='word_1_622' title='bbox 3456 3050 3621 3121; x_wconf 74' lang='grc' dir='ltr'>χωρἰς</span> 
     </span>
    </p>
   </div>
   <div class='ocr_carea' id='block_1_87' title="bbox 2053 3140 3618 3216">
    <p class='ocr_par' dir='ltr' id='par_1_87' title="bbox 2053 3140 3618 3216">
     <span class='ocr_line' id='line_1_87' title="bbox 2053 3140 3618 3216; baseline -0.003 -19"><span class='ocrx_word' id='word_1_623' title='bbox 2053 3146 2419 3216; x_wconf 78' lang='grc' dir='ltr'><strong>μνησικακίας</strong></span> <span class='ocrx_word' id='word_1_624' title='bbox 2472 3145 2567 3197; x_wconf 77' lang='grc' dir='ltr'><strong>καὶ</strong></span> <span class='ocrx_word' id='word_1_625' title='bbox 2611 3143 2915 3213; x_wconf 82' lang='grc' dir='ltr'>ὲμπαθείας</span> <span class='ocrx_word' id='word_1_626' title='bbox 2940 3143 3041 3212; x_wconf 83' lang='grc' dir='ltr'>τῆς</span> <span class='ocrx_word' id='word_1_627' title='bbox 3084 3142 3223 3213; x_wconf 68' lang='grc' dir='ltr'>πρὸς</span> <span class='ocrx_word' id='word_1_628' title='bbox 3252 3142 3343 3194; x_wconf 78' lang='grc' dir='ltr'>τὸν</span> <span class='ocrx_word' id='word_1_629' title='bbox 3372 3140 3618 3209; x_wconf 81' lang='grc' dir='ltr'>ἀδελφόν.</span> 
     </span>
    </p>
   </div>
   <div class='ocr_carea' id='block_1_88' title="bbox 2049 3231 3620 3306">
    <p class='ocr_par' dir='ltr' id='par_1_88' title="bbox 2049 3231 3620 3306">
     <span class='ocr_line' id='line_1_88' title="bbox 2049 3231 3620 3306; baseline -0.006 -13"><span class='ocrx_word' id='word_1_630' title='bbox 2049 3236 2413 3306; x_wconf 74' lang='grc' dir='ltr'>Διαλογισμὸν</span> <span class='ocrx_word' id='word_1_631' title='bbox 2444 3236 2500 3288; x_wconf 82' lang='grc' dir='ltr'>δὲ</span> <span class='ocrx_word' id='word_1_632' title='bbox 2526 3235 2627 3306; x_wconf 83' lang='grc' dir='ltr'><strong>τὴν</strong></span> <span class='ocrx_word' id='word_1_633' title='bbox 2653 3234 2983 3306; x_wconf 69' lang='grc' dir='ltr'>ἀμφιϐολίαν</span> <span class='ocrx_word' id='word_1_634' title='bbox 3015 3235 3146 3304; x_wconf 80' lang='grc' dir='ltr'><strong>φησί</strong></span> <span class='ocrx_word' id='word_1_635' title='bbox 3168 3249 3182 3264; x_wconf 88' lang='grc'>·</span> <span class='ocrx_word' id='word_1_636' title='bbox 3214 3234 3508 3297; x_wconf 82' lang='grc' dir='ltr'>τουτέστιν,</span> <span class='ocrx_word' id='word_1_637' title='bbox 3535 3231 3620 3287; x_wconf 80' lang='grc' dir='ltr'><strong>ἵνα</strong></span> 
     </span>
    </p>
   </div>
   <div class='ocr_carea' id='block_1_89' title="bbox 2053 3322 3621 3400">
    <p class='ocr_par' dir='ltr' id='par_1_89' title="bbox 2053 3322 3621 3400">
     <span class='ocr_line' id='line_1_89' title="bbox 2053 3322 3621 3400; baseline -0.006 -17"><span class='ocrx_word' id='word_1_638' title='bbox 2053 3329 2129 3400; x_wconf 83' lang='grc' dir='ltr'>μὴ</span> <span class='ocrx_word' id='word_1_639' title='bbox 2159 3328 2479 3398; x_wconf 73' lang='grc' dir='ltr'>ἀμφιϐόλως</span> <span class='ocrx_word' id='word_1_640' title='bbox 2531 3328 2625 3379; x_wconf 72' lang='grc' dir='ltr'><strong>καὶ</strong></span> <span class='ocrx_word' id='word_1_641' title='bbox 2655 3328 2792 3395; x_wconf 83' lang='grc' dir='ltr'><strong>μετά</strong></span> <span class='ocrx_word' id='word_1_642' title='bbox 2833 3324 3133 3394; x_wconf 82' lang='grc' dir='ltr'>δισταγμοῦ</span> <span class='ocrx_word' id='word_1_643' title='bbox 3161 3326 3459 3397; x_wconf 82' lang='grc' dir='ltr'>προσέρχῃ,</span> <span class='ocrx_word' id='word_1_644' title='bbox 3489 3322 3621 3379; x_wconf 69' lang='grc' dir='ltr'>ἀλλὰ</span> 
     </span>
    </p>
   </div>
   <div class='ocr_carea' id='block_1_90' title="bbox 2053 3417 3623 3490">
    <p class='ocr_par' dir='ltr' id='par_1_90' title="bbox 2053 3417 3623 3490">
     <span class='ocr_line' id='line_1_90' title="bbox 2053 3417 3623 3490; baseline -0.003 -16"><span class='ocrx_word' id='word_1_645' title='bbox 2053 3421 2327 3474; x_wconf 85' lang='grc' dir='ltr'>πιστεύων</span> <span class='ocrx_word' id='word_1_646' title='bbox 2385 3421 2479 3474; x_wconf 61' lang='grc' dir='ltr'><strong>καὶ⁵</strong></span> <span class='ocrx_word' id='word_1_647' title='bbox 2521 3421 2596 3490; x_wconf 81' lang='grc' dir='ltr'>μὴ</span> <span class='ocrx_word' id='word_1_648' title='bbox 2640 3418 3069 3490; x_wconf 79' lang='grc' dir='ltr'>διακρινόμενος,</span> <span class='ocrx_word' id='word_1_649' title='bbox 3119 3418 3414 3483; x_wconf 81' lang='grc' dir='ltr'>τουτέστιν,</span> <span class='ocrx_word' id='word_1_650' title='bbox 3451 3417 3623 3488; x_wconf 70' lang='grc' dir='ltr'>ἀμφιι-</span> 
     </span>
    </p>
   </div>
   <div class='ocr_carea' id='block_1_91' title="bbox 2050 3507 3621 3586">
    <p class='ocr_par' dir='ltr' id='par_1_91' title="bbox 2050 3507 3621 3586">
     <span class='ocr_line' id='line_1_91' title="bbox 2050 3507 3621 3586; baseline -0.003 -20"><span class='ocrx_word' id='word_1_651' title='bbox 2050 3513 2264 3569; x_wconf 85' lang='grc' dir='ltr'>δάλλων</span> <span class='ocrx_word' id='word_1_652' title='bbox 2294 3512 2376 3565; x_wconf 84' lang='grc' dir='ltr'>ὅτι</span> <span class='ocrx_word' id='word_1_653' title='bbox 2427 3510 2460 3586; x_wconf 78' lang='grc' dir='ltr'><strong>ἦ</strong></span> <span class='ocrx_word' id='word_1_654' title='bbox 2513 3511 2681 3583; x_wconf 75' lang='grc' dir='ltr'>λήψῃ,</span> <span class='ocrx_word' id='word_1_655' title='bbox 2710 3510 2742 3582; x_wconf 79' lang='grc' dir='ltr'>ἢ</span> <span class='ocrx_word' id='word_1_656' title='bbox 2790 3511 2851 3564; x_wconf 90' lang='grc' dir='ltr'><strong>ού</strong></span> <span class='ocrx_word' id='word_1_657' title='bbox 2904 3509 3128 3584; x_wconf 50' lang='grc' dir='ltr'>λήψιῃά</span> <span class='ocrx_word' id='word_1_658' title='bbox 3166 3512 3356 3573; x_wconf 84' lang='grc' dir='ltr'>αίτεῑς.</span> <span class='ocrx_word' id='word_1_659' title='bbox 3385 3510 3503 3573; x_wconf 84' lang='grc' dir='ltr'><strong>Πῶς</strong></span> <span class='ocrx_word' id='word_1_660' title='bbox 3528 3507 3621 3562; x_wconf 80' lang='grc' dir='ltr'><strong>οὖν</strong></span> 
     </span>
    </p>
   </div>
   <div class='ocr_carea' id='block_1_92' title="bbox 2049 3599 3618 3672">
    <p class='ocr_par' dir='ltr' id='par_1_92' title="bbox 2049 3599 3618 3672">
     <span class='ocr_line' id='line_1_92' title="bbox 2049 3599 3618 3672; baseline -0.001 -14"><span class='ocrx_word' id='word_1_661' title='bbox 2049 3604 2202 3658; x_wconf 72' lang='grc' dir='ltr'>ἔσται</span> <span class='ocrx_word' id='word_1_662' title='bbox 2242 3602 2441 3671; x_wconf 71' lang='grc' dir='ltr'>τοῦτοξς</span> <span class='ocrx_word' id='word_1_663' title='bbox 2477 3601 2663 3672; x_wconf 75' lang='grc' dir='ltr'>φησιν.</span> <span class='ocrx_word' id='word_1_664' title='bbox 2700 3601 2798 3672; x_wconf 69' lang='lat' dir='ltr'><strong>&quot;Av</strong></span> <span class='ocrx_word' id='word_1_665' title='bbox 2856 3602 3021 3671; x_wconf 77' lang='grc' dir='ltr'>μηδὲν</span> <span class='ocrx_word' id='word_1_666' title='bbox 3066 3602 3224 3672; x_wconf 68' lang='grc' dir='ltr'>αἰτῇς</span> <span class='ocrx_word' id='word_1_667' title='bbox 3251 3601 3489 3653; x_wconf 79' lang='grc' dir='ltr'>ἐναντίον</span> <span class='ocrx_word' id='word_1_668' title='bbox 3525 3599 3618 3657; x_wconf 70' lang='grc' dir='ltr'>τοῦ</span> 
     </span>
    </p>
   </div>
   <div class='ocr_carea' id='block_1_93' title="bbox 2049 3670 3619 3765">
    <p class='ocr_par' dir='ltr' id='par_1_93' title="bbox 2049 3670 3619 3765">
     <span class='ocr_line' id='line_1_93' title="bbox 2049 3670 3619 3765; baseline -0.002 -18"><span class='ocrx_word' id='word_1_669' title='bbox 2049 3694 2353 3764; x_wconf 79' lang='grc' dir='ltr'>θελήματος</span> <span class='ocrx_word' id='word_1_670' title='bbox 2383 3670 2572 3762; x_wconf 75' lang='grc' dir='ltr'>αὐτού,</span> <span class='ocrx_word' id='word_1_671' title='bbox 2604 3695 2671 3748; x_wconf 80' lang='grc' dir='ltr'><strong>ἀν</strong></span> <span class='ocrx_word' id='word_1_672' title='bbox 2907 3670 3125 3759; x_wconf 77' lang='grc' dir='ltr'>ἀνάξιον</span> <span class='ocrx_word' id='word_1_673' title='bbox 3154 3670 3246 3745; x_wconf 77' lang='grc' dir='ltr'>τοῦ</span> <span class='ocrx_word' id='word_1_674' title='bbox 3272 3689 3530 3764; x_wconf 73' lang='grc' dir='ltr'>βασιλέως</span> <span class='ocrx_word' id='word_1_675' title='bbox 3549 3692 3619 3754; x_wconf 73' lang='grc' dir='ltr'>η,</span> 
     </span>
    </p>
   </div>
   <div class='ocr_carea' id='block_1_94' title="bbox 2049 3784 3622 3858">
    <p class='ocr_par' dir='ltr' id='par_1_94' title="bbox 2049 3784 3622 3858">
     <span class='ocr_line' id='line_1_94' title="bbox 2049 3784 3622 3858; baseline -0.001 -17"><span class='ocrx_word' id='word_1_676' title='bbox 2049 3787 2185 3842; x_wconf 70' lang='grc' dir='ltr'>ἀλλὰ</span> <span class='ocrx_word' id='word_1_677' title='bbox 2213 3788 2390 3843; x_wconf 79' lang='grc' dir='ltr'>πάντα</span> <span class='ocrx_word' id='word_1_678' title='bbox 2423 3787 2791 3858; x_wconf 85' lang='grc' dir='ltr'>πνευματικὰ,</span> <span class='ocrx_word' id='word_1_679' title='bbox 2840 3785 2906 3840; x_wconf 83' lang='grc' dir='ltr'>ἂν</span> <span class='ocrx_word' id='word_1_680' title='bbox 2944 3785 3083 3856; x_wconf 86' lang='grc' dir='ltr'><strong>μετά</strong></span> <span class='ocrx_word' id='word_1_681' title='bbox 3109 3784 3272 3838; x_wconf 86' lang='grc' dir='ltr'>ὁσίων</span> <span class='ocrx_word' id='word_1_682' title='bbox 3295 3784 3495 3857; x_wconf 78' lang='grc' dir='ltr'>χειρῶν</span> <span class='ocrx_word' id='word_1_683' title='bbox 3527 3784 3622 3839; x_wconf 77' lang='grc' dir='ltr'><strong>καὶ</strong></span> 
     </span>
    </p>
   </div>
   <div class='ocr_carea' id='block_1_95' title="bbox 2047 3879 2436 3952">
    <p class='ocr_par' dir='ltr' id='par_1_95' title="bbox 2047 3879 2436 3952">
     <span class='ocr_line' id='line_1_95' title="bbox 2047 3879 2436 3952; baseline -0.021 -2"><span class='ocrx_word' id='word_1_684' title='bbox 2047 3879 2219 3950; x_wconf 72' lang='grc' dir='ltr'>χωρὶς</span> <span class='ocrx_word' id='word_1_685' title='bbox 2246 3879 2436 3952; x_wconf 76' lang='grc' dir='ltr'>ὀργῆς.</span> 
     </span>
    </p>
   </div>
   <div class='ocr_carea' id='block_1_96' title="bbox 2133 3959 3622 4037">
    <p class='ocr_par' dir='ltr' id='par_1_96' title="bbox 2133 3959 3622 4037">
     <span class='ocr_line' id='line_1_96' title="bbox 2133 3959 3622 4037; baseline -0.007 -14"><span class='ocrx_word' id='word_1_686' title='bbox 2133 3969 2429 4035; x_wconf 83' lang='grc' dir='ltr'>Ὡσαύτως</span> <span class='ocrx_word' id='word_1_687' title='bbox 2456 3966 2680 4035; x_wconf 73' lang='grc' dir='ltr'>καὶτὰς</span> <span class='ocrx_word' id='word_1_688' title='bbox 2704 3964 3009 4037; x_wconf 77' lang='grc' dir='ltr'>γυναῖκας.</span> <span class='ocrx_word' id='word_1_689' title='bbox 3037 3962 3326 4035; x_wconf 85' lang='grc' dir='ltr'>Βούλομαι.</span> <span class='ocrx_word' id='word_1_690' title='bbox 3354 3961 3507 4031; x_wconf 67' lang='grc' dir='ltr'>φησι,</span> <span class='ocrx_word' id='word_1_691' title='bbox 3531 3959 3622 4015; x_wconf 76' lang='grc' dir='ltr'>καὶ</span> 
     </span>
    </p>
   </div>
   <div class='ocr_carea' id='block_1_97' title="bbox 2049 4054 3621 4133">
    <p class='ocr_par' dir='ltr' id='par_1_97' title="bbox 2049 4054 3621 4133">
     <span class='ocr_line' id='line_1_97' title="bbox 2049 4054 3621 4133; baseline -0.006 -20"><span class='ocrx_word' id='word_1_692' title='bbox 2049 4061 2220 4124; x_wconf 69' lang='grc' dir='ltr'>αὐτὰς</span> <span class='ocrx_word' id='word_1_693' title='bbox 2258 4061 2426 4132; x_wconf 78' lang='grc' dir='ltr'>χωρὶς</span> <span class='ocrx_word' id='word_1_694' title='bbox 2476 4059 2649 4133; x_wconf 80' lang='grc' dir='ltr'>ὀργῆς</span> <span class='ocrx_word' id='word_1_695' title='bbox 2692 4058 2789 4113; x_wconf 62' lang='grc' dir='ltr'><strong>καὶ⁵</strong></span> <span class='ocrx_word' id='word_1_696' title='bbox 2825 4056 3174 4126; x_wconf 78' lang='grc' dir='ltr'>διαλογισμοῦ</span> <span class='ocrx_word' id='word_1_697' title='bbox 3224 4054 3400 4117; x_wconf 82' lang='grc' dir='ltr'><strong>ὁσίους</strong></span> <span class='ocrx_word' id='word_1_698' title='bbox 3435 4054 3621 4124; x_wconf 85' lang='grc' dir='ltr'>χεῖρας</span> 
     </span>
    </p>
   </div>
   <div class='ocr_carea' id='block_1_98' title="bbox 2049 4144 3619 4221">
    <p class='ocr_par' dir='ltr' id='par_1_98' title="bbox 2049 4144 3619 4221">
     <span class='ocr_line' id='line_1_98' title="bbox 2049 4144 3619 4221; baseline -0.005 -17"><span class='ocrx_word' id='word_1_699' title='bbox 2049 4151 2225 4221; x_wconf 81' lang='grc' dir='ltr'>ατρειν</span> <span class='ocrx_word' id='word_1_700' title='bbox 2242 4149 2311 4215; x_wconf 82' lang='grc'><strong>⁸³,</strong></span> <span class='ocrx_word' id='word_1_701' title='bbox 2344 4152 2441 4204; x_wconf 81' lang='grc' dir='ltr'>καὶ</span> <span class='ocrx_word' id='word_1_702' title='bbox 2473 4151 2548 4221; x_wconf 84' lang='grc' dir='ltr'><strong>μὴ</strong></span> <span class='ocrx_word' id='word_1_703' title='bbox 2588 4148 3021 4221; x_wconf 80' lang='grc' dir='ltr'>διαρπαζούσας,</span> <span class='ocrx_word' id='word_1_704' title='bbox 3064 4146 3140 4217; x_wconf 81' lang='grc' dir='ltr'>μὴ</span> <span class='ocrx_word' id='word_1_705' title='bbox 3175 4144 3619 4205; x_wconf 83' lang='grc' dir='ltr'>πλεονεκτούσας.</span> 
     </span>
    </p>
   </div>
   <div class='ocr_carea' id='block_1_99' title="bbox 2054 4234 3618 4313">
    <p class='ocr_par' dir='ltr' id='par_1_99' title="bbox 2054 4234 3618 4313">
     <span class='ocr_line' id='line_1_99' title="bbox 2054 4234 3618 4313; baseline -0.008 -17"><span class='ocrx_word' id='word_1_706' title='bbox 2054 4243 2225 4296; x_wconf 87' lang='grc' dir='ltr'>Ὅταν</span> <span class='ocrx_word' id='word_1_707' title='bbox 2252 4245 2361 4313; x_wconf 85' lang='grc' dir='ltr'><strong>γάρ</strong></span> <span class='ocrx_word' id='word_1_708' title='bbox 2388 4242 2479 4296; x_wconf 83' lang='grc' dir='ltr'><strong>τὸν</strong></span> <span class='ocrx_word' id='word_1_709' title='bbox 2524 4241 2697 4307; x_wconf 75' lang='grc' dir='ltr'>ἄνδρα</span> <span class='ocrx_word' id='word_1_710' title='bbox 2738 4237 3020 4309; x_wconf 79' lang='grc' dir='ltr'>ἀναγκάζῃ</span> <span class='ocrx_word' id='word_1_711' title='bbox 3050 4239 3083 4305; x_wconf 79' lang='grc' dir='ltr'>ἡ</span> <span class='ocrx_word' id='word_1_712' title='bbox 3114 4236 3252 4305; x_wconf 85' lang='grc' dir='ltr'><strong>γυνὴ</strong></span> <span class='ocrx_word' id='word_1_713' title='bbox 3276 4234 3454 4296; x_wconf 78' lang='grc' dir='ltr'><strong>λίθους</strong></span> <span class='ocrx_word' id='word_1_714' title='bbox 3480 4234 3618 4307; x_wconf 70' lang='grc' dir='ltr'>αὐτῇ</span> 
     </span>
    </p>
   </div>
   <div class='ocr_carea' id='block_1_100' title="bbox 2052 4328 3624 4411">
    <p class='ocr_par' dir='ltr' id='par_1_100' title="bbox 2052 4328 3624 4411">
     <span class='ocr_line' id='line_1_100' title="bbox 2052 4328 3624 4411; baseline -0.006 -18"><span class='ocrx_word' id='word_1_715' title='bbox 2052 4340 2297 4411; x_wconf 79' lang='grc' dir='ltr'>πορίζειν</span> <span class='ocrx_word' id='word_1_716' title='bbox 2328 4339 2423 4392; x_wconf 79' lang='grc' dir='ltr'>καὶ</span> <span class='ocrx_word' id='word_1_717' title='bbox 2448 4337 2648 4408; x_wconf 79' lang='grc' dir='ltr'>χρυσία</span> <span class='ocrx_word' id='word_1_718' title='bbox 2665 4336 2733 4400; x_wconf 74' lang='grc'><strong>⁸⁵,</strong></span> <span class='ocrx_word' id='word_1_719' title='bbox 2764 4337 2792 4388; x_wconf 90' lang='lat'><strong>6</strong></span> <span class='ocrx_word' id='word_1_720' title='bbox 2817 4334 2873 4386; x_wconf 80' lang='grc' dir='ltr'>δὲ</span> <span class='ocrx_word' id='word_1_721' title='bbox 2903 4333 3198 4402; x_wconf 71' lang='grc' dir='ltr'>πλεονεκτῇ</span> <span class='ocrx_word' id='word_1_722' title='bbox 3214 4331 3283 4398; x_wconf 85' lang='grc'>⁸⁸,</span> <span class='ocrx_word' id='word_1_723' title='bbox 3318 4328 3458 4401; x_wconf 83' lang='grc' dir='ltr'>αύτὴ</span> <span class='ocrx_word' id='word_1_724' title='bbox 3487 4330 3624 4383; x_wconf 71' lang='grc' dir='ltr'><strong>ιιιάν⁹</strong></span> 
     </span>
    </p>
   </div>
   <div class='ocr_carea' id='block_1_101' title="bbox 1985 4428 2449 4500">
    <p class='ocr_par' dir='ltr' id='par_1_101' title="bbox 1985 4428 2449 4500">
     <span class='ocr_line' id='line_1_101' title="bbox 1985 4428 2449 4500; baseline -0.015 -10"><span class='ocrx_word' id='word_1_725' title='bbox 1985 4432 2030 4490; x_wconf 84' lang='lat' dir='ltr'><strong>D</strong></span> <span class='ocrx_word' id='word_1_726' title='bbox 2058 4450 2163 4494; x_wconf 89' lang='grc' dir='ltr'><strong>τως</strong></span> <span class='ocrx_word' id='word_1_727' title='bbox 2191 4428 2449 4500; x_wconf 79' lang='grc' dir='ltr'>ἀρπάςει.</span> 
     </span>
    </p>
   </div>
   <div class='ocr_carea' id='block_1_102' title="bbox 2136 4514 3625 4589">
    <p class='ocr_par' dir='ltr' id='par_1_102' title="bbox 2136 4514 3625 4589">
     <span class='ocr_line' id='line_1_102' title="bbox 2136 4514 3625 4589; baseline -0.005 -15"><span class='ocrx_word' id='word_1_728' title='bbox 2136 4522 2241 4574; x_wconf 81' lang='grc' dir='ltr'><strong>Ἐν</strong></span> <span class='ocrx_word' id='word_1_729' title='bbox 2276 4517 2622 4587; x_wconf 74' lang='grc' dir='ltr'>καταστολῇ</span> <span class='ocrx_word' id='word_1_730' title='bbox 2661 4518 2904 4589; x_wconf 74' lang='grc' dir='ltr'>κοσμία,</span> <span class='ocrx_word' id='word_1_731' title='bbox 2938 4519 3065 4587; x_wconf 82' lang='grc' dir='ltr'>μετ’</span> <span class='ocrx_word' id='word_1_732' title='bbox 3112 4515 3323 4583; x_wconf 81' lang='grc' dir='ltr'>αίδοῦς</span> <span class='ocrx_word' id='word_1_733' title='bbox 3355 4514 3453 4570; x_wconf 74' lang='grc' dir='ltr'>καὶ</span> <span class='ocrx_word' id='word_1_734' title='bbox 3509 4529 3625 4569; x_wconf 81' lang='grc' dir='ltr'>σω-</span> 
     </span>
    </p>
   </div>
   <div class='ocr_carea' id='block_1_103' title="bbox 2050 4605 3624 4682">
    <p class='ocr_par' dir='ltr' id='par_1_103' title="bbox 2050 4605 3624 4682">
     <span class='ocr_line' id='line_1_103' title="bbox 2050 4605 3624 4682; baseline -0.009 -13"><span class='ocrx_word' id='word_1_735' title='bbox 2050 4614 2363 4682; x_wconf 69' lang='grc' dir='ltr'>φροσύνης</span> <span class='ocrx_word' id='word_1_736' title='bbox 2426 4612 2678 4681; x_wconf 82' lang='grc' dir='ltr'>κοσμεῖν</span> <span class='ocrx_word' id='word_1_737' title='bbox 2717 4609 2955 4676; x_wconf 81' lang='grc' dir='ltr'>ἑαυτάς.</span> <span class='ocrx_word' id='word_1_738' title='bbox 3015 4611 3182 4664; x_wconf 83' lang='grc' dir='ltr'>Πλέον</span> <span class='ocrx_word' id='word_1_739' title='bbox 3232 4625 3286 4662; x_wconf 83' lang='grc' dir='ltr'><strong>τι</strong></span> <span class='ocrx_word' id='word_1_740' title='bbox 3335 4606 3487 4679; x_wconf 79' lang='grc' dir='ltr'>παρὰ</span> <span class='ocrx_word' id='word_1_741' title='bbox 3516 4605 3624 4661; x_wconf 74' lang='grc' dir='ltr'><strong>τῶν</strong></span> 
     </span>
    </p>
   </div>
   <div class='ocr_carea' id='block_1_104' title="bbox 2050 4694 3622 4771">
    <p class='ocr_par' dir='ltr' id='par_1_104' title="bbox 2050 4694 3622 4771">
     <span class='ocr_line' id='line_1_104' title="bbox 2050 4694 3622 4771; baseline -0.003 -17"><span class='ocrx_word' id='word_1_742' title='bbox 2050 4700 2328 4771; x_wconf 78' lang='grc' dir='ltr'>γυναικῶν</span> <span class='ocrx_word' id='word_1_743' title='bbox 2377 4703 2620 4767; x_wconf 82' lang='grc' dir='ltr'>ἀπαιτεῖ,</span> <span class='ocrx_word' id='word_1_744' title='bbox 2651 4701 2711 4755; x_wconf 79' lang='grc' dir='ltr'>τὸ</span> <span class='ocrx_word' id='word_1_745' title='bbox 2751 4699 3057 4754; x_wconf 79' lang='grc' dir='ltr'>ὲστολίσθαι</span> <span class='ocrx_word' id='word_1_746' title='bbox 3128 4699 3391 4769; x_wconf 86' lang='grc' dir='ltr'>κοσμίως.</span> <span class='ocrx_word' id='word_1_747' title='bbox 3427 4696 3521 4750; x_wconf 77' lang='grc' dir='ltr'>καὶ</span> <span class='ocrx_word' id='word_1_748' title='bbox 3550 4694 3622 4764; x_wconf 78' lang='grc' dir='ltr'><strong>μὴ</strong></span> 
     </span>
    </p>
   </div>
   <div class='ocr_carea' id='block_1_105' title="bbox 2054 4788 3623 4861">
    <p class='ocr_par' dir='ltr' id='par_1_105' title="bbox 2054 4788 3623 4861">
     <span class='ocr_line' id='line_1_105' title="bbox 2054 4788 3623 4861; baseline -0.003 -18"><span class='ocrx_word' id='word_1_749' title='bbox 2054 4791 2400 4861; x_wconf 75' lang='grc' dir='ltr'>περιέργωςο</span> <span class='ocrx_word' id='word_1_750' title='bbox 2455 4791 2697 4861; x_wconf 81' lang='grc' dir='ltr'>ἀκοσμία</span> <span class='ocrx_word' id='word_1_751' title='bbox 2744 4791 2852 4861; x_wconf 87' lang='grc' dir='ltr'><strong>γάρ</strong></span> <span class='ocrx_word' id='word_1_752' title='bbox 2916 4792 3114 4845; x_wconf 75' lang='grc' dir='ltr'>ἐκεῖνο.</span> <span class='ocrx_word' id='word_1_753' title='bbox 3170 4788 3521 4859; x_wconf 80' lang='grc' dir='ltr'>Καταστολὴν</span> <span class='ocrx_word' id='word_1_754' title='bbox 3568 4788 3623 4840; x_wconf 83' lang='grc' dir='ltr'>δὲ</span> 
     </span>
    </p>
   </div>
   <div class='ocr_carea' id='block_1_106' title="bbox 2050 4876 3621 4952">
    <p class='ocr_par' dir='ltr' id='par_1_106' title="bbox 2050 4876 3621 4952">
     <span class='ocr_line' id='line_1_106' title="bbox 2050 4876 3621 4952; baseline 0 -20"><span class='ocrx_word' id='word_1_755' title='bbox 2050 4879 2201 4949; x_wconf 76' lang='grc' dir='ltr'>λέγει</span> <span class='ocrx_word' id='word_1_756' title='bbox 2228 4881 2290 4934; x_wconf 82' lang='grc' dir='ltr'>τὸ</span> <span class='ocrx_word' id='word_1_757' title='bbox 2338 4881 2601 4935; x_wconf 76' lang='grc' dir='ltr'>πάντοθεν</span> <span class='ocrx_word' id='word_1_758' title='bbox 2658 4880 3081 4952; x_wconf 75' lang='grc' dir='ltr'>περιεσταλῆναι</span> <span class='ocrx_word' id='word_1_759' title='bbox 3130 4882 3223 4934; x_wconf 76' lang='grc' dir='ltr'>καὶ</span> <span class='ocrx_word' id='word_1_760' title='bbox 3281 4876 3621 4946; x_wconf 65' lang='grc' dir='ltr'><strong>συγκεκαλύ⁵</strong></span> 
     </span>
    </p>
   </div>
   <div class='ocr_carea' id='block_1_107' title="bbox 2052 4969 3626 5042">
    <p class='ocr_par' dir='ltr' id='par_1_107' title="bbox 2052 4969 3626 5042">
     <span class='ocr_line' id='line_1_107' title="bbox 2052 4969 3626 5042; baseline -0.001 -18"><span class='ocrx_word' id='word_1_761' title='bbox 2052 4971 2207 5039; x_wconf 83' lang='grc' dir='ltr'>φθαι,</span> <span class='ocrx_word' id='word_1_762' title='bbox 2237 4972 2370 5024; x_wconf 83' lang='grc' dir='ltr'><strong>ἀλλά</strong></span> <span class='ocrx_word' id='word_1_763' title='bbox 2405 4972 2479 5042; x_wconf 80' lang='grc' dir='ltr'>μὴ</span> <span class='ocrx_word' id='word_1_764' title='bbox 2514 4971 2960 5042; x_wconf 80' lang='grc' dir='ltr'>ἀνακεκαλύφθαι</span> <span class='ocrx_word' id='word_1_765' title='bbox 3019 4970 3415 5040; x_wconf 79' lang='grc' dir='ltr'>ἀναισχύντως.</span> <span class='ocrx_word' id='word_1_766' title='bbox 3460 4969 3626 5025; x_wconf 73' lang='grc' dir='ltr'><strong>Ἐπάο</strong></span> 
     </span>
    </p>
   </div>
   <div class='ocr_carea' id='block_1_108' title="bbox 2049 5062 3276 5134">
    <p class='ocr_par' dir='ltr' id='par_1_108' title="bbox 2049 5062 3276 5134">
     <span class='ocr_line' id='line_1_108' title="bbox 2049 5062 3276 5134; baseline -0.001 -18"><span class='ocrx_word' id='word_1_767' title='bbox 2049 5079 2136 5132; x_wconf 84' lang='grc' dir='ltr'><strong>γει</strong></span> <span class='ocrx_word' id='word_1_768' title='bbox 2168 5063 2295 5134; x_wconf 83' lang='grc' dir='ltr'>γὰρ,</span> <span class='ocrx_word' id='word_1_769' title='bbox 2312 5062 2462 5133; x_wconf 82' lang='grc' dir='ltr'>μετὰ</span> <span class='ocrx_word' id='word_1_770' title='bbox 2489 5063 2693 5130; x_wconf 72' lang='grc' dir='ltr'>αἰδοῦς</span> <span class='ocrx_word' id='word_1_771' title='bbox 2727 5064 2824 5118; x_wconf 75' lang='grc' dir='ltr'><strong>καί</strong></span> <span class='ocrx_word' id='word_1_772' title='bbox 2856 5063 3276 5132; x_wconf 68' lang='grc' dir='ltr'><strong>σωφροσύνης.</strong></span> 
     </span>
    </p>
   </div>
   <div class='ocr_carea' id='block_1_109' title="bbox 2129 5232 3621 5309">
    <p class='ocr_par' dir='ltr' id='par_1_109' title="bbox 2129 5232 3621 5309">
     <span class='ocr_line' id='line_1_109' title="bbox 2129 5232 3621 5309; baseline -0.002 -18"><span class='ocrx_word' id='word_1_773' title='bbox 2129 5238 2226 5306; x_wconf 73' lang='grc' dir='ltr'><strong>Μὴ</strong></span> <span class='ocrx_word' id='word_1_774' title='bbox 2253 5238 2322 5292; x_wconf 82' lang='grc' dir='ltr'><strong>ἐν</strong></span> <span class='ocrx_word' id='word_1_775' title='bbox 2364 5238 2726 5308; x_wconf 69' lang='grc' dir='ltr'>πλέγμασιν,</span> <span class='ocrx_word' id='word_1_776' title='bbox 2759 5240 2798 5307; x_wconf 79' lang='grc' dir='ltr'><strong>ἢ</strong></span> <span class='ocrx_word' id='word_1_777' title='bbox 2825 5236 3054 5309; x_wconf 74' lang='grc' dir='ltr'>χρυσῷ,</span> <span class='ocrx_word' id='word_1_778' title='bbox 3084 5235 3123 5305; x_wconf 73' lang='grc' dir='ltr'>ἢ</span> <span class='ocrx_word' id='word_1_779' title='bbox 3144 5235 3547 5307; x_wconf 70' lang='grc' dir='ltr'>μαργαρίταις.</span> <span class='ocrx_word' id='word_1_780' title='bbox 3583 5232 3621 5301; x_wconf 84' lang='grc' dir='ltr'><strong>ἣ</strong></span> 
     </span>
    </p>
   </div>
   <div class='ocr_carea' id='block_1_110' title="bbox 2058 5327 3619 5403">
    <p class='ocr_par' dir='ltr' id='par_1_110' title="bbox 2058 5327 3619 5403">
     <span class='ocr_line' id='line_1_110' title="bbox 2058 5327 3619 5403; baseline -0.003 -21"><span class='ocrx_word' id='word_1_781' title='bbox 2058 5328 2354 5399; x_wconf 68' lang='grc' dir='ltr'>ἱματισμῷ</span> <span class='ocrx_word' id='word_1_782' title='bbox 2386 5330 2726 5386; x_wconf 74' lang='grc' dir='ltr'>πολυτελεῖ.</span> <span class='ocrx_word' id='word_1_783' title='bbox 2757 5328 3163 5403; x_wconf 85' lang='grc' dir='ltr'>Προσεύχεσθαι</span> <span class='ocrx_word' id='word_1_784' title='bbox 3195 5328 3303 5399; x_wconf 82' lang='grc' dir='ltr'>γὰρ</span> <span class='ocrx_word' id='word_1_785' title='bbox 3320 5327 3619 5398; x_wconf 75' lang='grc' dir='ltr'>ερχεται’¹“,</span> 
     </span>
    </p>
   </div>
   <div class='ocr_carea' id='block_1_111' title="bbox 1693 5533 2255 5601">
    <p class='ocr_par' dir='ltr' id='par_1_111' title="bbox 1693 5533 2255 5601">
     <span class='ocr_line' id='line_1_111' title="bbox 1693 5533 2255 5601; baseline 0.007 -6"><span class='ocrx_word' id='word_1_786' title='bbox 1693 5534 1896 5596; x_wconf 71' lang='lat' dir='ltr'><strong>Vat-ite</strong></span> <span class='ocrx_word' id='word_1_787' title='bbox 1926 5533 2255 5601; x_wconf 80' lang='lat' dir='ltr'><strong>lectiones.</strong></span> 
     </span>
    </p>
   </div>
   <div class='ocr_carea' id='block_1_112' title="bbox 449 5634 940 5709">
    <p class='ocr_par' dir='ltr' id='par_1_112' title="bbox 449 5634 940 5709">
     <span class='ocr_line' id='line_1_112' title="bbox 449 5634 940 5709; baseline 0.014 -24"><span class='ocrx_word' id='word_1_788' title='bbox 449 5634 492 5666; x_wconf 81' lang='grc'><strong>⁸¹</strong></span> <span class='ocrx_word' id='word_1_789' title='bbox 518 5635 853 5709; x_wconf 69' lang='grc' dir='ltr'>ὶλεημοσύνῃ</span> <span class='ocrx_word' id='word_1_790' title='bbox 887 5651 940 5692; x_wconf 88' lang='lat' dir='ltr'><strong>o.</strong></span> 
     </span>
    </p>
   </div>
   <div class='ocr_carea' id='block_1_113' title="bbox 385 5637 1633 5757">
    <p class='ocr_par' dir='ltr' id='par_1_113' title="bbox 385 5637 1633 5757">
     <span class='ocr_line' id='line_1_113' title="bbox 385 5637 1633 5757; baseline 0.02 -76"><span class='ocrx_word' id='word_1_791' title='bbox 385 5637 853 5757; x_wconf 43' lang='lat' dir='ltr'><strong>vagiqéuoaévn</strong></span> <span class='ocrx_word' id='word_1_792' title='bbox 887 5651 940 5692; x_wconf 85' lang='grc' dir='ltr'><strong>ο.</strong></span> <span class='ocrx_word' id='word_1_793' title='bbox 1044 5639 1089 5673; x_wconf 68' lang='grc' dir='ltr'><strong>θ’</strong></span> <span class='ocrx_word' id='word_1_794' title='bbox 1138 5637 1238 5711; x_wconf 75' lang='grc' dir='ltr'><strong>τῆς</strong></span> <span class='ocrx_word' id='word_1_795' title='bbox 1273 5637 1549 5709; x_wconf 64' lang='grc' dir='ltr'>βασιλείας</span> <span class='ocrx_word' id='word_1_796' title='bbox 1580 5652 1633 5695; x_wconf 87' lang='grc' dir='ltr'><strong>ο-</strong></span> 
     </span>
    </p>
   </div>
   <div class='ocr_carea' id='block_1_114' title="bbox 421 5721 685 5773">
    <p class='ocr_par' dir='ltr' id='par_1_114' title="bbox 421 5721 685 5773">
     <span class='ocr_line' id='line_1_114' title="bbox 421 5721 685 5773; baseline 0.015 -18"><span class='ocrx_word' id='word_1_797' title='bbox 421 5721 602 5773; x_wconf 69' lang='grc' dir='ltr'>εχεσυε</span> <span class='ocrx_word' id='word_1_798' title='bbox 631 5723 685 5759; x_wconf 89' lang='grc' dir='ltr'><em>ο.</em></span> 
     </span>
    </p>
   </div>
   <div class='ocr_carea' id='block_1_115' title="bbox 1738 5639 2037 5709">
    <p class='ocr_par' dir='ltr' id='par_1_115' title="bbox 1738 5639 2037 5709">
     <span class='ocr_line' id='line_1_115' title="bbox 1738 5639 2037 5709; baseline 0.023 -18"><span class='ocrx_word' id='word_1_799' title='bbox 1738 5639 1783 5672; x_wconf 83' lang='grc'><strong><em>⁸³</em></strong></span> <span class='ocrx_word' id='word_1_800' title='bbox 1810 5639 1956 5709; x_wconf 77' lang='grc' dir='ltr'>ἔχειν</span> <span class='ocrx_word' id='word_1_801' title='bbox 1981 5657 2037 5697; x_wconf 91' lang='grc' dir='ltr'>ο.</span> 
     </span>
    </p>
   </div>
   <div class='ocr_carea' id='block_1_116' title="bbox 2130 5640 3623 5718">
    <p class='ocr_par' dir='ltr' id='par_1_116' title="bbox 2130 5640 3623 5718">
     <span class='ocr_line' id='line_1_116' title="bbox 2130 5640 3623 5718; baseline -0.007 -15"><span class='ocrx_word' id='word_1_802' title='bbox 2130 5645 2177 5678; x_wconf 72' lang='grc'><strong>⁵⁵</strong></span> <span class='ocrx_word' id='word_1_803' title='bbox 2205 5646 2445 5718; x_wconf 78' lang='grc' dir='ltr'>ἀργύρια</span> <span class='ocrx_word' id='word_1_804' title='bbox 2473 5663 2524 5701; x_wconf 91' lang='grc' dir='ltr'><strong>ο.</strong></span> <span class='ocrx_word' id='word_1_805' title='bbox 2635 5646 2682 5679; x_wconf 74' lang='grc'><strong>⁸³</strong></span> <span class='ocrx_word' id='word_1_806' title='bbox 2708 5648 2850 5703; x_wconf 80' lang='grc' dir='ltr'>οκτεῖ</span> <span class='ocrx_word' id='word_1_807' title='bbox 2869 5663 2921 5705; x_wconf 92' lang='lat' dir='ltr'><strong>o.</strong></span> <span class='ocrx_word' id='word_1_808' title='bbox 3028 5645 3074 5679; x_wconf 81' lang='grc'>⁸⁸</span> <span class='ocrx_word' id='word_1_809' title='bbox 3098 5644 3497 5714; x_wconf 77' lang='grc' dir='ltr'>προσεύξασθαι</span> <span class='ocrx_word' id='word_1_810' title='bbox 3518 5640 3623 5715; x_wconf 76' lang='grc' dir='ltr'>γὰρ</span> 
     </span>
    </p>
   </div>
  </div>
