4006 6214
424 283 496 344 ao
1308 266 1893 349 THEOPHYLACTi
1938 290 2351 353 BUI.GARI.‘E
2384 297 2739 357 meme.
3604 302 3677 364 to

404 396 501 450 sed
553 393 960 466 mulierinquit,
985 395 1208 466 Serpens
1239 398 1440 468 decepit
1464 401 1749 456 me.Adatn
1782 414 1964 459 autem

2104 411 2217 476 ιυνή
2248 428 2433 481 φησιν,
2464 413 2545 466 ὅτι
2585 415 2646 466 '0
2678 414 2812 481 ὄφις
2854 413 3130 481 ἠπάτησέ
3172 428 3250 481 με
3286 430 3299 444 ·
3347 416 3375 466 ό
3408 414 3465 467 δὲ
3504 416 3676 486 ’Δδαμ

410 502 518 539 nun
560 486 715 550 dicit,
744 488 941 542 Mulier
992 489 1247 558 imposuit
1279 490 1409 543 mihi
1437 507 1451 545 :
1484 492 1601 557 sed,
1638 492 1795 548 Dedit
1826 495 1981 549 mihi.

411 578 527 632 Non
567 587 652 633 est
688 587 865 632 autem
905 581 1113 648 arquale
1175 583 1494 650 persuaderi
1526 585 1594 639 ab
1621 587 1863 654 ejusdem
1895 603 1987 656 ge-

403 671 555 723 neris
588 673 738 724 socio
772 679 825 723 et
866 670 1138 738 adjutore,
1168 681 1221 724 et
1261 687 1291 725 a
1332 674 1509 729 bellua
1546 691 1701 731 serva
1743 685 1797 730 et
1855 677 1987 732 sub-

402 761 570 831 jecta.
612 761 743 814 Illud
774 761 958 830 itaque
991 762 1325 833 deceptionis
1353 765 1477 821 fuit.
1510 767 1590 825 Ad
1616 770 1986 838 comparatio-

406 867 528 903 nem
567 851 729 921 igitur
761 851 993 916 feralium,
1025 853 1156 908 dicit
1187 855 1363 923 ipsum
1390 872 1494 911 non
1521 875 1642 915 esse
1673 862 1987 930 deceptum;

406 941 515 993 imo
539 958 635 996 uec
674 943 844 995 Adam
901 943 1121 1012 quidem
1194 946 1398 1016 lignum
1426 949 1576 1004 vidit
1611 952 1754 1020 quod
1787 952 1990 1007 bonum

405 1043 549 1088 esset
572 1035 636 1086 ad
666 1036 870 1100 cibum,
895 1035 987 1090 sed
1012 1038 1207 1092 mulier
1229 1041 1903 1112 eouspicata}seductaest,
1928 1059 1993 1099 ac

409 1122 600 1176 deinde
625 1124 740 1176 viro
757 1124 926 1180 dedit.
952 1126 1044 1179 Illa
1070 1126 1295 1196 itaquea
1317 1130 1615 1199 cupiditate
1637 1131 1857 1187 seducta
1890 1143 1991 1197 est,

405 1213 451 1265 is
487 1228 656 1264 verna
690 1215 913 1271 muliere
937 1231 1234 1284 persuasus
1265 1227 1369 1272 est.
1408 1219 1543 1273 Dicit
1578 1220 1779 1291 igitur:
1813 1221 1993 1277 Semel

406 1298 598 1350 mulier
632 1300 843 1360 docuit.
871 1308 923 1354 et
957 1317 1146 1357 omnes
1175 1306 1444 1360 subvertit
1475 1326 1488 1361 :
1515 1307 1615 1363 hoc
1638 1320 1863 1380 propter
1887 1327 1994 1366 non

406 1389 776 1446 dueeatsexus
809 1394 930 1446 iste.
967 1393 1126 1450 Levis
1159 1397 1301 1450 cnim
1329 1409 1436 1464 est,
1471 1409 1525 1455 et
1557 1400 1714 1456 facile
1740 1404 1993 1474 suscipit.

404 1481 567 1553 335,
587 1482 847 1553 facileque
862 1486 1035 1556 decipi
1061 1490 1506 1556 potest.0bserva
1519 1494 1663 1547 enim
1685 1512 1698 1548 :
1719 1511 1824 1550 non
1838 1497 1996 1561 dixit,

408 1573 516 1627 Eva
553 1577 803 1642 derepta:
836 1578 953 1637 sed.
985 1578 1206 1643 Mulier,
1243 1581 1310 1635 de
1336 1582 1456 1652 ipso
1503 1585 1755 1641 videlicet
1800 1588 1998 1644 mulie-

407 1659 489 1710 bri
525 1675 656 1713 sexu
696 1662 1004 1731 disputans.
1041 1664 1275 1723 Perinde
1304 1684 1544 1742 namque
1598 1681 1658 1728 ut
1719 1676 1772 1729 in
1812 1676 1987 1730 Adam

2086 506 2147 554 ού
2181 502 2349 570 λέγει,
2390 508 2471 557 ὃτι
2514 506 2579 558 Ἠ
2613 506 2748 573 γυνὴ
2799 506 3049 575 ἠπάτησὲ
3086 521 3173 574 με,
3208 503 3322 557 ἀλλ’
3351 507 3433 558 ὅτι
3467 508 3678 563 Ἔδωκέ

2092 608 2203 658 μοι.
2250 596 2365 646 Οὐκ
2403 595 2518 648 ἔστι
2571 596 2626 648 δὲ
2687 597 2798 647 ἴσον
2857 595 2919 647 τὸ
2955 596 3244 665 πεισθῆναι
3283 599 3536 665 ὁμογενεῖ
3585 608 3679 653 και

2091 682 2290 753 βοηθῷ,
2317 686 2412 738 καὶ
2439 686 2499 738 τὺ
2524 686 2816 756 πεισθῆναι
2845 685 3020 756 θηρίῳ
3046 686 3219 757 δούλῳ
3265 689 3359 740 καὶ
3412 690 3678 745 ύποτεταυ

2090 774 2297 844 γμένῳ.
2336 776 2497 829 Ὥστε
2550 779 2726 829 ἐκεῖνο
2773 777 3009 847 ἀπάτης.
3043 777 3187 846 Πρὸς
3242 778 3344 848 τὴν
3384 779 3676 850 σύγκρισιν

2092 860 2186 921 οὖν
2216 863 2315 932 τῆς
2344 865 2621 929 γυναικὸς,
2686 866 2848 918 αὐτόν
2888 883 3019 935 φησι
3068 866 3144 936 μὴ
3189 866 3502 935 ἡπατῆσθαι
3558 868 3674 922 ἀλλ’

2092 952 2214 1006 οὐδὲ
2241 954 2269 1006 ὁ
2315 952 2486 1022 Ἀδὰμ
2517 950 2625 1006 εἶδε
2668 956 2731 1008 τὸ
2769 955 2923 1018 ξύλον
2966 957 3049 1008 ὅτι
3076 956 3262 1007 καλὸν
3318 960 3396 1020 εἰς
3449 957 3676 1028 βρῶσιν,

2094 1045 2210 1098 ἀλλ’
2245 1047 2276 1114 ἡ
2307 1047 2447 1114 γυνὴ
2479 1045 2685 1112 ἰδοῦσα,
2719 1048 2999 1118 ἠπατήθη,
3036 1044 3135 1101 εἷθ’
3162 1047 3335 1111 οὕτως
3375 1049 3543 1104 ἔδωκε
3577 1052 3674 1105 καὶ

2094 1137 2171 1207 τῷ
2206 1136 2378 1208 ἀνδρί.
2411 1137 2574 1191 Ὥστε
2608 1138 2791 1208 ἐκείνη
2832 1138 2929 1209 μὲν
2961 1139 3069 1192 ἀπὸ
3094 1141 3190 1209 τῆς
3218 1140 3513 1210 ἐπιθυμίας
3540 1159 3673 1213 παρ·

2097 1226 2273 1297 ἢχθη·
2335 1222 2490 1291 οὗτος
2514 1229 2570 1282 δὲ
2630 1233 2697 1301 τῇ
2756 1230 2977 1297 γυναικὶ
3031 1231 3283 1302 ἐπείσθη.
3329 1232 3499 1302 Φησὶν
3552 1216 3669 1297 οὖν,

2097 1320 2179 1373 ὅτι
2211 1319 2395 1386 "Anne
2431 1320 2666 1386 ἐδίδαξεν
2693 1323 2727 1392 ἡ
2752 1320 2910 1391 γυνὴ,
2943 1320 3040 1375 καὶ
3064 1322 3272 1385 πάντας
3306 1323 3633 1392 κατέστρεψε
3651 1340 3666 1354 ·

2100 1410 2189 1463 διὰ
2229 1411 2386 1465 τοῦτο
2447 1411 2522 1481 μὴ
2551 1412 2850 1468 διδασκέτω
2908 1415 2971 1466 τὸ
3021 1414 3176 1481 γένος
3197 1415 3278 1449 ⁸³·
3310 1415 3510 1483 κοῦφον
3558 1416 3666 1484 γάρ

2098 1502 2214 1555 ἐστι
2270 1503 2363 1555 καὶ
2423 1505 2851 1574 εύπαράδεκτον,
2906 1507 3002 1558 καὶ
3061 1507 3480 1576 εὐπαράγωγον.
3528 1507 3667 1579 Ὅρα

2103 1594 2235 1663 γάρ,
2276 1595 2377 1647 ούκ
2416 1590 2605 1650 εἶπεν·
2654 1595 2720 1649 Ἢ
2770 1596 2826 1648 δὲ
2858 1595 2969 1650 Εὕα
3016 1597 3411 1663 ἀπατηηεῖσα,
3442 1599 3554 1651 ἀλλ’
3601 1598 3667 1650 Ἡ

2103 1685 2281 1756 γυνή,
2316 1689 2444 1757 περὶ
2473 1688 2645 1758 αὐτῆς
2677 1691 2777 1759 τῆς
2814 1690 3135 1756 γυναικείας
3180 1690 3393 1759 φύσεως
3422 1691 3668 1757 διαλεγό-

410 1754 519 1800 tuta
555 1761 748 1806 natura
779 1755 1133 1821 moriebatur,
1199 1761 1282 1815 sic
1340 1777 1436 1831 per
1497 1761 1663 1818 Evam
1693 1765 1747 1819 in
1803 1781 1994 1825 omnes

2104 1754 2283 1846 μενος.
2318 1754 2529 1849 Ὠσπερ
2557 1754 2665 1850 γάρ
2692 1754 2751 1832 ἐν
2777 1754 2853 1849 τῷ
2886 1779 3057 1849 ’Δδάμ
3115 1754 3261 1834 πᾶσα
3287 1782 3319 1850 ἠ
3354 1782 3517 1849 φύσις
3546 1754 3676 1833 ἀπέ-

412 1840 667 1896 mulieres
755 1844 947 1900 levitas
1004 1850 1278 1917 pervasit;
1341 1867 1436 1922 per
1491 1870 1654 1924 quam
1724 1857 1998 1916 levitatem

411 1944 545 1984 sane
627 1934 745 2002 ipsa
830 1941 1200 2010 transgressio
1283 1943 1461 1998 locum
1539 1946 1731 2003 habuit
1779 1949 1835 2006 in
1890 1950 1997 2005 Eva

406 2022 666 2090 primum.

484 2114 651 2172 Vsus.
680 2119 765 2173 15.
794 2121 1104 2178 Saluabitur
1126 2135 1301 2181 autent
1323 2144 1416 2196 per
1438 2130 1677 2203 ﬁliorum
1700 2136 1998 2203 generatio-

416 2222 553 2262 nem.
588 2208 1007 2275 Qum?Evane?
1061 2214 1200 2283 Non,
1234 2219 1326 2272 sed
1354 2222 1571 2283 mulier,
1604 2223 1654 2276 id
1691 2233 1796 2288 est,
1832 2241 1999 2282 sexus

423 2300 726 2355 muliebris.
750 2301 826 2357 Ne
848 2307 1245 2363 contristemini
1282 2311 1457 2376 enim,
1489 2312 1688 2383 inquit,
1721 2330 1754 2369 ο
1806 2317 1999 2371 mulie-

422 2404 550 2447 res:
585 2391 731 2445 dedit
767 2395 921 2451 vobis
956 2396 1096 2452 Deus
1126 2400 1472 2456 occasionem
1511 2404 1729 2471 salutis,
1762 2405 1994 2461 tiliorum

412 2481 819 2547 generationem
849 2501 862 2537 :
890 2485 992 2539 hoc
1021 2498 1128 2551 est,
1161 2498 1222 2543 ut
1255 2492 1498 2546 sobolem
1532 2503 1678 2549 recte
1723 2496 1990 2553 educctis.

421 2570 541 2624 Non
575 2574 721 2626 enim
761 2580 898 2631 satis
927 2589 1011 2631 est
1042 2580 1287 2648 gignere,
1320 2597 1509 2636 verum
1533 2587 1697 2638 etiam
1735 2587 1995 2643 institue-

414 2677 519 2717 re:
580 2665 693 2720 baze
749 2669 895 2721 enim
946 2685 1130 2724 revera
1182 2672 1477 2727 liberorum
1559 2685 1641 2730 est
1696 2682 1992 2748 generatio.

424 2754 520 2808 Sin
554 2759 758 2822 minus,
787 2774 892 2814 nou
930 2761 1229 2818 liberorum
1259 2768 1541 2833 generatio
1570 2777 1699 2833 est;
1736 2772 1830 2825 sed
1893 2788 1991 2841 pro

414 2845 714 2903 literarum
774 2855 1130 2922 corruptione
1195 2855 1568 2913 babebiturin
1637 2861 1988 2918 mulieribus.

416 2935 556 3003 Quid
612 2939 779 3009 igitur
828 2940 897 2997 de
958 2945 1263 3014 virginibus
1315 2948 1464 3002 tiet?
1516 2950 1646 3019 quid
1682 2951 1748 3006 de
1775 2953 1993 3010 viduis?

416 3029 744 3096 perierunt?
813 3029 1249 3101 Haudquaquam
1285 3052 1297 3087 :
1328 3050 1435 3089 non
1467 3037 1573 3092 hoc
1630 3039 1782 3105 dicit,
1843 3046 1985 3113 quod

417 3134 481 3170 ex
504 3120 722 3188 propria
750 3120 956 3174 virtute
990 3136 1098 3176 non
1130 3137 1438 3192 serventur,
1469 3127 1562 3182 sed
1596 3130 1741 3200 quod
1789 3101 1989 3189 libero-
2020 3101 2064 3161 Ο

423 3223 541 3261 tum
578 3209 840 3264 educatio
864 3212 1189 3270 mulieribus
1220 3216 1327 3270 erit
1355 3220 1576 3274 occasio
1605 3222 1821 3280 salutis.
1860 3225 1994 3282 Per-

421 3298 676 3367 Spicuum
705 3302 883 3369 ,euim
948 3312 1056 3369 est,
1088 3305 1235 3375 quod
1289 3309 1486 3364 mulier
1518 3312 1715 3369 virtute
1739 3316 1989 3384 prazdita,

418 3390 624 3446 liberos
659 3392 823 3446 etiam
852 3393 904 3446 iu
936 3394 1139 3451 virtute
1162 3397 1377 3453 educat.
1415 3400 1653 3459 Proinde
1680 3406 1856 3462 virtus
1872 3425 1991 3477 qua:

421 3482 497 3539 illi
572 3484 733 3539 insita
770 3495 874 3551 est,
913 3501 1081 3543 causa
1121 3501 1205 3544 est
1238 3492 1387 3548 illius
1448 3510 1569 3565 quae
1632 3498 1684 3550 in
1748 3502 1992 3556 sobolem

427 3573 857 3631 transfunditur.
918 3577 1086 3647 Igitur
1140 3592 1192 3635 et
1254 3584 1407 3655 virgo
1460 3587 1755 3644 virtutibus
1804 3599 1996 3645 ornata

425 3666 565 3720 titra
600 3670 1037 3723 controversiam
1077 3673 1405 3729 servabitur.
1440 3674 1572 3730 ΜΗιὶ
1603 3688 1784 3733 autem
1842 3681 1994 3735 video

425 3765 516 3817 tur
547 3758 693 3828 quod
729 3760 1177 3831 quandoquidem
1212 3766 1476 3820 vetuisset
1499 3782 1568 3822 ne
1611 3769 1808 3823 mulier
1835 3770 1997 3827 doce-

393 3837 532 3913 ‘tet,
584 3850 746 3904 veluti
804 3864 921 3904 eam
974 3868 1121 3907 nunc
1185 3855 1481 3912 consolans
1529 3858 1694 3913 tradit
1756 3860 1804 3914 ei
1855 3877 1997 3930 quos

432 3940 672 3993 docebit.
708 3937 766 3994 Si
792 3940 936 3994 enim
966 3942 1165 3998 docere
1221 3945 1457 4014 expetis,
1499 3948 1724 4002 institue
1792 3949 1997 4005 liberos

422 4040 568 4088 tuos.
595 4029 851 4087 Nonnulli
883 4050 1031 4101 vero,
1070 4035 1213 4090 baud
1244 4038 1361 4091 seio
1394 4053 1498 4107 qua
1526 4038 1738 4094 ratione
1767 4056 1998 4111 persua-

425 4126 497 4190 si,
550 4141 645 4196 per
705 4127 1006 4183 liberorum
1064 4131 1474 4197 generationem
1533 4129 1682 4187 illam
1752 4132 1996 4203 Deiparae

434 4214 677 4287 Virginis
721 4219 1062 4275 intellexere.
1124 4218 1245 4289 Ipsa
1301 4224 1445 4276 enim
1476 4222 1660 4292 genito
1696 4224 1995 4281 Servatum

425 4310 603 4364 salvas
634 4310 891 4374 reddidit,
927 4312 1208 4381 inquiunt,
1243 4314 1522 4371 mulieres.
1548 4313 1870 4383 l'lujusmodi
1901 4332 1998 4371 au-

426 4407 532 4457 tem
564 4403 804 4471 acceptio
835 4417 959 4456 cum
979 4404 1334 4472 sequentibus
1357 4406 1580 4459 omnino
1597 4422 1706 4460 nou
1734 4408 1993 4463 cohaeret.

503 4491 564 4547 Si
592 4497 974 4565 permanserint
1004 4497 1056 4550 iu
1081 4498 1208 4566 ﬁde.
1232 4498 1354 4553 Filii
1385 4499 1662 4569 videlicet,
1695 4502 1741 4557 si
1768 4518 1995 4557 conser-
2024 4519 2078 4578 ι)

429 4583 610 4639 variut
643 4600 826 4638 veram
857 4585 1017 4642 tidem
1054 4597 1219 4659 atque
1246 4589 1571 4649 doctrinam.

506 4674 568 4728 Et
607 4676 889 4733 charitate.
919 4679 1034 4733 Hoc
1055 4687 1160 4744 est,
1194 4691 1338 4735 recta
1362 4683 1490 4737 vita.
1518 4685 1637 4740 Non
1667 4688 1811 4742 enim
1868 4690 2005 4745 satis

412 4777 512 4847 Aes:
536 4768 666 4823 ﬁdes
690 4786 703 4822 :
728 4782 885 4839 caput
916 4781 1092 4827 autem
1120 4782 1172 4828 et
1204 4773 1326 4832 fons
1359 4787 1519 4855 rectae
1558 4779 1680 4833 vita:
1707 4788 1790 4835 est
1818 4781 2003 4835 cbari-

430 4865 538 4911 tas.

504 4952 1022 5021 Etsanctiﬁcatioue
1074 4973 1193 5012 cum
1256 4961 1561 5015 sobrietate.
1603 4959 2005 5016 Sanctiﬁcatio-

448 5055 569 5092 nem
604 5044 875 5119 corporis
900 5048 1191 5114 puritatem
1227 5051 1483 5119 appellat.
1515 5050 1654 5114 Quia
1687 5060 1866 5105 autem
1894 5066 2004 5106 non

437 5144 629 5184 Omnes
665 5140 794 5185 sunt
818 5116 1078 5206 virgines,
1112 5142 1386 5209 apposuit,
1413 5157 1528 5195 cum
1570 5142 2006 5198 sobrietate.2w-

438 5221 683 5292 φροσύνη
713 5225 859 5277 enim
890 5227 1093 5282 dicitur
1115 5230 1182 5283 de
1207 5232 1273 5284 iis
1304 5231 1395 5300 qui
1433 5232 1669 5301 legitime
1731 5234 1784 5287 in
1816 5237 2007 5288 matri-

436 5320 620 5372 munio
655 5333 1057 5377 conversantur
1119 5328 1241 5379 :vel
1278 5328 1631 5398 σωφροσύνην
1686 5332 2003 5385 munditiem

432 5407 757 5478 simpliciter
781 5413 934 5469 dicit.
962 5415 1099 5481 Quid
1131 5417 1295 5486 igitur
1326 5419 1370 5472 si
1404 5429 1577 5474 mater
1603 5421 1743 5475 mala
1805 5424 2005 5479 liberos

2106 1867 2359 1939 θνησκεν,
2382 1868 2526 1922 οὓτω
2554 1870 2651 1923 καὶ
2681 1871 2774 1924 ἐπὶ
2810 1871 2909 1933 τὰς
2936 1874 3199 1940 γυναῖκας
3233 1873 3410 1937 πάσας
3441 1872 3531 1925 διὰ
3570 1873 3671 1942 τῆς

2103 1960 2246 2023 Εὔας
2275 1964 2309 2033 ἠ
2340 1962 2609 2031 κουφότης
2659 1961 2811 2033 διέϐη
2834 1976 2849 1992 ’
2875 1960 2942 2015 δι’
2963 1962 3028 2032 ἢν
3052 1964 3361 2033 κουφότητα
3391 1965 3483 2016 καὶ
3507 1965 3541 2036 ἡ
3570 1982 3673 2024 πα-

2105 2051 2334 2124 ράὸασις
2368 2053 2424 2103 ἐν
2446 2053 2583 2123 αύτῇ
2605 2053 2797 2125 πρώτη
2829 2058 2896 2126 τῇ
2933 2051 3048 2124 Εὖᾳ
3076 2054 3259 2125 χώραν
3279 2054 3455 2127 ἔσχεν.

2170 2143 2511 2211 Σωθήσεται
2560 2143 2629 2197 δὲ
2674 2143 2771 2199 διὰ
2819 2146 2930 2215 τῆς
2975 2147 3381 2215 τεκνογονίας.
3428 2147 3564 2215 Τίςς
3609 2148 3674 2201 Ἦ

2100 2234 2244 2303 Εύας
2299 2238 2457 2306 Οὐχὶ,
2518 2237 2631 2291 ἀλλ’
2683 2239 2716 2308 ἡ
2774 2237 2934 2309 γυνὴ,
2973 2240 3279 2302 τουτέστιν,
3318 2241 3350 2309 ἡ
3387 2242 3677 2307 γυναικεία

2101 2326 2281 2396 φύσις.
2314 2327 2403 2397 Μὴ
2433 2327 2542 2398 γάρ
2572 2329 2898 2395 κατηφιᾶτε,
2935 2327 3121 2397 φησὶν,
3147 2322 3191 2380 ὦ
3218 2331 3473 2395 γυναῖκες
3493 2346 3507 2359 ·
3539 2330 3675 2383 ἔδω-

2100 2434 2195 2470 κεν
2235 2417 2365 2487 ύμῖν
2401 2418 2428 2468 ὁ
2452 2416 2585 2480 Θεὸς
2643 2415 2899 2487 ἀφορμὴν
2956 2416 3252 2489 σωτηρίας,
3284 2415 3382 2487 τὴν
3423 2432 3675 2483 τεκνογοει-

2099 2510 2220 2564 νίαν
2239 2526 2253 2540 ⁸
2283 2510 2556 2575 τουτέστι,
2587 2510 2649 2562 τὸ
2677 2511 2745 2564 τὰ
2777 2502 3103 2581 γεννήθέντα
3123 2510 3425 2581 ἀναθρέψαι
3457 2512 3636 2571 καλῶς
3657 2530 3672 2544 ⁸

2098 2601 2160 2653 ού
2199 2602 2306 2670 γάρ
2349 2603 2608 2672 γεννῆσαι
2668 2602 2827 2671 μόνον
2877 2601 2977 2665 δεῖ,
3028 2601 3165 2654 ἀλλὰ
3219 2604 3312 2655 καὶ
3362 2603 3674 2667 παιδεῦσαι,

2099 2691 2270 2746 Τοῦτο
2300 2691 2410 2760 γὰρ
2448 2693 2617 2759 ὅντως
2664 2691 2980 2759 τεκνογονία
3001 2708 3013 2720 ·
3046 2691 3159 2744 εἰδ⁹
3192 2691 3276 2755 οὒ,
3303 2694 3403 2746 ούκ
3442 2693 3556 2746 ἔστι
3589 2711 3678 2747 τε·

2099 2785 2375 2853 κνογονία,
2428 2784 2563 2838 ἀλλὰ
2591 2783 2948 2856 τεκνοφθορια
2980 2784 3134 2836 ἔσται
3184 2786 3302 2847 ταῖς
3336 2783 3572 2853 γυναιξί.
3611 2784 3678 2843 Τί

2097 2876 2192 2930 οὖν
2226 2878 2281 2929 αἱ
2313 2876 2611 2945 παρθένοι;
2658 2878 2710 2930 τί
2741 2877 2797 2929 δὲ
2829 2880 2887 2929 αἱ
2939 2879 3184 2947 στεῖραι;
3217 2875 3532 2930 ἀπολώλασι
3562 2875 3676 2930 λοι-

2098 2970 2227 3032 πόν;
2267 2970 2503 3038 Ἄπαγε,
2555 2972 2616 3022 ού
2645 2968 2806 3022 τοῦτό
2839 2985 3024 3041 φησιν,
3055 2969 3137 3021 ὅτι
3175 2969 3232 3035 ἐξ
3253 2969 3455 3032 οἰκείας
3477 2971 3677 3038 ἀρετῆς

2098 3061 2160 3113 ού
2192 3060 2555 3131 σωθήσονται,
2594 3061 2710 3113 ἀλλ’
2755 3061 2838 3112 ὅτι
2897 3062 2988 3113 καὶ
3021 3063 3050 3130 ἡ
3078 3048 3493 3132 τεκνοτροφίαυ
3521 3061 3675 3117 ἔσται

2098 3155 2217 3213 ταῖς
2248 3152 2465 3220 γυναιξὶ
2496 3154 2769 3222 πρόφασις
2806 3154 3100 3225 σωτηρίας.
3157 3156 3429 3225 Πρόδηλον
3458 3156 3564 3225 γὰρ
3591 3156 3674 3215 ὅτι

2100 3242 2352 3312 ἐνάρετος
2375 3242 2511 3296 οὖσα
2541 3246 2574 3317 η
2614 3246 2774 3316 γυνὴ,
2815 3247 3008 3318 τρέφει
3040 3252 3133 3303 καὶ
3163 3249 3232 3300 τὰ
3261 3248 3426 3302 τέκνα
3454 3250 3512 3301 ἐν
3545 3249 3674 3327 ἀρεο

2101 3337 2190 3404 τῇ.
2229 3334 2392 3388 Ὥστε
2425 3336 2457 3404 ἡ
2493 3337 2894 3406 ἐναποκειμένη
2923 3338 3059 3407 αὐτῇ
3095 3337 3264 3408 ἀρετὴ
3289 3340 3432 3391 ποιεῖ
3456 3339 3551 3391 καὶ
3578 3337 3677 3415 τὴν

2100 3427 2180 3489 είς
2208 3425 2275 3480 τά
2307 3426 2473 3480 τέκνα
2503 3427 2900 3499 διαδιδομένην.
2938 3430 3083 3500 Ἀρα
3124 3425 3218 3482 οὖν
3240 3433 3334 3482 καὶ
3378 3432 3409 3500 ἡ
3469 3430 3677 3501 παρθέ-

2104 3530 2194 3576 νος
2228 3513 2427 3583 ἔχουσα
2461 3516 2686 3585 ἀρετὴν,
2720 3516 3107 3585 ἀναμφιϐόλως
3145 3516 3467 3585 σωθήσεται.
3523 3516 3680 3568 Δοκεῖ

2108 3621 2199 3674 μοι
2231 3605 2288 3657 δὲ
2312 3605 2392 3658 ὅτι
2429 3607 2525 3659 καὶ
2547 3605 2737 3676 ἐπειδὴ
2778 3606 3019 3659 ἐκώλυσε
3064 3606 3163 3677 τὴν
3193 3608 3425 3674 γυναῖκα
3475 3604 3569 3658 τοῦ
3598 3606 3678 3658 δι-

2105 3695 2345 3759 δάσκειν,
2389 3696 2466 3758 ὡς
2525 3696 2592 3749 ἂν
2624 3698 2673 3750 εί
2727 3696 3227 3768 παραμυθούμενος
3257 3697 3447 3764 αὐτὴν,
3475 3696 3570 3759 νῦν
3602 3696 3683 3749 δί-

2108 3784 2271 3838 δωσιν
2304 3788 2437 3858 αὐτῇ
2477 3787 2572 3851 οὒς
2601 3787 2823 3854 διδάξει.
2851 3788 2913 3840 Ei
2935 3791 3043 3858 γὰρ
3071 3789 3355 3859 ἐπιθυμεῖς
3381 3788 3677 3851 διδάσκειν,

2107 3877 2317 3942 δίδαξον
2344 3880 2411 3931 τὰ
2442 3879 2628 3933 τέκνα.
2655 3881 2810 3942 Τινὲς
2859 3878 2938 3942 δὲ,
2976 3880 3074 3932 οὐκ
3134 3875 3231 3932 οἶδ’
3289 3881 3455 3943 ὅπως,
3486 3895 3683 3934 τεκνο-

2106 3970 2295 4037 γονίαν
2381 3970 2614 4041 ἐνόησαν
2682 3971 2781 4040 τὴν
2845 3970 2941 4039 τῆς
3002 3968 3289 4022 Θεοτόκου.
3357 3967 3505 4038 Αὕτη
3568 3968 3680 4041 γάρ

2104 4063 2415 4133 γεννήσασα
2444 4062 2536 4116 τὸν
2584 4062 2836 4132 Σωτῆρα,
2868 4062 3061 4126 ἔσωσε,
3088 4062 3240 4129 φασὶ,
3270 4060 3367 4124 τὰς
3396 4064 3676 4145 γυναῖκας.

2108 4153 2432 4208 Παντάπασι
2468 4154 2526 4206 δὲ
2552 4155 2928 4224 άσυνάρτητος
2960 4154 3096 4222 πρὸς
3128 4155 3194 4207 τὰ
3230 4152 3357 4222 ἑξῆς
3388 4155 3419 4220 ἡ
3456 4152 3678 4232 τοιαύτη

2106 4243 2301 4315 ἐκδοχή
2320 4244 2385 4296 ⁸⁸.
2433 4245 2633 4296 ’Δκουε
2655 4244 2785 4311 γάρ.

2188 4506 2332 4560 Ἐὰν
2352 4506 2645 4574 μείνωσιν
2687 4506 2757 4559 ἐν
2780 4506 2853 4574 τῇ
2881 4508 3103 4564 πίστει.
3131 4509 3211 4562 Τὰ
3241 4526 3427 4574 τεκνία,
3459 4509 3552 4565 ἐὰν
3581 4528 3681 4579 φυ.

2106 4597 2307 4664 λάξωσι
2336 4598 2433 4666 τὴν
2462 4600 2660 4668 εὐσεϐῆ
2690 4600 2872 4652 πίστιν
2894 4601 2939 4633 ⁸³
2980 4603 3072 4654 καὶ
3104 4604 3171 4654 τά
3197 4602 3463 4671 δόγματα.

2177 4690 2285 4745 Καὶ
2325 4689 2398 4759 τῇ
2427 4689 2649 4762 ἀγάπῃ.
2676 4691 2958 4755 Τουτὲστι,
3011 4692 3089 4761 τῷ
3137 4693 3281 4763 ὀρθῷ
3315 4693 3435 4763 βίῳ.
3466 4694 3540 4749 0'3
3570 4693 3679 4764 γάρ

2108 4784 2268 4854 ἀρκεῖ
2320 4788 2353 4857 ἡ
2409 4786 2612 4852 πίστις,
2665 4788 2727 4840 τὸ
2779 4787 3073 4858 κεφάλαιον
3126 4789 3180 4840 δὲ
3211 4788 3304 4840 καὶ
3339 4790 3371 4859 ἡ
3406 4791 3557 4859 πηγὴ
3586 4790 3680 4845 τοῦ

2108 4878 2272 4949 ὀρθοὖ
2311 4879 2449 4950 βίου,
2488 4881 2519 4946 ἡ
2552 4881 2795 4949 ἀγάπη..

2185 4970 2298 5024 Καὶ
2330 4970 2407 5036 τῷ
2434 4971 2706 5040 ἁγιασμῷ
2730 4971 2880 5041 μετὰ
2901 4975 3321 5042 σωφροσύνης.
3392 4975 3683 5045 Ἁγιασμδν

2114 5063 2212 5134 τὴν
2242 5064 2594 5135 καθαρότητα
2637 5063 2732 5116 τοῦ
2790 5065 3042 5135 σώματός
3086 5083 3273 5135 φησιν.
3341 5066 3492 5121 Ἐπεὶ
3536 5068 3591 5120 δὲ
3620 5068 3681 5119 οὐ

2120 5156 2322 5217 πάντες
2382 5155 2660 5225 παρθένοι,
2690 5157 3025 5226 προσέθηκε,
3065 5156 3216 5225 μετὰ
3255 5159 3678 5228 σωφροσύνης.

2113 5244 2444 5316 Σωφροσύνη
2495 5247 2605 5316 γάρ
2650 5246 2868 5315 λέγεται
2921 5248 3013 5300 ἐπὶ
3069 5249 3178 5303 τῶν
3231 5251 3471 5320 ἐννόμως
3521 5249 3684 5320 γάμῳ

2115 5336 2663 5408 τροσομιλησάντων·
2698 5340 2730 5410 ἢ
2767 5340 3126 5411 σωφροσύνην
3176 5342 3364 5404 ἁπλῶς
3446 5342 3544 5412 τὴν
3591 5359 3685 5394 κο·

2124 5430 2396 5500 σμιότητά
2450 5449 2603 5503 φησι.
2642 5432 2706 5485 Τί
2759 5428 2852 5486 οὖν
2883 5435 2949 5489 ἂν
2980 5437 3013 5507 ἡ
3041 5436 3225 5507 μήτηρ
3264 5434 3408 5506 κακὴ
3436 5431 3569 5489 οὖσα
3596 5450 3687 5494 κα.

1771 5583 1970 5644 Variee
2003 5585 2333 5651 lectiones.

508 5695 553 5744 ’ί
587 5696 643 5748 τὸ
678 5698 831 5766 γένος
863 5699 971 5753 τῶν
996 5702 1274 5769 γυναικῶν
1309 5719 1381 5760 In.

1482 5704 1528 5736 ⁹³
1558 5707 1885 5778 τεκνοφορία
1921 5725 1973 5766 ο.
2053 5714 2098 5747 9³
2127 5717 2436 5786 παρεκξολὴ
2466 5733 2519 5769 υ.

2603 5719 2648 5750 θ’
2678 5718 2961 5772 εὐσέϐειαν
2994 5720 3089 5789 τῆς
3124 5720 3361 5787 πίστεως
3391 5739 3464 5781 m.
