  <div class='ocr_page' id='page_1' title='image "/cluster/home/n/w/nwhite01/storage/ocr_20150623/125/hvd.32044073502429/026.png"; bbox 0 0 4006 6214; ppageno 0'>
   <div class='ocr_carea' id='block_1_1' title="bbox 325 348 3574 427">
    <p class='ocr_par' dir='ltr' id='par_1_1' title="bbox 325 348 3574 427">
     <span class='ocr_line' id='line_1_1' title="bbox 325 348 3574 427; baseline -0.004 -3"><span class='ocrx_word' id='word_1_1' title='bbox 325 360 392 425; x_wconf 73' lang='grc' dir='ltr'>Η</span> <span class='ocrx_word' id='word_1_2' title='bbox 1041 353 1447 416; x_wconf 80' lang='lat' dir='ltr'><strong>EXPOSITIO</strong></span> <span class='ocrx_word' id='word_1_3' title='bbox 1482 352 1560 413; x_wconf 86' lang='lat' dir='ltr'><strong>IN</strong></span> <span class='ocrx_word' id='word_1_4' title='bbox 1611 350 1846 410; x_wconf 78' lang='lat' dir='ltr'><strong>El’lST.</strong></span> <span class='ocrx_word' id='word_1_5' title='bbox 1893 350 1910 407; x_wconf 91' lang='lat' dir='ltr'><strong>l</strong></span> <span class='ocrx_word' id='word_1_6' title='bbox 1948 350 2046 408; x_wconf 75' lang='lat' dir='ltr'><strong>AD</strong></span> <span class='ocrx_word' id='word_1_7' title='bbox 2084 348 2398 408; x_wconf 81' lang='lat' dir='ltr'><strong>TIMOTH.</strong></span> <span class='ocrx_word' id='word_1_8' title='bbox 2433 371 2504 385; x_wconf 82' lang='grc'><strong>-·</strong></span> <span class='ocrx_word' id='word_1_9' title='bbox 2536 353 2693 412; x_wconf 68' lang='lat' dir='ltr'><strong>CAP.</strong></span> <span class='ocrx_word' id='word_1_10' title='bbox 2732 354 2848 414; x_wconf 86' lang='lat' dir='ltr'><strong>III.</strong></span> <span class='ocrx_word' id='word_1_11' title='bbox 3504 362 3574 427; x_wconf 67' lang='grc' dir='ltr'><strong>(Ξ</strong></span> 
     </span>
    </p>
   </div>
   <div class='ocr_carea' id='block_1_2' title="bbox 321 455 1898 536">
    <p class='ocr_par' dir='ltr' id='par_1_2' title="bbox 321 459 1898 536">
     <span class='ocr_line' id='line_1_2' title="bbox 321 459 1898 536; baseline -0.009 -15"><span class='ocrx_word' id='word_1_12' title='bbox 321 470 440 533; x_wconf 83' lang='grc' dir='ltr'>λῶς</span> <span class='ocrx_word' id='word_1_13' title='bbox 461 468 507 501; x_wconf 71' lang='grc' dir='ltr'>’δ</span> <span class='ocrx_word' id='word_1_14' title='bbox 534 463 844 536; x_wconf 60' lang='grc' dir='ltr'>ἀναθρέψῃ,</span> <span class='ocrx_word' id='word_1_15' title='bbox 904 462 1003 516; x_wconf 76' lang='grc' dir='ltr'><strong>οὐκ</strong></span> <span class='ocrx_word' id='word_1_16' title='bbox 1030 463 1176 524; x_wconf 77' lang='grc' dir='ltr'>είκδς</span> <span class='ocrx_word' id='word_1_17' title='bbox 1204 461 1363 514; x_wconf 78' lang='grc' dir='ltr'>τοῦτο</span> <span class='ocrx_word' id='word_1_18' title='bbox 1402 460 1653 529; x_wconf 86' lang='grc' dir='ltr'>γενέσθαι</span> <span class='ocrx_word' id='word_1_19' title='bbox 1710 459 1898 527; x_wconf 82' lang='grc' dir='ltr'>’Ὅμως</span> 
     </span>
    </p>
   </div>
   <div class='ocr_carea' id='block_1_3' title="bbox 2007 455 3570 536">
    <p class='ocr_par' dir='ltr' id='par_1_3' title="bbox 2011 455 3570 524">
     <span class='ocr_line' id='line_1_3' title="bbox 2011 455 3570 524; baseline 0.01 -16"><span class='ocrx_word' id='word_1_20' title='bbox 2011 464 2158 510; x_wconf 90' lang='lat' dir='ltr'><strong>recte</strong></span> <span class='ocrx_word' id='word_1_21' title='bbox 2179 455 2533 512; x_wconf 80' lang='lat' dir='ltr'><strong>educaverit?</strong></span> <span class='ocrx_word' id='word_1_22' title='bbox 2566 460 2716 514; x_wconf 86' lang='lat' dir='ltr'><strong>llaud</strong></span> <span class='ocrx_word' id='word_1_23' title='bbox 2737 463 3034 519; x_wconf 79' lang='lat' dir='ltr'><strong>verisimile</strong></span> <span class='ocrx_word' id='word_1_24' title='bbox 3059 474 3211 520; x_wconf 91' lang='lat' dir='ltr'><strong>estut</strong></span> <span class='ocrx_word' id='word_1_25' title='bbox 3241 467 3342 522; x_wconf 88' lang='lat' dir='ltr'><strong>hoc</strong></span> <span class='ocrx_word' id='word_1_26' title='bbox 3368 468 3530 524; x_wconf 80' lang='lat' dir='ltr'><strong>faciat</strong></span> <span class='ocrx_word' id='word_1_27' title='bbox 3557 490 3570 524; x_wconf 93' lang='lat'>:</span> 
     </span>
    </p>
   </div>
   <div class='ocr_carea' id='block_1_4' title="bbox 326 547 1900 628">
    <p class='ocr_par' dir='ltr' id='par_1_4' title="bbox 326 547 1900 628">
     <span class='ocr_line' id='line_1_4' title="bbox 326 547 1900 628; baseline -0.011 -12"><span class='ocrx_word' id='word_1_28' title='bbox 326 566 374 616; x_wconf 89' lang='grc' dir='ltr'><strong>εί</strong></span> <span class='ocrx_word' id='word_1_29' title='bbox 407 560 654 628; x_wconf 87' lang='grc' dir='ltr'>γένηται,</span> <span class='ocrx_word' id='word_1_30' title='bbox 686 555 918 624; x_wconf 71' lang='grc' dir='ltr'>λήψεται</span> <span class='ocrx_word' id='word_1_31' title='bbox 964 553 1156 619; x_wconf 81' lang='grc' dir='ltr'>μισθὸν</span> <span class='ocrx_word' id='word_1_32' title='bbox 1197 553 1292 604; x_wconf 76' lang='grc' dir='ltr'><strong>καὶ</strong></span> <span class='ocrx_word' id='word_1_33' title='bbox 1330 551 1468 622; x_wconf 79' lang='grc' dir='ltr'>ὑπὲρ</span> <span class='ocrx_word' id='word_1_34' title='bbox 1495 549 1721 603; x_wconf 88' lang='grc' dir='ltr'>τούτων.</span> <span class='ocrx_word' id='word_1_35' title='bbox 1750 547 1814 599; x_wconf 90' lang='grc' dir='ltr'>Τί</span> <span class='ocrx_word' id='word_1_36' title='bbox 1845 547 1900 600; x_wconf 85' lang='grc' dir='ltr'><strong>δὲ</strong></span> 
     </span>
    </p>
   </div>
   <div class='ocr_carea' id='block_1_5' title="bbox 325 637 1896 717">
    <p class='ocr_par' dir='ltr' id='par_1_5' title="bbox 325 637 1896 717">
     <span class='ocr_line' id='line_1_5' title="bbox 325 637 1896 717; baseline -0.011 -12"><span class='ocrx_word' id='word_1_37' title='bbox 325 651 424 705; x_wconf 76' lang='grc' dir='ltr'>ἐὰν</span> <span class='ocrx_word' id='word_1_38' title='bbox 457 648 596 717; x_wconf 84' lang='grc' dir='ltr'>καλὴ</span> <span class='ocrx_word' id='word_1_39' title='bbox 628 642 764 699; x_wconf 79' lang='grc' dir='ltr'>οὖσα</span> <span class='ocrx_word' id='word_1_40' title='bbox 808 643 992 706; x_wconf 84' lang='grc' dir='ltr'>κακῶς</span> <span class='ocrx_word' id='word_1_41' title='bbox 1020 643 1063 673; x_wconf 76' lang='grc'><strong>⁸⁷</strong></span> <span class='ocrx_word' id='word_1_42' title='bbox 1099 641 1300 713; x_wconf 78' lang='grc' dir='ltr'>ἁνάξῃ;</span> <span class='ocrx_word' id='word_1_43' title='bbox 1361 643 1410 693; x_wconf 80' lang='grc' dir='ltr'><strong>εί</strong></span> <span class='ocrx_word' id='word_1_44' title='bbox 1461 640 1557 710; x_wconf 81' lang='grc' dir='ltr'>μὲν</span> <span class='ocrx_word' id='word_1_45' title='bbox 1597 637 1896 709; x_wconf 79' lang='grc' dir='ltr'><strong>ἀμελοῦσα,</strong></span> 
     </span>
    </p>
   </div>
   <div class='ocr_carea' id='block_1_6' title="bbox 325 728 1900 810">
    <p class='ocr_par' dir='ltr' id='par_1_6' title="bbox 325 728 1900 810">
     <span class='ocr_line' id='line_1_6' title="bbox 325 728 1900 810; baseline -0.009 -17"><span class='ocrx_word' id='word_1_46' title='bbox 325 742 421 793; x_wconf 80' lang='grc' dir='ltr'><strong>καὶ</strong></span> <span class='ocrx_word' id='word_1_47' title='bbox 473 735 810 810; x_wconf 78' lang='grc' dir='ltr'><strong>χαριζομένη</strong></span> <span class='ocrx_word' id='word_1_48' title='bbox 872 733 1076 796; x_wconf 76' lang='grc' dir='ltr'>αὐτοῖς,</span> <span class='ocrx_word' id='word_1_49' title='bbox 1100 730 1348 784; x_wconf 82' lang='grc' dir='ltr'>πείσεται</span> <span class='ocrx_word' id='word_1_50' title='bbox 1378 729 1440 782; x_wconf 73' lang='grc' dir='ltr'>τὸ</span> <span class='ocrx_word' id='word_1_51' title='bbox 1491 729 1584 781; x_wconf 77' lang='grc' dir='ltr'><strong>τοῦ</strong></span> <span class='ocrx_word' id='word_1_52' title='bbox 1631 728 1813 780; x_wconf 82' lang='grc' dir='ltr'>Ἡλεί⁶</span> <span class='ocrx_word' id='word_1_53' title='bbox 1853 729 1900 780; x_wconf 85' lang='grc' dir='ltr'>εἰ</span> 
     </span>
    </p>
   </div>
   <div class='ocr_carea' id='block_1_7' title="bbox 283 817 1901 894">
    <p class='ocr_par' dir='ltr' id='par_1_7' title="bbox 283 817 1901 894">
     <span class='ocr_line' id='line_1_7' title="bbox 283 817 1901 894; baseline -0.009 -12"><span class='ocrx_word' id='word_1_54' title='bbox 283 820 295 841; x_wconf 82' lang='grc'><em>’</em></span> <span class='ocrx_word' id='word_1_55' title='bbox 323 833 380 884; x_wconf 84' lang='grc' dir='ltr'>δὲ</span> <span class='ocrx_word' id='word_1_56' title='bbox 409 830 585 883; x_wconf 82' lang='grc' dir='ltr'>πάντα</span> <span class='ocrx_word' id='word_1_57' title='bbox 610 825 844 880; x_wconf 79' lang='grc' dir='ltr'>ποιοῦσα</span> <span class='ocrx_word' id='word_1_58' title='bbox 874 824 967 878; x_wconf 74' lang='grc' dir='ltr'>καὶ</span> <span class='ocrx_word' id='word_1_59' title='bbox 990 822 1414 894; x_wconf 75' lang='grc' dir='ltr'>ἐπιμελουμένη,</span> <span class='ocrx_word' id='word_1_60' title='bbox 1446 821 1592 890; x_wconf 82' lang='grc' dir='ltr'>ὅμως</span> <span class='ocrx_word' id='word_1_61' title='bbox 1621 821 1720 872; x_wconf 88' lang='grc' dir='ltr'><strong>οὐκ</strong></span> <span class='ocrx_word' id='word_1_62' title='bbox 1749 817 1901 887; x_wconf 81' lang='grc' dir='ltr'>ἰσχύ-</span> 
     </span>
    </p>
   </div>
   <div class='ocr_carea' id='block_1_8' title="bbox 325 910 1900 990">
    <p class='ocr_par' dir='ltr' id='par_1_8' title="bbox 325 910 1900 990">
     <span class='ocr_line' id='line_1_8' title="bbox 325 910 1900 990; baseline -0.01 -14"><span class='ocrx_word' id='word_1_63' title='bbox 325 922 472 976; x_wconf 84' lang='grc' dir='ltr'>σει⁸⁸</span> <span class='ocrx_word' id='word_1_64' title='bbox 497 919 812 990; x_wconf 84' lang='grc' dir='ltr'>βελτιῶσαι,</span> <span class='ocrx_word' id='word_1_65' title='bbox 846 917 984 986; x_wconf 79' lang='grc' dir='ltr'>ὅπερ</span> <span class='ocrx_word' id='word_1_66' title='bbox 1017 914 1313 976; x_wconf 83' lang='grc' dir='ltr'><strong>σπανιάκις</strong></span> <span class='ocrx_word' id='word_1_67' title='bbox 1375 913 1440 966; x_wconf 83' lang='grc' dir='ltr'><strong>ἂν</strong></span> <span class='ocrx_word' id='word_1_68' title='bbox 1481 911 1712 980; x_wconf 89' lang='grc' dir='ltr'>γένοιτο,</span> <span class='ocrx_word' id='word_1_69' title='bbox 1753 910 1900 979; x_wconf 82' lang='grc' dir='ltr'>ὅμως</span> 
     </span>
    </p>
   </div>
   <div class='ocr_carea' id='block_1_9' title="bbox 323 1005 1901 1084">
    <p class='ocr_par' dir='ltr' id='par_1_9' title="bbox 323 1005 1901 1084">
     <span class='ocr_line' id='line_1_9' title="bbox 323 1005 1901 1084; baseline -0.009 -15"><span class='ocrx_word' id='word_1_70' title='bbox 323 1016 462 1084; x_wconf 74' lang='grc' dir='ltr'>αὕτη</span> <span class='ocrx_word' id='word_1_71' title='bbox 497 1013 606 1067; x_wconf 85' lang='grc' dir='ltr'>τῶν</span> <span class='ocrx_word' id='word_1_72' title='bbox 631 1013 870 1082; x_wconf 82' lang='grc' dir='ltr'><strong>ἱδρώτων</strong></span> <span class='ocrx_word' id='word_1_73' title='bbox 918 1009 1046 1073; x_wconf 78' lang='grc' dir='ltr'>τοὺς</span> <span class='ocrx_word' id='word_1_74' title='bbox 1095 1008 1319 1078; x_wconf 82' lang='grc' dir='ltr'>μισθοὺς</span> <span class='ocrx_word' id='word_1_75' title='bbox 1352 1006 1604 1076; x_wconf 80' lang='grc' dir='ltr'>λήψεται,</span> <span class='ocrx_word' id='word_1_76' title='bbox 1641 1006 1763 1057; x_wconf 73' lang='grc' dir='ltr'>ἐπεὶ</span> <span class='ocrx_word' id='word_1_77' title='bbox 1808 1005 1901 1056; x_wconf 74' lang='grc' dir='ltr'><strong>καὶ</strong></span> 
     </span>
    </p>
   </div>
   <div class='ocr_carea' id='block_1_10' title="bbox 321 1096 1898 1168">
    <p class='ocr_par' dir='ltr' id='par_1_10' title="bbox 321 1096 1898 1168">
     <span class='ocr_line' id='line_1_10' title="bbox 321 1096 1898 1168; baseline -0.007 -10"><span class='ocrx_word' id='word_1_78' title='bbox 321 1111 349 1158; x_wconf 86' lang='grc' dir='ltr'>ὁ</span> <span class='ocrx_word' id='word_1_79' title='bbox 385 1107 512 1168; x_wconf 68' lang='grc' dir='ltr'>Υίδς</span> <span class='ocrx_word' id='word_1_80' title='bbox 547 1104 642 1157; x_wconf 82' lang='grc' dir='ltr'><strong>τοῦ</strong></span> <span class='ocrx_word' id='word_1_81' title='bbox 673 1102 807 1155; x_wconf 82' lang='grc' dir='ltr'>Θεοῦ</span> <span class='ocrx_word' id='word_1_82' title='bbox 836 1099 1016 1153; x_wconf 85' lang='grc' dir='ltr'>πάντα</span> <span class='ocrx_word' id='word_1_83' title='bbox 1049 1099 1219 1152; x_wconf 85' lang='grc' dir='ltr'>ποιῶν</span> <span class='ocrx_word' id='word_1_84' title='bbox 1250 1100 1343 1154; x_wconf 78' lang='grc' dir='ltr'>καὶ</span> <span class='ocrx_word' id='word_1_85' title='bbox 1382 1098 1580 1165; x_wconf 84' lang='grc' dir='ltr'>λέγων,</span> <span class='ocrx_word' id='word_1_86' title='bbox 1611 1097 1761 1166; x_wconf 86' lang='grc' dir='ltr'>ὅμως</span> <span class='ocrx_word' id='word_1_87' title='bbox 1785 1096 1898 1148; x_wconf 73' lang='grc' dir='ltr'>ὀλί‹</span> 
     </span>
    </p>
   </div>
   <div class='ocr_carea' id='block_1_11' title="bbox 322 1189 1150 1264">
    <p class='ocr_par' dir='ltr' id='par_1_11' title="bbox 322 1189 1150 1264">
     <span class='ocr_line' id='line_1_11' title="bbox 322 1189 1150 1264; baseline -0.008 -15"><span class='ocrx_word' id='word_1_88' title='bbox 322 1213 452 1264; x_wconf 80' lang='grc' dir='ltr'>γους</span> <span class='ocrx_word' id='word_1_89' title='bbox 475 1191 586 1263; x_wconf 79' lang='grc' dir='ltr'>εἶχε</span> <span class='ocrx_word' id='word_1_90' title='bbox 615 1193 744 1255; x_wconf 80' lang='grc' dir='ltr'>τοὺς</span> <span class='ocrx_word' id='word_1_91' title='bbox 777 1189 1150 1260; x_wconf 80' lang='grc' dir='ltr'><strong>πειθομένους.</strong></span> 
     </span>
    </p>
   </div>
   <div class='ocr_carea' id='block_1_12' title="bbox 927 1453 1295 1509">
    <p class='ocr_par' dir='ltr' id='par_1_12' title="bbox 927 1453 1295 1509">
     <span class='ocr_line' id='line_1_12' title="bbox 927 1453 1295 1509; baseline 0.005 -3"><span class='ocrx_word' id='word_1_92' title='bbox 927 1455 1181 1509; x_wconf 79' lang='grc' dir='ltr'><strong>ΚΕΦΛΛ.</strong></span> <span class='ocrx_word' id='word_1_93' title='bbox 1221 1453 1295 1508; x_wconf 77' lang='grc' dir='ltr'>Γ.</span> 
     </span>
    </p>
   </div>
   <div class='ocr_carea' id='block_1_13' title="bbox 396 1541 1896 1617">
    <p class='ocr_par' dir='ltr' id='par_1_13' title="bbox 396 1541 1896 1617">
     <span class='ocr_line' id='line_1_13' title="bbox 396 1541 1896 1617; baseline 0 -18"><span class='ocrx_word' id='word_1_94' title='bbox 396 1545 620 1612; x_wconf 74' lang='grc' dir='ltr'>Πιστὸς</span> <span class='ocrx_word' id='word_1_95' title='bbox 642 1545 890 1616; x_wconf 71' lang='grc' dir='ltr'>ὀλόγος.</span> <span class='ocrx_word' id='word_1_96' title='bbox 932 1545 1151 1616; x_wconf 80' lang='grc' dir='ltr'><strong>Ἐπειδὴ</strong></span> <span class='ocrx_word' id='word_1_97' title='bbox 1172 1545 1472 1616; x_wconf 77' lang='grc' dir='ltr'>ἀμφίϐολον</span> <span class='ocrx_word' id='word_1_98' title='bbox 1509 1541 1597 1617; x_wconf 77' lang='grc' dir='ltr'>ἦν,</span> <span class='ocrx_word' id='word_1_99' title='bbox 1631 1545 1716 1600; x_wconf 83' lang='grc' dir='ltr'><strong>δτι</strong></span> <span class='ocrx_word' id='word_1_100' title='bbox 1737 1545 1896 1614; x_wconf 81' lang='grc' dir='ltr'>δυνή-</span> 
     </span>
    </p>
   </div>
   <div class='ocr_carea' id='block_1_14' title="bbox 325 1636 1894 1708">
    <p class='ocr_par' dir='ltr' id='par_1_14' title="bbox 325 1636 1894 1708">
     <span class='ocr_line' id='line_1_14' title="bbox 325 1636 1894 1708; baseline 0.001 -20"><span class='ocrx_word' id='word_1_101' title='bbox 325 1653 511 1690; x_wconf 85' lang='grc' dir='ltr'>σονται</span> <span class='ocrx_word' id='word_1_102' title='bbox 544 1637 599 1688; x_wconf 89' lang='grc' dir='ltr'><strong>αί</strong></span> <span class='ocrx_word' id='word_1_103' title='bbox 627 1638 859 1708; x_wconf 72' lang='grc' dir='ltr'>μητέρες</span> <span class='ocrx_word' id='word_1_104' title='bbox 879 1636 1168 1690; x_wconf 80' lang='grc' dir='ltr'><strong>ἀπολαύειν</strong></span> <span class='ocrx_word' id='word_1_105' title='bbox 1183 1637 1280 1708; x_wconf 84' lang='grc' dir='ltr'><strong>τῆς</strong></span> <span class='ocrx_word' id='word_1_106' title='bbox 1308 1637 1416 1690; x_wconf 84' lang='grc' dir='ltr'><strong>τῶν</strong></span> <span class='ocrx_word' id='word_1_107' title='bbox 1441 1639 1647 1692; x_wconf 83' lang='grc' dir='ltr'>τέκνων</span> <span class='ocrx_word' id='word_1_108' title='bbox 1670 1637 1894 1708; x_wconf 82' lang='grc' dir='ltr'>ἀρετῆς,</span> 
     </span>
    </p>
   </div>
   <div class='ocr_carea' id='block_1_15' title="bbox 326 1727 1896 1799">
    <p class='ocr_par' dir='ltr' id='par_1_15' title="bbox 326 1727 1896 1799">
     <span class='ocr_line' id='line_1_15' title="bbox 326 1727 1896 1799; baseline 0 -20"><span class='ocrx_word' id='word_1_109' title='bbox 326 1729 510 1798; x_wconf 82' lang='grc' dir='ltr'>φησὶν,</span> <span class='ocrx_word' id='word_1_110' title='bbox 545 1729 627 1780; x_wconf 82' lang='grc' dir='ltr'>ὅτι</span> <span class='ocrx_word' id='word_1_111' title='bbox 656 1728 880 1794; x_wconf 81' lang='grc' dir='ltr'>Πιστὸς</span> <span class='ocrx_word' id='word_1_112' title='bbox 902 1729 934 1782; x_wconf 83' lang='grc' dir='ltr'><em>ὁ</em></span> <span class='ocrx_word' id='word_1_113' title='bbox 958 1728 1159 1799; x_wconf 58' lang='grc' dir='ltr'>λόγος,</span> <span class='ocrx_word' id='word_1_114' title='bbox 1190 1728 1250 1781; x_wconf 82' lang='grc' dir='ltr'><strong>οὐ</strong></span> <span class='ocrx_word' id='word_1_115' title='bbox 1275 1727 1462 1797; x_wconf 75' lang='grc' dir='ltr'>ψευδές</span> <span class='ocrx_word' id='word_1_116' title='bbox 1482 1729 1597 1782; x_wconf 84' lang='grc' dir='ltr'>ἐστι</span> <span class='ocrx_word' id='word_1_117' title='bbox 1624 1727 1685 1781; x_wconf 84' lang='grc' dir='ltr'>τὸ</span> <span class='ocrx_word' id='word_1_118' title='bbox 1711 1729 1896 1799; x_wconf 76' lang='grc' dir='ltr'>ῥηθὲν,</span> 
     </span>
    </p>
   </div>
   <div class='ocr_carea' id='block_1_16' title="bbox 326 1816 872 1888">
    <p class='ocr_par' dir='ltr' id='par_1_16' title="bbox 326 1816 872 1888">
     <span class='ocr_line' id='line_1_16' title="bbox 326 1816 872 1888; baseline 0.007 -20"><span class='ocrx_word' id='word_1_119' title='bbox 326 1817 516 1888; x_wconf 73' lang='grc' dir='ltr'>μηδεὶς</span> <span class='ocrx_word' id='word_1_120' title='bbox 552 1816 872 1882; x_wconf 79' lang='grc' dir='ltr'>δισταζέτω.</span> 
     </span>
    </p>
   </div>
   <div class='ocr_carea' id='block_1_17' title="bbox 397 1909 1898 1982">
    <p class='ocr_par' dir='ltr' id='par_1_17' title="bbox 397 1909 1898 1982">
     <span class='ocr_line' id='line_1_17' title="bbox 397 1909 1898 1982; baseline -0.001 -18"><span class='ocrx_word' id='word_1_121' title='bbox 397 1913 466 1964; x_wconf 84' lang='lat' dir='ltr'><strong>El</strong></span> <span class='ocrx_word' id='word_1_122' title='bbox 496 1927 577 1976; x_wconf 80' lang='grc' dir='ltr'><strong>τις</strong></span> <span class='ocrx_word' id='word_1_123' title='bbox 612 1909 957 1978; x_wconf 81' lang='grc' dir='ltr'>ἐπισκοπῆς</span> <span class='ocrx_word' id='word_1_124' title='bbox 1001 1909 1285 1980; x_wconf 72' lang='grc' dir='ltr'><strong>ὀρέγεται,</strong></span> <span class='ocrx_word' id='word_1_125' title='bbox 1321 1910 1513 1965; x_wconf 71' lang='grc' dir='ltr'>καλοῦ</span> <span class='ocrx_word' id='word_1_126' title='bbox 1555 1911 1734 1982; x_wconf 73' lang='grc' dir='ltr'>ἔργου</span> <span class='ocrx_word' id='word_1_127' title='bbox 1773 1911 1898 1965; x_wconf 79' lang='grc' dir='ltr'>ἑπι-</span> 
     </span>
    </p>
   </div>
   <div class='ocr_carea' id='block_1_18' title="bbox 324 1996 1895 2072">
    <p class='ocr_par' dir='ltr' id='par_1_18' title="bbox 324 1996 1895 2072">
     <span class='ocr_line' id='line_1_18' title="bbox 324 1996 1895 2072; baseline -0.001 -16"><span class='ocrx_word' id='word_1_128' title='bbox 324 2003 516 2072; x_wconf 74' lang='grc' dir='ltr'>οιψεῖ.</span> <span class='ocrx_word' id='word_1_129' title='bbox 560 2002 648 2054; x_wconf 86' lang='grc' dir='ltr'>Ἐν</span> <span class='ocrx_word' id='word_1_130' title='bbox 679 1996 760 2066; x_wconf 72' lang='grc' dir='ltr'>οἷς</span> <span class='ocrx_word' id='word_1_131' title='bbox 778 2001 1029 2072; x_wconf 81' lang='grc' dir='ltr'>Τιμοθέῳ</span> <span class='ocrx_word' id='word_1_132' title='bbox 1070 2003 1196 2072; x_wconf 81' lang='grc' dir='ltr'><strong>περὶ</strong></span> <span class='ocrx_word' id='word_1_133' title='bbox 1219 2000 1313 2055; x_wconf 79' lang='grc' dir='ltr'>τοῦ</span> <span class='ocrx_word' id='word_1_134' title='bbox 1345 2003 1642 2056; x_wconf 76' lang='grc' dir='ltr'><strong>ἐπισκόπου</strong></span> <span class='ocrx_word' id='word_1_135' title='bbox 1676 2002 1895 2056; x_wconf 75' lang='grc' dir='ltr'>διατάτ-</span> 
     </span>
    </p>
   </div>
   <div class='ocr_carea' id='block_1_19' title="bbox 325 2089 1894 2161">
    <p class='ocr_par' dir='ltr' id='par_1_19' title="bbox 325 2089 1894 2161">
     <span class='ocr_line' id='line_1_19' title="bbox 325 2089 1894 2161; baseline -0.003 -16"><span class='ocrx_word' id='word_1_136' title='bbox 325 2108 499 2155; x_wconf 85' lang='grc' dir='ltr'>τεται,</span> <span class='ocrx_word' id='word_1_137' title='bbox 552 2092 686 2145; x_wconf 81' lang='grc' dir='ltr'>πᾶσι</span> <span class='ocrx_word' id='word_1_138' title='bbox 731 2093 848 2153; x_wconf 88' lang='grc' dir='ltr'>τοῖς</span> <span class='ocrx_word' id='word_1_139' title='bbox 875 2092 933 2142; x_wconf 89' lang='grc' dir='ltr'><strong>ἐν</strong></span> <span class='ocrx_word' id='word_1_140' title='bbox 952 2092 1017 2159; x_wconf 82' lang='grc' dir='ltr'>τῇ</span> <span class='ocrx_word' id='word_1_141' title='bbox 1047 2089 1338 2161; x_wconf 72' lang='grc' dir='ltr'>οἰκουμένῃ</span> <span class='ocrx_word' id='word_1_142' title='bbox 1365 2089 1691 2158; x_wconf 78' lang='grc' dir='ltr'><strong>διαλέγεται.</strong></span> <span class='ocrx_word' id='word_1_143' title='bbox 1710 2090 1774 2143; x_wconf 80' lang='lat' dir='ltr'><strong>Ei&#39;</strong></span> <span class='ocrx_word' id='word_1_144' title='bbox 1792 2107 1894 2154; x_wconf 86' lang='grc' dir='ltr'>τις,</span> 
     </span>
    </p>
   </div>
   <div class='ocr_carea' id='block_1_20' title="bbox 334 2179 1896 2252">
    <p class='ocr_par' dir='ltr' id='par_1_20' title="bbox 334 2179 1896 2252">
     <span class='ocr_line' id='line_1_20' title="bbox 334 2179 1896 2252; baseline 0 -18"><span class='ocrx_word' id='word_1_145' title='bbox 334 2182 521 2251; x_wconf 71' lang='grc' dir='ltr'>φησὶν,</span> <span class='ocrx_word' id='word_1_146' title='bbox 551 2181 796 2252; x_wconf 74' lang='grc' dir='ltr'><strong>ὀρέγεται</strong></span> <span class='ocrx_word' id='word_1_147' title='bbox 828 2181 928 2252; x_wconf 82' lang='grc' dir='ltr'>τῆς</span> <span class='ocrx_word' id='word_1_148' title='bbox 961 2180 1316 2251; x_wconf 81' lang='grc' dir='ltr'>προστασίας,</span> <span class='ocrx_word' id='word_1_149' title='bbox 1365 2181 1426 2234; x_wconf 84' lang='grc' dir='ltr'><strong>ού</strong></span> <span class='ocrx_word' id='word_1_150' title='bbox 1461 2179 1690 2234; x_wconf 86' lang='grc' dir='ltr'>κωλύω·</span> <span class='ocrx_word' id='word_1_151' title='bbox 1733 2180 1896 2251; x_wconf 79' lang='grc' dir='ltr'>ἔργου</span> 
     </span>
    </p>
   </div>
   <div class='ocr_carea' id='block_1_21' title="bbox 331 2270 1898 2343">
    <p class='ocr_par' dir='ltr' id='par_1_21' title="bbox 331 2270 1898 2343">
     <span class='ocr_line' id='line_1_21' title="bbox 331 2270 1898 2343; baseline -0.001 -18"><span class='ocrx_word' id='word_1_152' title='bbox 331 2273 438 2343; x_wconf 75' lang='grc' dir='ltr'>γάρ</span> <span class='ocrx_word' id='word_1_153' title='bbox 464 2271 628 2326; x_wconf 75' lang='grc' dir='ltr'>καλοῦ</span> <span class='ocrx_word' id='word_1_154' title='bbox 653 2272 928 2343; x_wconf 84' lang='grc' dir='ltr'>ὀρέγεται.</span> <span class='ocrx_word' id='word_1_155' title='bbox 975 2270 1068 2341; x_wconf 82' lang='grc' dir='ltr'><strong>Μὴ</strong></span> <span class='ocrx_word' id='word_1_156' title='bbox 1104 2271 1200 2341; x_wconf 81' lang='grc' dir='ltr'>τῆς</span> <span class='ocrx_word' id='word_1_157' title='bbox 1238 2271 1412 2342; x_wconf 81' lang='grc' dir='ltr'>ἀρχῆς</span> <span class='ocrx_word' id='word_1_158' title='bbox 1439 2270 1535 2324; x_wconf 80' lang='grc' dir='ltr'>καὶ</span> <span class='ocrx_word' id='word_1_159' title='bbox 1565 2271 1664 2342; x_wconf 85' lang='grc' dir='ltr'>τῆς</span> <span class='ocrx_word' id='word_1_160' title='bbox 1706 2271 1898 2324; x_wconf 68' lang='grc' dir='ltr'>αὐθεν-</span> 
     </span>
    </p>
   </div>
   <div class='ocr_carea' id='block_1_22' title="bbox 328 2351 1896 2433">
    <p class='ocr_par' dir='ltr' id='par_1_22' title="bbox 328 2351 1896 2433">
     <span class='ocr_line' id='line_1_22' title="bbox 328 2351 1896 2433; baseline -0.002 -18"><span class='ocrx_word' id='word_1_161' title='bbox 328 2363 451 2427; x_wconf 90' lang='grc' dir='ltr'>τίας</span> <span class='ocrx_word' id='word_1_162' title='bbox 495 2363 661 2433; x_wconf 83' lang='grc' dir='ltr'>μόνης</span> <span class='ocrx_word' id='word_1_163' title='bbox 718 2361 976 2431; x_wconf 77' lang='grc' dir='ltr'>ἐφιέσθω,</span> <span class='ocrx_word' id='word_1_164' title='bbox 1027 2361 1151 2414; x_wconf 73' lang='grc' dir='ltr'>ἐπεὶ</span> <span class='ocrx_word' id='word_1_165' title='bbox 1203 2361 1300 2413; x_wconf 78' lang='grc' dir='ltr'>καὶ</span> <span class='ocrx_word' id='word_1_166' title='bbox 1354 2359 1562 2426; x_wconf 84' lang='grc' dir='ltr'><strong>Μωσῆς</strong></span> <span class='ocrx_word' id='word_1_167' title='bbox 1601 2359 1696 2413; x_wconf 79' lang='grc' dir='ltr'><strong>τοῦ</strong></span> <span class='ocrx_word' id='word_1_168' title='bbox 1736 2351 1896 2430; x_wconf 77' lang='grc' dir='ltr'>ἔργου</span> 
     </span>
    </p>
   </div>
   <div class='ocr_carea' id='block_1_23' title="bbox 327 2450 1896 2525">
    <p class='ocr_par' dir='ltr' id='par_1_23' title="bbox 327 2450 1896 2525">
     <span class='ocr_line' id='line_1_23' title="bbox 327 2450 1896 2525; baseline -0.005 -15"><span class='ocrx_word' id='word_1_169' title='bbox 327 2455 620 2524; x_wconf 84' lang='grc' dir='ltr'>ἐπεθύμει,</span> <span class='ocrx_word' id='word_1_170' title='bbox 680 2455 742 2508; x_wconf 77' lang='grc' dir='ltr'><strong>οὐ</strong></span> <span class='ocrx_word' id='word_1_171' title='bbox 791 2457 888 2524; x_wconf 79' lang='grc' dir='ltr'>τῆς</span> <span class='ocrx_word' id='word_1_172' title='bbox 945 2453 1303 2525; x_wconf 86' lang='grc' dir='ltr'>προστασίας.</span> <span class='ocrx_word' id='word_1_173' title='bbox 1350 2453 1600 2524; x_wconf 85' lang='grc' dir='ltr'>Προέστη</span> <span class='ocrx_word' id='word_1_174' title='bbox 1650 2450 1760 2522; x_wconf 83' lang='grc' dir='ltr'>γὰρ</span> <span class='ocrx_word' id='word_1_175' title='bbox 1803 2450 1896 2504; x_wconf 78' lang='grc' dir='ltr'><strong>τοῦ</strong></span> 
     </span>
    </p>
   </div>
   <div class='ocr_carea' id='block_1_24' title="bbox 328 2542 1897 2616">
    <p class='ocr_par' dir='ltr' id='par_1_24' title="bbox 328 2542 1897 2616">
     <span class='ocr_line' id='line_1_24' title="bbox 328 2542 1897 2616; baseline -0.005 -16"><span class='ocrx_word' id='word_1_176' title='bbox 328 2547 715 2616; x_wconf 81' lang='grc' dir='ltr'>ἀδικουμένου,</span> <span class='ocrx_word' id='word_1_177' title='bbox 741 2545 977 2610; x_wconf 75' lang='grc' dir='ltr'>πατάξας</span> <span class='ocrx_word' id='word_1_178' title='bbox 1006 2546 1097 2597; x_wconf 66' lang='grc' dir='ltr'>τὸν</span> <span class='ocrx_word' id='word_1_179' title='bbox 1117 2543 1424 2597; x_wconf 84' lang='grc' dir='ltr'>ἀδικοῦντα.</span> <span class='ocrx_word' id='word_1_180' title='bbox 1460 2543 1760 2611; x_wconf 82' lang='grc' dir='ltr'>Ἐπισκοπὴ</span> <span class='ocrx_word' id='word_1_181' title='bbox 1792 2542 1897 2612; x_wconf 71' lang='grc' dir='ltr'>γὰρ</span> 
     </span>
    </p>
   </div>
   <div class='ocr_carea' id='block_1_25' title="bbox 328 2635 1440 2711">
    <p class='ocr_par' dir='ltr' id='par_1_25' title="bbox 328 2635 1440 2711">
     <span class='ocr_line' id='line_1_25' title="bbox 328 2635 1440 2711; baseline -0.004 -19"><span class='ocrx_word' id='word_1_182' title='bbox 328 2639 566 2711; x_wconf 76' lang='grc' dir='ltr'>εἴρηται,</span> <span class='ocrx_word' id='word_1_183' title='bbox 605 2639 753 2708; x_wconf 83' lang='grc' dir='ltr'>παρὰ</span> <span class='ocrx_word' id='word_1_184' title='bbox 775 2638 835 2691; x_wconf 86' lang='grc' dir='ltr'>τὸ</span> <span class='ocrx_word' id='word_1_185' title='bbox 860 2638 1176 2691; x_wconf 76' lang='grc' dir='ltr'>ἐπισκοπεῖν</span> <span class='ocrx_word' id='word_1_186' title='bbox 1209 2635 1440 2699; x_wconf 82' lang='grc' dir='ltr'>πάντας.</span> 
     </span>
    </p>
   </div>
   <div class='ocr_carea' id='block_1_26' title="bbox 399 2721 1895 2797">
    <p class='ocr_par' dir='ltr' id='par_1_26' title="bbox 399 2721 1895 2797">
     <span class='ocr_line' id='line_1_26' title="bbox 399 2721 1895 2797; baseline -0.004 -13"><span class='ocrx_word' id='word_1_187' title='bbox 399 2731 500 2785; x_wconf 84' lang='grc' dir='ltr'>Δεῖ</span> <span class='ocrx_word' id='word_1_188' title='bbox 552 2725 665 2786; x_wconf 83' lang='grc' dir='ltr'><strong>οὖν</strong></span> <span class='ocrx_word' id='word_1_189' title='bbox 711 2729 818 2783; x_wconf 74' lang='grc' dir='ltr'><strong>τὸν</strong></span> <span class='ocrx_word' id='word_1_190' title='bbox 865 2729 1202 2782; x_wconf 77' lang='grc' dir='ltr'>ἐπίσκοπον</span> <span class='ocrx_word' id='word_1_191' title='bbox 1261 2727 1674 2793; x_wconf 78' lang='grc' dir='ltr'>ἀνεπίληπτον</span> <span class='ocrx_word' id='word_1_192' title='bbox 1723 2721 1895 2797; x_wconf 74' lang='grc' dir='ltr'>εἶναι.</span> 
     </span>
    </p>
   </div>
   <div class='ocr_carea' id='block_1_27' title="bbox 332 2817 1898 2892">
    <p class='ocr_par' dir='ltr' id='par_1_27' title="bbox 332 2817 1898 2892">
     <span class='ocr_line' id='line_1_27' title="bbox 332 2817 1898 2892; baseline -0.007 -14"><span class='ocrx_word' id='word_1_193' title='bbox 332 2823 615 2886; x_wconf 81' lang='grc' dir='ltr'>Τουτέστι,</span> <span class='ocrx_word' id='word_1_194' title='bbox 645 2822 824 2875; x_wconf 77' lang='grc' dir='ltr'>πᾶσαν</span> <span class='ocrx_word' id='word_1_195' title='bbox 854 2821 1056 2892; x_wconf 77' lang='grc' dir='ltr'>ἀρετὴν</span> <span class='ocrx_word' id='word_1_196' title='bbox 1077 2819 1289 2891; x_wconf 80' lang='grc' dir='ltr'>ἔχοντα,</span> <span class='ocrx_word' id='word_1_197' title='bbox 1324 2819 1400 2882; x_wconf 83' lang='grc' dir='ltr'>ὡς</span> <span class='ocrx_word' id='word_1_198' title='bbox 1432 2818 1570 2888; x_wconf 81' lang='grc' dir='ltr'>μήτε</span> <span class='ocrx_word' id='word_1_199' title='bbox 1593 2817 1782 2879; x_wconf 76' lang='grc' dir='ltr'>ἄλλους</span> <span class='ocrx_word' id='word_1_200' title='bbox 1801 2817 1898 2868; x_wconf 79' lang='grc' dir='ltr'>αύο</span> 
     </span>
    </p>
   </div>
   <div class='ocr_carea' id='block_1_28' title="bbox 339 2906 1897 2980">
    <p class='ocr_par' dir='ltr' id='par_1_28' title="bbox 339 2906 1897 2980">
     <span class='ocr_line' id='line_1_28' title="bbox 339 2906 1897 2980; baseline -0.003 -18"><span class='ocrx_word' id='word_1_201' title='bbox 339 2911 457 2974; x_wconf 75' lang='grc' dir='ltr'>τοῦ,</span> <span class='ocrx_word' id='word_1_202' title='bbox 484 2912 618 2980; x_wconf 76' lang='grc' dir='ltr'>μήτε</span> <span class='ocrx_word' id='word_1_203' title='bbox 642 2911 799 2964; x_wconf 73' lang='grc' dir='ltr'>αὐτὸν</span> <span class='ocrx_word' id='word_1_204' title='bbox 830 2909 1024 2963; x_wconf 78' lang='grc' dir='ltr'>ἑαυτοῦ</span> <span class='ocrx_word' id='word_1_205' title='bbox 1056 2906 1726 2978; x_wconf 77' lang='grc' dir='ltr'>ἐπιλαμϐάνεσθαι.“οστε</span> <span class='ocrx_word' id='word_1_206' title='bbox 1752 2906 1897 2967; x_wconf 81' lang='grc' dir='ltr'>εῐτις</span> 
     </span>
    </p>
   </div>
   <div class='ocr_carea' id='block_1_29' title="bbox 333 2993 1897 3069">
    <p class='ocr_par' dir='ltr' id='par_1_29' title="bbox 333 2993 1897 3069">
     <span class='ocr_line' id='line_1_29' title="bbox 333 2993 1897 3069; baseline -0.005 -16"><span class='ocrx_word' id='word_1_207' title='bbox 333 2998 512 3069; x_wconf 82' lang='grc' dir='ltr'>ἐαυτῷ</span> <span class='ocrx_word' id='word_1_208' title='bbox 545 2998 774 3052; x_wconf 88' lang='grc' dir='ltr'>συνοῖδεν</span> <span class='ocrx_word' id='word_1_209' title='bbox 808 2999 1117 3069; x_wconf 80' lang='grc' dir='ltr'>ἁμάρτημα</span> <span class='ocrx_word' id='word_1_210' title='bbox 1141 2998 1208 3063; x_wconf 67' lang='grc' dir='ltr'>θ’,</span> <span class='ocrx_word' id='word_1_211' title='bbox 1239 2995 1374 3068; x_wconf 70' lang='grc' dir='ltr'>μηδὲ</span> <span class='ocrx_word' id='word_1_212' title='bbox 1397 2997 1413 3028; x_wconf 75' lang='grc'>⁸</span> <span class='ocrx_word' id='word_1_213' title='bbox 1441 2995 1778 3064; x_wconf 87' lang='grc' dir='ltr'>ἐπιθυμείτω</span> <span class='ocrx_word' id='word_1_214' title='bbox 1805 2993 1897 3046; x_wconf 77' lang='grc' dir='ltr'>τοῦ</span> 
     </span>
    </p>
   </div>
   <div class='ocr_carea' id='block_1_30' title="bbox 333 3082 1897 3158">
    <p class='ocr_par' dir='ltr' id='par_1_30' title="bbox 333 3082 1897 3158">
     <span class='ocr_line' id='line_1_30' title="bbox 333 3082 1897 3158; baseline -0.004 -17"><span class='ocrx_word' id='word_1_215' title='bbox 333 3089 672 3158; x_wconf 80' lang='grc' dir='ltr'>πράγματος,</span> <span class='ocrx_word' id='word_1_216' title='bbox 705 3082 765 3142; x_wconf 72' lang='grc' dir='ltr'>οὗ</span> <span class='ocrx_word' id='word_1_217' title='bbox 821 3086 1010 3141; x_wconf 81' lang='grc' dir='ltr'>ἐαυτὸν</span> <span class='ocrx_word' id='word_1_218' title='bbox 1058 3087 1147 3140; x_wconf 81' lang='grc' dir='ltr'>διὰ.</span> <span class='ocrx_word' id='word_1_219' title='bbox 1191 3085 1298 3139; x_wconf 84' lang='grc' dir='ltr'><strong>τῶν</strong></span> <span class='ocrx_word' id='word_1_220' title='bbox 1328 3084 1504 3154; x_wconf 76' lang='grc' dir='ltr'>ἔργων</span> <span class='ocrx_word' id='word_1_221' title='bbox 1530 3083 1768 3149; x_wconf 78' lang='grc' dir='ltr'>ἐξέϐαλε.</span> <span class='ocrx_word' id='word_1_222' title='bbox 1794 3083 1837 3134; x_wconf 87' lang='grc' dir='ltr'>Τ</span> <span class='ocrx_word' id='word_1_223' title='bbox 1840 3083 1897 3134; x_wconf 78' lang='grc' dir='ltr'><strong>ὸν</strong></span> 
     </span>
    </p>
   </div>
   <div class='ocr_carea' id='block_1_31' title="bbox 333 3173 1896 3251">
    <p class='ocr_par' dir='ltr' id='par_1_31' title="bbox 333 3173 1896 3251">
     <span class='ocr_line' id='line_1_31' title="bbox 333 3173 1896 3251; baseline -0.005 -18"><span class='ocrx_word' id='word_1_224' title='bbox 333 3182 438 3248; x_wconf 83' lang='grc' dir='ltr'>γὰρ</span> <span class='ocrx_word' id='word_1_225' title='bbox 469 3181 703 3251; x_wconf 78' lang='grc' dir='ltr'>ἄρχοντα</span> <span class='ocrx_word' id='word_1_226' title='bbox 742 3179 1006 3250; x_wconf 84' lang='grc' dir='ltr'>φωστῆρα</span> <span class='ocrx_word' id='word_1_227' title='bbox 1029 3179 1110 3232; x_wconf 85' lang='grc' dir='ltr'><strong>δεῖ</strong></span> <span class='ocrx_word' id='word_1_228' title='bbox 1133 3173 1294 3241; x_wconf 74' lang='grc' dir='ltr'>εἶναι,</span> <span class='ocrx_word' id='word_1_229' title='bbox 1317 3177 1458 3232; x_wconf 82' lang='grc' dir='ltr'>ὥστε</span> <span class='ocrx_word' id='word_1_230' title='bbox 1504 3175 1642 3245; x_wconf 73' lang='grc' dir='ltr'>πρὸς</span> <span class='ocrx_word' id='word_1_231' title='bbox 1679 3174 1842 3227; x_wconf 73' lang='grc' dir='ltr'>αὐτὸν</span> <span class='ocrx_word' id='word_1_232' title='bbox 1875 3175 1896 3203; x_wconf 78' lang='grc'>⁸</span> 
     </span>
    </p>
   </div>
   <div class='ocr_carea' id='block_1_32' title="bbox 333 3266 1656 3343">
    <p class='ocr_par' dir='ltr' id='par_1_32' title="bbox 333 3266 1656 3343">
     <span class='ocr_line' id='line_1_32' title="bbox 333 3266 1656 3343; baseline -0.002 -18"><span class='ocrx_word' id='word_1_233' title='bbox 333 3275 534 3336; x_wconf 79' lang='grc' dir='ltr'>πάντας</span> <span class='ocrx_word' id='word_1_234' title='bbox 567 3273 813 3343; x_wconf 84' lang='grc' dir='ltr'>ὁρῶντας</span> <span class='ocrx_word' id='word_1_235' title='bbox 840 3269 1174 3341; x_wconf 74' lang='grc' dir='ltr'>φωτίζεσθαι</span> <span class='ocrx_word' id='word_1_236' title='bbox 1203 3270 1298 3323; x_wconf 77' lang='grc' dir='ltr'><strong>καὶ</strong></span> <span class='ocrx_word' id='word_1_237' title='bbox 1319 3266 1656 3338; x_wconf 84' lang='grc' dir='ltr'>ὁδηγεῖσθαι.</span> 
     </span>
    </p>
   </div>
   <div class='ocr_carea' id='block_1_33' title="bbox 399 3444 1903 3516">
    <p class='ocr_par' dir='ltr' id='par_1_33' title="bbox 399 3444 1903 3516">
     <span class='ocr_line' id='line_1_33' title="bbox 399 3444 1903 3516; baseline -0.004 -16"><span class='ocrx_word' id='word_1_238' title='bbox 399 3445 553 3512; x_wconf 77' lang='grc' dir='ltr'><strong>Μιὰς</strong></span> <span class='ocrx_word' id='word_1_239' title='bbox 590 3449 874 3516; x_wconf 77' lang='grc' dir='ltr'>γυναικὸς</span> <span class='ocrx_word' id='word_1_240' title='bbox 897 3447 1104 3514; x_wconf 76' lang='grc' dir='ltr'>ἄνδρα.</span> <span class='ocrx_word' id='word_1_241' title='bbox 1169 3447 1230 3499; x_wconf 78' lang='lat' dir='ltr'><strong>Et</strong></span> <span class='ocrx_word' id='word_1_242' title='bbox 1277 3446 1306 3497; x_wconf 82' lang='grc' dir='ltr'>ὁ</span> <span class='ocrx_word' id='word_1_243' title='bbox 1353 3444 1610 3514; x_wconf 83' lang='grc' dir='ltr'>γαμήσας</span> <span class='ocrx_word' id='word_1_244' title='bbox 1666 3445 1903 3514; x_wconf 75' lang='grc' dir='ltr'>μεριμνᾷ</span> 
     </span>
    </p>
   </div>
   <div class='ocr_carea' id='block_1_34' title="bbox 332 3533 1904 3608">
    <p class='ocr_par' dir='ltr' id='par_1_34' title="bbox 332 3533 1904 3608">
     <span class='ocr_line' id='line_1_34' title="bbox 332 3533 1904 3608; baseline -0.003 -18"><span class='ocrx_word' id='word_1_245' title='bbox 332 3543 397 3592; x_wconf 71' lang='grc' dir='ltr'><strong>τὰ</strong></span> <span class='ocrx_word' id='word_1_246' title='bbox 427 3537 524 3591; x_wconf 78' lang='grc' dir='ltr'>τοῦ</span> <span class='ocrx_word' id='word_1_247' title='bbox 548 3539 779 3608; x_wconf 79' lang='grc' dir='ltr'>κόσμου,</span> <span class='ocrx_word' id='word_1_248' title='bbox 814 3538 906 3593; x_wconf 81' lang='grc' dir='ltr'>τὸν</span> <span class='ocrx_word' id='word_1_249' title='bbox 955 3538 1011 3591; x_wconf 77' lang='grc' dir='ltr'>δὲ</span> <span class='ocrx_word' id='word_1_250' title='bbox 1072 3537 1368 3590; x_wconf 80' lang='grc' dir='ltr'>ἐπίσκοπον</span> <span class='ocrx_word' id='word_1_251' title='bbox 1405 3536 1468 3589; x_wconf 83' lang='grc' dir='ltr'><strong>ού</strong></span> <span class='ocrx_word' id='word_1_252' title='bbox 1502 3535 1582 3589; x_wconf 87' lang='grc' dir='ltr'><strong>δεῖ</strong></span> <span class='ocrx_word' id='word_1_253' title='bbox 1608 3535 1676 3588; x_wconf 81' lang='grc' dir='ltr'>τὰ</span> <span class='ocrx_word' id='word_1_254' title='bbox 1700 3535 1793 3587; x_wconf 81' lang='grc' dir='ltr'>τοῦ</span> <span class='ocrx_word' id='word_1_255' title='bbox 1819 3533 1904 3586; x_wconf 82' lang='grc' dir='ltr'><strong>κό-</strong></span> 
     </span>
    </p>
   </div>
   <div class='ocr_carea' id='block_1_35' title="bbox 333 3624 1904 3698">
    <p class='ocr_par' dir='ltr' id='par_1_35' title="bbox 333 3624 1904 3698">
     <span class='ocr_line' id='line_1_35' title="bbox 333 3624 1904 3698; baseline -0.003 -18"><span class='ocrx_word' id='word_1_256' title='bbox 333 3646 470 3696; x_wconf 65' lang='grc' dir='ltr'>σμου</span> <span class='ocrx_word' id='word_1_257' title='bbox 506 3629 800 3698; x_wconf 77' lang='grc' dir='ltr'>μεριμνᾷν,</span> <span class='ocrx_word' id='word_1_258' title='bbox 823 3628 940 3692; x_wconf 62' lang='grc' dir='ltr'>ταῶς</span> <span class='ocrx_word' id='word_1_259' title='bbox 982 3643 1137 3695; x_wconf 75' lang='grc' dir='ltr'>φησι,</span> <span class='ocrx_word' id='word_1_260' title='bbox 1179 3627 1329 3693; x_wconf 81' lang='grc' dir='ltr'>Μιᾶς</span> <span class='ocrx_word' id='word_1_261' title='bbox 1366 3625 1651 3696; x_wconf 70' lang='grc' dir='ltr'>γυναικὸς</span> <span class='ocrx_word' id='word_1_262' title='bbox 1679 3624 1904 3691; x_wconf 52' lang='grc' dir='ltr'>ἄνδρες</span> 
     </span>
    </p>
   </div>
   <div class='ocr_carea' id='block_1_36' title="bbox 332 3714 1903 3789">
    <p class='ocr_par' dir='ltr' id='par_1_36' title="bbox 332 3714 1903 3789">
     <span class='ocr_line' id='line_1_36' title="bbox 332 3714 1903 3789; baseline -0.003 -19"><span class='ocrx_word' id='word_1_263' title='bbox 332 3719 486 3780; x_wconf 77' lang='grc' dir='ltr'>Τινὲς</span> <span class='ocrx_word' id='word_1_264' title='bbox 521 3719 618 3789; x_wconf 73' lang='grc' dir='ltr'>μὲν</span> <span class='ocrx_word' id='word_1_265' title='bbox 644 3714 737 3772; x_wconf 81' lang='grc' dir='ltr'><strong>οὖν</strong></span> <span class='ocrx_word' id='word_1_266' title='bbox 769 3735 952 3786; x_wconf 87' lang='grc' dir='ltr'>φασιν,</span> <span class='ocrx_word' id='word_1_267' title='bbox 981 3719 1062 3771; x_wconf 83' lang='grc' dir='ltr'>ὅτι</span> <span class='ocrx_word' id='word_1_268' title='bbox 1103 3717 1194 3771; x_wconf 79' lang='grc' dir='ltr'><strong>τὸν</strong></span> <span class='ocrx_word' id='word_1_269' title='bbox 1228 3718 1352 3770; x_wconf 83' lang='grc' dir='ltr'>ἀπὸ-</span> <span class='ocrx_word' id='word_1_270' title='bbox 1372 3716 1631 3785; x_wconf 75' lang='grc' dir='ltr'>γυναικὸς</span> <span class='ocrx_word' id='word_1_271' title='bbox 1660 3715 1903 3786; x_wconf 63' lang='grc' dir='ltr'><strong>⁴ᾐνίξατο,</strong></span> 
     </span>
    </p>
   </div>
   <div class='ocr_carea' id='block_1_37' title="bbox 334 3808 1902 3881">
    <p class='ocr_par' dir='ltr' id='par_1_37' title="bbox 334 3808 1902 3881">
     <span class='ocr_line' id='line_1_37' title="bbox 334 3808 1902 3881; baseline -0.003 -19"><span class='ocrx_word' id='word_1_272' title='bbox 334 3811 382 3862; x_wconf 84' lang='grc' dir='ltr'><strong>εί</strong></span> <span class='ocrx_word' id='word_1_273' title='bbox 412 3810 468 3862; x_wconf 78' lang='grc' dir='ltr'>δὲ</span> <span class='ocrx_word' id='word_1_274' title='bbox 499 3810 576 3881; x_wconf 77' lang='grc' dir='ltr'><strong>μὴ</strong></span> <span class='ocrx_word' id='word_1_275' title='bbox 626 3810 806 3874; x_wconf 82' lang='grc' dir='ltr'>τοῦτο,</span> <span class='ocrx_word' id='word_1_276' title='bbox 860 3810 1030 3881; x_wconf 81' lang='grc' dir='ltr'>ἐχέτω</span> <span class='ocrx_word' id='word_1_277' title='bbox 1072 3810 1168 3879; x_wconf 78' lang='grc' dir='ltr'>μὲν</span> <span class='ocrx_word' id='word_1_278' title='bbox 1221 3812 1262 3872; x_wconf 86' lang='grc'>³,</span> <span class='ocrx_word' id='word_1_279' title='bbox 1293 3811 1443 3879; x_wconf 75' lang='grc' dir='ltr'>φησὶ,</span> <span class='ocrx_word' id='word_1_280' title='bbox 1473 3810 1602 3878; x_wconf 77' lang='grc' dir='ltr'>μίαν</span> <span class='ocrx_word' id='word_1_281' title='bbox 1651 3808 1902 3874; x_wconf 82' lang='grc' dir='ltr'>γυναῖκα,</span> 
     </span>
    </p>
   </div>
   <div class='ocr_carea' id='block_1_38' title="bbox 333 3895 1904 3972">
    <p class='ocr_par' dir='ltr' id='par_1_38' title="bbox 333 3895 1904 3972">
     <span class='ocr_line' id='line_1_38' title="bbox 333 3895 1904 3972; baseline -0.01 -7"><span class='ocrx_word' id='word_1_282' title='bbox 333 3899 471 3968; x_wconf 73' lang='grc' dir='ltr'>πλὴν</span> <span class='ocrx_word' id='word_1_283' title='bbox 504 3899 579 3962; x_wconf 79' lang='grc' dir='ltr'><strong>ὡς</strong></span> <span class='ocrx_word' id='word_1_284' title='bbox 632 3900 707 3970; x_wconf 81' lang='grc' dir='ltr'>μὴ</span> <span class='ocrx_word' id='word_1_285' title='bbox 766 3901 938 3970; x_wconf 52' lang='grc' dir='ltr'>ἔχων)</span> <span class='ocrx_word' id='word_1_286' title='bbox 979 3895 1254 3964; x_wconf 63' lang='grc' dir='ltr'>τουτέστιξ</span> <span class='ocrx_word' id='word_1_287' title='bbox 1293 3901 1368 3972; x_wconf 84' lang='grc' dir='ltr'>μὴ</span> <span class='ocrx_word' id='word_1_288' title='bbox 1411 3899 1904 3967; x_wconf 78' lang='grc' dir='ltr'>καταδουλούμενος</span> 
     </span>
    </p>
   </div>
   <div class='ocr_carea' id='block_1_39' title="bbox 335 3987 1900 4059">
    <p class='ocr_par' dir='ltr' id='par_1_39' title="bbox 335 3987 1900 4059">
     <span class='ocr_line' id='line_1_39' title="bbox 335 3987 1900 4059; baseline -0.003 -18"><span class='ocrx_word' id='word_1_289' title='bbox 335 3993 448 4053; x_wconf 79' lang='grc' dir='ltr'>ταῖς</span> <span class='ocrx_word' id='word_1_290' title='bbox 477 3989 795 4059; x_wconf 75' lang='grc' dir='ltr'>ἐπιθυμίαις</span> <span class='ocrx_word' id='word_1_291' title='bbox 813 3989 1002 4059; x_wconf 79' lang='grc' dir='ltr'>αὐτῆς.</span> <span class='ocrx_word' id='word_1_292' title='bbox 1025 3992 1098 4043; x_wconf 86' lang='grc' dir='ltr'>Ού</span> <span class='ocrx_word' id='word_1_293' title='bbox 1119 3989 1425 4058; x_wconf 83' lang='grc' dir='ltr'>νομοθετῶν</span> <span class='ocrx_word' id='word_1_294' title='bbox 1456 3989 1511 4042; x_wconf 79' lang='grc' dir='ltr'>δὲ</span> <span class='ocrx_word' id='word_1_295' title='bbox 1537 3987 1693 4041; x_wconf 80' lang='grc' dir='ltr'>τοῦτό</span> <span class='ocrx_word' id='word_1_296' title='bbox 1717 4003 1900 4056; x_wconf 87' lang='grc' dir='ltr'>φησιν,</span> 
     </span>
    </p>
   </div>
   <div class='ocr_carea' id='block_1_40' title="bbox 335 4077 1900 4151">
    <p class='ocr_par' dir='ltr' id='par_1_40' title="bbox 335 4077 1900 4151">
     <span class='ocr_line' id='line_1_40' title="bbox 335 4077 1900 4151; baseline -0.003 -18"><span class='ocrx_word' id='word_1_297' title='bbox 335 4082 416 4134; x_wconf 78' lang='grc' dir='ltr'>ὅτι</span> <span class='ocrx_word' id='word_1_298' title='bbox 461 4081 544 4133; x_wconf 85' lang='grc' dir='ltr'><strong>δεῖ</strong></span> <span class='ocrx_word' id='word_1_299' title='bbox 583 4082 940 4151; x_wconf 74' lang='grc' dir='ltr'>γεγαμηκότα</span> <span class='ocrx_word' id='word_1_300' title='bbox 993 4077 1133 4134; x_wconf 73' lang='grc' dir='ltr'>εἶναι</span> <span class='ocrx_word' id='word_1_301' title='bbox 1195 4081 1412 4142; x_wconf 83' lang='grc' dir='ltr'>πάντως</span> <span class='ocrx_word' id='word_1_302' title='bbox 1463 4079 1552 4132; x_wconf 84' lang='grc' dir='ltr'><strong>τδν</strong></span> <span class='ocrx_word' id='word_1_303' title='bbox 1589 4080 1900 4131; x_wconf 77' lang='grc' dir='ltr'>ἐπίσκοπον.</span> 
     </span>
    </p>
   </div>
   <div class='ocr_carea' id='block_1_41' title="bbox 2009 547 3570 624">
    <p class='ocr_par' dir='ltr' id='par_1_41' title="bbox 2009 547 3570 624">
     <span class='ocr_line' id='line_1_41' title="bbox 2009 547 3570 624; baseline 0.01 -24"><span class='ocrx_word' id='word_1_304' title='bbox 2009 558 2246 602; x_wconf 89' lang='lat' dir='ltr'><strong>attamen</strong></span> <span class='ocrx_word' id='word_1_305' title='bbox 2284 549 2330 602; x_wconf 88' lang='lat' dir='ltr'><strong>si</strong></span> <span class='ocrx_word' id='word_1_306' title='bbox 2389 547 2690 622; x_wconf 70' lang='lat' dir='ltr'><strong>contingat,</strong></span> <span class='ocrx_word' id='word_1_307' title='bbox 2721 555 2949 623; x_wconf 86' lang='lat' dir='ltr'><strong>accipiet</strong></span> <span class='ocrx_word' id='word_1_308' title='bbox 2983 571 3082 624; x_wconf 92' lang='lat' dir='ltr'><strong>pro</strong></span> <span class='ocrx_word' id='word_1_309' title='bbox 3123 558 3208 612; x_wconf 89' lang='lat' dir='ltr'><strong>his</strong></span> <span class='ocrx_word' id='word_1_310' title='bbox 3243 559 3570 617; x_wconf 83' lang='lat' dir='ltr'><strong>mercedem.</strong></span> 
     </span>
    </p>
   </div>
   <div class='ocr_carea' id='block_1_42' title="bbox 2006 636 3576 714">
    <p class='ocr_par' dir='ltr' id='par_1_42' title="bbox 2006 636 3576 714">
     <span class='ocr_line' id='line_1_42' title="bbox 2006 636 3576 714; baseline 0.01 -24"><span class='ocrx_word' id='word_1_311' title='bbox 2006 636 2146 697; x_wconf 89' lang='lat' dir='ltr'><strong>Ouid</strong></span> <span class='ocrx_word' id='word_1_312' title='bbox 2181 651 2308 691; x_wconf 75' lang='lat' dir='ltr'><strong>vero</strong></span> <span class='ocrx_word' id='word_1_313' title='bbox 2335 639 2377 691; x_wconf 90' lang='lat' dir='ltr'><strong>si</strong></span> <span class='ocrx_word' id='word_1_314' title='bbox 2405 639 2544 695; x_wconf 82' lang='lat' dir='ltr'><strong>bona</strong></span> <span class='ocrx_word' id='word_1_315' title='bbox 2572 657 2694 695; x_wconf 91' lang='lat' dir='ltr'><strong>cum</strong></span> <span class='ocrx_word' id='word_1_316' title='bbox 2731 644 2821 708; x_wconf 92' lang='lat' dir='ltr'><strong>sit,</strong></span> <span class='ocrx_word' id='word_1_317' title='bbox 2849 660 3014 714; x_wconf 82' lang='lat' dir='ltr'><strong>prave</strong></span> <span class='ocrx_word' id='word_1_318' title='bbox 3038 646 3390 703; x_wconf 89' lang='lat' dir='ltr'><strong>institueret?</strong></span> <span class='ocrx_word' id='word_1_319' title='bbox 3415 648 3576 705; x_wconf 84' lang='lat' dir='ltr'><strong>Certe</strong></span> 
     </span>
    </p>
   </div>
   <div class='ocr_carea' id='block_1_43' title="bbox 2005 728 3572 805">
    <p class='ocr_par' dir='ltr' id='par_1_43' title="bbox 2005 728 3572 805">
     <span class='ocr_line' id='line_1_43' title="bbox 2005 728 3572 805; baseline 0.008 -22"><span class='ocrx_word' id='word_1_320' title='bbox 2005 728 2052 783; x_wconf 90' lang='lat' dir='ltr'><strong>si</strong></span> <span class='ocrx_word' id='word_1_321' title='bbox 2083 743 2177 784; x_wconf 87' lang='lat' dir='ltr'><strong>eos</strong></span> <span class='ocrx_word' id='word_1_322' title='bbox 2215 730 2516 801; x_wconf 82' lang='lat' dir='ltr'><strong>negiigens,</strong></span> <span class='ocrx_word' id='word_1_323' title='bbox 2547 732 2760 803; x_wconf 84' lang='lat' dir='ltr'><strong>illisque</strong></span> <span class='ocrx_word' id='word_1_324' title='bbox 2785 734 3076 805; x_wconf 80' lang='lat' dir='ltr'><strong>indulgens</strong></span> <span class='ocrx_word' id='word_1_325' title='bbox 3113 738 3216 791; x_wconf 84' lang='lat' dir='ltr'><strong>hoc</strong></span> <span class='ocrx_word' id='word_1_326' title='bbox 3262 738 3482 802; x_wconf 84' lang='lat' dir='ltr'><strong>l’eecrit,</strong></span> <span class='ocrx_word' id='word_1_327' title='bbox 3519 741 3572 795; x_wconf 90' lang='lat' dir='ltr'><strong>id</strong></span> 
     </span>
    </p>
   </div>
   <div class='ocr_carea' id='block_1_44' title="bbox 2004 818 3574 898">
    <p class='ocr_par' dir='ltr' id='par_1_44' title="bbox 2004 818 3574 898">
     <span class='ocr_line' id='line_1_44' title="bbox 2004 818 3574 898; baseline 0.008 -26"><span class='ocrx_word' id='word_1_328' title='bbox 2004 818 2146 888; x_wconf 87' lang='lat' dir='ltr'><strong>quod</strong></span> <span class='ocrx_word' id='word_1_329' title='bbox 2175 818 2256 873; x_wconf 85' lang='lat' dir='ltr'><strong>Eli</strong></span> <span class='ocrx_word' id='word_1_330' title='bbox 2287 823 2544 892; x_wconf 77' lang='lat' dir='ltr'><strong>contigit,</strong></span> <span class='ocrx_word' id='word_1_331' title='bbox 2579 825 2854 891; x_wconf 86' lang='lat' dir='ltr'><strong>patietur:</strong></span> <span class='ocrx_word' id='word_1_332' title='bbox 2891 827 3036 894; x_wconf 91' lang='lat' dir='ltr'><strong>quod</strong></span> <span class='ocrx_word' id='word_1_333' title='bbox 3070 827 3114 881; x_wconf 88' lang='lat' dir='ltr'><strong>si</strong></span> <span class='ocrx_word' id='word_1_334' title='bbox 3139 829 3319 882; x_wconf 85' lang='lat' dir='ltr'><strong>omnia</strong></span> <span class='ocrx_word' id='word_1_335' title='bbox 3359 833 3574 898; x_wconf 70' lang='lat' dir='ltr'><strong>praesti-</strong></span> 
     </span>
    </p>
   </div>
   <div class='ocr_carea' id='block_1_45' title="bbox 2007 912 3574 985">
    <p class='ocr_par' dir='ltr' id='par_1_45' title="bbox 2007 912 3574 985">
     <span class='ocr_line' id='line_1_45' title="bbox 2007 912 3574 985; baseline 0.008 -20"><span class='ocrx_word' id='word_1_336' title='bbox 2007 912 2156 975; x_wconf 84' lang='lat' dir='ltr'><strong>terit,</strong></span> <span class='ocrx_word' id='word_1_337' title='bbox 2189 928 2516 983; x_wconf 90' lang='lat' dir='ltr'><strong>omnemque</strong></span> <span class='ocrx_word' id='word_1_338' title='bbox 2541 930 2726 969; x_wconf 89' lang='lat' dir='ltr'><strong>curam</strong></span> <span class='ocrx_word' id='word_1_339' title='bbox 2764 916 3099 985; x_wconf 83' lang='lat' dir='ltr'><strong>adhibuerit,</strong></span> <span class='ocrx_word' id='word_1_340' title='bbox 3151 930 3202 972; x_wconf 82' lang='lat' dir='ltr'><strong>el.</strong></span> <span class='ocrx_word' id='word_1_341' title='bbox 3239 930 3417 975; x_wconf 89' lang='lat' dir='ltr'><strong>tamen</strong></span> <span class='ocrx_word' id='word_1_342' title='bbox 3452 924 3574 978; x_wconf 88' lang='lat' dir='ltr'><strong>illus</strong></span> 
     </span>
    </p>
   </div>
   <div class='ocr_carea' id='block_1_46' title="bbox 2006 1003 3572 1082">
    <p class='ocr_par' dir='ltr' id='par_1_46' title="bbox 2006 1003 3572 1082">
     <span class='ocr_line' id='line_1_46' title="bbox 2006 1003 3572 1082; baseline 0.006 -29"><span class='ocrx_word' id='word_1_343' title='bbox 2006 1003 2257 1057; x_wconf 81' lang='lat' dir='ltr'><strong>meliores</strong></span> <span class='ocrx_word' id='word_1_344' title='bbox 2292 1003 2516 1059; x_wconf 83' lang='lat' dir='ltr'><strong>reddere</strong></span> <span class='ocrx_word' id='word_1_345' title='bbox 2550 1008 2739 1074; x_wconf 84' lang='lat' dir='ltr'><strong>nequit</strong></span> <span class='ocrx_word' id='word_1_346' title='bbox 2771 1007 2937 1076; x_wconf 88' lang='lat' dir='ltr'><strong>(quod</strong></span> <span class='ocrx_word' id='word_1_347' title='bbox 2972 1024 3095 1062; x_wconf 89' lang='lat' dir='ltr'><strong>raro</strong></span> <span class='ocrx_word' id='word_1_348' title='bbox 3118 1009 3276 1080; x_wconf 80' lang='lat'><strong>565</strong></span> <span class='ocrx_word' id='word_1_349' title='bbox 3301 1014 3572 1082; x_wconf 70' lang='lat' dir='ltr'><strong>contigit),</strong></span> 
     </span>
    </p>
   </div>
   <div class='ocr_carea' id='block_1_47' title="bbox 2008 1095 3574 1173">
    <p class='ocr_par' dir='ltr' id='par_1_47' title="bbox 2008 1095 3574 1173">
     <span class='ocr_line' id='line_1_47' title="bbox 2008 1095 3574 1173; baseline 0.011 -29"><span class='ocrx_word' id='word_1_350' title='bbox 2008 1095 2113 1146; x_wconf 74' lang='lat' dir='ltr'><strong>ista</strong></span> <span class='ocrx_word' id='word_1_351' title='bbox 2143 1103 2321 1147; x_wconf 86' lang='lat' dir='ltr'><strong>tamen</strong></span> <span class='ocrx_word' id='word_1_352' title='bbox 2349 1110 2573 1152; x_wconf 87' lang='lat' dir='ltr'><strong>suorum</strong></span> <span class='ocrx_word' id='word_1_353' title='bbox 2611 1099 2873 1152; x_wconf 79' lang='lat' dir='ltr'><strong>sudorum</strong></span> <span class='ocrx_word' id='word_1_354' title='bbox 2909 1101 3217 1155; x_wconf 86' lang='lat' dir='ltr'><strong>mercedem</strong></span> <span class='ocrx_word' id='word_1_355' title='bbox 3248 1105 3511 1173; x_wconf 86' lang='lat' dir='ltr'><strong>percipiet</strong></span> <span class='ocrx_word' id='word_1_356' title='bbox 3560 1125 3574 1161; x_wconf 88' lang='lat'><strong>:</strong></span> 
     </span>
    </p>
   </div>
   <div class='ocr_carea' id='block_1_48' title="bbox 2003 1184 3577 1254">
    <p class='ocr_par' dir='ltr' id='par_1_48' title="bbox 2003 1184 3577 1254">
     <span class='ocr_line' id='line_1_48' title="bbox 2003 1184 3577 1254; baseline 0.01 -17"><span class='ocrx_word' id='word_1_357' title='bbox 2003 1184 2448 1254; x_wconf 84' lang='lat' dir='ltr'><strong>quandoquidem</strong></span> <span class='ocrx_word' id='word_1_358' title='bbox 2490 1197 2543 1241; x_wconf 94' lang='lat' dir='ltr'><strong>et</strong></span> <span class='ocrx_word' id='word_1_359' title='bbox 2600 1188 2772 1243; x_wconf 83' lang='lat' dir='ltr'><strong>Filius</strong></span> <span class='ocrx_word' id='word_1_360' title='bbox 2806 1191 2894 1244; x_wconf 87' lang='lat' dir='ltr'><strong>Dei</strong></span> <span class='ocrx_word' id='word_1_361' title='bbox 2932 1192 3069 1244; x_wconf 85' lang='lat' dir='ltr'><strong>nihil</strong></span> <span class='ocrx_word' id='word_1_362' title='bbox 3106 1208 3212 1246; x_wconf 90' lang='lat' dir='ltr'><strong>non</strong></span> <span class='ocrx_word' id='word_1_363' title='bbox 3259 1195 3494 1250; x_wconf 79' lang='lat' dir='ltr'><strong>.faciens</strong></span> <span class='ocrx_word' id='word_1_364' title='bbox 3524 1207 3577 1252; x_wconf 91' lang='lat' dir='ltr'><strong>et</strong></span> 
     </span>
    </p>
   </div>
   <div class='ocr_carea' id='block_1_49' title="bbox 2002 1275 3575 1357">
    <p class='ocr_par' dir='ltr' id='par_1_49' title="bbox 2002 1275 3575 1357">
     <span class='ocr_line' id='line_1_49' title="bbox 2002 1275 3575 1357; baseline 0.012 -32"><span class='ocrx_word' id='word_1_365' title='bbox 2002 1275 2212 1336; x_wconf 87' lang='lat' dir='ltr'><strong>dicens,</strong></span> <span class='ocrx_word' id='word_1_366' title='bbox 2257 1291 2463 1344; x_wconf 82' lang='lat' dir='ltr'><strong>paucos</strong></span> <span class='ocrx_word' id='word_1_367' title='bbox 2491 1287 2668 1332; x_wconf 86' lang='lat' dir='ltr'><strong>tamen</strong></span> <span class='ocrx_word' id='word_1_368' title='bbox 2703 1279 2951 1334; x_wconf 82' lang='lat' dir='ltr'><strong>habuerit</strong></span> <span class='ocrx_word' id='word_1_369' title='bbox 2976 1282 3067 1351; x_wconf 91' lang='lat' dir='ltr'><strong>qui</strong></span> <span class='ocrx_word' id='word_1_370' title='bbox 3098 1283 3202 1337; x_wconf 88' lang='lat' dir='ltr'><strong>sibi</strong></span> <span class='ocrx_word' id='word_1_371' title='bbox 3229 1299 3432 1340; x_wconf 90' lang='lat' dir='ltr'><strong>morem</strong></span> <span class='ocrx_word' id='word_1_372' title='bbox 3461 1303 3575 1357; x_wconf 80' lang='lat' dir='ltr'><strong>ges-</strong></span> 
     </span>
    </p>
   </div>
   <div class='ocr_carea' id='block_1_50' title="bbox 2002 1366 2193 1418">
    <p class='ocr_par' dir='ltr' id='par_1_50' title="bbox 2002 1366 2193 1418">
     <span class='ocr_line' id='line_1_50' title="bbox 2002 1366 2193 1418; baseline 0 0"><span class='ocrx_word' id='word_1_373' title='bbox 2002 1366 2193 1418; x_wconf 77' lang='lat' dir='ltr'><strong>Set&#39;int.</strong></span> 
     </span>
    </p>
   </div>
   <div class='ocr_carea' id='block_1_51' title="bbox 2599 1459 2966 1515">
    <p class='ocr_par' dir='ltr' id='par_1_51' title="bbox 2599 1459 2966 1515">
     <span class='ocr_line' id='line_1_51' title="bbox 2599 1459 2966 1515; baseline 0.005 -3"><span class='ocrx_word' id='word_1_374' title='bbox 2599 1459 2827 1514; x_wconf 81' lang='lat' dir='ltr'><strong>CAPUT</strong></span> <span class='ocrx_word' id='word_1_375' title='bbox 2873 1462 2966 1515; x_wconf 90' lang='lat' dir='ltr'><strong>Ill.</strong></span> 
     </span>
    </p>
   </div>
   <div class='ocr_carea' id='block_1_52' title="bbox 2073 1544 3574 1626">
    <p class='ocr_par' dir='ltr' id='par_1_52' title="bbox 2073 1544 3574 1626">
     <span class='ocr_line' id='line_1_52' title="bbox 2073 1544 3574 1626; baseline 0.01 -28"><span class='ocrx_word' id='word_1_376' title='bbox 2073 1544 2236 1599; x_wconf 77' lang='lat' dir='ltr'><strong>Vens.</strong></span> <span class='ocrx_word' id='word_1_377' title='bbox 2277 1545 2327 1598; x_wconf 83' lang='grc'><strong>1.</strong></span> <span class='ocrx_word' id='word_1_378' title='bbox 2363 1545 2565 1601; x_wconf 83' lang='lat' dir='ltr'><strong>Fidelis</strong></span> <span class='ocrx_word' id='word_1_379' title='bbox 2629 1566 2820 1603; x_wconf 89' lang='lat' dir='ltr'><strong>sermo.</strong></span> <span class='ocrx_word' id='word_1_380' title='bbox 2885 1551 3022 1616; x_wconf 88' lang='lat' dir='ltr'><strong>Quia</strong></span> <span class='ocrx_word' id='word_1_381' title='bbox 3089 1556 3402 1626; x_wconf 81' lang='lat' dir='ltr'><strong>ambiguum</strong></span> <span class='ocrx_word' id='word_1_382' title='bbox 3432 1567 3574 1624; x_wconf 88' lang='lat' dir='ltr'><strong>erat,</strong></span> 
     </span>
    </p>
   </div>
   <div class='ocr_carea' id='block_1_53' title="bbox 2000 1638 3569 1717">
    <p class='ocr_par' dir='ltr' id='par_1_53' title="bbox 2000 1638 3569 1717">
     <span class='ocr_line' id='line_1_53' title="bbox 2000 1638 3569 1717; baseline 0.011 -29"><span class='ocrx_word' id='word_1_383' title='bbox 2000 1650 2067 1689; x_wconf 90' lang='lat' dir='ltr'><strong>an</strong></span> <span class='ocrx_word' id='word_1_384' title='bbox 2120 1646 2324 1693; x_wconf 86' lang='lat' dir='ltr'><strong>matres</strong></span> <span class='ocrx_word' id='word_1_385' title='bbox 2349 1638 2643 1693; x_wconf 85' lang='lat' dir='ltr'><strong>liberorum</strong></span> <span class='ocrx_word' id='word_1_386' title='bbox 2675 1656 2900 1696; x_wconf 87' lang='lat' dir='ltr'><strong>suorum</strong></span> <span class='ocrx_word' id='word_1_387' title='bbox 2935 1644 3132 1700; x_wconf 78' lang='lat' dir='ltr'><strong>virtute</strong></span> <span class='ocrx_word' id='word_1_388' title='bbox 3164 1645 3268 1700; x_wconf 79' lang='lat' dir='ltr'><strong>frui</strong></span> <span class='ocrx_word' id='word_1_389' title='bbox 3301 1659 3569 1717; x_wconf 87' lang='lat' dir='ltr'><strong>poterant,</strong></span> 
     </span>
    </p>
   </div>
   <div class='ocr_carea' id='block_1_54' title="bbox 2000 1724 3569 1811">
    <p class='ocr_par' dir='ltr' id='par_1_54' title="bbox 2000 1724 3569 1811">
     <span class='ocr_line' id='line_1_54' title="bbox 2000 1724 3569 1811; baseline 0.011 -34"><span class='ocrx_word' id='word_1_390' title='bbox 2000 1724 2206 1788; x_wconf 86' lang='lat' dir='ltr'><strong>subdit,</strong></span> <span class='ocrx_word' id='word_1_391' title='bbox 2237 1725 2439 1780; x_wconf 82' lang='lat' dir='ltr'><strong>Fidelis</strong></span> <span class='ocrx_word' id='word_1_392' title='bbox 2472 1743 2644 1782; x_wconf 86' lang='lat' dir='ltr'><strong>sermo</strong></span> <span class='ocrx_word' id='word_1_393' title='bbox 2674 1745 2693 1783; x_wconf 89' lang='lat'><strong><em>:</em></strong></span> <span class='ocrx_word' id='word_1_394' title='bbox 2751 1747 2856 1785; x_wconf 91' lang='lat' dir='ltr'><strong>non</strong></span> <span class='ocrx_word' id='word_1_395' title='bbox 2905 1740 2990 1786; x_wconf 89' lang='lat' dir='ltr'><strong>est</strong></span> <span class='ocrx_word' id='word_1_396' title='bbox 3040 1734 3379 1792; x_wconf 87' lang='lat' dir='ltr'><strong>mendacium</strong></span> <span class='ocrx_word' id='word_1_397' title='bbox 3426 1741 3569 1811; x_wconf 91' lang='lat' dir='ltr'><strong>quod</strong></span> 
     </span>
    </p>
   </div>
   <div class='ocr_carea' id='block_1_55' title="bbox 1933 1800 2798 1881">
    <p class='ocr_par' dir='ltr' id='par_1_55' title="bbox 1933 1800 2798 1881">
     <span class='ocr_line' id='line_1_55' title="bbox 1933 1800 2798 1881; baseline 0.009 -15"><span class='ocrx_word' id='word_1_398' title='bbox 1933 1800 1974 1854; x_wconf 76' lang='grc' dir='ltr'><strong><em>Β</em></strong></span> <span class='ocrx_word' id='word_1_399' title='bbox 2006 1815 2208 1867; x_wconf 86' lang='lat' dir='ltr'><strong>dictum</strong></span> <span class='ocrx_word' id='word_1_400' title='bbox 2238 1827 2340 1881; x_wconf 85' lang='lat' dir='ltr'><strong>est,</strong></span> <span class='ocrx_word' id='word_1_401' title='bbox 2377 1833 2534 1871; x_wconf 87' lang='lat' dir='ltr'><strong>nemo</strong></span> <span class='ocrx_word' id='word_1_402' title='bbox 2569 1817 2798 1874; x_wconf 88' lang='lat' dir='ltr'><strong>dubitet.</strong></span> 
     </span>
    </p>
   </div>
   <div class='ocr_carea' id='block_1_56' title="bbox 2076 1904 3576 1988">
    <p class='ocr_par' dir='ltr' id='par_1_56' title="bbox 2076 1904 3576 1988">
     <span class='ocr_line' id='line_1_56' title="bbox 2076 1904 3576 1988; baseline 0.012 -28"><span class='ocrx_word' id='word_1_403' title='bbox 2076 1904 2135 1960; x_wconf 89' lang='lat' dir='ltr'><strong>Si</strong></span> <span class='ocrx_word' id='word_1_404' title='bbox 2162 1907 2278 1976; x_wconf 86' lang='lat' dir='ltr'><strong>quis</strong></span> <span class='ocrx_word' id='word_1_405' title='bbox 2311 1910 2666 1976; x_wconf 79' lang='lat' dir='ltr'><strong>episcopatum</strong></span> <span class='ocrx_word' id='word_1_406' title='bbox 2698 1913 2989 1981; x_wconf 82' lang='lat' dir='ltr'><strong>desiderat,</strong></span> <span class='ocrx_word' id='word_1_407' title='bbox 3041 1917 3232 1973; x_wconf 81' lang='lat' dir='ltr'><strong>bonum</strong></span> <span class='ocrx_word' id='word_1_408' title='bbox 3279 1937 3406 1988; x_wconf 82' lang='lat' dir='ltr'><strong>Opus</strong></span> <span class='ocrx_word' id='word_1_409' title='bbox 3437 1922 3576 1977; x_wconf 82' lang='lat' dir='ltr'><strong>desi-</strong></span> 
     </span>
    </p>
   </div>
   <div class='ocr_carea' id='block_1_57' title="bbox 2005 1994 3572 2080">
    <p class='ocr_par' dir='ltr' id='par_1_57' title="bbox 2005 1994 3572 2080">
     <span class='ocr_line' id='line_1_57' title="bbox 2005 1994 3572 2080; baseline 0.013 -35"><span class='ocrx_word' id='word_1_410' title='bbox 2005 1994 2176 2049; x_wconf 84' lang='lat' dir='ltr'><strong>derat.</strong></span> <span class='ocrx_word' id='word_1_411' title='bbox 2206 1997 2336 2059; x_wconf 69' lang='lat' dir='ltr'><strong>Quze</strong></span> <span class='ocrx_word' id='word_1_412' title='bbox 2373 1995 2662 2054; x_wconf 83' lang='lat' dir='ltr'><strong>Timotheo</strong></span> <span class='ocrx_word' id='word_1_413' title='bbox 2696 2002 2761 2055; x_wconf 89' lang='lat' dir='ltr'><strong>de</strong></span> <span class='ocrx_word' id='word_1_414' title='bbox 2815 2003 3076 2076; x_wconf 88' lang='lat' dir='ltr'><strong>episcopo</strong></span> <span class='ocrx_word' id='word_1_415' title='bbox 3129 2011 3394 2080; x_wconf 62' lang='lat' dir='ltr'><strong>praecipit,</strong></span> <span class='ocrx_word' id='word_1_416' title='bbox 3453 2026 3572 2066; x_wconf 90' lang='lat' dir='ltr'><strong>om-</strong></span> 
     </span>
    </p>
   </div>
   <div class='ocr_carea' id='block_1_58' title="bbox 2007 2086 3570 2172">
    <p class='ocr_par' dir='ltr' id='par_1_58' title="bbox 2007 2086 3570 2172">
     <span class='ocr_line' id='line_1_58' title="bbox 2007 2086 3570 2172; baseline 0.014 -35"><span class='ocrx_word' id='word_1_417' title='bbox 2007 2086 2168 2139; x_wconf 91' lang='lat' dir='ltr'><strong>nihus</strong></span> <span class='ocrx_word' id='word_1_418' title='bbox 2211 2088 2263 2140; x_wconf 92' lang='lat' dir='ltr'><strong>in</strong></span> <span class='ocrx_word' id='word_1_419' title='bbox 2295 2088 2549 2144; x_wconf 80' lang='lat' dir='ltr'><strong>universo</strong></span> <span class='ocrx_word' id='word_1_420' title='bbox 2584 2101 2851 2148; x_wconf 88' lang='lat' dir='ltr'><strong>terrarum</strong></span> <span class='ocrx_word' id='word_1_421' title='bbox 2886 2097 3021 2153; x_wconf 86' lang='lat' dir='ltr'><strong>orbe</strong></span> <span class='ocrx_word' id='word_1_422' title='bbox 3051 2099 3293 2156; x_wconf 86' lang='lat' dir='ltr'><strong>disserit.</strong></span> <span class='ocrx_word' id='word_1_423' title='bbox 3325 2102 3380 2156; x_wconf 93' lang='lat' dir='ltr'><strong>Si</strong></span> <span class='ocrx_word' id='word_1_424' title='bbox 3425 2107 3570 2172; x_wconf 84' lang='lat' dir='ltr'><strong>quis,</strong></span> 
     </span>
    </p>
   </div>
   <div class='ocr_carea' id='block_1_59' title="bbox 2004 2176 3570 2258">
    <p class='ocr_par' dir='ltr' id='par_1_59' title="bbox 2004 2176 3570 2258">
     <span class='ocr_line' id='line_1_59' title="bbox 2004 2176 3570 2258; baseline 0.012 -30"><span class='ocrx_word' id='word_1_425' title='bbox 2004 2176 2207 2246; x_wconf 89' lang='lat' dir='ltr'><strong>inquit,</strong></span> <span class='ocrx_word' id='word_1_426' title='bbox 2255 2179 2608 2246; x_wconf 66' lang='lat' dir='ltr'><strong>praesulatum</strong></span> <span class='ocrx_word' id='word_1_427' title='bbox 2649 2185 2874 2251; x_wconf 81' lang='lat' dir='ltr'><strong>expetit,</strong></span> <span class='ocrx_word' id='word_1_428' title='bbox 2925 2202 3034 2240; x_wconf 91' lang='lat' dir='ltr'><strong>non</strong></span> <span class='ocrx_word' id='word_1_429' title='bbox 3091 2191 3398 2258; x_wconf 88' lang='lat' dir='ltr'><strong>prohibeo:</strong></span> <span class='ocrx_word' id='word_1_430' title='bbox 3448 2209 3570 2247; x_wconf 89' lang='lat' dir='ltr'><strong>nam</strong></span> 
     </span>
    </p>
   </div>
   <div class='ocr_carea' id='block_1_60' title="bbox 2004 2265 3570 2346">
    <p class='ocr_par' dir='ltr' id='par_1_60' title="bbox 2004 2265 3570 2346">
     <span class='ocr_line' id='line_1_60' title="bbox 2004 2265 3570 2346; baseline 0.01 -28"><span class='ocrx_word' id='word_1_431' title='bbox 2004 2265 2208 2319; x_wconf 88' lang='lat' dir='ltr'><strong>bonum</strong></span> <span class='ocrx_word' id='word_1_432' title='bbox 2231 2281 2368 2336; x_wconf 91' lang='lat' dir='ltr'><strong>opus</strong></span> <span class='ocrx_word' id='word_1_433' title='bbox 2393 2268 2689 2325; x_wconf 83' lang='lat' dir='ltr'><strong>desiderat.</strong></span> <span class='ocrx_word' id='word_1_434' title='bbox 2713 2271 2791 2327; x_wconf 90' lang='lat' dir='ltr'><strong>Ne</strong></span> <span class='ocrx_word' id='word_1_435' title='bbox 2814 2274 2978 2346; x_wconf 81' lang='lat' dir='ltr'><strong>igitur</strong></span> <span class='ocrx_word' id='word_1_436' title='bbox 3003 2279 3381 2333; x_wconf 85' lang='lat' dir='ltr'><strong>auctoritatem</strong></span> <span class='ocrx_word' id='word_1_437' title='bbox 3401 2282 3570 2334; x_wconf 91' lang='lat' dir='ltr'><strong>solam</strong></span> 
     </span>
    </p>
   </div>
   <div class='ocr_carea' id='block_1_61' title="bbox 2003 2359 3569 2434">
    <p class='ocr_par' dir='ltr' id='par_1_61' title="bbox 2003 2359 3569 2434">
     <span class='ocr_line' id='line_1_61' title="bbox 2003 2359 3569 2434; baseline 0.009 -27"><span class='ocrx_word' id='word_1_438' title='bbox 2003 2364 2240 2424; x_wconf 78' lang='lat' dir='ltr'><strong>expetat,</strong></span> <span class='ocrx_word' id='word_1_439' title='bbox 2278 2359 2718 2428; x_wconf 87' lang='lat' dir='ltr'><strong>quandoquidem</strong></span> <span class='ocrx_word' id='word_1_440' title='bbox 2751 2370 2806 2417; x_wconf 91' lang='lat' dir='ltr'><strong>et</strong></span> <span class='ocrx_word' id='word_1_441' title='bbox 2838 2362 3016 2420; x_wconf 85' lang='lat' dir='ltr'><strong>Moses</strong></span> <span class='ocrx_word' id='word_1_442' title='bbox 3037 2381 3175 2434; x_wconf 88' lang='lat' dir='ltr'><strong>opus</strong></span> <span class='ocrx_word' id='word_1_443' title='bbox 3203 2367 3569 2433; x_wconf 85' lang='lat' dir='ltr'><strong>desiderabat,</strong></span> 
     </span>
    </p>
   </div>
   <div class='ocr_carea' id='block_1_62' title="bbox 2005 2450 3570 2528">
    <p class='ocr_par' dir='ltr' id='par_1_62' title="bbox 2005 2450 3570 2528">
     <span class='ocr_line' id='line_1_62' title="bbox 2005 2450 3570 2528; baseline 0.009 -30"><span class='ocrx_word' id='word_1_444' title='bbox 2005 2460 2114 2498; x_wconf 91' lang='lat' dir='ltr'><strong>non</strong></span> <span class='ocrx_word' id='word_1_445' title='bbox 2165 2456 2345 2501; x_wconf 89' lang='lat' dir='ltr'><strong>autem</strong></span> <span class='ocrx_word' id='word_1_446' title='bbox 2389 2450 2817 2517; x_wconf 62' lang='lat' dir='ltr'><strong>praefecturam:</strong></span> <span class='ocrx_word' id='word_1_447' title='bbox 2858 2454 3074 2522; x_wconf 79' lang='lat' dir='ltr'><strong>praefuit</strong></span> <span class='ocrx_word' id='word_1_448' title='bbox 3125 2457 3270 2512; x_wconf 91' lang='lat' dir='ltr'><strong>enim</strong></span> <span class='ocrx_word' id='word_1_449' title='bbox 3314 2458 3570 2528; x_wconf 85' lang='lat' dir='ltr'><strong>injuriam</strong></span> 
     </span>
    </p>
   </div>
   <div class='ocr_carea' id='block_1_63' title="bbox 2007 2540 3574 2619">
    <p class='ocr_par' dir='ltr' id='par_1_63' title="bbox 2007 2540 3574 2619">
     <span class='ocr_line' id='line_1_63' title="bbox 2007 2540 3574 2619; baseline 0.008 -27"><span class='ocrx_word' id='word_1_450' title='bbox 2007 2554 2204 2607; x_wconf 88' lang='lat' dir='ltr'><strong>passo,</strong></span> <span class='ocrx_word' id='word_1_451' title='bbox 2269 2540 2472 2596; x_wconf 79' lang='lat' dir='ltr'><strong>feriens</strong></span> <span class='ocrx_word' id='word_1_452' title='bbox 2534 2558 2657 2597; x_wconf 90' lang='lat' dir='ltr'><strong>eum</strong></span> <span class='ocrx_word' id='word_1_453' title='bbox 2713 2545 2805 2614; x_wconf 90' lang='lat' dir='ltr'><strong>qui</strong></span> <span class='ocrx_word' id='word_1_454' title='bbox 2870 2546 3151 2601; x_wconf 90' lang='lat' dir='ltr'><strong>intulerat.</strong></span> <span class='ocrx_word' id='word_1_455' title='bbox 3212 2548 3574 2619; x_wconf 86' lang='lat' dir='ltr'><strong>Episcopatus</strong></span> 
     </span>
    </p>
   </div>
   <div class='ocr_carea' id='block_1_64' title="bbox 2003 2630 3254 2704">
    <p class='ocr_par' dir='ltr' id='par_1_64' title="bbox 2003 2630 3254 2704">
     <span class='ocr_line' id='line_1_64' title="bbox 2003 2630 3254 2704; baseline 0.006 -21"><span class='ocrx_word' id='word_1_456' title='bbox 2003 2630 2146 2687; x_wconf 83' lang='lat' dir='ltr'><strong>enim</strong></span> <span class='ocrx_word' id='word_1_457' title='bbox 2177 2630 2402 2697; x_wconf 89' lang='lat' dir='ltr'><strong>dicitur,</strong></span> <span class='ocrx_word' id='word_1_458' title='bbox 2433 2647 2499 2686; x_wconf 92' lang='lat' dir='ltr'><strong>eo</strong></span> <span class='ocrx_word' id='word_1_459' title='bbox 2526 2633 2672 2702; x_wconf 91' lang='lat' dir='ltr'><strong>quod</strong></span> <span class='ocrx_word' id='word_1_460' title='bbox 2700 2649 2892 2689; x_wconf 88' lang='lat' dir='ltr'><strong>omnes</strong></span> <span class='ocrx_word' id='word_1_461' title='bbox 2918 2637 3254 2704; x_wconf 87' lang='lat' dir='ltr'><strong>speculetur.</strong></span> 
     </span>
    </p>
   </div>
   <div class='ocr_carea' id='block_1_65' title="bbox 2075 2721 3577 2796">
    <p class='ocr_par' dir='ltr' id='par_1_65' title="bbox 2075 2721 3577 2796">
     <span class='ocr_line' id='line_1_65' title="bbox 2075 2721 3577 2796; baseline 0.009 -24"><span class='ocrx_word' id='word_1_462' title='bbox 2075 2721 2239 2776; x_wconf 73' lang='lat' dir='ltr'><strong>Vens.</strong></span> <span class='ocrx_word' id='word_1_463' title='bbox 2281 2723 2336 2777; x_wconf 75' lang='grc'><strong>2.</strong></span> <span class='ocrx_word' id='word_1_464' title='bbox 2376 2722 2593 2792; x_wconf 80' lang='lat' dir='ltr'><strong>Oportet</strong></span> <span class='ocrx_word' id='word_1_465' title='bbox 2638 2724 2801 2794; x_wconf 81' lang='lat' dir='ltr'><strong>igitur</strong></span> <span class='ocrx_word' id='word_1_466' title='bbox 2849 2726 3147 2794; x_wconf 80' lang='lat' dir='ltr'><strong>episcopum</strong></span> <span class='ocrx_word' id='word_1_467' title='bbox 3201 2729 3577 2796; x_wconf 81' lang='lat' dir='ltr'><strong>irrepreltensi-</strong></span> 
     </span>
    </p>
   </div>
   <div class='ocr_carea' id='block_1_66' title="bbox 2006 2809 3577 2884">
    <p class='ocr_par' dir='ltr' id='par_1_66' title="bbox 2006 2809 3577 2884">
     <span class='ocr_line' id='line_1_66' title="bbox 2006 2809 3577 2884; baseline 0.006 -22"><span class='ocrx_word' id='word_1_468' title='bbox 2006 2809 2158 2864; x_wconf 87' lang='lat' dir='ltr'><strong>bilem</strong></span> <span class='ocrx_word' id='word_1_469' title='bbox 2210 2828 2342 2866; x_wconf 85' lang='lat' dir='ltr'><strong>esse.</strong></span> <span class='ocrx_word' id='word_1_470' title='bbox 2377 2815 2488 2866; x_wconf 79' lang='lat' dir='ltr'><strong>Huc</strong></span> <span class='ocrx_word' id='word_1_471' title='bbox 2524 2821 2627 2876; x_wconf 90' lang='lat' dir='ltr'><strong>est,</strong></span> <span class='ocrx_word' id='word_1_472' title='bbox 2656 2811 2803 2865; x_wconf 86' lang='lat' dir='ltr'><strong>omni</strong></span> <span class='ocrx_word' id='word_1_473' title='bbox 2841 2815 3044 2866; x_wconf 85' lang='lat' dir='ltr'><strong>virtute</strong></span> <span class='ocrx_word' id='word_1_474' title='bbox 3092 2817 3469 2884; x_wconf 85' lang='lat' dir='ltr'><strong>conspicuum,</strong></span> <span class='ocrx_word' id='word_1_475' title='bbox 3516 2827 3577 2872; x_wconf 84' lang='lat' dir='ltr'><strong>ut</strong></span> 
     </span>
    </p>
   </div>
   <div class='ocr_carea' id='block_1_67' title="bbox 2006 2900 3572 2974">
    <p class='ocr_par' dir='ltr' id='par_1_67' title="bbox 2006 2900 3572 2974">
     <span class='ocr_line' id='line_1_67' title="bbox 2006 2900 3572 2974; baseline 0.004 -20"><span class='ocrx_word' id='word_1_476' title='bbox 2006 2917 2182 2970; x_wconf 87' lang='lat' dir='ltr'><strong>neque</strong></span> <span class='ocrx_word' id='word_1_477' title='bbox 2213 2901 2364 2954; x_wconf 91' lang='lat' dir='ltr'><strong>illum</strong></span> <span class='ocrx_word' id='word_1_478' title='bbox 2395 2900 2506 2963; x_wconf 87' lang='lat' dir='ltr'><strong>alii,</strong></span> <span class='ocrx_word' id='word_1_479' title='bbox 2535 2915 2710 2970; x_wconf 89' lang='lat' dir='ltr'><strong>neque</strong></span> <span class='ocrx_word' id='word_1_480' title='bbox 2740 2901 2855 2970; x_wconf 88' lang='lat' dir='ltr'><strong>ipse</strong></span> <span class='ocrx_word' id='word_1_481' title='bbox 2889 2903 3131 2970; x_wconf 89' lang='lat' dir='ltr'><strong>seipsum</strong></span> <span class='ocrx_word' id='word_1_482' title='bbox 3186 2906 3572 2974; x_wconf 76' lang='lat' dir='ltr'><strong>reprehendat.</strong></span> 
     </span>
    </p>
   </div>
   <div class='ocr_carea' id='block_1_68' title="bbox 2007 2990 3572 3061">
    <p class='ocr_par' dir='ltr' id='par_1_68' title="bbox 2007 2990 3572 3061">
     <span class='ocr_line' id='line_1_68' title="bbox 2007 2990 3572 3061; baseline 0.006 -18"><span class='ocrx_word' id='word_1_483' title='bbox 2007 2992 2191 3058; x_wconf 85' lang='lat' dir='ltr'><strong>Itaque</strong></span> <span class='ocrx_word' id='word_1_484' title='bbox 2212 2991 2258 3045; x_wconf 91' lang='lat' dir='ltr'><strong>si</strong></span> <span class='ocrx_word' id='word_1_485' title='bbox 2313 2991 2436 3060; x_wconf 86' lang='lat' dir='ltr'><strong>quis</strong></span> <span class='ocrx_word' id='word_1_486' title='bbox 2476 2991 2579 3046; x_wconf 90' lang='lat' dir='ltr'><strong>sibi</strong></span> <span class='ocrx_word' id='word_1_487' title='bbox 2635 2991 2706 3045; x_wconf 92' lang='lat' dir='ltr'><strong>sit</strong></span> <span class='ocrx_word' id='word_1_488' title='bbox 2741 2990 2859 3061; x_wconf 88' lang='lat' dir='ltr'><strong>ipse</strong></span> <span class='ocrx_word' id='word_1_489' title='bbox 2903 3005 3251 3060; x_wconf 83' lang='lat' dir='ltr'><strong>peccatorum</strong></span> <span class='ocrx_word' id='word_1_490' title='bbox 3293 2997 3572 3060; x_wconf 89' lang='lat' dir='ltr'><strong>conscius,</strong></span> 
     </span>
    </p>
   </div>
   <div class='ocr_carea' id='block_1_69' title="bbox 2008 3082 3571 3156">
    <p class='ocr_par' dir='ltr' id='par_1_69' title="bbox 2008 3082 3571 3156">
     <span class='ocr_line' id='line_1_69' title="bbox 2008 3082 3571 3156; baseline 0.003 -20"><span class='ocrx_word' id='word_1_491' title='bbox 2008 3099 2074 3136; x_wconf 90' lang='lat' dir='ltr'><strong>ne</strong></span> <span class='ocrx_word' id='word_1_492' title='bbox 2105 3082 2376 3138; x_wconf 87' lang='lat' dir='ltr'><strong>desideret</strong></span> <span class='ocrx_word' id='word_1_493' title='bbox 2398 3085 2794 3152; x_wconf 89' lang='lat' dir='ltr'><strong>episc0patum,</strong></span> <span class='ocrx_word' id='word_1_494' title='bbox 2827 3098 2855 3134; x_wconf 93' lang='lat' dir='ltr'><strong>a</strong></span> <span class='ocrx_word' id='word_1_495' title='bbox 2886 3098 2995 3151; x_wconf 92' lang='lat' dir='ltr'><strong>quo</strong></span> <span class='ocrx_word' id='word_1_496' title='bbox 3021 3083 3260 3151; x_wconf 77' lang='lat' dir='ltr'><strong>seipsum</strong></span> <span class='ocrx_word' id='word_1_497' title='bbox 3289 3099 3384 3154; x_wconf 89' lang='lat' dir='ltr'><strong>per</strong></span> <span class='ocrx_word' id='word_1_498' title='bbox 3406 3100 3571 3156; x_wconf 81' lang='lat' dir='ltr'><strong>opera</strong></span> 
     </span>
    </p>
   </div>
   <div class='ocr_carea' id='block_1_70' title="bbox 2003 3171 3571 3242">
    <p class='ocr_par' dir='ltr' id='par_1_70' title="bbox 2003 3171 3571 3242">
     <span class='ocr_line' id='line_1_70' title="bbox 2003 3171 3571 3242; baseline 0.003 -16"><span class='ocrx_word' id='word_1_499' title='bbox 2003 3173 2186 3238; x_wconf 80' lang='lat' dir='ltr'><strong>eiecit.</strong></span> <span class='ocrx_word' id='word_1_500' title='bbox 2218 3172 2369 3226; x_wconf 89' lang='lat' dir='ltr'><strong>lllutn</strong></span> <span class='ocrx_word' id='word_1_501' title='bbox 2404 3173 2550 3226; x_wconf 89' lang='lat' dir='ltr'><strong>enim</strong></span> <span class='ocrx_word' id='word_1_502' title='bbox 2578 3173 2670 3242; x_wconf 89' lang='lat' dir='ltr'><strong>qui</strong></span> <span class='ocrx_word' id='word_1_503' title='bbox 2715 3172 2840 3226; x_wconf 89' lang='lat' dir='ltr'><strong>aliis</strong></span> <span class='ocrx_word' id='word_1_504' title='bbox 2894 3178 3106 3241; x_wconf 83' lang='lat' dir='ltr'><strong>praeest,</strong></span> <span class='ocrx_word' id='word_1_505' title='bbox 3160 3171 3324 3226; x_wconf 82' lang='lat' dir='ltr'><strong>veluti</strong></span> <span class='ocrx_word' id='word_1_506' title='bbox 3355 3173 3571 3231; x_wconf 87' lang='lat' dir='ltr'><strong>stellam</strong></span> 
     </span>
    </p>
   </div>
   <div class='ocr_carea' id='block_1_71' title="bbox 2003 3259 3571 3331">
    <p class='ocr_par' dir='ltr' id='par_1_71' title="bbox 2003 3259 3571 3331">
     <span class='ocr_line' id='line_1_71' title="bbox 2003 3259 3571 3331; baseline 0.002 -17"><span class='ocrx_word' id='word_1_507' title='bbox 2003 3275 2124 3314; x_wconf 68' lang='lat' dir='ltr'><strong>esse</strong></span> <span class='ocrx_word' id='word_1_508' title='bbox 2179 3268 2414 3331; x_wconf 87' lang='lat' dir='ltr'><strong>oportet,</strong></span> <span class='ocrx_word' id='word_1_509' title='bbox 2459 3261 2526 3315; x_wconf 83' lang='lat' dir='ltr'><strong>ad</strong></span> <span class='ocrx_word' id='word_1_510' title='bbox 2565 3259 3342 3329; x_wconf 82' lang='lat' dir='ltr'><strong>omnesinipsumintucntes</strong></span> <span class='ocrx_word' id='word_1_511' title='bbox 3370 3261 3571 3317; x_wconf 86' lang='lat' dir='ltr'><strong>illumi-</strong></span> 
     </span>
    </p>
   </div>
   <div class='ocr_carea' id='block_1_72' title="bbox 2005 3349 2722 3421">
    <p class='ocr_par' dir='ltr' id='par_1_72' title="bbox 2005 3349 2722 3421">
     <span class='ocr_line' id='line_1_72' title="bbox 2005 3349 2722 3421; baseline 0 -16"><span class='ocrx_word' id='word_1_512' title='bbox 2005 3349 2244 3405; x_wconf 85' lang='lat' dir='ltr'><strong>nandum</strong></span> <span class='ocrx_word' id='word_1_513' title='bbox 2277 3359 2331 3406; x_wconf 93' lang='lat' dir='ltr'><strong>et</strong></span> <span class='ocrx_word' id='word_1_514' title='bbox 2360 3351 2722 3421; x_wconf 67' lang='lat' dir='ltr'><strong>dirigentium.</strong></span> 
     </span>
    </p>
   </div>
   <div class='ocr_carea' id='block_1_73' title="bbox 2083 3437 3567 3516">
    <p class='ocr_par' dir='ltr' id='par_1_73' title="bbox 2083 3437 3567 3516">
     <span class='ocr_line' id='line_1_73' title="bbox 2083 3437 3567 3516; baseline 0.005 -24"><span class='ocrx_word' id='word_1_515' title='bbox 2083 3437 2251 3494; x_wconf 86' lang='lat' dir='ltr'><strong>Unius</strong></span> <span class='ocrx_word' id='word_1_516' title='bbox 2294 3442 2476 3495; x_wconf 78' lang='lat' dir='ltr'><strong>uxoris</strong></span> <span class='ocrx_word' id='word_1_517' title='bbox 2517 3443 2707 3496; x_wconf 73' lang='lat' dir='ltr'><strong>virum.</strong></span> <span class='ocrx_word' id='word_1_518' title='bbox 2753 3441 2811 3498; x_wconf 89' lang='lat' dir='ltr'><strong>Si</strong></span> <span class='ocrx_word' id='word_1_519' title='bbox 2867 3445 2913 3499; x_wconf 82' lang='lat' dir='ltr'><strong>is</strong></span> <span class='ocrx_word' id='word_1_520' title='bbox 2942 3448 3034 3516; x_wconf 92' lang='lat' dir='ltr'><strong>qui</strong></span> <span class='ocrx_word' id='word_1_521' title='bbox 3066 3445 3283 3502; x_wconf 78' lang='lat' dir='ltr'><strong>duxerit</strong></span> <span class='ocrx_word' id='word_1_522' title='bbox 3319 3460 3567 3509; x_wconf 81' lang='lat' dir='ltr'><strong>uxorem,</strong></span> 
     </span>
    </p>
   </div>
   <div class='ocr_carea' id='block_1_74' title="bbox 2008 3529 3572 3606">
    <p class='ocr_par' dir='ltr' id='par_1_74' title="bbox 2008 3529 3572 3606">
     <span class='ocr_line' id='line_1_74' title="bbox 2008 3529 3572 3606; baseline 0.004 -23"><span class='ocrx_word' id='word_1_523' title='bbox 2008 3529 2278 3584; x_wconf 85' lang='lat' dir='ltr'><strong>sollicitus</strong></span> <span class='ocrx_word' id='word_1_524' title='bbox 2303 3539 2385 3584; x_wconf 88' lang='lat' dir='ltr'><strong>est</strong></span> <span class='ocrx_word' id='word_1_525' title='bbox 2407 3545 2504 3601; x_wconf 88' lang='lat' dir='ltr'><strong>pro</strong></span> <span class='ocrx_word' id='word_1_526' title='bbox 2544 3532 2708 3588; x_wconf 87' lang='lat' dir='ltr'><strong>rebus</strong></span> <span class='ocrx_word' id='word_1_527' title='bbox 2737 3535 3054 3602; x_wconf 84' lang='lat' dir='ltr'><strong>mundanis,</strong></span> <span class='ocrx_word' id='word_1_528' title='bbox 3086 3537 3404 3606; x_wconf 89' lang='lat' dir='ltr'><strong>episcopum</strong></span> <span class='ocrx_word' id='word_1_529' title='bbox 3438 3551 3572 3592; x_wconf 83' lang='lat' dir='ltr'><strong>vero</strong></span> 
     </span>
    </p>
   </div>
   <div class='ocr_carea' id='block_1_75' title="bbox 2007 3619 3568 3697">
    <p class='ocr_par' dir='ltr' id='par_1_75' title="bbox 2007 3619 3568 3697">
     <span class='ocr_line' id='line_1_75' title="bbox 2007 3619 3568 3697; baseline 0.006 -26"><span class='ocrx_word' id='word_1_530' title='bbox 2007 3619 2073 3671; x_wconf 88' lang='lat' dir='ltr'><strong>de</strong></span> <span class='ocrx_word' id='word_1_531' title='bbox 2096 3619 2282 3673; x_wconf 91' lang='lat' dir='ltr'><strong>mundi</strong></span> <span class='ocrx_word' id='word_1_532' title='bbox 2312 3621 2547 3690; x_wconf 78' lang='lat' dir='ltr'><strong>negotiis</strong></span> <span class='ocrx_word' id='word_1_533' title='bbox 2569 3623 2862 3678; x_wconf 87' lang='lat' dir='ltr'><strong>sollicitum</strong></span> <span class='ocrx_word' id='word_1_534' title='bbox 2893 3641 3015 3681; x_wconf 82' lang='lat' dir='ltr'><strong>esse</strong></span> <span class='ocrx_word' id='word_1_535' title='bbox 3055 3641 3164 3681; x_wconf 91' lang='lat' dir='ltr'><strong>non</strong></span> <span class='ocrx_word' id='word_1_536' title='bbox 3205 3633 3443 3697; x_wconf 90' lang='lat' dir='ltr'><strong>oportet,</strong></span> <span class='ocrx_word' id='word_1_537' title='bbox 3475 3625 3568 3696; x_wconf 91' lang='lat' dir='ltr'><strong>qui</strong></span> 
     </span>
    </p>
   </div>
   <div class='ocr_carea' id='block_1_76' title="bbox 2008 3702 3570 3788">
    <p class='ocr_par' dir='ltr' id='par_1_76' title="bbox 2008 3702 3570 3788">
     <span class='ocr_line' id='line_1_76' title="bbox 2008 3702 3570 3788; baseline 0.008 -28"><span class='ocrx_word' id='word_1_538' title='bbox 2008 3709 2161 3774; x_wconf 81' lang='lat' dir='ltr'><strong>dicit,</strong></span> <span class='ocrx_word' id='word_1_539' title='bbox 2191 3702 2363 3763; x_wconf 62' lang='lat' dir='ltr'><strong>&#39;Unius</strong></span> <span class='ocrx_word' id='word_1_540' title='bbox 2402 3713 2584 3767; x_wconf 70' lang='lat' dir='ltr'><strong>uxoris</strong></span> <span class='ocrx_word' id='word_1_541' title='bbox 2640 3716 2888 3769; x_wconf 87' lang='lat' dir='ltr'><strong>maritum</strong></span> <span class='ocrx_word' id='word_1_542' title='bbox 2915 3717 2940 3769; x_wconf 84' lang='lat'><strong><em>?</em></strong></span> <span class='ocrx_word' id='word_1_543' title='bbox 2981 3716 3139 3772; x_wconf 88' lang='lat' dir='ltr'><strong>Certe</strong></span> <span class='ocrx_word' id='word_1_544' title='bbox 3189 3717 3408 3788; x_wconf 89' lang='lat' dir='ltr'><strong>quidem</strong></span> <span class='ocrx_word' id='word_1_545' title='bbox 3427 3731 3570 3772; x_wconf 86' lang='lat' dir='ltr'><strong>non-</strong></span> 
     </span>
    </p>
   </div>
   <div class='ocr_carea' id='block_1_77' title="bbox 2009 3800 3570 3873">
    <p class='ocr_par' dir='ltr' id='par_1_77' title="bbox 2009 3800 3570 3873">
     <span class='ocr_line' id='line_1_77' title="bbox 2009 3800 3570 3873; baseline 0.006 -21"><span class='ocrx_word' id='word_1_546' title='bbox 2009 3800 2138 3853; x_wconf 92' lang='lat' dir='ltr'><strong>nulli</strong></span> <span class='ocrx_word' id='word_1_547' title='bbox 2193 3812 2468 3865; x_wconf 85' lang='lat' dir='ltr'><strong>asserunt,</strong></span> <span class='ocrx_word' id='word_1_548' title='bbox 2522 3805 2666 3873; x_wconf 89' lang='lat' dir='ltr'><strong>quod</strong></span> <span class='ocrx_word' id='word_1_549' title='bbox 2718 3808 2959 3862; x_wconf 70' lang='lat' dir='ltr'><strong>caelibem</strong></span> <span class='ocrx_word' id='word_1_550' title='bbox 3004 3808 3223 3862; x_wconf 89' lang='lat' dir='ltr'><strong>innuit:</strong></span> <span class='ocrx_word' id='word_1_551' title='bbox 3270 3815 3324 3862; x_wconf 90' lang='lat' dir='ltr'><strong>et</strong></span> <span class='ocrx_word' id='word_1_552' title='bbox 3373 3809 3419 3862; x_wconf 89' lang='lat' dir='ltr'><strong>si</strong></span> <span class='ocrx_word' id='word_1_553' title='bbox 3470 3810 3570 3862; x_wconf 90' lang='lat' dir='ltr'><strong>hoc</strong></span> 
     </span>
    </p>
   </div>
   <div class='ocr_carea' id='block_1_78' title="bbox 2011 3889 3572 3964">
    <p class='ocr_par' dir='ltr' id='par_1_78' title="bbox 2011 3889 3572 3964">
     <span class='ocr_line' id='line_1_78' title="bbox 2011 3889 3572 3964; baseline 0.006 -22"><span class='ocrx_word' id='word_1_554' title='bbox 2011 3889 2125 3944; x_wconf 80' lang='lat' dir='ltr'><strong>ﬁeri</strong></span> <span class='ocrx_word' id='word_1_555' title='bbox 2170 3891 2380 3961; x_wconf 89' lang='lat' dir='ltr'><strong>nequit,</strong></span> <span class='ocrx_word' id='word_1_556' title='bbox 2414 3894 2610 3948; x_wconf 82' lang='lat' dir='ltr'><strong>habeat</strong></span> <span class='ocrx_word' id='word_1_557' title='bbox 2651 3897 2868 3964; x_wconf 84' lang='lat' dir='ltr'><strong>quidem</strong></span> <span class='ocrx_word' id='word_1_558' title='bbox 2918 3899 3130 3953; x_wconf 90' lang='lat' dir='ltr'><strong>unicam</strong></span> <span class='ocrx_word' id='word_1_559' title='bbox 3186 3913 3429 3964; x_wconf 82' lang='lat' dir='ltr'><strong>uxorem,</strong></span> <span class='ocrx_word' id='word_1_560' title='bbox 3480 3914 3572 3951; x_wconf 82' lang='lat' dir='ltr'><strong>ve-</strong></span> 
     </span>
    </p>
   </div>
   <div class='ocr_carea' id='block_1_79' title="bbox 2008 3985 3572 4057">
    <p class='ocr_par' dir='ltr' id='par_1_79' title="bbox 2008 3985 3572 4057">
     <span class='ocr_line' id='line_1_79' title="bbox 2008 3985 3572 4057; baseline 0.008 -25"><span class='ocrx_word' id='word_1_561' title='bbox 2008 3995 2126 4033; x_wconf 90' lang='lat' dir='ltr'><strong>rum</strong></span> <span class='ocrx_word' id='word_1_562' title='bbox 2160 3988 2342 4037; x_wconf 89' lang='lat' dir='ltr'><strong>tamen</strong></span> <span class='ocrx_word' id='word_1_563' title='bbox 2383 3985 2463 4038; x_wconf 86' lang='lat' dir='ltr'><strong>sic</strong></span> <span class='ocrx_word' id='word_1_564' title='bbox 2500 3986 2654 4053; x_wconf 90' lang='lat' dir='ltr'><strong>quasi</strong></span> <span class='ocrx_word' id='word_1_565' title='bbox 2692 4001 2796 4041; x_wconf 91' lang='lat' dir='ltr'><strong>non</strong></span> <span class='ocrx_word' id='word_1_566' title='bbox 2852 3989 3046 4043; x_wconf 82' lang='lat' dir='ltr'><strong>habeat</strong></span> <span class='ocrx_word' id='word_1_567' title='bbox 3080 4008 3093 4043; x_wconf 90' lang='lat'>:</span> <span class='ocrx_word' id='word_1_568' title='bbox 3129 3989 3230 4042; x_wconf 89' lang='lat' dir='ltr'><strong>hoc</strong></span> <span class='ocrx_word' id='word_1_569' title='bbox 3276 3997 3360 4044; x_wconf 89' lang='lat' dir='ltr'><strong>est</strong></span> <span class='ocrx_word' id='word_1_570' title='bbox 3413 3989 3572 4057; x_wconf 60' lang='lat' dir='ltr'><strong>eupi»</strong></span> 
     </span>
    </p>
   </div>
   <div class='ocr_carea' id='block_1_80' title="bbox 2006 4070 3568 4147">
    <p class='ocr_par' dir='ltr' id='par_1_80' title="bbox 2006 4070 3568 4147">
     <span class='ocr_line' id='line_1_80' title="bbox 2006 4070 3568 4147; baseline 0.005 -23"><span class='ocrx_word' id='word_1_571' title='bbox 2006 4070 2272 4126; x_wconf 83' lang='lat' dir='ltr'><strong>ditatibus</strong></span> <span class='ocrx_word' id='word_1_572' title='bbox 2305 4073 2425 4142; x_wconf 84' lang='lat' dir='ltr'><strong>ejus</strong></span> <span class='ocrx_word' id='word_1_573' title='bbox 2457 4090 2563 4128; x_wconf 91' lang='lat' dir='ltr'><strong>non</strong></span> <span class='ocrx_word' id='word_1_574' title='bbox 2603 4076 2880 4130; x_wconf 90' lang='lat' dir='ltr'><strong>subditus.</strong></span> <span class='ocrx_word' id='word_1_575' title='bbox 2926 4077 3116 4142; x_wconf 87' lang='lat' dir='ltr'><strong>Porro,</strong></span> <span class='ocrx_word' id='word_1_576' title='bbox 3167 4093 3272 4130; x_wconf 90' lang='lat' dir='ltr'><strong>non</strong></span> <span class='ocrx_word' id='word_1_577' title='bbox 3305 4083 3365 4130; x_wconf 88' lang='lat' dir='ltr'><strong>ut</strong></span> <span class='ocrx_word' id='word_1_578' title='bbox 3397 4077 3568 4147; x_wconf 77' lang='lat' dir='ltr'><strong>legem</strong></span> 
     </span>
    </p>
   </div>
   <div class='ocr_carea' id='block_1_81' title="bbox 335 4161 1898 4240">
    <p class='ocr_par' dir='ltr' id='par_1_81' title="bbox 335 4164 1898 4240">
     <span class='ocr_line' id='line_1_81' title="bbox 335 4164 1898 4240; baseline -0.002 -19"><span class='ocrx_word' id='word_1_579' title='bbox 335 4171 458 4232; x_wconf 82' lang='grc' dir='ltr'><strong>Πῶς</strong></span> <span class='ocrx_word' id='word_1_580' title='bbox 490 4171 597 4240; x_wconf 74' lang='grc' dir='ltr'><strong>γὰρ</strong></span> <span class='ocrx_word' id='word_1_581' title='bbox 627 4173 655 4223; x_wconf 84' lang='grc' dir='ltr'>ὁ</span> <span class='ocrx_word' id='word_1_582' title='bbox 681 4170 854 4238; x_wconf 81' lang='grc' dir='ltr'>λέγων</span> <span class='ocrx_word' id='word_1_583' title='bbox 912 4172 1016 4238; x_wconf 83' lang='grc' dir='ltr'>ὅτι,</span> <span class='ocrx_word' id='word_1_584' title='bbox 1066 4169 1226 4224; x_wconf 76' lang='grc' dir='ltr'>Θέλω</span> <span class='ocrx_word' id='word_1_585' title='bbox 1255 4168 1485 4234; x_wconf 76' lang='grc' dir='ltr'>πάντας</span> <span class='ocrx_word' id='word_1_586' title='bbox 1515 4164 1663 4223; x_wconf 75' lang='grc' dir='ltr'>εἶναι</span> <span class='ocrx_word' id='word_1_587' title='bbox 1690 4170 1770 4232; x_wconf 84' lang='grc' dir='ltr'>ὠς</span> <span class='ocrx_word' id='word_1_588' title='bbox 1805 4165 1898 4219; x_wconf 70' lang='grc' dir='ltr'><strong>καί</strong></span> 
     </span>
    </p>
   </div>
   <div class='ocr_carea' id='block_1_82' title="bbox 2007 4161 3570 4240">
    <p class='ocr_par' dir='ltr' id='par_1_82' title="bbox 2007 4161 3570 4237">
     <span class='ocr_line' id='line_1_82' title="bbox 2007 4161 3570 4237; baseline 0.004 -23"><span class='ocrx_word' id='word_1_589' title='bbox 2007 4162 2218 4216; x_wconf 86' lang='lat' dir='ltr'><strong>sanciat</strong></span> <span class='ocrx_word' id='word_1_590' title='bbox 2248 4161 2352 4218; x_wconf 85' lang='lat' dir='ltr'><strong>hoc</strong></span> <span class='ocrx_word' id='word_1_591' title='bbox 2383 4165 2536 4230; x_wconf 91' lang='lat' dir='ltr'><strong>dicit,</strong></span> <span class='ocrx_word' id='word_1_592' title='bbox 2580 4165 2723 4233; x_wconf 88' lang='lat' dir='ltr'><strong>quod</strong></span> <span class='ocrx_word' id='word_1_593' title='bbox 2771 4167 2996 4220; x_wconf 90' lang='lat' dir='ltr'><strong>omnino</strong></span> <span class='ocrx_word' id='word_1_594' title='bbox 3055 4177 3304 4235; x_wconf 81' lang='lat' dir='ltr'><strong>oporteat</strong></span> <span class='ocrx_word' id='word_1_595' title='bbox 3353 4169 3570 4237; x_wconf 81' lang='lat' dir='ltr'><strong>episco-</strong></span> 
     </span>
    </p>
   </div>
   <div class='ocr_carea' id='block_1_83' title="bbox 329 4256 1898 4330">
    <p class='ocr_par' dir='ltr' id='par_1_83' title="bbox 329 4256 1898 4330">
     <span class='ocr_line' id='line_1_83' title="bbox 329 4256 1898 4330; baseline -0.004 -16"><span class='ocrx_word' id='word_1_596' title='bbox 329 4263 627 4329; x_wconf 75' lang='grc' dir='ltr'>ἐμαυτόν;</span> <span class='ocrx_word' id='word_1_597' title='bbox 657 4261 798 4313; x_wconf 79' lang='grc' dir='ltr'>Ἀλλ’</span> <span class='ocrx_word' id='word_1_598' title='bbox 817 4261 1003 4330; x_wconf 81' lang='grc' dir='ltr'>ἐπειδὴ</span> <span class='ocrx_word' id='word_1_599' title='bbox 1031 4262 1190 4314; x_wconf 84' lang='grc' dir='ltr'>ὁτότε</span> <span class='ocrx_word' id='word_1_600' title='bbox 1219 4259 1408 4328; x_wconf 74' lang='grc' dir='ltr'>καιρὸς</span> <span class='ocrx_word' id='word_1_601' title='bbox 1437 4257 1659 4312; x_wconf 77' lang='grc' dir='ltr'>τοιαῦτα</span> <span class='ocrx_word' id='word_1_602' title='bbox 1683 4256 1898 4326; x_wconf 83' lang='grc' dir='ltr'>ἀπῄτει,</span> 
     </span>
    </p>
   </div>
   <div class='ocr_carea' id='block_1_84' title="bbox 2007 4256 3568 4330">
    <p class='ocr_par' dir='ltr' id='par_1_84' title="bbox 2007 4257 3568 4325">
     <span class='ocr_line' id='line_1_84' title="bbox 2007 4257 3568 4325; baseline 0.004 -20"><span class='ocrx_word' id='word_1_603' title='bbox 2007 4267 2133 4320; x_wconf 87' lang='lat' dir='ltr'><strong>pum</strong></span> <span class='ocrx_word' id='word_1_604' title='bbox 2165 4264 2457 4308; x_wconf 82' lang='lat' dir='ltr'><strong>uxoratum</strong></span> <span class='ocrx_word' id='word_1_605' title='bbox 2487 4271 2609 4310; x_wconf 90' lang='lat' dir='ltr'><strong>esse</strong></span> <span class='ocrx_word' id='word_1_606' title='bbox 2645 4257 2771 4325; x_wconf 90' lang='lat' dir='ltr'><strong>:qui</strong></span> <span class='ocrx_word' id='word_1_607' title='bbox 2798 4257 2942 4310; x_wconf 89' lang='lat' dir='ltr'><strong>enim</strong></span> <span class='ocrx_word' id='word_1_608' title='bbox 2969 4257 3112 4311; x_wconf 91' lang='lat' dir='ltr'><strong>istud</strong></span> <span class='ocrx_word' id='word_1_609' title='bbox 3138 4259 3411 4324; x_wconf 80' lang='lat' dir='ltr'><strong>statuerit,</strong></span> <span class='ocrx_word' id='word_1_610' title='bbox 3443 4273 3568 4312; x_wconf 92' lang='lat' dir='ltr'><strong>cum</strong></span> 
     </span>
    </p>
   </div>
   <div class='ocr_carea' id='block_1_85' title="bbox 339 4342 1898 4421">
    <p class='ocr_par' dir='ltr' id='par_1_85' title="bbox 339 4347 1898 4421">
     <span class='ocr_line' id='line_1_85' title="bbox 339 4347 1898 4421; baseline -0.002 -19"><span class='ocrx_word' id='word_1_611' title='bbox 339 4351 407 4402; x_wconf 78' lang='grc' dir='ltr'><strong>Εἰ</strong></span> <span class='ocrx_word' id='word_1_612' title='bbox 435 4351 679 4419; x_wconf 79' lang='grc' dir='ltr'>γένηται,</span> <span class='ocrx_word' id='word_1_613' title='bbox 717 4353 872 4420; x_wconf 60' lang='grc' dir='ltr'>φησι,</span> <span class='ocrx_word' id='word_1_614' title='bbox 905 4353 1030 4421; x_wconf 83' lang='grc' dir='ltr'>μιᾶς</span> <span class='ocrx_word' id='word_1_615' title='bbox 1079 4351 1216 4404; x_wconf 73' lang='grc' dir='ltr'>ἔστω</span> <span class='ocrx_word' id='word_1_616' title='bbox 1259 4350 1417 4421; x_wconf 79' lang='grc' dir='ltr'>ἀνήρ.</span> <span class='ocrx_word' id='word_1_617' title='bbox 1450 4347 1618 4402; x_wconf 83' lang='grc' dir='ltr'>Τοῦτο</span> <span class='ocrx_word' id='word_1_618' title='bbox 1653 4349 1746 4400; x_wconf 76' lang='grc' dir='ltr'><strong>καὶ</strong></span> <span class='ocrx_word' id='word_1_619' title='bbox 1775 4347 1794 4379; x_wconf 70' lang='grc'>⁸</span> <span class='ocrx_word' id='word_1_620' title='bbox 1816 4347 1898 4400; x_wconf 81' lang='grc' dir='ltr'>διὰ</span> 
     </span>
    </p>
   </div>
   <div class='ocr_carea' id='block_1_86' title="bbox 2007 4342 3570 4421">
    <p class='ocr_par' dir='ltr' id='par_1_86' title="bbox 2009 4342 3570 4414">
     <span class='ocr_line' id='line_1_86' title="bbox 2009 4342 3570 4414; baseline 0.005 -23"><span class='ocrx_word' id='word_1_621' title='bbox 2009 4342 2145 4394; x_wconf 85' lang='lat' dir='ltr'><strong>alias</strong></span> <span class='ocrx_word' id='word_1_622' title='bbox 2176 4343 2342 4407; x_wconf 82' lang='lat' dir='ltr'><strong>dicat,</strong></span> <span class='ocrx_word' id='word_1_623' title='bbox 2390 4343 2520 4398; x_wconf 85' lang='lat' dir='ltr'><strong>Vola</strong></span> <span class='ocrx_word' id='word_1_624' title='bbox 2568 4362 2657 4399; x_wconf 85' lang='lat' dir='ltr'><strong>vos</strong></span> <span class='ocrx_word' id='word_1_625' title='bbox 2683 4362 2861 4400; x_wconf 84' lang='lat' dir='ltr'><strong>omnes</strong></span> <span class='ocrx_word' id='word_1_626' title='bbox 2886 4363 2999 4401; x_wconf 74' lang='lat' dir='ltr'><strong>esse</strong></span> <span class='ocrx_word' id='word_1_627' title='bbox 3032 4348 3168 4401; x_wconf 86' lang='lat' dir='ltr'><strong>sicut</strong></span> <span class='ocrx_word' id='word_1_628' title='bbox 3203 4349 3455 4414; x_wconf 80' lang='lat' dir='ltr'><strong>meipsum</strong></span> <span class='ocrx_word' id='word_1_629' title='bbox 3479 4349 3524 4380; x_wconf 81' lang='lat'><strong>&quot;</strong></span> <span class='ocrx_word' id='word_1_630' title='bbox 3545 4347 3570 4399; x_wconf 68' lang='grc' dir='ltr'><strong>ἲ</strong></span> 
     </span>
    </p>
   </div>
   <div class='ocr_carea' id='block_1_87' title="bbox 329 4430 1898 4524">
    <p class='ocr_par' dir='ltr' id='par_1_87' title="bbox 329 4439 1898 4512">
     <span class='ocr_line' id='line_1_87' title="bbox 329 4439 1898 4512; baseline -0.001 -19"><span class='ocrx_word' id='word_1_631' title='bbox 329 4442 461 4502; x_wconf 71' lang='grc' dir='ltr'>τοὺς</span> <span class='ocrx_word' id='word_1_632' title='bbox 503 4441 802 4507; x_wconf 79' lang='grc' dir='ltr'>Ἰουδαίους,</span> <span class='ocrx_word' id='word_1_633' title='bbox 837 4442 1066 4505; x_wconf 85' lang='grc' dir='ltr'>ἐκείνοις</span> <span class='ocrx_word' id='word_1_634' title='bbox 1095 4443 1202 4512; x_wconf 83' lang='grc' dir='ltr'>γὰρ</span> <span class='ocrx_word' id='word_1_635' title='bbox 1235 4442 1416 4510; x_wconf 81' lang='grc' dir='ltr'>ἐφεῖτο</span> <span class='ocrx_word' id='word_1_636' title='bbox 1444 4441 1477 4510; x_wconf 85' lang='grc' dir='ltr'><strong>ἡ</strong></span> <span class='ocrx_word' id='word_1_637' title='bbox 1512 4439 1826 4508; x_wconf 85' lang='grc' dir='ltr'>πολυγαμία</span> <span class='ocrx_word' id='word_1_638' title='bbox 1855 4439 1898 4492; x_wconf 82' lang='grc'><strong>⁸.</strong></span> 
     </span>
    </p>
   </div>
   <div class='ocr_carea' id='block_1_88' title="bbox 2007 4430 3573 4524">
    <p class='ocr_par' dir='ltr' id='par_1_88' title="bbox 2013 4430 3573 4507">
     <span class='ocr_line' id='line_1_88' title="bbox 2013 4430 3573 4507; baseline 0.006 -23"><span class='ocrx_word' id='word_1_639' title='bbox 2013 4430 2212 4488; x_wconf 83' lang='lat' dir='ltr'><strong>Verum</strong></span> <span class='ocrx_word' id='word_1_640' title='bbox 2258 4436 2384 4504; x_wconf 87' lang='lat' dir='ltr'><strong>quia</strong></span> <span class='ocrx_word' id='word_1_641' title='bbox 2427 4445 2640 4506; x_wconf 88' lang='lat' dir='ltr'><strong>tempus</strong></span> <span class='ocrx_word' id='word_1_642' title='bbox 2699 4438 2771 4491; x_wconf 90' lang='lat' dir='ltr'><strong>ita</strong></span> <span class='ocrx_word' id='word_1_643' title='bbox 2815 4449 2926 4492; x_wconf 88' lang='lat' dir='ltr'><strong>tum</strong></span> <span class='ocrx_word' id='word_1_644' title='bbox 2969 4441 3300 4507; x_wconf 88' lang='lat' dir='ltr'><strong>postulabat,</strong></span> <span class='ocrx_word' id='word_1_645' title='bbox 3353 4439 3410 4494; x_wconf 93' lang='lat' dir='ltr'><strong>Si</strong></span> <span class='ocrx_word' id='word_1_646' title='bbox 3441 4454 3573 4494; x_wconf 85' lang='lat' dir='ltr'><strong>con-</strong></span> 
     </span>
    </p>
   </div>
   <div class='ocr_carea' id='block_1_89' title="bbox 329 4527 1898 4602">
    <p class='ocr_par' dir='ltr' id='par_1_89' title="bbox 329 4530 1898 4602">
     <span class='ocr_line' id='line_1_89' title="bbox 329 4530 1898 4602; baseline -0.002 -19"><span class='ocrx_word' id='word_1_647' title='bbox 329 4531 493 4589; x_wconf 81' lang='grc' dir='ltr'>Τινὲς</span> <span class='ocrx_word' id='word_1_648' title='bbox 521 4531 577 4584; x_wconf 82' lang='grc' dir='ltr'>δὲ</span> <span class='ocrx_word' id='word_1_649' title='bbox 609 4532 906 4600; x_wconf 78' lang='grc' dir='ltr'>ἀλογίστως</span> <span class='ocrx_word' id='word_1_650' title='bbox 930 4531 1057 4602; x_wconf 71' lang='grc' dir='ltr'>περὶ</span> <span class='ocrx_word' id='word_1_651' title='bbox 1096 4531 1415 4602; x_wconf 80' lang='grc' dir='ltr'>Ἐκκλησίας</span> <span class='ocrx_word' id='word_1_652' title='bbox 1447 4530 1651 4598; x_wconf 75' lang='grc' dir='ltr'>ἔφασαν</span> <span class='ocrx_word' id='word_1_653' title='bbox 1679 4531 1700 4562; x_wconf 78' lang='grc'><strong><em>⁸</em></strong></span> <span class='ocrx_word' id='word_1_654' title='bbox 1725 4530 1898 4596; x_wconf 83' lang='grc' dir='ltr'>λέγειν</span> 
     </span>
    </p>
   </div>
   <div class='ocr_carea' id='block_1_90' title="bbox 2007 4527 3572 4602">
    <p class='ocr_par' dir='ltr' id='par_1_90' title="bbox 2012 4527 3572 4598">
     <span class='ocr_line' id='line_1_90' title="bbox 2012 4527 3572 4598; baseline 0.008 -19"><span class='ocrx_word' id='word_1_655' title='bbox 2012 4527 2203 4594; x_wconf 78' lang='lat' dir='ltr'><strong>tingat,</strong></span> <span class='ocrx_word' id='word_1_656' title='bbox 2254 4528 2452 4598; x_wconf 91' lang='lat' dir='ltr'><strong>inquit,</strong></span> <span class='ocrx_word' id='word_1_657' title='bbox 2507 4532 2580 4586; x_wconf 89' lang='lat' dir='ltr'><strong>sit</strong></span> <span class='ocrx_word' id='word_1_658' title='bbox 2622 4533 2786 4588; x_wconf 92' lang='lat' dir='ltr'><strong>unius</strong></span> <span class='ocrx_word' id='word_1_659' title='bbox 2837 4535 3026 4590; x_wconf 84' lang='lat' dir='ltr'><strong>uxoris</strong></span> <span class='ocrx_word' id='word_1_660' title='bbox 3064 4536 3166 4592; x_wconf 77' lang='lat' dir='ltr'><strong>vir.</strong></span> <span class='ocrx_word' id='word_1_661' title='bbox 3209 4536 3267 4590; x_wconf 89' lang='lat' dir='ltr'><strong>Id</strong></span> <span class='ocrx_word' id='word_1_662' title='bbox 3309 4551 3438 4591; x_wconf 69' lang='lat' dir='ltr'><strong>vero</strong></span> <span class='ocrx_word' id='word_1_663' title='bbox 3478 4535 3572 4591; x_wconf 83' lang='lat' dir='ltr'><strong>Ju-</strong></span> 
     </span>
    </p>
   </div>
   <div class='ocr_carea' id='block_1_91' title="bbox 327 4615 1898 4698">
    <p class='ocr_par' dir='ltr' id='par_1_91' title="bbox 327 4622 1898 4692">
     <span class='ocr_line' id='line_1_91' title="bbox 327 4622 1898 4692; baseline 0.004 -18"><span class='ocrx_word' id='word_1_664' title='bbox 327 4625 421 4674; x_wconf 67' lang='grc' dir='ltr'>τὸν</span> <span class='ocrx_word' id='word_1_665' title='bbox 461 4624 779 4676; x_wconf 82' lang='grc' dir='ltr'>Ἀπόστολον</span> <span class='ocrx_word' id='word_1_666' title='bbox 833 4623 1012 4687; x_wconf 80' lang='grc' dir='ltr'>τοῦτο,</span> <span class='ocrx_word' id='word_1_667' title='bbox 1055 4623 1170 4679; x_wconf 82' lang='grc' dir='ltr'>Ἵνα</span> <span class='ocrx_word' id='word_1_668' title='bbox 1224 4623 1298 4692; x_wconf 83' lang='grc' dir='ltr'>μὴ</span> <span class='ocrx_word' id='word_1_669' title='bbox 1347 4622 1665 4692; x_wconf 80' lang='grc' dir='ltr'>μεταϐαίνῃ,</span> <span class='ocrx_word' id='word_1_670' title='bbox 1715 4622 1898 4688; x_wconf 71' lang='grc' dir='ltr'>φασὶν.</span> 
     </span>
    </p>
   </div>
   <div class='ocr_carea' id='block_1_92' title="bbox 2007 4615 3575 4698">
    <p class='ocr_par' dir='ltr' id='par_1_92' title="bbox 2009 4615 3575 4698">
     <span class='ocr_line' id='line_1_92' title="bbox 2009 4615 3575 4698; baseline 0.008 -30"><span class='ocrx_word' id='word_1_671' title='bbox 2009 4615 2247 4672; x_wconf 72' lang='lat' dir='ltr'><strong>decorum</strong></span> <span class='ocrx_word' id='word_1_672' title='bbox 2294 4632 2461 4675; x_wconf 89' lang='lat' dir='ltr'><strong>causa</strong></span> <span class='ocrx_word' id='word_1_673' title='bbox 2505 4622 2767 4679; x_wconf 85' lang='lat' dir='ltr'><strong>dicebat:</strong></span> <span class='ocrx_word' id='word_1_674' title='bbox 2821 4624 2932 4681; x_wconf 89' lang='lat' dir='ltr'><strong>illis</strong></span> <span class='ocrx_word' id='word_1_675' title='bbox 2959 4634 3100 4680; x_wconf 81' lang='lat' dir='ltr'><strong>&#39;vero</strong></span> <span class='ocrx_word' id='word_1_676' title='bbox 3155 4628 3575 4698; x_wconf 86' lang='lat' dir='ltr'><strong>permittebatur</strong></span> 
     </span>
    </p>
   </div>
   <div class='ocr_carea' id='block_1_93' title="bbox 327 4708 1898 4787">
    <p class='ocr_par' dir='ltr' id='par_1_93' title="bbox 327 4711 1898 4782">
     <span class='ocr_line' id='line_1_93' title="bbox 327 4711 1898 4782; baseline -0.002 -17"><span class='ocrx_word' id='word_1_677' title='bbox 327 4711 439 4765; x_wconf 75' lang='grc' dir='ltr'><strong>ἀπὸ</strong></span> <span class='ocrx_word' id='word_1_678' title='bbox 475 4713 799 4782; x_wconf 80' lang='grc' dir='ltr'>Ἑκκλησίας</span> <span class='ocrx_word' id='word_1_679' title='bbox 851 4716 926 4778; x_wconf 82' lang='grc' dir='ltr'>εἰς</span> <span class='ocrx_word' id='word_1_680' title='bbox 968 4713 1296 4782; x_wconf 79' lang='grc' dir='ltr'>Ἐκκλησίαν</span> <span class='ocrx_word' id='word_1_681' title='bbox 1328 4729 1342 4744; x_wconf 93' lang='grc'><strong>·</strong></span> <span class='ocrx_word' id='word_1_682' title='bbox 1371 4713 1581 4782; x_wconf 82' lang='grc' dir='ltr'>μοιχεία</span> <span class='ocrx_word' id='word_1_683' title='bbox 1641 4713 1747 4780; x_wconf 81' lang='grc' dir='ltr'><strong>γάρ</strong></span> <span class='ocrx_word' id='word_1_684' title='bbox 1785 4712 1898 4762; x_wconf 82' lang='grc' dir='ltr'>ἐστι</span> 
     </span>
    </p>
   </div>
   <div class='ocr_carea' id='block_1_94' title="bbox 2007 4708 3573 4787">
    <p class='ocr_par' dir='ltr' id='par_1_94' title="bbox 2007 4708 3573 4787">
     <span class='ocr_line' id='line_1_94' title="bbox 2007 4708 3573 4787; baseline 0.006 -25"><span class='ocrx_word' id='word_1_685' title='bbox 2007 4708 2331 4778; x_wconf 80' lang='lat' dir='ltr'><strong>polygamia.</strong></span> <span class='ocrx_word' id='word_1_686' title='bbox 2389 4709 2619 4778; x_wconf 88' lang='lat' dir='ltr'><strong>Quidam</strong></span> <span class='ocrx_word' id='word_1_687' title='bbox 2682 4731 2812 4771; x_wconf 85' lang='lat' dir='ltr'><strong>vero</strong></span> <span class='ocrx_word' id='word_1_688' title='bbox 2874 4717 3082 4787; x_wconf 91' lang='lat' dir='ltr'><strong>absque</strong></span> <span class='ocrx_word' id='word_1_689' title='bbox 3140 4720 3289 4773; x_wconf 89' lang='lat' dir='ltr'><strong>omni</strong></span> <span class='ocrx_word' id='word_1_690' title='bbox 3343 4719 3573 4782; x_wconf 82' lang='lat' dir='ltr'><strong>ratione,</strong></span> 
     </span>
    </p>
   </div>
   <div class='ocr_carea' id='block_1_95' title="bbox 325 4796 3576 4873">
    <p class='ocr_par' dir='ltr' id='par_1_95' title="bbox 325 4796 3576 4873">
     <span class='ocr_line' id='line_1_95' title="bbox 325 4796 3576 4873; baseline 0.006 -31"><span class='ocrx_word' id='word_1_691' title='bbox 325 4801 391 4853; x_wconf 66' lang='grc' dir='ltr'>τδ</span> <span class='ocrx_word' id='word_1_692' title='bbox 425 4806 656 4873; x_wconf 72' lang='grc' dir='ltr'>πρᾶγμα</span> <span class='ocrx_word' id='word_1_693' title='bbox 684 4805 726 4856; x_wconf 76' lang='grc' dir='ltr'><strong>τ,</strong></span> <span class='ocrx_word' id='word_1_694' title='bbox 2005 4796 2259 4853; x_wconf 87' lang='lat' dir='ltr'><strong>dixerunt</strong></span> <span class='ocrx_word' id='word_1_695' title='bbox 2299 4802 2620 4871; x_wconf 81' lang='lat' dir='ltr'><strong>Apostolum</strong></span> <span class='ocrx_word' id='word_1_696' title='bbox 2685 4805 2798 4862; x_wconf 73' lang='lat' dir='ltr'><strong>hanc</strong></span> <span class='ocrx_word' id='word_1_697' title='bbox 2850 4807 2919 4863; x_wconf 91' lang='lat' dir='ltr'><strong>de</strong></span> <span class='ocrx_word' id='word_1_698' title='bbox 2962 4808 3207 4864; x_wconf 87' lang='lat' dir='ltr'><strong>Ecclesia</strong></span> <span class='ocrx_word' id='word_1_699' title='bbox 3239 4809 3460 4866; x_wconf 90' lang='lat' dir='ltr'><strong>dicere:</strong></span> <span class='ocrx_word' id='word_1_700' title='bbox 3495 4806 3576 4862; x_wconf 80' lang='lat' dir='ltr'><strong>Ne</strong></span> 
     </span>
    </p>
   </div>
   <div class='ocr_carea' id='block_1_96' title="bbox 2003 4895 3572 4963">
    <p class='ocr_par' dir='ltr' id='par_1_96' title="bbox 2003 4895 3572 4963">
     <span class='ocr_line' id='line_1_96' title="bbox 2003 4895 3572 4963; baseline 0.01 -23"><span class='ocrx_word' id='word_1_701' title='bbox 2003 4897 2265 4955; x_wconf 89' lang='lat' dir='ltr'><strong>transeat,</strong></span> <span class='ocrx_word' id='word_1_702' title='bbox 2327 4895 2604 4963; x_wconf 89' lang='lat' dir='ltr'><strong>inquiunt,</strong></span> <span class='ocrx_word' id='word_1_703' title='bbox 2673 4898 2742 4952; x_wconf 91' lang='lat' dir='ltr'><strong>ab</strong></span> <span class='ocrx_word' id='word_1_704' title='bbox 2796 4899 3031 4954; x_wconf 87' lang='lat' dir='ltr'><strong>ecclesia</strong></span> <span class='ocrx_word' id='word_1_705' title='bbox 3095 4899 3163 4953; x_wconf 90' lang='lat' dir='ltr'><strong>ad</strong></span> <span class='ocrx_word' id='word_1_706' title='bbox 3224 4900 3572 4958; x_wconf 82' lang='lat' dir='ltr'><strong>ecclesiam:</strong></span> 
     </span>
    </p>
   </div>
   <div class='ocr_carea' id='block_1_97' title="bbox 2005 4981 2824 5041">
    <p class='ocr_par' dir='ltr' id='par_1_97' title="bbox 2005 4981 2824 5041">
     <span class='ocr_line' id='line_1_97' title="bbox 2005 4981 2824 5041; baseline 0.009 -7"><span class='ocrx_word' id='word_1_707' title='bbox 2005 4981 2150 5037; x_wconf 91' lang='lat' dir='ltr'><strong>istud</strong></span> <span class='ocrx_word' id='word_1_708' title='bbox 2187 4983 2331 5036; x_wconf 89' lang='lat' dir='ltr'><strong>enim</strong></span> <span class='ocrx_word' id='word_1_709' title='bbox 2366 4982 2694 5039; x_wconf 88' lang='lat' dir='ltr'><strong>adulterium</strong></span> <span class='ocrx_word' id='word_1_710' title='bbox 2721 4996 2824 5041; x_wconf 93' lang='lat' dir='ltr'><strong>est.</strong></span> 
     </span>
    </p>
   </div>
   <div class='ocr_carea' id='block_1_98' title="bbox 2079 5071 3573 5151">
    <p class='ocr_par' dir='ltr' id='par_1_98' title="bbox 2079 5071 3573 5151">
     <span class='ocr_line' id='line_1_98' title="bbox 2079 5071 3573 5151; baseline 0.007 -25"><span class='ocrx_word' id='word_1_711' title='bbox 2079 5071 2350 5126; x_wconf 86' lang='lat' dir='ltr'><strong>Sobrium.</strong></span> <span class='ocrx_word' id='word_1_712' title='bbox 2378 5073 2489 5130; x_wconf 89' lang='lat' dir='ltr'><strong>lloc</strong></span> <span class='ocrx_word' id='word_1_713' title='bbox 2527 5085 2634 5141; x_wconf 88' lang='lat' dir='ltr'><strong>est,</strong></span> <span class='ocrx_word' id='word_1_714' title='bbox 2677 5085 2922 5146; x_wconf 90' lang='lat' dir='ltr'><strong>acutum,</strong></span> <span class='ocrx_word' id='word_1_715' title='bbox 2969 5081 3359 5151; x_wconf 89' lang='lat' dir='ltr'><strong>perspicacem,</strong></span> <span class='ocrx_word' id='word_1_716' title='bbox 3406 5083 3573 5138; x_wconf 86' lang='lat' dir='ltr'><strong>soler-</strong></span> 
     </span>
    </p>
   </div>
   <div class='ocr_carea' id='block_1_99' title="bbox 2011 5159 3576 5236">
    <p class='ocr_par' dir='ltr' id='par_1_99' title="bbox 2011 5159 3576 5236">
     <span class='ocr_line' id='line_1_99' title="bbox 2011 5159 3576 5236; baseline 0.009 -26"><span class='ocrx_word' id='word_1_717' title='bbox 2011 5167 2142 5220; x_wconf 88' lang='lat' dir='ltr'><strong>tcm,</strong></span> <span class='ocrx_word' id='word_1_718' title='bbox 2178 5159 2269 5228; x_wconf 86' lang='lat' dir='ltr'><strong>qui</strong></span> <span class='ocrx_word' id='word_1_719' title='bbox 2309 5161 2457 5216; x_wconf 91' lang='lat' dir='ltr'><strong>curis</strong></span> <span class='ocrx_word' id='word_1_720' title='bbox 2499 5170 2553 5217; x_wconf 88' lang='lat' dir='ltr'><strong>et</strong></span> <span class='ocrx_word' id='word_1_721' title='bbox 2583 5179 2815 5221; x_wconf 77' lang='lat' dir='ltr'><strong>moerere</strong></span> <span class='ocrx_word' id='word_1_722' title='bbox 2843 5182 2951 5222; x_wconf 92' lang='lat' dir='ltr'><strong>non</strong></span> <span class='ocrx_word' id='word_1_723' title='bbox 2986 5169 3271 5236; x_wconf 88' lang='lat' dir='ltr'><strong>obruatur,</strong></span> <span class='ocrx_word' id='word_1_724' title='bbox 3301 5170 3393 5224; x_wconf 89' lang='lat' dir='ltr'><strong>sed</strong></span> <span class='ocrx_word' id='word_1_725' title='bbox 3430 5183 3576 5224; x_wconf 58' lang='lat' dir='ltr'><strong>sema</strong></span> 
     </span>
    </p>
   </div>
   <div class='ocr_carea' id='block_1_100' title="bbox 2013 5251 3574 5324">
    <p class='ocr_par' dir='ltr' id='par_1_100' title="bbox 2013 5251 3574 5324">
     <span class='ocr_line' id='line_1_100' title="bbox 2013 5251 3574 5324; baseline 0.009 -23"><span class='ocrx_word' id='word_1_726' title='bbox 2013 5264 2107 5318; x_wconf 84' lang='lat' dir='ltr'><strong>per</strong></span> <span class='ocrx_word' id='word_1_727' title='bbox 2153 5251 2593 5322; x_wconf 79' lang='lat' dir='ltr'><strong>expergefactum</strong></span> <span class='ocrx_word' id='word_1_728' title='bbox 2621 5292 2636 5319; x_wconf 89' lang='lat'><strong>,</strong></span> <span class='ocrx_word' id='word_1_729' title='bbox 2687 5268 2746 5312; x_wconf 92' lang='lat' dir='ltr'><strong>ut</strong></span> <span class='ocrx_word' id='word_1_730' title='bbox 2792 5258 2975 5312; x_wconf 88' lang='lat' dir='ltr'><strong>omnia</strong></span> <span class='ocrx_word' id='word_1_731' title='bbox 3030 5259 3234 5324; x_wconf 79' lang='lat' dir='ltr'><strong>videat,</strong></span> <span class='ocrx_word' id='word_1_732' title='bbox 3296 5258 3574 5314; x_wconf 83' lang='lat' dir='ltr'><strong>omnibus-</strong></span> 
     </span>
    </p>
   </div>
   <div class='ocr_carea' id='block_1_101' title="bbox 2011 5351 2315 5411">
    <p class='ocr_par' dir='ltr' id='par_1_101' title="bbox 2011 5351 2315 5411">
     <span class='ocr_line' id='line_1_101' title="bbox 2011 5351 2315 5411; baseline 0.01 -16"><span class='ocrx_word' id='word_1_733' title='bbox 2011 5357 2116 5411; x_wconf 85' lang='lat' dir='ltr'><strong>que</strong></span> <span class='ocrx_word' id='word_1_734' title='bbox 2157 5351 2315 5398; x_wconf 88' lang='lat' dir='ltr'><strong>astet.</strong></span> 
     </span>
    </p>
   </div>
   <div class='ocr_carea' id='block_1_102' title="bbox 403 5062 1896 5135">
    <p class='ocr_par' dir='ltr' id='par_1_102' title="bbox 403 5062 1896 5135">
     <span class='ocr_line' id='line_1_102' title="bbox 403 5062 1896 5135; baseline -0.003 -19"><span class='ocrx_word' id='word_1_735' title='bbox 403 5062 731 5131; x_wconf 69' lang='grc' dir='ltr'><strong>Νηφάλιον.</strong></span> <span class='ocrx_word' id='word_1_736' title='bbox 762 5064 1075 5130; x_wconf 82' lang='grc' dir='ltr'>Τουτέστιν,</span> <span class='ocrx_word' id='word_1_737' title='bbox 1107 5063 1250 5130; x_wconf 63' lang='grc' dir='ltr'>ὀξὺν,</span> <span class='ocrx_word' id='word_1_738' title='bbox 1271 5063 1596 5135; x_wconf 77' lang='grc' dir='ltr'>διορατικδν,</span> <span class='ocrx_word' id='word_1_739' title='bbox 1621 5062 1896 5132; x_wconf 82' lang='grc' dir='ltr'>ἀγχίνουν,</span> 
     </span>
    </p>
   </div>
   <div class='ocr_carea' id='block_1_103' title="bbox 330 5151 1901 5224">
    <p class='ocr_par' dir='ltr' id='par_1_103' title="bbox 330 5151 1901 5224">
     <span class='ocr_line' id='line_1_103' title="bbox 330 5151 1901 5224; baseline -0.002 -18"><span class='ocrx_word' id='word_1_740' title='bbox 330 5153 469 5220; x_wconf 70' lang='grc' dir='ltr'>μηδέ</span> <span class='ocrx_word' id='word_1_741' title='bbox 498 5154 604 5206; x_wconf 80' lang='grc' dir='ltr'><strong>ὑπὸ</strong></span> <span class='ocrx_word' id='word_1_742' title='bbox 641 5155 933 5224; x_wconf 76' lang='grc' dir='ltr'>φροντίδων</span> <span class='ocrx_word' id='word_1_743' title='bbox 985 5156 1081 5208; x_wconf 75' lang='grc' dir='ltr'>καὶ</span> <span class='ocrx_word' id='word_1_744' title='bbox 1125 5154 1372 5223; x_wconf 80' lang='grc' dir='ltr'>ἀθυμιῶν</span> <span class='ocrx_word' id='word_1_745' title='bbox 1428 5151 1901 5220; x_wconf 77' lang='grc' dir='ltr'>κατασαπτιζὸμε-</span> 
     </span>
    </p>
   </div>
   <div class='ocr_carea' id='block_1_104' title="bbox 326 5243 1900 5316">
    <p class='ocr_par' dir='ltr' id='par_1_104' title="bbox 326 5243 1900 5316">
     <span class='ocr_line' id='line_1_104' title="bbox 326 5243 1900 5316; baseline 0 -21"><span class='ocrx_word' id='word_1_746' title='bbox 326 5260 442 5306; x_wconf 70' lang='grc' dir='ltr'>νον,</span> <span class='ocrx_word' id='word_1_747' title='bbox 505 5243 620 5294; x_wconf 79' lang='grc' dir='ltr'>ἀλλ’</span> <span class='ocrx_word' id='word_1_748' title='bbox 684 5246 771 5296; x_wconf 78' lang='grc' dir='ltr'>ἀεὶ</span> <span class='ocrx_word' id='word_1_749' title='bbox 822 5244 1224 5314; x_wconf 83' lang='grc' dir='ltr'>διυπνισμένον,</span> <span class='ocrx_word' id='word_1_750' title='bbox 1273 5245 1412 5298; x_wconf 83' lang='grc' dir='ltr'>ὥστε</span> <span class='ocrx_word' id='word_1_751' title='bbox 1457 5247 1632 5299; x_wconf 82' lang='grc' dir='ltr'>πάντα</span> <span class='ocrx_word' id='word_1_752' title='bbox 1663 5244 1900 5316; x_wconf 81' lang='grc' dir='ltr'>βλέπειν,</span> 
     </span>
    </p>
   </div>
   <div class='ocr_carea' id='block_1_105' title="bbox 329 5331 990 5401">
    <p class='ocr_par' dir='ltr' id='par_1_105' title="bbox 329 5331 990 5401">
     <span class='ocr_line' id='line_1_105' title="bbox 329 5331 990 5401; baseline 0.011 -20"><span class='ocrx_word' id='word_1_753' title='bbox 329 5331 426 5382; x_wconf 75' lang='grc' dir='ltr'><strong>καὶ</strong></span> <span class='ocrx_word' id='word_1_754' title='bbox 459 5334 624 5386; x_wconf 78' lang='grc' dir='ltr'>πᾶσιν</span> <span class='ocrx_word' id='word_1_755' title='bbox 651 5332 990 5401; x_wconf 76' lang='grc' dir='ltr'>ἐφίστασθαι.</span> 
     </span>
    </p>
   </div>
   <div class='ocr_carea' id='block_1_106' title="bbox 402 5441 869 5506">
    <p class='ocr_par' dir='ltr' id='par_1_106' title="bbox 402 5441 869 5506">
     <span class='ocr_line' id='line_1_106' title="bbox 402 5441 869 5506; baseline 0.009 -14"><span class='ocrx_word' id='word_1_756' title='bbox 402 5443 447 5472; x_wconf 84' lang='grc'>³³</span> <span class='ocrx_word' id='word_1_757' title='bbox 479 5443 496 5493; x_wconf 86' lang='grc'><strong>1</strong></span> <span class='ocrx_word' id='word_1_758' title='bbox 535 5441 666 5496; x_wconf 89' lang='lat' dir='ltr'><strong>Cor.</strong></span> <span class='ocrx_word' id='word_1_759' title='bbox 693 5459 789 5506; x_wconf 78' lang='lat' dir='ltr'><strong>\‘ll,</strong></span> <span class='ocrx_word' id='word_1_760' title='bbox 818 5445 869 5496; x_wconf 89' lang='lat'><strong>7.</strong></span> 
     </span>
    </p>
   </div>
   <div class='ocr_carea' id='block_1_107' title="bbox 1657 5534 2233 5606">
    <p class='ocr_par' dir='ltr' id='par_1_107' title="bbox 1657 5534 2233 5606">
     <span class='ocr_line' id='line_1_107' title="bbox 1657 5534 2233 5606; baseline 0.023 -12"><span class='ocrx_word' id='word_1_761' title='bbox 1657 5534 1856 5596; x_wconf 64' lang='grc' dir='ltr'>νει-ἰῶ</span> <span class='ocrx_word' id='word_1_762' title='bbox 1903 5536 2233 5606; x_wconf 88' lang='lat' dir='ltr'><strong>lectiones.</strong></span> 
     </span>
    </p>
   </div>
   <div class='ocr_carea' id='block_1_108' title="bbox 404 5635 3572 5731">
    <p class='ocr_par' dir='ltr' id='par_1_108' title="bbox 404 5635 3572 5731">
     <span class='ocr_line' id='line_1_108' title="bbox 404 5635 3572 5731; baseline 0.004 -31"><span class='ocrx_word' id='word_1_763' title='bbox 404 5635 678 5731; x_wconf 56' lang='grc' dir='ltr'>’ξκαὶοξς</span> <span class='ocrx_word' id='word_1_764' title='bbox 723 5651 776 5690; x_wconf 84' lang='lat'><strong>0-</strong></span> <span class='ocrx_word' id='word_1_765' title='bbox 855 5637 898 5731; x_wconf 55' lang='grc' dir='ltr'><strong>τ’</strong></span> <span class='ocrx_word' id='word_1_766' title='bbox 915 5636 1133 5731; x_wconf 51' lang='grc' dir='ltr'><strong>ικαοκοῦς</strong></span> <span class='ocrx_word' id='word_1_767' title='bbox 1172 5651 1226 5731; x_wconf 49' lang='lat'><strong>0:</strong></span> <span class='ocrx_word' id='word_1_768' title='bbox 1309 5637 1354 5731; x_wconf 60' lang='grc' dir='ltr'><strong>’ξ</strong></span> <span class='ocrx_word' id='word_1_769' title='bbox 1383 5638 1563 5731; x_wconf 56' lang='grc' dir='ltr'><strong>ῖχξσοέ)</strong></span> <span class='ocrx_word' id='word_1_770' title='bbox 1591 5652 1643 5691; x_wconf 78' lang='lat'><strong>0-</strong></span> <span class='ocrx_word' id='word_1_771' title='bbox 1721 5639 1766 5672; x_wconf 83' lang='lat'><strong>”</strong></span> <span class='ocrx_word' id='word_1_772' title='bbox 1815 5641 2185 5716; x_wconf 69' lang='grc' dir='ltr'>ἀμᾳρτήματα</span> <span class='ocrx_word' id='word_1_773' title='bbox 2217 5663 2270 5703; x_wconf 93' lang='lat' dir='ltr'><strong>o.</strong></span> <span class='ocrx_word' id='word_1_774' title='bbox 2350 5653 2364 5684; x_wconf 85' lang='grc'><strong>¹</strong></span> <span class='ocrx_word' id='word_1_775' title='bbox 2409 5654 2559 5724; x_wconf 77' lang='grc' dir='ltr'>μὴο.</span> <span class='ocrx_word' id='word_1_776' title='bbox 2636 5658 2656 5688; x_wconf 76' lang='grc'>⁸</span> <span class='ocrx_word' id='word_1_777' title='bbox 2689 5655 2874 5713; x_wconf 82' lang='grc' dir='ltr'>τοῦτον</span> <span class='ocrx_word' id='word_1_778' title='bbox 2895 5671 2951 5713; x_wconf 90' lang='grc' dir='ltr'>ο.</span> <span class='ocrx_word' id='word_1_779' title='bbox 3026 5658 3048 5690; x_wconf 90' lang='grc'><em>³</em></span> <span class='ocrx_word' id='word_1_780' title='bbox 3082 5652 3176 5712; x_wconf 80' lang='grc' dir='ltr'><strong>οὖν</strong></span> <span class='ocrx_word' id='word_1_781' title='bbox 3195 5671 3248 5714; x_wconf 92' lang='grc' dir='ltr'>ο.</span> <span class='ocrx_word' id='word_1_782' title='bbox 3326 5657 3346 5690; x_wconf 70' lang='grc'><strong>⁸</strong></span> <span class='ocrx_word' id='word_1_783' title='bbox 3377 5657 3486 5731; x_wconf 75' lang='grc' dir='ltr'>γὰρ</span> <span class='ocrx_word' id='word_1_784' title='bbox 3517 5672 3572 5714; x_wconf 78' lang='lat'><strong>9.</strong></span> 
     </span>
    </p>
   </div>
   <div class='ocr_carea' id='block_1_109' title="bbox 327 5703 1572 5774">
    <p class='ocr_par' dir='ltr' id='par_1_109' title="bbox 327 5703 1572 5774">
     <span class='ocr_line' id='line_1_109' title="bbox 327 5703 1572 5774; baseline 0.004 -17"><span class='ocrx_word' id='word_1_785' title='bbox 327 5703 353 5738; x_wconf 84' lang='grc'><strong><em>⁵</em></strong></span> <span class='ocrx_word' id='word_1_786' title='bbox 377 5705 705 5759; x_wconf 56' lang='lat' dir='ltr'><strong>uoluntati.</strong></span> <span class='ocrx_word' id='word_1_787' title='bbox 734 5721 788 5758; x_wconf 89' lang='grc' dir='ltr'>ο.</span> <span class='ocrx_word' id='word_1_788' title='bbox 865 5706 884 5736; x_wconf 85' lang='grc'>⁸</span> <span class='ocrx_word' id='word_1_789' title='bbox 914 5706 1158 5774; x_wconf 75' lang='grc' dir='ltr'>ἔφθασαν</span> <span class='ocrx_word' id='word_1_790' title='bbox 1195 5720 1248 5759; x_wconf 94' lang='lat' dir='ltr'><strong>o.</strong></span> <span class='ocrx_word' id='word_1_791' title='bbox 1325 5707 1345 5738; x_wconf 86' lang='lat'><strong>&#39;</strong></span> <span class='ocrx_word' id='word_1_792' title='bbox 1381 5703 1489 5762; x_wconf 69' lang='grc' dir='ltr'>πᾶν</span> <span class='ocrx_word' id='word_1_793' title='bbox 1519 5723 1572 5762; x_wconf 88' lang='grc' dir='ltr'>ο.</span> 
     </span>
    </p>
   </div>
   <div class='ocr_carea' id='block_1_110' title="bbox 651 5799 3150 5880">
    <p class='ocr_par' dir='ltr' id='par_1_110' title="bbox 651 5799 3150 5880">
     <span class='ocr_line' id='line_1_110' title="bbox 651 5799 3150 5880; baseline 0.008 -19"><span class='ocrx_word' id='word_1_794' title='bbox 651 5801 919 5862; x_wconf 70' lang='grc' dir='ltr'>Ρηιιοι..</span> <span class='ocrx_word' id='word_1_795' title='bbox 959 5802 1074 5863; x_wconf 79' lang='lat' dir='ltr'><strong>Gtt.</strong></span> <span class='ocrx_word' id='word_1_796' title='bbox 1106 5799 1348 5864; x_wconf 81' lang='lat' dir='ltr'><strong>CXXV.</strong></span> <span class='ocrx_word' id='word_1_797' title='bbox 3106 5816 3150 5880; x_wconf 76' lang='grc'><strong>2</strong></span> 
     </span>
    </p>
   </div>
  </div>
