4006 6214
374 391 448 456 -47
1134 409 1147 413 δ
1259 378 1831 443 THEOPHYLACTI
1865 375 2274 437 BULGABLE
2315 373 2668 434 A'RCHlEP.
3544 362 3614 427 48

381 514 435 559 et
459 499 672 557 diaconi
704 498 976 562 similiter,
1008 497 1061 551 id
1096 499 1199 559 est,
1244 489 1432 547 eadem
1492 489 1693 544 habere
1727 486 1944 546 debent,

2068 490 2132 541 in
2172 487 2268 541 καὶ
2305 487 2355 540 οἰ
2410 484 2644 539 διάκονοι
2675 482 2957 545 ὡσαύτως,
3008 480 3308 542 τουτέστιν,
3338 476 3614 544 ὀφειλουσι

379 593 638 649 nimirum
671 590 969 661 hospitales
1018 600 1161 649 esse,
1203 582 1459 649 modesti,
1501 596 1606 636 non
1638 592 1936 651 pugnaees,

378 689 522 757 dque
551 700 722 753 genus
756 684 883 738 alia.

437 779 687 832 Pudicos.
720 776 800 829 Ad
828 774 942 828 haec
971 785 1091 842 quae
1132 770 1281 824 dicta
1318 777 1468 835 sunt,
1522 765 1758 820 habeant
1801 777 1938 832 quo-

368 887 474 940 que
502 867 846 941 pudicitiam.

442 961 562 1015 Non
607 959 881 1027 bilingues.
944 952 1058 1007 Hoc
1112 961 1216 1018 est,
1257 950 1500 1013 fallaces,
1556 946 1799 1010 dolosos,
1834 945 1939 997 alia

370 1053 672 1108 sentientes
723 1057 777 1102 et
814 1046 918 1099 alia
962 1044 1369 1116 proloquentes,
1419 1040 1632 1109 aliaque
1678 1037 1787 1100 bis,
1836 1035 1938 1089 alia

370 1160 500 1198 vero
524 1143 651 1195 illis.

445 1234 570 1288 Non
638 1233 756 1286 vino
834 1227 1001 1281 multo
1061 1223 1301 1287 deditos,
1358 1237 1463 1276 non
1521 1226 1668 1286 turpe
1736 1215 1940 1270 lucrum

373 1338 652 1384 sectantes.
693 1324 813 1379 Non
872 1322 1029 1385 dixit,
1090 1317 1206 1371 Non
1264 1298 1613 1379 temulentos,
1655 1313 1760 1367 hoc
1795 1313 1941 1366 enim

373 1420 598 1474 omnino
620 1430 703 1472 est
737 1414 1041 1484 indignum,
1074 1422 1286 1471 verum,
1317 1404 1433 1459 Non
1462 1406 1692 1459 multum
1747 1414 1943 1473 potan-

378 1522 479 1565 tes.
508 1508 735 1562 Etiamsi
777 1504 924 1559 enim
977 1515 1088 1555 non
1143 1499 1255 1553 sint
1284 1494 1594 1557 temulenti,
1627 1492 1835 1562 potatio
1861 1500 1944 1546 ta-

380 1616 504 1655 men
559 1595 854 1652 immollica
919 1593 1114 1647 anima:
1151 1590 1257 1642 vim
1317 1588 1487 1640 laxat.
1539 1584 1693 1654 Apud
1733 1593 1946 1638 veteres

2049 577 2275 632 τοιαῦτα
2331 578 2373 609 ⁸⁸
2410 578 2576 647 ἔχειν,
2640 576 2761 646 ἦτοι
2824 570 3087 642 φιλόξενοι
3127 567 3287 632 εἶναι,
3328 570 3613 632 ἐπιεικεῖς,

2045 669 2269 740 ἄμαχοι,
2300 670 2393 723 καὶ
2424 667 2613 723 τᾶλλα.

2117 762 2404 831 Σεμνούς.
2448 760 2776 831 Ἐχέτωσαν,
2804 757 2959 827 φησι,
3000 757 3135 826 πρὸς
3163 755 3275 818 τοῖς
3306 750 3618 824 εἰρημένοις

2046 854 2139 906 καὶ
2168 870 2225 905 σε
2234 852 2490 923 μνότητα.

2116 943 2213 1011 Μὴ
2239 942 2538 1011 διλόγους.
2557 939 2867 1000 Τουτέστιν,
2891 935 3155 998 ὑπούλους
3172 935 3266 988 καὶ
3277 933 3524 1003 δολεροὺς
3547 933 3615 997 ",

2047 1036 2182 1090 ἄλλα
2210 1036 2544 1106 φρονοῦντας
2572 1033 2668 1086 καὶ
2718 1033 2853 1085 ἄλλα
2899 1030 3179 1098 λέγοντας,
3211 1027 3306 1081 καὶ
3337 1026 3470 1082 ἄλλα
3500 1026 3622 1079 τού-

2047 1146 2181 1192 τοις.
2209 1127 2306 1182 καὶ⁸
2326 1126 2461 1181 ἄλλα
2487 1124 2732 1185 ἐκείνοις.

2120 1218 2217 1286 Μὴ
2245 1218 2388 1281 οἴνῳ
2408 1214 2619 1281 πολλῷ
2640 1212 3075 1283 προσέχοντας,
3089 1209 3243 1279 μηδὲ
3267 1211 3618 1277 αἰσχροκερο

2049 1309 2194 1377 δεῖς.
2225 1310 2337 1362 Οὐκ
2363 1305 2507 1368 εἰπε.
2541 1308 2632 1372 Μὴ
2663 1304 2930 1375 μεθύσους
2962 1318 2976 1333 ·
3011 1301 3171 1354 τοῦτο
3203 1300 3311 1371 γὰρ
3344 1299 3483 1353 πάνυ
3522 1302 3622 1352 ἁνο

2052 1402 2232 1466 ἀξιονο
2262 1401 2418 1462 ἀλλὰ,
2442 1399 2533 1469 Μὴ
2550 1397 2878 1457 πολυπότας.
2908 1394 3028 1447 Κᾶν
3058 1392 3167 1463 γὰρ
3201 1391 3276 1462 μὴ
3297 1391 3619 1460 μεθύσωσιν,

2051 1492 2166 1547 ἀλλ’
2190 1493 2337 1562 ὅμως
2384 1492 2418 1560 ἡ
2446 1488 2747 1543 πολυποσία
2788 1487 2975 1556 χαυνοῖ
3004 1484 3095 1538 τὸν
3119 1483 3273 1535 τόνον
3298 1484 3393 1553 τῆς
3424 1481 3618 1551 ψυχῆς.

2054 1585 2163 1638 Καὶ
2208 1585 2258 1638 οἰ
2308 1583 2477 1639 πάλαι
2535 1584 2644 1652 γὰρ
2695 1581 2777 1643 εἰς
2807 1579 2867 1632 τὸ
2909 1578 3052 1646 ίερδν
3099 1575 3359 1636 εἰσιόντες
3394 1574 3621 1635 ούδόλως

377 1691 545 1750 enim.
601 1688 693 1759 qui
733 1684 993 1756 templum
1044 1680 1524 1746 ingrediebantur,
1575 1674 1798 1730 omnino
1836 1688 1945 1729 non

2068 1675 2293 1747 ἐχρῶντο
2312 1676 2458 1745 οτνῳ.
2484 1670 2890 1744 Αίσχροκερδὴς
2919 1669 2974 1723 δέ
2998 1669 3209 1734 ἐστιν,ὁ
3240 1664 3405 1736 μηδὲν
3435 1663 3623 1733 κέρδος

382 1753 674 1836 utebantur
703 1753 860 1831 vino.
885 1775 1067 1842 Turpe
1103 1772 1315 1825 lucrum
1341 1777 1524 1823 autem
1570 1773 1814 1821 sectatur
1854 1764 1946 1834 qui

2068 1765 2489 1837 παραιτούμενος
2556 1764 2661 1819 κᾶν
2730 1761 3056 1832 ὁθενδήποτε
3247 1753 3508 1810 Ἐνταῦθα
3566 1754 3622 1806 δὲ

381 1871 518 1926 nihil
565 1877 830 1941 quaestus,
881 1864 1242 1932 undecunque
1285 1855 1590 1928 proveniat,
1620 1852 1816 1921 reiicit.
1849 1851 1948 1905 llic

2068 1857 2179 1911 ὶντὶ
2212 1856 2306 1911 τοῦ
2361 1858 2438 1927 μὴ
2478 1854 2814 1925 φιλαργύρου
2848 1852 2996 1917 δέξαι
3019 1850 3110 1905 τὸν
3140 1848 3216 1921 μὴ
3239 1847 3620 1919 αἰσχροκερδῆ.

382 1972 563 2018 autem
629 1973 729 2030 pro
796 1971 907 2012 non
960 1968 1125 2010 avaro
1175 1950 1384 2019 accipe,
1434 1960 1545 2002 non
1599 1943 1743 2015 turpi
1803 1944 1955 1999 lucro

383 2055 704 2111 inhiantem.

454 2143 622 2199 Vens.
646 2142 701 2197 9.
740 2137 1008 2194 Habentes
1044 2133 1351 2204 mysterium
1377 2126 1504 2199 ﬁdei
1554 2125 1607 2180 in
1650 2139 1789 2194 pura
1835 2139 1958 2179 eon-

385 2237 625 2291 scientia.
660 2232 775 2288 Hoc
812 2238 920 2290 est.
970 2227 1065 2298 qui
1100 2234 1464 2296 praeterquam
1497 2216 1641 2289 quod
1687 2215 1956 2270 sinceram

385 2327 691 2383 doctrinam
717 2322 1013 2384 retineant,
1039 2317 1204 2372 vitam
1233 2312 1399 2367 etiam
1425 2304 1958 2378 irrepreheusibilem

391 2419 645 2474 habeant.
677 2415 823 2468 Pura
854 2410 1000 2466 enim
1041 2402 1380 2462 conscientia
1435 2409 1519 2455 est
1570 2397 1625 2452 itt
1673 2397 1784 2450 vita
1839 2409 1961 2463 quae

390 2507 709 2580 reprehendi
740 2518 850 2559 non
884 2507 1087 2573 potest.

458 2576 625 2655 Vens.
653 2598 737 2653 10.
789 2595 859 2650 Et
892 2594 946 2647 lii
985 2600 1160 2645 autem
1181 2585 1466 2657 probentur
1491 2582 1743 2652 primunt,
1777 2576 1962 2630 deinde

393 2692 718 2750 ministrent,
775 2683 983 2740 nullum
1032 2681 1225 2735 crimen
1277 2676 1544 2731 habentes.
1601 2667 1962 2736 Quemadmo-

393 2786 522 2839 dum
577 2774 661 2836 ab'
694 2779 951 2849 episcopo
993 2770 1287 2845 postulavi,
1318 2765 1518 2836 inquit,
1550 2769 1616 2817 ut
1660 2775 1770 2816 non
1818 2766 1966 2813 esset

394 2875 729 2945 neophytus,
789 2869 871 2925 sic
918 2876 973 2922 et
1033 2863 1280 2923 abistis,
1338 2866 1397 2912 ιιι
1436 2852 1683 2926 ⁸ιιοιιιιίεἱ
1728 2848 1962 2922 probati,

393 2970 446 3015 et
473 2936 635 3031 ionio
667 2968 915 3026 tempore
947 2949 1239 3022 explorati,
1288 2954 1452 3016 atque
1473 2940 1735 3012 inculpati
1765 2936 1967 3008 reperti

395 3051 881 3122 proveherentur:
960 3043 1102 3098 sicut
1158 3053 1349 3093 recens
1408 3041 1590 3102 etnpto
1647 3043 1806 3086 servo
1859 3041 1967 3081 non

397 3143 582 3201 statim
627 3139 919 3211 quisquam
964 3134 1160 3189 domus
1204 3145 1317 3191 sua!
1390 3139 1581 3182 curam
1641 3120 1967 3185 committet,

400 3236 717 3304 priusquam
746 3238 989 3296 tempore
1014 3224 1274 3294 probatus
1308 3218 1579 3273 videatur.

470 3324 641 3381 Vsus.
702 3321 789 3376 Η.
854 3317 1104 3373 Mulieres
1162 3312 1407 3367 similiter
1476 3316 1676 3363 castas.
1733 3303 1855 3362 Non
1898 3304 1967 3360 de

401 3413 737 3487 quibuslibet
792 3407 1112 3464 mulieribus
1172 3405 1286 3459 haec
1337 3402 1495 3466 dicit,
1566 3406 1822 3454 caeterum
1899 3394 1967 3449 de

401 3503 757 3562 diaconissis.
798 3498 947 3556 Istud
974 3497 1120 3552 enim
1146 3492 1408 3550 Ecclesiae
1438 3490 1730 3545 admodum
1777 3496 1834 3543 et
1870 3501 1967 3540 ne-

403 3595 707 3652 cessarium
753 3600 810 3647 et
857 3588 988 3644 utile
1015 3596 1099 3641 est
1130 3603 1145 3640 :
1180 3584 1287 3639 nisi
1321 3579 1464 3637 enim
1504 3581 1574 3635 de
1602 3579 1689 3634 his
1715 3578 1967 3648 loquere-

403 3695 514 3751 tur,
548 3683 680 3756 quid
719 3688 838 3739 erat
864 3676 1265 3740 necessarium,
1293 3686 1417 3729 cum
1450 3671 1517 3725 de
1554 3669 1689 3723 viris
1725 3665 1971 3722 diaconis

404 3776 572 3833 verba
632 3773 860 3837 faceret,
926 3780 1236 3826 sermonem
1298 3764 1366 3819 de
1424 3759 1749 3816 mulieribus
1802 3757 1972 3812 inter-

403 3865 634 3924 “mm?

477 3956 599 4010 Non
649 3951 1004 4008 detrahentes.
1039 3945 1154 4002 Hoc
1205 3950 1311 4008 est,
1374 3955 1481 3996 non
1533 3934 1969 4000 obtrectatrices,

403 4049 549 4118 quod
599 4060 738 4101 anus
793 4042 1010 4106 solent;
1043 4038 1191 4094 aedes
1244 4036 1673 4097 circumeuntes,
1711 4036 1873 4097 atque
1907 4024 1974 4080 tle

405 4142 507 4194 hac
532 4137 596 4193 ad
631 4137 776 4190 illam
804 4138 1235 4188 murmurantes.

479 4229 719 4285 Sobrius.
768 4225 881 4280 l-loc
911 4234 1018 4287 est,
1057 4221 1364 4291 vigilantes.
1407 4214 1679 4283 Quoniam
1721 4210 1867 4266 enim
1899 4206 1978 4263 le-

408 4322 495 4376 vis
555 4330 641 4373 est
694 4319 799 4371 iste
858 4327 1050 4378 sexus,
1110 4310 1377 4379 facileque
1415 4305 1494 4359 illi
1534 4301 1740 4373 imponi
1779 4299 1975 4369 possit,

409 4425 588 4481 opera:
614 4408 846 4477 pretium
877 4411 960 4460 est
985 4416 1078 4458 eas
1100 4400 1292 4468 vigiles
1319 4410 1443 4452 esse
1470 4402 1524 4449 et
1556 4391 1869 4464 prudentes.

483 4496 695 4552 Fideles
732 4497 787 4549 in
816 4491 1077 4547 omnibus.
1124 4488 1238 4543 tloe
1281 4493 1387 4548 est,
1445 4488 1785 4547 constantes,
1851 4491 1976 4532 cum

413 4591 578 4646 verbo
617 4597 728 4643 tum
753 4584 1033 4655 operibus.

489 4681 653 4734 Vsus.
687 4654 1040 4731 Habiacom'
1079 4668 1187 4724 sint
1226 4664 1385 4720 unius
1444 4662 1628 4717 uxoris
1685 4658 1808 4715 uiri.
1871 4654 1979 4710 Ob-

417 4786 573 4826 serva
622 4769 717 4840 qui
768 4764 1016 4822 eamdem
1061 4776 1109 4816 .a
1173 4755 1422 4813 diaconis
1480 4754 1739 4806 virtutem
1799 4747 1982 4816 exigat

416 4876 582 4932 quam
622 4839 690 4913 ab
718 4853 1017 4927 episcopis.
1051 4850 1261 4905 Etenim
1293 4856 1548 4916 peraeque
1580 4839 1718 4895 casti
1751 4846 1807 4893 et
1845 4839 1980 4891 irre-

415 4950 816 5026 prehensibiles
838 4959 963 5003 esse
1000 4944 1222 4999 debent.

489 5043 595 5111 Qui
628 5041 756 5111 [iiiis
790 5040 914 5093 bene
943 5035 1185 5107 prasint,
1219 5041 1268 5086 et
1314 5031 1439 5085 suis.
1467 5025 1733 5081 domibus.
1770 5019 1983 5089 Ubique

419 5136 715 5190 liberorum
771 5141 959 5184 curam
1011 5124 1187 5196 ponit,
1238 5136 1308 5176 ne
1348 5120 1492 5173 hanc
1540 5115 1612 5170 ob
1650 5128 1764 5168 rem
1803 5111 1983 5166 caeteri

420 5223 739 5282 scandalum
775 5219 1074 5287 patiantur.

493 5313 657 5385 569
689 5309 858 5366 Vsus.
905 5309 996 5362 i5.
1040 5303 1154 5371 Qui
1193 5302 1334 5357 enim
1380 5300 1506 5354 bene
1544 5295 1984 5356 ministrarerint,

422 5384 643 5478 gradum
672 5401 903 5471 sibiipsis
936 5398 1128 5453 bonum
1160 5393 1467 5478 acquirunt,
1492 5389 1816 5478 multamque
1841 5384 1983 5454 fidu-

424 5468 561 5546 ξὶαιιι
598 5495 650 5545 in
680 5468 924 5561 ﬁde-quat
962 5492 1040 5541 est
1086 5482 1142 5537 in
1182 5479 1394 5536 Christo
1432 5474 1585 5530 Iesu.
1629 5471 1894 5533 Gradum,
1930 5468 1984 5522 id

2132 2120 2430 2187 Ἕχοντας
2460 2118 2525 2170 τό
2546 2114 2886 2184 μυστήριον
2899 2110 3010 2179 τῆς
3039 2110 3295 2175 πίστεως
3312 2107 3383 2161 ἐν
3400 2104 3627 2173 καθαρᾷ

2057 2207 2428 2277 συνειδήσει.
2448 2204 2729 2265 Τουτέστι,
2757 2202 2894 2273 μετὰ
2913 2198 3008 2253 τοῦ
3042 2198 3104 2251 τδ
3150 2197 3325 2267 δόγμα
3353 2194 3510 2268 ὀρθὸν
3538 2211 3631 2261 τη-

2060 2300 2196 2370 ρεῖν,
2224 2297 2444 2367 ἔχοντας
2467 2295 2559 2349 καὶ
2589 2293 2702 2363 βίον
2751 2288 3139 2358 ἀνεπίληπτον.
3175 2285 3237 2338 Ἦ
3283 2285 3390 2356 γὰρ
3410 2282 3628 2355 καθαρὰ

2061 2385 2363 2459 συνείδησις
2381 2385 2473 2437 ἰπὶ
2501 2382 2601 2454 βίῳ
2639 2377 3067 2448 ἀκαταγνώστῳ.

2132 2561 2243 2619 Kal
2302 2555 2469 2617 οὗτοι
2521 2557 2590 2611 δὲ
2643 2553 3165 2625 δοκιμαζέσθωσαν
3207 2547 3460 2619 πρῶτον,
3504 2547 3630 2602 εἶτα

2062 2652 2554 2717 διακονείτωσαν,
2581 2647 2941 2718 ἀνέγκλητοι
2980 2645 3174 2709 ὄντες.
3208 2642 3439 2712 Ὥσπερ,
3473 2639 3630 2709 φησι,

2065 2743 2155 2797 τὸν
2178 2742 2476 2796 ἐπίσκοπον
2509 2740 2765 2809 ἀπῄτησα
2796 2737 2869 2808 μὴ
2900 2734 3154 2805 νεόφυτον
3182 2728 3343 2797 εἷναι,
3376 2728 3633 2783 οὕτωκαὶ

2065 2833 2288 2897 τούτους
2358 2831 2432 2904 μὴ
2491 2830 2890 2900 ἁδοκιμὰστους
2961 2824 3321 2896 προάγεσθαι,
3374 2818 3507 2875 ἀλλὰ
3552 2825 3632 2890 τῷ

2067 2927 2243 2998 χρόνῳ
2274 2923 2720 2995 βασανισθέντας,
2760 2919 2856 2975 καὶ
2880 2918 3143 2998 φανέντας
3173 2916 3217 2947 ¹⁸
3245 2912 3632 2982 ἀνεγκλήτους.

2072 2997 2280 3087 Ὥσπερ
2304 3014 2423 3067 οὐδὲ
2445 3012 2698 3081 νεωνήτῳ
2724 3008 2895 3079 δούλῳ
2932 3008 2975 3039 ¹⁹
2994 2997 3326 3076 προστασίαν
3357 3018 3439 3063 τις
3458 3002 3634 3069 ἐγχει-

2072 3106 2214 3179 ρίσει
2240 3102 2336 3157 τοῦ
2357 3103 2530 3169 οἴκου,
2555 3098 2685 3171 πρίν
2710 3101 2932 3171 δόκιμος
2960 3098 3038 3168 τῷ
3067 3095 3245 3167 χρόνῳ
3268 3095 3433 3164 φανῇ.

2141 3277 2444 3342 Γυναῖκας·
2492 3274 2781 3340 ὡσαύτως
2834 3269 3084 3341 σεμνάς.
3133 3268 3208 3322 Ob
3246 3268 3374 3338 περί
3397 3266 3502 3321 τῶν
3538 3282 3634 3319 τυ-

2069 3371 2277 3444 χουσῶν
2311 3367 2584 3438 γυναικῶν
2605 3366 2776 3434 λέγει,
2798 3363 2931 3418 ἀλλὰ
2964 3361 3090 3432 περί
3124 3360 3234 3413 τῶν
3262 3356 3634 3412 διακονισσῶν.
3728 3396 3729 3399 η

2069 3463 2285 3533 Σφόδρα
2311 3461 2421 3530 γὰρ
2450 3458 2750 3527 ἀναγκαῖον
2797 3453 2957 3509 τοῦτο
2991 3452 3052 3505 τὸ
3088 3452 3342 3520 πρᾶγμα,
3377 3449 3471 3502 καὶ
3500 3446 3638 3518 χρή-

2072 3568 2231 3621 σιμον
2264 3552 2329 3622 τῇ
2372 3547 2688 3619 Ἐκκλησία.
2720 3546 2782 3599 Εἰ
2820 3542 2896 3616 μὴ
2930 3541 3037 3613 γὰρ
3063 3541 3191 3611 περὶ
3234 3540 3436 3592 τούτων
3463 3536 3638 3604 ἔλεγε,

2071 3644 2158 3706 τίς
2178 3643 2337 3716 χρεία
2367 3641 2571 3713 μεταξὺ
2605 3638 2697 3694 τοῦ
2728 3635 2981 3708 περὶτῶν
3017 3633 3280 3687 διακόνων
3320 3628 3529 3700 ἀνδρῶν
3550 3628 3640 3682 λό-

2072 3756 2192 3808 γου,
2219 3735 2349 3808 περὶ
2367 3732 2645 3804 γυναικῶν
2673 3727 3073 3803 παρεμϐαλεῖη

2145 3916 2241 3984 Μὴ
2270 3912 2613 3977 διαϐόλους.
2664 3905 2943 3970 Τουτέστι,
2979 3903 3055 3974 μὴ
3106 3897 3463 3962 καταλάλους,
3498 3896 3640 3965 ὅπερ

2076 4005 2132 4058 αἰ
2159 4002 2380 4076 γρατδες
2413 4000 2656 4064 εἰώθασι,
2687 3996 2813 4061 τοὺς
2842 3992 3022 4057 οἴκους
3070 3987 3510 4062 περιερχόμεναι,
3548 3986 3643 4039 καὶ

2075 4094 2457 4167 ψιθυρίζουσαι
2488 4091 2555 4145 τὰ
2588 4088 2790 4159 ταύτης
2813 4087 2947 4158 πρὸς
2968 4082 3202 4153 εκείνην.

2081 4351 2268 4442 φησὶν,
2306 4369 2477 4431 αὐτὰς
2500 4363 2892 4432 διυπνισμένας
2915 4353 3056 4413 εἶναι
3082 4359 3175 4410 καὶ
3204 4351 3485 4423 ἀγχίνους.

2150 4437 2376 4525 Πιστὰς
2394 4459 2464 4512 ἐν
2482 4454 2652 4512 πᾶσι.
2688 4451 2968 4513 Τουτέστι,
3006 4443 3385 4518 σταθηρότητα
3414 4442 3462 4474 ’⁸
3494 4437 3647 4510 ἑχού-

2013 4555 2055 4610 D
2086 4573 2184 4618 σας
2213 4554 2305 4607 καὶ
2327 4553 2387 4605 ὲν
2415 4549 2493 4619 τῷ
2521 4547 2667 4617 λόγῳ
2692 4547 2785 4599 καὶ
2822 4546 2878 4598 ὲν
2908 4543 3019 4604 τοῖς
3061 4538 3264 4609 ἔργοις.

2157 4644 2428 4699 Διάκονοι
2455 4639 2734 4694 ἔστωσαν
2755 4630 2899 4701 μιᾶς
2929 4625 3213 4701 ⁴γυναικὸς
3249 4623 3481 4690 ἄνδρες.
3506 4620 3649 4689 Ὅρα

2089 4738 2205 4800 πῶς
2231 4737 2331 4807 τὴν
2364 4733 2536 4801 αὐτὴν
2574 4728 2796 4784 ἀπαιτεί
2825 4724 2920 4778 καὶ
2947 4720 3098 4791 παρὰ
3119 4716 3229 4770 τῶν
3249 4712 3510 4768 διακόνων
3524 4713 3652 4779 ἀρε-

2085 4798 2399 4900 «meum
2433 4798 2564 4892 παρ’
2593 4816 2926 4871 ἐπισκόπων.
2969 4812 3079 4864 Καὶ
3109 4806 3219 4876 γὰρ
3250 4802 3450 4874 ὁμοίως
3495 4798 3653 4867 ἁγνοί

2088 4898 2184 4973 καὶ
2210 4914 2569 4982 ἀνεπίληπτοι
2598 4906 2904 4976 ὀφείλουσιν
2927 4898 3088 4955 εἶναι.

2164 5007 2392 5062 Τέχνων
2431 4977 2644 5063 ’καλῶς
2690 4991 3133 5064 προϊστάμενοι,
3178 4982 3277 5037 καί
3332 4978 3452 5034 τῶν
3489 4977 3656 5033 ἰδίων

2086 5098 2286 5153 οἴκων.
2342 5086 2625 5159 Πανταχοῦ
2688 5085 2871 5154 τίθησι
2899 5081 2998 5150 τὴν
3030 5067 3136 5131 τῶν
3178 5075 3383 5129 τέκνων
3415 5086 3657 5141 προστα-

2093 5190 2233 5249 σίαν,
2266 5185 2354 5237 ἰνα
2394 5181 2470 5252 μὴ
2499 5178 2604 5232 ἀπὸ
2639 5175 2830 5230 τούτου
2875 5173 2926 5224 oi
2968 5165 3147 5221 λοιποὶ
3177 5160 3654 5225 σκανδαλίζωνται.

2165 5279 2230 5331 Ol
2256 5275 2366 5345 γὰρ
2396 5249 2603 5334 ’καλῶς
2625 5262 3117 5331 διακονήσαντες,
3158 5254 3397 5324 ,βαθμὸν
3423 5249 3661 5315 ἑαυτοῖς

2094 5339 2286 5425 καλὸν
2317 5339 2784 5431 περιποιοῦνται,
2819 5352 2917 5407 καί
2958 5346 3202 5415 πολλὴν
3223 5340 3565 5413 παρρησίαν
3589 5339 3661 5392 ἐν

2332 5419 2405 5522 τῇζ
2441 5452 2513 5507 ἐν
2556 5444 2787 5518 Χριστῷ
2816 5440 3047 5510 Ἰησοῦ.
3097 5435 3337 5509 Βαθμδν,
3388 5430 3656 5493 τουτέστι,
3717 5419 3721 5422 ’

1763 5577 1965 5642 Varim
1986 5573 2311 5636 lectiones.

520 5701 564 5733 ¹⁶
604 5701 671 5750 τὰ
702 5697 842 5750 αὐτὰ
869 5696 1035 5770 ἔχειν,
1052 5694 1326 5760 τουτέστι,
1361 5684 1541 5760 φιλοξ.
1569 5697 1625 5740 o.
1702 5680 1744 5714 "
1776 5675 2049 5748 πονηροὺς
2071 5688 2126 5728 o.
2217 5670 2259 5702 “
2281 5666 2545 5738 ὀφθέντας
2574 5660 2783 5732 ἀθῴους
2805 5673 2881 5713 m.
2956 5653 3002 5688 ¹⁹
3026 5648 3215 5720 οἰκέτῃ
3243 5660 3299 5700 o.
3373 5643 3421 5676 ⁸⁸
3448 5641 3659 5709 σταθη-

444 5769 562 5844 ροτέ
570 5784 670 5840 ρας
699 5784 757 5822 υ.
