4006 6214
361 283 450 347 {9

1090 292 1498 356 EXPOSITIO
1536 298 1617 357 IN
1657 297 1894 361 EPIST.
1940 297 1949 356 ]

2056 299 2101 359 D
2139 304 2452 369 ΤΙΜΟΤΗ.
2484 335 2553 347 -
2578 314 2737 377 CAP.
2778 316 2897 377 III.

3555 326 3629 394 50

360 397 686 469 προκοπήν.
715 399 781 455 οι
810 400 918 473 γάρ
951 403 1010 455 ἂν
1066 407 1180 469 τοῖς
1236 407 1388 461 κάτω
1418 406 1688 474 δείξαντες
1729 409 1949 471 ἑαυτοὺς

2057 419 2162 473 εει,
2205 427 2574 481 pregressnm.
2606 419 2708 486 Qui
2739 423 2885 477 enim
2920 424 2975 479 in
3012 422 3364 481 inferioribus
3394 443 3516 483 sesc
3542 431 3623 483 vi.

360 486 863 559 διεγηγερμένους,
924 493 1143 563 ταχέως
1164 496 1258 549 καὶ
1284 498 1375 550 ἐπὶ
1407 496 1476 550 ea
1513 497 1770 567 ἀνωτέρω
1804 498 1957 553 ἐλεύ-

366 595 591 645 σονται,
621 580 763 635 ὥστε
791 584 1109 655 παρρησίαν
1137 586 1353 657 πολλὴν·
1377 590 1521 656 σχεῖν
1551 590 1609 642 ἐν
1638 592 1702 659 τῇ
1732 589 1951 643 πίστει·

360 671 675 737 τουτέστιν,
708 670 850 726 ὥστε
875 674 1208 747 ἐνδοξότεροι
1251 678 1527 745 γενέσθαι,
1554 681 1658 735 οὐκ
1697 683 1755 735 ὲν
1787 683 1951 747 ἀξιώ-

364 774 516 826 μασι
565 764 870 830 κοσμικοῖς,
895 763 1019 817 οὐδὲ
1069 766 1127 818 ιν
1156 767 1455 837 χρήμασιν,
1487 769 1603 822 ἀλλ’
1644 773 1703 823 ἐν
1748 771 1951 835 πίστει,

358 1028 549 1080 κόνων
579 1029 637 1081 ὲν
666 1031 1082 1106 πρεσϐυτερικῷ
1115 1035 1309 1107 βαθμῷ
1363 1042 1457 1093 καὶ
1480 1043 1845 1114 ὲπισκοπικῷ.

444 1117 641 1173 Ταῦτά
686 1138 788 1175 σοι
852 1125 1074 1195 γράφω,
1118 1128 1374 1190 ἐλπίζων
1420 1133 1623 1187 ἐλθεῖν
1668 1139 1819 1204 πριλς
1879 1139 1957 1193 σὲ

360 1207 608 1277 τάχιον.
642 1214 783 1267 Ἐὰν
805 1213 877 1266 δὲ
907 1216 1215 1284 βραδύνω,
1259 1221 1358 1290 ἵνα
1385 1223 1553 1292 εἰδῇς
1578 1226 1705 1292 πῶς
1750 1228 1846 1282 δεῖ
1887 1230 1958 1285 ἐν

357 1299 518 1388 place,»
543 1303 689 1357 Θεοῦ
712 1305 1219 1375 ἀναστρέφεσθαι.
1254 1312 1374 1368 Ἵνα
1398 1314 1475 1385 μὴ
1506 1316 1581 1386 τῷ
1605 1319 1958 1388 περὶτούτων

357 1382 757 1448 διατάττεσθαι
790 1399 872 1460 είς
922 1398 1167 1468 ἀθυμίαν
1196 1382 1409 1476 ipsum
1447 1382 1852 1481 τὸν-μαθητὴν,
1881 1413 1957 1475 ὡς

358 1484 560 1572 οὐκέτι
587 1486 960 1557 ὀφθησομένου
994 1491 1090 1545 τοῦ
1151 1494 1364 1550 Παύλου
1424 1498 1573 1568 αὐτῷ
1598 1516 1613 1530 ’
1645 1503 1833 1572 φησὶν,
1869 1504 1953 1558 ὅτι

359 1571 447 1622 Οὐ
474 1572 566 1627 διὰ
586 1576 742 1631 τοῦτο
765 1579 940 1633 ταῦτα
970 1582 1188 1653 γράφω,
1216 1585 1291 1650 ώς
1315 1587 1496 1643 οὐκέτι
1528 1571 1734 1659 μέλλων
1747 1594 1923 1648 ἐλθεῖν
1946 1611 1959 1625 ·

360 1663 486 1755 ἀλλ’
546 1667 835 1741 ἐλεύσομαι
877 1676 1016 1745 μέν’
1051 1677 1192 1748 πλὴν
1226 1680 1275 1731 εί
1322 1682 1500 1754 συμϐῇ
1552 1701 1621 1754 με
1662 1683 1951 1755 βραδῦναι,

366 1754 459 1807 ἵνα
490 1756 619 1830 ἔχῃς
644 1760 998 1819 ὑποτύπωσιν
1036 1766 1153 1831 πῶς
1169 1768 1251 1822 δεῖ
1269 1754 1724 1843 ἀναστρέφεσθαι.
1758 1776 1956 1840 Καλῶς

365 1845 428 1899 δὲ
458 1843 583 1904 εἶπε
620 1852 703 1917 τὸ,
737 1855 1011 1917 ἐλπίζων.
1058 1859 1277 1931 Ἐπειδὴ
1312 1861 1422 1933 γὰρ
1450 1865 1731 1936 Πνεῦματι
1761 1867 1958 1936 ἀγόμε-

367 1953 462 2001 νος
485 1940 583 1994 οὖκ
604 1943 720 2014 ᾔδει
758 1946 862 1999 ποῦ
903 1948 985 2001 δεῖ
1026 1949 1302 2015 ἀπελθεῖν,
1335 1953 1560 2018 εἰκότως
1613 1956 1943 2027 ἀμφιϐάλλει

369 2028 467 2080 καὶ
496 2031 742 2100 περὶτοῦ
770 2035 909 2104 πρὸς
945 2037 1210 2107 Τιμόθεον
1237 2040 1439 2098 ἐλθεῖν.

452 2199 613 2268 Ἠτις
642 2203 812 2261 ἐστιν
866 2207 1202 2279 Ἐκκλησία
1247 2217 1394 2272 Θεοῦ
1436 2215 1671 2287 ζῶντος.
1703 2220 1796 2293 Μὴ
1841 2221 1950 2292 γὰρ

375 2293 540 2363 είπῃς
570 2296 614 2327 ²¹
641 2297 723 2351 ὅτι
774 2299 1053 2371 ἄνθρωποι
1104 2305 1275 2377 αὐτὴν
1321 2309 1366 2342 ³³
1398 2310 1781 2379 συγκροτοῦσι.
1812 2311 1948 2366 Θεοῦ

371 2384 482 2456 γάρ
512 2389 633 2441 ἐστι
665 2388 887 2457 ζῶντος,
918 2394 1189 2461 τουτέστι,
1235 2399 1468 2469 φοϐεροῦ
1502 2401 1598 2454 καὶ
1635 2402 1946 2474 ἐκδικητοῦ,

367 2480 468 2531 καὶ
501 2479 564 2532 οὐ
596 2483 793 2552 νεκροῦ
822 2488 912 2540 καὶ
954 2488 1238 2554 ἀσθενοῦς,
1269 2487 1371 2544 οἷοι
1414 2492 1465 2544 οί
1496 2492 1608 2546 τῶν
1657 2495 1945 2566 Ἑλλήνων.

447 2574 687 2642 Στύλος
713 2577 808 2631 καί
859 2580 1153 2653 ἑδραίωμα
1204 2586 1315 2655 τῆς
1338 2588 1645 2656 ἀληθείας.
1686 2592 1946 2647 Ἐνταῦθα

368 2663 467 2716 καὶ
500 2666 641 2736 πρὸς
670 2669 762 2723 τὸν
776 2671 1059 2728 Ἰουδαϊκὸν
1077 2678 1354 2747 συγκρίνει
1381 2681 1509 2734 ναὸν
1532 2683 1578 2715 ’³
1600 2682 1697 2753 τὴν
1713 2684 1945 2758 Ἐκκλη-

370 2755 517 2820 σίαν,
534 2757 632 2811 καί
654 2776 819 2829 φησιν
839 2763 922 2817 ὅτι
964 2765 1200 2831 Ἐκεῖνος
1228 2768 1326 2839 μὲν
1348 2770 1556 2835 τύπους
1582 2777 1825 2845 περιεῖχε
1851 2755 1945 2831 καὶ

374 2845 561 2937 σκιάς,
597 2845 706 2905 οἷον
761 2853 1018 2920 κώδωνας
1073 2859 1168 2912 καὶ
1221 2861 1494 2928 ῥοΐσκους,
1545 2866 1637 2917 καὶ
1684 2868 1945 2937 ἀρχιερέα

376 2936 525 3004 μετά
560 2939 669 2992 τῶν
708 2941 926 3000 θυσιιῖιν.
974 2947 1039 3001 Ἦ
1089 2948 1146 3002 δὲ
1197 2950 1496 3023 Ἐκκλησία
1536 2955 1637 3025 τῆς
1686 2936 1943 3027 ἀληθείας

2055 500 2192 569 giliis
2227 506 2545 575 ostendunt,
2581 510 2832 567 celeriter
2866 513 2934 569 ad
2966 516 3250 584 superiora
3282 517 3527 582 venient,
3565 528 3626 571 ut
3737 525 3744 531 ”

2057 593 2281 648 multam
2313 595 2564 653 ﬁduciam
2591 609 2647 655 et
2677 601 2981 658 libertatem
3018 606 3071 660 in
3101 606 3203 661 lide
3232 605 3488 671 habeam,
3524 610 3626 663 hoc

2056 686 2159 741 est,
2195 690 2255 734 ttt
2299 684 2631 743 celebriores
2682 688 2994 746 efﬁciantur
3025 711 3040 747 :
3074 709 3179 748 non
3229 693 3283 748 in
3331 696 3626 749 mundanis

2054 767 2580 840 dignitatibus,'non
2624 779 2678 833 in
2733 781 3005 850 pecuniis,
3044 782 3137 838 sed
3174 783 3227 837 in
3265 783 3390 847 ﬁde,
3419 786 3473 839 id
3515 795 3619 846 est.

2055 856 2110 913 in
2142 860 2397 918 omnibus
2424 880 2546 934 quae
2577 876 2706 922 sunt
2742 870 3044 925 secundum
3077 871 3261 935 ﬁdem,
3296 886 3422 928 cum
3447 874 3626 929 verbis

1927 982 1954 995 -
2057 955 2170 1002 tum
2203 952 2483 1020 operibus.
2520 953 2679 1012 Tales
2709 968 2838 1013 sunt
2864 960 2898 1013 ii
2943 960 3032 1029 qui
3068 960 3123 1014 in
3170 960 3414 1017 Ecclesia
3455 963 3622 1019 reful-

2057 1048 2204 1106 gent,
2235 1057 2265 1094 ιι
2296 1042 2544 1101 diaronis
2575 1049 2878 1118 presbyteri
2902 1057 2958 1105 et
2984 1052 3226 1121 cpiscOpi
3261 1050 3412 1109 facti.

2130 1134 2293 1190 VERS.
2330 1137 2416 1201 l4,
2448 1139 2533 1194 lii.
2580 1140 2708 1196 Haec
2737 1141 2834 1197 tibi
2856 1143 3054 1207 scribo,
3083 1159 3301 1213 sperans
3332 1161 3412 1199 me
3435 1155 3620 1200 ventu-
3728 1158 3735 1165 ‘

2060 1243 2174 1280 runt
2216 1228 2285 1282 ad
2321 1238 2367 1282 te
2400 1231 2526 1285 cito.
2560 1231 2622 1287 Si
2652 1244 2829 1287 autem
2876 1235 3178 1298 tardavero,
3225 1246 3281 1289 ut
3327 1238 3466 1291 scias
3496 1255 3626 1308 quo—

2059 1318 2213 1372 modo
2245 1330 2480 1386 oporteat
2510 1331 2560 1376 te
2594 1324 2647 1378 in
2676 1324 2835 1378 domo
2867 1325 2961 1379 Dei
2983 1329 3305 1381 conversari.
3331 1327 3411 1382 Ne
3439 1330 3507 1383 de
3542 1330 3627 1383 his

2061 1409 2426 1478 praecipiendo
2446 1410 2502 1466 in
2527 1412 2802 1467 tristitiam
2840 1413 3102 1483 conjiciat
3151 1414 3504 1485 discipulum,
3527 1431 3627 1470 ceu

2061 1499 2286 1555 Paulum
2317 1517 2426 1558 non
2450 1505 2686 1574 amplius
2716 1515 2865 1561 esset
2887 1508 3104 1562 visurus
3129 1521 3146 1561 :
3176 1506 3294 1563 Non
3322 1518 3625 1578 propterea,

2063 1592 2257 1660 inquit,
2299 1592 2413 1647 haec
2446 1595 2650 1658 scribo,
2685 1603 2942 1665 tanquam
2969 1611 3133 1667 porro
3164 1613 3274 1652 non
3299 1598 3400 1653 sim
3433 1608 3627 1655 ventu-

2062 1696 2177 1744 rus,
2217 1684 2428 1738 veniam
2469 1685 2639 1752 enim,
2668 1685 2789 1746 sed.
2828 1687 2874 1741 si
2919 1689 3200 1758 conlingat
3250 1704 3338 1745 me
3388 1683 3625 1755 tardar‘e,

2065 1780 2122 1826 ut
2148 1773 2346 1829 habeas
2380 1774 2668 1831 formulam
2692 1785 2744 1832 et
2760 1778 3038 1848 exemplar
3070 1780 3348 1849 quomodo
3380 1790 3629 1851 oporteat

2062 1870 2115 1916 te
2137 1862 2338 1919 vivere.
2367 1863 2513 1920 Bene
2546 1874 2729 1922 autem
2760 1868 2924 1933 dixit,
2964 1883 3205 1936 sperans.
3239 1869 3377 1925 Cum
3405 1873 3552 1926 enim
3593 1887 3626 1926 a

2061 1951 2266 2021 Spiritu
2298 1954 2497 2010 ductus
2524 1958 2806 2022 ignoraret
2838 1973 2949 2028 quo
2994 1959 3095 2015 sibi
3125 1959 3434 2015 abeundum
3458 1968 3625 2027 esset,

2059 2057 2167 2097 non
2216 2044 2488 2102 immerito
2535 2046 2749 2102 dubitat
2801 2048 2867 2103 de
2910 2048 3142 2105 adventu
3191 2063 3294 2105 suo
3334 2050 3402 2105 ad
3435 2047 3625 2106 Timo-

2058 2134 2265 2191 theum.
3401 2147 3408 2154 ’

2128 2225 2260 2291 Qua
2302 2236 2382 2282 est
2429 2229 2672 2285 Ecclesia
2704 2230 2801 2286 Dei
2834 2233 3073 2288 viventis.
3101 2232 3224 2289 Noli
3269 2234 3414 2289 enim
3444 2234 3625 2291 dicere

2054 2315 2198 2385 quod
2225 2331 2293 2371 ex
2331 2318 2645 2377 hominibus
2678 2320 2797 2390 ipsa
2833 2324 2904 2376 sit
2937 2321 3169 2377 conflata
3201 2341 3216 2379 :
3246 2322 3338 2379 Dei
3366 2324 3510 2379 enim
3537 2331 3624 2379 cst

2054 2406 2292 2460 viventis
2323 2423 2339 2472 ;
2374 2405 2429 2460 id
2470 2417 2578 2469 est,
2626 2409 2892 2464 terribilis
2931 2418 2986 2465 et
3018 2412 3236 2477 ultoris,
3282 2426 3391 2466 non
3419 2413 3621 2466 mortui

2052 2505 2106 2550 et
2142 2496 2369 2562 inﬁrmi,
2408 2499 2602 2569 quales
2633 2511 2763 2555 sunt
2788 2500 3099 2556 Graecorum
3123 2502 3199 2556 dii
3227 2503 3375 2557 vani.

2122 2588 2389 2644 Columna
2417 2599 2467 2644 et
2490 2591 2885 2655 ﬁrmamentum
2917 2595 3178 2648 ueritatis.
3204 2595 3307 2649 llic
3327 2609 3451 2649 cum
3483 2603 3622 2648 tem-

2052 2676 2143 2745 plo
2190 2676 2419 2732 .lndaico
2469 2679 2765 2734 Ecclesiatn
2814 2682 3047 2747 confert,
3099 2691 3267 2752 atque
3318 2684 3433 2738 ait:
3484 2682 3620 2739 Illud

2051 2780 2184 2820 sane
2211 2767 2414 2836 ﬁguras
2437 2776 2493 2824 et
2524 2770 2747 2827 umbras
2778 2772 3036 2834 habebat,
3062 2773 3230 2828 veluti
3257 2772 3624 2829 tintinnabula

2050 2863 2101 2906 et
2135 2854 2276 2907 mala
2308 2857 2532 2924 punica,
2562 2867 2616 2912 et
2643 2860 2957 2928 pontiﬁcem
2998 2877 3120 2916 cum
3149 2862 3406 2917 victimis.
3438 2863 3624 2919 Eccle-

2051 2943 2133 2997 sia
2166 2953 2350 2999 autem
2381 2955 2464 3001 est
2488 2957 2669 3004 cintus
2698 2949 2946 3004 veritatis
2978 2967 2994 3006 :
3026 2950 3210 3004 omnia
3229 2952 3374 3005 enim
3414 2967 3537 3019 qua:
3565 2953 3618 3005 in

368 3028 795 3127 ἔστι-σύστασις.
827 3038 1015 3095 Πάντα
1061 3042 1172 3115 γὰρ
1214 3045 1283 3099 τά
1323 3047 1381 3101 ὲν
1437 3048 1573 3121 αὐτῇ
1615 3053 1949 3126 τελούμενα,

2056 3048 2118 3087 ea
2149 3046 2512 3105 peraguntur,
2552 3053 2677 3093 vera
2723 3048 2871 3103 sunt,
2911 3048 2965 3094 et
3013 3040 3145 3094 nihil
3193 3040 3247 3093 in
3277 3056 3341 3094 ca
3380 3050 3464 3095 est
3499 3056 3611 3097 um~

371 3118 625 3211 ἀληθινά,
654 3126 752 3180 καὶ
767 3128 922 3182 οὐδὲν
952 3133 1199 3199 σκιῶδες,
1223 3130 1314 3190 οἷα
1357 3136 1428 3190 τά
1459 3118 1949 3211 τοῦννόμουίἊντῖ

373 3209 483 3280 γὰρ
507 3213 798 3284 κωδώνων,
829 3221 1092 3292 κήρυγμα
1122 3223 1395 3296 λαμπρόνο
1415 3230 1539 3283 ἀντὶ
1574 3209 1810 3303 ῥοῖσκων
1833 3237 1949 3306 βίος

373 3308 842 3396 κατεστεμμένος,
906 3315 998 3368 καὶ
1067 3315 1214 3370 ἔνδον
1263 3318 1401 3388 ἔχων
1436 3322 1528 3375 τὸν
1572 3326 1816 3396 καρπόν·
1852 3332 1950 3385 stat

372 3394 691 3496 ap-xtspsbc,
720 3401 848 3468 Υίδς
869 3403 1004 3459 Θεοῦ
1031 3423 1047 3440 ο
1071 3408 1167 3461 καὶ⁵
1197 3408 1340 3480 μέγα
1383 3411 1552 3484 θῦμα,
1682 3416 1823 3474 θεῖον
1848 3421 1951 3474 αὒ-

368 3486 468 3537 τοῦ
499 3486 682 3556 σῶμα.

443 3576 557 3630 Καὶ
586 3581 1077 3655 ὁμολογουμένως
1097 3588 1250 3660 μέγα
1263 3585 1393 3649 ἐστὶ
1423 3594 1489 3649 τὸ
1510 3595 1619 3664 τῆς
1637 3600 1949 3669 εὐσεϐείας

365 3669 732 3761 μυστήριον.
754 3674 865 3728 Καὶ
914 3680 1214 3751 μυστήριόν
1248 3683 1397 3739 ἐστιν
1430 3686 1464 3757 ἡ
1499 3687 1641 3758 ὑπὲρ
1674 3690 1836 3761 ἡμῶν
1866 3694 1944 3746 οἰ-

371 3760 625 3851 κονομία.
649 3763 762 3818 Καὶ
783 3766 959 3836 μέγα,
985 3769 1082 3823 καὶ
1128 3772 1461 3842 εὐσεϐείας,
1493 3778 1589 3832 καὶ
1614 3760 1948 3851 ὁμολογου-

364 3849 569 3917 μένως
591 3854 769 3923 μέγα.
817 3857 892 3911 οὐ
941 3858 1052 3930 γάρ
1090 3878 1173 3926 τις
1205 3864 1536 3934 ἀμφιϐάλλει
1576 3871 1706 3941 περὶ
1729 3849 1943 3926 τοῦτου.

374 3941 500 4033 Ilii);
519 3943 575 3998 δὲ
594 3948 913 4019 μυστήριον,
928 3951 1066 4025 ὅπερ
1092 3955 1293 4021 πάντες
1325 3958 1470 4014 ίσασι
1496 3977 1512 4026 ;
1537 3962 1794 4016 Μάλιστα
1823 3964 1948 4033 μὲν,

373 4032 437 4084 οὔ
458 4034 698 4124 πάντες.
728 4039 792 4092 El
841 4039 898 4094 δι
924 4044 1018 4097 καλ⁵
1063 4044 1267 4111 πάντες
1293 4047 1491 4113 ίσασιν,
1520 4050 1656 4104 ἀλλά
1687 4050 1803 4116 νῦν,
1827 4032 1949 4124 πρὸ

373 4123 566 4178 τούτου
603 4127 662 4180 δὲ
700 4130 761 4183 οὐ
786 4132 920 4186 πᾶσι
964 4134 1125 4204 δῆλον
1149 4132 1238 4207 ἦν.
1276 4137 1486 4201 Ἀλλως
1508 4155 1592 4205 τε,
1619 4140 1682 4194 τδ
1716 4142 1835 4212 μὲν,
1866 4143 1949 4197 ὅτι

372 4214 407 4266 ὁ
430 4213 563 4279 Θεὸς
592 4220 907 4292 ὲσαρκώθη,
941 4226 1144 4289 πάντες
1172 4227 1321 4281 ῐσασι
1339 4242 1354 4257 ·
1406 4228 1467 4282 τὸ
1492 4230 1549 4283 δὲ
1575 4230 1712 4298 πῶς,
1745 4232 1949 4289 ἀποκέ-

373 4319 636 4397 κρυπται.
663 4311 772 4363 Καὶ
806 4314 892 4367 διὰ
911 4315 1067 4370 τοῦτο
1099 4319 1399 4390 μυστήριόν
1433 4320 1482 4354 ⁸⁸
1519 4323 1688 4379 ἐστιν.
1724 4326 1865 4397 Ὅρα
1893 4328 1948 4381 δὲ

2059 3124 2303 3193 brosum,
2355 3128 2538 3197 qualia
2596 3136 2723 3183 sunt
2771 3144 2894 3199 quae
2942 3128 3059 3197 lege
3112 3130 3457 3186 sanciuntnr.
3516 3131 3621 3187 Pro

2052 3215 2436 3275 tintinnabulis
2487 3219 2632 3274 enim
2680 3219 2830 3274 clara
2901 3218 3271 3290 praedicatio;
3320 3236 3418 3290 pro
3466 3222 3622 3279 malis

2050 3308 2264 3376 punicis
2314 3309 2421 3364 vita
2464 3319 2550 3365 est
2578 3318 2862 3377 coronata,
2906 3311 3059 3367 intus
3102 3309 3341 3365 fructum
3393 3310 3620 3367 habens.

2052 3396 2224 3452 Pcrro
2276 3399 2519 3469 pontifex
2561 3410 2645 3457 est
2672 3399 2843 3456 Filius
2878 3400 2971 3455 Dei
3003 3418 3017 3455 :
3053 3406 3424 3472 magnumque
3452 3401 3623 3457 sacri-

2050 3488 2258 3555 ﬁcium,
2284 3491 2528 3546 divinum
2560 3492 2732 3562 ipsius
2758 3507 2985 3564 corpus.
3557 3483 3562 3487 ’

2121 3580 2287 3638 Vsus.
2320 3580 2406 3637 16.
2440 3582 2505 3636 Et
2530 3582 2807 3652 manifeste
2830 3600 3078 3654 magnum
3107 3593 3184 3638 est
3207 3583 3417 3653 pietatis
3441 3598 3622 3638 sacra-

2049 3680 2305 3727 mentum.
2343 3671 2754 3743 Sacratnentum
2784 3673 2900 3728 sive
2942 3672 3261 3744 mySIerium
3286 3680 3372 3728 est
3402 3670 3620 3740 dispen-

2049 3764 2190 3817 satio
2214 3763 2302 3817 illa
2336 3777 2432 3832 pro
2470 3763 2626 3818 nobis
2671 3764 2834 3820 facta.
2866 3763 2930 3818 Et
2966 3779 3243 3834 magnum,
3287 3773 3341 3819 et
3383 3764 3618 3831 pietatis,

2047 3863 2103 3910 et
2157 3854 2438 3923 manifeste
2493 3870 2739 3924 magnum
2771 3870 2790 3908 :
2846 3870 2954 3910 non
3006 3854 3149 3911 enim
3199 3854 3491 3925 quisquam
3540 3855 3609 3910 de

2051 3946 2153 4000 hoc
2182 3945 2416 4001 dubitat.
2454 3943 2739 4011 Quomodo
2776 3956 2957 4002 autem
2997 3948 3318 4019 mysterium
3359 3955 3446 4003 est
3475 3947 3619 4016 quod

2050 4051 2238 4091 omnes
2266 4036 2571 4091 noverunt?
2594 4035 2825 4091 Maxime
2845 4052 3012 4091 sane:
3041 4052 3147 4092 non
3166 4051 3359 4092 omnes
3395 4044 3616 4090 norunt.

2050 4126 2163 4181 lmo
2206 4129 2314 4183 etsi
2363 4141 2554 4182 omnes
2617 4136 2842 4188 norunt.
2892 4126 2946 4181 id
2999 4135 3179 4181 tamen
3220 4141 3363 4181 nunc
3391 4126 3614 4181 evenit:

2049 4216 2280 4271 antehac
2314 4231 2446 4272 vero
2489 4232 2596 4271 non
2643 4216 2901 4271 omnibus
2942 4216 3119 4285 palam
3162 4214 3281 4269 fuit.
3327 4214 3615 4279 Praeterea,

2050 4306 2196 4375 quod
2237 4307 2380 4363 Deus
2416 4310 2734 4362 incarnatus
2770 4314 2873 4371 est,
2915 4319 3108 4360 omnes
3141 4312 3408 4359 noverunt
3437 4321 3451 4357 :
3484 4317 3620 4372 quo-

373 4392 479 4464 τὴν
523 4398 659 4467 πρὸς
686 4401 833 4471 ἡμᾶς
857 4404 1077 4475 ἀγάπην
1098 4407 1192 4460 τοῦ
1225 4408 1383 4474 Θεοῦ,
1420 4412 1578 4484 εῐπερ
1634 4414 1695 4467 τὸ
1749 4392 1949 4487 μυστή-

2056 4395 2214 4450 modo
2235 4411 2388 4463 vero,
2414 4397 2747 4451 occultatum
2781 4403 2887 4461 est,
2924 4410 3151 4464 eamque
3169 4394 3239 4448 ob
3268 4409 3382 4447 rem
3413 4401 3617 4463 myste-

380 4500 499 4555 ptov
522 4490 689 4545 αὑτοῦ
721 4493 860 4558 ὅλως
888 4498 1020 4566 ἡμῖν
1049 4499 1338 4570 ἐγνώρισε.

452 4746 598 4813 Θεὸς
620 4747 961 4819 ἐφανερώθη
988 4753 1059 4806 ἐν
1105 4754 1304 4821 σαρκί.
1348 4755 1565 4828 Ἐπειδὴ
1596 4756 1726 4828 περὶ
1755 4761 1947 4832 ἱερέων

381 4836 412 4888 δ
440 4836 649 4901 Παῦλος
679 4839 1120 4911 διαταττόμενος,
1143 4844 1299 4898 οὐδὲν
1337 4846 1580 4901 τοιοῦτον
1605 4845 1779 4915 εἶπεν,
1833 4846 1947 4905 οἷον

383 4927 442 4978 ἰν
459 4926 536 4997 τῷ
571 4927 862 5000 Λευῖτικῷ,
918 4933 1082 5002 φησὶ,
1144 4935 1350 5005 Μηδεὶς
1399 4936 1743 5008 θαυμαζέτω,
1784 4943 1833 4995 εί
1871 4942 1946 5013 μὴ

384 5019 605 5075 τοιαῦτα
642 5023 1095 5096 μικρολογοῦμαι.
1126 5028 1287 5096 Μέγα
1313 5029 1433 5083 ἐστὶ
1454 5031 1515 5084 τὸ
1538 5032 1829 5103 ἡμέτερον,
1851 5035 1946 5089 καὶ

384 5103 531 5195 οὐδὲν
552 5109 791 5163 τοιοῦτον
825 5110 963 5165 ἐκεῖ.
1005 5112 1268 5169 Ἐνταῦθα
1302 5116 1411 5188 γὰρ
1440 5118 1573 5183 Θεὸς
1601 5122 1942 5195 ἐφανερώθη.

383 5191 649 5261 ΠῶςςἘν
667 5199 861 5269 σαρκί,
893 5201 971 5271 Τῇ
1002 5201 1112 5273 γὰρ
1143 5203 1358 5275 θεότητι
1391 5207 1642 5277 ἀόρατος.

471 5367 800 5443 mmmam
855 5376 924 5429 ἐν
979 5379 1295 5449 πνεύματι.
1344 5383 1416 5437 Ἦ
1450 5383 1603 5439 τοῦτό
1651 5403 1836 5456 φησιν,
1864 5388 1946 5442 ὅτι

2056 4485 2197 4539 rium
2253 4494 2356 4541 est.
2403 4487 2685 4557 Perpende
2724 4493 2908 4542 autem
2969 4485 3293 4541 charitatem
3342 4482 3432 4538 Dei
3487 4498 3616 4551 erga

2054 4591 2179 4641 nos,
2210 4576 2479 4646 siquidem
2516 4578 2835 4650 mysterium
2878 4592 3042 4634 suum
3079 4576 3301 4633 omnino
3333 4574 3487 4631 nobis
3519 4588 3616 4645 pa-

2053 4666 2261 4723 tefecit.

2147 4756 2287 4811 Deus
2336 4757 2706 4827 manifestatus
2767 4765 2845 4812 est
2907 4757 2959 4811 in
3027 4772 3205 4811 carne.
3252 4755 3390 4822 Quia
3455 4755 3617 4827 570

2053 4847 2256 4904 Paulus
2288 4848 2357 4903 de
2388 4847 2766 4904 sacerdotibus
2796 4846 3137 4917 praecipiens,
3169 4847 3304 4900 nihil
3338 4848 3447 4901 tale
3479 4846 3618 4901 dixit

2055 4939 2216 5009 quale
2268 4946 2354 4995 est
2398 4938 2453 4993 in
2512 4937 2753 4994 Levitico
2784 4956 2798 4993 :
2831 4936 3023 5002 Nemo,
3072 4937 3271 5007 inquit,
3320 4937 3618 4994 demiretur

2053 5029 2197 5099 quod
2228 5029 2297 5084 de
2327 5028 2491 5084 rebus
2520 5037 2629 5083 tam
2672 5029 2885 5085 levibus
2917 5043 3025 5084 non
3075 5028 3331 5099 disputo:
3363 5042 3613 5098 magnum

2052 5136 2185 5176 sane
2214 5128 2463 5175 nostrum
2505 5129 2613 5186 est,
2640 5129 2694 5175 et
2742 5123 2829 5178 cui
2860 5122 2996 5176 nihil
3041 5122 3116 5176 ibi
3165 5122 3346 5177 simile
3377 5128 3481 5179 est.
3516 5118 3613 5175 Hic

2049 5211 2196 5266 enim
2223 5211 2369 5267 Deus
2397 5211 2778 5269 manifestatus
2827 5222 2935 5269 est.
2962 5212 3291 5280 Quomodo?
3323 5212 3379 5268 ιιι
3422 5227 3609 5267 carne.

2053 5301 2365 5358 Secundum
2410 5317 2646 5373 namque
2672 5304 3012 5362 divinitatem
3041 5311 3126 5360 est
3162 5303 3469 5358 invisibilis.
3582 5300 3587 5311 “

2118 5391 2455 5463 Justiﬁcatus
2483 5404 2560 5449 est
2582 5394 2639 5449 in
2667 5396 2879 5463 spiritu.
2908 5393 2999 5450 Vel
3027 5395 3130 5450 hoc
3148 5394 3299 5460 dicit,
3321 5393 3464 5463 quod
3489 5410 3610 5450 rum

1684 5566 1882 5629 Varias
1908 5560 2231 5637 lectiones.

454 5654 498 5686 ’⁸
527 5654 643 5730 “ac
666 5674 719 5714 0.
797 5662 843 5695 ”
869 5663 1076 5738 ταύτην
1100 5680 1154 5723 ο.
1233 5666 1276 5700 ³³
1300 5665 1425 5723 λαόν
1440 5683 1494 5725 o.
1570 5669 1615 5701 “
1642 5670 1941 5744 μυστήριόν
1978 5674 2094 5727 εστι
2122 5674 2222 5745 τῆς
2253 5672 2387 5746 πρὸς
2408 5673 2558 5744 sps;
2585 5672 2803 5743 ἀγάπης
2824 5668 2919 5725 τοῦ
2946 5670 3151 5728 Θεοῦο.
