4006 6214
347 313 439 376 53

1125 308 1526 369 EXPOSITIO
1565 308 1641 367 IN
1671 306 1906 368 EPIST.
1946 311 1972 368 Ι
2002 311 2102 369 AD
2137 310 2452 371 TIMOTH.
2481 334 2547 343 -·
2576 307 2739 368 CAP.
2774 309 2870 368 IV.
3540 313 3608 375 ενι

348 421 449 475 ὃτι
496 416 666 489 ψευδῆ
715 416 875 481 εἰσιν,
907 416 1292 485 ὑποκρίνονται
1324 419 1399 482 ώς
1455 419 1627 489 ἀληθῆ
1676 419 1815 474 αύτά
1865 419 1935 473 δι-

2049 420 2407 480 tneutiuntur,
2464 434 2650 473 verum
2713 420 2952 474 scientes
2987 417 3122 474 falsa
3168 433 3313 484 esse,
3355 422 3443 476 illa
3484 434 3606 478 tan-

432 526 606 564 σκειν.

349 513 1054 665 δάὲῗέυτηριασμένων
1073 595 1187 664 τὴν
1214 596 1374 652 ιὸΙαν
1425 597 1805 665 συνείδησιν,
1831 614 1940 651 κω-

351 691 643 743 λυόντων
667 686 898 756 γαμεῖν.
935 687 1213 749 Τουτὲστι,
1237 689 1476 758 πονηροῦ
1514 687 1631 758 βίου
1671 688 1779 740 εἰσί
1801 704 1817 719 ’
1845 688 1940 740 καὶ

350 777 375 827 ἐ
388 775 552 844 πειδὴ
567 774 843 827 συνίσασιν
859 774 1071 836 ἑαυτοῖς
1083 773 1425 843 ἀκαθαρσίαν
1440 773 1657 844 πολλὴν,
1679 774 1768 828 διὰ
1783 773 1940 828 τοῦτο

347 866 419 917 τὸ
460 862 699 926 συνειδὸς
729 861 910 916 αὐτῶν
934 862 1348 928 ἀνεξαλείπτους
1373 864 1484 936 ἔχει
1507 866 1635 930 τοὺς
1660 866 1939 936 καυτῆρας

351 954 456 1007 τοῦ
496 952 741 1024 ῥυπαροῦ
774 953 912 1023 βίου,
967 954 1064 1006 καὶ
1091 954 1365 1008 διαϐάλλει
1400 954 1493 1008 τὸν
1541 956 1739 1027 γάμον.
1786 957 1939 1010 Ἐπεὶ

351 1044 484 1109 είγε
519 1042 763 1111 καθαρὸς
794 1037 862 1113 ἦν
887 1041 1067 1095 αὐτῶν
1089 1045 1116 1096 ὁ
1151 1041 1282 1111 βίος,
1332 1044 1427 1098 καὶ
1472 1046 1505 1115 ή
1540 1046 1843 1115 συνείδησις
1872 1045 1939 1099 ἂν

351 1133 548 1187 αύτῶν
578 1134 795 1202 καθαρὰ
846 1129 938 1204 ἦν,
966 1134 1060 1187 καὶ
1090 1134 1193 1188 ούκ
1246 1135 1313 1188 ἀν
1345 1135 1623 1189 διέϐαλλεν
1653 1137 1689 1192 ἀ
1727 1140 1756 1192 ὁ
1804 1136 1938 1201 Θεὸς

355 1228 694 1297 ηὐλόγησεν.
728 1225 942 1296 Ὠσπερ
973 1229 1001 1279 ὁ
1031 1227 1336 1296 στομαχιῶν
1363 1228 1638 1281 διαόάλλει
1672 1229 1739 1281 τὰ
1794 1227 1937 1299 βρώ-

352 1335 534 1387 ματα,
595 1317 756 1380 αὐτὸς
782 1318 840 1369 ὲν
864 1317 1043 1386 ἑαυτῷ
1095 1316 1236 1387 ἔχων
1289 1317 1437 1371 ἔνδον
1483 1321 1609 1380 τοὺς
1664 1320 1935 1389 πονηροὺς

349 1406 597 1478 χυμούς.
627 1407 692 1459 Τί
713 1405 844 1472 ούνς
881 1409 1016 1478 Οὐχὶ
1049 1409 1142 1463 καὶ
1178 1411 1338 1479 ἡμεῖς
1394 1408 1676 1480 κωλύομεν
1703 1412 1933 1480 γαμεϊνς

354 1500 441 1569 μὴ
482 1498 693 1567 γένοιτο
723 1515 736 1531 ·
765 1497 900 1552 ἀλλὰ
929 1500 1057 1563 τοὺς
1080 1499 1153 1570 μὴ
1182 1500 1540 1570 βουὶομὲνους
1577 1503 1775 1571 γαμεῖν
1802 1517 1935 1571 προ-

346 1589 634 1657 τρέπομεν
667 1589 757 1640 ἐπὶ
785 1588 1103 1658 παρθενίανο
1135 1591 1435 1662 τιμιωτέρα
1472 1590 1571 1661 μὲν
1610 1589 1720 1661 γὰρ
1753 1589 1890 1661 αὕτη
1913 1607 1928 1622 ο

357 1680 485 1735 ἀλλ’
514 1681 615 1734 ούκ
647 1680 751 1751 ἤδη
813 1680 1010 1749 ἄτιμος
1037 1682 1065 1734 ὁ
1089 1680 1286 1751 γάμος,
1319 1679 1470 1733 ὥσπε
1482 1698 1512 1751 ρ
1545 1680 1669 1734 οὐδὲ
1695 1680 1886 1751 ἐπειδὴ
1907 1680 1935 1731 ὁ

2044 526 2206 578 quam
2237 525 2366 566 vera
2400 510 2598 566 ducere
2621 509 2906 564 simulant.

2111 600 2180 653 Et
2239 603 2589 655 cauteriotam
2638 600 2941 655 habentium
3005 615 3158 652 suam
3209 600 3600 664 conscientiam,

2039 691 2422 759 prohibentium
2453 692 2665 746 nubere.
2699 690 2811 746 [loc
2850 700 2957 755 est,
2987 706 3165 760 pravae
3197 701 3324 745 sunt
3350 692 3471 746 vitae
3506 711 3521 746 :
3551 702 3605 746 et

2039 787 2166 853 quia
2196 783 2403 839 conscii
2432 783 2535 837 sibi
2566 788 2693 838 sunt
2731 781 2913 836 multa:
2938 782 3291 851 impurilatis,
3321 790 3606 852 propterea

2042 874 2376 931 conscientia
2420 888 2609 928 eorum
2653 872 2973 927 indelebiles
3020 882 3178 928 notas
3218 872 3453 928 sordidae
3482 868 3609 931 vita:

2041 964 2255 1019 inustas
2280 963 2463 1025 habet,
2489 970 2652 1031 alque
2672 960 2806 1014 adeo
2821 961 3037 1030 nuptias
3060 961 3446 1016 calumniatur.
3471 961 3605 1016 Nam

2040 1055 2085 1111 si
2118 1071 2251 1124 pura
2278 1062 2423 1110 esset
2445 1054 2684 1123 ipsorum
2713 1052 2845 1117 vita,
2871 1052 3205 1107 conscientia
3228 1053 3387 1111 simul
3411 1054 3607 1109 munda

2043 1146 2259 1208 fuisset,
2321 1157 2422 1198 nec
2480 1140 2768 1196 criminata
2817 1148 2965 1194 esset
3024 1141 3226 1210 quibus
3259 1138 3400 1196 Deus
3440 1141 3607 1196 bene-

2040 1238 2179 1292 dixit
2210 1254 2224 1290 :
2263 1233 2718 1303 quemadmodum
2747 1233 2837 1301 qui
2868 1231 3153 1285 stomacho
3186 1226 3425 1298 laborat,
3454 1230 3607 1284 cibos

2040 1329 2410 1400 reprehendit,
2460 1342 2584 1382 cum
2641 1327 2758 1397 ipse
2804 1327 2952 1379 intus
2996 1323 3049 1376 in
3080 1326 3260 1392 seipso
3312 1324 3495 1393 pravis
3536 1323 3609 1378 sit

2038 1417 2365 1475 [minoribus
2419 1414 2676 1472 infectus.
2730 1412 2872 1481 Quid
2927 1413 3128 1482 igitur?
3171 1410 3362 1467 Nonne.
3415 1419 3469 1465 et
3509 1424 3610 1464 nos

2038 1505 2444 1561 matrimonium
2500 1500 3388 1573 prohibemus?Haudquaquam;
3451 1507 3621 1555 cmte-,

2037 1612 2157 1652 rum
2183 1611 2278 1651 eos
2309 1594 2401 1665 qui
2434 1594 2640 1655 nubere
2669 1592 2883 1660 uolunt,
2912 1590 2977 1645 ad
3001 1592 3370 1662 virginitatem
3405 1591 3611 1646 adhor-

2041 1703 2261 1747 tamur:
2297 1686 2614 1744 honoratior
2640 1688 2783 1742 enim
2824 1693 2910 1742 est
2952 1685 3055 1740 ista
3088 1704 3101 1740 :
3140 1693 3379 1738 attamen
3411 1685 3611 1754 nuptiae

352 1770 558 1842 χρυσὸς
590 1769 933 1840 τιμιώτερος.
966 1773 1163 1841 ἄτιμος
1193 1772 1221 1825 ὁ
1281 1772 1644 1843 ἀργυροςητδ
1707 1772 1815 1842 γὰρ
1852 1789 1932 1825 τι·

2042 1781 2254 1835 interim
2295 1792 2402 1833 non
2443 1785 2573 1832 sunt
2610 1775 2876 1847 ingloria,
2929 1773 3389 1845 quemadmodum
3434 1789 3611 1842 neque

355 1861 653 1931 μιώτερον,
723 1861 907 1930 τιμίου
936 1860 1260 1933 τιμιώτερόν
1294 1864 1408 1915 ἑστι
1435 1879 1448 1892 ·
1476 1864 1569 1916 καὶ
1593 1863 1654 1916 τὸ
1697 1862 1934 1927 κάλλιον,

353 1949 527 2005 καλοῦ
585 1950 824 2014 κάλλιον,
873 1951 993 2022 οὐχὶ
1054 1951 1246 2008 κακοῦ.
1286 1953 1343 2005 '0
1373 1953 1471 2024 μὲν
1499 1949 1590 2007 οὖν
1623 1954 1938 2022 δυνάμενος,

355 2041 530 2111 ἐχέτω
582 2041 673 2094 τὸν
730 2044 831 2108 τῆς
858 2040 1152 2112 παρθενίοις
1181 2044 1411 2113 χρυσόν·
1445 2045 1493 2097 εί
1521 2042 1576 2096 δὲ
1604 2045 1678 2116 μὴ
1699 2044 1938 2108 δύναιτο,

355 2127 452 2182 τὸν
472 2127 564 2181 τοῦ
593 2129 766 2200 γάμου
797 2130 1036 2201 ἄργυρον
1062 2132 1423 2202 ἀναδεχέσθω.

437 2394 782 2466 Ἅπέχεσθαι
838 2398 1188 2467 βρωμάτων,
1223 2396 1263 2453 d
1301 2401 1334 2453 δ
1375 2399 1518 2464 Θεὸς
1585 2399 1825 2452 ἔκτισεν
1852 2400 1935 2464 εἷς

345 2488 701 2558 μετάληψιν
720 2490 766 2523 ⁸⁸
795 2490 915 2556 τοῖς
943 2490 1203 2556 πιστοῖς.
1239 2490 1352 2544 Ούκ
1384 2489 1587 2557 ὀφείλει
1620 2490 1726 2544 ἀπὸ
1758 2490 1937 2543 κοινοῦ

359 2580 553 2633 λαὸεἴν
582 2580 660 2643 τδ,
686 2581 1060 2645 κωλυόντων,
1089 2580 1204 2633 ἀλλ’
1232 2579 1430 2646 ἔξωθεν
1480 2580 1799 2650 προσθεῖναι
1853 2581 1935 2644 τὸ,

351 2671 894 2740 συμϐουλευόντων
947 2671 1279 2741 ἀπέχεσθαι
1311 2670 1669 2741 βρωμάτων.
1728 2672 1794 2724 Τί
1841 2670 1936 2738 δέ;

350 2763 473 2825 τοίς
529 2761 775 2825 ἀπίστοις
817 2761 916 2813 ούκ
964 2761 1145 2815 ἔκτισε
1197 2759 1368 2814 ταῦτα
1420 2760 1603 2823 ὀΘεός
1633 2776 1649 2824 ;
1678 2760 1788 2824 ναὶ,
1821 2758 1937 2812 ἀλλ’

356 2854 516 2907 αὐτοὶ
546 2853 770 2918 ἑαυτοὺς
814 2852 1160 2925 ἀπείργουσι.
1220 2853 1285 2906 τί
1313 2847 1408 2907 οὖν
1433 2853 1541 2917 ςού
1570 2850 1877 2906 κεκώλυται
1904 2852 1938 2922 ἡ

2041 1878 2323 1940 argentum
2355 1868 2556 1923 nullius
2584 1874 2668 1922 est
2695 1865 2880 1937 pretii,
2927 1866 3054 1936 quia
3084 1880 3276 1920 aurum
3316 1864 3609 1934 pretiosius

2038 1967 2145 2015 est.
2192 1959 2325 2013 Nam
2361 1958 2503 2027 quod
2543 1958 2841 2027 pretiosius
2894 1965 3001 2022 est,
3028 1956 3272 2025 pretioso
3313 1954 3608 2024 pretiosius

2039 2060 2167 2106 est:
2227 2060 2283 2104 et
2323 2047 2468 2118 quod
2519 2048 2713 2103 melius
2754 2057 2859 2112 est,
2893 2049 3039 2102 bono
3089 2044 3285 2102 melius
3334 2052 3440 2107 est.
3501 2061 3607 2099 non

2038 2142 2202 2195 malo.
2236 2140 2339 2208 Qui
2364 2154 2493 2211 ergo
2511 2149 2707 2208 potest,
2737 2139 3070 2209 virginitatis
3101 2153 3294 2192 aurum
3327 2137 3562 2191 retineat
3591 2147 3607 2164 ⁶

2038 2235 2082 2286 si
2140 2248 2265 2286 vero
2330 2248 2436 2285 non
2516 2231 2730 2302 possit,
2789 2230 3118 2285 matrimonii
3185 2239 3468 2299 argentum
3519 2241 3603 2281 re-

2037 2324 2221 2392 cipiat.

2112 2411 2284 2469 Vsns.
2316 2411 2373 2466 5.
2417 2410 2691 2464 Abstinere
2722 2427 2753 2462 a
2781 2408 2937 2471 cibis,
2967 2425 3098 2478 quos
3134 2407 3271 2462 Deus
3313 2407 3505 2460 creavit
3540 2408 3608 2460 ad

2039 2503 2425 2574 percipiendum
2466 2519 2586 2556 cum
2612 2503 2908 2571 gratiarum
2952 2500 3157 2553 actione
3187 2496 3451 2566 ﬁdelibus.
3487 2495 3605 2552 Non

2039 2594 2209 2648 debes
2250 2591 2338 2646 hic
2367 2602 2635 2661 repetere.
2672 2590 3081 2660 prohibentium.
3125 2587 3219 2643 sed
3260 2586 3477 2642 aliunde
3512 2588 3608 2638 ad-

2038 2687 2191 2749 dere,
2233 2684 2620 2740 consulentium
2677 2680 2953 2737 abstinere
2998 2695 3028 2734 a
3064 2679 3221 2734 ciliis.
3264 2677 3403 2745 Quid
3446 2675 3615 2732 vero?

2045 2793 2225 2831 nonne
2271 2788 2324 2830 et
2366 2774 2676 2831 inﬁdi-libus
2715 2775 2855 2827 Deus
2887 2773 3041 2827 cibos
3082 2771 3322 2827 creavit?
3355 2768 3469 2834 Nae,
3512 2770 3608 2826 sed

2043 2867 2146 2935 ipsi
2197 2865 2408 2934 seipsos
2458 2864 2726 2918 inhibent.
2759 2862 2898 2928 Quid
2941 2862 3144 2932 igitur?
3178 2878 3359 2916 nonne
3400 2862 3609 2916 delicia:

354 2944 541 3014 τρυφή
570 2959 584 3006 ;
624 2947 714 2997 καὶ
756 2945 960 3014 σφόδρα
992 2962 1003 2975 ν
1046 2944 1162 2999 ἀλλ’
1198 2944 1295 3014 ούχ
1322 2945 1356 3013 ἡ
1386 2941 1703 3013 μετάληψις.
1740 2941 1806 2993 Ἦ
1843 2938 1935 3010 μὲν

2044 2966 2170 3012 sunt
2198 2955 2520 3028 prohibita?
2549 2955 2803 3018 Omnino,
2839 2951 2935 3007 sed
2964 2966 3071 3005 non
3097 2950 3214 3020 ipsa
3245 2949 3608 3019 partit-ipatio.

354 3034 466 3104 γὰρ
527 3034 823 3106 μετάληψις
876 3035 974 3104 τὴν
1053 3036 1398 3105 συμμετρίαν
1426 3034 1616 3104 ἕχει,ἠ
1659 3033 1717 3087 δὲ
1764 3031 1942 3103 τρυφὴ

356 3125 455 3195 τὴν
502 3125 764 3196 ἀμετρίαν
793 3128 860 3182 ³¹.
902 3127 1061 3181 Ἀλλά
1105 3130 1197 3181 καὶ
1227 3129 1428 3197 αύτὴή
1492 3126 1667 3197 τρυφὴ
1715 3125 1815 3196 οὐχ
1864 3125 1941 3188 ὡς

354 3216 661 3286 ἀκάθαρτος
714 3219 1038 3284 κεκώλυται,
1092 3219 1204 3272 ἀλλ’
1259 3218 1333 3280 ὡς
1382 3218 1644 3271 ἐκλύουσα
1695 3217 1781 3270 διά
1845 3217 1937 3288 τῆς

349 3308 620 3378 ἀμετρίας
650 3310 747 3380 τὴν
768 3311 964 3381 ψυχήν.

425 3406 534 3456 Kal
556 3403 922 3473 ἐπεγνωκόσι
952 3403 1385 3473 τὴνὰλήθειαν.
1411 3405 1553 3474 Ἀρα
1574 3407 1642 3459 τά
1671 3407 1936 3462 Ἰουδαῖκά

350 3493 527 3556 τύπος
557 3488 646 3563 ἦν·
681 3496 776 3546 νῦν
818 3493 926 3563 γὰρ
981 3495 1016 3564 ἡ
1072 3495 1320 3565 ἀλήθεια.
1392 3496 1723 3551 Ἐκωλύοντο
1778 3499 1833 3551 δὲ
1883 3500 1932 3551 oi

366 3583 609 3637 Ἰουδαῖοι
638 3586 681 3617 ³⁸
711 3585 818 3638 τῶν
843 3584 1073 3650 πολλῶν,
1096 3585 1192 3655 ούχ
1239 3586 1316 3650 ti);
1380 3587 1730 3658 ἀκαθάρτων,
1796 3589 1933 3642 ἀλλά

350 3677 443 3730 ἵνα
514 3676 606 3729 τοῦ
656 3678 868 3748 τρυφᾷν
915 3677 1272 3747 ὲπισχεθῶω,
1333 3681 1424 3730 καὶ
1506 3680 1594 3732 ἴνα
1671 3696 1932 3750 στενοχω-

354 3766 618 3835 ρηθέντες
661 3769 766 3819 ἀπὸ
819 3767 925 3820 τῶν
959 3767 1191 3829 πολλῶν,
1259 3771 1352 3822 καὶ
1422 3769 1745 3837 σφάττοντες
1801 3771 1928 3842 βόας

351 3858 451 3911 καὶ
499 3857 768 3928 πρίϐατα,
817 3860 1082 3927 ὲπιγνῶσι
1143 3859 1294 3923 τίνας
1337 3861 1490 3925 θεοὺς
1535 3862 1832 3932 ἐκτήσαντο
1882 3862 1928 3895 ⁸⁸

351 3952 404 4001 οἱ
456 3949 764 4015 Αἰγύπτιοι.
832 3950 1112 4021 Ἀλήθειαν
1160 3946 1275 4015 οὖν,
1339 3950 1498 4022 ἢτὴν
1562 3954 1641 4016 εἰς
1688 3954 1923 4023 Χριστὸν

356 4039 544 4094 πίστιν
596 4043 846 4110 νοήσεις·
894 4043 927 4113 ἢ
992 4041 1203 4104 ἁπλῶς,
1260 4046 1370 4105 τοῖς
1424 4043 1766 4107 ἐπεγνωκόσι
1814 4044 1915 4115 τὴν

352 4128 614 4195 ἀλήθειαν
645 4144 661 4160 ’
714 4129 874 4182 ποίαν
923 4129 1017 4182 καὶ
1044 4132 1205 4192 εὐθὺς
1230 4131 1444 4200 ἐπάγει.

429 4219 554 4271 Ὅτι
572 4217 695 4273 πᾶν
726 4221 945 4288 κτίσμα
971 4222 1118 4275 Θεοῦ
1140 4225 1347 4276 καλόν.
1376 4226 1555 4277 Πάντα
1579 4221 1706 4295 γὰρ,
1767 4222 1919 4293 φησὶ,

353 4309 504 4362 καλά
532 4309 672 4363 λίαν.
699 4309 879 4362 Εἰπὼν
904 4311 980 4372 δὲ,
1008 4313 1224 4381 κτίσμα
1255 4314 1423 4377 Θεοῦ,
1458 4317 1585 4385 περὶ
1634 4316 1743 4369 τῶν
1790 4318 1921 4370 ἐδωο

348 4400 531 4466 δίμων
559 4399 860 4470 βρωμάτων
888 4402 1139 4455 ἁπάντων
1178 4403 1417 4473 ᾐνίξατο.
1440 4406 1549 4458 Καὶ
1580 4406 1681 4476 ἤδη
1712 4424 1922 4478 προκα-
1956 4432 2000 4486 ο

350 4490 545 4560 τασπᾷ
564 4488 661 4559 τὴν
697 4490 908 4559 αἵρεσιν
958 4492 1065 4544 τῶν
1096 4492 1195 4561 τὴν
1260 4495 1551 4565 ἀγέννητον
1596 4496 1726 4567 ὕλην
1804 4499 1922 4553 eis-

353 4579 625 4646 αγὸντων,
688 4581 783 4633 καὶ
811 4579 1025 4648 ἐκείνης
1053 4582 1222 4636 ταῦτα
1247 4583 1511 4638 λεγόντων
1542 4583 1701 4642 εἶναι.

429 4750 539 4804 Καὶ
569 4751 752 4806 οὐδὲν
795 4753 1160 4818 ἀπόϐλητον,
1189 4757 1339 4824 μετὰ
1371 4761 1755 4827 εὐχαριστίας
1770 4765 1924 4831 ,ιαμ-

360 4842 695 4909 τανόμενον
721 4858 735 4872 '
785 4843 1074 4911 ἁγιάζεται
1137 4847 1246 4914 γὰρ
1284 4847 1382 4902 διὰ
1406 4854 1591 4918 ,λόγου
1634 4852 1780 4906 Θεοῦ
1827 4853 1925 4907 καί

358 4932 707 4998 ἐντεύξεως.
736 4934 946 4988 Οὐκοῦν
971 4938 1018 4988 εί
1044 4938 1352 5005 ἁγιάζεται,
1405 4941 1713 5011 ἀκάθαρτον
1744 4942 1928 4998 λοιπόν

362 5022 510 5073 ἐστιν
537 5038 550 5087 ;
582 5023 739 5093 Ούχὶ,
767 5024 903 5079 ἀλλὰ
926 5026 1065 5080 κατά
1102 5029 1447 5100 συγχώρησιν
1487 5031 1645 5087 τοῦτο
1693 5034 1925 5104 τίθησιν.

368 5111 593 5183 Πρῶτον
632 5114 733 5184 μὲν
768 5118 875 5187 γὰρ
925 5120 1067 5172 κατά
1116 5119 1368 5175 ἔνστασίν
1416 5140 1602 5195 φησιν,
1657 5126 1739 5178 ὅτι
1781 5126 1932 5181 οὐδὲν

365 5200 697 5274 ἀκάθαρτον,
726 5205 917 5261 ἔπειτα
947 5212 1084 5264 κατὰ
1113 5212 1483 5284 συγχώρησιν,
1516 5214 1725 5286 Δῶμεν,
1746 5217 1934 5286 φησὶν,

367 5292 451 5346 ὅτι
491 5295 701 5363 γίνεταί
727 5314 777 5350 τι
803 5299 1129 5372 ἀκάθαρτον·
1158 5303 1271 5356 ἀλλ’
1310 5304 1451 5376 ἔχεις
1499 5306 1596 5379 τὴν
1651 5308 1895 5380 ἰατρείαν
1918 5325 1932 5340 ·

440 5449 487 5483 ³⁷
515 5448 691 5508 Levit.
718 5468 798 5520 ll,
828 5454 864 5508 Ξ
898 5471 1055 5530 seqq.
1127 5458 1174 5491 ⁸⁸
1216 5459 1355 5515 Gen.
1387 5477 1426 5529 ι,
1450 5463 1540 5518 51.

1964 3092 2011 3155 C

2047 3051 2177 3105 Nam
2206 3044 2549 3119 participatio
2572 3042 3001 3101 mediocritatem
3034 3041 3211 3106 habet,
3245 3038 3454 3095 delicia:
3480 3056 3611 3095 vero

2047 3133 2579 3191 immoderationem.
2616 3130 2755 3201 Quin
2776 3133 2937 3187 etiam
2974 3130 3104 3201 ipsze
3125 3130 3350 3194 deliciae,
3379 3147 3486 3184 non
3520 3147 3610 3187 vc-

2043 3227 2141 3281 luti
2167 3224 2460 3281 immunda:
2489 3233 2618 3279 sunt
2650 3222 2955 3294 prohibitte,
2980 3237 3169 3276 verum
3200 3220 3346 3291 quod
3372 3222 3610 3275 animam

2044 3334 2137 3388 per
2168 3317 2589 3373 immoderatum
2630 3330 2790 3370 usum
2824 3313 3145 3369 dissolvant.

2116 3409 2182 3462 Et
2205 3410 2270 3463 iis
2293 3408 2381 3479 qui
2407 3415 2755 3479 cognoverunt
2787 3407 3076 3460 veritatem.
3108 3401 3330 3459 Judaica
3352 3402 3518 3473 igitur
3549 3402 3610 3456 ii-

2039 3514 2173 3567 gura
2203 3506 2398 3555 erant;
2427 3511 2572 3550 nunc
2602 3495 2748 3551 enim
2781 3495 2988 3550 veritas
3034 3504 3245 3564 regnat.
3274 3491 3613 3547 Vetabantur

2040 3597 2220 3641 autem
2253 3584 2457 3640 Iudaeis
2485 3586 2652 3640 multa
2670 3586 2743 3651 ⁸⁷,
2781 3600 2888 3639 non
2933 3583 3077 3654 quod
3102 3582 3379 3638 immunda
3403 3589 3609 3642 essent,

2040 3693 2224 3732 vermn
2258 3686 2313 3728 ut
2358 3691 2387 3729 a
2439 3676 2568 3730 luxu
2614 3674 3001 3729 cohiberentur
3035 3714 3052 3740 ,
3104 3680 3274 3742 utque
3328 3686 3360 3725 a
3427 3670 3613 3725 multis

2041 3770 2205 3822 rebus
2265 3768 2513 3830 coerciti,
2575 3777 2629 3822 et
2684 3766 2851 3822 boves
2901 3777 2955 3820 et
3001 3764 3239 3835 pecudes
3285 3770 3609 3823 mactantes,

2038 3867 2397 3929 agnoscerent
2421 3859 2738 3927 qualesnam
2775 3858 2906 3913 deos
2941 3856 3194 3913 fecissent
3227 3854 3488 3926 Egyptii.
3513 3853 3613 3906 Per

2037 3950 2321 4003 veritatem
2361 3948 2551 4017 igitur,
2585 3957 2680 4002 aut
2717 3948 2875 4002 [idem
2902 3947 2957 4000 in
3005 3944 3286 4001 Christum
3318 3945 3609 4014 intelliges,

2037 4038 2198 4109 572
2231 4041 2311 4095 vel
2354 4040 2699 4108 simpliciter,
2749 4037 2816 4094 iis
2856 4037 2949 4109 qui
2999 4047 3377 4108 cognoverunt
3406 4037 3607 4088 verita~

2033 4138 2138 4183 tem
2174 4146 2188 4182 :
2217 4128 2398 4198 qualis
2421 4136 2600 4181 autem
2627 4129 2696 4181 sit
2727 4128 2854 4186 ista.
2891 4125 3077 4180 statim
3112 4124 3301 4179 infert.

2121 4214 2283 4274 Vens.
2333 4219 2389 4274 4.
2457 4217 2612 4284 Quod
2665 4216 2832 4270 omnis
2888 4226 3133 4269 creatura
3180 4211 3278 4268 Dei
3323 4213 3456 4266 bona
3507 4220 3606 4266 est.

2031 4309 2224 4363 Omnia
2271 4309 2438 4372 enim,
2476 4308 2673 4377 inquit,
2724 4305 2880 4359 valde
2929 4306 3070 4358 hona
3130 4311 3286 4358 erant
3305 4302 3374 4359 ".
3413 4300 3610 4356 Dicens

2033 4410 2239 4465 autem,
2287 4408 2534 4452 creatura
2568 4396 2685 4463 Dei,
2727 4396 2795 4451 de
2831 4394 3088 4450 omnibus
3131 4394 3430 4450 esculentis
3467 4393 3607 4445 clam
3660 4450 3663 4453 _

2028 4489 2243 4544 locutus
2264 4500 2368 4544 est.
2395 4488 2624 4558 Jamque
2655 4488 2745 4543 hic
2779 4485 2973 4543 refellit
3002 4502 3191 4540 eorum
3229 4484 3461 4540 hieresin
3497 4484 3591 4553 qui

2028 4582 2315 4635 materiam
2369 4596 2477 4634 non
2531 4581 2796 4653 genitam,
2831 4594 2894 4634 ac
2927 4580 3081 4635 cibos
3126 4595 3195 4635 ex
3224 4592 3286 4634 ea
3318 4576 3607 4648 provenire

2018 4681 2290 4728 asserunt.

2103 4760 2266 4815 Vens.
2300 4759 2353 4824 4,
2388 4759 2441 4815 5.
2494 4759 2562 4814 Et
2597 4760 2730 4814 nihil
2772 4770 2850 4813 est
2897 4757 3259 4828 rejiciendum,
3305 4757 3444 4827 quod
3487 4772 3605 4810 cunt

2025 4854 2328 4924 gratiarum
2360 4853 2567 4906 actione
2593 4850 2920 4921 percipitur:
2951 4850 3322 4918 sanctiﬁcatur
3363 4848 3497 4903 enim
3517 4862 3606 4917 per

2038 4944 2250 4998 verbum
2283 4942 2380 4996 Dei
2423 4948 2471 4995 et
2519 4942 2846 5020 orationem:
2878 4940 3095 5008 Ergone
3128 4939 3174 4995 si
3207 4938 3606 4998 sanctiticatur,

2039 5032 2381 5089 immundum
2407 5032 2532 5086 est?
2566 5020 2807 5096 Minime,
2841 5045 3026 5085 verum
3069 5046 3163 5101 per
3196 5030 3604 5086 concessionem

2039 5126 2145 5180 hoc
2174 5123 2352 5194 ponit.
2380 5119 2512 5175 Nam
2544 5123 2779 5192 primum
2806 5136 2901 5190 per
2936 5121 3251 5176 instantiam
3287 5120 3441 5185 dicit,
3472 5117 3608 5172 nihil

2038 5230 2162 5271 esse
2184 5212 2524 5267 immundum
2552 5229 2566 5267 :
2599 5211 2792 5267 deinde
2814 5227 2907 5281 per
2924 5211 3359 5272 concessionem,
3384 5207 3602 5267 Demus.

2037 5307 2236 5379 inquit,
2291 5309 2437 5375 quod
2495 5303 2756 5379 quiddam
2791 5306 2863 5361 sit
2895 5302 3237 5359 immundum
3263 5317 3280 5369 ;
3305 5299 3399 5356 sed
3434 5294 3606 5354 habes

1699 5577 1902 5642 Vat-ite
1923 5575 2251 5643 lectiones.

442 5670 488 5701 ³⁸
514 5669 813 5742 μετάληψιν
846 5672 986 5741 μετά
1022 5673 1373 5745 εὐχαριστίας
1405 5694 1475 5733 m.
1554 5678 1597 5712 ³⁸
1630 5678 1907 5750 ἁμαρτίαν
1934 5695 1986 5736 o.
2063 5678 2109 5713 ⁸³
2137 5679 2404 5735 Ἰουδαίων
2436 5679 2615 5750 πλήθη
2639 5693 2694 5735 ο.
2771 5679 2817 5712 ⁸³
2840 5676 3104 5749 ἐποίησαν
3124 5688 3181 5734 ο.
