4006 6214
395 323 464 393 55
1309 337 1878 399 TIIEUPHYI.ACTI
1919 338 2117 398 BULG
2127 338 2329 397 Alii/E
2362 338 2564 397 ARCH
2579 338 2718 400 [ΕΡ.
3558 339 3633 404 56

391 446 718 504 medicinam
761 465 773 502 :
809 447 984 517 signa,
1012 447 1218 516 gratias
1236 460 1352 516 age,
1379 446 1617 516 glorilica
1668 447 1857 512 Deum,
1894 463 1955 500 ac

2066 447 2381 515 σφράγισον,
2419 445 2835 515 εὐχαρίστησον,
2883 445 3105 512 δόξασον
3173 446 3264 500 τὸν
3327 445 3484 513 Θεὸν,
3538 450 3635 502 καὶ

394 537 574 594 deficit
597 536 958 591 immunditia.
985 534 1115 588 Nam
1135 535 1426 604 gratiarum
1453 535 1594 588 actio
1612 545 1805 589 cuncta
1828 552 1960 604 pur-

395 637 523 700 gat:
555 627 647 698 qui
677 641 805 681 vero
840 627 1088 695 ingratus
1124 632 1225 686 est,
1264 624 1381 694 ipse
1433 631 1517 680 est
1566 626 1879 681 immundus
1907 635 1964 680 et

399 719 666 789 pollutus.
707 719 844 771 Num
881 719 1049 786 igitur
1095 717 1240 786 quod
1278 718 1435 772 idolis
1473 727 1556 772 est
1601 719 1960 783 immolatum,

400 811 546 866 hunc
579 811 633 865 in
671 810 886 864 modum
922 808 1186 863 mundare
1207 810 1539 879 possumus?
1569 809 1887 874 Possumus,
1917 810 1963 864 si

397 904 716 973 ignoremus
785 901 1142 971 idolotltytum
1205 917 1348 956 esse.
1405 903 1461 957 Si
1533 917 1661 956 vero
1727 903 1964 956 scientes

395 991 815 1061 sumpserimus,
846 991 1108 1044 innnundi
1145 1006 1356 1055 sumus,
1401 1005 1505 1045 non
1533 994 1658 1060 quia
1691 992 1818 1044 illud
1849 992 1966 1045 ido-

393 1082 656 1153 lotltytutn
680 1081 772 1144 sit,
797 1083 892 1136 sed
917 1081 1044 1150 quia
1078 1097 1176 1136 nos
1197 1081 1366 1151 legem
1395 1081 1723 1152 transgressi
1750 1097 1960 1145 sumus,

396 1174 799 1242 praecipientem
831 1187 940 1226 non
979 1172 1490 1227 communicandum
1537 1187 1734 1227 tnenste
1763 1172 1966 1227 damno.

393 1264 631 1319 niorutn.
661 1263 926 1320 Voluntas
951 1265 1135 1334 itaque
1157 1273 1250 1318 tua
1273 1263 1623 1333 coinquinata
1654 1274 1758 1330 est,
1779 1274 1962 1336 utpote

395 1359 524 1427 quia
570 1373 677 1412 non
706 1358 1130 1428 obtemperasti;
1159 1373 1267 1412 non
1290 1357 1447 1411 cibus
1478 1365 1674 1412 natura
1713 1357 1812 1412 fuit
1847 1359 1963 1430 pol-

396 1448 564 1502 Intus.

465 1538 632 1594 Vens.
664 1539 716 1593 6.
756 1537 881 1592 [Iter
908 1554 1202 1607 proponens
1240 1539 1520 1608 fratribus,
1550 1540 1712 1595 bonus
1737 1543 1840 1595 eris
1862 1543 1962 1595 nai-

396 1632 558 1684 nister
586 1627 716 1684 Jesu
740 1629 959 1684 Christi.
993 1628 1138 1696 Hrec,
1170 1631 1396 1699 qualia?
1431 1631 1588 1696 Quod
1639 1635 1960 1704 mysterium

397 1738 656 1792 magnum
688 1729 791 1787 est,
820 1731 873 1777 et
912 1722 1056 1792 quod
1101 1722 1182 1776 sic
1231 1723 1506 1779 abstinere
1535 1739 1565 1776 a
1604 1725 1739 1778 cibis
1780 1735 1829 1779 et
1858 1741 1958 1778 nu.

395 1813 544 1880 ptiis,
567 1812 818 1866 doctrina
850 1811 1246 1866 daemoniorum
1269 1821 1372 1876 est,
1408 1821 1461 1866 ct
1487 1812 1591 1866 alia
1620 1829 1956 1885 quaecunque

393 1903 661 1970 praedixit.
719 1902 857 1968 Quid
893 1912 1071 1957 autent
1107 1911 1209 1966 est,
1243 1904 1574 1972 proponens?
1599 1905 1728 1968 Pro,
1760 1919 1958 1960 consu-

396 1993 537 2047 lens.
569 1991 687 2046 Non
729 1993 886 2057 dixit,
921 1991 1272 2063 Praecipiens,
1315 2008 1657 2062 nequaquam
1692 1994 1837 2050 enim
1867 1995 1957 2051 hic

395 2093 481 2139 est
501 2085 822 2139 auctoritas.

467 2173 747 2228 Enutritus
774 2176 938 2229 verbis
973 2176 1096 2244 fidei
1115 2185 1164 2229 et
1196 2174 1452 2230 doctrina
1484 2177 1650 2243 bonae,
1678 2193 1832 2248 quant
1869 2195 1959 2231 as-

395 2277 604 2320 secutus
646 2283 721 2320 es.
758 2265 932 2336 Supra
966 2266 1102 2322 dixit
1137 2286 1150 2322 :
1187 2265 1311 2322 Haec
1342 2268 1464 2323 aliis
1512 2285 1754 2340 propone
1787 2285 1801 2323 :
1843 2270 1956 2339 jam

397 2372 526 2411 vero
558 2358 634 2412 ait
663 2377 676 2412 :
709 2355 790 2412 Tu
821 2357 938 2428 ipse
967 2357 1128 2413 etiam
1173 2359 1499 2423 innutritus,
1529 2360 1631 2415 hoc
1647 2368 1750 2426 est,
1778 2361 1958 2415 conti-

396 2465 507 2505 nuo
541 2459 594 2506 et
633 2450 821 2506 sedulo
861 2451 1049 2506 eadem
1083 2467 1313 2507 versans
1341 2453 1547 2519 animo,
1583 2463 1638 2509 et
1667 2455 1831 2510 veluti
1864 2471 1959 2510 ru-

397 2539 636 2596 minans.
665 2541 1050 2597 lnccssabilem
1073 2543 1220 2598 enim
1255 2543 1320 2595 ad
1350 2543 1466 2598 haec
1496 2550 1852 2600 attentionem
1877 2546 1961 2600 in-

395 2628 610 2694 dicans,
659 2630 814 2694 dixit,
850 2631 1133 2684 enutritus.
1157 2631 1392 2686 Perinde
1431 2633 1576 2687 enim
1618 2643 1678 2686 ut
1715 2635 1961 2704 corporis

396 2715 713 2774 alimentum
767 2735 980 2788 semper
1025 2721 1334 2776 sumimus:
1369 2722 1449 2777 sic
1489 2721 1611 2778 ﬁdei
1660 2723 1961 2779 rationibus

399 2821 456 2866 et
483 2810 831 2867 sermonibus
859 2826 1074 2882 semper
1105 2829 1206 2868 nos
1237 2821 1454 2884 oportet
1477 2814 1760 2870 innutriri.

466 2985 632 3042 Vens.
679 2989 731 3042 7.
778 2988 990 3056 Ineptas
1024 2998 1195 3042 autem
1230 2999 1279 3042 et
1314 2991 1482 3045 aniles
1518 2991 1731 3060 fabulas
1766 2992 1959 3048 devita.

399 3076 512 3133 Hoc
541 3087 649 3142 est,
681 3085 805 3132 tuos
835 3079 1221 3133 commonel'ac
1256 3094 1444 3134 eorum
1482 3096 1604 3150 qua?
1634 3080 1746 3136 dixi
1785 3101 1798 3136 :
1832 3098 1962 3138 con-
1991 3119 2035 3174 ο

396 3177 481 3224 tra
511 3183 800 3238 perversos
827 3181 1008 3223 autem
1040 3183 1106 3222 ne
1140 3168 1445 3226 descendas
1470 3171 1523 3225 in
1555 3186 1776 3227 arenam
1806 3190 1820 3228 :
1855 3191 1963 3228 non

398 3259 542 3314 enim
573 3266 727 3328 potes
749 3259 859 3314 illis
889 3259 1173 3329 prodesse,
1203 3261 1306 3315 nisi
1340 3262 1611 3338 siquando
1643 3265 1962 3319 scandalum

399 3349 843 3415 subnasceretur,
889 3349 1056 3404 veluti
1108 3365 1209 3404 nos
1260 3359 1480 3422 prepter
1537 3352 1964 3410 imbecillitatem

402 3455 634 3509 pugnam
679 3439 948 3494 adversus
991 3440 1141 3510 ipsos
1183 3440 1487 3498 detrectare
1519 3442 1822 3498 videamur.
1864 3443 1966 3499 Fa~

397 3530 555 3587 bulas
581 3539 786 3595 autem,
818 3530 1076 3586 Judaicas
1098 3531 1514 3588 observationes
1545 3533 1698 3594 dicit.
1728 3535 1809 3588 vel
1836 3538 1963 3604 quia

396 3621 786 3677 comtnentitiaa
829 3631 977 3688 sunt,
1013 3622 1098 3678 vel
1143 3623 1272 3693 quia
1320 3625 1733 3692 lutempestivaa.
1771 3625 1962 3696 Cagita

400 3713 544 3768 enim
590 3713 646 3768 in
696 3713 879 3768 animo
913 3714 1089 3769 virum
1128 3715 1355 3785 triginta
1388 3715 1548 3786 573
1574 3730 1749 3769 annos
1775 3726 1961 3770 natum

399 3804 601 3858 laetere
633 3803 923 3868 volentem,
964 3819 1125 3873 quam
1157 3803 1423 3859 ridiculus
1449 3805 1573 3867 erit,
1600 3805 1742 3875 quod
1769 3805 1962 3860 inte-u-

400 3896 606 3965 pestive
642 3895 748 3951 boc
792 3895 995 3950 faciat?
1033 3896 1222 3952 Aniles
1269 3911 1419 3963 vero,
1467 3897 1614 3966 quod
1671 3897 1966 3964 antiquata:

399 3987 509 4041 sint
554 4004 568 4040 :
616 3985 858 4056 profante
923 3996 1100 4041 autem
1153 3995 1208 4041 et
1266 3987 1596 4052 immundae,
1679 3995 1964 4058 propterea

397 4077 546 4148 quod
597 4078 753 4132 tidem
799 4077 1120 4146 impediant.
1159 4077 1214 4132 ln
1262 4085 1464 4134 metum
1500 4079 1644 4133 enim
1687 4077 1965 4148 conjicere

400 4167 660 4235 animam,
695 4183 817 4238 qua:
851 4167 936 4222 bis
960 4167 1217 4222 omnibus
1239 4167 1581 4224 caeremoniis
1610 4170 1964 4226 excellentior

401 4257 472 4312 sit
497 4256 658 4321 facta,
697 4256 1103 4312 itnmundornm
1138 4265 1224 4313 est
1266 4265 1683 4327 praceptorum.

473 4345 671 4403 Exerce
711 4357 885 4403 autem
933 4349 1154 4419 teipsum
1189 4349 1256 4402 ad
1289 4350 1552 4416 pietatem.
1611 4347 1721 4404 Hoc
1749 4359 1855 4414 est,
1891 4351 1956 4404 ad

2065 539 2362 592 ἀποπίπτει
2417 535 2801 606 ήάκαθαρσία.
2877 535 2943 588 Ἦ
3007 537 3102 606 μὲν
3155 539 3263 608 γὰρ
3317 539 3637 608 εὐχαριστία

2064 628 2240 680 πάντα
2267 626 2573 697 καθαρίζει.
2615 625 2674 678 ’0
2705 627 3001 696 ἀχάριστος
3031 627 3089 679 δὲ
3155 629 3250 680 καὶ
3283 627 3447 690 αὐτὸς
3501 627 3637 680 ἀκά-

2065 719 2260 790 Θαρτος
2308 719 2402 770 καὶ
2433 717 2648 789 μιαρός.
2712 715 2859 788 *Αρα
2911 713 3004 770 οὖν
3039 719 3133 789 καὶ
3185 718 3247 772 τὸ
3290 718 3636 772 εἰδωλόθυτον

2066 809 2209 863 οὕτω
2237 808 2516 878 δυνάμεθα
2554 810 2883 880 καθαίρειν;
2938 809 3066 873 Ναὶ,
3131 812 3228 862 ὲὶν
3288 811 3362 879 μὴ
3404 811 3636 878 εἰδῶμεν

2063 901 2146 953 ὅτι
2169 900 2515 953 εἰδωλόθυτόν
2543 902 2689 954 ἐστιν
2711 918 2740 932 ο·
2761 901 2856 954 ἐὰν
2877 901 2932 953 δὲ
2961 901 3186 968 γνόντες
3213 901 3630 970 μεταλάϐωμεν,

2065 991 2362 1060 ἀκάθαρτοί
2390 993 2577 1060 ἐσμεν,
2608 992 2704 1062 οὐχ
2733 993 2815 1044 ὅτι
2872 994 3051 1044 ἐκεῖνο
3083 991 3433 1044 εἰδωλόθυτόν
3463 995 3634 1055 ἐστιν,

2064 1081 2178 1136 ἀλλ’
2209 1082 2289 1135 ὅτι
2316 1083 2477 1152 ἡμεῖς
2516 1082 2680 1150 νόμον
2714 1083 3060 1152 παρέὁημεν,
3111 1081 3204 1134 τὸν
3236 1081 3522 1134 κελεύοντα
3558 1083 3634 1152 μὴ

2065 1175 2340 1227 κοινωνεῖν
2371 1173 2648 1243 τραπέζης
2670 1173 2982 1242 δαιμονίων.
3011 1174 3174 1226 Ὥστε
3205 1173 3239 1241 ἠ
3269 1172 3334 1241 σὴ
3378 1171 3636 1240 προαίρε-

2067 1281 2150 1327 σις
2185 1264 2520 1333 μεμόλυνται
2552 1264 2628 1328 ὡς
2671 1265 3136 1334 παρακούσαντοςο
3169 1264 3231 1317 οὐ
3271 1263 3331 1316 τὸ
3350 1263 3544 1334 βρῶμα
3567 1259 3634 1334 ἦν

2069 1355 2262 1426 μιαρδν
2285 1353 2465 1425 φύσει.

2139 1537 2329 1592 Ταῦτα
2357 1537 2781 1605 ὑποτιθέμενος
2829 1535 2952 1602 τοῖς
2995 1535 3302 1604 ἀδελφοῖς,
3352 1534 3632 1601 διάκονος

2063 1628 2177 1697 ἔσῃ
2207 1627 2394 1692 καλὸς
2434 1625 2627 1695 Ἰησοῦ
2646 1625 2926 1694 Χριστοῦ.
2956 1624 3161 1688 Ταῦτα,
3197 1627 3363 1691 ποίας
3422 1626 3541 1678 ὐτι
3571 1624 3632 1678 τὸ

2067 1719 2362 1788 μυστήριον
2390 1717 2534 1786 μέγα
2568 1717 2717 1769 ἐστίν
2740 1733 2752 1747 ·
2783 1715 2864 1768 ὅτι
2895 1715 2955 1768 τὸ
2990 1714 3290 1785 ἀπέχεσθαι
3349 1715 3491 1768 οὕτω
3527 1715 3628 1781 γά-

2067 1826 2167 1879 μου
2193 1809 2286 1861 καὶ
2318 1808 2644 1879 βρωμάτων,
2679 1808 2950 1878 δαιμόνων
3011 1809 3152 1870 ἐστὶ,
3195 1809 3288 1860 καὶ
3347 1806 3445 1860 ὅσα
3496 1807 3630 1862 ἄλλα

2061 1904 2310 1970 προεῖπε.
2339 1901 2404 1954 Τί
2434 1902 2489 1954 δέ
2512 1902 2678 1964 ἐστιν,
2701 1899 3118 1968 ὑποτιθέμενος
3140 1917 3160 1964 ;
3191 1900 3334 1952 ’Λντὶ
3355 1897 3470 1961 τοῦ,
3495 1915 3631 1966 συμ-

2063 1991 2350 2045 ϐουλεύων.
2379 1992 2491 2045 Οὐκ
2524 1987 2698 2057 εἶπεν,
2734 1991 3068 2045 Ἐπιτάττων
3094 2007 3106 2021 ο
3139 1988 3370 2060 οὐδαμοῦ
3399 1988 3506 2057 γὰο
3534 1989 3630 2042 αύ-

2063 2081 2244 2136 θεντία
2281 2079 2532 2136 ἐνταῦθα.

2144 2177 2606 2245 Ἕντρεφόμενος
2649 2174 2773 2242 τοῖς
2804 2176 3009 2245 λόγοις
3059 2174 3169 2242 τῆς
3220 2175 3476 2238 πίστεως
3535 2170 3634 2224 και

2061 2268 2172 2336 τῆς
2225 2267 2418 2336 καλῆς
2477 2266 2898 2333 διδασκαλίας,
2982 2259 3021 2336 ᾗ
3073 2265 3632 2334 παρηκολούθηκας.

2065 2355 2250 2424 Εἶπεν,
2270 2360 2354 2413 ὅτι
2394 2355 2715 2411 ’Υποτίθεσο
2739 2361 2853 2420 τοῖς
2879 2357 3057 2419 ἄλλοις
3087 2355 3258 2410 ταῦτα
3279 2369 3295 2384 ο
3320 2353 3414 2407 νῦν
3445 2369 3630 2423 φησιν,

2063 2453 2143 2506 ὅτι
2172 2451 2282 2504 Καὶ
2309 2449 2472 2511 αὐτὸς
2512 2449 2575 2503 σὺ
2606 2449 3024 2518 ἐντρεφόμενος,
3063 2445 3333 2507 τουτέστι,
3391 2443 3632 2514 συνεχῶς

2062 2542 2132 2595 τὰ
2161 2540 2301 2595 αὐτὰ
2334 2539 2604 2610 στρέφων,
2650 2539 2741 2593 καὶ
2791 2535 2902 2592 οἷον
2963 2535 3493 2607 ἁναμηρυκὼμενος.
3558 2533 3632 2586 Τὸ

2064 2636 2172 2704 γάρ
2193 2633 2536 2688 ἀδιάλειπτον
2565 2632 2662 2700 τῆς
2691 2633 2772 2693 είς
2793 2631 2858 2683 τά
2885 2628 3104 2683 τοιαῦτα
3137 2627 3407 2697 προσοχῆς
3431 2625 3627 2696 δηλῶν,

2065 2719 2185 2776 εἷπε
2242 2721 2323 2785 τὸ,
2371 2721 2822 2792 ἐντρεφόμενος.
2855 2719 3066 2789 ’Ὠσπερ
3097 2717 3204 2787 γάρ
3233 2716 3333 2786 τὴν
3388 2732 3631 2784 σωματι-

2066 2814 2170 2885 κὴν
2199 2814 2401 2882 τροφὴν
2434 2815 2521 2866 ἀεὶ
2550 2812 2898 2882 λαμϐάνομεν
2920 2826 2934 2840 ·
2959 2808 3103 2862 οὓτω
3121 2808 3215 2862 καὶ
3242 2809 3356 2870 τοῖς
3379 2807 3508 2876 περὶ
3531 2804 3631 2874 τῆς

2068 2905 2303 2967 πίστεως
2333 2904 2514 2972 λόγοις
2547 2902 2634 2956 ἀεὶ
2657 2902 2736 2955 δεῖ
2763 2899 3142 2970 ἐντρέφεσθαι.

2161 2993 2312 3060 Τοὺς
2363 2991 2750 3062 δὲβεόήλους
2779 2991 2872 3043 καὶ
2907 2988 3188 3057 γραώδεις
3219 2985 3447 3055 μύθους
3483 2996 3630 3050 πιερ-

2067 3084 2255 3139 αιτοῦ.
2323 3083 2604 3145 Τουτέστι,
2636 3083 2749 3143 τοῖς
2775 3080 2872 3150 μὲν
2908 3084 3020 3140 σοῖς
3053 3077 3308 3148 παραίνει
3354 3074 3390 3130 ἃ
3423 3069 3574 3127 εἷπον
3610 3088 3625 3103 ⁸

2067 3176 2202 3246 πρὸς
2229 3175 2284 3228 δὲ
2312 3175 2437 3236 τοὺς
2468 3171 2958 3242 διεστραμμένους,
3005 3169 3141 3240 μηδὲ
3199 3170 3279 3231 είς
3323 3164 3630 3235 γυμνασίαν

2066 3267 2341 3336 καταϐᾔςο
2368 3266 2428 3318 ού
2467 3263 2575 3334 γάρ
2613 3265 2763 3316 ἐστιν
2787 3261 2982 3324 αὐτοὺς
3017 3260 3314 3328 ὠφελῆσαι,
3367 3255 3504 3324 πλὴν
3552 3253 3630 3306 εί-

2065 3377 2194 3414 ποτε
2231 3357 2520 3413 σκάνδαλον
2550 3355 2844 3424 ἀναφύοιτο
2871 3353 2958 3417 ³³⁸,
2983 3353 3059 3414 ὡς
3075 3351 3144 3404 δι’
3165 3349 3446 3404 ἀσθένειαν
3471 3346 3631 3416 ἡμῶν

2065 3449 2518 3520 παραιτουμένων
2583 3447 2684 3518 τὴν
2724 3446 2859 3516 πρὸς
2909 3443 3108 3506 αὐτοὺς
3169 3442 3378 3512 μάχην.
3413 3438 3632 3499 Μύθους

2063 3538 2142 3603 δὲ,
2174 3539 2270 3600 τὰς
2307 3537 2607 3600 Ἰουδαϊκὰς
2643 3535 3052 3606 παρατηρήσεις
3080 3534 3250 3601 λέγει,
3285 3530 3320 3601 ἦ
3345 3529 3420 3592 ὡς
3454 3544 3632 3599 παρα·

2065 3629 2464 3700 πεποιημένας,
2497 3628 2637 3699 ἣδιά
2659 3628 2720 3681 τδ
2754 3629 3008 3698 ἄκαιρον.
3067 3624 3351 3693 Ἐννόησον
3379 3621 3485 3691 γάρ
3542 3637 3633 3688 μοι

2063 3720 2231 3792 ἄνδρα
2260 3719 2556 3792 τριάκοντα
2610 3719 2706 3788 ἔτη
2747 3718 2999 3785 θηλάζειν
3031 3714 3273 3778 θέλοντα,
3317 3713 3434 3774 πῶς
3484 3711 3634 3764 ἐσται

2065 3811 2470 3880 καταγέλαστος
2521 3809 2609 3864 διὰ
2664 3810 2726 3863 τὸ
2780 3809 3030 3878 ἄκαιρον.
3076 3804 3349 3878 Γραὼδεις
3384 3803 3483 3873 μὲν
3520 3800 3632 3866 οὖν,

2062 3901 2149 3954 διὰ
2181 3900 2242 3954 τὸ
2297 3900 2711 3954 πεπαλαιῶσθαι
2737 3913 2752 3929 ο
2815 3899 3030 3970 βέϐηλοι
3067 3897 3124 3950 δὲ
3169 3895 3264 3950 καὶ
3312 3893 3632 3960 ἀκάθαρτοι,

2061 3989 2149 4044 διὰ
2194 3989 2257 4042 τὸ
2324 3989 2635 4061 ἐμποδίζειν
2672 3992 2739 4060 τῇ
2789 3990 2989 4043 πίστει.
3058 3985 3132 4040 Τὸ
3181 3987 3286 4056 γὰρ
3332 3984 3439 4036 ὑπὸ
3470 3980 3636 4051 φόϐον

2062 4083 2219 4150 ἄγειν
2248 4082 2348 4154 τὴν
2387 4083 2646 4155 ἀνωτέρω
2690 4081 2894 4134 τούτων
2949 4078 3250 4148 γενομένην
3294 4075 3492 4147 ψυχὴν,
3529 4073 3637 4126 τῶν

2063 4172 2392 4244 ἀκαθάρτων
2447 4174 2566 4227 ἐστὶ
2628 4171 3127 4241 παραγγελμάτων.

2136 4348 2463 4417 Γύμνασον
2487 4343 2556 4397 δὲ
2583 4342 2846 4396 σεαυτὸν
2875 4343 3022 4409 πρὸς
3076 4342 3407 4396 εὐσέϐειαν.
3470 4339 3636 4393 Τουτ-

405 4436 561 4490 lidem
584 4451 798 4506 puram,
833 4439 1113 4506 vitamque
1146 4446 1384 4492 rectam:
1411 4438 1460 4491 id
1487 4437 1630 4491 enim
1657 4447 1738 4494 est
1771 4441 1962 4518 pietas.

2072 4435 2210 4501 έστι,
2248 4436 2381 4504 πρὸς
2410 4434 2592 4487 πίστιν
2652 4431 2899 4502 καθαρὰν
2942 4433 3035 4484 καὶ
3087 4431 3201 4502 βίον
3236 4431 3418 4503 όρθόνσ
3480 4431 3636 4484 τοῦτο

404 4521 552 4590 Opus
583 4532 668 4578 est
707 4523 874 4593 igitur
903 4525 1168 4579 exercitio
1219 4535 1274 4581 et
1311 4526 1592 4580 continuis
1638 4527 1916 4581 laboribus
1950 4547 1962 4582 :

405 4612 496 4678 qtti
523 4613 666 4666 enim
690 4624 992 4680 exercetur,
1009 4618 1222 4673 etiamsi
1246 4629 1521 4674 certamen
1539 4634 1644 4672 non
1665 4618 1732 4672 sit
1753 4627 1968 4688 praesto,

409 4711 582 4757 certat
608 4710 665 4758 ut
687 4704 917 4762 sudores
941 4708 1158 4762 excitet.
1734 4770 1738 4774 ,

489 4792 651 4851 Vens.
689 4797 742 4852 8.
779 4795 921 4850 Nam
950 4799 1239 4868 corporalis
1271 4800 1576 4854 exercitatio
1607 4801 1676 4853 ad
1706 4801 1965 4854 modicum

409 4890 558 4944 utilis
586 4897 684 4943 est.
729 4885 960 4953 Quidam
989 4887 1258 4958 jejunium
1307 4889 1644 4958 corporalem
1697 4890 1963 4942 exercita-

413 4981 612 5034 tionem
640 4993 765 5034 esse
795 4979 1006 5045 dicunt,
1031 4979 1123 5034 sed
1156 4996 1262 5032 non
1293 4975 1376 5032 est
1409 4998 1422 5031 :
1471 4994 1593 5031 nam
1627 4979 1768 5032 istud
1811 4979 1972 5048 spiri-

413 5068 560 5124 tuale
587 5077 694 5124 est.
718 5067 915 5124 Verum
939 5069 1186 5139 corporis
1212 5069 1662 5123 exercitationem
1695 5070 1966 5140 intelligit,

409 5175 530 5230 qua:
559 5160 760 5215 multos
786 5161 1000 5215 labores
1029 5161 1258 5222 habens,
1285 5160 1559 5214 modicum
1596 5162 1814 5230 prodest
1844 5179 1966 5217 cor-

409 5249 552 5319 pori,
584 5258 638 5304 et
669 5258 911 5318 tempore
937 5247 1226 5301 admodum
1259 5249 1475 5319 exiguo.
1630 5247 1632 5250 ’

483 5338 663 5394 Pietas
715 5349 888 5392 autem
931 5336 999 5391 ad
1029 5337 1206 5390 omnia
1245 5339 1389 5390 utilis
1435 5351 1532 5402 est,
1570 5344 1970 5410 promissionem

409 5427 604 5485 habens
634 5431 752 5484 vita:
772 5443 888 5496 qua
917 5443 1056 5480 nunc
1079 5437 1178 5493 est,
1207 5439 1258 5484 et
1280 5428 1496 5497 futura.
1532 5430 1733 5502 Pietas,
1767 5434 1968 5504 inquit,

2075 4525 2184 4594 γὰρ
2210 4523 2480 4577 εὐσέϐεια.
2517 4522 2827 4590 Γυμνασίας
2857 4522 2964 4591 ἄρα
3001 4523 3158 4592 χρεία
3188 4524 3281 4574 καὶ
3333 4522 3508 4575 πόνων
3555 4521 3633 4573 δι·

2074 4613 2307 4684 ηνεκῶν·
2341 4615 2370 4665 ὁ
2397 4614 2504 4679 γὰρ
2549 4611 2960 4680 γυμναζόμενος
2993 4612 3086 4664 καὶ
3118 4611 3327 4680 ἀγῶνος
3360 4612 3434 4682 μὴ
3462 4610 3634 4672 ὄντος,

2072 4703 2395 4771 ἀγωνίζεται
2433 4703 2662 4773 ἱδρῶτας
2691 4703 2733 4734 ³⁸
2772 4702 2935 4772 ἔχειν.

2159 4794 2227 4848 Ἦ
2256 4793 2365 4863 γὰρ
2397 4792 2699 4863 σωματικὴ
2733 4792 3033 4861 γυμνασία
3061 4792 3208 4858 πρὸς
3237 4792 3444 4860 ὀλίγον
3467 4791 3639 4844 ἐστὶν

2077 4887 2390 4957 ὠφέλιμος.
2476 4885 2630 4948 Τινὲς
2679 4886 2778 4955 τὴν
2855 4883 3100 4954 νηστείαν
3139 4883 3271 4951 φασὶ
3321 4881 3638 4952 σωματικὴν

2073 4981 2400 5050 γυμνασίαν⁶
2454 4978 2694 5032 ἀλλὀὐκ
2745 4979 2880 5030 ἐστι’
2927 4974 3268 5045 πνευματικὴ
3319 4975 3425 5045 γὰρ
3472 4973 3636 5042 αὕτη.

2087 5073 2246 5128 Ἀλλά
2304 5071 2401 5142 τὴν
2457 5071 2550 5124 τοῦ
2600 5070 2849 5140 σώματος
2913 5069 3141 5135 ἄσκησιν
3189 5067 3466 5138 σημαίνει,
3519 5068 3640 5134 ἥτις

2075 5165 2270 5226 πόνους
2297 5163 2493 5232 ἔχουσα
2523 5162 2768 5225 πολλοὺς,
2829 5160 3006 5228 ὀλίγον
3041 5157 3289 5228 ὠφέλησε
3347 5156 3407 5209 τὸ
3457 5155 3635 5225 σῶμα,

2078 5258 2171 5308 καὶ
2200 5255 2332 5325 πρὸς
2354 5255 2562 5326 καιρόν.
3147 5235 3152 5243 ⁸

2157 5346 2218 5399 Ἠ
2243 5344 2310 5397 δὲ
2357 5343 2628 5398 εὐσέϐεια
2680 5343 2826 5411 πρὸς
2877 5341 3071 5396 πάντα
3112 5339 3404 5411 ὠφέλιμός
3444 5339 3613 5392 ἐστιν

2078 5437 2440 5507 ἐπαγγελίαν
2476 5437 2704 5505 ἔχουσα
2738 5434 2886 5504 ζωῆς
2916 5433 3025 5504 τῆς
3054 5435 3167 5489 νῦν
3217 5433 3310 5488 καί
3340 5430 3448 5501 τῆς
3492 5433 3638 5502 pel»
3731 5495 3738 5499 _

1729 5612 1936 5675 Variae
1967 5612 2293 5677 lectiones.

486 5731 554 5763 ³⁸·
587 5729 880 5798 ἀναφύοιτο
911 5730 1132 5785 τοσοῦτο
1153 5735 1265 5797 τοῖς
1295 5733 1529 5799 πολλοῖς.

1610 5739 1653 5770 ³⁸
1693 5737 1918 5809 ἱδρῶτος
1950 5739 2071 5810 ἄχρι
2097 5759 2150 5799 ο.
