4006 6214
342 307 416 373 57
1101 316 1507 382 EXPOSITIO
1527 323 1610 382 IN
1652 323 1889 386 EPIST.

2044 327 2092 384 D
2116 324 2429 386 ΤΙΜΟΊἩ.
2462 352 2529 362 -
2560 327 2717 388 CAP.
2761 331 2860 390 ιν.
3541 334 3611 394 58

639 417 927 485 Ἐνταῦθα,
957 426 1143 494 φησὶν,
1184 428 1491 485 άνακτᾶται
1517 433 1608 485 τὸν
1637 433 1923 504 ἄνθρωπον

2034 433 2308 489 hominem
2366 435 2454 488 hic
2481 435 2676 490 rellcit.
2725 436 2826 499 Qui
2882 436 3028 490 eui-.n
3079 436 3283 491 nullius
3333 437 3458 491 mali
3504 423 3608 493 sibi

343 514 385 584 ἢ
415 512 690 567 εὐσέϐεια.
731 515 788 567 '0
806 515 915 584 γάρ
947 517 1111 586 μηδὲν
1141 520 1321 591 ἑαυτῷ
1377 524 1636 588 συνειδὼς
1667 513 1924 598 πονηρὸν,

344 604 448 659 καὶ
489 605 724 658 ἐνταῦθα
765 608 1044 672 γάννυται,
1093 611 1192 673 τὰς
1231 613 1574 680 ἀπαγγελίας
1624 615 1737 667 τῶν
1801 617 1930 685 μελ-

342 695 553 749 λόντων
583 695 806 766 ἀγαθῶν
834 696 1059 766 βεϐαίας
1108 701 1268 770 ἔχων,
1302 705 1393 756 καὶ
1422 707 1538 757 ἐκεῖ
1561 705 1616 758 δὲ
1641 705 1739 775 τὴν
1755 706 1930 777 ἀληθῆ

343 789 500 857 ζωὴν
529 787 617 857 ζῇ.
649 788 788 842 Ἀπὸ
820 791 1161 860 συγκρίσεως
1201 793 1276 846 δὲ
1322 795 1566 849 δείκνυσι
1614 797 1716 868 τὴν
1761 798 1931 868 ὑπερ-

342 878 486 948 οχὴν
506 880 604 949 τῆς
633 880 940 942 εὐσεϐείας.

420 972 649 1036 Πιστὸς
675 975 706 1025 ό
731 974 934 1041 λόγος,
991 974 1090 1026 καὶ
1138 975 1342 1043 πάσης
1393 978 1704 1049 ἀποδοχῆς
1740 983 1926 1049 ἄξιος.

343 1061 636 1124 τουτέστι,
658 1062 867 1130 ἀληθὴς
907 1065 1001 1115 καὶ
1025 1064 1173 1130 ἄξιος
1216 1066 1621 1136 εὐπαράδεκτος
1651 1067 1786 1122 εἶναι
1824 1073 1930 1124 πᾶ-

346 1171 460 1217 σιν,
492 1153 566 1216 ὡς
601 1154 990 1223 άναμφίϐολος.
1024 1157 1180 1219 Ποῖος
1206 1157 1364 1224 λόγος
1397 1177 1411 1224 ;
1445 1160 1524 1212 δτι
1563 1161 1659 1214 καὶ
1699 1163 1930 1216 ἐνταῦθα

343 1245 445 1295 καὶ
477 1244 595 1296 ἐκεῖ
625 1245 658 1313 ἡ
691 1244 941 1297 εὐσέϐεια
971 1245 1191 1313 ὠφελεῖ.
1245 1249 1528 1318 Πανταχοῦ
1553 1252 1608 1304 δὲ
1642 1252 1739 1319 τῆς
1774 1253 1928 1306 Ἐπι-

342 1334 546 1402 στολῆς
577 1334 733 1387 τοῦτο
782 1335 1003 1403 ἐπάγει,
1057 1339 1152 1390 καὶ
1211 1339 1272 1390 οὐ
1326 1339 1495 1393 δεῖται
1551 1343 1926 1411 κατασκευῆς,

339 1425 464 1478 ἀλλ’
491 1428 881 1496 άποφαίνεταιυ
916 1429 1050 1498 πρὸς
1103 1430 1212 1501 γὰρ
1247 1431 1512 1501 Τιμόθεον
1557 1427 1625 1503 ἦν
1691 1436 1718 1486 ὁ
1771 1433 1929 1502 λόγος

339 1516 519 1586 αὐτῷ.

419 1607 524 1668 Εις
550 1605 725 1658 τοῦτο
760 1606 866 1676 γὰρ
911 1607 1008 1660 καί
1055 1609 1355 1679 κοπιῶμεν
1383 1613 1480 1666 καί
1507 1614 1923 1683 ὀνειδιζόμεθα,

345 1696 438 1750 ὅτι
458 1699 802 1768 ἠλπίκαμεν
823 1699 922 1751 ἐπὶ
955 1699 1077 1764 Θεῷ
1109 1700 1293 1760 ζῶντι.
1362 1705 1612 1758 Δείκνυσι
1663 1709 1802 1777 τίςὴ
1835 1709 1924 1760 εὐ-

2035 526 2292 582 conscius
2317 538 2422 589 est,
2471 527 2524 580 in
2557 528 2660 582 hoc
2695 541 2809 580 aevo
2852 528 3178 590 delectatur,
3223 528 3613 598 promissiones

2034 612 2344 668 futurorum
2401 615 2668 668 bonorum
2717 614 2902 671 ﬁrmas
2956 615 3213 681 habens;
3264 616 3375 669 illic
3426 625 3607 670 autem

2033 721 2216 760 veram
2252 706 2418 759 vitam
2453 708 2608 760 vivit.
2648 708 2695 762 Α
2738 709 3149 778 comparatione
3177 718 3359 763 autem
3393 709 3610 778 pietatis

2032 797 2409 852 excellentiam
2446 808 2866 854 commonstrat.

2106 979 2270 1033 Vens.
2297 979 2348 1033 9.
2383 977 2586 1033 Fidelis
2615 997 2807 1045 sermo,
2827 994 2877 1035 et
2899 983 3043 1034 omni
3067 981 3365 1048 acceptione
3394 979 3606 1050 dignus.

2035 1070 2146 1124 Hoc
2173 1079 2279 1135 est,
2306 1085 2486 1131 verus,
2521 1081 2574 1124 et
2607 1071 2805 1140 dignus
2839 1073 3036 1140 estqui
3066 1073 3367 1141 accipiatur
3391 1074 3456 1128 ab
3491 1088 3609 1125 0m-

2034 1163 2214 1224 nibus,
2249 1161 2538 1229 utpoleqni
2565 1161 2636 1215 sit
2670 1163 2890 1217 minime
2925 1164 3147 1218 dubius.
3171 1165 3359 1229 Qualis
3390 1164 3608 1219 sermo?

2031 1254 2174 1322 quod
2207 1261 2258 1306 et
2289 1252 2374 1305 hic
2392 1252 2572 1306 etillic
2590 1251 2762 1317 pietas
2797 1253 2945 1308 utilis
2969 1255 3067 1309 sit.
3099 1253 3201 1306 Per
3221 1263 3386 1308 totam
3424 1262 3604 1307 autem

2033 1340 2333 1407 Epistulam
2363 1339 2466 1392 hoc
2499 1339 2683 1402 infert,
2729 1354 2829 1393 nec
2866 1355 3002 1406 opus
3033 1341 3196 1395 habet
3232 1341 3604 1394 conlirmatio-

2033 1447 2120 1493 ne,
2165 1430 2259 1484 sed
2315 1432 2560 1484 enuntiat
2599 1443 2615 1482 :
2663 1429 2730 1483 ad
2763 1429 3107 1485 Timetheum
3147 1431 3289 1485 enim
3326 1431 3375 1485 ci
3423 1446 3602 1485 sermo

2030 1531 2166 1575 erat.

2101 1612 2262 1666 Vens.
2294 1611 2379 1665 10.
2411 1611 2473 1665 1η
2505 1610 2601 1664 hoc
2624 1611 2762 1664 enim
2788 1619 2836 1665 et
2872 1610 3204 1674 laboramus,
3235 1619 3284 1665 et
3331 1609 3605 1663 maledici-

2031 1721 2167 1763 mur,
2187 1705 2312 1772 quia
2341 1720 2614 1772 speramus
2647 1704 2697 1756 in
2735 1703 2840 1757 Deo
2859 1704 3077 1756 vivente.
3100 1701 3349 1757 Ostendit
3381 1717 3502 1771 qua:
3533 1702 3606 1755 sit

344 1793 552 1851 σέϐεια,
585 1793 777 1844 κα“ιότι
809 1792 876 1861 ῆν
903 1793 1058 1844 αὐτοὶ
1093 1794 1143 1846 οἱ
1200 1795 1488 1848 ἀπόστολοι
1521 1798 1875 1866 μετέρχονται
1908 1816 1919 1827 ·

2032 1799 2222 1866 pietas.
2277 1811 2437 1865 quam
2510 1797 2608 1863 ipsi
2684 1797 2942 1848 nimirum
2991 1795 3223 1863 apostoli
3263 1802 3601 1848 exerceant:

343 1883 444 1936 καὶ
475 1885 874 1947 κατασκευάζει
897 1884 1011 1946 πῶς
1043 1887 1141 1951 τῆς
1167 1886 1468 1954 μελλούσης
1496 1889 1641 1958 ζωῆς
1658 1889 1754 1953 τὰς
1775 1891 1922 1942 ἐλπί-

341 1973 441 2036 δας
468 1974 601 2044 ἔχει,
642 1974 736 2027 καί
763 1992 955 2042 φησιν.
981 1974 1083 2040 Εις
1110 1977 1306 2038 τοῦτο,
1336 1979 1458 2031 ἀντὶ
1481 1980 1596 2042 τοῦ,
1629 1980 1716 2033 διὰ
1739 1981 1916 2045 τοῦτο,

345 2067 445 2119 καί
476 2066 772 2136 κοπιῶμεν
800 2068 898 2120 καί
938 2066 1360 2136 ὀνειδιζόμεθα.
1392 2071 1547 2134 Τίνος
1595 2071 1704 2140 γὰρ
1732 2072 1920 2127 ἕνεκεν

347 2158 831 2228 κατακοπτόμεθα,
891 2160 940 2209 εί
979 2158 1053 2228 μὴ
1084 2158 1151 2211 τά
1184 2159 1446 2227 μέλλοντα
1477 2163 1916 2233 προσεδοκῶμεν,

346 2247 384 2302 ἃ
408 2247 567 2302 δώσει
594 2249 729 2318 μετὰ
756 2250 850 2302 τὸν
872 2250 1096 2303 θάνατον
1116 2253 1249 2320 ἡμῖν
1268 2253 1296 2304 ὁ
1322 2252 1431 2313 ζῶν
1448 2254 1580 2316 Θεὸς
1607 2271 1622 2319 ;
1651 2254 1917 2308 Ἐνταῦθα

347 2339 448 2410 μὲν
475 2341 584 2410 γὰρ
621 2341 881 2404 πολλάκις
913 2343 1244 2412 στρατιῶται
1309 2343 1578 2412 βασιλέως
1627 2345 1918 2414 προκινδυο

350 2432 645 2495 νεύσαντες
676 2432 964 2486 ἁπόλλουσι
985 2433 1087 2497 τάς
1109 2435 1365 2502 ἀμοιϐὰς,
1401 2435 1770 2495 ἀποθανόντες
1823 2453 1920 2504 με-

343 2517 482 2581 ταξῦ
512 2518 723 2572 ἐκείνου
751 2535 766 2550 ο
789 2517 942 2590 ἡμῶν
964 2519 1020 2573 δὲ
1047 2522 1076 2573 δ
1103 2521 1366 2584 Βασιλεὺς
1410 2523 1476 2592 ζῇ
1505 2525 1613 2586 ἀεὶ,
1643 2524 1784 2576 ὥστε
1822 2526 1918 2577 καὶ

343 2608 435 2662 ἀεὶ
457 2610 696 2666 δίδωσιν.

418 2699 524 2765 "Oc
558 2700 690 2754 ἐστι
745 2703 948 2772 Σωτὴρ
997 2704 1240 2759 πάντων
1275 2706 1623 2776 ἀνθρώπων,
1650 2707 1919 2777 μάλιστα

343 2785 593 2842 πιστῶν.
621 2792 901 2857 Τουτέστι,
957 2795 1169 2857 πάντας
1217 2797 1360 2852 ϐέλει
1395 2799 1632 2870 σωθῆναι
1675 2801 1772 2853 καὶ
1832 2803 1920 2853 ὲν-

347 2877 528 2934 ταῦθα
555 2881 652 2934 καὶ
678 2884 792 2936 ἐκεῖ
819 2897 835 2913 ⁸
863 2886 1086 2940 πλείονα
1115 2888 1172 2942 δὲ
1202 2890 1442 2961 σπουδὴν
1509 2889 1746 2944 ἐνταῦθα
1789 2892 1920 2960 περὶ

346 2969 478 3032 τοὺς
501 2974 726 3038 πιστοὺς
757 2975 968 3032 τίθεται
996 2980 1085 3033 ³⁸”.
1115 2979 1179 3033 Ei
1217 2979 1294 3050 μὴ
1317 2981 1428 3053 γὰρ
1477 2982 1644 3046 αὐτὸς
1695 2982 1922 3046 τούτους

347 3059 546 3126 ἔσωσε,
584 3062 703 3128 πῶς
725 3065 792 3119 ἂν
817 3066 1078 3138 ἀντέσχον
1108 3069 1214 3123 ὐπὸ
1235 3072 1455 3125 πάντων
1483 3071 1611 3125 πολε
1621 3072 1917 3142 μούμενοι;

344 3151 446 3205 Διά
479 3152 536 3206 δὲ
581 3155 789 3209 τούτων
841 3161 1108 3230 παρορμᾷ
1161 3161 1255 3214 τὸν
1312 3161 1580 3233 Τιμόθεον
1613 3164 1756 3235 πρὸς-
1801 3164 1925 3227 τοὺς

344 3245 646 3311 κινδύνους.
697 3251 790 3320 Μὴ
824 3253 934 3320 γάρ
993 3253 1210 3320 ἐκλύου,
1264 3257 1420 3324 φησι,
1488 3257 1735 3310 τοιοῦτον
1787 3257 1926 3327 ἔχων

339 3335 499 3400 Θεὸν,
549 3339 685 3408 μηδὲ
719 3341 819 3411 τὴν
878 3345 1008 3410 παρ’
1029 3345 1235 3416 ἑτέρων
1268 3346 1590 3416 συμμαχίαν
1642 3345 1924 3412 ὲπικαλοῦ,

339 3425 463 3482 ἀλλ’
486 3429 673 3496 ἐλπιζε
705 3431 794 3485 ἐπ’
820 3434 1048 3488 ἐκεῖνον·
1081 3434 1148 3506 ζῇ
1180 3434 1312 3506 γάρ,
1341 3437 1434 3491 καὶ⁵
1458 3437 1653 3508 Σωτήρ
1680 3439 1818 3492 ἐστι.

410 3618 802 3688 Παράγγελλε
830 3617 1017 3672 ταῦτα
1066 3617 1168 3673 καί
1215 3619 1490 3675 δίδασκε.
1530 3619 1650 3674 Τῶν
1675 3622 1931 3693 πραγμά-

336 3726 474 3774 των,
498 3708 568 3762 τὰ
609 3709 710 3780 μὲν
729 3709 1076 3774 διδασκαλίας
1135 3710 1338 3774 δεῖται,
1401 3713 1469 3765 τά
1525 3713 1603 3776 δὲ,
1637 3714 1923 3780 ἐπιταγῆς.

339 3798 496 3867 Οῐον,
526 3801 659 3871 περὶ
684 3799 783 3854 τοῦ
833 3801 1126 3870 ἁρπάζειν,
1202 3802 1261 3854 οὐ
1296 3801 1569 3856 διδάσκειν
1630 3803 1758 3873 χρὴ,
1811 3802 1924 3858 ἀλλ’

339 3894 686 3959 ιπιτάττειν,
741 3895 1014 3958 τουτέστι,
1101 3893 1242 3964 μετὰ
1301 3893 1548 3955 πλείονος
1611 3893 1926 3956 αὐθεντείας

337 3985 734 4057 ἀπαγορεύειν·
768 3986 898 4056 περὶ
925 3986 1106 4054 μέντοι
1132 3986 1226 4039 τοῦ
1255 3983 1326 4038 τά
1355 3985 1669 4054 ὑπάρχοντα
1709 3986 1922 4049 κενοῦν,

333 4077 378 4148 ἦ
416 4079 546 4146 περὶ
575 4077 669 4130 τοῦ
701 4076 1080 4148 παρθενεύειν,
1123 4076 1155 4145 ἢ
1196 4075 1291 4130 τοῦ
1326 4077 1446 4138 πῶς
1483 4077 1566 4129 δεῖ
1619 4076 1922 4140 πιστεύειν,

337 4167 580 4221 ἐνταῦθα
625 4167 978 4228 διδασκαλίας
1026 4167 1207 4236 χρεία.
1271 4166 1374 4218 Διά-
1417 4165 1576 4218 τοῦτο
1639 4165 1926 4236 ἀμφότερα

331 4258 557 4329 τίθησιν
589 4262 617 4313 ὁ
647 4258 966 4321 Ἀπόστολος
989 4261 1033 4290 ⁸⁸
1061 4276 1073 4288 ·
1111 4258 1494 4328 Παράγγελλε
1522 4257 1620 4310 καί
1653 4257 1920 4312 δίδασκε.

335 4351 456 4404 Καὶ
491 4350 685 4416 ἄλλως,
720 4350 850 4403 ὅταν
879 4349 977 4418 μὲν
1005 4351 1204 4412 εἰδότες
1228 4367 1280 4402 τι
1330 4349 1564 4419 πονηρὸν
1588 4347 1750 4410 εἶναι,
1774 4350 1922 4416 ὅμως

2023 1889 2394 1942 etconlirmat
2443 1887 2720 1956 quomodo
2757 1885 2956 1940 futurae
3003 1887 3124 1939 vita:
3174 1900 3322 1954 spem
3385 1884 3604 1950 habeat,

2022 1979 2297 2048 inquiens,
2341 1978 2400 2031 In
2432 1978 2549 2042 hoc,
2592 1977 2644 2031 id
2679 1986 2785 2042 est,
2824 1985 3046 2044 propter
3072 1975 3199 2039 hov,
3231 1991 3346 2029 cum
3381 1973 3602 2028 labora-

2029 2087 2170 2134 mus,
2224 2080 2335 2122 tum
2389 2069 2710 2122 contumelia
2763 2069 3017 2137 aﬂicimur
3054 2077 3110 2122 et
3156 2067 3418 2122 conviciis
3466 2066 3606 2136 peli-

2021 2177 2169 2214 mur.
2205 2163 2377 2226 Quam
2403 2161 2546 2212 enim
2585 2161 2656 2215 ob
2690 2174 2914 2213 causam
2955 2159 3240 2224 caadimur,
3275 2157 3382 2212 nisi
3420 2156 3603 2211 futura

2021 2265 2492 2322 exspectaremus,
2513 2269 2634 2322 quae
2652 2252 2801 2305 dabit
2827 2259 2946 2318 post
2971 2259 3195 2304 mortem
3226 2249 3384 2303 nobis
3413 2247 3603 2304 vivens

2025 2341 2208 2395 Dens?
2239 2342 2335 2396 llic
2374 2343 2518 2394 enim
2566 2355 2940 2408 szepcnumero
2977 2339 3200 2403 milites,
3241 2339 3332 2406 qui
3365 2352 3462 2406 pro
3500 2337 3603 2390 im-

2021 2440 2273 2500 peratore
2316 2432 2555 2500 pericula
2612 2431 2852 2495 subiere,
2917 2431 3012 2483 illo
3065 2427 3282 2482 interim
3342 2428 3601 2482 defuncto

2022 2523 2330 2578 mercedem
2363 2524 2623 2576 amittunt
2656 2539 2671 2575 :
2706 2531 2894 2574 noster
2923 2529 3103 2572 autem
3141 2518 3252 2571 Rex
3285 2532 3499 2588 semper
3525 2517 3604 2570 vi-

2021 2615 2098 2668 vit
2130 2631 2146 2669 :
2181 2615 2365 2679 itaque
2393 2623 2446 2668 et
2485 2627 2704 2682 semper
2748 2613 2864 2666 dat.

2093 2705 2199 2771 Qui
2228 2714 2305 2758 est
2341 2705 2593 2758 Servator
2617 2705 2852 2757 omnium
2882 2702 3176 2767 hominum,
3209 2701 3437 2755 maxime
3465 2699 3603 2768 ﬁde»

2023 2795 2174 2850 lium.
2199 2794 2312 2848 Hoc
2334 2803 2438 2857 est,
2455 2809 2647 2848 omnes
2668 2794 2886 2862 quidem
2913 2794 3028 2848 vult
3053 2793 3234 2848 salvos
3266 2791 3404 2854 ﬁeri,
3434 2798 3488 2844 et
3513 2790 3605 2845 hic

2023 2893 2078 2940 et
2107 2885 2266 2938 illic:
2320 2885 2580 2948 majorem
2635 2893 2820 2937 autem
2870 2898 3058 2936 curam
3112 2883 3200 2936 hic
3242 2883 3387 2936 circa
3419 2881 3604 2936 lldeles

2022 2976 2260 3032 ostendit
2289 2994 2302 3030 :
2337 2976 2441 3030 nisi
2461 2975 2606 3028 cnim
2638 2973 2757 3043 ipse
2793 2973 2894 3027 hos
2928 2979 3196 3034 servaret,
3226 2972 3502 3042 quomodo
3533 2970 3603 3025 ab

2031 3068 2288 3122 omnibus
2333 3065 2628 3136 oppugnati
2663 3065 3006 3119 sustinerent
3043 3064 3067 3116 ?
3100 3062 3201 3118 Per
3261 3063 3375 3116 haec
3421 3067 3602 3114 autem

2032 3159 2223 3212 incitat
2252 3155 2600 3210 TimOtheum
2641 3156 2708 3208 ad
2742 3155 2984 3224 pericula
3006 3153 3321 3206 toleranda.
3357 3151 3434 3206 Ne
3457 3151 3603 3205 enim

2029 3248 2276 3312 deﬁcias,
2309 3247 2510 3316 inquit,
2561 3261 2687 3300 cum
2728 3247 2888 3300 talem
2927 3243 3132 3298 habeas
3187 3243 3376 3306 Deum,
3430 3255 3606 3310 neque

2031 3342 2103 3396 ab
2132 3341 2254 3395 aliis
2281 3339 2545 3393 auxilium
2579 3338 2743 3410 574
2782 3339 3012 3407 implora
3049 3337 3103 3390 in
3137 3335 3459 3398 alﬂictione,
3507 3332 3605 3388 sed

2029 3433 2176 3489 enim
2241 3445 2400 3501 spera
2461 3431 2516 3485 in
2573 3431 2770 3485 illum:
2824 3429 2956 3484 vivit
3011 3428 3183 3494 enim,
3237 3435 3291 3480 et
3344 3423 3603 3479 Servatur

2027 3535 2135 3583 εει.

2102 3612 2265 3669 Vens.
2299 3614 2385 3667 Η.
2427 3611 2666 3680 Ρνιτείρε
2689 3610 2800 3665 hac
2838 3619 2888 3666 et
2914 3611 3062 3664 doce.
3093 3607 3203 3664 Res
3236 3609 3353 3662 alia:
3384 3607 3603 3677 quidem

2028 3707 2280 3762 doctrina
2317 3706 2607 3776 indigent,
2656 3704 2776 3758 alia:
2823 3717 2953 3758 vero
2999 3701 3254 3756 mandato
3285 3699 3506 3756 :‘veluti
3536 3698 3605 3754 de

2029 3800 2222 3869 rapina
2259 3815 2368 3852 non
2399 3798 2621 3861 docere,
2653 3798 2745 3852 sed
2773 3797 3072 3867 praecipere
3100 3805 3332 3866 oportet,
3370 3793 3470 3847 hoc
3499 3799 3603 3857 est,

2026 3904 2153 3944 cum
2202 3889 2395 3958 majori
2431 3889 2756 3944 auctoritate
2787 3887 3099 3958 prohibere.
3149 3886 3224 3940 De
3282 3885 3603 3939 facultatum

2028 3997 2156 4037 vero
2211 3981 2264 4036 in
2329 3996 2597 4052 pauperes
2658 3980 3068 4043 distributione,
3139 3977 3209 4032 de
3274 3975 3605 4043 virginitatis

2027 4080 2197 4138 statu,
2255 4073 2340 4129 vel
2380 4073 2657 4142 quomodo
2706 4070 3041 4126 credendum
3086 4068 3181 4131 sit,
3216 4068 3305 4121 hic
3357 4067 3605 4120 doctrina

2026 4182 2164 4236 opus
2221 4174 2324 4222 est.
2391 4165 2682 4233 Propterea
2743 4171 2976 4232 utraque
3032 4160 3184 4230 ponit
3251 4157 3546 4228 Apostolus
3581 4195 3598 4219 ,

2027 4255 2258 4323 Pracipe
2285 4273 2346 4308 ac
2376 4254 2521 4311 doce.
2559 4253 2636 4306 Ad
2680 4253 2814 4315 haec,
2849 4250 3069 4320 quando
3101 4248 3354 4302 novimus
3377 4245 3600 4315 quidem

2028 4348 2230 4416 aliquid
2270 4363 2391 4401 esse
2427 4348 2652 4409 malum,
2684 4359 2748 4399 ac
2779 4342 3136 4396 nihilominus
3168 4341 3297 4395 illud
3329 4353 3606 4412 perpetra-

333 4442 676 4511 πράττωμεν
738 4442 893 4505 αὐτὸ,
949 4440 1329 4511 παραγγελίας
1393 4441 1624 4511 δεόμεθα
1654 4442 1756 4473 ³⁸⁸⁸
1790 4443 1917 4495 ὅταν

2032 4453 2168 4500 mus,
2197 4448 2468 4506 praecepto
2491 4452 2630 4507 cpns
2656 4445 2769 4491 est:
2794 4435 3016 4505 quando
3047 4450 3176 4489 vero
3201 4451 3309 4488 nun
3330 4436 3602 4499 novimus,

329 4531 397 4585 δὲ
426 4531 503 4600 μὴ
525 4529 744 4595 είδίτες,
774 4529 1141 4590 διδασκαλίας.

413 4620 642 4688 Μηδείς
664 4619 909 4687 σου,τῆς
925 4622 1208 4686 νεότητος
1227 4629 1683 4689 καταφρονείτω.
1702 4622 1922 4689 Ἐπειδὴ

336 4715 377 4781 ἡ
413 4713 567 4782 κοινὴ
593 4711 859 4782 πρόληψις
882 4711 1360 4780 εὐκαταφρόνητον
1414 4714 1652 4783 πρᾶγμα
1705 4715 1922 4782 ⁴ἡγεῖται

336 4804 444 4871 τὴν
469 4803 722 4870 νεότητα,
784 4800 970 4869 φησὶν,
1025 4797 1497 4869 Αὐθεντικώτερον
1549 4801 1918 4870 παράγγελλε,

339 4896 439 4946 καὶ
469 4893 661 4964 μηδείς
683 4909 775 4945 σου
810 4891 1247 4960 καταφρονείτω,
1287 4892 1368 4944 δεῖ
1397 4893 1504 4962 γάρ
1562 4894 1658 4946 καὶ
1713 4894 1944 4946 άκαταυ⁶

338 4989 614 5054 φρόνητον
655 4983 794 5036 εἶναι
825 4984 916 5036 τὸν
941 4983 1280 5037 διδάσκαλον.
1314 4983 1422 5036 Ποῦ
1469 4984 1562 5038 οὖν
1595 4986 1657 5038 τὸ
1707 4986 1922 5056 πρᾶον;

336 5077 475 5131 ἔνθα
504 5077 605 5146 μὲν
631 5075 731 5139 τὰς
753 5076 832 5138 είς
856 5075 1018 5128 αὐτὸν
1048 5073 1234 5146 ὕϐρεις
1286 5075 1569 5145 ἐκδικῆσαι
1610 5077 1710 5141 δεῖ,
1748 5079 1922 5146 πρᾶος

334 5167 486 5218 ἔστω
506 5185 518 5196 ·
543 5165 673 5218 ἔνθα
708 5167 765 5218 δὲ
807 5165 950 5232 ὑπὲρ
982 5164 1256 5234 σωτηρίας
1282 5164 1460 5218 ἄλλων
1487 5166 1790 5236 αὐστηρίας
1818 5168 1920 5230 δεῖ,

340 5255 487 5324 μετὰ
512 5255 824 5325 παρρησίας
853 5255 1207 5307 ἐπιταττέτω.
1242 5256 1311 5306 Ἦ
1332 5256 1411 5307 ὅτι
1431 5255 1552 5308 Βίον
1575 5257 1919 5311 ὲπιδείκνυσο

334 5346 590 5415 κόσμιον,
639 5349 732 5400 καὶ
771 5348 832 5400 οὐ
887 5346 1432 5418 καταφρονηθήσεται
1494 5365 1587 5403 σου
1643 5349 1923 5420 ήνεότης,

2028 4527 2397 4582 institutione.

2100 4619 2265 4674 Vsus.
2297 4620 2385 4673 l2.
2425 4615 2589 4672 Nemo
2637 4619 3052 4673 adolescentiam
3101 4629 3247 4672 tnam
3288 4628 3602 4673 contemnat.

2028 4711 2164 4776 Quia
2192 4713 2500 4766 communis
2547 4711 2734 4778 Opinio
2776 4711 3240 4778 contemptibilem
3279 4726 3390 4763 rem
3447 4719 3604 4780 putat

2027 4805 2472 4866 adolescentiam,
2509 4801 2767 4870 Prmcipc,
2810 4802 3004 4870 inquit,
3035 4801 3227 4868 majori
3256 4816 3378 4854 cum
3411 4813 3603 4855 aucto-

2028 4898 2207 4961 ritate,
2249 4912 2313 4950 ac
2344 4910 2507 4950 nemo
2546 4901 2599 4949 te
2643 4903 2960 4949 contemnat
2999 4913 3011 4947 :
3075 4903 3289 4962 oportet
3319 4895 3462 4948 enim
3495 4908 3602 4948 non

2029 4986 2494 5055 contemptibilem
2525 5000 2647 5040 esse
2678 4994 3091 5055 praeceptorem.
3133 4983 3230 5038 Ubi
3267 4985 3605 5055 igiturman-

2028 5079 2264 5133 suetudo
2291 5079 2316 5130 ‘l
2357 5077 2448 5131 ubi
2477 5075 2726 5144 injurias,
2762 5077 2960 5146 quibus
2988 5077 3105 5144 ipse
3137 5076 3388 5140 allicitur,
3412 5074 3603 5129 ulcisci

2026 5176 2294 5238 oporteat,
2325 5177 2648 5224 mansuetus
2679 5181 2797 5224 e810
2829 5185 2844 5224 :
2875 5169 2966 5223 ubi
3003 5184 3130 5223 vero
3155 5169 3385 5222 aliorum
3414 5165 3604 5221 salutis

2025 5262 2199 5330 gratia
2235 5275 2374 5330 opus
2416 5269 2500 5316 est
2535 5261 2877 5325 austeritate,
2929 5275 3051 5314 cum
3107 5260 3304 5315 ﬁducia
3353 5260 3601 5328 imperet.

2031 5352 2148 5418 Vel,
2173 5352 2351 5408 Vitam
2381 5351 2608 5410 ostende
2631 5353 3012 5424 honestam,et
3030 5369 3138 5408 non
3170 5353 3349 5407 veniet
3382 5351 3437 5405 in
3469 5365 3602 5406 con-

1693 5570 1894 5634 Varite
1918 5571 2250 5637 lectiones.

425 5709 489 5741 ’δ’
525 5712 858 5768 ἐνδείκνυται
888 5733 940 5770 υ.
1019 5716 1063 5749 ⁸⁸
1095 5715 1303 5781 Παῦλος
1329 5735 1382 5775 ο.
1461 5718 1526 5750 ³⁵⁸
1557 5719 1639 5771 δεῖ
1674 5735 1728 5774 o.
