4006 6214
381 327 450 386 59
1287 321 1386 380 ΤΗ
1400 317 1860 377 EOPIIYLACTI
1900 317 2306 376 BULGARLE
2346 317 2696 376 ARCHILP.
3537 313 3608 374 (ο

384 445 645 504 temptutn
675 434 900 503 juventa
937 440 1052 496 tua,
1086 432 1140 484 in
1170 445 1330 499 quam
1373 437 1568 481 natura
1608 439 1954 493 contemptus

2068 427 2217 496 φύσει
2249 426 2727 497 εὐκαταφρόνητος
2759 423 2918 487 οὖσα,
2973 421 3108 476 ἀλλὰ
3151 421 3623 493 θαυμασθήσεται.

383 526 576 577 cadere
631 526 790 589 solet,
849 523 942 578 sed
978 519 1328 576 admirationi
1389 520 1571 588 potius
1611 519 1738 572 erit.
1781 517 1951 571 lnl‘ert

386 616 554 684 igitur
585 634 599 668 :

454 702 561 756 Sed
611 701 900 769 exemplum
949 707 1058 754 esto
1098 697 1354 767 ﬁdelium.
1409 697 1523 752 Hoc
1570 709 1672 763 est,
1713 696 1844 752 Vita:
1875 697 1951 752 sis

385 794 685 860 exemplar,
711 792 1038 858 optimaque
1071 789 1197 842 vitae
1228 790 1438 857 regula.

456 881 520 934 In
555 881 722 934 verbo.
749 879 817 934 Ut
840 889 1117 933 mansuete
1145 881 1496 948 colloqttaris,
1529 889 1697 946 utque
1740 893 1952 934 sermo-

393 991 513 1026 num
551 981 854 1041 promptum
884 980 936 1021 et
969 981 1328 1038 pra-paratum
1373 971 1594 1024 habeas.

458 1062 516 1113 In
555 1061 964 1112 conversatione.
987 1057 1077 1110 Vel
1102 1061 1152 1111 in
1185 1058 1314 1123 vita,
1349 1058 1430 1112 vel
1475 1059 1530 1109 in
1577 1054 1952 1110 ecclesiastico

386 1153 596 1202 0t'tltne.

460 1242 525 1294 In
561 1243 840 1294 rliaritnte.
871 1241 1001 1306 Qua:
1030 1257 1220 1296 omnes
1260 1241 1676 1308 complectatur.

457 1332 519 1386 In
575 1334 784 1399 spiritu.
828 1334 942 1385 Hoc
997 1340 1100 1395 est,
1135 1333 1216 1385 vel
1268 1331 1322 1382 in
1359 1329 1630 1397 spirituali
1660 1336 1826 1391 statu,
1866 1328 1948 1382 vel

391 1421 740 1482 charismate,
776 1437 842 1474 ne
876 1421 946 1473 ob
977 1421 1120 1473 istud
1151 1419 1423 1472 cﬂ'eraris.

459 1509 524 1562 In
565 1511 686 1578 ﬁde.
723 1509 892 1564 Recta
933 1521 987 1564 et
1035 1511 1361 1570 indubitata,
1403 1511 1623 1578 quando
1677 1509 1802 1578 quis
1849 1511 1954 1562 Deo

389 1601 584 1661 credit,
618 1602 778 1656 etiam
815 1603 868 1654 itt
899 1602 965 1655 iis
1004 1616 1122 1670 qua:
1156 1601 1510 1670 impossibilia
1537 1603 1810 1655 videntur.

462 1690 527 1744 In
553 1692 820 1744 castitate.
881 1690 993 1745 lloc
1035 1699 1140 1754 est,
1191 1693 1449 1761 puritate,
1506 1693 1835 1762 virginitate,
1870 1692 1952 1746 vel

389 1782 768 1850 temperantia.

466 1873 626 1926 Vsus.
664 1875 749 1927 15.
801 1873 937 1926 Dum
987 1875 1134 1928 venio
1162 1875 1371 1928 attende
1418 1877 1644 1929 lectioni.
1691 1873 1744 1928 Si
1779 1874 1935 1929 Timo

393 1965 576 2018 tltcunt
615 1965 830 2017 lectioni
863 1966 1168 2016 divinarum
1204 1966 1608 2033 Sct'ipturarttm
1647 1965 1960 2018 incumbere

386 2057 563 2123 jubet,
589 2057 961 2124 quid,quuaso,
987 2072 1086 2109 nos
1115 2056 1294 2110 facere
1321 2057 1622 2110 debemus?
1650 2056 1956 2120 Quinetiam

391 2146 510 2215 ipse
536 2146 738 2199 Paulus
773 2147 838 2200 ad
875 2146 1032 2199 ﬁnem
1087 2163 1262 2216 usque
1309 2149 1431 2201 vitae
1465 2162 1575 2202 sum
1625 2148 1713 2201 isti
1741 2145 1957 2200 lectioni

396 2237 665 2300 incubuit,
698 2240 790 2307 qui
817 2250 868 2292 ct
900 2233 1036 2292 alio‘s
1074 2241 1139 2292 ad
1177 2240 1316 2292 idem
1366 2239 1606 2294 studium
1634 2237 1964 2292 cohortaba-

397 2338 508 2381 tur.
557 2328 724 2382 Addit
770 2344 900 2384 vero
947 2331 992 2383 ci
1053 2331 1293 2383 animum
1337 2346 1430 2397 per
1475 2333 1575 2382 ltoc
1617 2329 1760 2397 quod
1803 2327 1959 2386 dicit,

402 2419 573 2472 Donec
601 2437 806 2486 venero,
827 2437 978 2492 spem
1005 2421 1210 2477 fat-iens
1237 2421 1288 2476 ei
1313 2420 1527 2474 videndi
1555 2425 1961 2488 praeceptorem.

401 2508 713 2566 Verisimile
753 2513 895 2566 enim
943 2521 1059 2566 erat
1095 2514 1270 2582 ipsum
1306 2520 1636 2581 praeceptore
1685 2509 1958 2570 orbatum,

401 2597 626 2652 Paulum
651 2615 916 2667 quaerere.
942 2601 1112 2667 Cujus
1139 2611 1319 2654 autem
1342 2602 1415 2654 rei
1441 2602 1613 2669 gratia
1645 2600 1800 2662 dixit,
1827 2599 1962 2651 Dum

398 2689 544 2741 venio
573 2689 598 2741 ?
625 2687 763 2754 Quia
799 2690 1096 2744 verisimile
1121 2700 1240 2743 erat
1269 2705 1414 2755 eum,
1455 2698 1641 2758 utpote
1684 2690 1960 2756 juvenem,

403 2779 569 2831 multa
603 2781 874 2848 ignorare,
915 2797 1180 2850 egereque
1225 2781 1514 2849 pra'sentia
1551 2779 1724 2846 Pauli,
1762 2791 1820 2834 ut
1849 2779 1964 2834 Itaac

399 2870 658 2934 disceret,
692 2874 766 2922 ait
803 2873 1055 2925 :intcrca
1080 2871 1207 2924 dum
1240 2887 1462 2936 venero,
1487 2872 1600 2940 lege
1630 2871 1962 2940 Scripturas,

397 2968 454 3014 et
490 2962 616 3016 inde
650 2962 898 3024 habebis,
933 2972 1196 3032 quantum
1231 2963 1345 3016 lieri
1382 2971 1595 3031 potest,
1623 2961 1782 3030 575
1807 2963 1966 3030 legis-

2053 519 2334 590 Ἐπιφέρει
2353 514 2466 573 οὖν’

2124 705 2310 758 Ἀλλὰ
2361 703 2550 766 τύπος
2599 703 2772 771 γίνου
2817 699 2937 754 τῶν
2997 698 3248 752 πιστῶν.
3316 697 3624 762 Τουτέστιν,

2053 794 2385 864 Ἀρχέτυπον
2406 793 2499 846 τοῦ
2520 794 2632 863 βίου
2653 793 2863 853 ἔσομαί
2883 790 3061 843 κανὼν
3083 789 3312 859 ἀρίστης
3331 789 3624 847 πολιτείας.

2141 889 2243 940 Ἐν
2271 889 2451 953 λόγῳ.
2479 887 2646 938 Ὥστε
2675 885 2884 954 ὁμιλεῖν
2925 883 3043 951 μετ’
3089 881 3362 944 εὐκολίας,
3401 882 3493 933 καὶ
3538 882 3628 934 τὸν

2053 980 2209 1046 λόγον
2243 979 2462 1048 ἕτοιμον
2500 978 2644 1046 ἔχειν
2675 977 2768 1030 καλ⁴
2800 973 3346 1045 παρεσκευασμένον.

2137 1071 2234 1122 Ἐν
2258 1066 2631 1136 ἀναστροφῇ.
2659 1066 2728 1119 Ἢ
2757 1069 2824 1136 τῇ
2860 1064 3126 1134 πολιτείᾳ,
3173 1064 3207 1133 ἢ
3242 1064 3308 1134 τῇ
3335 1065 3629 1132 ἐκκλησιαο

2057 1163 2218 1229 στικῇ
2253 1161 2427 1223 τέξει.
2591 1203 2594 1208 .

2136 1253 2236 1305 Ἔν
2265 1250 2484 1318 ἀγάπῃ.
2517 1249 2595 1318 Τῇ
2633 1247 2768 1317 πρὸς
2791 1248 3019 1309 πάντας.

2137 1342 2241 1394 Ἐν
2287 1342 2602 1409 πνεύματι.
2642 1341 2710 1391 Ἢ
2766 1341 2831 1409 τῇ
2872 1337 3210 1407 πνευματικῇ
3269 1335 3626 1396 καταστάσει,

2055 1433 2088 1504 ἢ
2139 1431 2218 1501 τῷ
2239 1432 2564 1501 χαρίσματι,
2595 1430 2736 1483 ὥστε
2773 1429 2846 1499 μὴ
2906 1426 3229 1499 ἐπαίρεσθαι
3275 1427 3369 1478 ἐπὶ
3421 1425 3615 1494 τούτῳ.

2137 1527 2240 1578 Ἐν
2255 1529 2478 1578 πίστει.
2515 1525 2594 1594 Τῇ
2627 1523 2759 1593 ὀρθῇ
2792 1526 2887 1574 καὶ
2920 1524 2983 1591 τῇ
3015 1521 3347 1588 ἁδιστάκτῳ,
3381 1520 3510 1572 ὅταν
3533 1535 3618 1579 τις

2056 1615 2287 1684 πιστεύῃ
2315 1614 2392 1683 τῷ
2417 1614 2536 1684 Θεῷ
2561 1613 2656 1666 καὶ
2689 1609 2944 1682 περὶτῶν
2971 1610 3272 1663 ἀδυνάτων.

2130 1708 2236 1759 Ἐν
2258 1707 2488 1774 ἁγνείᾳ.
2535 1703 2816 1769 Τουτέστι,
2874 1701 3228 1771 καθαρότητι,
3262 1697 3548 1769 παρθενίᾳ.
3594 1697 3629 1767 ἦ

2067 1797 2160 1848 καὶ
2185 1795 2527 1865 σωφροσύνῃ.

2139 1887 2292 1951 Ἕως
2316 1886 2562 1954 ἔρχομαι
2593 1885 2854 1952 πρόσεχε
2883 1881 2955 1950 τῇ
2977 1881 3328 1950 ἀναγνώσει.
3375 1881 3437 1934 Εἰ
3469 1879 3634 1947 Τιμό-

2069 1977 2189 2031 θεον
2243 1977 2453 2030 κελεύει
2501 1977 2788 2046 προσέχειν
2835 1979 2900 2042 τῇ
2975 1972 3282 2040 ἀναγνώσει
3332 1973 3439 2024 τῶν
3473 1970 3633 2022 θείων

2070 2067 2322 2138 Γραφῶν,
2353 2067 2405 2120 τί
2429 2068 2614 2120 λοιπὸν
2640 2068 2785 2136 ἡμᾶς
2813 2065 2917 2134 χρὴ
2946 2067 3121 2117 ποιεῖν
3145 2080 3160 2127 ;
3213 2065 3321 2115 Καὶ
3370 2061 3526 2122 αὐτὸς
3575 2059 3633 2112 δὲ

2069 2158 2280 2220 Παῦλος
2310 2156 2440 2227 ἄχρι
2468 2156 2655 2216 τέλους
2712 2156 3002 2224 προσεῖχεν
3053 2153 3122 2206 ἂν
3180 2153 3397 2213 πάντως
3436 2151 3630 2216 ταύτῃ.

2067 2249 2125 2311 ὃς
2160 2265 2224 2314 γε
2257 2249 2370 2308 τοῖς
2392 2246 2572 2308 ἄλλοις
2609 2247 2862 2316 παρῄνει.
2896 2243 3311 2314 Παραμυθεῖται
3361 2243 3418 2294 δὲ
3472 2239 3635 2292 αὑτὸν

2066 2337 2153 2390 διὰ
2176 2335 2270 2388 τοῦ
2300 2338 2494 2396 εἰπεῖν,
2512 2337 2666 2401 ’Ἕως
2689 2332 2760 2390 οὗ
2789 2337 3056 2402 ἔρχομαι,
3089 2333 3306 2395 ἐλπίδας
3335 2331 3456 2392 δοὺς
3479 2329 3524 2361 ³⁸
3550 2329 3632 2380 ὅτι

2067 2429 2259 2496 ὄψεται
2291 2427 2384 2480 τὸν
2417 2427 2755 2480 διδάσκαλον.
2781 2426 2941 2487 Εἰκὸς
2977 2426 3086 2493 γὰρ
3115 2423 3274 2476 αὑτὸν
3325 2423 3634 2490 ἀπορφανι-

2071 2517 2132 2573 σθ
2142 2520 2266 2574 ivra
2283 2518 2467 2588 ζητεῖν
2489 2516 2578 2570 τὸν
2605 2515 2834 2588 Παῦλον.
2854 2514 3010 2576 Τίνος
3024 2515 3080 2567 δὲ
3095 2513 3280 2566 ἕνεκεν
3295 2505 3474 2572 εἶπεν,
3489 2509 3637 2572 Ἕως

2068 2611 2362 2678 ἐρχομαις
2416 2608 2636 2676 Ἐπειδὴ
2654 2606 2799 2668 εἰκὸς
2819 2602 2886 2675 ἦν
2907 2604 3066 2656 αὑτὸν
3119 2600 3238 2654 νέον
3284 2601 3414 2655 ὄντα
3467 2598 3637 2651 πολλὰ

2065 2702 2334 2768 ἀγνοεῖν,,
2387 2700 2480 2754 καὶ
2544 2699 2752 2752 δεῖσθαι
2809 2696 2909 2764 τῆς
2984 2692 3289 2763 παρουσίας
3331 2691 3428 2744 τοῦ
3483 2687 3634 2742 Παύ-

2071 2792 2162 2846 λου
2194 2793 2326 2864 πρὸς
2384 2792 2442 2846 τὸ
2504 2792 2695 2861 μαθεῖν
2744 2790 2936 2854 ταῦτα,
2994 2787 3177 2858 φησίνο
3205 2787 3354 2848 Ἕως
3402 2785 3634 2854 ἔρχομαι

2071 2885 2412 2952 ἀναγίνωσκε
2440 2885 2537 2947 τὰς
2557 2886 2795 2954 Γραφᾶς,
2821 2883 3075 2937 κάκεῖθεν
3109 2880 3277 2943 ἕξεις,
3306 2881 3382 2941 ὡς
3434 2878 3632 2936 ἔνεστι,

2071 2975 2170 3036 τὰς
2200 2975 2536 3043 νομοθεσίας.
2584 2975 2828 3028 Ἐπειδὰν
2858 2974 2916 3026 δὲ
2941 2972 3098 3036 ἔλθω,
3130 2971 3240 3038 ἐγώ
3268 2987 3352 3022 σοι
3375 2967 3637 3038 ὑποθήσο-

405 3054 637 3108 lationes
665 3063 716 3108 et
754 3063 1022 3122 prmceptn
1057 3071 1070 3106 :
1097 3064 1384 3123 postquam
1413 3063 1593 3106 autem
1627 3066 1965 3120 venero,ego

2075 3081 2173 3134 μαι
2204 3066 2272 3117 τὰ
2299 3065 2482 3118 λοιπά.

405 3144 502 3197 tibi
540 3159 826 3214 suggeram
869 3147 1102 3212 reliqua.

475 3234 858 3287 Consolationi.
918 3235 1054 3305 Erga
1105 3242 1335 3289 tumstos
1372 3233 1642 3297 videlicet,
1681 3235 1762 3287 vel
1807 3235 1968 3287 etiam

406 3328 541 3382 alios
580 3328 765 3382 animo
797 3326 1142 3382 deﬁcientes.

476 3417 920 3483 Doctrinw.Quas
949 3429 1034 3472 est
1056 3432 1183 3487 crga
1218 3431 1409 3472 omnes
1440 3418 1780 3486 simpliciter,
1816 3432 1878 3471 ac
1905 3417 1970 3471 de

407 3510 599 3582 quavis
641 3525 720 3564 rc.

478 3599 645 3656 Vsus.
659 3598 836 3654 M.Ne
851 3598 1082 3668 negligas
1105 3598 1297 3652 donum
1321 3601 1526 3668 quodin
1551 3609 1596 3653 te
1614 3600 1855 3670 est,quod
1873 3602 1970 3654 da-

411 3703 520 3746 tum
545 3701 619 3745 est
640 3692 842 3760 tibiper
860 3691 1204 3758 prophetiam.
1239 3690 1508 3744 Doctritue
1538 3691 1737 3743 donum
1772 3691 1858 3744 hic
1889 3691 1971 3745 in-

413 3785 626 3854 telligit,
659 3786 802 3852 quod
835 3785 1047 3852 accepit
1068 3783 1282 3851 quando
1308 3784 1601 3852 epierpus
1629 3782 1806 3840 factus
1830 3795 1968 3842 erat.

412 3878 516 3932 Per
544 3877 868 3946 prophetiam
905 3891 1052 3938 vero,
1079 3875 1180 3931 hoc
1201 3884 1304 3942 est,
1335 3876 1636 3946 imperante
1662 3879 1892 3947 Spiritu,
1916 3889 1972 3933 ut

409 3984 572 4038 supra
603 3975 1086 4022 commemoratum
1112 3978 1217 4022 est.

481 4061 612 4114 Cum
653 4060 984 4126 impositione
1028 4076 1277 4113 manuum
1307 4063 1633 4132 presbyterii.
1685 4063 1797 4116 Hoc
1863 4071 1970 4123 est,

410 4153 813 4222 episcoporum.
843 4149 960 4204 Non
981 4151 1124 4205 enim
1159 4152 1456 4222 presbyteri
1490 4153 1802 4220 episcopum
1831 4154 1975 4207 ordi-

412 4244 637 4298 nabant.
688 4241 820 4296 Vide
844 4252 1023 4297 autem
1083 4244 1408 4296 horrendum
1461 4243 1644 4307 istud,
1709 4254 1971 4326 quantum

412 4335 586 4403 possit
611 4334 888 4403 impositio
926 4348 1182 4387 manuum
1219 4334 1668 4387 sarcrdotalium.

480 4424 640 4477 Vens.
679 4424 763 4476 15.
789 4423 914 4476 Ηιυσ
937 4423 1208 4485 meditare,
1241 4423 1292 4474 in
1313 4423 1394 4475 Itis
1421 4431 1551 4475 esto.
1584 4421 1738 4490 Saepe
1768 4423 1834 4476 de
1865 4423 1974 4478 eis-
2011 4435 2051 4486 lt

414 4513 536 4566 dem
577 4513 624 4567 ei
665 4514 924 4582 praecipit,
955 4520 1010 4564 ut
1041 4513 1295 4564 ostendat
1328 4511 1376 4563 ci
1407 4512 1550 4578 quod
1587 4513 1820 4567 maxime
1858 4530 1975 4567 om-

413 4604 563 4657 nium
597 4603 650 4656 in
684 4603 766 4656 bis
797 4609 1044 4668 oporteat
1090 4599 1333 4653 stndio~e
1381 4602 1583 4654 versari
1635 4603 1974 4671 episcopum.

487 4693 553 4746 Ut
586 4704 705 4746 tuus
734 4693 1000 4763 profectus
1033 4690 1346 4757 manifestus
1371 4691 1440 4742 sit
1475 4692 1526 4742 in
1559 4692 1822 4746 omnibus.
1858 4691 1974 4746 Non

2146 3241 2226 3310 Τῇ
2250 3242 2648 3310 παρακλήσει.
2679 3245 2755 3312 Τῇ
2793 3243 2931 3312 πρὸς
2966 3243 3094 3306 τοὺς
3133 3240 3564 3311 λελυπημένους,
3598 3239 3631 3310 ἢ

2070 3335 2164 3386 καὶ
2191 3333 2385 3396 ἄλλους
2414 3334 2786 3404 ἐκλελυμένως
2825 3335 3071 3403 ἔχοντας.

2146 3424 2224 3493 Τῇ
2274 3425 2656 3492 διδασκαλίᾳ.
2711 3426 2788 3493 Τῇ
2849 3425 2984 3494 πρὸς
3034 3423 3242 3487 πάντας
3290 3422 3498 3488 ἁπλῶς,
3541 3423 3633 3476 καὶ

2072 3535 2138 3568 πε
2148 3517 2198 3586 ρὶ
2231 3517 2430 3578 παντὸς
2462 3518 2808 3586 πράγματος.

2141 3608 2238 3674 Μὴ
2303 3607 2511 3676 ἀμέλει
2562 3606 2668 3660 τοῦ
2709 3609 2776 3658 ἐν
2831 3606 2930 3659 σοὶ
2973 3605 3364 3674 χαρίσματος,
3397 3603 3428 3656 ὃ
3457 3600 3633 3668 ἐδόθη

2071 3716 2170 3756 σοι
2197 3700 2294 3755 διὰ
2322 3700 2708 3768 προφητείας.
2743 3698 2853 3767 Τῆς
2902 3695 3252 3758 διδασκαλίας
3291 3695 3352 3747 τὸ
3388 3692 3635 3764 χάρισμα

2073 3810 2238 3862 φησιν
2265 3791 2522 3848 ἐνταῦθα.
2548 3791 2576 3843 ὂ
2609 3789 2824 3853 ἐδέξατο
2857 3788 3154 3848 ἐπίσκοπος
3189 3786 3500 3855 γενόμενος.
3533 3783 3634 3836 Διά

2073 3881 2436 3950 προφητείας
2467 3879 2545 3944 δὲ,
2579 3879 2848 3939 τουτέστι,
2897 3874 3299 3944 προστάξαντος
3330 3871 3424 3924 τοῦ
3468 3870 3632 3923 Πνεύ-

2077 3989 2266 4040 ματος,
2290 3972 2362 4032 ὼς
2394 3971 2488 4023 καὶ
2519 3969 2775 4038 ἀνωτέρω
2807 3967 3039 4036 εἴρηται.

2143 4063 2300 4117 Μετὰ
2323 4060 2647 4124 ἐπιθέσεως
2675 4059 2794 4112 τῶν
2819 4054 3032 4126 χειρῶν
3051 4054 3156 4108 τοῦ
3187 4053 3632 4122 πρεσϐυτερίου.

2075 4155 2354 4216 Τουτέστι,
2407 4153 2516 4205 τῶν
2549 4153 2884 4204 ἐπισκόπων.
2932 4149 3006 4200 Ού
3039 4147 3147 4216 γὰρ
3176 4145 3240 4216 δὴ
3278 4146 3634 4215 πρεσϐύτεροι

2073 4249 2163 4300 τὸν
2179 4249 2220 4278 ³⁷
2277 4246 2576 4298 ἐπίσκοπον
2611 4241 3001 4311 ἐχειροτόνουν.
3034 4239 3178 4310 ’Ὀρα
3207 4239 3259 4291 δὲ
3296 4238 3544 4308 φρικτὸν,
3583 4237 3636 4289 τί

2073 4338 2294 4390 δύναται
2322 4338 2354 4406 ἡ
2383 4335 2624 4395 ἐπίθεσις
2657 4333 2766 4384 τῶν
2794 4331 3086 4400 ίερατικῶν
3115 4330 3336 4399 χειρῶν.

2156 4429 2344 4480 Ταῦτα
2374 4425 2622 4494 μεάέτω,
2656 4425 2725 4477 ἐν
2769 4424 3001 4487 τούτοις
3031 4423 3176 4475 ἴσθι.
3214 4421 3476 4482 Πολλάκις
3510 4421 3636 4489 περὶ

2076 4517 2185 4568 τῶν
2215 4517 2392 4568 αὐτῶν
2423 4514 2576 4584 αύτῴ
2610 4512 2918 4582 παρεγγυᾷ,
2959 4512 3046 4563 ἵνα
3071 4513 3218 4582 δείξῃ
3243 4551 3257 4574 ,
3294 4513 3375 4564 ὃτι
3403 4512 3638 4580 μάλιστα

2080 4606 2296 4658 πάντων
2327 4607 2384 4657 ἐν
2412 4603 2621 4664 τούτοις
2664 4603 2745 4654 δεῖ
2776 4600 3099 4662 σπουδάζειν
3117 4601 3160 4632 ³⁸
3193 4601 3284 4652 τὸν
3313 4600 3633 4652 ἐπίσκοπον.

2150 4697 2277 4750 Ἵνα
2315 4712 2431 4748 σου
2467 4694 2505 4760 ἡ
2545 4691 2817 4761 προκοπὴ
2840 4691 3069 4760 φανερὰ
3091 4689 3129 4757 ᾖ
3154 4691 3222 4743 ἐν
3260 4687 3430 4744 πᾶσι.
3459 4691 3550 4758 Μὴ
3580 4692 3638 4742 ἐν

413 4787 466 4836 in
507 4785 612 4835 vita
644 4781 1039 4840 tantummodo.
1091 4781 1441 4834 verutuetiant
1479 4780 1530 4832 itt
1581 4785 1744 4836 verbo
1773 4784 1968 4837 doctri-

2076 4787 2153 4856 τῷ
2178 4785 2276 4855 βίῳ
2307 4787 2486 4854 μόνοι,
2520 4784 2655 4837 ἀλλὰ
2682 4786 2773 4836 καὶ
2804 4785 2861 4834 ἐν
2882 4783 2960 4852 τῷ
2977 4782 3116 4848 λόγῳ
3150 4781 3226 4846 τῷ
3248 4780 3634 4850 διδασκαλικῷ.

413 4889 515 4926 nte.
545 4872 928 4925 Animadverte
951 4879 1131 4925 autem
1163 4870 1308 4938 quod
1342 4871 1394 4926 in
1423 4871 1524 4926 hoc
1552 4888 1769 4942 quoque
1793 4875 1969 4942 ipsum

413 4975 665 5028 magnum
704 4971 759 5014 ct
783 4959 1159 5014 admirandum
1193 4961 1305 5014 ﬁeri
1333 4963 1583 5016 voluerit.

467 5048 648 5110 ,Vt-ztts.
695 5049 778 5102 16.
817 5049 1040 5103 Attende
1075 5051 1170 5102 tibi
1212 5059 1260 5103 et
1293 5049 1571 5113 doctrinm,
1609 5065 1876 5118 persevera
1915 5053 1969 5105 in

411 5143 561 5208 ipsis.
618 5141 731 5195 Hoc
791 5151 893 5204 est,
961 5141 1180 5196 attende
1235 5143 1328 5198 tibi
1377 5144 1501 5212 ipsi,
1542 5157 1605 5198 ac
1639 5145 1776 5200 alios
1809 5145 1970 5200 etiam

415 5232 659 5288 institue.

489 5321 604 5374 [loc
644 5321 778 5375 enini
821 5320 1022 5390 faciens
1050 5361 1066 5386 ,
1105 5331 1153 5374 et
1189 5321 1412 5391 teipsum
1442 5322 1645 5375 salvum
1693 5322 1879 5392 facies,
1925 5331 1974 5377 et

414 5427 500 5464 eos
535 5415 623 5482 qui
647 5423 695 5468 te
723 5414 970 5468 audiunt.
994 5411 1128 5467 Nam
1150 5414 1240 5483 qui
1267 5414 1322 5467 in
1346 5411 1606 5468 doctrinae
1628 5415 1976 5470 sermonibus

2038 4883 2043 4889 '
2079 4879 2220 4946 Ὅρα
2247 4878 2301 4929 δὲ
2332 4879 2414 4930 ὅτι
2465 4875 2723 4945 ἠϐούλετο
2752 4874 2914 4927 αὑτὸν
2940 4874 3042 4925 κάν
3072 4871 3247 4940 τούτῳ
3279 4873 3454 4940 μέγαν
3487 4874 3640 4940 γενέ-

2079 4966 2202 5019 σθαι
2239 4969 2326 5021 καὶ
2355 4965 2688 5034 θαυμαστόν.

2151 5059 2366 5126 Ἔπεχε
2421 5054 2656 5120 σεαυτῷ
2694 5053 2792 5108 καὶ
2843 5052 2916 5121 τῇ
2967 5051 3350 5117 διδασκαλίᾳ,
3399 5052 3640 5119 ἐπίμενε

2076 5147 2300 5211 αὐτοῖς.
2328 5145 2609 5209 Τουτέστι,
2644 5145 2882 5213 Πρόσεχε
2912 5139 3149 5209 σεαυτῷ,
3179 5139 3272 5192 καὶ
3302 5139 3516 5192 δίδασκε
3545 5144 3637 5192 καὶ

2079 5235 2202 5296 τοὺς
2227 5234 2469 5296 λοιπούς.

2157 5324 2338 5377 Τοῦτο
2387 5322 2497 5391 γὰρ
2552 5319 2738 5374 ποιῶν
2791 5318 2888 5373 καὶ
2938 5319 3203 5372 σεαυτὸν
3249 5316 3490 5379 σώσεις,
3537 5313 3638 5367 καί

2083 5411 2226 5477 τοὺς
2259 5409 2588 5476 ἀκούοντάς
2621 5425 2757 5464 σου.
2792 5409 2848 5461 ὐ
2878 5407 2988 5480 γὰρ
3017 5409 3126 5472 τοῖς
3157 5407 3257 5477 τῆς
3290 5403 3640 5466 διδασκαλίας

1767 5571 1974 5634 Varia)
2007 5569 2338 5631 lectiones.

494 5695 539 5728 ³⁵
563 5695 735 5758 διδους
766 5697 916 5765 ἥξειν
950 5697 1038 5749 τὸν
1095 5697 1144 5752 δ.
1175 5712 1226 5752 0.
1297 5698 1346 5729 ³⁷
1377 5695 1538 5750 αὑτὸν
1567 5697 1735 5765 ὲχειρ.
1773 5709 1827 5749 ο.

1905 5693 1950 5725 ³⁸
1978 5691 2262 5764 σχολάζειν
2296 5706 2349 5745 0.
