4006 6214
406 315 481 381 63
1307 314 1881 377 THEOPHYLACTI
1921 312 2333 375 BULGARUE
2372 314 2731 375 ARCHIEP.
3577 308 3649 375 64

410 425 607 479 habeat
638 431 972 492 curatorem,
995 441 1105 481 non
1139 424 1330 487 lilium,
1354 439 1459 478 non
1481 431 1753 492 nepotem,
1785 436 1971 479 verum

2095 436 2188 486 ιον,
2240 421 2357 475 ἀλλ’
2412 423 2506 476 ἐπὶ
2560 424 2721 492 μόνον
2771 421 2863 477 τὸν
2889 421 3022 477 Θεδν
3053 422 3350 486 ἐλπίζουσα
3388 437 3400 450 ·
3448 419 3518 490 ἢν
3571 423 3654 479 δεῖ

414 515 468 569 in
490 514 664 568 solum
698 516 861 569 Dcnm
890 524 1070 585 sperat
1100 533 1117 572 :
1164 529 1284 584 quae
1322 528 1455 569 sane
1506 515 1711 568 honore
1764 521 1847 568 est
1873 512 1984 567 am-

414 605 628 669 cienda,
662 614 716 659 et
734 606 1106 660 misericordia
1129 606 1401 677 dignanda
1431 605 1485 660 in
1504 605 1650 661 onmi
1674 603 1987 674 suppedita-

415 694 560 748 tione
595 695 1026 748 necessariarum
1066 710 1274 750 rerum.

487 786 562 835 Ac
595 794 886 851 perseverat
928 786 981 838 in
1023 786 1414 851 precationibus
1445 794 1494 840 et
1538 784 1985 841 obsecrationibus

420 884 566 926 vorte
605 886 649 926 ρι
701 876 804 931 die.
843 876 1011 943 quue
1052 892 1159 931 non
1206 878 1478 933 immerito
1523 894 1539 933 :
1576 879 1782 933 nullum
1838 877 1983 932 enim

478 964 581 1013 ‘nm
615 964 839 1028 habens,
873 965 939 1018 ad
973 964 1139 1020 Deum
1176 967 1434 1037 confugit.
1468 967 1602 1023 Cum
1637 978 1814 1021 autem
1845 966 1986 1019 veri-

508 1056 557 1102 ειι
618 1063 759 1105 esset
798 1069 893 1110 eas
936 1057 1275 1121 contristari,
1321 1067 1379 1111 ιιι
1411 1073 1533 1126 quze
1558 1058 1783 1111 omnino
1808 1064 1989 1109 tutore

421 1154 472 1193 tl.
520 1143 744 1211 praeside
779 1155 1022 1210 careant,
1052 1149 1369 1204 consolatur
1410 1163 1506 1203 eas
1556 1163 1651 1216 per
1691 1147 1795 1201 hoc
1840 1145 1987 1216 quod

421 1234 584 1287 Deum
604 1238 719 1291 vice
751 1237 993 1291 omnium
1021 1239 1275 1295 habeant.
1298 1239 1558 1305 Quamvis
1573 1239 1720 1294 enim
1746 1239 1835 1292 illa
1867 1253 1990 1307 quae

420 1327 623 1382 liberos
665 1328 781 1395 alit,
823 1329 1126 1386 mercedem
1168 1332 1403 1402 recipit,
1437 1339 1493 1386 at
1524 1347 1652 1387 vero
1687 1339 1776 1387 tua
1808 1331 1992 1401 digni-

421 1427 505 1471 tas
562 1435 666 1472 non
721 1427 804 1475 est
852 1421 1255 1488 imminuta,ex
1284 1437 1351 1477 eo
1416 1423 1562 1492 quod
1622 1423 1821 1480 liberos
1882 1439 1989 1479 non

424 1507 652 1562 habeas.

404 1670 415 1678 ῃ
493 1597 658 1651 Vens.
694 1598 747 1652 6.
774 1597 919 1653 Nam
947 1616 1065 1671 quc
1097 1602 1151 1654 in
1176 1600 1381 1657 deliciis
1413 1612 1513 1666 est,
1538 1620 1706 1659 vivens
1737 1613 1817 1658 est
1846 1619 1991 1658 mor-

422 1698 536 1743 tua.
571 1689 709 1756 Quia
744 1705 850 1744 non
882 1707 1068 1761 paucae
1086 1691 1366 1749 viduitatis
1400 1702 1602 1749 statum
1631 1697 1857 1766 eligunt,
1881 1710 1991 1763 quo

422 1780 630 1845 majore
650 1793 774 1835 cum
816 1781 1067 1837 libertate
1104 1790 1268 1853 agant
1306 1800 1429 1854 qua;
1483 1792 1636 1855 grata
1667 1797 1813 1848 sunt,
1855 1785 1989 1850 Quae

423 1868 655 1932 deliciis,
686 1868 879 1939 inquit,
910 1869 1089 1926 dedita
1120 1881 1228 1934 est,
1269 1873 1484 1928 etiamsi
1530 1872 1784 1928 videatur
1811 1874 1993 1928 vivere

427 1960 739 2015 sensibilem
771 1960 914 2016 hanc
941 1963 1129 2025 vitam,
1166 1972 1576 2021 mortnatamen
1606 1974 1690 2019 est
1714 1963 1872 2034 577
1905 1980 1990 2019 se-

374 2122 379 2127 ,
423 2051 662 2108 cundum
703 2054 979 2123 spiritum.
1007 2054 1101 2111 Sin
1131 2065 1311 2113 autem
1349 2057 1583 2123 mulieri,
1611 2059 1769 2126 cujus
1797 2067 1989 2111 natura

423 2158 657 2214 semper,
715 2155 880 2216 atque
923 2158 1054 2204 aetas
1086 2150 1248 2203 etiam
1290 2163 1431 2221 saepe
1456 2150 1825 2205 inﬁrmitatem
1858 2165 1994 2204 cnn-

419 2235 662 2304 junctam
692 2237 875 2303 habet,
908 2238 1138 2294 delicate
1171 2241 1355 2294 vivere
1395 2257 1500 2296 non
1533 2241 1818 2310 permittit,
1864 2240 1993 2310 quid

427 2326 532 2381 viri
562 2327 766 2391 dicent,
795 2331 885 2396 qui
920 2330 973 2384 in
1012 2329 1224 2387 deliciis
1254 2332 1419 2387 vitam
1450 2338 1623 2403 agunt
1653 2331 1678 2383 ?

502 2417 665 2471 Vens.
710 2419 759 2472 7.
794 2418 864 2473 Et
886 2420 995 2474 lucc
1022 2423 1269 2488 prwcipe,
1309 2431 1366 2476 ut
1400 2421 1508 2476 sint
1564 2421 1998 2491 irreprelzensibi-

421 2506 517 2561 les.
560 2505 754 2564 Viden‘
810 2509 953 2580 quod
988 2509 1128 2565 hanc
1160 2526 1274 2567 rem
1294 2526 1391 2566 seu
1427 2511 1599 2579 legem
1657 2527 1779 2566 esse
1819 2512 1998 2567 velit?

422 2596 538 2652 Non
573 2601 717 2653 enim
766 2600 1032 2654 voluntati
1091 2602 1354 2670 permittit
1417 2616 1524 2656 non
1578 2601 1846 2660 deliciari.
1903 2601 1996 2656 sed

423 2689 589 2743 veluti
616 2696 899 2758 peccatum
963 2690 1065 2746 hoc
1099 2690 1390 2760 prohibet:
1443 2706 1589 2756 nam,
1618 2693 1866 2761 praecipe,
1895 2693 1999 2748 hoc

423 2780 695 2852 signiﬁcat
727 2799 741 2837 :
783 2780 1093 2852 perinde’ac
1149 2784 1195 2839 si
1256 2783 1465 2841 diceret
1495 2799 1510 2837 :
1544 2782 1679 2839 Cum
1709 2785 1999 2842 severitate

422 2872 672 2939 prohibe,
703 2888 774 2928 ne
803 2873 933 2927 talia
961 2882 1321 2930 attententur.

494 2962 660 3020 Vens.
686 2962 740 3021 8.
768 2962 830 3019 Si
856 2966 975 3034 quis
1001 2973 1178 3019 autem
1214 2981 1454 3030 suorum,
1472 2976 1521 3020 et
1548 2966 1782 3021 maxime
1815 2966 1997 3020 dome-

420 3054 696 3119 sticorum,
725 3070 909 3107 curam
940 3071 1042 3108 non
1076 3055 1251 3109 habet.
1285 3055 1506 3111 Deliciis
1558 3056 1760 3122 dedita,
1793 3057 1990 3126 inquit,

2083 512 2351 580 τιμᾶσθαι
2406 514 2502 567 καὶ
2558 512 2829 568 ἐλεεῖσθαι
2891 517 2950 566 ἐν
3022 514 3174 587 πάσῃ
3245 513 3480 584 χορηγίᾳ
3543 513 3652 569 τῶν

2085 600 2423 670 ἀναγκαίων.

2160 788 2271 842 Καί
2319 787 2647 857 προσμένει
2674 786 2804 852 ταῖς
2841 786 3095 855 δεήσεσι
3131 786 3227 839 καί
3283 785 3412 850 ταῖς
3463 797 3657 853 προσο

2087 883 2294 951 ευχαῖς
2330 883 2552 949 νυκτὸς
2584 883 2682 936 καί
2729 883 2969 951 ἡμέρας.
3006 882 3267 942 Εἰκότως.
3300 880 3521 951 Μηδένα
3547 881 3656 949 γὰρ

2087 974 2247 1028 ἄλλον
2276 973 2496 1043 ἔχουσα,
2544 974 2685 1044 πρὸς
2716 974 2809 1026 τὸν
2837 974 2971 1031 Θεὸν
3025 972 3387 1040 καταφεύγει.
3432 973 3679 1043 Ἐπειδὴ.

2088 1067 2143 1119 δὲ
2177 1067 2321 1130 εἰκὸς
2349 1061 2419 1137 ἦν
2449 1066 2618 1130 αὐτὰς
2642 1067 2953 1127 λυπεῖσθαι,
2990 1066 3066 1129 ὡς
3099 1065 3339 1120 πάντα⁸¹
3372 1066 3657 1135 ἀπροστα-

2087 1156 2334 1219 τεύτους,
2372 1156 2782 1227 παραμυθεῖται
2833 1157 3025 1222 αὐτὰς,
3086 1156 3163 1220 ὡς
3214 1157 3306 1211 τὸν
3358 1156 3491 1210 Θεὸν
3533 1154 3657 1210 ἀντὶ

2091 1246 2309 1301 πάντων
2347 1247 2597 1316 ἐχούσας.
2636 1250 2697 1301 El
2725 1249 2832 1317 γὰρ
2860 1251 2952 1302 καὶ
2989 1250 3022 1320 ἡ
3070 1249 3505 1317 τεκνοτροφοῦσα
3541 1246 3656 1318 ἔχει

2095 1337 2306 1407 μισθὸν,
2337 1337 2451 1390 ἀλλ’
2479 1339 2580 1393 οὒκ
2609 1338 2892 1411 ἠλαττώθη
2918 1340 3008 1394 καὶ
3038 1340 3121 1393 σοι
3143 1339 3203 1392 τὸ
3228 1337 3446 1408 ἀξίωμα
3471 1340 3535 1392 ὲκ
3556 1337 3651 1391 τοῦ

2089 1429 2257 1483 τέκνα
2290 1429 2364 1500 μὴ
2393 1428 2559 1499 ἔχειν.
3084 1456 3093 1461 ν

2174 1610 2243 1663 Ἡ
2291 1609 2361 1662 δὲ
2409 1611 2805 1676 σπαταλῶσα,
2862 1611 3020 1674 ζῶσα
3071 1611 3378 1681 τέθνηκεν.
3430 1613 3653 1684 Ἐπειδὴ

2093 1701 2289 1756 πολλαὶ
2327 1702 2426 1770 τὴν
2467 1702 2697 1773 χηρείαν
2745 1703 3062 1775 αἱροῦνται,
3125 1705 3211 1759 ἵνα
3246 1704 3384 1774 μετά
3413 1703 3659 1767 πλείονος

2088 1793 2275 1857 ἀδείας
2306 1793 2589 1864 πράττωσι
2609 1794 2679 1849 τὰ
2727 1795 2971 1867 θυμήρη,
3022 1800 3188 1865 φησιν
3215 1797 3298 1851 ὅτι
3344 1795 3409 1850 Ἦ
3441 1813 3655 1851 σπατα-

2093 1882 2265 1947 λῶσα,
2291 1884 2397 1938 κᾶν
2433 1883 2560 1955 δοκῇ
2588 1885 2689 1956 ζῇν
2716 1885 2920 1954 ταύτην
2949 1884 3045 1958 τὴν
3075 1887 3220 1953 ζωὴν
3241 1887 3341 1956 τὴν
3362 1886 3654 1957 αίσθητὴν,

2092 1972 2325 2043 τέθνηκε
2359 1975 2502 2028 κατὰ
2536 1974 2773 2044 πνεῦμα.
2821 1976 2884 2029 El
2928 1975 2984 2030 δὲ
3027 1978 3249 2043 γυναικὶ
3295 1978 3356 2030 οὐ
3386 1977 3659 2048 συγχωρεῖ

2096 2064 2401 2134 σπαταλᾷν,
2436 2063 2566 2117 ἔνθα
2593 2064 2686 2118 καὶ
2721 2065 2754 2135 ἠ
2786 2063 2947 2132 φύσις
2977 2064 3213 2129 πάντως,
3262 2066 3356 2124 καὶ
3392 2067 3423 2135 ἡ
3476 2065 3660 2132 ἡλικία

2094 2151 2356 2215 πολλάκις
2395 2151 2509 2221 ἔχει
2543 2152 2643 2224 τὴν
2671 2152 2983 2219 ἀσθένειαν,
3023 2155 3075 2207 τί
3114 2154 3181 2208 ἂν
3234 2154 3438 2208 εἴποιεν
3470 2155 3668 2227 ἀνδρες

2097 2240 2479 2305 σπαταλῶντες
2492 2257 2511 2308 ;

2168 2420 2277 2474 Kal
2296 2419 2481 2474 ταῦτα
2514 2419 2915 2489 παράγγελλε,
2945 2421 3047 2475 ἵνα
3077 2421 3471 2489 ἀνεπίληπτοι
3488 2417 3660 2479 ὦσιν.

2106 2512 2274 2583 Ὁρᾷς
2298 2511 2382 2587 ὃςιι
2408 2510 2485 2574 ὡς
2524 2511 2691 2581 νόμον
2716 2509 2777 2565 τὸ
2806 2512 3043 2582 πρᾶγμα
3073 2508 3211 2567 εἶναι
3241 2512 3413 2579 θέλεις
3449 2513 3527 2568 Οὐ
3556 2514 3663 2585 γὰρ

2096 2603 2162 2670 τῇ
2216 2599 2534 2670 προαιρέσει
2588 2599 2872 2668 ἐπιτρέπει
2927 2599 2988 2653 τὺ
3033 2600 3105 2670 μὴ
3155 2604 3391 2673 τρυφᾷν,
3428 2602 3545 2655 ἀλλ’
3587 2602 3663 2665 ὡς

2099 2690 2371 2762 ἁμαρτίαν
2398 2689 2556 2745 τοῦτο
2579 2690 2936 2761 ἀπαγορεύει.
2966 2691 3039 2745 Τὸ
3085 2694 3214 2761 γὰρ,
3250 2691 3662 2762 Παράγγελλε,

2094 2780 2254 2834 τοῦτο
2288 2779 2562 2850 σημαίνει,
2616 2780 2736 2833 ἀντὶ
2783 2778 2900 2846 τοῦ,
2935 2779 3098 2834 Μετὰ
3151 2779 3452 2851 αὐστηρίας
3480 2779 3655 2833 κὼλυε

2095 2869 2320 2926 τοιαῦτα
2350 2868 2658 2941 τολμᾶσθαι
2676 2869 2747 2922 δ’.
3442 2864 3447 2871 ’

2169 2963 2238 3016 El
2265 2960 2335 3016 δέ
2358 2978 2450 3026 τις
2484 2959 2601 3014 τῶν
2631 2958 2818 3024 ἰδίων,
2856 2958 2955 3012 καί
2972 2958 3239 3028 μάλιστα
3275 2957 3394 3013 τῶν
3422 2956 3659 3012 οίκείων

2099 3056 2168 3108 οὐ
2211 3052 2471 3121 προνοεῖ.
2507 3052 2574 3105 Ἥ
2611 3050 2966 3113 σπαταλῶσα,
3026 3052 3180 3120 φησι,
3228 3050 3325 3104 καὶ
3365 3048 3454 3103 διὰ
3499 3048 3657 3103 τοῦτο

424 3154 711 3216 propterea
743 3147 872 3199 dum
907 3146 1041 3201 vivit
1074 3155 1290 3201 mortua
1341 3154 1446 3212 est,
1506 3148 1755 3216 adeoque
1813 3121 1992 3218 periit,

2100 3142 2330 3213 τέθνηκε
2363 3140 2459 3195 καὶ
2481 3139 2783 3202 ἀπόλωλεν,
2819 3140 2904 3194 ὅτι
2948 3141 3130 3194 πᾶσαν
3154 3140 3252 3211 τὴν
3281 3139 3537 3211 πρόνοιαν
3576 3139 3657 3203 είς

423 3235 682 3305 quoniam
713 3250 931 3290 omnem
971 3237 1367 3306 providentiam
1402 3238 1458 3294 iu
1489 3238 1723 3308 seipsam
1782 3239 1994 3308 impen-

424 3328 525 3385 dit.
554 3324 784 3381 Suarum
802 3328 972 3388 enim.
1006 3328 1057 3383 id
1091 3337 1198 3394 est,
1241 3328 1513 3399 ttdelium,
1537 3329 1780 3385 habenda
1820 3345 1994 3395 cura;

435 3416 664 3470 maxime
699 3432 825 3471 vero
854 3416 1287 3484 domesticorum,
1330 3422 1430 3472 hoc
1460 3428 1563 3482 est,
1598 3434 1790 3474 eorum
1804 3419 1895 3489 qui
1929 3418 1997 3474 ad

423 3507 1003 3576 genusetsanguinem
1030 3509 1324 3579 pertinent,
1372 3523 1660 3580 permagna
1721 3518 1806 3566 est
1897 3511 1997 3563 ha-

423 3595 598 3650 benda
632 3610 787 3663 cura,
842 3613 968 3653 cum
1022 3600 1212 3666 animi,
1255 3609 1368 3656 tum
1437 3604 1683 3671 corporis
1755 3602 1996 3657 nomine.

496 3686 686 3743 Fidem
719 3691 947 3761 negavit.
970 3692 1260 3758 Quomodo
1288 3695 1313 3748 ἲ
1346 3695 1608 3764 quoniam
1660 3709 1824 3765 opera
1878 3696 2000 3765 ejus

423 3793 533 3834 non
565 3787 694 3834 sunt
721 3794 788 3834 ex
811 3779 933 3835 llde.
968 3779 1025 3835 Si
1051 3784 1197 3836 enim
1221 3781 1547 3839 credidisset
1576 3781 1705 3849 Deo,
1740 3784 2001 3840 adivisset

422 3882 547 3923 eum
564 3871 657 3940 qui
679 3870 843 3927 dicit:
860 3870 1185 3927 Domesticos
1213 3873 1426 3928 seminis
1443 3874 1522 3928 tui
1539 3891 1601 3928 ne
1615 3876 1909 3944 despexeris
1928 3874 1995 3929 ”.

423 3956 614 4022 Deum,
650 3959 846 4029 inquit,
875 3961 1197 4031 conﬁtentur
1228 3977 1282 4016 se
1321 3978 1496 4029 nosse,
1550 3964 1786 4032 operibus
1826 3972 2002 4030 autem

425 4060 615 4120 negant
646 4053 733 4105 "‘.

497 4140 564 4194 Et
592 4151 669 4196 est
701 4142 899 4212 inﬁdeli
915 4142 1167 4200 deterior.
1225 4146 1495 4212 Quoniam
1520 4128 1762 4213 ille,'ctsi
1793 4147 2003 4201 alienos

2098 3232 2298 3301 ἑαυτὴν
2341 3230 2809 3287 καταναλίσκειδδ.
2854 3232 2947 3285 Δεῖ
2994 3229 3103 3301 γὰρ
3143 3229 3494 3302 προνοεῖσθαι
3540 3229 3659 3284 τῶν

2097 3324 2284 3387 ἰδίων,
2313 3324 2579 3390 τουτέστι,
2600 3323 2708 3377 τῶν
2744 3323 2951 3378 πιστῶν
2987 3339 3001 3355 ο
3022 3322 3120 3377 καί
3138 3322 3405 3393 μάλιστα
3425 3324 3542 3377 τῶν
3571 3322 3663 3376 oi-

2098 3412 2298 3478 κείων,
2329 3412 2598 3478 τουτέστι,
2627 3411 2737 3466 τῶν
2769 3413 2905 3483 πρὸς
2927 3412 3143 3479 γένους,
3176 3412 3357 3464 πᾶσαν
3387 3410 3667 3482 πρόνοιαν,

2101 3506 2194 3561 καὶ
2218 3505 2317 3577 τὴν
2345 3505 2489 3559 κατὰ
2509 3504 2688 3575 ψυχὴν
2719 3505 2813 3558 καί
2837 3504 2934 3574 τὴν
2970 3505 3113 3555 κατὰ
3153 3503 3334 3574 σῶμα.

2176 3684 2301 3752 Τὴν
2331 3684 2540 3739 πίστιν
2570 3684 2846 3753 ἤρνηται.
2870 3680 3031 3750 Πῶς;
3064 3685 3145 3738 ὅτι
3168 3684 3236 3738 τὰ
3265 3683 3403 3756 ἔργα
3439 3684 3540 3738 οὐκ
3564 3685 3671 3738 εἰσὶ

2104 3774 2476 3840 πιστεύοντος.
2512 3776 2578 3830 El
2627 3777 2739 3848 γὰρ
2787 3778 3040 3831 ἐπίστευε
3071 3775 3147 3847 τῷ
3188 3776 3328 3847 Θεῷ,
3375 3777 3573 3848 ἧκουεν
3603 3777 3670 3830 ἂν

2103 3864 2270 3919 αὐτοῦ
2302 3864 2553 3933 λέγοντος
2571 3882 2585 3896 ’
2606 3865 2746 3920 Ἀπὸ
2783 3863 2903 3919 τῶν
2934 3864 3168 3920 οἰκείων
3193 3864 3299 3918 τοῦ
3326 3863 3671 3931 σπέρματός

2102 3969 2219 4010 σου
2270 3957 2383 4025 οὐχ
2438 3958 2753 4024 ὑπερόψει.
2809 3957 2978 4019 Θεὸν,
3014 3957 3201 4025 φησιν,
3264 3952 3669 4025 ὁμολογοῦσιν

2102 4047 2345 4112 εἰδέναι,
2377 4047 2499 4115 τοῖς
2532 4047 2600 4102 δὲ
2627 4049 2823 4119 ἔργοις
2850 4046 3197 4117 ἀρνοῦνται.

2174 4140 2282 4195 Καὶ
2319 4141 2491 4194 ἐστιν
2515 4140 2777 4195 ἀπίστου
2802 4141 3041 4208 χείρων.
3075 4138 3220 4193 Διότι
3258 4138 3466 4201 ἐκεῖνος
3494 4135 3593 4208 μιν
3621 4136 3670 4188 εί

433 4247 547 4285 non
582 4242 765 4297 curat,
799 4249 928 4289 suos
955 4243 1134 4290 tamen
1166 4251 1270 4289 non
1304 4238 1546 4307 negligit,
1581 4238 1771 4295 saltem
1799 4246 1993 4291 natura

2105 4233 2199 4284 xui.
2243 4233 2370 4295 τοὺς
2407 4231 2740 4301 ἀλλοτρίους,
2791 4230 2928 4284 ἀλλά
2983 4246 3048 4298 γε
3098 4231 3224 4293 τοὺς
3274 4226 3561 4291 οἰκείουςδδ
3607 4227 3670 4279 ού

431 4336 603 4376 suasu
636 4322 837 4378 ductus
864 4339 881 4377 :
914 4323 1004 4380 hic
1040 4341 1168 4380 vero
1198 4334 1306 4378 tam
1335 4325 1446 4390 Dei,
1482 4341 1642 4396 quam
1692 4341 1902 4381 natura:
1926 4328 2000 4396 le:-

2109 4323 2364 4393 περιορᾷ,
2419 4324 2485 4390 τῇ
2520 4320 2679 4389 φύσει
2735 4319 2866 4387 γοῦν
2895 4320 3213 4389 πειθόμενος
3249 4334 3262 4347 ·
3304 4316 3468 4380 αὐτὸς
3495 4316 3549 4370 δὲ
3576 4316 3672 4368 καὶ

432 4426 551 4481 gem
577 4415 743 4478 tollit,
778 4422 833 4468 et
858 4415 1059 4484 injuria
1089 4414 1271 4468 allicit.
1310 4416 1444 4481 Quis
1492 4430 1617 4470 vero
1655 4417 1816 4471 talem
1879 4432 1993 4470 crc-

2107 4412 2197 4465 τδν
2225 4411 2318 4464 τοῦ
2349 4409 2480 4464 Θεοῦ
2507 4412 2601 4463 καὶ
2626 4412 2716 4463 τὸν
2741 4411 2838 4480 τῆς
2884 4410 3099 4480 φύσεως
3129 4410 3291 4480 νόμον
3321 4407 3538 4477 ἀναιρεῖ
3573 4405 3671 4458 καὶ

414 4500 631 4555 Δίἀειίι
660 4503 837 4555 amico
859 4517 981 4557 esse
1009 4502 1203 4559 allecto
1261 4518 1386 4573 erga
1432 4505 1686 4560 alienos?
1735 4506 1893 4572 Quod
1954 4507 1993 4562 si

2109 4502 2440 4566 ἀδικείοΤίς
2485 4502 2529 4556 δ’
2579 4501 2645 4556 ἂν
2704 4501 2795 4555 τὸν
2835 4501 3091 4554 τοιοῦτον
3136 4498 3480 4553 πιστεύσειεν
3532 4491 3673 4549 εἶναι

430 4598 613 4644 autem
645 4592 972 4648 misereatur
1002 4594 1234 4659 alienos,
1270 4611 1450 4649 nonne
1508 4611 1573 4650 ex
1628 4598 1774 4652 inani
1827 4600 1993 4669 gloria

2109 4594 2464 4665 φιλόστοργον
2494 4593 2622 4664 περὶ
2645 4592 2770 4654 τοὺς
2820 4593 3168 4661 ἀλλοτρίους;
3226 4592 3287 4644 El
3331 4590 3387 4643 δὲ
3426 4588 3517 4643 καὶ
3548 4588 3675 4647 τοὺς

424 4681 571 4735 istud
602 4682 783 4738 facit?
817 4682 1070 4755 Expende
1105 4694 1286 4739 autem
1316 4694 1492 4741 tecum
1530 4705 1544 4742 ι
1572 4690 1617 4744 si
1670 4689 1869 4749 inﬁdeli
1914 4703 1993 4746 est

2106 4686 2419 4755 ἀλλοτρίους
2480 4684 2655 4751 ἐλεεῖ,
2712 4685 2830 4747 πῶς
2883 4685 2946 4737 ού
2998 4682 3245 4748 κενδοξία
3294 4682 3353 4734 τὸ
3401 4682 3672 4751 πρᾶγμας

423 4772 658 4829 deterior
688 4776 778 4845 qui
820 4778 936 4832 suis
962 4793 1069 4831 non
1107 4778 1372 4845 providet,
1434 4795 1594 4848 quem
1661 4781 1716 4836 in
1750 4784 1993 4855 ordinem

2106 4777 2429 4845 Συλλὸγισαι
2457 4774 2534 4842 δὲ,
2566 4776 2650 4829 ὅτι
2684 4777 2733 4827 εί
2761 4775 2991 4828 ἀπίστου
3015 4774 3233 4844 χείρων,
3267 4775 3294 4824 ὁ
3326 4771 3399 4841 μὴ
3428 4769 3673 4840 προνοῶν

427 4865 472 4917 is
505 4865 864 4920 collocabitur
897 4870 987 4936 qui
1026 4868 1224 4936 injuria
1253 4886 1346 4923 eos
1380 4870 1544 4924 allicit
1575 4870 1598 4923 ?
1629 4880 1682 4926 et
1707 4872 1850 4942 quod
1883 4889 1991 4927 non

2103 4867 2211 4920 τῶν
2243 4864 2480 4931 οἰκείων,
2519 4865 2548 4916 ὀ
2589 4863 2792 4917 ἀδικῶν
2822 4864 3019 4925 αὐτοὺς
3068 4860 3172 4914 ποῦ
3208 4860 3527 4925 τετάξεταις
3565 4857 3656 4909 καὶ

424 4953 561 5008 satis
598 4962 682 5009 est
709 4956 945 5025 cuipiam
980 4957 1045 5011 ad
1081 4959 1311 5013 salutem
1339 4962 1556 5031 propria
1581 4962 1773 5031 virtus,
1803 4963 1848 5018 si
1872 4963 1989 5032 ipse

2102 4959 2186 5012 ὅτι
2219 4958 2319 5011 οὐκ
2345 4958 2507 5028 ἀρκεῖ
2548 4973 2652 5009 τινι
2698 4955 2834 5025 πρὸς
2883 4953 3219 5023 σωτηρίανὴ
3253 4954 3432 5005 οἰκεία
3475 4949 3673 5021 ἁρετὴ.

423 5045 628 5100 virtute
648 5045 908 5114 praeditus
946 5048 1134 5118 amnes
1172 5064 1303 5105 suos
1367 5068 1474 5106 non
1532 5052 1728 5107 doceat
1777 5061 1833 5109 et
1892 5052 1992 5107 ad-

2105 5050 2264 5120 είπερ
2280 5048 2441 5111 αὐτὸς
2459 5048 2711 5117 ἐνάρετος
2741 5045 2840 5110 ὢν,
2864 5045 2938 5116 μὴ
2958 5043 3201 5097 διδάσκει
3228 5044 3325 5097 καὶ
3347 5043 3604 5113 παρπινεί
3625 5038 3670 5069 ³⁸

428 5136 696 5193 hortetur.

2102 5144 2228 5205 τοὺς
2259 5141 2395 5210 πρὸς
2414 5139 2629 5209 γένους.

499 5320 544 5353 ’³
572 5319 653 5377 lsa
706 5339 858 5390 Lvtu,
888 5325 938 5379 7.
1009 5326 1078 5357 ”'
1121 5321 1229 5376 Tit.
1263 5340 1297 5389 ι,
1366 5325 1447 5378 l6.

1739 5463 1933 5527 Varita
1977 5465 2305 5529 lectiones.

509 5583 550 5612 “
576 5580 840 5660 πάντοθεν
867 5599 918 5640 ο.
973 5586 1039 5660 ,δξ
1059 5584 1303 5652 γίνεσθαι
1328 5600 1380 5639 o.
1425 5584 1505 5660 _"'
1535 5586 1946 5660 καταναλίσκει,
1979 5593 2070 5644 καὶ
2091 5589 2268 5654 οὕτως
2293 5588 2497 5657 ἑαυτήν
2521 5602 2582 5639 τε
2612 5581 2826 5654 φθείρει
2873 5597 2948 5639 m.
2984 5579 3250 5653 lmpendit

3322 5590 3341 5636 :
3387 5574 3566 5644 sicque
3615 5587 3666 5625 ss

432 5646 600 5716 ipsam
643 5656 868 5720 perimit.
946 5646 1235 5724 ’δέν’γιστα
1267 5670 1320 5711 o.
1398 5655 1443 5685 ⁸⁸
1470 5657 1695 5724 κατηχεῖ
1748 5671 1802 5710 ο.
