4006 6214
1170 283 1194 314 ,κ

296 343 380 400 ('5
1063 315 1468 415 exrosmo
1501 358 1578 417 lN
1606 358 1838 418 EPIST.
1880 360 1905 417 1
1935 362 2034 426 AD
2071 361 2386 426 TlMOTH.
2414 390 2482 399 -
2512 367 2670 428 CAP.
2709 370 2772 427 ν.
3480 373 3548 434 t6

381 452 556 552 Χήρα
576 454 996 554 καταλεγέσθω
1008 460 1094 528 μὴ
1120 463 1386 518 ἐλάττων
1403 466 1552 519 ἐτῶν
1581 468 1876 534 ἑξήκοντα

2051 471 2214 528 Vens.
2245 478 2298 529 9.
2345 475 2516 530 Vidua
2575 479 2829 548 eligatur,
2887 498 2986 534 non
3054 485 3228 534 minus
3277 488 3550 554 sexaginta

299 543 607 610 γεγονυῖα,
641 543 780 606 ἐνὸς
807 546 1028 614 ἀνδρὸς
1071 553 1245 618 γυνή.
1298 555 1514 626 Ἐπειδὴ
1552 557 1704 610 εἶπεν
1737 561 1876 612 ἀνω·

296 634 476 701 τὲρω,
507 635 645 702 ὁτιὴ
685 637 1038 703 σπαταλῶσα,
1093 645 1282 713 καὶμὴ
1319 649 1623 716 προνοοῦσαι
1661 651 1766 703 τῶν
1801 654 1878 702 oi-

295 725 498 786 κείων,
537 726 734 789 ἀναξία
771 727 886 782 ἐστὶ
921 730 1014 782 τοῦ
1064 735 1365 804 καταλόγου
1402 740 1510 792 τῶν
1553 743 1758 812 χηρῶν,
1785 743 1878 796 νῦν

292 815 553 866 διδάσκει
585 817 733 885 ἡμᾶς
759 818 812 868 τί
847 818 930 870 δεῖ
953 820 1124 891 αὑτὴν
1159 823 1302 892 ἔχειν
1327 843 1338 855 ·
1383 828 1478 880 καὶ
1511 831 1726 897 πρῶτον
1775 832 1876 899 μὲν

296 909 439 976 περὶ
489 906 589 976 τῆς
640 909 857 978 ἡλικίας
921 911 1396 982 ἁκριόολογείταιο
1444 919 1542 990 τὴν
1590 921 1645 972 δὲ
1700 923 1877 974 αἰτίαν

295 997 515 1066 προῖὼν
545 1001 680 1068 ἐρεῖ.
711 1001 784 1052 Οὐ
818 1001 926 1070 γὰρ
961 1003 1149 1066 ἁπλῶς
1175 1004 1318 1058 οὕτω
1348 1008 1446 1076 τὴν
1498 1010 1876 1075 ὲξηχοντοῦτιν

296 1091 582 1160 ἐγκρίνειο
643 1090 760 1142 ἔστι
807 1093 913 1162 γὰρ
965 1095 1060 1146 καὶ
1117 1097 1374 1168 τοιαύτην
1433 1100 1657 1164 ἀναξίαν
1709 1094 1873 1155 εἶναι.

300 1182 542 1233 Ἔπειτα
571 1181 666 1234 καὶ
697 1183 1039 1251 μονογαμίαν
1070 1185 1237 1253 αὐτὴν
1267 1189 1508 1252 ἀπαιτεῖ,
1545 1189 1620 1251 ὡς
1650 1193 1876 1259 σημεῖον

300 1272 644 1340 σεμνότητος
679 1274 773 1325 καὶ
817 1274 1300 1348 φιλοσωφροσύνης
1319 1277 1384 1330 ⁸⁸.
1431 1279 1539 1331 Καὶ
1573 1280 1639 1333 τὰ
1661 1280 1794 1334 ἄλλα
1820 1281 1874 1332 δὲ

297 1363 433 1432 ἑξῆς
467 1363 655 1416 ἄκουε.

386 1559 496 1612 Ἔν
517 1558 708 1628 ἔργοις
739 1562 949 1628 καλοῖς
964 1564 1446 1633 μαρτυρουμένη.
1473 1565 1645 1620 Τοῦτό
1672 1566 1788 1620 ἐστι
1814 1566 1875 1618 τδ

294 1651 514 1719 κυρίως
538 1651 708 1722 αὐτὴν
733 1651 916 1717 ἀξιοῦν
954 1652 1048 1706 τοῦ
1081 1654 1411 1724 καταλόγου·
1443 1651 1564 1710 εἶτα
1585 1655 1873 1727 ἁριθμεῖ⁸⁷

297 1741 497 1793 καὶτὰ
526 1741 665 1810 ἔργα
697 1743 1032 1814 ἰδικώτερον.

1980 579 2258 625 annorum,
2290 566 2590 633 tjtttefuert't
2625 570 2779 620 unius
2833 572 2931 623 riri
2981 586 3133 623 uxor.
3203 571 3338 625 Cum
3386 589 3550 644 supra

1981 649 2234 714 dixisset,
2268 653 2410 720 quod
2443 669 2504 706 ea
2536 671 2657 722 quae
2702 658 3076 725 voluptatibus
3111 659 3289 712 dedita
3351 669 3454 726 est,
3498 673 3553 716 et

1978 756 2098 807 quae
2126 741 2244 794 suis
2279 759 2389 795 non
2426 746 2716 814 prospicit,
2754 747 2974 817 indigna
3005 757 3089 803 est
3125 764 3248 818 quae
3284 753 3553 806 referatur

1978 831 2032 882 in
2069 831 2377 899 catalogum
2416 835 2724 900 viduarum,
2759 854 2900 892 nunc
2932 854 3034 892 nos
3064 840 3223 893 docet
3255 841 3385 909 quid
3427 857 3547 896 eam

1979 919 2180 974 habere
2217 932 2485 991 oporteat.
2546 926 2620 979 Ac
2682 929 2918 995 primum
2979 931 3200 997 quidem
3261 931 3328 986 de
3392 943 3551 988 aelate

1978 1017 2168 1062 exacte
2199 1010 2439 1064 disserit.
2471 1013 2706 1066 Causam
2763 1031 2894 1070 vero
2931 1016 2982 1068 in
3032 1033 3324 1087 progressu
3383 1021 3528 1074 dicet

1978 1096 2095 1148 Non
2132 1099 2272 1150 enim
2300 1099 2617 1168 simpliciter
2639 1105 3050 1170 scxagenariam
3083 1105 3280 1173 probat
3314 1125 3326 1159 :
3361 1118 3549 1176 posset

1977 1189 2121 1240 enim
2157 1189 2421 1256 ejusmodi
2456 1195 2620 1244 etiam
2665 1194 2884 1262 indigna
2929 1210 3075 1249 esse.
3146 1194 3348 1252 Deinde
3388 1198 3456 1253 ab
3483 1214 3547 1253 ea

1976 1280 2162 1347 exigit,
2231 1290 2289 1333 ut
2337 1281 2432 1334 uni
2497 1285 2694 1335 marito
2721 1285 2971 1352 c0pulata
3034 1286 3127 1347 sit,
3183 1303 3280 1341 ceu
3333 1290 3546 1356 signum

1981 1371 2286 1426 honestatis
2316 1381 2369 1427 et
2433 1375 2728 1443 pudicitiae.
2767 1377 2886 1428 Alia
2955 1392 3081 1431 vero
3143 1395 3264 1448 quae
3310 1384 3548 1450 requirat

1979 1462 2104 1515 audi
2142 1462 2194 1515 in
2228 1465 2604 1531 sequentibus.

2053 1569 2212 1625 Vens.
2279 1572 2365 1625 10.
2415 1571 2480 1626 In
2543 1573 2781 1642 operibus
2842 1574 2989 1628 bonis
3043 1579 3397 1632 testimonium
3449 1579 3548 1634 Ita-

1978 1660 2119 1718 bens.
2155 1661 2267 1715 lloe.
2307 1664 2554 1731 estquod
2622 1679 2738 1716 eam
2770 1665 2986 1732 prOprie
3045 1667 3292 1736 catalogo
3324 1669 3545 1737 dignam

1981 1751 2130 1814 facit,
2165 1751 2359 1806 deinde
2397 1761 2451 1806 et
2480 1768 2642 1822 opera
2675 1754 2796 1821 ejus
2830 1755 3109 1823 speciatim
3169 1768 3474 1814 enumerat.

376 1832 446 1882 El
484 1829 982 1899 ἐτεκνοτρόφησεν.
1025 1833 1420 1905 Τεκνοτροφεῖν
1448 1835 1509 1888 οὐ
1543 1835 1700 1889 τοῦτό
1735 1835 1874 1897 ἐστι,

2051 1839 2110 1895 Si
2159 1841 2352 1894 liberos
2400 1821 2660 1895 educarit.
2713 1821 2937 1896 Liberos
2987 1843 3241 1909 educare,
3299 1861 3404 1898 non
3463 1855 3548 1900 est

296 1920 363 1972 τὸ
399 1920 614 1990 τρέφειν
642 1922 707 1976 τὰ
736 1924 907 1977 τέκνα
929 1923 1136 1991 ἁπλῶς,
1169 1925 1306 1979 ἀλλὰ
1339 1926 1399 1979 τὸ
1430 1927 1507 1989 ὼς
1545 1927 1658 1978 δεῖί
1686 1925 1875 1996 ὥσπερ

300 2013 402 2063 καὶ
439 2012 699 2082 ἀνωτέρω
727 2008 900 2067 εἶπεν·
948 2016 1082 2068 Ἐὰν
1129 2017 1476 2086 ἐπιμείνωσι
1543 2016 1618 2086 τῇ
1675 2019 1875 2072 πίστει

300 2104 404 2154 καί
439 2102 516 2168 τῷ
536 2104 835 2174 ἁγιασμῷ.

392 2195 455 2248 ιςι
480 2196 936 2265 ἐξενοδόχησεν.
975 2197 1139 2270 Ὁρᾷς
1182 2200 1297 2263 πῶς
1329 2200 1427 2264 τὰς
1459 2202 1595 2273 πρὸς
1633 2202 1758 2266 τοὺς
1796 2203 1875 2255 οἰ·

308 2286 496 2348 κείους
524 2287 840 2358 εὐεργεσίας
875 2289 1194 2359 προτέθεικε
1228 2291 1338 2344 τῶν
1380 2291 1518 2361 πρὸς
1564 2294 1688 2354 τοὺς
1720 2291 1878 2346 ἀλλο-

301 2378 516 2444 τρίουςς
544 2378 826 2448 Προειπὼν
850 2380 980 2450 γὰρ,
1015 2383 1082 2435 Εἰ
1101 2381 1592 2450 ἐτεκνοτρόφησε,
1619 2383 1741 2434 τότε
1773 2385 1874 2435 ὲπ-

301 2467 538 2536 ήγαγεν,
567 2466 636 2522 Εἰ
659 2467 1090 2538 ἐξενοδόχησε·
1141 2471 1246 2524 κᾶν
1274 2471 1444 2525 τᾶλλα
1473 2471 1518 2524 δ’
1558 2472 1762 2541 ἄπορος
1789 2475 1874 2542 εἴη

300 2574 416 2622 τις,
449 2557 628 2612 οἰκίαν
658 2559 870 2624 πάντως
899 2561 1032 2630 ἔχει’
1074 2562 1136 2615 οὐ
1168 2561 1276 2632 γὰρ
1310 2562 1374 2633 δὴ
1395 2561 1606 2632 αἴθριος
1635 2562 1805 2632 μένει.

383 2831 452 2882 Et
507 2830 689 2898 ἁγίων
736 2830 926 2899 πόδας
975 2831 1170 2900 Emitte.
1231 2829 1407 2885 Τοῦτο
1461 2825 1636 2897 εἶπεν,
1688 2833 1874 2906 ἐπειδὴ

308 2920 511 2974 πολλαὶ
544 2921 870 2991 ξεπδοχοῦσι
907 2924 1027 2994 μὲν,
1058 2926 1162 2976 οὐκ
1208 2924 1374 2977 αὑταὶ
1419 2923 1477 2976 δὲ
1533 2924 1602 2976 δι’
1667 2925 1877 2978 ἑαυτῶν

307 3014 672 3084 ὑπουργοῦσι,
700 3014 834 3068 ἀλλὰ
859 3013 948 3068 διὰ
971 3016 1076 3068 τῶν
1098 3015 1516 3084 θεραπαινίδων.
1547 3014 1878 3084 Βουλόμενος

307 3105 406 3159 οἷον
443 3107 743 3178 ἐργατικὴν
769 3103 969 3161 sistat.“
996 3109 1094 3180 τὴν
1117 3110 1314 3180 χήραν,
1352 3109 1444 3161 καὶ
1476 3109 1552 3178 μὴ
1584 3107 1870 3178 βλακικὴν,
1900 3136 1942 3192 c

309 3198 482 3267 αὐτὴν
502 3198 567 3251 δι’
597 3200 800 3266 ἑαυτῆς
825 3200 1120 3269 ὑπουργεῖν
1148 3198 1389 3251 κελεύει·
1455 3199 1489 3268 ἡ
1512 3199 1619 3269 γὰρ
1649 3197 1874 3267 βλακεία

309 3290 673 3358 σπαταλώσης
711 3289 936 3358 μᾶλλον.
965 3290 1073 3342 Καὶ
1101 3289 1275 3351 ἄλλως
1304 3290 1382 3352 δὲ,
1408 3289 1498 3342 ἵνα
1529 3289 1604 3358 μὴ
1633 3287 1875 3356 παντελῆ

310 3383 547 3452 ἀπορίαν
575 3382 917 3452 προδόιληταί
947 3398 1030 3445 τις
1067 3381 1204 3450 πρὸς
1235 3381 1293 3433 τὸ
1319 3380 1393 3450 μὴ
1435 3380 1750 3450 ξενοδοχεῖν,
1801 3379 1876 3442 ὡς

310 3473 448 3543 μηδὲ
473 3474 651 3536 οἰκίας
673 3472 1007 3542 εόποροῦσα,
1039 3471 1195 3541 φησὶ,
1228 3472 1336 3524 Καὶ
1367 3471 1470 3541 μὴν
1512 3471 1572 3523 τὸ
1592 3473 1740 3540 νίψαι
1778 3473 1877 3524 οὐκ

310 3561 431 3612 ἐστι
466 3560 737 3628 δαπάνης,
769 3559 888 3612 οὐδὲ
925 3559 1208 3629 εὐπορίας.
1239 3559 1429 3627 ’Ἅγιοι
1453 3558 1508 3612 δέ
1539 3559 1646 3612 εἰσι
1679 3560 1877 3622 πάντες

307 3650 425 3703 ὅσοι
464 3650 647 3702 πίστιν
674 3648 840 3720 ὀρθὴν
875 3649 1012 3718 μετὰ
1045 3648 1162 3718 βίου
1197 3648 1544 3719 ἐχουσι,.κᾶν
1567 3650 1643 3719 μὴ
1675 3652 1876 3718 σημεῖα

309 3739 676 3810 ιργάζωνται.

377 3832 446 3883 Εἰ
482 3828 863 3896 θλιϐομένοις
893 3827 1217 3898 ἐπήρκεσε.
1267 3829 1379 3883 Καὶ
1427 3828 1518 3882 διὰ
1557 3829 1874 3899 χρημάτων,

311 3921 410 3974 καὶ
435 3920 528 3974 ea
559 3921 926 3989 προστασίας,
957 3923 1051 3974 καὶ
1087 3921 1383 3990 μεσιτείας.

385 4015 452 4066 Et
494 4012 675 4064 παντί
713 4010 864 4079 ἔργῳ
902 4010 1100 4079 ἁγαθῷ
1139 4013 1619 4079 ἐπηκολούθησε.
1649 4007 1793 4076 Οἷον,
1828 4012 1876 4063 εἰ

310 4101 452 4170 αὐτὴ
508 4099 848 4169 ἐργάσασθαι
880 4100 955 4171 μὴ
986 4101 1250 4172 ἠδυνήθη,
1308 4103 1459 4170 ὅμως
1519 4102 1876 4170 ἐκοινώνησεν

310 4191 451 4262 ἄλλῃ
470 4189 897 4262 ἔργαζομένηβὶ
925 4191 1262 4262 ὑπούργησε.
1289 4192 1398 4261 Τὴν
1426 4190 1533 4261 γὰρ
1556 4190 1878 4261 σωματικὴν

311 4282 619 4351 ὑπηρεσίαν
644 4283 920 4353 εἰσφέρειν
935 4284 1326 4354 προτρέπεται,
1344 4278 1475 4346 οἷον,
1494 4284 1680 4351 κλίνην
1702 4281 1876 4352 στρῶ-

312 4389 429 4438 σαι,
462 4375 795 4440 ἀναπαῦσαι,
818 4377 952 4444 πρὸς
976 4373 1013 4428 ἃ
1050 4375 1478 4443 ἐπιτηδειότεραι
1509 4375 1563 4425 αἰ
1594 4375 1874 4442 γυναῖκες.

1979 1932 2300 2000 simpliciter
2330 1933 2532 1986 liberos
2568 1933 2734 1992 alere.
2767 1934 2858 1988 sed
2891 1933 3113 2002 perinde
3159 1941 3322 2003 atque
3382 1951 3548 2006 opor-

1981 2031 2053 2076 tet
2091 2040 2103 2076 :
2142 2022 2598 2092 quemadmodum
2627 2020 2790 2091 578
2817 2031 2868 2076 et
2897 2039 3062 2092 supra
3101 2023 3262 2089 dixit,
3327 2021 3387 2078 Si
3432 2040 3552 2094 per-

1976 2115 2274 2168 manserint
2326 2114 2376 2166 in
2414 2115 2519 2182 ﬁde
2544 2122 2593 2166 et
2651 2113 3090 2182 sanctiﬁcatione.

2051 2203 2109 2258 Si
2137 2205 2364 2272 hospitio
2390 2205 2602 2271 recepit.
2637 2203 3032 2257 Animadvertit
3055 2204 3329 2273 quomodo
3379 2203 3549 2257 bene-

1979 2291 2249 2358 ﬁcentias,
2283 2308 2404 2362 qua:
2431 2308 2556 2362 erga
2585 2295 2856 2362 proprios,
2896 2294 3006 2348 illis
3035 2309 3155 2364 qua:
3181 2309 3305 2364 erga
3338 2293 3550 2348 alienos

1977 2387 2300 2454 praestanda:
2364 2394 2514 2448 sunt,
2587 2387 2947 2454 anteposuit?
3012 2403 3132 2440 cum
3192 2387 3336 2441 enim
3398 2386 3550 2454 prius

1977 2476 2224 2537 dixisset,
2255 2477 2313 2530 Si
2343 2477 2531 2530 liberos
2559 2477 2821 2538 educavit,
2877 2487 3008 2530 tunc
3036 2478 3248 2530 intulit:
3282 2474 3341 2531 Si
3371 2476 3550 2543 hospi-

1979 2569 2053 2620 tio
2085 2569 2294 2633 recepit.
2341 2569 2571 2621 Etiamsi
2631 2567 2777 2621 enim
2840 2567 3071 2620 aliarum
3132 2582 3311 2623 rerum
3364 2567 3547 2637 indiga

1979 2656 2140 2711 fuerit
2165 2657 2368 2726 aliqua.
2399 2655 2620 2710 domum
2673 2658 2900 2711 omnino
2967 2655 3179 2712 habet:
3243 2672 3350 2711 non
3401 2657 3546 2712 enim

1979 2749 2080 2804 Sub
2103 2751 2196 2801 dio
2221 2749 2448 2801 habitat.

2049 2836 2107 2891 Si
2133 2846 2434 2890 sanctorum
2464 2837 2617 2904 pedes
2645 2838 2792 2891 lavit.
2827 2839 2943 2890 Hoc
2971 2837 3128 2897 dixit,
3179 2837 3306 2906 quia
3366 2838 3551 2892 multa!

1978 2927 2217 2996 hospitio
2239 2927 2458 2995 quidem
2489 2927 2782 2994 recipiunt,
2823 2926 2956 2994 ipsae
2987 2934 3166 2977 autem
3197 2940 3297 2994 per
3330 2926 3544 2994 seipsas

1979 3033 2088 3071 non
2134 3019 2457 3079 inserviunt,
2488 3019 2580 3070 sed
2617 3031 2714 3086 per
2761 3016 3024 3073 ancillas.,
3049 3012 3249 3069 Valens
3303 3030 3434 3086 ergo
3468 3015 3550 3070 vi-

1978 3110 2142 3162 duam
2178 3123 2464 3176 operosam
2522 3121 2666 3170 esse,
2729 3120 2836 3158 non
2898 3105 3168 3174 ignavam,
3225 3104 3394 3173 ipsam
3452 3119 3550 3175 per

1978 3215 2100 3254 sese
2131 3199 2443 3253 ministrare
2473 3198 2626 3267 jubet
2654 3215 2668 3252 :
2713 3196 2924 3266 ignavia
2957 3196 3102 3249 enim
3122 3195 3423 3251 deliciantis
3453 3212 3553 3267 po-

1978 3292 2088 3343 tius
2118 3296 2224 3343 est.
2259 3288 2525 3341 Praeterea
2555 3303 2620 3342 ne
2660 3285 2884 3340 omnino
2942 3286 3223 3353 penuriam
3292 3295 3551 3353 praetexat

1977 3381 2158 3448 aliqua
2195 3419 2209 3444 ,
2257 3379 2549 3448 quominus
2610 3377 2680 3430 sit
2741 3375 3025 3444 hospitalis
3060 3412 3078 3439 ,
3148 3384 3206 3428 ut
3265 3391 3385 3443 qua:
3433 3389 3545 3428 non

1978 3472 2219 3526 abundet
2241 3487 2297 3524 re
2322 3469 2576 3522 familiari
2613 3485 2628 3527 :
2657 3467 2727 3520 At
2754 3481 2900 3530 vero,
2957 3465 3153 3534 inquit,
3205 3467 3428 3519 abluere
3454 3479 3548 3535 pe-

1977 3566 2072 3618 tles
2104 3579 2212 3616 non
2254 3559 2528 3628 estmagni
2576 3564 2826 3625 sumptus
2879 3571 3056 3624 neque
3110 3556 3303 3621 copiae.
3359 3553 3550 3610 Sancti

1978 3666 2158 3709 autem
2192 3661 2314 3707 sunt
2351 3666 2561 3710 omnes,
2587 3657 2857 3718 quotquot
2881 3646 3036 3699 ﬁdem
3067 3655 3265 3698 tectam
3291 3659 3412 3698 cum
3441 3647 3548 3699 vita

1977 3745 2321 3814 conjunctant
2344 3743 2559 3802 habent,
2575 3740 2787 3793 etiamsi
2815 3737 3076 3792 miracula
3100 3753 3207 3790 non
3229 3746 3547 3806 operantur.

2049 3835 2106 3888 Si
2135 3833 2526 3887 tribulationem
2559 3831 2877 3902 patientibus
2903 3829 3348 3884 subministravit.
3372 3825 3547 3883 Pecu-

1979 3925 2108 3990 niis,
2141 3925 2448 3994 patrocinio
2499 3933 2552 3976 et
2604 3924 3016 3978 intercessione.
3495 3995 3514 4001 _

2049 4013 2107 4069 Si
2133 4031 2283 4069 omne
2313 4030 2441 4081 opus
2473 4014 2664 4067 bonum
2697 4014 2976 4066 subsecuta
3001 4023 3099 4068 est.
3145 4012 3321 4068 Veluti
3347 4011 3393 4066 si
3427 3997 3546 4080 ipsa
3640 4021 3646 4029 '

1978 4104 2192 4173 operari
2227 4119 2330 4158 non
2385 4085 2581 4173 potuit,
2624 4118 2858 4156 consors
2927 4112 3106 4156 tamen
3173 4103 3274 4156 fuit
3322 4104 3548 4156 alterius

1979 4210 2100 4262 qua:
2132 4205 2477 4262 operaretur,
2511 4195 2554 4248 si
2592 4193 2912 4247 subserviit.
2941 4193 3234 4260 (Zorporale
3261 4193 3406 4246 enim
3443 4193 3546 4245 mi-

1981 4284 2266 4338 nisterium
2299 4284 2494 4338 allerre
2513 4285 2864 4346 adhortatur,
2891 4284 3051 4352 quale
3069 4292 3151 4337 est
3171 4284 3370 4337 lectum
3407 4295 3549 4338 Stet"

1983 4394 2130 4440 nere,
2157 4377 2457 4432 refocillare
2479 4396 2492 4431 :
2513 4377 2576 4430 ad
2599 4394 2718 4446 quin
2738 4377 2950 4430 feminae
2982 4378 3150 4446 magis
3179 4387 3301 4431 sunt
3319 4377 3544 4432 idonea}.

383 4468 687 4549 Νεωτέρας
740 4467 809 4520 δὲ
859 4467 1051 4536 χήρας
1101 4467 1409 4533 παραιτοῦ.
1481 4466 1635 4530 Τίνος
1692 4467 1876 4518 ἕνεκεν

2058 4466 2213 4520 Vens.
2251 4468 2334 4519 ll.
2355 4467 2596 4521 Juniores
2629 4481 2802 4520 autem
2830 4469 3012 4520 viduas
3043 4468 3234 4520 devita.
3271 4469 3439 4533 Hujus
3470 4468 3545 4521 rei

316 4560 446 4627 περὶ
504 4557 599 4609 τοῦ
651 4558 844 4627 χρόνου
874 4558 984 4610 τῶν
1021 4556 1300 4622 παρθένων
1339 4556 1488 4609 οὐδὲν
1514 4556 1876 4618 διατάττεται,

317 4651 498 4703 καίτοι
525 4647 771 4718 μείζονος
797 4649 947 4711 ὄντος
969 4647 1063 4702 τοῦ
1091 4647 1295 4716 ἀγῶνος
1318 4666 1332 4712 ;
1369 4647 1605 4710 Εἰκότως
1625 4663 1638 4676 ·
1668 4647 1748 4700 ὃτι
1774 4645 1882 4700 ἀπὸ

321 4742 570 4809 μείζονος
620 4741 926 4810 προθυμίας
966 4741 1080 4793 ἐκεῖ
1106 4741 1134 4791 ό
1162 4738 1332 4807 ἀγὼν,
1366 4739 1460 4792 καὶ
1503 4739 1748 4801 πλείονος
1780 4737 1882 4807 τῆς

319 4832 674 4901 θερμότητος.
703 4829 913 4889 ’Ἄλλως
960 4845 1040 4897 τε,
1068 4831 1125 4880 ὲν
1156 4829 1234 4897 τῷ
1272 4828 1453 4898 ζητεῖν
1483 4830 1575 4881 ἐπὶ
1607 4829 1713 4881 τῶν
1741 4845 1879 4899 παρ.

329 4924 493 4976 θένων
513 4925 574 4976 τὸ
603 4922 968 4994 εὐπρόσεδρον
995 4919 1072 4993 τῷ
1105 4921 1292 4990 Κυρίῳ
1320 4920 1764 4990 ἀπερισπάστως,
1786 4921 1880 4972 καὶ

327 5014 386 5065 τὸ
415 5017 682 5086 μεριμνᾷ-ι
703 5015 772 5067 τὰ
799 5014 893 5066 τοῦ
943 5015 1170 5084 Κυρίου,
1206 5011 1406 5079 πολλὴν
1427 5011 1714 5080 ἀκρίϐειαν
1748 5026 1881 5078 προ-ι

327 5102 462 5165 ξενεῖ
490 5120 548 5155 τε
580 5107 673 5158 καὶ
717 5105 956 5160 ἀπαιτεῖ.
997 5104 1127 5157 ’Λπὺ
1172 5103 1228 5156 δὲ
1275 5102 1465 5155 τούτου
1514 5101 1606 5154 καὶ
1635 5102 1662 5152 ό
1687 5100 1876 5170 χρόνος

324 5193 495 5259 δῆλος.
536 5193 768 5256 Ἀλλως,
813 5195 976 5263 χῆραι
1010 5195 1108 5262 μὲν
1143 5193 1400 5262 νεώτεραι
1452 5191 1728 5254 ἐξέπεσον,
1784 5191 1876 5242 καὶ

328 5281 409 5334 διὰ
440 5282 598 5335 τοῦτο
620 5284 781 5336 αὑταὶ
811 5284 1081 5352 παρέσχον
1107 5282 1204 5353 τὴν
1226 5281 1479 5351 ἀφορμὴν
1500 5281 1595 5350 τῆς
1620 5279 1876 5350 τοιαύτης

329 5373 637 5441 νομοθεσίας
658 5390 670 5403 ·
708 5375 824 5426 ἐκεῖ
841 5374 897 5426 δὲ
926 5373 1166 5426 τοιοῦτον
1193 5372 1361 5426 οὐδέν.

1985 4561 2160 4628 gratia
2197 4557 2263 4610 tle
2293 4558 2564 4624 virginum
2621 4569 2780 4611 a-tate
2846 4559 2977 4610 nihil
3011 4557 3278 4625 praecipit,
3312 4573 3434 4609 cum
3465 4566 3548 4610 ta-

1983 4664 2108 4702 men
2142 4646 2320 4714 majus
2344 4650 2415 4705 sit
2464 4649 2794 4716 virginitatis
2829 4661 3108 4703 certamen
3141 4649 3163 4700 ἰ
3196 4648 3385 4702 Merito
3422 4666 3435 4701 :
3474 4647 3544 4701 ibi

1981 4740 2125 4792 enim
2169 4737 2392 4806 majoris
2429 4738 2733 4792 alacritatis
2771 4727 2855 4791 est
2909 4749 3208 4801 certamen,
3261 4737 3548 4790 Vehemen-

1983 4830 2248 4897 tiorisquc
2276 4827 2526 4883 fervoris.
2561 4829 2639 4880 Ad
2669 4832 2802 4893 haec,
2833 4829 2961 4882 dum
3020 4829 3250 4895 requirit
3297 4830 3349 4881 in
3383 4829 3548 4897 virgi-

1985 4922 2144 4974 nibus
2172 4929 2230 4973 ut
2264 4920 2487 4973 Christo
2542 4919 2981 4986 inseparabiliter
3021 4919 3352 4982 adhtereant,
3385 4928 3548 4988 atque

1987 5023 2046 5066 ut
2087 5015 2139 5067 in
2172 5013 2238 5066 iis
2269 5026 2390 5080 qua:
2423 5011 2632 5065 Domini
2666 5022 2813 5074 sunt,
2847 5011 3096 5063 sollicita:
3133 5010 3264 5073 sint,
3295 5024 3544 5079 magnam

1983 5119 2113 5160 sane
2151 5113 2204 5157 et
2245 5113 2490 5156 exactam
2521 5101 2861 5170 diligentiam
2901 5103 3160 5170 postulat.
3193 5101 3332 5156 llinc
3365 5110 3544 5154 autem

1981 5205 2034 5251 et
2057 5205 2274 5265 tempus
2325 5192 2670 5248 manifestum
2720 5204 2824 5248 est.
2866 5195 3155 5259 Praeterea,
3204 5210 3329 5247 cum
3372 5191 3547 5246 viduae

1982 5287 2234 5356 iuniores
2267 5300 2294 5335 a
2328 5284 2548 5338 Christo
2603 5283 2958 5348 excidissent,
3019 5284 3362 5338 occasionem
3414 5279 3545 5348 ipsa!

1983 5376 2177 5430 dedere
2205 5373 2372 5428 Paulo
2405 5389 2504 5428 cur
2541 5373 2638 5428 has
2661 5373 2806 5444 leges
2835 5373 3078 5430 sanxerit
3112 5390 3124 5426 :
3157 5373 3212 5427 in
3242 5370 3544 5442 virginibus

1985 5473 2166 5519 autem
2208 5463 2344 5518 nihil
2375 5464 2480 5518 tale
2517 5462 2842 5532 contigerat.

1637 5579 1838 5641 Varia)
1885 5581 2208 5647 lectiones.

391 5705 442 5742 δ’
460 5705 773 5776 φιλοσοφίας
798 5719 854 5760 0.

951 5703 996 5734 "
1019 5703 1412 5776 ἀπαριθμεῖ-ται
1443 5718 1494 5760 ο.
1581 5705 1628 5739 ⁵³
1643 5705 1786 5778 ἔχειν
1814 5707 1912 5781 τὴν
1945 5709 2102 5780 χεῖρα
2124 5724 2175 5763 ο.
