4006 6214
456 365 520 430 7i
1331 343 1903 407 THEOPHYLACTI
1936 341 2028 400 BU
2041 337 2344 398 LGARL’E
2386 337 2738 396 ARCIIIEP.
3075 337 3080 344 '
3621 330 3692 390 τε

457 496 521 535 eo
549 473 692 547 quod
748 477 968 540 peccata
1028 463 1336 519 clanculum
1377 459 1814 515 committuntur.
1873 453 2016 520 Quid

2122 453 2476 522 τυρας³ἔχειν,
2507 453 2595 505 διὰ
2627 453 2688 506 τὸ
2714 455 2965 520 γενέσθαι
2996 453 3166 524 λάθρα
3195 453 3261 508 τὰ
3292 453 3690 525 ἁμαρτήματα.

459 579 638 624 autem
671 566 714 620 si
751 569 970 634 peccata
1003 560 1112 614 sint
1201 557 1257 610 in
1315 554 1598 615 confesso,
1640 559 1806 605 testes
1833 558 2014 600 autem

458 677 565 715 non
608 657 870 718 habeant,
908 650 1002 706 sed
1041 649 1210 702 solam
1239 660 1458 716 pravam
1491 637 1895 711 suspicionem?
1947 636 2019 690 De

461 755 559 806 hoc
597 763 760 818 supra
793 745 934 799 dixit
965 758 978 794 :
1009 739 1224 808 Oportet
1251 753 1369 789 eum
1424 734 1615 787 bonum
1643 731 1804 785 etiam
1868 728 2017 782 testi-

459 841 690 895 monium
718 835 906 887 habere
947 831 1010 884 ab
1039 829 1103 882 iis
1135 828 1221 897 qui
1261 825 1392 894 foris
1416 829 1559 876 sunt.

523 929 686 984 Vens.
720 926 808 978 20.
836 924 1118 977 l’eccantes
1145 929 1318 970 autem
1351 928 1528 966 coram
1567 910 1804 964 omnibus
1835 923 2014 977 argue,

456 1035 512 1076 ut
561 1029 610 1073 et
662 1018 838 1071 ca‘teri
877 1016 1113 1067 timorem
1164 1006 1408 1060 habeant.
1440 1001 1597 1070 581
1629 1000 1739 1055 lloc
1755 1009 1858 1061 est,
1895 1013 2017 1068 per-

459 1121 770 1165 severantes
790 1108 843 1158 in
865 1111 1106 1174 peccato,
1138 1108 1190 1154 et
1212 1109 1350 1167 quos
1369 1094 1694 1165 inquirendo
1723 1090 2017 1160 deliquisse

383 1226 385 1229 -
456 1199 754 1259 inveneris,
786 1211 952 1264 argue
1006 1194 1353 1248 vehementer
1409 1199 1462 1245 et
1519 1201 1726 1248 severe,
1783 1197 1892 1236 non
1959 1187 2017 1232 ut

456 1295 886 1362 indignationem
915 1301 968 1343 et
991 1289 1229 1342 animum
1264 1297 1415 1340 tuum
1449 1284 1685 1353 expleas,
1709 1279 1803 1334 sed
1836 1285 1896 1332 ut
1925 1291 2015 1330 re-

456 1383 590 1453 liqui
641 1393 848 1436 terrore
903 1378 1137 1448 perculsi
1193 1376 1558 1443 castigentur.
1619 1370 1754 1424 Nam
1801 1373 2015 1447 oportet

453 1475 768 1543 episcopum
793 1469 954 1523 etiam
995 1465 1290 1521 verendum
1340 1478 1482 1518 esse.
1545 1455 2013 1525 Quemadmodum

455 1564 602 1616 enim
633 1559 954 1626 simpliciter
975 1567 1028 1609 et
1058 1557 1184 1609 sine
1221 1553 1430 1622 judicio
1460 1550 1842 1612 condemnare,
1868 1558 2017 1597 arro«

453 1667 590 1723 gans
611 1659 715 1714 est,
750 1649 897 1702 hunc
932 1647 995 1700 ad
1031 1645 1252 1699 modum
1289 1658 1410 1698 reos
1458 1655 1565 1696 non
1592 1635 2014 1708 reprehendere,

458 1743 719 1810 pestilens
743 1745 846 1799 est,
872 1735 937 1788 ad
981 1735 1180 1788 multos
1216 1733 1462 1787 morbum
1511 1728 1833 1783 extendens.
1870 1725 2017 1791 Quo-

401 1857 405 1859 λ
454 1833 615 1884 modo
645 1829 809 1896 igitur
833 1824 1098 1878 Dominus
1129 1822 1266 1877 dixit
1293 1822 1345 1874 in
1371 1820 1687 1888 Evangelia,
1744 1815 1803 1870 Si
1831 1831 2016 1885 pecca-

452 1920 579 1972 uerit
605 1919 656 1970 in
687 1928 735 1970 te
782 1917 951 1985 frater
992 1926 1136 1977 tuus,
1185 1911 1294 1974 abi,
1337 1927 1498 1980 argue
1532 1925 1652 1964 eum
1699 1908 1838 1961 inter
1881 1917 1928 1960 te
1971 1914 2020 1958 et

452 2011 626 2078 ipsum
658 2008 824 2061 solum
855 2007 923 2039 ³⁸·
965 2007 988 2060 ?
1019 2005 1183 2075 Atqui
1211 2013 1264 2057 el.
1289 2005 1439 2057 illum
1475 2003 1529 2070 in
1561 2001 1796 2071 peccatis
1838 2013 2022 2069 perSe-

453 2109 730 2152 verantem
781 2096 1050 2165 permittit
1103 2094 1320 2164 publice
1386 2093 1561 2160 argui.
1611 2090 1752 2156 Quid
1809 2087 2022 2160 igitur?

455 2207 637 2246 nonne
663 2190 1054 2244 otiendiculum
1081 2189 1301 2258 prmhct,
1333 2186 1381 2242 si
1428 2186 1643 2256 publice
1685 2182 1779 2236 ﬁat
1829 2195 2020 2250 repre-

457 2278 690 2334 hensio?
717 2281 831 2332 lmo
855 2293 885 2333 e
915 2279 1137 2333 diverso
1158 2278 1331 2346 magis
1353 2275 1599 2339 olTendit,
1624 2273 1670 2328 si
1715 2272 1762 2328 is
1831 2271 1925 2340 qui
1951 2271 2020 2324 ah

454 2372 708 2425 omnibus
734 2385 993 2440 peccasse
1023 2369 1396 2437 cognoscitur,
1427 2382 1533 2421 non
1560 2372 1842 2434 arguatur.
1870 2361 2022 2417 Hanc

451 2461 523 2513 ob
589 2473 810 2512 cauSam
870 2456 1016 2511 Deus
1085 2456 1424 2509 Pharaonem
1457 2453 1524 2516 ⁸⁸,
1582 2460 1636 2507 et
1669 2449 2024 2504 Nabuchodoo

455 2562 622 2603 nosor
649 2548 734 2611 ³¹“¹,
766 2555 818 2601 et
857 2547 1143 2616 plerosque
1167 2547 1305 2601 alios
1347 2545 1399 2599 in
1429 2543 1675 2623 medium
1715 2541 2021 2611 produceus

455 2639 689 2708 punivit,
718 2647 774 2690 ut
801 2641 911 2692 vita
947 2639 1267 2692 mortalium
1297 2636 1642 2691 emendetur.

526 2727 690 2783 Vens.
747 2727 836 2782 21.
903 2728 1086 2782 Testor
1133 2744 1312 2781 coram
1373 2726 1483 2781 Deo
1536 2735 1584 2779 et
1640 2725 1860 2777 Domino
1882 2720 2021 2776 Jesu

457 2819 692 2882 Christo,
717 2831 766 2872 et
815 2818 997 2872 electis
1055 2819 1277 2888 angelis.
1320 2817 1456 2873 Cum
1521 2819 1588 2872 de
1624 2817 1810 2871 multis
1866 2818 2020 2886 prius

454 2911 647 2980 positis
670 2909 1044 2972 disseruisset,
1073 2923 1221 2963 nunc
1246 2909 1506 2978 quoniam
1529 2910 1595 2964 de
1613 2908 1827 2977 judicio
1855 2907 2021 2960 verba

455 3003 610 3062 facit,
644 3001 958 3054 obtestatur
987 3015 1112 3054 eum
1154 3001 1307 3053 valde
1341 2999 1699 3052 horribiliter.
1731 2999 1846 3053 Non
1872 3000 2016 3052 enim

2121 547 2186 598 Ti
2229 545 2320 599 οὖν
2353 545 2419 599 ἂν
2461 547 2836 617 ὡμολόγηνται
2879 547 2978 616 μὲν
3013 548 3079 601 τὰ
3124 549 3517 619 ἁμαρτήματα,
3556 547 3696 618 μάρ-

2119 653 2287 706 τυρας
2341 637 2396 690 δὲ
2450 637 2524 708 μὴ
2580 637 2698 707 ἔχῃ,
2757 639 2892 691 ἀλλὰ
2940 641 3097 708 μόνον
3127 641 3239 709 ἔχει
3280 641 3522 710 πονηρὰν
3558 640 3694 694 ὑπό-

2119 741 2305 792 νοιαν;
2357 727 2492 796 Περὶ
2520 726 2709 779 τούτου
2749 724 2901 780 εἶπεν
2933 727 3068 792 ἄνω,
3113 729 3196 780 ὅτι
3243 729 3343 781 Δεῖ
3377 730 3564 783 αὐτὸν
3592 730 3693 784 καὶ

2114 818 2445 884 μαρτυρίαν
2473 816 2672 885 καλὴν
2701 818 2868 885 ἐχειν
2896 819 3014 872 ἀπὸ
3052 819 3167 871 τῶν
3203 818 3442 882 ἔξωθεν.

2194 907 2333 974 Τοὺς
2356 907 2424 961 δὲ
2433 911 2901 978 ἁμαρτάνοντας,
2926 911 3183 965 ἐνώπιον
3201 912 3442 964 πάντων
3459 912 3692 980 ἔλεγχε,

2117 999 2217 1052 ἵνα
2241 999 2336 1052 καὶ
2357 1002 2410 1052 οἱ
2429 1001 2628 1054 λοιποὶ
2653 1001 2843 1068 φόϐον
2864 1003 3065 1068 ἔχωσι.
3096 1003 3377 1061 Τουτέστι,
3407 1001 3542 1063 Τοὺς
3571 1003 3694 1055 ἐπι-

2121 1088 2379 1159 μένοντας
2408 1094 2472 1160 τῇ
2507 1093 2772 1163 ἁμαρτίᾳ,
2815 1094 2905 1145 καὶ
2937 1091 3030 1154 οὓς
3069 1092 3235 1162 εὕρῃς
3268 1093 3406 1160 μετά
3438 1092 3693 1162 ἐρεύνης,

2118 1179 2306 1249 ἔλεγχε
2345 1180 2588 1250 σφοδρῶς
2618 1181 2710 1234 καὶ
2743 1181 3032 1250 ἀποτόμως
3070 1181 3117 1212 ⁵⁸
3140 1223 3155 1246 ,
3213 1182 3332 1250 οὐχὶ
3379 1181 3470 1232 τὸν
3521 1180 3692 1248 θυμόν

2119 1288 2214 1323 σου
2265 1273 2602 1340 θεραπεύων,
2655 1274 2796 1327 ’ἀλλ’
2825 1275 2912 1328 ἵνα
2967 1276 3016 1328 οι
3055 1274 3232 1326 λοιποὶ
3285 1272 3694 1344 σωφρονισθῶσι

2118 1361 2464 1433 φοϐηθέντες.
2515 1367 2605 1417 Δεῖ
2647 1365 2755 1436 γὰρ
2814 1365 2906 1417 καὶ
2947 1365 3175 1437 φοόερὸν
3232 1361 3372 1419 εἶναι
3427 1365 3515 1417 τὸν
3568 1365 3690 1417 ἐπί-

2118 1469 2340 1508 σκοπον.
2387 1455 2596 1524 Ὥσπερ
2612 1456 2716 1526 γὰρ
2743 1454 2804 1507 τὸ
2831 1456 3017 1520 ἁπλῶς
3045 1454 3413 1526 κατακρίνειν,
3437 1454 3687 1517 αὔθαδεςσ

2116 1542 2256 1596 οὕτω
2291 1544 2385 1596 καὶ
2422 1547 2483 1596 τὸ
2519 1545 2594 1616 μὴ
2634 1547 2762 1608 τοὺς
2818 1547 3036 1615 ἐνόχους
3079 1547 3341 1616 ἐλέγχειν,
3405 1545 3686 1615 λοιμῶδες,

2117 1635 2196 1697 εἰς
2230 1635 2454 1698 πολλοὺς
2479 1637 2576 1706 τὴν
2605 1636 2759 1689 νόσον
2789 1638 3045 1691 ἐκτεῖνον.
3080 1637 3203 1700 Πῶς
3222 1633 3313 1691 οὖν
3345 1632 3497 1690 εἷπεν
3525 1637 3553 1688 ὁ
3581 1634 3693 1687 Κύ-

2122 1741 2231 1793 ριος
2261 1729 2317 1778 ἐν
2352 1727 2721 1795 Εὑαγγελίοιςο
2753 1730 3003 1798 "Mars,
3030 1728 3282 1797 ἔλεγξον
3311 1727 3499 1782 αὑτὸν
3513 1742 3696 1796 μετα-

2121 1816 2195 1881 ξὺ
2224 1817 2341 1872 σοῦ
2365 1819 2463 1873 καὶ
2488 1818 2675 1874 αὐτοῦ
2696 1822 2910 1890 μόνου,
2927 1821 3036 1873 ἐὰν
3050 1823 3134 1886 εις
3157 1821 3232 1873 σε
3257 1818 3520 1888 ἁμάρτω
3544 1819 3692 1886 Πλὴν

2119 1909 2372 1963 κάκεῖνον
2424 1911 2729 1980 ἐμμένοντα
2779 1914 2843 1982 τῇ
2902 1912 3168 1982 ἁμαρτίᾳ,
3226 1911 3498 1980 συγχωρεῖ
3538 1911 3691 1979 κοινῇ

2119 1998 2460 2069 ἐλέγχεσθαι.
2492 2002 2558 2054 Τί
2587 2001 2680 2055 οὖν
2707 2019 2721 2068 ;
2753 2002 2874 2071 οὐχὶ
2900 2001 3242 2066 σκανδαλίζει
3267 2001 3327 2054 τὸ
3355 2003 3507 2069 κοινῇ
3539 1999 3697 2068 ἐλέγ-

2119 2090 2347 2159 χεσθαι;
2381 2093 2693 2147 τούναντίον
2725 2093 2827 2164 μὲν
2854 2089 2948 2148 οὗν
2989 2093 3189 2162 μᾶλλον
3224 2091 3587 2156 σκανδαλίζει,
3631 2091 3695 2144 τὸ

2122 2181 2269 2250 παρὰ
2299 2181 2514 2235 πάντων
2545 2183 2907 2250 γινώσκεσθαι
2936 2185 3026 2237 τὸν
3057 2185 3462 2254 αμρτάνοντα,
3489 2180 3588 2235 καὶ
3614 2181 3690 2251 μὴ

2119 2270 2455 2341 ἐλέγχεσθαι.
2493 2271 2593 2326 Διὰ
2633 2273 2790 2328 τοῦτο
2841 2277 2934 2328 καὶ
2962 2276 2990 2327 ὁ
3028 2275 3182 2339 Θεὸς,
3229 2275 3325 2328 καὶ
3351 2275 3443 2327 τδν
3467 2271 3690 2342 Φαραὼ,

2120 2362 2214 2414 καὶ
2238 2363 2328 2415 τὸν
2353 2361 2844 2435 Ναόουχοδονόσορ,
2888 2366 2981 2418 καὶ
3009 2365 3234 2427 πολλοὺς
3268 2363 3460 2428 ἄλλους
3483 2362 3562 2426 εἰς
3597 2359 3697 2432 μέ-

2123 2469 2214 2505 σον
2245 2452 2470 2522 ἀγαγὼν
2503 2455 2782 2523 ἐκόλασεν,
2812 2455 2898 2508 ἵνα
2923 2457 3264 2528 σωφρονισθῇ
3293 2455 3323 2509 ό
3349 2453 3488 2526 βίος.

2230 2748 2694 2818 Διαμαρτύρομαι
2763 2748 3036 2804 σένὼπιον
3114 2749 3218 2804 τοῦ
3312 2748 3459 2804 Θεοῦ
3487 2789 3502 2815 ,
3589 2749 3692 2807 και

2129 2842 2345 2910 Κυρίου
2388 2840 2592 2908 Ἰησοῦ
2626 2842 2899 2911 Χριστοῦ,
2931 2841 3028 2896 καὶ
3059 2841 3177 2896 τῶν
3203 2838 3503 2895 ἐκλεκτῶν
3521 2841 3691 2911 ἀττέο

2125 2933 2270 2985 λων.
2301 2932 2614 3002 Διαλεχθεὶς
2651 2935 2780 3001 περὶ
2805 2932 3012 2986 πολλῶν
3041 2932 3152 2985 τῶν
3178 2932 3458 3003 ἀνωτέρω,
3482 2930 3579 2984 νῦν
3605 2931 3686 2985 ὅτι

2126 3025 2252 3093 περὶ
2293 3027 2525 3094 κρίσεως
2550 3025 2594 3056 ⁸⁷
2631 3020 2772 3089 εἷπε,
2803 3024 3237 3094 διαμαρτύρεται
3263 3024 3426 3078 αὑτὸν
3452 3024 3546 3078 καὶ
3568 3023 3687 3076 λίαν

456 3092 587 3156 quia
617 3090 941 3142 Timotheus
980 3097 1121 3149 erat,
1148 3087 1502 3141 reverchatur
1535 3101 1685 3149 eum,
1716 3088 1808 3140 sed
1841 3088 2020 3138 muni-

2128 3087 2396 3180 $p'tXTtB'C.
2430 3115 2504 3166 Οὐ
2532 3114 2639 3184 γὰρ
2669 3087 2858 3183 ἐπειδὴ
2885 3087 3149 3184 ’ίίμίόθεός
3183 3111 3272 3187 ἦν,
3304 3115 3526 3188 ᾐδέσθη,
3569 3113 3687 3169 ἀλλ’

453 3182 531 3235 vit
553 3195 696 3235 eum.
729 3177 784 3232 Si
821 3179 965 3231 enim
1027 3179 1092 3231 de
1123 3177 1308 3245 seipso
1353 3176 1514 3240 dixit,
1548 3175 1631 3230 Ne
1675 3177 1797 3230 aliis
1827 3178 2024 3246 praedi-

457 3287 609 3334 cans,
657 3272 768 3338 ipse
834 3268 1086 3336 reprobus
1150 3268 1386 3322 int-eniar
1411 3269 1476 3334 ⁸³,
1525 3270 1698 3323 multo
1757 3269 1928 3338 magis
1957 3271 2023 3323 de

459 3362 749 3418 Timotheo
781 3362 886 3417 hoc
911 3361 1094 3416 dicere
1123 3375 1231 3416 non
1264 3368 1350 3415 est
1374 3361 1606 3416 veritus.
1640 3361 1810 3417 Vocat
1838 3370 2020 3415 autem

455 3462 652 3508 testem
683 3463 736 3508 et
769 3452 980 3506 Patrem
1012 3461 1066 3506 et
1092 3450 1310 3515 Filium,
1340 3459 1400 3505 ut
1434 3451 1488 3507 in
1524 3451 1710 3506 futuro
1748 3452 1834 3508 die
1865 3452 2024 3507 facile

459 3544 710 3600 excusari
777 3543 969 3612 possit,
1031 3545 1076 3598 si
1137 3542 1443 3612 quidquod
1497 3559 1605 3597 non
1662 3544 1838 3610 decet,
1907 3545 2022 3613 ipso

458 3634 824 3703 praecipiente,
863 3635 1063 3687 factum
1096 3635 1188 3688 sit.
1217 3633 1285 3687 At
1310 3634 1470 3703 cujus
1496 3634 1572 3688 rei
1599 3635 1774 3703 gratia
1802 3636 2023 3704 angelos

457 3724 622 3779 simul
655 3723 930 3778 assumit?
957 3738 1022 3778 eo
1053 3723 1196 3792 quod
1223 3733 1274 3776 et
1299 3724 1475 3793 angeli
1510 3724 1562 3777 in
1598 3725 1783 3780 futuro
1813 3725 2022 3794 judicio

458 3813 690 3869 Domino
719 3813 942 3867 atl‘uturi
975 3814 1087 3868 sint
1113 3814 1399 3869 satellites.
1433 3813 1527 3869 Est
1551 3823 1732 3870 autem
1779 3825 1833 3870 et
1861 3817 2022 3871 nobis

458 3907 514 3960 in
544 3920 714 3970 more,
748 3914 802 3958 et
833 3904 1070 3973 majores
1103 3913 1156 3958 et
1193 3904 1435 3958 minores
1468 3920 1731 3973 personas
1787 3906 1842 3960 in
1874 3908 2024 3960 testi-

463 3998 706 4053 monium
732 3996 1005 4065 accipere.
1045 3994 1196 4049 l‘lane
1244 3996 1310 4048 ad
1349 3997 1614 4051 rationem
1648 3995 1819 4052 Jacob
1855 3996 2020 4051 Deum

455 4099 510 4145 et
545 4105 693 4143 aram
726 4091 780 4144 in
803 4097 999 4144 testem
1022 4089 1268 4144 assumit.
1303 4087 1447 4155 Quin
1470 4092 1634 4144 etiam
1674 4089 1873 4155 Moses,
1896 4089 2024 4144 Tes-

459 4182 656 4251 tiﬁcor,
718 4182 916 4250 inquit,
955 4180 1142 4234 caelum
1174 4189 1221 4232 et
1259 4190 1473 4234 terram.
1539 4181 1688 4235 Adeo
1747 4183 1890 4236 enim
1941 4191 2025 4236 est

461 4283 780 4326 mansuetus
809 4273 1183 4336 Deusnoster,
1225 4281 1283 4325 ut
1325 4273 1411 4326 vel
1446 4288 1635 4328 servos
1694 4273 1746 4326 in
1780 4275 2026 4329 testimo—

2121 3204 2457 3273 ἠσφαλίσατο
2483 3205 2664 3258 αὐτόν.
2725 3205 2788 3258 Ει
2809 3205 2916 3276 γὰρ
2947 3206 3077 3276 περὶ
3107 3205 3303 3260 ἐαυτοῦ
3333 3206 3507 3274 ἐλεγεο
3559 3204 3688 3273 Μή·-

2124 3312 2247 3361 πως
2288 3294 2500 3362 ἄλλοις
2545 3296 2835 3363 κηρύξας.
2874 3297 3058 3364 αὐτὸς
3083 3298 3371 3366 ἀδόκιμος
3409 3293 3686 3368 γένωμαι,

2125 3384 2304 3455 πολλῷ
2335 3386 2535 3455 μᾶλλον
2561 3388 2690 3457 περῖ⁹
2728 3387 2992 3457 Τιμοθέου
3023 3389 3124 3442 οὐκ
3151 3389 3216 3442 ἂν
3237 3388 3457 3460 ᾐδέσθη.
3517 3385 3694 3442 Kak!

2121 3479 2178 3532 δέ
2233 3481 2484 3550 μάρτυρα
2514 3480 2608 3532 καὶ
2633 3480 2726 3533 τὸν
2763 3481 2982 3550 Πατέρα
3017 3482 3112 3535 καὶ
3143 3481 3234 3534 τὸν
3260 3481 3409 3546 Υιδν,
3435 3481 3512 3544 ὡς
3541 3481 3606 3535 ἂν
3633 3480 3692 3533 ἐν

2122 3576 2188 3642 τῇ
2231 3570 2497 3642 μελλούσῃ
2545 3571 2728 3641 ἡμέρᾳ
2773 3572 3172 3642 εὐαπολόγητος
3199 3569 3257 3645 ᾗ.
3309 3573 3446 3626 εἴτι
3477 3573 3691 3641 γένοιτο

2124 3663 2274 3730 παρὰ
2318 3659 2378 3712 τὸ
2410 3658 2549 3723 δέον,
2595 3661 2670 3720 ὼς
2697 3661 3086 3729 παραγγείλας.
3139 3663 3277 3724 Τοὺς
3318 3663 3375 3714 δὲ
3416 3663 3685 3730 ἀγγέλους

2123 3751 2262 3812 τίνος
2292 3750 2476 3802 ἕνεκεν
2506 3750 3070 3820 συμπαραλαμϐάνεις
3120 3752 3264 3805 Διότι
3313 3755 3371 3806 ἐν
3406 3756 3472 3823 τῇ
3505 3753 3689 3823 κρίσει

2125 3842 2221 3894 καὶ
2252 3839 2470 3907 ἄγγελοι
2533 3839 2819 3907 μέλλουσιν
2857 3835 2997 3893 εἶναι
3025 3839 3071 3872 ⁸⁸
3126 3841 3413 3911 δορυφόροι
3461 3840 3554 3894 τοῦ
3582 3843 3684 3893 Δε-

2126 3932 2345 3986 σπότου.
2406 3931 2566 3997 Ἐθος
2603 3931 2660 3984 δέ
2709 3933 2826 3984 ἐστι
2865 3931 2958 3984 καὶ
3014 3933 3169 4002 ἡμῖν,
3215 3933 3310 3986 καὶ
3351 3933 3687 4002 ὑπερέχοντα

2127 4025 2220 4079 καὶ
2256 4023 2522 4077 ἐλάσσονα
2554 4025 2821 4094 πρόσωπα
2867 4024 2946 4087 εἰς
2977 4024 3284 4094 μαρτυρίαν
3319 4023 3687 4095 παραλαμϐά-

2128 4133 2264 4168 νειν.
2297 4117 2404 4168 Καὶ
2432 4115 2461 4167 ό
2507 4114 2699 4168 Ἰακὼὸ
2733 4115 2826 4167 καὶ
2855 4113 2946 4167 τὸν
2971 4113 3102 4167 Θεὸν
3129 4115 3223 4168 καὶ
3252 4113 3440 4183 βουνὸν
3470 4114 3520 4184 ,⁸⁸
3554 4114 3691 4184 μάρο

2123 4224 2262 4277 τυρα
2295 4206 2733 4277 παραλαμϐάνει.
2771 4205 2878 4257 Καὶ
2903 4205 3106 4271 Μωσῆς
3134 4220 3147 4237 ο
3179 4207 3555 4274 Μαρτύρομαι
3583 4205 3690 4257 τὸν

2131 4293 2396 4361 οὐρανὸν
2428 4293 2526 4346 καὶ
2565 4292 2680 4358 τὴν
2715 4291 2854 4361 γῆν.
2886 4291 3043 4345 Οὖτω
3073 4293 3181 4363 γάρ
3214 4296 3360 4347 ἐστιν
3391 4293 3635 4363 ἐπιεικὴς
3659 4294 3690 4346 ὁ

457 4347 608 4416 nium
642 4362 935 4432 productos
1000 4363 1251 4430 recipiat.
1327 4361 1520 4416 Electis
1554 4383 1571 4398 ι
1599 4375 1778 4418 autem
1827 4367 2021 4435 angelis

2125 4347 2257 4446 Θεδς
2291 4381 2466 4452 ἡμῶν,
2524 4347 2664 4433 ὥστε
2699 4347 2792 4434 δέαὶ
2833 4382 2957 4445 τοὺς
2989 4347 3207 4446 δούλους
3255 4384 3336 4446 είς
3382 4347 3687 4454 μαρτυρίαν

459 4452 618 4516 dixit,
642 4425 1089 4521 quandoquidem
1117 4425 1171 4506 et
1199 4455 1475 4506 daemones
1527 4453 1638 4506 sint
1672 4456 1869 4525 angeli,
1895 4425 2020 4509 vsed
2057 4425 2099 4478 θ

461 4541 672 4610 rejecti.

533 4718 602 4773 Ut
627 4719 738 4773 inec
769 4717 1044 4772 custodias
1071 4718 1185 4772 sine
1206 4718 1541 4788 pra'judicio,
1580 4725 1711 4778 nihil
1739 4729 1936 4795 [aciem
1969 4731 2022 4782 in

464 4811 692 4865 alteram
723 4818 927 4878 partem
969 4808 1302 4862 declinando.
1335 4810 1448 4864 Hoc
1477 4821 1580 4875 est,
1607 4824 1665 4866 ut
1691 4818 1913 4885 aequalis
1945 4821 2020 4873 sis

460 4902 932 4972 disceptantihus;
973 4909 1030 4954 ut
1059 4916 1163 4955 non
1198 4901 1290 4955 ﬁat
1320 4903 1729 4972 praejudicium:
1785 4907 1886 4961 hoc
1917 4919 2020 4974 est,

471 5007 530 5051 ut
571 5010 732 5050 nemo
765 5003 816 5049 te
842 5001 1208 5064 praeoccupet,
1244 4995 1458 5064 sibique
1487 5003 1539 5051 te
1582 4997 1925 5055 conciliando
1955 5002 2022 5057 sit

465 5091 518 5142 in
544 5101 708 5142 causa
741 5094 802 5140 ut
834 5102 931 5155 pro
958 5086 1079 5154 ipso
1109 5089 1438 5140 sententiam
1495 5087 1661 5150 feras,
1693 5105 2022 5162 causamque

461 5179 758 5251 dijudiccs.
789 5175 975 5246 Neque
1007 5175 1176 5230 facias
1204 5178 1505 5248 quidquam
1532 5182 1826 5236 secundum
1857 5191 2026 5257 πρόσ-

457 5275 658 5340 κλισιν,
707 5273 811 5327 hoc
863 5279 968 5334 est,
1021 5283 1086 5323 ex
1143 5268 1336 5322 aﬂ'eetu
1391 5269 1448 5323 in
1534 5271 1760 5328 alteram
1811 5289 2016 5346 partem

2128 4469 2826 4541 συμπαραλαμϐανομένους
2896 4471 3164 4540 δέχεσθαι.
3251 4471 3580 4526 Ἐκλεκτῶν
3626 4472 3686 4525 δὲ

2123 4560 2410 4629 ἀγγέλων,
2438 4556 2578 4624 εἷπε,
2637 4559 2769 4611 διότι
2798 4559 3017 4627 ἄγγελοι
3057 4563 3148 4616 καὶ
3181 4563 3230 4615 οἱ
3273 4562 3544 4633 δαίμονες,
3572 4563 3688 4616 ἀλλ’

2122 4650 2440 4719 ἀπόϐλητοι.

2196 4741 2330 4794 Ἵνα
2406 4739 2592 4794 ταῦτα
2664 4739 2947 4808 φυλάξῃς
3020 4743 3203 4811 χωρίς
3267 4745 3687 4814 προκρίματος,

2118 4831 2314 4902 μηδὲν
2350 4828 2534 4883 ποιῶν
2583 4829 2733 4884 κατὰ
2771 4835 3156 4898 πρόσκλισιν.
3224 4835 3532 4900 Τουτέστιν,
3571 4837 3687 4890 Ἰνα

2126 4923 2240 4984 ἴσος
2264 4918 2330 4993 ᾗς
2348 4922 2459 4984 τοῖς
2485 4919 2880 4990 δικαζομένοις,
2917 4923 3002 4974 ἵνα
3033 4924 3108 4992 μὴ
3141 4923 3683 4998 γένηταιπρόκριμα·

2129 5013 2432 5074 τουτέστιν,
2490 5011 2579 5063 ἵνα
2634 5012 2820 5081 μηδείς
2871 5029 2930 5064 σε
2986 5015 3483 5088 προκαταλαμϐἀνῃ
3517 5057 3532 5082 ,
3591 5017 3686 5070 καὶ

2125 5100 2671 5173 προοικειούμενός⁶⁰
2724 5119 2781 5154 σε
2817 5105 2942 5174 ποιῇ
2999 5104 3138 5173 ὑπὲρ
3189 5106 3356 5159 αὐτοῦ
3438 5107 3686 5161 ἐντεῦθεν

2133 5193 2232 5264 ἥδη
2266 5191 2578 5262 προκρίνειν
2614 5191 2705 5243 καὶ
2753 5193 3292 5262 προαποφαίνεσθαι·
3341 5196 3476 5266 μηδέ
3527 5198 3686 5266 ποιῇς

2129 5301 2185 5337 τι
2241 5280 2382 5335 κατὰ
2432 5279 2772 5350 πρόσκλισιν,
2819 5282 3086 5351 τουτέστι,
3134 5284 3274 5339 κατὰ
3316 5284 3686 5357 προσπάθειαν

528 5411 596 5442 δι’
631 5407 818 5463 Matth.
851 5402 1116 5470 xvtn,15.
1191 5401 1234 5432 ³³
1264 5401 1432 5458 Exod.
1458 5418 1565 5462 xiv.
1641 5408 1708 5440 ³³·
1746 5410 1882 5468 Dan.
1907 5430 1980 5473 iv.

2139 5419 2155 5472 ι
2179 5419 2306 5472 Cor.
2349 5431 2424 5483 lx,
2448 5415 2540 5468 ετ.

1799 5529 1998 5589 Variaa
2035 5529 2363 5592 lectiones.

535 5626 582 5657 "
608 5629 726 5698 μετ’
774 5622 1071 5696 ἀποτομίας
1104 5638 1158 5680 0.
1236 5625 1279 5656 ³⁷
1310 5623 1405 5694 τῆς
1457 5623 1690 5695 κρίσεως
1734 5626 1834 5698 τῆς
1877 5628 2194 5695 τελευταίας
2260 5647 2332 5686 m.

459 5695 707 5766 οικειούμ
732 5711 786 5750 o.

2449 5629 2495 5663 ⁵⁸
2529 5632 2853 5705 παρεὶναιο.
2929 5633 2972 5668 ³⁸
3021 5632 3246 5704 οὐρανὸν
3284 5647 3339 5691 o.
3442 5634 3488 5668 ⁹⁶
3511 5649 3656 5706 προσ
