4006 6214
472 316 544 383 91
1414 315 1987 377 THEOPIIYLACTI
2022 315 2039 372 Ι

2145 316 2428 387 ;G.\llI,E
2468 320 2820 382 AliClllEP.
3643 324 3715 389 9‘2

478 432 900 499 persequeretur
921 425 1228 489 Christum,
1260 440 1323 479 ex
1352 426 1468 479 zelo
1515 427 1954 495 periteqtteretur,
1979 431 2028 471 et

2145 421 2350 483 ἐδίωκῖ,
2408 428 2499 478 uti.
2547 430 2608 481 ού
2662 430 2802 482 κατὰ
2852 431 3196 501 ἀνθρώπινον
3244 435 3527 505 λογισμὸν,
3556 437 3630 499 ὡς
3666 425 3718 489 (δἱ

479 534 589 573 non
635 532 700 570 ex
749 518 984 570 humana
1025 517 1255 578 ratione,
1317 516 1541 585 perinde
1590 533 1656 572 ac
1699 519 1942 587 plerique
1975 520 2047 573 ob

478 624 676 664 vanam
733 608 960 677 gloriam
1022 607 1254 661 haeresiu
1336 609 1772 673 constituentes,
1831 610 1883 663 iu
1937 624 2044 679 qua

478 701 666 754 multm
696 698 999 768 putrediuis
1023 699 1229 758 conscii
1264 709 1413 754 sunt.
1469 699 1623 767 Quod
1661 709 1842 755 autem
1889 702 2041 765 dicit,

476 792 585 845 tale
620 801 746 845 est:
802 788 882 844 Ne
917 791 1215 861 suspiceris
1262 807 1348 848 me
1396 792 1500 847 alia
1558 793 1820 862 cogitare,
1855 801 1909 847 et
1939 794 2044 846 alia

476 883 661 938 dicere
689 900 704 938 :
731 897 864 952 pura
897 891 983 938 est
1007 883 1139 937 mihi
1168 884 1509 939 conscientia
1541 893 1600 939 ut
1629 900 1862 954 semper,
1884 885 2047 958 594

475 974 556 1029 sic
607 974 927 1028 etiamnum.
993 973 1108 1029 Non
1156 976 1394 1030 mentior
1437 977 1627 1047 igitur,
1682 992 1806 1032 cum
1860 979 2043 1032 dicam

475 1065 618 1135 quod
654 1076 705 1120 te
757 1082 901 1131 ante,
945 1082 1009 1123 ac
1043 1084 1261 1137 semper
1300 1071 1523 1125 memini
1562 1071 1661 1125 tui.

550 1157 705 1224 Quod
727 1158 841 1211 sine
864 1158 1259 1215 intermissione
1295 1162 1521 1215 habeam
1545 1162 1626 1214 tui
1658 1164 1965 1218 memoriam
1990 1166 2044 1218 in

474 1248 802 1302 orationibus
839 1250 965 1302 meis
1007 1262 1158 1304 nocte
1186 1268 1248 1304 ac
1282 1253 1386 1317 die,
1427 1252 1735 1308 desiderans
1773 1266 1821 1307 te
1850 1256 2040 1310 videre.

473 1339 691 1394 Gratias
716 1355 816 1410 ago
840 1338 969 1404 Deo,
997 1340 1144 1409 quod
1180 1342 1400 1396 memini
1439 1341 1540 1396 ttti.
1571 1342 1688 1398 Non
1721 1343 2046 1412 simpliciter

475 1442 681 1497 autem,
732 1433 830 1488 sed
873 1434 926 1488 in
979 1435 1408 1503 precationibus,
1467 1437 1560 1491 die
1588 1451 1653 1490 ac
1684 1446 1842 1491 nocte
1875 1435 2044 1491 Deum

476 1525 829 1591 interpellans
872 1540 971 1594 pro
1001 1535 1073 1590 te,
1129 1537 1186 1580 ut
1234 1527 1454 1594 impleat
1500 1526 1832 1583 desiderium
1865 1544 2043 1582 meum

476 1615 621 1682 quod
671 1614 848 1668 habeo
880 1624 940 1669 ιιι
974 1616 1188 1670 videam
1236 1625 1309 1671 te.
1372 1616 1662 1683 Quomodo
1720 1620 1887 1690 igitur
1933 1637 2047 1674 tue-

434 1719 438 1723 ’
474 1704 651 1770 ipsum
702 1711 851 1758 tanta
886 1705 1165 1774 voluptate
1199 1706 1430 1762 libenter
1464 1708 1757 1778 privarant,
1805 1710 1849 1767 si
1884 1711 2047 1765 modo

476 1793 664 1847 venire
701 1808 917 1863 possem
946 1795 970 1848 ?
1033 1795 1213 1862 Quare
1239 1806 1421 1852 autem
1460 1798 1749 1856 manifeste
1778 1816 1883 1855 non
1912 1801 2045 1857 dicit

476 1898 724 1949 causam,
753 1883 899 1955 quod
927 1886 1233 1942 retineatur
1263 1888 1708 1959 impediatur-que
1736 1906 1766 1946 a
1790 1890 2045 1947 Nerone?

476 1975 558 2030 Ne
591 1976 777 2030 statim
822 1977 876 2030 in
903 1979 1131 2034 exordio
1159 1980 1334 2049 ipsum
1368 1984 1663 2050 perturbet.
1695 1984 1751 2037 lu
1803 1984 1906 2039 line
1946 2001 2043 2040 au-

476 2073 586 2120 tem
611 2065 755 2120 hanc
782 2081 1005 2121 causam
1043 2069 1267 2125 revelat.

548 2154 715 2210 Vens.
753 2156 808 2209 4.
859 2154 1067 2211 Memor
1090 2157 1446 2228 lacrgmarum
1481 2170 1713 2225 tuarum,
1762 2175 1817 2217 ut
1846 2166 2040 2235 gaudio

473 2242 718 2307 implear.
779 2244 870 2299 Sic
903 2256 1202 2303 construe:
1258 2247 1588 2307 Desiderans
1625 2260 1677 2306 te
1720 2253 1928 2317 videre,
1984 2266 2042 2309 ut

477 2334 674 2404 gaudio
699 2335 971 2406 implear:
1020 2339 1221 2396 deinde
1258 2340 1571 2411 iuterjecto,
1609 2359 1808 2397 memor
1863 2344 2041 2414 λαστ-σε-

475 2444 685 2480 mortem
706 2439 942 2484 tuarum.
961 2429 1079 2486 Etsi
1096 2435 1239 2487 enim
1261 2443 1456 2489 natura
1479 2437 1547 2491 ab
1567 2435 1822 2492 amicitiae
1847 2436 2039 2491 allectu

475 2516 688 2570 alienus
715 2531 918 2582 essem,
949 2517 1201 2590 lacryma:
1222 2530 1404 2575 tamen
1434 2530 1539 2576 tua:
1569 2523 1845 2579 sulliciunt
1871 2535 1928 2578 ιιι
1958 2541 2042 2581 me

475 2607 719 2671 ﬂectant,
746 2623 870 2664 cum
910 2611 978 2664 ad
1012 2611 1335 2666 memoriam
1372 2614 1505 2668 mihi
1547 2614 1800 2670 redeunt.
1836 2615 2043 2672 Verisi-

475 2695 603 2750 mile
643 2697 788 2751 enim
839 2708 961 2754 erat
1016 2698 1365 2756 Timotheum
1418 2717 1449 2757 a
1512 2703 1682 2759 Paulo
1738 2706 2040 2774 divulsnm,

474 2783 763 2841 lamentari
817 2791 1010 2858 magis,
1047 2807 1208 2860 quant
1259 2792 1521 2849 infantem
1551 2809 1581 2848 ιι
1623 2810 1857 2851 mamma
1905 2798 2041 2851 abs-

485 2884 739 2931 tractum.
966 2886 975 2891 ’

544 2960 717 3019 Vens.
746 2966 800 3021 5.
854 2965 1291 3024 Recordationem
1323 2975 1587 3042 accipiens
1616 2974 1731 3042 ejus
1762 2976 1887 3042 ﬁdei
1927 2992 2043 3045 qua:

2151 515 2338 568 πολλοὶ
2372 518 2457 570 διὰ
2502 519 2660 583 δόξαν
2706 523 2919 591 αἳρεσιν
2962 526 3341 591 συνιστῶντες,
3442 528 3722 582 συννιίδασι

2148 605 2348 677 πολλὴν
2381 608 2477 678 τὴν
2513 611 2846 682 σαορότητα.
2906 615 2970 666 Ὃ
3014 614 3070 666 δὲ
3116 615 3265 683 λέγει
3293 616 3533 671 τοιοῦτόν
3564 620 3677 670 ἐστι
3709 634 3717 648 ·

2148 699 2238 768 Μὴ
2268 699 2617 774 ὑποπτεύσῃς
2646 704 2876 775 με’ἄλλα
2910 710 3152 777 φρονεῖν,
3190 711 3284 763 καὶ
3329 710 3462 763 ἄλλα
3507 710 3713 778 λέγειν·

2148 790 2387 860 καθαρόν
2428 795 2517 862 μοί
2564 798 2681 848 ἐστι
2735 797 2797 850 τὸ
2855 798 3130 860 συνειδὸς.
3189 799 3379 870 ὥσπερ
3433 801 3561 864 ἀεὶ,
3621 799 3721 855 καὶ

2146 881 2261 935 νῦν.
2296 884 2372 936 Οὐ
2416 883 2684 954 ψεύδομαι
2714 887 2890 942 τοίνυν
2920 888 3093 956 λέγων
3125 890 3207 943 ὅτι
3232 891 3369 959 φιλῶ
3400 907 3479 958 σε,
3505 892 3599 943 καὶ
3630 892 3718 943 ἀεὶ

2150 971 2434 1043 μέμνημαί
2466 992 2576 1029 σου.

2227 1140 2324 1212 Ὠς
2352 1146 2737 1202 ἀδιάλειπτον
2777 1151 2910 1220 ἕχωι
2934 1153 3049 1219 τὴν
3088 1154 3218 1222 περὶ
3257 1153 3374 1207 σοῦ
3403 1154 3621 1223 μνείαν
3649 1152 3720 1205 ἐν

2149 1237 2277 1304 ταῖς
2318 1238 2574 1305 δεήσεσί
2603 1259 2722 1310 μου
2762 1245 2981 1309 νυκτὸς
3012 1243 3107 1296 καί
3140 1244 3384 1312 ἡμέρας,
3412 1242 3718 1297 ἐπιποθῶν

2147 1344 2220 1383 σε
2259 1329 2429 1385 ἰδεῖν.
2462 1332 2785 1402 Εὐχαριστῶ
2830 1335 2906 1405 τῷ
2952 1334 3092 1404 Θεῷ,
3140 1336 3220 1388 ὅτι
3262 1334 3547 1405 μέμνημαί
3592 1350 3715 1387 σου.

2146 1421 2258 1490 Οὐχ
2282 1420 2469 1484 ἁπλῶς
2510 1422 2588 1485 δὲ,
2612 1423 2730 1477 ἀλλ’
2772 1425 2830 1478 ἐν
2855 1429 2973 1489 ταῖς
3000 1425 3238 1497 δεήσεσι,
3276 1427 3369 1478 καὶ
3399 1424 3590 1487 νυκτὸς
3618 1424 3713 1478 καὶ

2145 1514 2363 1584 ἡμέρας
2393 1515 2484 1568 τὸν
2518 1516 2651 1570 θεὸν
2689 1518 3021 1585 παρακαλῶν
3056 1519 3194 1586 ὑπὲρ
3228 1518 3343 1582 σοῦ,
3380 1518 3454 1579 ὼς
3483 1520 3545 1569 ἂν
3578 1517 3713 1585 πλη-

2151 1605 2298 1676 ρώσῃ
2332 1625 2435 1675 μου
2455 1607 2557 1660 τδνη
2584 1608 2768 1675 πόθον,
2820 1610 2879 1662 ὃν
2927 1610 3055 1680 ἔχω,
3092 1609 3234 1662 ὥστε
3312 1610 3439 1661 ἰδεῖν
3473 1626 3553 1661 σε.
3588 1608 3714 1671 Πῶς

2146 1694 2240 1748 οὖν
2277 1697 2546 1767 ἐστέρησα
2594 1699 2659 1753 ἂν
2703 1699 2942 1767 ἐμαυτὸν
2983 1698 3126 1753 ἑκὼν
3175 1700 3445 1775 τοσαύτης
3498 1699 3713 1770 ἡδονῆς,

2148 1786 2264 1865 εἴγε
2284 1786 2572 1865 ,ἠδυνάμην
2611 1788 2819 1856 ἐλθεῖν;
2857 1791 2955 1842 Atil
2983 1789 3036 1841 τί
3059 1785 3151 1841 οὖν
3181 1789 3241 1841 ού
3271 1788 3419 1856 λέγει
3462 1787 3714 1856 φανερῶς

2148 1876 2248 1946 τὴν
2276 1878 2475 1943 αἰτίαν,
2520 1879 2581 1930 τὸ
2632 1880 2961 1949 κατέχεσθαι
2992 1879 3142 1950 παρὰ
3170 1880 3452 1950 Νέρωνος;
3484 1876 3605 1930 Ἵνα
3639 1877 3713 1946 μὴ

2146 1968 2365 2038 λυπήσῃ
2398 1969 2562 2022 αὐτὸν
2604 1971 2663 2034 ἐξ
2697 1972 2892 2040 ἀρχῆς.
2930 1970 3075 2042 "pb;
3114 1970 3191 2040 τῷ
3233 1971 3377 2023 τέλει
3405 1969 3462 2021 δὲ
3507 1969 3714 2040 ταύτην

2147 2063 2541 2117 ἀνακαλύπτει.

2214 2157 2604 2226 Μεμνημένος
2656 2170 2775 2211 σου
2830 2154 2949 2211 τῶν
3001 2157 3313 2224 δακρύων,
3371 2157 3473 2210 ἵνα
3523 2156 3714 2224 χαρᾶς

2146 2247 2458 2316 πληρωθῶ.
2512 2247 2670 2302 Οὕτω
2720 2248 3019 2312 σύνταξον·
3088 2248 3397 2301 Ἐπιποοῶν
3445 2265 3504 2300 σε
3561 2248 3710 2310 ἰδεῖν,

2146 2337 2233 2390 ενα
2262 2339 2438 2407 χαρᾶς
2486 2338 2791 2408 πληρωθῶ·
2831 2334 2949 2394 εἶτα
2989 2340 3077 2393 διὰ
3124 2341 3309 2409 μέσου,
3336 2338 3712 2407 μεμνημένος

2144 2443 2259 2482 σου
2278 2429 2398 2481 τῶν
2421 2427 2717 2496 δακρύων.
2763 2430 2828 2482 Et
2852 2433 2960 2498 γὰρ
2988 2431 3081 2484 καὶ
3111 2430 3315 2500 σφόδρα
3337 2429 3526 2499 ἄφιλος
3556 2428 3721 2496 φύσει.

2144 2519 2313 2588 ήμην,
2345 2519 2459 2571 ἀλλ’
2483 2515 2579 2573 οὖν
2608 2536 2672 2586 γε
2708 2520 2773 2573 τὰ
2810 2520 3021 2590 δάκρυά
3053 2537 3146 2573 σου
3180 2520 3341 2574 ίκανὰ
3375 2519 3591 2588 κάμψαι
3620 2534 3715 2586 με,

2145 2613 2237 2675 εἰς
2283 2613 2502 2682 μνήμην
2559 2610 2800 2663 ἐλθόντα.
2834 2606 2996 2672 Εἰκὸς
3036 2609 3145 2680 γὰρ
3187 2605 3257 2680 ἦν
3308 2610 3400 2662 τὸν
3448 2608 3716 2678 Τιμόθεον

2144 2704 2574 2773 ἀποσχιζόμενον
2607 2700 2839 2765 Παύλου,
2872 2700 3403 2772 ὀδύρεσθαιμᾶλλον
3432 2698 3465 2769 ἢ
3501 2698 3714 2751 παιδίον

2145 2792 2237 2845 τοῦ
2275 2811 2350 2863 μα
2359 2792 2481 2847 σθυῦ
2518 2792 2939 2862 ἀποσπώμενον.
3374 2781 3385 2789 ’

2231 2966 2594 3037 ’Υπόμνησιν
2610 2971 2931 3040 λαμϐάνων
2959 2968 3069 3039 τῆς
3092 2969 3162 3024 ἐν
3179 2969 3277 3023 σοὶ
3302 2967 3717 3036 ἀνυποκρίτου

473 3064 553 3108 est
582 3056 634 3108 in
666 3065 713 3110 te
751 3074 854 3110 non
886 3061 1036 3126 (icta.
1070 3060 1187 3114 Non
1222 3063 1397 3116 solum
1432 3064 1791 3134 lacrymarum
1823 3075 2038 3120 tuarum

2147 3062 2424 3127 πίστεως.
2457 3062 2531 3114 Ού
2570 3058 2730 3130 μόνον
2766 3063 2873 3115 τῶν
2903 3062 3156 3133 δακρύων
3184 3063 3553 3133 μεμνημένος,
3587 3060 3712 3114 ἑπι-

476 3145 813 3209 recordatus,
842 3148 1095 3203 desidero
1119 3160 1171 3203 te
1209 3151 1393 3206 videre
1418 3192 1433 3217 ,
1485 3169 1670 3208 verum
1699 3155 1864 3211 etiam
1921 3157 2040 3211 ﬁdti

476 3243 583 3288 tute
610 3251 719 3290 non
775 3236 991 3315 fucatae.
1046 3240 1238 3310 Magna
1295 3246 1439 3299 enim
1502 3253 1556 3300 et
1599 3245 1747 3314 justa
1787 3246 1900 3302 haec
1947 3248 2043 3303 tibi

474 3342 642 3382 causa
671 3339 777 3394 est,
810 3338 867 3384 ut
899 3347 928 3385 a
959 3348 1044 3386 me
1070 3334 1339 3403 diligatis.
1708 3352 1711 3357 λ

548 3418 680 3483 Quae
727 3421 955 3488 primum
1010 3423 1323 3479 inhabitari!
1375 3427 1427 3480 ἔτι
1477 3429 1597 3481 aria
1646 3437 1739 3483 tua
1777 3428 1961 3497 Laide,
1993 3442 2042 3485 et

477 3519 646 3566 matre
692 3513 1056 3589 tuajEunice.’
1076 3517 1236 3572 Aliud
1290 3529 1552 3588 praeterea
1594 3530 1679 3576 est
1706 3524 2040 3587 cncominm,

475 3605 621 3669 quod
650 3620 757 3658 non
783 3606 853 3661 ab
881 3606 1193 3663 inﬁdelibus
1232 3619 1409 3663 ortum
1432 3610 1668 3673 duxerit,
1694 3614 1786 3668 sed
1811 3629 1841 3667 a
1866 3614 2041 3668 ﬁdeli-

479 3693 602 3759 bus,
632 3696 734 3749 etsi
758 3712 824 3750 ex
857 3696 1082 3753 Judzeis.
1114 3700 1274 3755 Pater
1302 3712 1480 3757 tamen
1509 3703 1628 3771 ejus
1655 3702 1877 3760 Graecus
1900 3716 2036 3761 erat.

472 3780 717 3838 ObServa
749 3793 930 3840 autem
961 3791 1237 3857 quomodo
1273 3791 1354 3845 lex
1379 3792 1609 3862 cmperit
1642 3795 1896 3861 dissolvi,
1940 3795 2040 3850 ltu-

470 3873 709 3943 jusmodi
735 3877 894 3931 factis
922 3878 1033 3949 jam
1069 3891 1181 3934 tttut
1223 3884 1727 3941 commistionibus.

549 3963 842 4021 Persuasus
892 3986 1011 4023 sum
1060 3982 1234 4026 autent
1265 3974 1404 4042 quod
1436 3985 1489 4028 et
1536 3978 1591 4030 in
1649 3986 1719 4031 te.
1769 3976 2038 4043 Quoniam

474 4050 744 4119 majorum
787 4053 953 4120 bene,
985 4058 1029 4112 si
1060 4061 1280 4128 quidem
1327 4078 1429 4118 nos
1478 4064 1615 4120 tales
1643 4064 1839 4130 simus,
1881 4066 2041 4123 nobis

472 4141 528 4194 in
552 4143 778 4212 gloriam
810 4148 1047 4214 cedunt,
1100 4151 1186 4204 sin
1233 4155 1449 4219 minus,
1504 4157 1851 4211 contumeliae
1883 4159 2041 4214 nobis

475 4234 596 4287 loco
629 4243 795 4291 sunt:
832 4249 1140 4308 propterea,
1170 4243 1365 4312 ἰιιιμιὶι,
1403 4246 1671 4315 majorum
1719 4247 1850 4302 ﬁdes
1875 4249 2037 4302 etiam

473 4322 528 4376 in
572 4332 625 4379 te
663 4334 768 4392 est,
807 4330 882 4382 uti
935 4339 1084 4385 certo
1115 4348 1413 4401 persuasus
1444 4351 1587 4389 Stllll.
1644 4336 1832 4391 Merito
1874 4339 2039 4408 igitur

2147 3152 2298 3207 ποθῶ
2355 3170 2415 3206 σε
2473 3154 2624 3219 ίδεῖν,
2659 3154 2793 3207 ἀλλὰ
2826 3155 2920 3207 καὶ
2963 3155 3063 3225 τῆς
3092 3154 3278 3209 ἀδόλου
3318 3172 3412 3208 σου
3448 3154 3676 3217 πίστεως
3697 3170 3712 3186 ⁸

2149 3243 2291 3311 μέγα
2321 3243 2429 3314 γάρ
2465 3259 2545 3296 σοι
2579 3241 2673 3298 καὶ
2717 3243 2875 3298 τοῦτο
2904 3244 3181 3315 δικαίωμα
3220 3245 3355 3314 πρὸς
3392 3244 3453 3297 τὸ
3496 3246 3710 3314 ἀγαπᾶ-

2147 3334 2269 3387 σθαι
2296 3335 2389 3387 ὑπ’
2417 3335 2575 3405 ἐμοῦ.

2218 3426 2386 3490 ἰιτις
2446 3425 2714 3495 ἐνῴκησε
2763 3424 2997 3495 πρῶτον
3075 3428 3145 3480 ἐν
3217 3425 3290 3494 τῇ
3335 3425 3540 3494 μάμμῃ
3596 3442 3713 3477 (nu

2146 3518 2341 3583 Λωτὸι,
2373 3517 2470 3571 καί
2499 3518 2574 3586 τῇ
2598 3521 2781 3587 μητρί
2804 3536 2920 3572 σου
2975 3520 3221 3586 Εὐνίκῃ.
3254 3521 3363 3571 Καὶ
3386 3518 3515 3572 ἄλλο
3541 3520 3715 3583 ἐγκω-

2147 3623 2289 3674 μιον,
2324 3607 2405 3660 ὅτι
2427 3608 2526 3660 οὐκ
2547 3607 2655 3661 ἀπὸ
2671 3607 2920 3661 ἀπίστων
2948 3610 3184 3676 ἐγένετο,
3214 3609 3328 3661 ἀλλ’
3352 3608 3461 3662 ἀπὸ
3482 3607 3713 3671 πιστῶν,

2145 3696 2192 3748 εἰ
2223 3699 2318 3748 καὶ
2352 3696 2412 3762 ἐξ
2457 3698 2744 3751 Ἰουδαίων.
2803 3700 2862 3750 '0
2907 3701 3090 3769 μέντοι
3139 3700 3323 3771 πατὴρ
3366 3699 3532 3753 αὐτοῦ
3581 3697 3709 3750 "Eii-

2144 3787 2243 3855 λην
2272 3782 2359 3857 ἦν.
2397 3788 2540 3859 Ὅρα
2577 3790 2634 3843 δὲ
2671 3791 2789 3853 πῶς
2819 3792 2849 3844 ὁ
2878 3793 3039 3860 νόμος
3078 3793 3284 3861 ἤρξατο
3321 3790 3710 3855 καταλύεσθαι,

2142 3881 2251 3932 τῶν
2274 3881 2572 3949 ὲπιμιξεων
2598 3884 2806 3936 τούτων
2838 3885 3165 3953 γινομένων.

2214 3973 2540 4045 Πέπεισμαι
2599 3975 2669 4029 δὲ
2720 3977 2810 4031 ὅτι
2848 3977 2945 4032 καὶ
2982 3979 3052 4031 ἐν
3093 3978 3215 4031 σοί.
3262 3976 3478 4046 Ἐπειδὴ
3505 3976 3576 4028 τὰ
3602 3976 3713 4031 τῶν

2144 4068 2424 4136 προγόνων
2465 4068 2630 4133 καλὰ,
2666 4070 2761 4123 ἐὰν
2812 4070 2912 4138 μὲν
2952 4069 3047 4123 καὶ
3075 4071 3235 4139 ἡμεῖς
3275 4068 3506 4122 τοιοῦτοι
3536 4061 3710 4137 ὦμεν,

2141 4159 2352 4224 δοξάζει
2376 4161 2555 4229 ἡμᾶς,
2592 4162 2642 4214 εί
2674 4161 2731 4213 δὲ
2762 4163 2858 4230 μὴ,
2903 4163 2984 4224 εἰς
3029 4160 3297 4229 αἰσχύνην
3339 4159 3541 4228 μᾶλλον
3582 4161 3714 4228 ἡμῖν

2143 4253 2271 4315 εἰσι,
2315 4251 2403 4305 διὰ
2431 4252 2590 4305 τοῦτο
2631 4269 2817 4322 φησιν,
2851 4253 2933 4305 ὅτι
2972 4252 3006 4322 ἡ
3047 4254 3157 4306 τῶν
3205 4252 3485 4320 προγόνων
3533 4250 3712 4313 πίστις

2142 4344 2239 4396 καὶ
2273 4346 2331 4396 ὲν
2366 4344 2449 4396 σοί
2494 4345 2660 4410 ἐστιν,
2709 4344 2784 4407 ὡς
2813 4343 3055 4413 ἀκριϐῶς
3104 4344 3429 4413 πέπεισμαι.
3478 4343 3713 4405 Εἰκότως

474 4428 583 4466 non
614 4414 854 4470 fucatam
892 4418 1034 4476 hanc
1068 4422 1258 4488 habes,
1295 4433 1347 4476 ιιι
1377 4440 1498 4493 qua:
1528 4442 1559 4479 a
1584 4427 1886 4497 majoribus
1928 4432 2039 4485 tuis

2145 4435 2233 4489 οὖν
2263 4435 2621 4503 ἀνυπόκριτον
2661 4437 2804 4506 ἔχεις
2853 4436 3077 4506 ταύτην,
3110 4438 3200 4500 ὡς,
3231 4437 3441 4491 ἄνωθεν
3489 4436 3709 4505 τεθεμεο

470 4509 527 4563 ln
562 4518 617 4564 te
666 4513 835 4568 etiam
882 4514 1110 4570 fundata
1142 4521 1233 4584 sit,
1278 4530 1335 4574 ut
1371 4522 1510 4576 adeo
1547 4539 1653 4578 non
1697 4524 1871 4592 possit
1903 4539 2037 4579 con-

468 4601 606 4656 cuti.

538 4691 705 4749 Vens.
740 4694 793 4750 6.
848 4693 1071 4764 Propter
1125 4714 1283 4767 quam
1345 4719 1565 4757 causam
1620 4704 1872 4762 admoneo
1907 4716 1952 4761 te
1980 4717 2036 4761 ut

428 4774 433 4779 ’
478 4786 757 4839 resuscitcs
805 4788 1037 4857 gratiam
1081 4788 1199 4844 Dei.
1248 4790 1409 4857 Quia.
1445 4794 1622 4864 inquit
1651 4836 1665 4858 ,
1694 4799 1818 4853 novi
1846 4810 1897 4853 te
1926 4815 2035 4854 non

450 4872 778 4928 'simulatam
836 4877 1038 4934 habere
1078 4879 1239 4935 [idem
1271 4922 1287 4947 ,
1348 4885 1529 4938 excito
1559 4894 1612 4940 te
1636 4926 1652 4951 ,
1710 4897 1769 4939 ιιι
1806 4890 2034 4955 gratiam

466 4963 731 5033 Spiritus,
751 4983 916 5037 quam
946 4972 1210 5041 accepisti
1241 4973 1307 5029 ad
1338 4975 1723 5044 prwfecturam
1749 4977 2032 5044 Ecclesiae,

466 5061 535 5117 ad
588 5063 870 5134 signorum
928 5063 1321 5139 operationem,
1368 5082 1423 5129 et
1449 5074 1775 5144 simpliciter
1809 5080 1876 5130 ad
1917 5092 2037 5131 οων

466 5170 590 5209 nem
647 5172 767 5225 qum
797 5157 1115 5229 episcopum
1174 5163 1367 5218 deceat
1437 5167 1727 5231 virtutem,
1773 5176 1831 5220 ut
1898 5169 2037 5222 hanc

467 5250 797 5315 cxsuscitcs,
825 5252 926 5307 hoc
958 5260 1061 5319 est,
1100 5262 1159 5309 ut
1202 5270 1417 5324 semper
1468 5260 1639 5312 vivam
1688 5270 1741 5314 et
1788 5259 2032 5315 lloritlattt

466 5329 657 5391 facias.
714 5336 1189 5403 Quemadmodum
1243 5344 1387 5397 enim
1433 5346 1574 5413 ignis
1603 5347 1766 5417 lignis
1794 5349 2022 5419 indiget,

466 5424 612 5481 hunc
641 5427 707 5481 ad
755 5431 974 5485 tuodutn
1010 5438 1182 5502 gratia
1224 5432 1462 5503 Spiritus
1493 5453 1629 5507 opus
1656 5440 1815 5493 habet
1850 5457 2029 5509 prom-

468 5515 760 5584 ptitudinc,
807 5532 861 5577 ct
894 5527 1215 5590 attentione,
1263 5534 1316 5580 ct
1367 5527 1665 5596 vigilantia,
1725 5540 1785 5584 ut
1818 5547 2030 5600 semper

470 5605 678 5661 ferveat
711 5615 885 5666 :‘ttaut
940 5616 1042 5670 nisi
1080 5617 1193 5670 hmo
1220 5628 1418 5688 pt‘a‘stu
1446 5621 1574 5683 sint,
1625 5622 2028 5689 exstinguitur;

468 5698 929 5768 quemadmodum
956 5705 1115 5778 595
1135 5724 1185 5765 et
1223 5713 1328 5767 alio
1347 5714 1398 5767 iu
1433 5715 1549 5768 loco
1576 5714 1706 5769 dicit
1734 5731 1746 5767 :
1773 5715 2031 5783 Spiritum

470 5789 631 5845 nolite
666 5795 1012 5864 exstinguere.

2142 4525 2435 4595 λιωμένην,
2463 4527 2556 4578 καὶ
2586 4526 2908 4579 σαλεύεσθαι
2942 4528 3042 4581 οὒκ
3071 4528 3325 4598 ἔχουσαν.

2211 4711 2291 4763 Δι’
2329 4707 2408 4776 ἢν
2455 4713 2652 4764 αἱτίαν
2699 4711 3137 4781 ἀναμιμνήσκω
3187 4728 3262 4768 σε
3304 4713 3703 4780 ἀναζωπυρεῖν

2141 4803 2207 4854 τὸ
2234 4800 2498 4869 χάρισμα
2546 4800 2654 4855 τοῦ
2687 4802 2855 4856 Θεοῦ.
2887 4804 3051 4869 Διό-ει,
3072 4807 3254 4872 φησιν,
3279 4801 3397 4858 οἶδά
3426 4823 3482 4857 σε
3519 4807 3711 4858 ἀποπε-

2146 4909 2331 4963 κριτον
2380 4892 2570 4963 ἔχοντα
2616 4892 2815 4959 πίστιν,
2842 4893 3095 4965 διεγείρω
3126 4913 3206 4960 σε,
3239 4896 3379 4948 ὥστε
3414 4896 3510 4965 τὴν
3553 4897 3712 4967 χάριν

2145 4985 2237 5037 τοῦ
2272 4985 2608 5054 Πνεύματος,
2638 4985 2706 5056 ἢν
2743 4985 2933 5050 ἔλαϐες
2972 4987 3054 5049 είς
3085 4986 3421 5053 προστασίαν
3449 4987 3548 5056 τῆς
3593 4986 3715 5038 Ἑι-

2146 5075 2398 5144 κλησίας,
2432 5076 2511 5140 εἰς
2538 5075 2780 5145 σημείων
2816 5076 3105 5146 ἐργασίαν,
3140 5076 3235 5127 καὶ
3259 5075 3470 5138 ἁπλῶς,
3500 5077 3576 5137 εἰς
3607 5075 3711 5125 ni-

2150 5182 2248 5219 σαν
2264 5166 2363 5235 τὴν
2390 5166 2672 5234 ὲπισκόπῳ
2693 5164 3011 5234 πρέπουσαν
3029 5164 3249 5234 ἀρετὴν.
3271 5164 3477 5235 ταύτην
3505 5162 3714 5224 ἀναζω-

2146 5257 2360 5325 πυρεῖν,
2395 5256 2691 5319 τουτέστιν,
2724 5255 2808 5307 ἀεὶ
2837 5255 3018 5318 ζῶσαν
3044 5255 3138 5309 καὶ
3171 5256 3526 5323 ἀκμάζουσαν
3546 5254 3712 5317 Epyti-

2144 5346 2352 5412 ξεσοαι.
2391 5347 2602 5416 Ὥσπερ
2636 5349 2746 5418 γὰρ
2771 5348 2832 5401 τὸ
2868 5348 2981 5419 πῦρ
3007 5338 3178 5402 δεῖξαι
3210 5347 3401 5412 ξύλων,
3433 5343 3579 5398 οὕτω
3620 5343 3714 5395 καὶ

2142 5441 2175 5508 ἡ
2206 5441 2365 5508 χάρις
2392 5440 2484 5493 τοῦ
2517 5441 2829 5508 ηνεύματος
2852 5441 3022 5493 δεῖται
3052 5438 3383 5510 προθυμίας,
3411 5436 3506 5490 καὶ
3540 5451 3714 5501 προσ-

2141 5531 2292 5599 οχῆς,
2324 5531 2416 5581 καὶ
2446 5530 2680 5598 νήψεως,
2724 5530 2808 5582 ἵνα
2838 5531 2924 5583 ἀεὶ
2950 5530 3153 5600 ἁναζέῃ
3174 5542 3189 5563 ι
3214 5530 3287 5591 ὡς
3315 5527 3409 5580 ἐὰν
3439 5527 3512 5596 μὴ
3537 5523 3709 5578 ταῦτα

2143 5619 2395 5689 παρῶσι,
2462 5620 2775 5681 σϐέννυται,
2837 5622 2910 5684 ὡς
2974 5621 3067 5674 καὶ
3126 5618 3357 5688 ἀλλαχοῦ
3389 5617 3567 5686 λέγει’
3638 5611 3717 5671 Tt}

2102 5732 2115 5740 '
2146 5717 2217 5766 II;
2237 5712 2384 5781 εὗμίι
2407 5712 2490 5782 μῑι
2519 5711 2830 5767 σϐέννυτε.
