4006 6214
299 338 410 403 105

1021 333 1424 396 EXPOSITIO
1465 335 1545 398 IN
1585 337 1826 404 EPIST.
1870 339 1931 400 II
1973 341 2074 402 AD
2112 341 2430 404 TIMOTH.
2467 369 2528 380 -ι
2567 345 2724 406 CAP.
2755 345 2839 406 II.

3455 354 3558 420 106

291 453 430 515 τοὺς
462 445 792 520 αίρετικούς.
840 441 1022 500 Ἦσαν
1087 449 1186 518 μὲν
1240 449 1348 520 γάρ
1387 467 1531 515 τινες
1581 451 1678 505 καὶ
1729 453 1871 520 τότε,

1988 466 2206 527 propter
2246 458 2550 516 haereticos.
2594 457 2727 514 Nam
2758 468 2812 515 et
2869 469 2979 514 tum
3038 461 3256 521 fuerunt
3309 461 3554 524 nonnulli

301 544 352 596 οἳ
381 540 646 610 αἰσχύνην
685 538 934 608 ἐνόμιζον
966 539 1025 591 τὸ
1050 540 1140 593 τὸν
1189 542 1314 593 Υἱὸν
1357 541 1451 594 τοῦ
1489 542 1631 596 Θεοῦ
1663 544 1878 608 παθεῖν,

296 637 398 689 καὶ
436 634 524 687 διὰ
569 632 729 686 τοῦτο
781 633 912 694 ἴσως
943 633 1044 700 τὴν
1073 634 1378 700 φαντασίαν
1430 636 1666 703 είσῆγον.
1725 635 1883 690 Οὕτω

293 725 409 793 γὰρ
462 719 800 791 ἐταπεινώθη
850 722 878 773 ὁ
912 720 1043 783 Θεὸς
1080 721 1148 774 δι’
1187 723 1358 792 ἡμᾶς,
1408 725 1484 786 ὼς
1539 728 1632 778 καὶ
1679 727 1871 796 αἰσχυ-

307 813 501 866 νεσθαι
532 813 658 874 τοὺς
701 807 1022 879 ἀνθρώπους
1055 812 1374 879 περιάπτειν
1413 813 1531 883 Θεῷ
1559 813 1658 884 τὴν
1680 817 1880 868 sociati--

295 923 399 974 την
469 903 822 957 ταπείνωσιν.
874 902 1036 969 Λέγει
1090 903 1144 954 δὲ
1198 904 1291 957 καὶ
1347 905 1431 959 διά
1469 905 1528 959 τὺ
1558 908 1884 980 παραμυθήο

301 997 502 1050 σασθαι
530 995 719 1060 αὖτὸν,
773 993 990 1056 δεικνὺς
1018 995 1101 1048 ὅτι
1155 996 1247 1049 καὶ
1302 998 1466 1062 αὐτὸς
1497 1001 1524 1052 ὁ
1563 1000 1880 1064 διδάσκαλος

297 1084 535 1155 Χριστὸς
574 1083 665 1137 διὰ
721 1084 926 1146 πάθους
976 1084 1196 1156 ἐνίκησε
1252 1086 1342 1139 τὸν
1393 1087 1646 1143 θάνατον.
1677 1092 1879 1146 Τούτου

302 1178 633 1249 μνημόνευε,
665 1179 762 1232 καὶ
789 1179 890 1232 οὐκ
923 1178 1176 1242 ὀκλάσεις
1204 1181 1342 1244 πρὸς
1369 1182 1436 1235 τὰ
1466 1184 1631 1253 πάθη.

365 1356 534 1410 Κατὰ
559 1355 625 1410 τὸ
651 1356 1020 1427 anm-Morir
1037 1376 1179 1428 μου.
1207 1353 1389 1412 τΗσαν
1405 1360 1513 1429 γάρ
1539 1379 1681 1426 τινες
1714 1364 1878 1432 ἕτερα

296 1449 783 1518 εὐαγγελιζόμενοι
815 1463 826 1475 ·
877 1449 994 1502 ἀλλ’
1039 1453 1140 1504 οὐκ
1175 1452 1423 1516 ἐκείνοις,
1480 1454 1614 1508 me
1653 1455 1732 1527 τῷ
1762 1456 1880 1528 ὲμῷ

297 1541 665 1610 Εὑαγγγελίῳ
692 1541 774 1594 δεῖ
804 1541 1117 1612 προσέχειν.

377 1651 487 1704 Ἐν
513 1645 564 1717 ᾧ
587 1650 911 1705 κακοπαθῶ
929 1651 1104 1720 μέχρι
1127 1651 1386 1720 δεσμῶν,
1416 1655 1498 1720 ὡς
1522 1656 1872 1726 κακοῦργος.

299 1744 468 1796 Πάλιν
501 1743 598 1811 ἀφ’
641 1742 835 1796 ἑαυτοῦ
880 1745 1286 1814 παραμυθεῖται
1325 1746 1413 1800 τὸν
1478 1749 1747 1821 μαθητὴν,
1783 1751 1876 1803 καὶ

1985 549 2077 618 qui
2147 548 2501 620 ignominiam
2557 551 2986 620 arbitrabantur,
3045 557 3186 626 quod
3244 557 3415 614 Filius
3461 559 3557 617 Dei

1987 647 2286 709 pateretur,
2329 657 2392 696 ac
2424 651 2711 712 propterea
2747 644 2979 700 fortasse
3029 651 3339 716 passionem
3387 654 3559 722 phan-

1985 733 2240 786 tasticam
2275 734 2630 788 induxerunt.
2678 734 2830 788 Adeo
2887 737 3033 790 enim
3090 739 3411 800 humiliatus
3474 753 3559 802 est

1987 822 2128 878 Deus
2167 836 2386 893 propter
2415 839 2538 889 nos,
2582 834 2642 880 ut
2697 826 3032 881 erubescant
3085 831 3248 883 etiam
3305 833 3558 892 homines

1983 923 2194 968 tantam
2245 916 2681 971 humiliatiouem
2740 915 3176 988 Deoapplieare.
3235 920 3338 975 Ista
3375 936 3553 980 autem

1984 1007 2105 1060 ideo
2156 1005 2311 1069 dicit,
2358 1014 2415 1059 ut
2442 1007 2684 1060 animum
2717 1007 2765 1061 ei
2819 1007 3002 1070 addat,
3057 1009 3350 1066 ostendens
3410 1014 3553 1082 quod

1983 1108 2036 1150 et
2069 1097 2187 1166 ipse
2217 1104 2519 1165 prmeeptor
2577 1105 2765 1152 noster
2799 1097 3048 1152 Christus
3104 1114 3197 1166 per
3241 1103 3554 1168 passionem

1985 1193 2213 1238 mortem
2245 1186 2454 1239 vicerit.
2481 1186 2668 1240 Istbuc
2693 1187 3006 1252 recordare,
3064 1196 3115 1243 et
3149 1189 3295 1244 hand
3353 1191 3557 1246 labefa-

1984 1274 2221 1328 ctaheris
2244 1274 2308 1328 ad
2343 1275 2690 1334 atllictiones.

2053 1365 2348 1419 Secundum
2401 1364 2742 1436 Evangelium
2772 1383 2962 1420 meum.
2990 1366 3403 1423 Fucruntcnim
3434 1373 3557 1441 qui-

1981 1457 2106 1511 dam
2143 1457 2233 1524 qui
2267 1457 2485 1513 diversa
2517 1458 2922 1526 praedicabant:
2951 1459 3100 1528 atqui
3135 1475 3241 1515 non
3271 1462 3402 1525 illis,
3466 1479 3558 1518 vc-

1981 1562 2102 1602 rum
2143 1546 2440 1617 Evangelio
2466 1562 2587 1602 meo
2617 1555 2700 1601 est
2720 1546 3139 1600 intendendum.

2052 1655 2288 1710 “2115.9.
2322 1653 2388 1708 In
2440 1671 2540 1723 quo
2563 1653 2749 1707 laboro
2794 1671 2953 1724 usque
2998 1654 3066 1706 ad
3110 1655 3339 1720 vincula,
3403 1659 3555 1724 quasi

1987 1749 2122 1803 male
2152 1764 2396 1817 Operans.
2435 1747 2638 1801 Iterum
2671 1761 2700 1799 a
2741 1746 2926 1815 seipso
2954 1747 3289 1816 discipulum
3353 1764 3554 1804 conso-

294 1836 374 1887 ὃτι
412 1833 720 1888 κακοπαθεῖ
747 1835 942 1902 λέγων,
977 1836 1072 1888 καὶ
1103 1837 1184 1890 ὅτι
1215 1839 1457 1910 πονηρὰν
1478 1840 1636 1907 δόξαν
1669 1843 1871 1910 ἀποφέ-

1989 1839 2152 1901 latur,
2181 1839 2371 1893 dicens
2405 1847 2462 1892 et
2497 1835 2644 1904 quod
2687 1836 2960 1906 allligitur,
3025 1845 3079 1890 et
3145 1835 3289 1906 quod
3332 1851 3553 1906 pravam

333 1943 470 1980 εται.

333 1943 470 1980 ται.

296 1943 353 1995 ρι
375 2017 532 2071 Ἀλλ’
557 2020 595 2071 ὀ
635 2019 819 2086 λόγιος
848 2017 952 2072 τοῦ
995 2019 1144 2072 Θεοῦ
1176 2021 1247 2072 οὐ
1279 2019 1530 2074 δέδεται.
1566 2023 1683 2075 Ἵνα
1714 2023 1874 2093 μήτις

293 2109 424 2178 εῐπῃ
452 2125 466 2140 ο
500 2109 608 2162 Καὶ
638 2109 690 2161 τί
722 2110 781 2162 τὸ
813 2109 1037 2177 ὄφελοςς
1063 2110 1127 2161 Τί
1155 2109 1210 2162 δὲ
1231 2110 1288 2162 τὸ
1319 2111 1523 2182 θαῦμα,
1554 2113 1602 2166 εί
1626 2113 1871 2178 δέδεσαι;

297 2199 484 2262 Δεῖξον
521 2217 609 2268 μοι
635 2199 843 2270 κέρδος,
881 2199 1051 2263 δεῖξόν
1085 2217 1175 2270 μοι
1210 2201 1522 2267 θαυμαστόν
1553 2221 1605 2256 τι
1638 2221 1652 2234 ·
1685 2205 1871 2273 φησιν,

295 2293 379 2344 ὅτι
429 2292 458 2343 ὁ
501 2290 651 2358 λόγος
693 2291 758 2343 οὑ
820 2291 1049 2346 δέδεται.
1113 2293 1204 2361 Μὴ
1248 2293 1356 2364 γὰρ
1406 2295 1660 2364 αἰσθητὸν
1713 2296 1873 2364 ἔργον

289 2383 458 2446 ἐστὶν,
533 2382 620 2434 ἵνα
683 2380 1042 2449 ἐμποδίζηται
1110 2382 1203 2434 τοῦ
1253 2383 1503 2451 σώματος
1558 2385 1869 2454 δεδεμένου.

285 2474 458 2541 Λόγος
513 2475 638 2525 ἐστι
691 2473 831 2525 θεῖον
880 2473 1094 2543 χρῆμα,
1141 2475 1234 2527 καὶ
1273 2475 1409 2528 Θεοῦ
1459 2477 1654 2541 λόγος·
1715 2477 1874 2547 ἡμῶν

285 2565 618 2633 δεδεμένων,
665 2563 879 2618 λέλυται
928 2565 1022 2618 καὶ
1076 2564 1284 2634 τρέχει.
1322 2565 1455 2619 Ἰδοὺ
1508 2567 1616 2635 γὰρ
1654 2567 1748 2619 καὶ
1787 2567 1873 2619 δε-

286 2656 506 2725 δεμένοι
540 2655 827 2726 γράφομεν
860 2658 957 2708 καὶ
1027 2656 1396 2727 κηρύττομεν.
1457 2653 1608 2720 Εἶδες
1663 2657 1870 2728 θαῦμα,

289 2741 422 2808 εἶδες
449 2745 666 2816 κέρδος.

360 2840 464 2890 Διά
509 2837 686 2892 τοῦτο
740 2838 938 2893 πάντα
984 2836 1264 2906 ὑπομένω
1305 2825 1360 2871 ¹⁶θ
1399 2838 1496 2892 διὰ
1534 2839 1675 2904 τοὺς
1703 2840 1870 2894 ἐκλε-

288 2929 500 2993 κτούς.
545 2928 674 2982 Ἰδοὺ
705 2927 982 2984 καὶτοῦτο
1022 2928 1330 2998 προτροπή.
1375 2929 1486 3000 Οὐχ
1518 2929 1660 3000 ὑπὲρ
1698 2931 1872 3000 ἐμαυ-

288 3017 383 3069 τοῦ
431 3019 562 3087 γάρ,
614 3021 765 3089 φησι,
805 3018 1023 3088 πάσχω,
1052 3017 1167 3071 ἀλλ’
1223 3018 1364 3088 ὑπὲρ
1392 3019 1490 3088 τῆς
1525 3019 1729 3090 ἑτέρων
1761 3036 1867 3072 σω-

287 3111 524 3182 τηρίας·
573 3112 671 3182 οὐχ
725 3112 814 3166 ἵνα
860 3112 1020 3174 αὐτὸς
1052 3110 1316 3177 δοξασθῶ,
1364 3111 1477 3163 ἀλλ’
1527 3112 1616 3166 ἴνα
1669 3112 1865 3182 ἕτεροι.

1982 1928 2292 1998 opinionem
2326 1928 2524 1982 aufert.

2050 2019 2153 2074 Sed
2184 2021 2392 2074 verbum
2426 2019 2525 2075 Dei
2569 2038 2671 2074 non
2695 2031 2771 2075 est
2811 2021 3113 2092 alligatum.
3138 2021 3213 2078 Ne
3244 2025 3366 2093 quis
3388 2026 3552 2091 dicat,

1979 2113 2283 2181 Ecqumcst
2324 2112 2720 2167 commoditas?
2767 2113 2899 2182 quid
2949 2128 3082 2168 vero
3147 2115 3346 2169 mirum
3407 2117 3552 2186 quod

1977 2203 2177 2272 ligatus
2209 2204 2317 2258 es?
2361 2201 2604 2258 Ostende
2648 2205 2777 2257 mihi
2843 2205 3081 2269 lucrum,
3133 2205 3360 2261 ostende
3423 2206 3554 2260 mihi

1977 2291 2184 2359 aliquid
2220 2290 2524 2345 mirandum
2559 2310 2572 2354 ;
2606 2292 2865 2352 Verbum,
2895 2292 3092 2358 inquit,
3135 2303 3358 2350 nonest
3418 2296 3554 2366 liga-

1979 2390 2092 2434 tum
2120 2398 2134 2433 :
2175 2398 2279 2435 non
2315 2384 2459 2436 enim
2496 2384 2755 2437 sensibile
2779 2400 2915 2453 opus
2945 2394 3048 2448 est,
3069 2393 3127 2439 ut
3163 2386 3296 2440 illud
3314 2401 3554 2456 corpore

1979 2472 2143 2540 ligato
2179 2473 2528 2541 impediatur.
2573 2471 2758 2526 Divina
2817 2489 2904 2528 res
2931 2486 3018 2529 est
3071 2476 3319 2543 verbum,
3351 2478 3556 2547 Deique

1975 2563 2199 2617 verbum
2241 2581 2253 2616 :
2297 2565 2456 2618 nobis
2511 2565 2689 2632 ligatis
2752 2565 2990 2619 solutum
3039 2575 3130 2622 est
3216 2578 3269 2622 et
3331 2573 3550 2624 currit:

1974 2666 2102 2707 ecce
2163 2654 2306 2708 enim
2383 2655 2534 2724 ligati
2599 2655 2892 2710 scribimus
2943 2666 2997 2712 et
3040 2659 3414 2728 praedicamus.
3467 2663 3556 2717 Vi-

1972 2743 2099 2798 disti
2120 2746 2262 2812 quod
2293 2756 2376 2799 est
2408 2745 2808 2812 admirandum,
2837 2749 3020 2804 vidisti
3075 2751 3306 2807 lucrum.

2045 2833 2210 2888 Vens.
2252 2836 2338 2888 ιθ.
2389 2835 2518 2890 Ideo
2563 2839 2741 2891 omnia
2807 2840 3042 2894 sustineo
3081 2853 3292 2908 propter
3337 2845 3552 2900 electos.

1974 2923 2054 2979 En
2094 2934 2148 2980 et
2191 2925 2372 2981 isthuc
2429 2927 2586 2982 habet
2619 2929 3080 2985 adhortationem.
3118 2933 3287 3002 602
3306 2933 3422 2988 Non
3449 2950 3552 3004 pro

1974 3016 2183 3087 meipso
2209 3021 2352 3071 enim
2383 3025 2582 3086 patior,
2625 3020 2828 3088 inquit.
2857 3019 2950 3074 sed
2989 3035 3087 3089 pro
3117 3021 3344 3076 aliorum
3376 3025 3552 3080 salute

1975 3122 2085 3160 non
2120 3115 2179 3159 nt
2209 3122 2309 3175 ego
2324 3107 2615 3175 glorilicet‘,
2642 3109 2737 3164 sed
2767 3118 2826 3162 ut
2849 3109 2961 3162 alii.
2995 3108 3100 3174 Qui
3128 3126 3259 3166 vero
3281 3123 3409 3167 sunt
3431 3115 3548 3170 isti?

292 3201 453 3263 Τίνες
510 3201 566 3255 δὲ
627 3196 817 3269 cieret;
879 3203 942 3256 Οί
997 3202 1246 3256 ἐκλεκτοὶ
1294 3201 1388 3255 τοῦ
1451 3202 1608 3256 Θεοῦ.
1664 3203 1725 3254 Ei
1776 3197 1870 3256 οὖν

1988 3196 2156 3252 Eleeti
2187 3196 2302 3252 Dei.
2335 3197 2390 3251 Si
2418 3198 2584 3266 igitur
2613 3199 2752 3256 Deus
2791 3199 2940 3270 ipsos
2969 3199 3150 3270 elegit,
3181 3202 3365 3258 omnia
3388 3219 3554 3274 opor-

288 3292 419 3356 Θεὸς
445 3293 641 3357 αὐτοὺς
659 3294 958 3362 ἐξελέξατο,
989 3295 1166 3348 πάντα
1187 3295 1267 3347 δεῖ
1295 3295 1440 3366 ἡμᾶς
1467 3295 1696 3364 πάσχειν
1727 3294 1864 3365 ὑπὲρ

288 3385 488 3439 αὐτῶν.

361 3476 496 3529 Ἵνα
551 3477 651 3530 καί
697 3478 864 3532 αὐτοὶ
892 3477 1190 3545 σωτηρίας
1230 3477 1455 3545 τύχωσι
1488 3475 1597 3543 τῆς
1627 3477 1696 3530 ἐν
1732 3479 1866 3542 Χρις-

289 3565 413 3630 an};
454 3568 674 3633 Ἰησοῦ.
713 3570 824 3622 Καὶ
865 3569 1041 3631 αὐτοὶ,
1088 3569 1278 3639 ὥσπερ
1319 3569 1413 3622 καὶ
1447 3571 1630 3638 ἡμεῖς.
1659 3569 1870 3637 ’Ὠσπερ

288 3658 353 3711 δι’
396 3661 568 3728 ἡμᾶς,
628 3661 818 3730 φησιν,
875 3662 901 3713 ὁ
950 3659 1082 3721 Θεὸς
1135 3660 1370 3725 ἔπαθεν,
1443 3662 1529 3714 ἵνα
1583 3659 1868 3729 σωθῶμεν,

290 3750 432 3802 οὕτω
496 3751 590 3802 καὶ
632 3753 793 3820 ἡμεῖς
847 3752 1128 3820 πάσχομεν
1191 3751 1258 3803 δι’
1306 3752 1545 3814 ἐκείνους
1587 3751 1650 3803 ‘7.
1706 3750 1869 3802 Ὥστε

287 3843 644 3905 ἀνταπόδοσίς
704 3844 822 3894 ἐστι
865 3843 925 3895 τὸ
969 3844 1222 3912 πρᾶγμα,
1259 3843 1321 3895 οὐ
1363 3843 1546 3913 χάρις.
1585 3841 1738 3906 Εἶτα,
1785 3843 1870 3894 ἵνα

291 3934 366 4004 μὴ
427 3938 558 4004 εἴπῃ
597 3952 681 3998 τις
721 3935 869 4003 αὐτῷ
893 3949 906 3963 θ
946 3934 1010 3987 Τί
1040 3934 1218 4003 λέγεις
1244 3954 1258 4000 ;
1286 3935 1356 3988 Σὺ
1401 3936 1459 3986 ὲν
1487 3935 1704 4003 δεσμοῖς
1742 3935 1869 4004 μέλ-

286 4027 398 4089 λεις
432 4028 474 4059 ³⁸
509 4027 829 4086 ἀπολέσθαι.
859 4029 952 4080 καὶ
996 4028 1176 4091 ἄλλοις
1208 4027 1481 4097 σωτηρίας
1515 4027 1686 4088 αἴτιος
1721 4027 1870 4094 γενέ-

287 4115 409 4168 σθαι
454 4113 758 4187 ἀλαζονεύῃ
792 4134 806 4178 ς
865 4116 941 4168 Οὐ
971 4116 1196 4186 ταύτης,
1230 4117 1389 4186 φησι,
1423 4115 1569 4182 λέγω
1619 4115 1719 4184 τῆς
1765 4132 1870 4168 σω-

289 4204 526 4273 ματικῆς
564 4205 860 4275 σωτηρίας,
893 4205 1030 4259 ἀλλὰ
1057 4206 1158 4276 τῆς
1193 4207 1253 4258 ὲν
1299 4203 1524 4276 Χριστῷ
1572 4203 1744 4274 Ἰησοῦ
1774 4204 1872 4273 τῆς

287 4295 572 4366 ἀληθινῆς,
618 4299 716 4367 τῆς
768 4297 976 4362 ἐνδόξου
1003 4314 1016 4327 ·
1054 4299 1087 4368 ἡ
1128 4299 1236 4368 γὰρ
1293 4295 1582 4368 σωματικὴ
1629 4297 1872 4366 σωτηρία

285 4386 496 4451 ἄδοξος.
529 4388 730 4441 Ἀκουε
769 4389 878 4458 γὰρ
903 4388 1124 4441 καὶτῶν
1155 4390 1373 4459 ἐφεξῆς.

353 4496 523 4550 Μετὰ
557 4495 739 4564 δόξης
801 4500 1066 4551 αἰωνίου.
1131 4499 1206 4552 Οὐ
1267 4499 1428 4568 μόνον
1483 4500 1567 4552 ἵνα
1599 4500 1866 4565 σωθῶσιν,

286 4587 422 4640 ἀλλὰ
487 4586 549 4638 τὸ
606 4585 813 4656 μεῖζον,
880 4588 966 4640 ἵνα
1029 4591 1123 4641 καὶ
1175 4589 1479 4656 δοξασθῶσι
1537 4592 1658 4660 μεθ’
1711 4592 1870 4661 ἡμῶν

290 4676 544 4738 αἰωνίως.
602 4677 771 4729 Ὥστε
829 4677 876 4728 εἰ
925 4677 1021 4729 καὶ
1069 4679 1334 4748 αἰσχύνην
1393 4679 1504 4747 ἔχει
1549 4679 1618 4732 τά
1674 4679 1869 4748 δεσμὰ,

291 4767 423 4819 ἀλλὰ
450 4767 542 4819 καὶ
575 4766 734 4831 δῦξαν
775 4767 1034 4837 προξενεῖ
1077 4771 1188 4831 τοῖς
1219 4768 1519 4836 ἐκλεκτοῖς,
1547 4770 1642 4824 καὶ
1668 4770 1870 4841 ταύτην

295 4856 530 4912 αἰώνιον.
588 4860 651 4911 Ei
705 4859 764 4913 δὲ
829 4861 1031 4922 ἄλλοις.
1093 4860 1276 4930 πολλῷ
1343 4861 1544 4931 μᾶλλον
1588 4861 1734 4930 ἐμοὶ,
1791 4861 1869 4930 τῷ

297 4944 463 4997 ταῦτα
481 4948 875 5018 περικειμένῳ.
904 4948 995 5018 Μὴ
1023 4948 1116 5002 οὖν
1139 4949 1399 5019 ὰδημόνει
1427 4951 1514 5003 ἐπ’
1537 4951 1680 5020 ἐμοί.

365 5125 578 5191 Πιστὸς
623 5129 657 5180 ό
693 5130 897 5195 λόγος.
945 5127 1163 5196 Ἐπειδὴ
1224 5127 1407 5182 πολλοὶ
1466 5130 1868 5198 ἀμφιϐάλλουσι

297 5215 532 5284 περὶτῆς
566 5217 867 5287 μελλούσης
893 5215 1042 5286 ζωῆς
1075 5219 1168 5270 καὶ
1203 5219 1383 5288 δόξης,
1409 5219 1660 5288 λέγοντες
1689 5239 1703 5252 ·
1731 5223 1866 5275 ’Ὁτε

298 5302 390 5368 ζῶ,
448 5308 568 5360 τότε
630 5307 850 5374 θανάτῳ
907 5307 1224 5377 ὲκδίδομαι,
1283 5310 1378 5360 καὶ
1433 5309 1522 5362 ὅτε
1580 5311 1862 5372 ἀποθάνω,

299 5395 437 5468 ζήσω
487 5417 501 5464 ;
561 5403 657 5456 καὶ
709 5401 780 5454 τὰ
834 5400 1088 5454 τοιαῦταο
1155 5400 1246 5453 διὰ
1295 5399 1451 5454 τοῦτο
1502 5402 1712 5468 βεϐαιοῖ
1761 5404 1854 5456 τὸν

1971 3298 2046 3345 tet
2077 3305 2176 3347 nos
2207 3291 2315 3361 pati
2340 3305 2439 3360 pro
2481 3291 2634 3361 ipsis.

2047 3470 2115 3525 Ut
2135 3482 2184 3526 et
2215 3473 2314 3542 ipsi
2343 3474 2570 3528 salutem
2597 3486 3001 3546 consequantur,
3035 3492 3150 3548 qua:
3187 3486 3275 3532 :est
3303 3479 3361 3532 iu
3402 3477 3553 3534 Chri-

1976 3577 2057 3618 sto
2074 3562 2226 3617 Jesu.
2261 3564 2390 3632 Ipsi,
2427 3569 2895 3635 quemadmodum
2946 3578 3000 3624 et
3026 3585 3151 3625 nos.
3201 3570 3354 3624 Sicut
3389 3587 3552 3640 prop-

1985 3663 2068 3708 ter
2097 3670 2216 3719 nos,
2247 3657 2442 3725 inquit,
2478 3656 2620 3712 Deus
2649 3673 2844 3728 passus
2891 3671 2977 3716 est
3028 3671 3088 3713 ιιι
3136 3676 3437 3724 servemur,
3473 3663 3553 3715 sic

1981 3755 2035 3800 et
2078 3761 2178 3800 nos
2213 3749 2451 3816 patimur
2499 3759 2721 3819 propter
2748 3749 2894 3805 illos.
2933 3751 3322 3822 Compensatio
3370 3754 3554 3821 itaque

1979 3828 2091 3889 haec
2126 3851 2213 3891 res
2241 3845 2348 3900 est,
2381 3853 2488 3892 non
2516 3839 2711 3908 gratia.
2743 3837 3034 3903 Przetcrca,
3073 3857 3141 3896 ne
3182 3841 3308 3911 quis
3357 3843 3404 3895 ei
3456 3842 3552 3894 ob-

1969 3926 2146 3996 jiciat,
2174 3925 2312 3992 Quid
2360 3930 2483 3985 ais?
2520 3939 2573 3984 tu
2606 3932 2658 3986 in
2703 3932 2934 3986 vinculis
2980 3933 3250 4002 periturus
3278 3951 3359 3997 es,
3395 3943 3449 3988 et
3500 3944 3552 3988 to

1975 4019 2208 4074 aliorum
2234 4021 2430 4076 salutis
2458 4031 2745 4077 auctorem
2775 4023 2892 4078 fore
2928 4023 3215 4077 ostentas?
3249 4022 3365 4077 Non
3382 4025 3546 4086 hanc,

1975 4109 2174 4180 inquit,
2199 4111 2542 4180 corporalem
2563 4113 2794 4168 salutem
2831 4115 2970 4177 dico,
3009 4111 3103 4166 sed
3133 4126 3251 4166 eam
3311 4127 3430 4180 qua:
3465 4121 3549 4166 est

1975 4199 2032 4253 in
2064 4199 2290 4256 Christo
2315 4201 2470 4266 Jesu,
2511 4217 2694 4256 veram
2746 4216 2810 4256 ac
2866 4203 3184 4257 celebrem:
3248 4204 3548 4271 corporalis

1974 4289 2120 4344 enim
2154 4291 2306 4346 salus
2336 4299 2421 4346 est
2462 4291 2717 4360 ingloria.
2748 4291 2890 4345 Audi
2946 4292 3088 4345 enim
3129 4305 3250 4360 qua:
3300 4306 3546 4360 sequun-

1977 4387 2090 4433 tur.

2047 4491 2178 4543 Cum
2213 4493 2388 4560 gloria
2422 4503 2643 4546 a‘tcrna.
2675 4491 2790 4547 Non
2830 4493 3007 4548 solum
3039 4502 3097 4547 ut
3125 4507 3430 4558 serventur,
3455 4495 3550 4548 sed

1977 4585 2121 4652 quod
2183 4584 2362 4651 majus
2415 4591 2520 4646 est,
2583 4593 2641 4637 nt
2719 4584 3095 4654 gloriﬁcentur
3155 4587 3438 4642 nobiscmn
3495 4590 3548 4640 in

1973 4672 2390 4742 sempiternum.
2426 4669 2610 4736 Quare
2638 4674 2852 4728 etiamsi
2908 4675 3260 4745 ignominiam
3315 4677 3550 4732 habeant

1970 4765 2209 4828 vincula,
2259 4765 2485 4833 gloriam
2531 4775 2710 4819 tamen
2753 4765 2994 4834 praebent
3042 4767 3252 4832 electis,
3317 4782 3549 4834 eamque

1969 4855 2388 4925 sempiternam.
2420 4853 2575 4918 Quod
2609 4855 2654 4909 si
2701 4855 2851 4920 aliis,
2886 4856 3059 4910 multo
3093 4857 3263 4924 magis
3293 4867 3348 4911 et
3387 4858 3546 4917 mihi.

1970 4951 2061 5016 qui
2099 4947 2252 5002 hisce
2280 4962 2400 5000 sum
2431 4945 2787 5001 constrictus.
2815 4945 2894 5001 Ne
2917 4947 3083 5016 igitur
3107 4949 3207 5002 mei
3227 4964 3392 5004 causa
3417 4965 3549 5004 con-

1975 5040 2237 5094 tristcris.

2042 5131 2210 5184 Vens.
2237 5130 2324 5184 ‘ll.
2359 5128 2557 5184 Fidelis
2589 5145 2777 5184 sermo.
2811 5130 2950 5196 Quia
2972 5131 3217 5202 plerique
3266 5131 3545 5198 ambigunt

1971 5218 2039 5272 de
2072 5218 2254 5272 futura
2297 5217 2408 5272 vita
2446 5228 2499 5272 et
2555 5217 2745 5285 gloria,
2796 5217 3085 5273 dicentes:
3124 5218 3352 5283 Quando
3399 5217 3541 5276 vivo,

1971 5315 2086 5360 tum
2112 5308 2275 5361 morti
2302 5307 2491 5360 trador
2513 5317 2594 5371 ;et
2614 5306 2835 5376 quando
2868 5316 3118 5362 mortuus
3146 5305 3542 5369 fucro,vivam'!

1970 5400 2133 5470 idque
2185 5415 2356 5469 genus
2378 5399 2484 5453 alia
2517 5416 2531 5454 :
2571 5408 2858 5469 pmpterea
2895 5413 3200 5454 sermonem
3233 5397 3539 5464 continuat,

1633 5576 1845 5658 Varia)
1879 5575 2211 5641 lectiones.

367 5726 406 5755 "
437 5723 628 5794 mia/3»
653 5738 709 5778 ο.
789 5724 830 5755 "
863 5725 1066 5778 ἐκεῖνον
1095 5739 1148 5780 o.
1227 5725 1270 5757 ⁸⁸
1295 5725 1468 5791 θέλεις
1496 5742 1548 5783 0.

637 5818 908 5880 ΡΑτιιοι..
951 5817 1068 5879 Gn.
1101 5817 1343 5881 LXXV.
