4006 6214
319 329 361 394 ’1
373 326 440 390 [ιῖ

337 437 614 511 inquiens,
650 428 851 488 Fidelis
883 440 1076 481 sermo.
1122 417 1318 487 Qualis
1341 417 1364 469 ?
1391 412 1546 481 Quod
1578 411 1735 468 electi
1763 408 1907 465 cele-
1940 412 1982 466 Α

341 533 492 586 brem
517 536 573 584 et
599 534 857 580 aeternam
895 517 1125 573 salutem
1167 515 1550 578 assequentur.

417 703 558 757 Nam
588 701 634 753 si
669 691 984 751 commortui
1005 702 1210 751 sumus,
1245 694 1293 739 et
1325 683 1670 739 convivemus.
1705 675 1914 732 Conﬁr-

1227 289 1822 362 VTHEOPHYLACTI
1861 285 2273 350 BULGARLE
2306 279 2663 345 ARCHIEP.

2011 398 2192 474 λόγον,
2251 401 2348 456 καί
2404 415 2579 470 φησι·
2613 393 2839 458 Πιστὸς
2888 393 2920 446 ό
2963 391 3167 460 λόγος.
3217 387 3421 452 ιΙοῖοςς
3470 385 3596 438 Ὅτι

2015 472 2355 548 οί-ὲκλεκτοὶ
2406 489 2620 552 ἐνδόξου
2660 484 2754 538 καὶ
2787 479 3011 536 αἰωνίου
3061 475 3337 548 σωτηρίας
3382 472 3601 528 ἐπιτεύ-

2021 587 2227 651 ξονται.

3491 265 3595 329 108

2085 681 2157 732 Et
2204 677 2315 747 γὰρ
2345 671 2870 740 συναπεθάνομεν,
2924 664 3022 719 καί
3077 660 3444 729 συζήσομεν.
3498 656 3610 708 Ka-

345 805 457 850 mat
503 794 645 846 idem
675 784 930 841 humanis
963 781 1127 836 etiam
1162 776 1492 832 rationibus.
1535 772 1700 842 Atqui
1750 780 1916 837 supra

2059 768 2432 833 ασκευάςειτὸ
2466 766 2601 822 αὐτὸ
2648 763 2745 817 καὶ
2789 760 2877 813 διὰ
2920 752 3198 825 λογισμῶν
3226 748 3598 821 ἀνθρωπίνων.

346 888 508 954 hujus
566 882 642 935 rei
682 875 942 931 indicium
973 870 1121 924 dedit
1180 883 1304 922 cum
1359 868 1565 922 diceret
1599 881 1612 916 :
1649 861 1911 916 Memento

2026 861 2218 916 Καίτοι
2273 861 2368 913 καὶ
2409 856 2664 927 ἀνωτέρω
2713 852 3010 921 τεκμήριον
3058 843 3248 899 τούτου
3295 841 3338 872 ¹⁹
3370 840 3605 894 δέδωκεν

346 928 507 954 ....,...,
567 928 642 935 ---

344 979 528 1033 Jesum
559 968 915 1026 resurrexisse
945 981 976 1018 a
1021 963 1286 1024 mortuis;
1318 957 1577 1013 indicavit
1603 954 1748 1010 enim
1774 951 1920 1022 quod

2062 952 2200 1005 ίπὼν
2224 969 2237 982 ·
2311 948 2670 1015 Μνημόνευε
2759 937 3008 1007 Ἰησοῦν
3077 931 3476 1005 ἐγηγερμένον
3537 928 3609 982 ἐκ

347 1076 471 1141 post
503 1072 730 1119 mortem
805 1055 1187 1112 resurrexerit.
1251 1051 1535 1118 Quomodo
1595 1046 1762 1116 igitur
1792 1058 1921 1097 con-

349 1162 525 1214 ﬁrmat
555 1157 577 1209 ‘t
612 1153 668 1208 Si
705 1152 760 1205 in
804 1149 1052 1204 tristibus
1111 1144 1600 1204 communicamus,
1646 1138 1702 1191 in
1764 1134 1924 1189 bonis

343 1266 457 1305 non
490 1243 782 1303 similiter?
813 1239 923 1295 Hoc
955 1256 1022 1293 ne
1037 1238 1199 1290 homo
1217 1235 1435 1304 quidem
1467 1232 1688 1294 iaceret,
1715 1235 1924 1298 quanto

349 1341 533 1394 minus
564 1336 728 1400 Deus,
796 1332 890 1402 qui
934 1330 1056 1382 fons
1087 1337 1170 1382 cst
1221 1324 1447 1396 iustitiae
1501 1331 1558 1376 et
1613 1317 1928 1375 bonitatis?

351 1429 579 1483 Mortem
633 1432 814 1477 autem
885 1419 1036 1482 dicit,
1118 1426 1231 1470 tum
1298 1429 1417 1468 eam
1487 1427 1606 1482 quae
1687 1425 1784 1480 per
1831 1408 1927 1462 ba-

352 1520 548 1589 ptisma
599 1522 702 1580 est,
760 1522 874 1566 tum
912 1524 1031 1564 eam
1078 1522 1197 1577 qua:
1219 1521 1314 1576 per
1343 1504 1626 1575 passiones
1673 1510 1724 1556 et
1755 1508 1930 1554 tenta-

355 1614 554 1668 tiones.

426 1705 594 1758 Vsus.
629 1701 715 1756 l2.
765 1698 826 1754 Si
853 1696 1198 1757 sustinemus,
1237 1702 1284 1744 et
1322 1686 1780 1758 conregnabimus.
1811 1685 1930 1741 Non

2021 1039 2289 1108 νεκρῶν·
2351 1034 2519 1100 ἔδειξε
2575 1033 2684 1102 γὰρ
2740 1033 2823 1085 ὅτι
2881 1029 3019 1099 μετὰ
3091 1024 3322 1078 Θάνατον
3378 1020 3605 1086 ἀνέστη.

2031 1132 2154 1193 Πῶς
2211 1124 2304 1182 οὖν
2361 1122 2804 1186 κατασκευάζεις
2856 1119 2918 1172 Ei
2981 1119 3038 1170 ὲν
3089 1117 3203 1177 τοῖς
3262 1109 3610 1180 σκυθρωποῖς

2031 1219 2436 1286 κοινωνοῦμεν,
2492 1218 2552 1270 ὲν
2603 1214 2717 1274 τοῖς
2769 1210 3028 1281 χρηστοῖς
3083 1205 3183 1259 οὐκ
3236 1201 3351 1255 ἐστι
3410 1199 3610 1264 τοῦτο;

2033 1309 2170 1364 Οὐδὲ
2230 1307 2516 1376 ἄνθρωπος
2577 1303 2844 1372 ποιήσειε,
2891 1300 3044 1362 πόσῳ
3115 1292 3314 1364 μᾶλλον
3368 1291 3396 1342 ὁ
3455 1288 3606 1350 Θεὸς,

2032 1405 2068 1475 ἡ
2135 1399 2286 1472 πηγὴ
2344 1399 2440 1468 τῆς
2494 1392 2845 1462 δικαιοσύνης
2911 1389 3006 1442 καὶ
3062 1384 3430 1454 ἀγαθότητοςς
3499 1379 3610 1431 Gai-

2034 1469 2210 1548 νιτον-
2245 1469 2302 1544 δὲ
2345 1490 2514 1557 λέγει,
2561 1486 2654 1539 τόν
2702 1501 2761 1535 τε
2803 1481 2890 1534 διὰ
2943 1477 3037 1532 τοῦ
3084 1474 3478 1546 βαπτίσματος,
3520 1469 3613 1521 τόν

2039 1604 2099 1640 τε
2127 1586 2217 1639 διὰ
2252 1583 2362 1638 τῶν
2392 1579 2735 1650 παθημάτων
2767 1574 2860 1628 καὶ
2891 1567 3236 1641 πειρασμῶν.

2108 1693 2176 1746 Εἰ
2249 1689 2652 1757 ὑπομένομεν,
2695 1681 2790 1736 καί
2854 1673 3445 1748 συμϐασιλεύσομεν.
3504 1665 3619 1719 Οὐκ

358 1797 496 1852 satis
523 1802 606 1850 est
634 1791 802 1847 semel
836 1791 889 1842 iu
923 1794 1155 1841 mortem
1222 1797 1281 1837 se
1330 1779 1643 1850 quempiam
1690 1777 1929 1840 tradere,

2056 1787 2199 1858 ipzsi’
2234 1784 2294 1836 τὸ
2342 1779 2492 1842 ἅπαξ
2522 1779 2602 1840 είς
2653 1776 2885 1829 Οόινατον
2937 1767 3185 1825 ἐκδοῦναι
3233 1780 3355 1818 τινα
3397 1760 3614 1820 ἑαυτὸν,

357 1888 456 1943 sed
487 1899 722 1956 semper.
753 1881 818 1936 1η
838 1879 1076 1946 singulos
1100 1877 1238 1936 enim
1257 1876 1390 1937 dies,
1416 1873 1612 1942 inquit,
1646 1870 1846 1923 morior
1862 1866 1929 1922 ⁸⁸.

360 1978 528 2033 Multa
587 1977 753 2046 igitur
810 1969 1070 2042 patientia
1130 1967 1287 2020 nobis
1340 1979 1477 2032 opus
1527 1971 1612 2017 cst
1678 1961 1743 2015 ad
1806 1962 1930 2024 hoc,

364 2081 422 2125 ut
449 2067 612 2124 simul
639 2078 866 2135 regnare
894 2075 1019 2116 cum
1045 2058 1263 2113 Christo
1293 2055 1454 2110 nobis
1481 2054 1757 2110 obveniat.

433 2157 866 2230 Si'negabimus,
917 2161 969 2207 et
1039 2150 1129 2204 ille
1177 2149 1385 2219 negabit
1429 2164 1545 2200 nos.
1614 2146 1934 2200 Sermonem

367 2266 526 2307 suum
557 2249 722 2304 etiam
768 2245 836 2299 ab
865 2243 933 2297 iis
961 2256 1084 2312 quae
1117 2249 1310 2294 contra
1338 2235 1598 2290 eveniunt
1619 2232 1934 2289 conﬁrmat.

367 2344 485 2398 Non
512 2340 659 2396 enim
691 2337 747 2392 in
782 2335 942 2390 bonis
971 2328 1374 2390 tantutmnodo,
1436 2339 1626 2380 verum
1661 2325 1824 2377 etiam
1884 2324 1938 2376 in

369 2434 526 2490 malis
552 2437 680 2488 sunt
707 2422 1206 2496 compensationes.
1239 2419 1344 2483 Qui
1383 2417 1543 2481 enim,
1577 2415 1794 2485 ‘iuquit,
1850 2429 1940 2466 ne-

368 2527 570 2599 gaverit
620 2540 722 2588 me,
756 2520 956 2589 negabo
1003 2526 1050 2570 et
1084 2529 1200 2568 eain
1235 2512 1300 2565 ⁸³.
1327 2511 1518 2579 Cogita
1549 2517 1730 2563 autem
1763 2515 1939 2560 tecum

2035 1851 2172 1931 ἀλλὰ
2208 1874 2269 1927 τὸ
2307 1869 2619 1930 διαπαντός.
2669 1867 2805 1921 Καθ’
2839 1863 3066 1932 ἡμέραν
3103 1859 3233 1928 γὰρ,
3259 1853 3446 1925 φησὶν,
3475 1851 3623 1906 ἀπο·

2037 1967 2304 2034 θνῄσκω.
2369 1963 2577 2030 Πολλῆς
2607 1959 2698 2012 οὖν
2737 1958 2819 2009 δεῖ
2865 1952 3138 2022 ὑπομονῆς
3173 1951 3250 2010 εἰς
3300 1943 3479 2007 τοῦτο,
3529 1942 3618 1992 ἵνα

2037 2061 2134 2114 καὶ
2160 2060 2223 2112 τὸ
2259 2053 2695 2126 συμϐασιλεῦσαι
2725 2051 2859 2119 ἡμῖν
2890 2043 3275 2114 περιγένηται.

2111 2151 2178 2206 El
2207 2125 2611 2218 ἀρνησόμεθα,
2638 2142 2916 2204 κάκεῖνος
2937 2135 3265 2206 ἀρνήσεται
3293 2127 3470 2199 ἡμᾶς.
3513 2125 3627 2180 Καὶ

2042 2244 2151 2298 ἀπὸ
2180 2242 2290 2296 τῶν
2314 2241 2378 2292 ὲκ
2401 2237 2499 2291 τοῦ
2531 2233 2778 2290 ἐναντίου
2812 2248 2876 2284 συ
2887 2228 3247 2300 μϐησομὲνων
3277 2217 3623 2275 κατασκευά-

2043 2337 2126 2401 ζει
2154 2334 2250 2387 τὸν
2271 2333 2452 2400 λόγον.
2479 2331 2555 2382 Οὐ
2589 2328 2698 2398 γὰρ
2735 2327 2792 2378 ὲν
2835 2324 2947 2384 τοῖς
2989 2318 3249 2390 χρηστοῖς
3282 2313 3464 2386 μόνον,
3492 2309 3630 2362 ἀλλὰ.

2044 2399 2138 2475 καὶ
2182 2421 2240 2473 ἐν
2272 2399 2384 2482 τοῖς
2423 2415 2686 2478 ἐναντίοις
2724 2414 2779 2467 ai
2837 2410 3082 2481 ἀμοιϐαί.
3123 2409 3227 2470 Ὃς
3267 2403 3396 2473 γὰρ,
3440 2399 3630 2472 φησιν⁹

2045 2511 2375 2581 ἀρνήσεται
2396 2527 2492 2580 με,
2527 2506 2864 2576 ἀρνήσομαι
2911 2501 3072 2566 κάγὼ
3100 2499 3305 2552 αὐτόν.
3345 2495 3629 2565 Ἐννόησον

371 2589 576 2690 quanta
592 2616 664 2670 sit
694 2613 786 2667 ille
816 2622 1102 2679 passurus,
1160 2603 1254 2673 qui
1308 2616 1340 2655 a
1395 2599 1617 2655 Christo
1647 2601 1945 2669 abnegatus

2056 2606 2110 2658 δὲ
2143 2605 2195 2658 τί
2220 2603 2409 2657 παθεῖν
2441 2601 2589 2664 εἰκὸς
2609 2600 2711 2653 τὸν
2735 2595 3040 2668 ἀρνηθέντα
3072 2593 3176 2647 ὑπὸ
3193 2589 3453 2662 Χριστοῦ.

373 2709 560 2765 fuerit.

445 2803 613 2857 Vsus.
644 2799 733 2854 1⁸5.
776 2795 838 2852 Si
887 2811 989 2851 non
1011 2792 1295 2853 credimus,
1328 2789 1418 2842 ille
1453 2785 1624 2856 ﬁdelis
1655 2789 1945 2851 permanet.

374 2894 536 2967 603
564 2890 624 2947 Si
667 2903 778 2946 non
825 2886 1105 2942 credimus
1160 2882 1304 2953 quod
1361 2874 1682 2938 resurrexit,
1737 2872 1871 2926 nihil
1901 2872 1947 2925 is

379 2960 524 3039 ivnde—
546 2979 760 3035 laeditur
796 2996 810 3031 ε
848 2975 965 3044 ipse
1006 2985 1241 3040 namque
1274 2983 1436 3022 verus
1461 2972 1568 3028 est,
1603 2960 1818 3019 stabilis
1843 2967 1944 3025 est,

378 3078 494 3130 sive
519 3085 849 3129 asseramus,
883 3067 996 3120 sive
1024 3074 1304 3131 negemus.

455 3164 663 3236 Negare
688 3163 915 3228 seipsum
951 3171 1052 3210 non
1081 3160 1271 3224 pomt.
1308 3147 1423 3204 Hoc
1472 3148 1576 3211 est,
1610 3159 1719 3198 non
1778 3147 1957 3212 potest

383 3269 495 3312 non
524 3232 648 3308 esse
683 3268 698 3304 :
734 3263 843 3303 non
869 3246 1028 3301 habet
1045 3251 1296 3297 naturam
1319 3277 1334 3304 ,
1359 3237 1490 3292 utin
1511 3234 1744 3289 nihilum
1776 3232 1954 3285 abeat:

386 3358 599 3414 semper
627 3346 833 3403 manet,
865 3333 1080 3390 etiamsi
1113 3346 1214 3386 nos
1244 3345 1356 3384 non
1407 3323 1957 3382 conﬁteamurillum.

389 3435 622 3493 l‘roinde
640 3447 746 3488 non
765 3430 832 3484 ad
852 3427 1002 3483 illum
1023 3424 1166 3480 venit
1188 3419 1534 3477 commodum
1561 3427 1654 3470 aut
1677 3416 1963 3478 damnum,

391 3531 507 3587 sive
536 3527 891 3598 proﬁteamur
917 3519 1121 3589 ipsum,
1156 3515 1272 3571 sive
1326 3525 1610 3583 negemus,
1651 3521 1842 3563 verum
1893 3505 1959 3560 ad

393 3636 497 3678 nos
526 3627 761 3686 utraque
792 3608 1144 3682 perveniunt.

465 3710 632 3765 Vens.
675 3707 766 3761 14.
795 3702 928 3757 Hac
947 3712 1234 3756 commoue.
1265 3693 1344 3750 Ne
1368 3693 1494 3764 quis
1543 3689 1822 3746 existimet
1877 3686 1969 3742 Ti—

395 3803 672 3858 motheum
695 3798 874 3868 ipsum
907 3795 1006 3849 ista
1028 3789 1235 3846 discere
1262 3793 1538 3857 oportere,
1575 3781 1747 3846 Alios,
1767 3779 1965 3850 inquit,

395 3893 711 3950 admoneas.

471 3980 783 4050 Testiﬁcans
828 3982 1026 4030 coram'
1063 3972 1310 4031 Domino,
1364 3983 1468 4022 non
1509 3967 1818 4019 contendere
1845 3977 1945 4015 veri

2143 3967 2692 4035 Διαμαρτυρόμενος
2719 3964 2984 4019 ἐνώπιον
3031 3963 3137 4019 τοῦ
3181 3963 3423 4031 Κυρίου,
3447 3961 3532 4031 μὴ
3553 3963 3648 4015 λο-

401 4077 477 4131 ιεσ
501 4075 569 4128 ad
589 4073 796 4129 nullam
813 4069 1100 4123 utilitatem
1127 4064 1194 4118 ad
1213 4060 1600 4117 subversiouem
1618 4055 1945 4110 audientium

2074 4059 2359 4132 γομαχεῖν
2399 4061 2485 4124 εις
2519 4057 2703 4111 οὐδὲν
2737 4056 3060 4126 χρήσιμον,
3119 4056 3219 4110 ἐπὶ
3261 4051 3646 4122 καταστρορῂ

402 4107 477 4131 υιο
501 4107 567 4128 uu
589 4107 796 4129 ημιιαηι
814 4107 1100 4123 νιιιιικυνησ
1127 4107 1194 4118 νυν-
1213 4107 1384 4117 νπνννν
1401 4107 1596 4113 --_------
1622 4107 1700 4110 πμ.
1734 4107 1763 4108 η

402 4170 541 4237 Quia
581 4167 831 4235 voluptas
873 4161 1000 4215 huic
1041 4157 1117 4213 rei
1184 4155 1350 4217 inest,
1403 4151 1692 4218 animaque
1733 4146 1945 4200 human:

2076 4107 2194 4206 ἑοῖ
2229 4107 2592 4204 ὅκουόνῖ-ων.
2631 4107 3104 4219 Ἐπεῖδηϋλῖχνίαν
3124 4107 3277 4217 *ἔχει
3393 4107 3648 4216 πράγμα,

404 4234 682 4329 nunquam
708 4234 816 4309 non
847 4250 997 4320 cupit
1024 4247 1300 4318 inquirere
1350 4251 1514 4313 atque
1540 4241 1719 4296 verbis
1743 4244 1942 4292 conten

2082 4241 2177 4294 καὶ
2231 4241 2321 4292 ἀεὶ
2366 4237 2616 4308 βούλεται
2656 4235 3034 4306 ἡάνορωπίνη
3086 4235 3230 4305 ψυχὴ
3281 4234 3531 4304 συζητεῖν
3556 4235 3650 4286 καὶ

402 4325 580 4413 dere,
617 4348 725 4413 'l‘u,
769 4345 967 4413 inquit,
989 4340 1126 4411 ipsis
1171 4337 1464 4393 testiﬁcare
1493 4347 1677 4388 coram
1723 4331 1852 4393 Deo,
1907 4343 1945 4380 nl

2081 4330 2428 4400 λογομαχεῖν,
2457 4328 2552 4392 Σὺ,
2594 4327 2748 4396 φησὶ,
2798 4327 3171 4398 διαμαρτύρου
3211 4326 3392 4389 αὐτοῖς
3425 4325 3657 4377 ὲνὼπιον

408 4443 518 4495 sint
572 4437 898 4493 contentiosi
933 4452 948 4488 :
996 4433 1101 4488 hoc
1120 4437 1227 4494 est,
1257 4428 1490 4498 praecipe
1519 4423 1672 4492 ipsis,
1701 4421 1754 4475 in
1777 4428 1945 4474 testen

2081 4423 2175 4477 τοῦ
2209 4420 2365 4484 Θεοῦ,
2421 4419 2495 4488 μὴ
2528 4417 2851 4512 λογομαχεῖν
2875 4436 2889 4449 ·
2950 4419 3072 4472 ἀντὶ
3131 4418 3248 4484 τοῦ,
3284 4416 3656 4487 Παράγγελλε,

410 4531 580 4584 Deum
609 4539 918 4589 assumens,
980 4530 1043 4575 ut
1069 4519 1246 4575 sciant
1279 4508 1427 4586 quod
1455 4514 1502 4568 si
1549 4521 1604 4566 te
1626 4518 1943 4578 eontempse

2091 4516 2344 4585 μάρτυρα
2377 4509 2820 4582 παραλαμϐάνων
2851 4511 2941 4564 τὸν
2971 4511 3125 4578 Θεὸν,
3168 4513 3255 4565 ἵνα
3305 4511 3541 4571 είδῶσιν,
3575 4507 3661 4562 ὃτι

411 4624 547 4686 rint,
605 4618 699 4672 ille
729 4631 827 4671 eos
889 4607 1183 4682 iudicabit.
1255 4607 1370 4660 Non
1418 4605 1598 4660 solum
1644 4603 1789 4657 enim
1838 4599 1945 4653 nilti

2091 4605 2185 4660 ἐὰν
2221 4619 2316 4656 σου
2355 4599 2790 4670 καταφρονῶσιν,
2843 4599 3048 4663 ἐκεῖνος
3096 4600 3294 4663 αὐτοὺς
3328 4600 3526 4670 κρινεῖ.
3579 4599 3658 4650 Οὐ

413 4712 635 4783 prodest
687 4704 978 4761 verborum
1022 4715 1222 4772 pugna,
1269 4711 1446 4767 neque
1502 4694 1797 4765 quidquam
1843 4691 1945 4744 luci

2096 4695 2254 4767 μόνον
2278 4691 2386 4762 γὰρ
2589 4689 2911 4783 χρησιμεύει
2939 4693 2971 4760 ἡ
2999 4689 3320 4761 λογομαχία,
3355 4690 3477 4744 οὐδὲ
3505 4688 3662 4758 φέρει

413 4804 592 4868 aﬂ’ert,
614 4813 800 4856 verum
818 4796 979 4852 etiam
1016 4807 1272 4864 magnum
1309 4789 1692 4846 detrimentum
1718 4785 1840 4840 inde
1869 4783 1945 4838 ori

2091 4801 2145 4838 τι
2172 4783 2386 4855 κέρδος,
2416 4779 2554 4835 ἀλλὰ
2580 4781 2673 4834 καὶ
2699 4779 2868 4868 βλάϐη
2900 4780 3067 4851 πολλὴ
3089 4781 3318 4849 γίνεται.
3345 4779 3667 4847 Καταστρέ-

415 4906 526 4950 tur.
555 4889 897 4948 Subvertitur
924 4885 1068 4940 enim
1096 4883 1408 4939 auditorum
1433 4880 1588 4944 ﬁdes,
1618 4875 1779 4931 veluti
1816 4872 1945 4927 turri

2093 4892 2252 4946 φεται
2279 4875 2389 4943 γὰρ
2420 4874 2453 4944 ἠ
2486 4871 2668 4934 πίστις
2698 4867 2809 4924 τῶν
2842 4871 3168 4938 ἀκουόντων,
3193 4869 3383 4943 ὥσπερ
3411 4887 3495 4934 τις
3521 4868 3667 4940 πύρ-

419 4989 620 5056 aliqua,
642 4978 1074 5051 disputationum
1099 4975 1404 5047 phalangis.

2090 4983 2209 5036 γος,
2241 4965 2350 5018 ὑπὸ
2387 4961 2596 5034 μοχλῶν
2631 4978 2793 5015 τινων
2829 4961 2936 5016 τῶν
2975 4961 3343 5031 συζητὴσεων.

490 5052 658 5130 Vens.
684 5071 771 5126 15.
805 5068 1043 5125 Sollicite
1065 5082 1192 5121 cura
1208 5067 1421 5134 teipsum
1443 5061 1718 5131 probatum
1747 5055 1945 5111 exhibet

2170 5056 2528 5111 Σπούδασον
2557 5053 2819 5106 σεαυτὸν
2853 5052 3104 5122 δόκιμον
3142 5053 3532 5122 παραστῆσαι
3584 5053 3665 5118 τῷ

424 5170 557 5231 Deo,
592 5164 894 5234 operarium
926 5156 1374 5227 inconfusibilem.
1438 5153 1828 5220 Interpretatur
1854 5161 1945 5217 qut

2098 5147 2237 5213 Θεῷ,
2272 5145 2526 5216 ἐργάτην
2552 5144 3060 5214 ἀνεπαίσχυντον.
3100 5145 3420 5215 Ἐρμηνεύει
3447 5145 3561 5208 πῶς
3598 5145 3667 5198 ἂν

425 5259 589 5315 modo
614 5257 877 5328 probatus
929 5251 1045 5316 ﬁat,
1075 5247 1338 5302 nimirum
1375 5243 1421 5298 si
1470 5240 1754 5310 cperarius
1807 5237 1881 5293 sit
1909 5239 1945 5292 ii

2098 5241 2316 5309 δόκιμος
2336 5237 2564 5328 γένοιτο.
2584 5237 2631 5288 εί
2661 5235 2896 5306 ἐργάτης
2917 5236 3339 5307 ἁνεπαίσχυντος
3365 5237 3450 5306 εἴη
3478 5251 3491 5265 ⁸
3511 5242 3669 5289 τοῦτ-

2097 5331 2266 5393 έοτιν,
2297 5330 2344 5380 εἰ
2376 5326 2541 5396 μηδὲν
2573 5325 2681 5379 τῶν
2707 5327 2789 5389 είς
2837 5326 3119 5382 εὐσέϐειαν
3145 5327 3382 5398 ἡκόντων
3398 5327 3669 5397 ἐπαισχύ-

2100 5436 2247 5472 νεται
2315 5416 2506 5470 ποιεῖν.
2571 5415 2728 5470 Οὕτω
2774 5417 2882 5489 γὰρ
2933 5417 3312 5489 εὐδοκιμήσεις
3367 5417 3522 5489 παρὰ
3590 5415 3671 5486 ’ἰῷ

2133 2791 2203 2842 El
2237 2784 2631 2854 ἀπιστοῦμεν,
2662 2779 2893 2846 ἐκεῖνος
2946 2776 3161 2842 πιστὸς
3197 2773 3382 2844 μένει.
3417 2773 3479 2826 Et
3505 2773 3637 2825 ἀπι-

2062 2881 2296 2950 στοῦμεν
2338 2879 2420 2933 δτι
2473 2876 2696 2944 ἀνέστη,
2725 2871 2879 2926 οὐδὲν
2911 2871 3019 2924 ἀπὸ
3071 2867 3266 2922 τούτου
3316 2865 3632 2936 βλάπτεται.

2071 2973 2312 3034 Ἐκεῖνος
2354 2969 2467 3039 γὰρ
2507 2967 2718 3037 ἀληθής
2759 2966 2900 3028 ἐστι,
2948 2961 3165 3032 βέϐαιός
3211 2961 3380 3023 ἐστιν,
3441 2956 3533 3009 ἐάν
3576 2971 3636 3008 τε

1983 3101 2025 3159 C
2066 3061 2336 3132 εἴπωμεν,
2357 3060 2422 3114 ἄν
2449 3076 2506 3112 τε
2539 3059 2613 3128 μὴ
2647 3056 2913 3125 εἴπωμεν.

2166 3150 2562 3220 Ἆρνήσασθαι
2591 3146 2809 3200 ἑαυτὸν
2833 3146 2904 3198 οὐ
2933 3143 3200 3197 δύναται.
3231 3140 3540 3205 Τουτέστιν,
3567 3139 3635 3193 οὔ

2067 3245 2289 3299 δύναται
2343 3241 2419 3314 μὴ
2457 3236 2616 3294 εἶναι.
2649 3238 2764 3294 Οὐκ
2815 3236 2929 3307 ἔχει
2963 3235 3126 3304 φύσιν
3157 3234 3236 3296 εἰς
3265 3233 3324 3286 τὸ
3352 3231 3426 3303 μὴ
3461 3231 3521 3284 ὃν
3541 3232 3641 3284 αὑ-

2069 3337 2159 3390 τὸν
2190 3335 2477 3406 χωρῆσαι·
2505 3331 2594 3386 aet
2643 3329 2815 3400 μένει,
2858 3327 2960 3381 κᾶν
2984 3327 3147 3396 ἡμεῖς
3187 3325 3262 3394 μὴ
3286 3323 3642 3393 ὁμολογῶμεν

2070 3425 2256 3480 αὐτόν.
2295 3425 2456 3477 ’Ὥστε
2485 3424 2588 3476 οὐκ
2622 3422 2701 3483 είς
2727 3420 2932 3472 ἐκεῖνον
2951 3417 3168 3488 ἔρχεται
3202 3417 3236 3486 ἡ
3269 3414 3506 3480 ὠφέλεια
3543 3413 3576 3484 ἢ
3607 3415 3642 3483 ὴ

2071 3516 2265 3587 βλάϐη,
2305 3515 2407 3570 κᾶν
2431 3531 2492 3567 τε
2532 3510 2904 3582 ὁμολογῶμεν,
2939 3509 3041 3563 κᾶν
3083 3524 3140 3562 τε
3176 3505 3490 3578 ἁρνώμεθα,
3526 3505 3648 3559 ἀλλ’

2070 3609 2148 3670 είς
2190 3607 2338 3676 ἡμᾶς
2361 3605 2666 3675 ἀμφότερα.

2145 3695 2342 3750 Ταῦτα
2383 3694 2823 3762 ὐπομίμνησκε.
2853 3692 2970 3744 Ἵνα
2998 3690 3070 3760 μή
3103 3708 3186 3755 τις
3215 3689 3410 3760 νομίσῃ
3442 3688 3523 3742 ὅτι
3549 3687 3640 3742 αὖ·

2071 3790 2162 3852 τὸς
2187 3789 2215 3840 ό
2251 3785 2516 3856 Τιμόθεος
2545 3785 2713 3837 ἐδεῖτο
2737 3781 2911 3836 ταῦτα
2938 3781 3274 3852 διδαχθῆναι,
3305 3781 3473 3851 φησί·
3504 3781 3642 3842 Τοὺς

2072 3879 2266 3941 ἄλλους
2299 3876 2712 3945 ὐπομίμνησκε.

426 5343 756 5415 confusibilis
790 5357 806 5394 :
837 5339 942 5395 hoc
971 5344 1080 5398 est,
1112 5335 1158 5387 si
1208 5334 1387 5402 ipsum
1440 5329 1575 5388 nihil
1623 5343 1814 5383 eorum
1869 5341 1991 5397 qua:

426 5445 493 5495 ad
549 5440 803 5507 pietatem
863 5431 1158 5502 pertinent,
1203 5425 1379 5479 facere
1433 5423 1652 5492 pudeat.
1709 5422 1801 5476 Sic
1846 5421 1990 5477 enim

503 5552 548 5582 δ’
578 5549 599 5603 Ι
624 5547 752 5601 Cor.
784 5561 874 5608 xv,
905 5544 992 5597 51.
1071 5540 1116 5572 ⁸³
1146 5536 1339 5595 Matth.
1374 5536 1540 5605 3,33.
1623 5555 1632 5562 ·

1772 5627 1975 5692 Varias
2018 5627 2352 5694 lectiones.

505 5722 548 5753 ¹⁹
568 5721 630 5773 τὸ
648 5717 943 5790 μυστήριον
970 5714 1128 5769 τοῦτο
1147 5729 1200 5769 o.
