4006 6214
391 327 498 393 109

1145 323 1552 414 EXPOSITIO
1586 321 1674 383 1N
1707 319 1951 381 EPIST.
1989 321 2050 378 ιι
2087 321 2188 380 AD
2217 323 2539 389 TIMOTH.
2561 320 2814 394 —CAP.'
2855 333 2938 397 II.

3562 343 3669 406 110

382 443 635 514 Λεσπότῃ
663 483 679 510 ,
706 441 887 496 πάντα
913 440 1282 510 ὑφιστάμενος
1312 439 1452 510 ὑπὲρ
1477 436 1666 501 αὑτοῦ,
1697 436 1877 494 πάντα
1896 435 1958 505 ὲρ

2097 435 2358 503 probatus
2387 440 2499 495 eris
2525 443 2667 512 apud
2708 443 3022 513 Dominum,
3056 449 3104 505 si
3141 452 3325 507 omnia
3354 454 3477 525 eius
3497 473 3666 516 causa

385 537 722 608 γαζόμενος.
765 531 1054 603 Πανταχοῦ
1092 531 1149 584 δὲ
1179 531 1382 602 πολλὴν
1429 531 1558 602 περὶ
1587 530 1686 599 τῆς
1716 528 1962 600 αἰσχύνης

2091 528 2392 596 sustineas,
2420 534 2604 586 omnia
2624 538 2903 604 opereris.
2956 539 3170 613 Ubique
3227 553 3411 602 autem
3471 551 3666 606 sedqu

387 631 635 684 ποιεῖται
662 627 766 698 τὴν
808 625 1072 697 σπουδὴν,
1097 624 1232 679 διότι
1265 625 1376 687 τοῖς
1408 622 1626 686 πολλοῖς
1659 622 1889 692 αἰσχύνη
1910 616 1962 692 ἧι

2085 620 2418 676 mentionem
2482 625 2611 679 facit
2654 628 2880 694 pudoris
2898 645 2964 687 eo
3002 635 3147 703 quod
3181 638 3370 695 multis
3434 641 3668 712 ignomi-

386 722 533 775 καὶὸ
571 719 809 790 σταυρὸς
832 716 929 771 τοῦ
964 717 1225 788 Χριστοῦ,
1255 717 1350 770 καὶ
1389 715 1451 767 τὸ
1490 716 1755 785 κήρυγμα
1787 713 1976 782 αὐτοῦ,

381 811 463 874 ὡς
496 809 764 864 ἰδιωτικόν
783 823 798 838 ·
831 808 927 862 καὶ
958 807 1113 860 αὐτοὶ
1139 807 1190 860 οἱ
1219 806 1505 860 ἀπόστολοι
1537 843 1552 870 ,
1584 807 1661 867 ὡς
1715 805 1975 870 εὐτελεῖς,

383 903 483 954 καὶ
504 901 572 954 τὰ
599 901 807 970 ἔσχατα
831 899 1156 970 πάσχοντες.
1181 897 1254 949 Σὺ
1280 896 1398 964 οὖν,
1423 897 1578 967 φησι,
1611 895 1687 968 μὴ
1711 896 1944 967 ἐπαισχύ
1962 927 1976 936 -

385 1011 502 1047 νου.

470 1079 944 1151 Ὀρθοτομοῦντα
986 1078 1094 1133 τὸν
1120 1079 1308 1148 λόγον
1335 1077 1448 1146 τῆς
1477 1079 1789 1146 ἀληθείας.
1834 1078 1972 1132 Πολ--

382 1176 472 1228 λοι
512 1175 622 1245 γὰρ
654 1171 1026 1244 παρασπῶσιν
1055 1169 1220 1224 αὐτὸν
1256 1170 1351 1223 καὶ
1396 1170 1784 1240 παρέλκουσιν,
1835 1171 1973 1224 ἀλλὰ

383 1267 452 1319 σὺ
489 1264 625 1335 πρὸς
661 1264 723 1316 τὸ
752 1263 912 1331 ὀρθὸν
943 1262 1065 1327 ἄγε.
1103 1259 1177 1316 Ἦ
1209 1261 1396 1332 ἐπειδὴ
1427 1263 1528 1316 οὐκ
1569 1258 1742 1327 εἶπεν,
1787 1264 1974 1320 ἀπευ-

377 1358 672 1421 θύνοντα,
711 1355 841 1410 ἄλλο
863 1373 917 1409 τι
946 1355 1149 1409 δέδωκε
1202 1357 1363 1410 νοεῖν.
1398 1355 1609 1425 Ὠσπερ
1643 1355 1736 1408 ἐπὶ
1771 1355 1974 1425 δέρμα-

378 1449 477 1512 τὸς
505 1465 655 1512 τινος
677 1447 769 1501 καὶ
793 1447 1021 1518 ίμάντος
1050 1448 1285 1519 περιττά
1305 1464 1431 1502 τινα
1458 1449 1553 1501 καὶ
1577 1447 1708 1500 νόθα
1732 1447 1968 1518 ἔχοντος,

376 1539 593 1610 Τέμνε,
633 1538 788 1610 φησὶ,
843 1540 911 1594 τά
938 1539 1199 1612 ἀλλότρια
1237 1541 1302 1593 ὲκ
1331 1539 1426 1592 τοῦ
1458 1539 1839 1610 κηρύγματος,
1875 1541 1969 1594 καὶ

379 1633 620 1684 ἑκκοπτε
651 1635 716 1702 τῇ
749 1632 998 1703 μαχαίρᾳ
1031 1632 1126 1686 τοῦ
1148 1631 1332 1700 λόγου.

457 1722 566 1787 Τὰς
586 1720 656 1774 δὲ
670 1721 982 1789 βεϐήλους
1007 1722 1379 1792 κενοφωνίας
1394 1722 1773 1791 περιίστασο.
1791 1722 1966 1775 Tom:-

377 1814 494 1866 ἐστι
518 1854 535 1879 ,
576 1813 872 1883 παραιτοῦ.
918 1813 1201 1885 Πανταχοῠ
1237 1814 1295 1868 δὲ
1349 1815 1378 1867 ό
1408 1815 1681 1885 μακάριος
1714 1814 1969 1884 Ἰωάννης

377 1902 743 1970 κενοφωνίας,
773 1902 872 1966 τὰς
904 1903 1258 1973 καινοτομίας
1294 1903 1479 1958 δίδωσι
1517 1906 1682 1958 νοεῖν.
1725 1903 1880 1967 Τινὲς
1912 1904 1969 1957 δὲ

380 1995 465 2055 τὸ,
500 1992 846 2063 περιίστασο,
882 1993 1160 2060 ἀντιτοῦ,
1209 1995 1488 2066 περισσῶς
1531 1997 1745 2062 ἵστασο,
1798 1996 1880 2058 είς
1908 1994 1970 2048 τὸ

390 2085 600 2140 παῦσαι
626 2085 720 2140 καὶ
752 2085 1022 2152 κωλῦσαι,
1050 2085 1288 2142 νοοῦσινο
1331 2088 1468 2158 ὅπερ
1494 2089 1594 2142 οὐκ
1619 2088 1790 2142 ἐστιν.

469 2328 598 2382 Ἐπί
635 2328 851 2383 πλεῖον
905 2329 1014 2399 γὰρ
1043 2334 1470 2402 προκόψουσιν
1511 2335 1813 2403 ἀσεϐείας.
1853 2341 1965 2394 Καὶ

379 2423 415 2473 ὀ
455 2422 641 2490 λόγος
669 2421 888 2490 αὐτῶν,
920 2423 1001 2488 ὡς
1032 2422 1379 2494 γάγγραινα,
1419 2426 1618 2496 νομὴν
1637 2429 1965 2493 ἔξει.’Δκά-

378 2514 600 2580 Θεκτον,
635 2514 822 2584 φησιν,
845 2515 966 2568 ἐστὶ
1007 2515 1069 2569 τὸ
1095 2516 1290 2582 κακὸν,
1327 2519 1511 2573 οὐκέτι
1550 2521 1796 2592 ἰατρείαν
1815 2521 1966 2592 δεχό-

376 2622 569 2678 μενον.
628 2605 701 2660 Τὸ
756 2607 862 2660 πᾶν
915 2608 1025 2679 γὰρ
1069 2607 1457 2680 λυμαίνονται,
1497 2613 1596 2666 καὶ
1647 2613 1964 2685 ἀδιόρθωτοί

376 2698 508 2751 τίσι.
543 2697 864 2768 Γάγγραινα
904 2703 1014 2771 γάρ
1039 2701 1254 2773 νόσημά
1301 2704 1418 2756 ἐστι
1465 2705 1768 2774 σηπεδόνας
1795 2708 1963 2778 ἐγρα-

383 2790 634 2862 ζόμενον,
663 2791 757 2846 καὶ
785 2791 854 2847 τὰ
882 2793 1070 2865 κύκλῳ
1096 2795 1520 2866 ἐπινεμόμενον.

483 2971 574 3023 Ων
594 2969 762 3024 ἐστιν
790 2970 1105 3042 ’Υμέναιος
1126 2973 1226 3026 καί
1259 2975 1517 3042 Φιλητός
1542 2991 1555 3003 °
1590 2977 1807 3044 οἵτινες
1829 2981 1962 3048 περὶ

376 3059 496 3129 τὴν
523 3062 816 3132 ἀλήθειαν
835 3065 1219 3135 ἠστόχησαν,
1242 3067 1523 3137 λέγοντες
1545 3057 1662 3137 τὴν·
1689 3069 1961 3125 ἀνάστα-

381 3165 490 3206 σιν
520 3153 636 3222 ἤδη
668 3156 1002 3226 γεγονέναι,
1041 3158 1144 3212 καὶ
1193 3159 1602 3228 ἀνατρέπουσι
1634 3161 1751 3227 τήν
1782 3180 1962 3218 τινων

378 3245 608 3300 πίστιν.
645 3249 844 3313 Καλῶς
871 3249 1130 3321 ἀνωτέρω
1158 3247 1278 3304 εἷπε
1304 3251 1387 3318 τὸ,
1430 3253 1554 3306 Ἐπὶ
1582 3252 1797 3308 πλεῖον
1813 3271 1962 3323 προ·

375 3337 688 3404 κόψουσιν
737 3340 1038 3405 ἀσεϐείας.
1087 3343 1246 3395 Δοκεῖ
1277 3343 1376 3412 μὲν
1438 3347 1548 3414 γὰρ
1587 3344 1748 3399 τοῦτο
1798 3346 1961 3416 μόνον

374 3423 515 3484 εἶναι
573 3431 634 3483 τὸ
664 3430 859 3498 δεινὸν,
895 3433 958 3485 τὸ
1012 3433 1142 3504 περὶ
1188 3435 1288 3504 τῆς
1345 3436 1699 3499 ἀναστάσεως
1739 3453 1755 3468 ο
1787 3438 1961 3492 πολλὰ

377 3520 566 3589 μέντοι
601 3523 660 3589 ἐξ
692 3523 859 3577 αὐτοῦ
888 3525 1155 3580 τίκτεται.
1213 3526 1278 3579 Ei
1309 3526 1420 3598 γὰρ
1447 3528 1481 3597 ἡ
1527 3527 1825 3592 ἀνάστασις
1855 3531 1960 3602 ἤδη

375 3613 626 3679 γέγονεν,
683 3614 952 3686 ἀνῄρηται
982 3618 1015 3688 ἡ
1044 3617 1226 3688 κρίσις
1252 3619 1348 3671 καὶ
1390 3620 1425 3688 ὴ
1457 3619 1838 3685 ἁνταπόδοσις,
1865 3623 1962 3675 καὶ

373 3703 422 3755 οἱ
451 3705 551 3773 μὲν
585 3705 784 3774 ἀγαθοὶ
816 3707 1132 3762 ἀπέλαυσαν
1162 3710 1364 3764 ὀδυνῶν
1411 3712 1506 3765 καὶ
1537 3711 1800 3782 θλίψεωνο
1829 3715 1879 3767 oi
1904 3715 1962 3768 δὲ

377 3795 571 3863 φαῦλοι
593 3799 980 3870 ’ἐκολάσθησαν
1011 3803 1056 3833 ³ο
1085 3801 1426 3872 τρυφῶντες.
1473 3807 1583 3860 Καὶ
1602 3807 1752 3860 τίδεῖ
1771 3807 1960 3861 λοιπὸν

376 3886 600 3956 ἀρετῆς,
652 3888 702 3940 εί
733 3889 792 3940 ai
841 3891 1070 3959 ἀμοιϐαὶ
1099 3893 1390 3960 τοιαῦταις
1439 3896 1554 3949 Οὐκ
1611 3891 1734 3949 εἶπε
1767 3897 1846 3962 δὲ,
1876 3899 1958 3952 ὅτι

375 3977 472 4046 τὴν
526 3979 748 4034 πάντων
778 3981 984 4047 πίστιν,
1014 3984 1170 4052 ἀλλὰ,
1197 3988 1298 4054 τὴν
1333 3987 1517 4052 τινῶν,
1547 3989 1814 4056 τουτέστι,
1850 3989 1958 4044 τῶν

378 4071 746 4149 σαθροτέρων.
783 4075 1069 4149 Ἐπιφέρει
1090 4077 1206 4130 οὖν’

457 4257 521 4311 Ὅ
544 4259 754 4327 μέντοι
784 4261 1032 4330 στερεὸς
1056 4264 1330 4334 θεμέλιος
1377 4266 1483 4321 τοῦ
1516 4267 1666 4323 Θεοῦ
1711 4269 1952 4340 ἕστηκε.

380 4350 448 4403 ὀ
477 4351 647 4419 λέγει,
697 4353 940 4408 τοιοῦτόν
983 4357 1132 4408 ἐστιν
1153 4370 1166 4383 '
1200 4357 1275 4410 Οὐ
1306 4357 1512 4423 πάντες
1543 4360 1953 4434 ἀνετράπησαν,

2084 707 2239 764 niosa
2285 727 2375 768 res
2404 714 2691 793 videbatur
2715 727 2770 774 et
2817 736 2951 776 crux
2996 724 3225 792 Christi,
3268 738 3322 784 et
3347 707 3664 800 praedicatio

2080 801 2236 870 ejus,
2269 814 2454 875 utpote
2499 823 2621 878 quae
2673 814 2828 868 rudis
2889 827 3057 882 erat,
3111 829 3278 891 atque
3336 823 3440 892 ipsi
3496 828 3662 882 etiam

2083 896 2314 964 apostoli
2345 935 2360 960 ,
2439 913 2542 954 ceu
2607 907 3083 976 contemptibiles,
3181 920 3349 983 atque
3417 926 3663 974 extrema

2080 989 2251 1054 passi.
2313 989 2393 1044 Tu
2449 992 2640 1063 igitur,
2709 997 2924 1067 inquit,
2961 1017 3037 1056 ne
3069 1004 3269 1060 rubore
3299 1008 3658 1067 suﬂ'undaris.

2152 1078 2311 1134 Recte
2331 1091 2654 1139 tractantem
2675 1090 2881 1144 verbum
2905 1095 3166 1149 veritatis.
3211 1097 3468 1167 Plerique
3513 1103 3660 1156 enim

2078 1168 2940 1250 divelluntettorquentipsuin;
2996 1192 3052 1238 tu
3120 1202 3248 1242 vero
3301 1189 3368 1243 ad
3417 1190 3470 1247 id
3513 1197 3658 1263 quod

2079 1268 2288 1336 rectum
2342 1272 2426 1320 est
2477 1268 2756 1326 adducito.
2791 1271 2886 1328 Vel
2908 1277 3033 1343 quia
3076 1292 3183 1332 non
3229 1279 3391 1344 dixit,
3421 1283 3659 1355 dirigen-

2077 1359 2202 1420 tem,
2247 1354 2395 1410 aliud
2419 1357 2678 1426 quiddam
2706 1363 2864 1418 nobis
2895 1365 3308 1438 intelligendum
3342 1374 3511 1430 dedit.
3534 1354 3659 1430 Vel-

2076 1445 2155 1498 uti
2175 1448 2321 1502 enim
2356 1449 2425 1505 de
2469 1453 2609 1522 pelle
2639 1457 2897 1526 quapiam
2935 1468 2988 1514 et
3039 1461 3176 1526 loro,
3205 1465 3481 1534 superﬂua
3508 1485 3657 1538 qua--

2075 1533 2200 1589 dam
2237 1549 2292 1594 et
2320 1554 2577 1613 corrupta
2613 1549 2950 1615 continente,
3010 1551 3054 1605 A
3113 1533 3654 1622 praedicatione—tua

2074 1628 2252 1683 aliena
2283 1629 2567 1701 abscinde,
2627 1635 2828 1707 inquit,
2858 1650 2912 1694 et
2965 1643 3112 1698 verbi
3179 1647 3360 1716 gladio
3421 1651 3653 1707 disset-n.

2146 1718 2315 1778 Vsus.
2348 1723 2434 1779 16.
2467 1724 2708 1794 Profana
2765 1739 2940 1784 autem
2976 1734 3305 1805 inaniloquia
3336 1737 3655 1795 deoitaJlou

2072 1818 2180 1876 est,
2209 1829 2486 1872 aversarc.
2516 1816 2730 1889 Ubique
2761 1831 2942 1877 autem
2992 1823 3406 1896 Clzrysostomus
3426 1849 3523 1902 pro
3563 1853 3655 1889 κε·

2071 1907 2339 1974 νοφωνίας
2366 1947 2381 1972 ,
2448 1908 2500 1962 id
2563 1920 2681 1978 est,
2735 1917 3179 1987 vaniloquentias
3207 1961 3225 1987 ,
3260 1927 3650 1996 καινοτομίας,

2071 1994 2177 2050 hoc
2198 2007 2306 2063 est,
2349 2014 2550 2056 vocum
2617 2004 2702 2058 vel
2737 2021 2919 2062 rerum
2967 2025 3235 2066 novarum
3274 2016 3516 2071 studium
3569 2021 3653 2071 in-

2070 2087 2421 2158 tetligendum
2487 2093 2685 2150 innuit.
2763 2097 3024 2154 Nonnulli
3096 2111 3304 2170 autem,
3364 2108 3658 2177 περιίστα-

2071 2193 2183 2242 στο,
2215 2193 2337 2248 pro,
2365 2180 2700 2250 valdcinsta,
2729 2194 3024 2245 utccssare
3044 2191 3221 2249 facias
3248 2203 3301 2250 et
3331 2197 3649 2265 prohibeas,

2070 2270 2351 2340 accipiunt
2388 2274 2570 2342 :qnod
2596 2291 2730 2333 sane
2760 2295 2870 2333 non
2905 2283 3188 2340 convenit.

2140 2357 2310 2415 Vsus.
2331 2359 2419 2415 17.
2447 2364 2528 2416 Ad
2544 2366 2798 2434 majorem
2818 2372 2960 2423 enim
2997 2372 3320 2440 impietatem
3340 2381 3648 2450 proficient.

2066 2450 2232 2523 604
2263 2453 2501 2518 Quorum
2524 2472 2696 2510 sermo
2748 2470 2805 2512 ut
2836 2478 3026 2516 cancer
3072 2467 3253 2534 serpit.
3283 2467 3482 2526 Malum
3545 2483 3651 2540 est,

2069 2542 2270 2612 inquit,
2290 2544 2436 2614 quod
2466 2546 2709 2603 cohiberi
2741 2565 2852 2605 non
2897 2554 3094 2622 possit,
3145 2571 3248 2612 nec
3282 2559 3516 2617 ulterius
3547 2580 3654 2618 me-

2068 2632 2307 2690 dicinam
2351 2637 2595 2693 admittit
2625 2657 2640 2694 :
2676 2655 2801 2696 nam
2832 2647 3015 2700 omnia
3043 2655 3279 2716 vastant,
3333 2665 3387 2707 et
3415 2664 3544 2710 sunt
3565 2657 3654 2709 in-

2069 2725 2432 2795 corrigibiles.
2497 2728 2712 2786 Cancer
2764 2735 2910 2788 enim
2977 2738 3204 2794 morbus
3280 2749 3364 2796 est
3403 2746 3650 2814 putredi-

2069 2828 2194 2869 nem
2263 2816 2526 2884 cllicicns,
2579 2819 2826 2890 adeoque
2893 2827 3258 2884 circumcirca
3311 2835 3496 2889 omnia
3554 2838 3650 2892 de-

2068 2919 2323 2976 pascens.

2141 2996 2308 3056 Vnus.
2345 3000 2433 3055 18.
2473 3000 2560 3056 Ea:
2605 3005 2792 3073 quibus
2836 3018 2915 3061 est
2958 3009 3276 3079 Hymena’us
3302 3023 3356 3069 et
3388 3014 3645 3076 Philetas.

2067 3087 2227 3154 Quia
2266 3095 2487 3148 veritate
2518 3097 2849 3165 exciderunt,
2901 3102 3132 3157 dicentes
3208 3112 3646 3166 resurrectionem

2058 3180 2178 3250 jam
2201 3183 2404 3252 factam
2447 3202 2585 3253 esse,
2613 3204 2676 3242 ac
2711 3191 3019 3246 subvertant
3045 3197 3404 3262 quorumdam
3463 3202 3644 3270 fidem.

2064 3275 2232 3334 Recte
2293 3280 2460 3349 paulo
2495 3285 2802 3354 antedixit,
2857 3287 2938 3341 Ad
3001 3291 3259 3359 majorem
3323 3297 3646 3366 impietatem

2061 3366 2358 3435 proﬁcient.
2392 3367 2624 3425 Videtur
2651 3372 2795 3427 enim
2852 3375 3056 3453 malum
3095 3377 3202 3436 hoc
3249 3381 3474 3438 unicum
3502 3401 3642 3453 esse,

2063 3456 2209 3524 quod
2244 3455 2313 3511 de
2337 3458 2740 3516 resurrectione
2787 3449 3150 3520 disseminant
3182 3483 3196 3521 :
3251 3471 3423 3527 multa
3460 3449 3642 3530 tamen

2062 3561 2130 3602 ex
2158 3561 2224 3601 eo
2247 3546 2353 3601 alia
2375 3547 2615 3605 absurda
2647 3563 2971 3609 nascuntur.
3017 3555 3075 3611 Si
3115 3559 3262 3614 enim
3307 3568 3645 3623 resurrectio

2057 3639 2170 3711 jam
2199 3639 2344 3695 facta
2374 3647 2481 3706 est,
2507 3641 2782 3699 sublatum
2810 3653 2893 3700 est
2918 3647 3188 3718 judicium
3245 3661 3301 3709 et
3328 3658 3642 3726 retributio,

2061 3739 2118 3788 et
2147 3733 2274 3788 boni
2327 3735 2550 3805 quidem
2613 3736 2707 3792 hic
2770 3740 3082 3797 retulerunt
3109 3757 3379 3804 mmrores
3405 3759 3461 3806 et
3509 3754 3644 3808 allii-

2063 3826 2276 3882 etiones
2313 3844 2326 3879 :
2365 3827 2523 3897 pravi
2557 3843 2708 3892 vero,
2753 3845 2853 3900 per
2885 3833 3112 3891 delicias
3168 3837 3380 3896 scilicet
3426 3857 3493 3899 ac
3547 3860 3642 3901 vc-

2064 3913 2326 3984 luptates,
2355 3915 2532 3986 puniti
2555 3929 2704 3971 sunt.
2735 3918 2876 3984 Quid
2908 3920 3095 3990 itaque
3135 3923 3339 3979 virtute
3369 3943 3510 3997 opus
3535 3939 3640 3996 est,

2063 4005 2112 4060 si
2142 4006 2456 4077 hujusmodi
2486 4006 2599 4064 sint
2631 4011 3157 4066 relnunerationes?
3178 4013 3296 4069 Non
3344 4017 3484 4072 dixit
3542 4036 3645 4074 au-

2063 4105 2211 4164 tem,
2269 4099 2516 4153 omnium
2577 4099 2762 4166 tidem,
2829 4093 2962 4166 Sed,
3013 4108 3384 4175 quorumdam,
3449 4125 3646 4180 nempe

2060 4187 2408 4242 debilior-um.
2429 4187 2596 4244 infert
2630 4189 2833 4260 igitur:

2135 4275 2303 4334 Vens.
2336 4278 2425 4334 19.
2474 4277 2580 4334 Sed
2615 4278 2840 4348 firmum
2899 4279 3309 4350 fundamentum
3359 4285 3460 4341 Dei
3513 4300 3644 4344 stat.

2062 4369 2222 4436 Quod
2278 4372 2434 4440 dicit,
2497 4385 2584 4429 est
2613 4374 2930 4444 liujusmodi
2964 4393 2978 4429 :
3010 4373 3132 4431 Non
3180 4391 3371 4434 omnes
3393 4381 3643 4438 subversi

370 4440 491 4497 ἀλλ’
548 4444 600 4494 οἱ
632 4443 899 4499 ἁϐἐὸαιοι.
933 4446 998 4498 Ei
1032 4445 1141 4517 γάρ
1173 4447 1249 4519 μὴ
1297 4449 1530 4504 τοιοῦτοι
1568 4447 1730 4522 ἦσαν,
1760 4457 1859 4509 οὐκ
1890 4457 1957 4511 ἂν

2076 4469 2216 4528 sunt,
2251 4460 2348 4516 sed
2383 4440 2940 4521 instabilesvtantum.
3009 4466 3127 4523 Nisi
3158 4471 3304 4525 enim
3339 4473 3478 4529 tales
3512 4474 3646 4531 tuis.

375 4536 705 4591 κατέπεσον.
725 4537 941 4609 Ὠσπερ
978 4540 1102 4593 οὐδὲ
1128 4543 1158 4594 ό
1194 4541 1366 4612 Ἀδὰμ
1393 4543 1502 4614 πρὸ
1524 4545 1622 4615 τῆς
1645 4538 1954 4620 προσϐολῆς

375 4627 596 4697 ﬁmum;
637 4629 708 4705 ἦν
728 4649 744 4664 ·
789 4635 840 4686 οἱ
869 4634 1054 4703 μέντοι
1104 4639 1414 4708 πεπηγότες
1446 4640 1715 4712 ἑστήκασι
1744 4640 1955 4711 βέϐαιοι

377 4729 470 4778 καὶ
492 4724 766 4796 ἀκίνητοι.
801 4727 944 4798 Ὅρα
969 4727 1051 4794 δὲ,
1082 4729 1177 4782 καὶ
1219 4730 1483 4799 στερεὸς,
1511 4733 1604 4786 καὶ
1633 4733 1928 4804 θεμέλιος.

378 4812 561 4877 Οὕτως
583 4813 808 4886 ἔχεσθαι
838 4815 920 4869 δεῖ
945 4816 1044 4887 τῆς
1074 4818 1330 4882 πίστεως.

455 4999 647 5067 Ἐχων
675 4999 794 5069 τὴν
815 4999 1118 5070 σφραγῖδα
1178 5003 1426 5073 ταύτην.
1479 5007 1676 5077 Ἔγνω
1738 5013 1953 5082 Κύριος

381 5088 522 5156 τοὺς
557 5091 734 5159 ὄντας
764 5094 954 5149 αὐτοῦ
977 5107 995 5126 ο
1027 5093 1148 5159 καί,
1183 5095 1532 5165 Ἀποστήτω
1565 5101 1684 5156 ἀπὸ
1715 5105 1953 5174 ἀδικίας

375 5178 494 5248 πᾶς
522 5183 825 5254 ὀνομάζων
852 5184 920 5238 τὸ
950 5184 1139 5255 ὄνομα
1185 5188 1438 5256 Κυρίου.-
1463 5191 1776 5264 Τουτέστιν,
1809 5199 1952 5270 ἔχων

375 5271 575 5326 ὡσανεὶ
618 5273 768 5338 λίθος
805 5291 890 5339 τις
923 5277 1232 5348 γράμματά
1277 5295 1401 5335 τινα
1445 5283 1540 5337 καὶ
1590 5289 1950 5359 γνωρίσματα

376 5366 828 5438 ἐγκεκολαμμένα
855 5368 1005 5440 αὑτῷ
1032 5369 1100 5422 δι’
1123 5372 1302 5427 αὐτῶν
1331 5375 1442 5428 τῶν
1467 5375 1666 5448 ἔργων,
1690 5382 1784 5435 καὶ
1803 5384 1952 5456 αὐτῷ

375 5459 773 5531 ἐφαρμόζοντα,
797 5461 880 5524 τὸ,
903 5463 1099 5533 Ἔγνω
1129 5465 1362 5534 Κύριος,
1383 5471 1478 5524 καὶ
1504 5472 1574 5526 τὰ
1605 5473 1752 5546 ἑξῆς.
1777 5478 1951 5533 Taur-

377 5559 512 5622 ἐστι,
564 5557 1024 5628 προεγνώσθησαν
1085 5558 1190 5613 ὑπὸ
1225 5559 1392 5626 Θεοῦ,
1450 5560 1527 5626 ὡς
1580 5564 1748 5618 αὐτοῦ
1799 5567 1954 5634 ὅντες

2065 4563 2212 4620 sent,
2249 4570 2359 4610 non
2385 4555 2722 4612 excidissent
2747 4573 2776 4612 a
2809 4559 2935 4615 ﬁde.
2962 4557 3435 4626 Quemadmodum
3465 4583 3645 4639 neque

2062 4647 2238 4702 Adam
2271 4655 2400 4703 ante
2447 4655 2915 4721 oppugnationem
2959 4653 3156 4710 ﬁrmus
3205 4667 3372 4711 erat:
3419 4667 3476 4714 at
3516 4675 3644 4715 vero

2063 4738 2160 4809 qui
2188 4738 2280 4793 (lxi
2316 4746 2470 4805 sunt,
2509 4749 2784 4796 steterunt
2813 4741 2892 4796 illi
2917 4752 2970 4797 et
3016 4744 3351 4801 immobiles.
3404 4748 3644 4805 Adverte

2062 4837 2268 4896 autem,
2293 4836 2346 4884 et
2369 4829 2606 4898 firmum,
2636 4832 2793 4897 dixit,
2853 4842 2907 4887 et
2944 4825 3369 4902 fundamentum.
3398 4837 3557 4894 Hunc
3587 4841 3640 4894 in

2063 4919 2287 4976 modum
2321 4919 2444 4976 ﬁdei
2479 4921 2869 4976 adhaerendum
2901 4933 3006 4978 est.

2134 5013 2352 5068 Habeas
2398 5015 2729 5085 signaculum
2748 5015 2845 5072 hoc
2880 5034 2899 5074 :
2938 5017 3102 5074 Novit
3131 5020 3386 5080 Dominus
3403 5028 3495 5096 qui
3533 5026 3636 5079 sint

2060 5105 2148 5160 sui
2173 5121 2193 5160 :
2216 5121 2302 5170 ac,
2337 5105 2591 5160 Discedat
2639 5109 2705 5160 ab
2737 5109 3018 5180 iniquitate
3044 5114 3216 5168 omnis
3243 5115 3334 5184 qui
3399 5117 3638 5170 nominat

2059 5213 2247 5252 nomen
2280 5196 2514 5250 Domini.
2577 5194 2688 5252 Hoc
2736 5205 2859 5265 est,
2924 5199 3136 5255 habens
3187 5212 3442 5274 tanquam
3495 5203 3635 5274 lapis

2059 5287 2261 5359 aliquis
2286 5287 2499 5341 litteras
2524 5287 2790 5356 quasdam
2852 5299 2908 5343 et
2962 5299 3126 5345 notas
3180 5292 3284 5346 sibi
3333 5291 3634 5362 insculptas

2059 5395 2158 5451 per
2215 5380 2336 5450 ipsa
2373 5392 2561 5448 opera,
2601 5395 2808 5450 easque
2839 5381 2947 5436 sibi
2989 5381 3405 5448 convenientes,
3433 5384 3578 5442 istud
3610 5399 3629 5443 :

2061 5469 2220 5528 Novit
2249 5470 2533 5536 Dominus,
2563 5479 2620 5526 et
2646 5486 2769 5542 quae
2795 5481 3104 5541 sequuntur
3139 5487 3155 5526 :
3192 5470 3297 5528 hoc
3327 5482 3435 5539 est,
3460 5491 3489 5532 a
3521 5476 3634 5534 Deo

2060 5571 2188 5620 sunt
2208 5561 2550 5632 praecogniti,
2571 5569 2630 5618 ut
2649 5560 3001 5633 qui_omnino
3031 5560 3098 5618 ad
3119 5576 3246 5620 eum
3271 5566 3578 5636 pertineant
3610 5605 3628 5635 ,

1693 5680 1897 5742 Variae
1931 5679 2266 5745 lectiones.

445 5753 493 5784 “
523 5753 890 5824 ἒδοξάσθησαν
916 5769 967 5811 o.
