4006 6214
321 304 424 387 111

1217 305 1794 372 THEOPHYLACTI
1832 304 2250 367 BULGARI/E
2288 307 2649 368 ARCHIEP.

3441 302 3546 369 112

318 444 479 502 atque
514 426 785 501 praeelecti
836 432 961 483 sunt
996 466 1012 490 ,
1045 438 1112 478 ne
1136 408 1520 494 pervertuntur
1544 433 1669 474 eum
1709 420 1884 487 putri-

1987 418 2246 482 ὁλοτελῶς
2268 434 2281 449 ο
2319 419 2413 473 καὶ
2441 417 2901 489 προεξελέγησαν,
2934 416 3076 470 ὥστε
3110 417 3185 488 μὴ
3220 433 3555 487 συνανατρα-

319 522 587 576 dioribus.
637 518 989 587 lniquitatem
1032 523 1215 567 autem
1239 526 1486 566 errorem
1544 511 1780 581 appellat
1827 512 1880 562 in

317 612 686 684 dogmatibus,
728 610 811 663 vel
870 606 1188 676 simplieiter
1230 618 1615 672 quamcunque
1664 602 1886 672 injusti-

322 708 473 762 tiam.
509 705 610 770 Qui
643 704 787 756 enim
852 699 1087 767 iniurius
1117 704 1223 758 est,
1270 711 1376 749 non
1410 704 1494 749 est
1521 695 1883 756 fundamenti,

322 813 430 853 non
481 804 563 851 est
615 794 728 849 Dei.
805 790 1086 857 Quomodo
1146 790 1325 855 enim,
1365 803 1487 843 cum
1554 789 1646 843 ille
1700 787 1885 855 justus

321 901 401 944 t'sl
426 891 450 944 ?
474 889 587 943 Non
621 888 780 941 habet
811 884 1170 954 signaculum.
1204 882 1459 952 Expende
1509 890 1711 947 autem,
1736 881 1884 950 quod

322 985 369 1037 si
419 982 466 1035 is
509 975 600 1049 qui
635 976 875 1030 nominat
908 988 1122 1028 nomen
1192 972 1431 1039 Domini,
1485 973 1555 1027 ab
1616 972 1885 1042 iniustitia

322 1072 583 1127 desistere
612 1066 789 1131 debet;
817 1066 908 1134 qui
947 1078 1051 1117 non
1087 1063 1323 1125 desistit,
1356 1077 1423 1116 ne
1453 1062 1649 1131 dignus
1665 1061 1883 1130 quidem

323 1170 407 1216 est
439 1160 533 1230 qui
562 1171 754 1211 nomen
782 1154 994 1207 Domini
1029 1154 1292 1207 nominet.
1320 1151 1440 1206 Non
1469 1161 1554 1207 est
1577 1152 1722 1207 enim
1757 1166 1883 1221 Spe-

322 1254 469 1306 ciosa
492 1250 609 1302 laus
638 1246 690 1300 in
722 1260 818 1301 ore
842 1244 1164 1312 pecvatoris.
1842 1297 1863 1316 ν

391 1341 554 1395 Vens.
578 1340 667 1390 20.
692 1335 773 1389 -Ιη
807 1351 999 1404 magna
1050 1344 1225 1386 autem
1261 1332 1416 1387 domo
1446 1348 1549 1386 non
1570 1332 1738 1386 solum
1762 1342 1885 1388 sunt

321 1447 449 1485 rasa
485 1444 647 1482 aurea
673 1434 726 1479 et
755 1431 1019 1494 argentea,
1065 1438 1241 1476 verum
1290 1423 1452 1474 etiam
1499 1422 1672 1491 lignea
1731 1433 1887 1491 atque

324 1534 570 1578 testacea.
623 1517 760 1585 Quia
804 1515 957 1569 multi
1036 1514 1233 1567 turbati
1285 1522 1535 1581 quierunt
1589 1528 1756 1583 quam
1814 1514 1888 1568 ob

321 1626 544 1667 causam
590 1611 698 1665 sint
726 1610 781 1662 in
840 1606 1041 1660 mundo
1068 1605 1242 1671 pravi,
1283 1606 1406 1659 aliis
1457 1607 1640 1661 causis
1688 1604 1885 1661 dimis-

324 1706 423 1764 sis,
464 1714 609 1755 nunc
656 1698 797 1751 hanc
829 1694 1006 1747 reddit
1038 1708 1052 1745 :
1084 1701 1372 1763 propterea
1405 1693 1547 1761 quod
1584 1694 1639 1746 in
1692 1707 1885 1763 magna

1988 510 2157 580 στῆναι
2184 513 2292 574 τοίς
2317 511 2684 581 σαθροτέροις.
2728 510 2965 572 ’Δδικίας
2994 510 3072 572 δὲ,
3098 510 3197 579 τῆς
3227 510 3284 561 ὲν
3321 509 3553 578 δόγμασι

1980 600 2221 669 πλάνης,
2257 602 2442 671 φησὶν,
2476 600 2508 670 ἢ
2540 600 2725 664 ἁπλῶς
2768 600 2949 668 πάσης
2978 599 3229 665 ἁδικίας;
3272 601 3327 652 ‘0
3352 599 3552 652 ἀδικῶν

1985 690 2085 745 οὐκ
2119 691 2233 745 ἐστι
2265 690 2359 745 τοῦ
2389 691 2774 761 οεμελίου,ούκ
2802 689 2919 742 ἐστι
2937 688 3029 742 τοῦ
3056 688 3214 742 Θεοῦ.
3246 685 3369 749 Πῶς
3394 684 3505 754 γὰρ
3531 702 3547 749 ;

1987 783 2196 837 ἐκείνου
2225 783 2432 836 δικαίου
2459 783 2647 847 δντοςς
2676 783 2775 835 οὐκ
2805 782 2917 852 ἔχει
2955 780 3054 850 τὴν
3088 779 3378 850 σφραγῖδα.
3407 777 3551 848 Ὅρα

1987 874 2044 928 δὲ
2072 876 2153 929 ὅτι
2184 877 2233 927 εἰ
2262 877 2290 927 ὁ
2313 874 2594 944 ὀνομάζων
2632 874 2691 927 τὸ
2731 873 2900 941 ὄνομα
2934 871 3164 941 Κυρίου,
3192 870 3394 940 ὀφείλει
3443 870 3550 935 ἁφ-

1992 965 2238 1018 ίστασθαι
2273 965 2381 1018 ἀπὸ
2419 964 2651 1030 ἀδικίας,
2682 965 2710 1016 6
2752 962 2825 1033 μὴ
2858 963 3239 1032 ἀφιστάμενος,
3266 961 3383 1014 οὐδὲ
3431 959 3549 1012 dvo-

1991 1057 2182 1127 μάζειν
2216 1055 2385 1121 ἄξιος.
2446 1055 2568 1125 Οὐχ
2604 1053 2803 1125 ὡραῖος
2847 1054 2956 1125 γὰρ
3002 1049 3150 1116 αἶνος
3210 1054 3268 1106 ἐν
3322 1051 3549 1120 στόματι

1984 1147 2336 1218 ἀμαρτωλοῦ.

2068 1333 2171 1387 Ἐν
2196 1332 2427 1402 μεγάλῃ
2492 1331 2562 1387 δὲ
2596 1331 2752 1398 οἰκίᾳ
2808 1332 2920 1385 οὐκ
2965 1330 3095 1385 ἐστι
3140 1332 3330 1399 μόνον
3358 1330 3548 1398 σκεύη

1987 1422 2190 1491 χρυσᾶ
2212 1422 2310 1476 καὶ
2354 1421 2603 1491 ἀργυρᾶ,
2646 1421 2808 1476 ἀλλὰ
2845 1421 2945 1475 καὶ
2974 1422 3191 1485 ξύλινα
3213 1421 3310 1473 καὶ
3332 1421 3549 1488 ὀστρά-

1983 1528 2139 1567 κινα.
2181 1513 2399 1585 Ἐπειδὴ
2427 1514 2609 1568 πολλοὶ
2633 1513 3012 1584 ταράττονται,
3037 1512 3128 1565 διὰ
3153 1511 3205 1563 τί
3232 1512 3369 1564 εἰσιν
3396 1514 3452 1564 ὲν
3475 1510 3550 1580 τῷ

1985 1605 2173 1676 κόσμῳ
2204 1606 2253 1659 οἱ
2300 1604 2547 1677 πονηροὶ,
2598 1605 2757 1673 ἀφεὶς
2785 1604 2885 1665 τὰς
2932 1604 3096 1666 ἄλλας
3128 1602 3305 1665 αἰτίας
3337 1603 3365 1654 ὀ
3403 1600 3550 1655 Παῦε

1983 1696 2095 1760 λος,
2132 1696 2227 1750 νῦν
2259 1694 2462 1765 ταύτην
2513 1695 2646 1765 φησι
2675 1711 2690 1726 ο
2735 1694 2868 1748 διότι
2913 1696 3007 1747 καὶ
3061 1696 3120 1747 ἐν
3157 1692 3365 1763 μεγάλῃ
3409 1693 3557 1764 οίκίᾳ

322 1800 637 1848 «ἱηευοινοςιο
670 1798 795 1843 sunt
858 1788 1091 1840 diversa.
1160 1786 1406 1856 Magnam
1446 1795 1628 1840 autem
1656 1785 1877 1840 domum

1987 1787 2155 1858 σκεύη
2183 1787 2292 1839 εἰσὶ
2311 1786 2564 1856 διάφορα.
2600 1784 2860 1856 Μεγάλην
2888 1784 2947 1838 δὲ
2985 1784 3162 1839 οἰκίαν
3224 1784 3315 1837 τὸν
3344 1784 3547 1852 κόσμον

325 1884 586 1939 mundum
636 1881 790 1944 dicit,
825 1894 931 1934 non
963 1879 1141 1946 ipsam’
1171 1878 1467 1933 Ecclesiam
1505 1894 1520 1930 :
1550 1877 1603 1930 in
1623 1891 1686 1930 ea
1734 1876 1880 1931 enim

320 1956 458 2032 nihil
505 1975 618 2029 vult
643 1988 768 2028 esse
814 1973 1073 2041 ligneum,
1129 1969 1223 2026 sed
1262 1969 1442 2024 omnia
1484 1982 1649 2021 aurea
1707 1976 1763 2023 et
1797 1982 1885 2019 ar-

320 2075 535 2135 gentea,
560 2061 722 2133 305
756 2060 1299 2128 uhiClu-isticorpus
1319 2065 1425 2122 est,
1459 2058 1549 2111 ubi
1589 2045 1752 2128 Virgo
1800 2064 1887 2111 est

323 2168 445 2222 quae
469 2151 734 2221 maculam
764 2163 869 2203 non
909 2146 1091 2200 habet.

396 2240 459 2292 ts't
502 2237 741 2307 quietiam
791 2236 995 2306 quidem
1036 2245 1155 2290 sunt
1199 2236 1253 2289 in
1311 2234 1591 2297 honorem,
1643 2233 1885 2304 qutedan;

320 2341 497 2387 autem
529 2329 585 2382 in
614 2326 1003 2381 contumeliam.
1043 2325 1223 2380 Aurea
1275 2338 1406 2379 sane
1450 2340 1599 2387 vasa,
1642 2327 1748 2380 hoc
1801 2334 1886 2381 est

322 2420 619 2476 virtutibus
656 2419 882 2487 compti,
935 2419 998 2471 ad
1031 2417 1362 2482 honorent;
1417 2416 1593 2486 lignea
1655 2408 1886 2472 veroat:

323 2522 581 2577 testacea,
615 2510 719 2565 hoc
751 2520 834 2565 est
889 2508 1167 2571 scelerati,
1188 2508 1255 2562 ad
1281 2496 1630 2578 ignominiam
1662 2524 1887 2564 servan-

324 2611 437 2655 tur.
469 2602 587 2655 Non
647 2608 823 2652 autem
869 2599 1041 2663 dixit,
1075 2599 1129 2651 in
1160 2604 1321 2651 usum
1377 2605 1432 2651 et
1488 2597 1835 2652 inutilitatem
1868 2613 1885 2651 :

324 2689 477 2760 pravi
502 2688 646 2743 enim
666 2686 775 2742 etsi
798 2701 918 2741 .non
957 2686 1025 2741 ad
1054 2687 1309 2742 virtutem
1334 2724 1351 2750 ,
1376 2685 1450 2741 ad
1479 2687 1668 2741 mundi
1708 2695 1885 2742 tamen

325 2781 771 2837 constitutionem
801 2778 973 2835 .utiles
1002 2788 1149 2845 sunt,
1194 2787 1250 2831 et
1275 2776 1343 2832 ad
1372 2778 1638 2848 quasdam
1667 2779 1887 2848 dispen-

327 2870 593 2930 sationes,
616 2877 675 2921 ut
704 2867 938 2923 Pharao.

400 2960 559 3015 Vens.
588 2961 678 3015 21.
707 2960 904 3029 Siquis
928 2976 1049 3031 ergo
1070 2960 1427 3017 emundaverit
1451 2979 1506 3017 se
1534 2962 1757 3029 abistis,
1787 2963 1886 3016 erit

322 3069 415 3109 uas
460 3052 516 3106 in
561 3052 808 3104 honorem
839 3051 1250 3118 sanctiﬁcatum.
1297 3052 1701 3107 Animadvertis
1743 3051 1885 3122 quod

1985 1880 2171 1947 φησὶν,
2207 1876 2269 1929 οὐ
2295 1876 2416 1945 ,γὰρ
2446 1875 2544 1945 τὴν
2589 1875 2944 1941 Ἐκκλησίαν·
2985 1875 3045 1929 ιν
3066 1875 3235 1949 ταύτῃ
3273 1874 3381 1946 γὰρ
3406 1877 3556 1930 οὐδὲν

1987 1967 2196 2031 ξύλινον
2226 1961 2365 2019 εἶναι
2400 1964 2671 2036 βούλεται,
2697 1964 2834 2019 ἀλλὰ
2859 1966 3035 2018 πάντα
3057 1968 3238 2035 χρυσᾶ
3266 1968 3360 2019 καὶ
3386 1969 3555 2038 ἀργυ-

1987 2059 2079 2128 ρᾶ,
2129 2056 2260 2110 ἔνθα
2317 2057 2477 2127 σῶμα
2531 2055 2792 2130 Χριστοῦ,
2844 2055 2971 2109 ἔνθα
3018 2056 3296 2127 Παρθένος
3331 2058 3475 2129 "ni;
3500 2058 3555 2111 ε-

1986 2165 2157 2218 χουσα
2183 2147 2390 2202 σπίλον.
3203 2200 3213 2211 ,

2056 2236 2167 2289 Καὶ
2217 2237 2255 2289 ἂ
2290 2236 2403 2304 μέν
2456 2236 2628 2290 ἐστιν
2665 2238 2752 2303 εἰς
2784 2237 2983 2307 τιμὴν,
3010 2237 3047 2292 ἃ
3071 2237 3139 2291 δὲ
3173 2240 3260 2306 εἰς
3288 2240 3553 2310 ἀτιμίαν.

1988 2326 2066 2379 Τὰ
2101 2328 2200 2396 μὲν
2228 2327 2431 2396 χρυσᾶ,
2480 2326 2602 2397 ἦτοι
2657 2329 2708 2380 οἱ
2758 2330 3022 2400 ὲνάρετοι,
3063 2332 3143 2393 εἰς
3171 2332 3340 2401 τιμήν
3362 2347 3377 2362 °
3409 2332 3476 2385 τὰ
3499 2332 3555 2385 δὲ

1988 2413 2173 2481 ξύλινα
2192 2417 2288 2470 καὶ
2315 2417 2634 2487 ὀστράκινα,
2656 2423 2954 2486 τουτέστιν,
2990 2423 3039 2475 οἱ
3077 2422 3289 2491 φαῦλοι,
3327 2424 3406 2487 είς
3439 2425 3557 2478 ἀτι-
3631 2437 3637 2449 ‘

1989 2506 2141 2576 μίαν.
2189 2507 2303 2560 Ούκ
2327 2503 2447 2559 εἷπε
2494 2509 2571 2574 δὲ,
2597 2510 2677 2572 εἰς
2716 2511 2912 2580 χρῆσιν
2937 2512 3031 2566 καὶ
3056 2514 3382 2584 ἀχρηστίαν,
3418 2513 3554 2567 διότι

1988 2596 2083 2647 καὶ
2114 2596 2164 2648 ci
2187 2596 2402 2665 φαῦλοι,
2439 2600 2488 2649 εἰ
2522 2599 2615 2651 καὶ
2647 2599 2721 2669 μὴ
2752 2601 2887 2669 πρὸς
2913 2602 3136 2672 ἀρετὴν,
3166 2602 3301 2658 ἀλλὰ
3317 2621 3379 2673 γε
3412 2605 3551 2674 πρὸς

1984 2686 2085 2756 τὴν
2119 2690 2213 2739 τοῦ
2253 2688 2458 2756 κόσμου
2489 2688 2674 2754 ἁπλῶς
2723 2689 2980 2745 σύστασιν
3019 2695 3428 2765 χρησιμεύουσι.
3460 2695 3552 2749 καὶ

1986 2777 2123 2847 πρός
2152 2795 2303 2842 τινας
2329 2779 2385 2832 δὲ
2423 2780 2754 2851 οἰκονομίας,
2784 2782 2859 2847 ὠς
2880 2786 2906 2836 ὁ
2927 2783 3148 2856 Φαραώ.

2070 2963 2212 3019 Ἐὰν
2241 2960 2357 3020 οὖν
2380 2981 2470 3031 τις
2498 2966 2798 3035 ἐκκαθάρῃ
2823 2966 3045 3021 ἑαυτὸν
3081 2968 3200 3023 ἀπὸ
3232 2968 3458 3024 τούτων
3482 2971 3549 3034 ’³,

1986 3056 2158 3109 ἔσται
2212 3055 2435 3121 σκεῦος
2470 3059 2558 3122 εις
2609 3057 2791 3126 τιμὴν
2831 3058 3220 3129 ἡγιασμένον.
3265 3063 3425 3135 Ὁρᾷς
3471 3064 3551 3115 ὃτι

323 3159 436 3201 non
466 3149 554 3197 est
595 3150 823 3207 naturae,
865 3155 1044 3210 neque
1092 3142 1390 3199 materialis
1431 3142 1797 3210 necessitatis,
1828 3152 1884 3198 ut

1987 3144 2049 3197 οὐ
2083 3142 2297 3212 φύσεώς
2326 3145 2497 3208 ἐστιν,
2550 3146 2669 3198 οὐδὲ
2702 3146 2802 3215 τῆς
2848 3148 3039 3219 ὑλικῆς
3081 3150 3347 3221 ἀνάγκης,
3380 3152 3455 3215 ὡς
3501 3153 3552 3204 οἱ

324 3233 608 3291 Manichaei
632 3233 845 3296 dicunt,
868 3247 988 3287 esse
1015 3247 1240 3288 aureum
1266 3248 1332 3289 ac
1371 3240 1667 3290 testaceum
1697 3250 1879 3304 quem-

325 3327 497 3399 piam,
552 3322 646 3379 sed
699 3320 995 3376 voluntatis
1032 3322 1292 3376 nostra)?
1341 3321 1494 3378 Licet
1534 3324 1886 3378 enimcuivis

325 3418 566 3486 seipsum
605 3411 931 3478 emundare,
969 3412 1074 3466 hoc
1095 3423 1199 3476 est,
1249 3413 1490 3483 perfecte
1537 3413 1802 3469 munda-re
1837 3429 1885 3466 .a

328 3515 568 3564 testacea
599 3518 665 3558 ac
697 3504 873 3573 lignea
908 3502 1205 3567 voluntate,
1230 3517 1560 3572 aureamque
1590 3511 1645 3557 et
1694 3519 1888 3573 argcn.

325 3608 472 3656 team
493 3596 724 3652 edicere.
756 3593 958 3648 Paulus
989 3601 1105 3647 erat
1142 3600 1439 3658 testaceus,
1482 3592 1783 3648 sedfactus
1804 3603 1888 3648 est

328 3703 572 3745 aureus:
623 3685 792 3742 Judas
818 3697 1011 3739 contra
1042 3694 1411 3750 aureuserat,
1436 3684 1544 3739 .sed
1585 3684 1759 3740 factus
1801 3694 1886 3742 est

331 3786 627 3835 testaceus.
652 3776 818 3845 Atqui
849 3776 895 3831 si
923 3785 1159 3831 testacea
1186 3776 1584 3846 vituperantur,
1614 3777 1886 3846 quomodo

326 3869 433 3925 alio
471 3868 526 3923 in
561 3867 681 3921 loco
707 3866 874 3921 dicit:
916 3864 1177 3919 Habentes
1211 3868 1512 3920 thesaurum
1543 3865 1679 3919 [tunc
1697 3867 1753 3919 in
1791 3882 1888 3919 ua-

324 3962 402 4015 sis
445 3959 695 4030 ﬁctilibus
719 3956 765 3989 “
793 3956 818 4010 7
860 3956 974 4011 lllic
1002 3955 1070 4011 de
1102 3958 1351 4026 corporis
1381 3966 1575 4012 natura
1625 3958 1883 4027 loquitur.

325 4048 791 4118 Quemadmodum
846 4046 991 4101 enim
1046 4054 1188 4102 testa
1236 4046 1373 4101 nihil
1412 4054 1499 4102 est
1541 4047 1690 4101 aliud
1724 4057 1886 4116 atque

326 4142 498 4192 lutum
553 4136 930 4199 torrefactum,
984 4135 1065 4191 sic
1124 4145 1177 4190 et
1217 4150 1416 4205 corpus
1457 4146 1701 4190 nostrum
1750 4137 1884 4190 nihil

324 4228 474 4295 aliud
504 4234 587 4284 est
626 4234 789 4296 atque
813 4225 989 4281 lutum
1029 4227 1225 4280 anima:
1250 4233 1434 4282 calore
1462 4226 1761 4281 ﬁrmatum.
1786 4226 1885 4282 Hic

325 4329 509 4375 autem
540 4317 606 4372 de
640 4318 925 4373 voluntate
953 4317 1217 4386 loquitur.

396 4407 467 4463 Et
512 4408 643 4462 utile
679 4409 925 4464 Domino.
958 4407 1162 4478 Lignea
1199 4407 1363 4478 igitur
1394 4409 1610 4464 inutilia
1657 4418 1783 4465 sunt
1815 4408 1883 4463 ad

325 4499 656 4571 praecipuum
695 4513 921 4567 seupum
962 4495 1178 4551 Domini
1227 4497 1344 4564 Dei,
1394 4501 1484 4568 qui
1530 4501 1645 4555 vult
1693 4515 1884 4557 omnes

327 4588 572 4644 homines
601 4587 781 4641 salvos
805 4586 927 4640 ﬁeri
951 4624 966 4651 ,
1005 4587 1215 4640 etiamsi
1253 4586 1358 4642 alia
1382 4591 1615 4659 quadam
1652 4592 1882 4655 ratione.

326 4687 386 4733 ut
411 4678 611 4732 dictum
637 4684 745 4741 est,
779 4676 933 4730 utilia
961 4691 1083 4732 esse
1112 4676 1425 4735 videantur.
1471 4672 1481 4681 ’

395 4768 479 4822 Ad
500 4784 650 4824 omne
671 4784 799 4838 opus
843 4766 1034 4823 bonum
1053 4777 1331 4837 paratum.
1371 4768 1487 4826 lloc
1527 4779 1631 4837 est,
1666 4773 1884 4827 etiamsi

325 4868 545 4930 tempus
581 4860 664 4913 Vel
713 4859 1091 4929 opportunitas
1127 4861 1323 4930 agendi
1373 4877 1482 4916 non
1535 4862 1716 4926 fuerit,
1743 4872 1882 4917 atta-

325 4965 448 5006 men
510 4959 755 5020 paratum
810 4952 912 5005 erit
963 4951 1089 5007 sive
1138 4950 1206 5007 ad
1252 4954 1596 5024 martyrium,
1648 4952 1766 5007 sive
1815 4953 1884 5008 ad

323 5039 712 5107 virginitatem.

394 5127 561 5184 Vens.
589 5130 678 5183 22.
713 5128 979 5186 Juvenilia
1003 5140 1176 5202 autem
1204 5132 1464 5187 desideria
1492 5134 1630 5203 fuge.
1664 5133 1887 5190 Juveni-

319 5220 402 5275 les
439 5221 764 5289 cupiditates
797 5236 904 5277 non
933 5224 1106 5278 solius
1142 5223 1517 5277 fornicationis
1543 5236 1884 5291 sunt,verum

320 5313 483 5365 etiam
500 5315 680 5368 omnis
696 5312 935 5368 absurda
962 5312 1429 5381 concupiscentia,
1454 5313 1571 5369 sive
1597 5313 1884 5386 imperium

388 5462 433 5496 “
459 5460 505 5517 il
525 5463 651 5520 Cor.
685 5479 759 5529 tv,
797 5466 854 5520 ι.

1987 3234 2275 3303 Μανιχαίοί
2326 3252 2480 3304 φασι,
2530 3236 2592 3289 τὸ
2647 3232 2789 3291 εἶναι
2825 3239 3060 3309 χρυσοῦν
3113 3240 3146 3310 ἢ
3208 3242 3551 3312 όστράκινον,

1987 3323 2123 3378 ἀλλὰ
2169 3325 2270 3394 ’τῆς
2299 3326 2671 3398 προαιρέσεως
2703 3328 2900 3398 ήμῶνς
2931 3328 3147 3393 Ἔξεστι
3195 3333 3302 3401 γὰρ
3341 3333 3554 3404 ἑκάστῳ

1987 3415 2179 3468 ἑαυτὸν
2203 3416 2572 3486 ἐκκαθαίρειν,
2597 3419 2868 3482 τουτέστι,
2904 3420 3125 3484 τελείως
3154 3422 3551 3495 ἀποκαθαίρειν

1985 3504 2094 3559 ἀπὸ
2125 3508 2225 3576 τῆς
2259 3506 2589 3578 όστρακίνης
2623 3509 2714 3562 καὶ
2759 3508 2974 3582 ξυλίνης
3011 3514 3408 3582 προαιρέσεως,
3455 3515 3550 3569 καὶ

1987 3597 2194 3666 χρυσῆν
2221 3598 2316 3650 καὶ
2339 3598 2588 3668 ἀργυρᾶν
2624 3599 2978 3672 ὲγκαθιστᾷν.
3020 3603 3077 3656 'U
3120 3604 3331 3668 Παῦλος
3345 3604 3548 3671 ὀστρά-

1987 3702 2135 3750 κινος
2169 3683 2259 3758 ἦν,
2283 3687 2398 3742 ἀλλ’
2420 3689 2639 3757 ἐγένετο
2663 3692 2897 3760 χρυσοῦς
2918 3708 2932 3722 ·
2961 3694 2989 3746 ό
3004 3692 3203 3757 Ἰούδας
3215 3695 3445 3765 χρυσοῦς
3460 3691 3550 3766 ἦν,

1986 3777 2100 3832 ἀλλ’
2114 3778 2330 3846 ἐγένετο
2349 3780 2690 3849 όστράκινος.
2708 3781 2771 3834 Ei
2793 3777 2884 3836 οὖν
2908 3782 3255 3854 διαϐέϐληται
3274 3785 3343 3838 τὰ
3358 3786 3553 3854 ὀστρά-

1987 3886 2130 3933 κινα,
2155 3868 2269 3932 πῶς
2318 3870 2551 3940 ἀλλαχοῦ
2588 3889 2751 3945 φησιν
2776 3873 3047 3943 ’ἔχοντες
3111 3876 3217 3929 τὸν
3247 3877 3554 3945 θησαυρὸν

1986 3958 2204 4012 τοῦτον
2213 3959 2282 4011 ἐν
2297 3960 2681 4028 ὀστρακίνοις
2703 3964 3025 4030 σκεύεσινς
3042 3964 3188 4020 Ἐκεῖ
3201 3968 3327 4037 περὶ
3345 3969 3441 4036 τῆς
3457 3967 3551 4021 τοῦ

1988 4052 2238 4123 σώματος
2271 4052 2487 4123 φύσεώς
2517 4057 3045 4130 φησιν.⁹Ωσπερ.γαρ
3077 4059 3138 4113 τὸ
3163 4059 3429 4135 ὄστρακον
3461 4061 3553 4113 οὐ·

1985 4143 2074 4198 δὲν
2105 4144 2233 4200 ἄλλο
2260 4147 2411 4201 ἐστὶν
2440 4147 2472 4217 ἦ
2500 4148 2670 4217 πηλὸς
2686 4148 3028 4218 ὠπτημένος,
3057 4148 3200 4204 οὕτω
3230 4152 3323 4205 καὶ
3347 4152 3408 4204 τὸ
3441 4151 3550 4204 σῶς-

1989 4252 2065 4305 μα
2082 4237 2239 4307 ἡμῶν
2265 4239 2418 4292 οὐδὲν
2446 4238 2574 4292 ἄλλο
2605 4239 2831 4309 ἣπηλδς
2868 4244 2932 4311 τῇ
2980 4240 3276 4313 θερμότητι
3318 4243 3413 4312 τῆς
3444 4243 3549 4312 dtu-

1985 4325 2088 4395 χῆς
2110 4327 2515 4398 στερεούμενος.
2533 4327 2796 4383 Ἐνταῦθα
2817 4331 2873 4383 δὲ
2891 4332 3132 4403 περὶτῆς
3155 4335 3547 4404 προαιρέσεως.

2060 4418 2176 4474 Καὶ
2211 4418 2551 4486 εὔχρηστον
2582 4419 2661 4485 τῷ
2705 4422 3002 4490 Δεσπότῃ.
3037 4424 3178 4494 "Aput
3212 4420 3307 4478 οὖν
3355 4425 3425 4478 τὰ
3461 4424 3551 4491 ξύ-

1990 4504 2110 4559 λινα
2129 4507 2375 4577 ἄχρηστά
2398 4509 2504 4561 εἱσι
2523 4510 2663 4578 πρὸς
2684 4510 2776 4563 τὸν
2798 4513 3207 4584 προηγούμενον
3236 4517 3436 4569 σκοπὸν
3455 4515 3547 4569 τοῦ

1990 4595 2262 4649 Δεσπότου
2306 4597 2466 4665 Θεοῦ,
2522 4599 2668 4663 ὅστις
2700 4599 2843 4654 Θέλει
2882 4604 3087 4668 πάντας
3118 4605 3376 4675 σωθῆναι,
3425 4605 3545 4672 κᾶν,

1990 4684 2064 4749 ὡς
2095 4685 2331 4756 εἴρηται,
2360 4688 2559 4742 δοκῶσι
2598 4690 2723 4744 κατ’
2758 4692 2916 4745 ἄλλον
2942 4695 3138 4766 τρόπον
3169 4694 3544 4767 χρησιμεύειν.

2058 4778 2108 4829 Ε
2111 4780 2164 4841 ίς
2182 4772 2304 4832 πᾶν
2321 4779 2499 4848 ἔργον
2519 4781 2744 4850 ἀγαθὸν
2762 4784 3221 4852 ἡτοιμασμένον.
3267 4787 3542 4851 Τουτέστι,

1990 4866 2095 4922 κᾶν
2130 4867 2206 4938 μὴ
2231 4871 2417 4939 καιρὸς
2445 4872 2639 4941 ἐπιστῇ
2666 4872 3013 4943 τοῦπρᾶξαι,
3045 4878 3190 4949 ὅμως
3218 4879 3435 4948 ἕτοιμον
3457 4883 3548 4931 καὶ

1990 4960 2508 5030 παρεσκευασμένον
2560 4961 2734 5031 ἔσται,
2768 4964 2873 5021 κᾶν
2903 4964 3039 5034 πρὸς
3084 4969 3411 5042 μαρτυρίαν,
3446 4968 3548 5023 κᾶν

1987 5052 2124 5121 πρὸς
2147 5050 2461 5120 παρθενίαν.

2064 5139 2174 5205 Τὰς
2211 5139 2280 5193 δὲ
2316 5144 2662 5211 νεωτερικὰς
2699 5145 3014 5218 ἐπιθυμίας
3041 5149 3244 5221 φεῦγε.
3281 5153 3548 5226 New-rapt-

1988 5231 2083 5283 xui
2117 5229 2430 5301 ἐπιθυμίαι,
2462 5234 2561 5305 ούχ
2584 5237 2641 5289 αἱ
2669 5237 2767 5308 τῆς
2796 5240 3048 5310 πορνείας
3077 5244 3259 5312 μόνον,
3291 5244 3426 5298 ἀλλὰ
3457 5247 3549 5297 καὶ

1992 5320 2142 5413 πᾶσα
2171 5321 2371 5387 ἄτοπος
2397 5323 2679 5397 ἐπιθυμία,
2713 5327 2817 5384 κᾶν
2841 5328 3156 5400 δυναστείας
3184 5337 3280 5407 ἐρᾷ
3312 5352 3416 5401 τις,
3446 5336 3550 5391 κᾶν

1648 5582 1850 5647 Variis
1875 5583 2205 5650 lectiones.

383 5675 430 5709 “
446 5673 710 5745 παρθενία
734 5688 791 5730 ο.
863 5676 918 5751 ⁸³,
935 5676 1043 5734 τῶν
1068 5678 1324 5736 τοιούτων
1352 5693 1385 5736 ο
1403 5718 1416 5734 .
