4006 6214
338 364 442 428 115

1252 345 1835 412 ΤΗΕΟΡΙ-ΙΫΙ.ΛΕΤΙ
1868 345 1969 406 BU
1981 341 2284 404 LGARIAE
2326 336 2686 399 ARCHIEP.

3471 324 3577 391 116

407 472 699 546 Siquando
726 470 926 526 dederit
945 469 1020 524 eis
1054 466 1190 520 Deus
1222 463 1584 534 paenitentiam
1610 461 1680 515 ad
1705 475 1901 531 cogno-

2074 455 2168 524 Μή
2215 466 2360 507 ποτε
2409 450 2494 517 δῷ
2561 447 2767 514 αὐτοῖς
2817 447 2851 501 ὀ
2909 444 3054 510 Θεὸς
3105 441 3458 514 μετάνοιαν,
3498 443 3588 506 εἰς

334 568 580 623 scendam
620 565 914 620 veritatem.
971 557 1244 623 Fortasse,
1291 554 1489 624 inquit,
1535 553 1902 624 corrigentur.

336 659 485 716 lstud
542 666 746 719 autem,
801 655 1052 725 fortasse,
1101 651 1168 706 de
1212 648 1437 704 incertis
1470 657 1553 704 est
1597 661 1661 700 ac
1699 645 1901 701 dubiis.

337 751 572 818 Proinde
602 749 670 802 ab
702 748 767 801 iis
810 745 902 816 qui
934 742 1224 799 manifeste
1251 750 1380 797 sunt
1403 739 1740 795 insanabiles
1774 736 1903 791 abs-

339 841 620 898 tinendum
682 846 816 894 est:
859 836 928 891 de
975 850 1208 906 quorum
1249 844 1428 890 autem
1487 833 1666 889 salute
1727 831 1907 886 adhuc

337 935 645 996 haesitatur,
675 929 946 986 correetio
974 936 1056 982 est
1095 926 1374 982 tentanda.
1407 924 1580 980 Porro
1609 924 1698 980 hic
1729 931 1906 976 tecum

340 1033 555 1097 reputa,
586 1021 860 1092 quomodo
888 1020 1096 1075 docens
1125 1017 1388 1073 humilem
1421 1015 1617 1071 mentis
1652 1013 1906 1069 affectum

338 1135 446 1172 non
480 1118 704 1180 dixerit,
746 1114 982 1169 fortasse
1022 1111 1224 1182 possis,
1270 1111 1391 1174 sed,
1435 1110 1666 1179 fortasse
1708 1104 1909 1160 dederit

335 1213 411 1266 eis
441 1210 696 1263 Dominus
724 1207 1049 1274 resipiscere.
1078 1204 1139 1258 Et
1161 1204 1205 1259 si
1227 1203 1356 1273 quid
1377 1201 1677 1269 contingat,
1699 1197 1911 1254 Domini

343 1314 447 1369 est,
485 1302 666 1372 inquit
701 1344 715 1368 ,
756 1309 811 1354 tu
852 1300 1038 1368 itaque
1089 1312 1157 1352 ne
1207 1295 1479 1351 attollere.
1542 1292 1909 1358 Quamobrem

339 1396 440 1451 etsi
492 1394 733 1462 cuipiam
773 1407 874 1446 nos
923 1386 1388 1460 persuaserimus,
1420 1399 1489 1440 ne
1533 1384 1914 1438 existimemus

344 1486 489 1558 quod
523 1485 628 1556 ipsi
671 1484 1126 1555 persuadeamus.

414 1579 577 1635 Vens.
613 1578 701 1632 26.
756 1577 824 1630 Et
856 1577 1174 1641 resipiscam
1230 1590 1262 1626 a
1300 1569 1501 1625 diaboli
1549 1570 1756 1639 laqueo:
1790 1565 1916 1620 Haec

341 1687 451 1726 non
478 1672 544 1726 de
572 1669 824 1726 doctrina
856 1676 1090 1731 tantum,
1119 1679 1309 1720 verum
1338 1663 1501 1718 etiam
1531 1661 1598 1717 de
1625 1661 1734 1716 vita
1758 1659 1918 1714 intel-

343 1764 466 1833 iige.
500 1761 558 1815 ln
594 1762 789 1831 laqueo
813 1774 1046 1828 namque
1072 1756 1233 1828 607
1263 1754 1464 1809 diaboli
1491 1760 1619 1808 sunt
1643 1751 1916 1816 homines,

345 1867 448 1905 non
496 1851 671 1905 solum
728 1849 1044 1920 dogmatum
1109 1862 1294 1911 causa,
1327 1860 1518 1900 verum
1551 1844 1714 1897 etiam
1771 1843 1915 1896 vitae.

344 1942 609 2009 Quocirca
661 1949 716 1996 et
773 1941 867 2012 qui
928 1940 1077 1994 circa
1134 1939 1299 1993 vitam
1342 1937 1622 2001 labuntur,
1649 1932 1920 2005 patienter

346 2031 655 2104 corrigendi
689 2039 839 2087 sunt.
876 2028 942 2084 Ut
985 2029 1128 2083 enim
1171 2041 1384 2098 passer,
1416 2023 1631 2080 etiamsi
1665 2037 1770 2077 una
1797 2031 1923 2076 tan-

345 2135 458 2179 tum
488 2133 666 2196 parte,
703 2123 839 2194 pede
869 2121 1156 2183 nimirum,
1194 2118 1566 2179 contineatur.
1593 2119 1646 2170 in
1676 2115 1797 2185 ejus
1820 2129 1918 2186 po-

347 2223 544 2271 testate
568 2223 652 2270 cst
682 2215 778 2284 qui
812 2213 1068 2284 laqueum
1112 2211 1230 2266 ﬁxit
1259 2229 1272 2266 :
1311 2210 1654 2266 consimilem
1698 2207 1764 2263 ad
1801 2221 1924 2262 rno-

356 2310 481 2363 dum
505 2316 558 2363 et
589 2321 712 2372 nos,
743 2306 958 2361 etiamsi
985 2319 1089 2359 non
1133 2304 1400 2372 utrisque,
1441 2302 1546 2356 hoc
1581 2307 1686 2366 est,
1721 2299 1825 2354 title
1867 2307 1923 2354 et

348 2401 453 2453 vita
481 2399 823 2454 detineamur
850 2436 865 2462 ,
889 2395 985 2452 sed
1030 2395 1207 2451 solum
1251 2394 1384 2457 vita,
1420 2393 1474 2448 in
1511 2382 1784 2462 potestate
1808 2391 1924 2445 dia-

349 2489 455 2543 boli
485 2503 697 2544 sumus.

417 2578 460 2632 Α
493 2594 594 2648 quo
635 2577 831 2645 captivi
873 2585 1114 2630 tenentur
1157 2576 1227 2628 ad
1267 2575 1433 2644 ipsius
1476 2573 1819 2626 voluntatem.
1863 2570 1922 2624 In

351 2685 559 2735 errore,
605 2671 804 2740 inquit,
853 2676 1066 2729 natant,
1121 2669 1213 2723 sed
1243 2669 1385 2736 capti
1425 2680 1454 2719 a
1489 2666 1599 2720 Deo
1643 2664 1709 2719 ad
1749 2663 1924 2734 ipsius

351 2760 708 2824 voluntatem,
760 2757 813 2811 id
860 2767 944 2812 est
999 2756 1121 2820 Dei,
1170 2754 1405 2810 fortasse
1464 2752 1788 2823 resipiscent
1857 2753 1926 2808 ab

352 2849 511 2918 aquis
541 2848 770 2903 erroris.
803 2844 1075 2902 Voluntas
1110 2853 1294 2900 autem
1330 2843 1421 2899 Dei
1451 2852 1556 2911 est,
1597 2859 1707 2899 non
1745 2843 1922 2898 solum

351 2941 593 3004 credere,
631 2955 820 2996 verum
855 2939 1018 2994 etiam
1063 2946 1208 2993 recte
1243 2937 1444 2992 \‘ivere.
1484 2935 1667 3003 Quare
1714 2936 1782 2990 de
1815 2937 1927 2992 vita

349 3033 513 3087 etiam
564 3032 678 3086 hzec
743 3031 1004 3101 intellige,
1040 3046 1148 3084 non
1197 3030 1372 3084 solum
1445 3029 1514 3083 de
1553 3028 1924 3099 dogmatibus.

2009 546 2338 616 ἐπίγνωσιν
2363 543 2672 611 ἀληθείας.
2703 538 2886 601 Ἴσως,
2917 536 3104 606 φησὶν,
3135 529 3290 588 ἔσται
3328 549 3415 595 τις
3439 532 3588 603 διόρ-

2009 640 2195 704 θωσις.
2225 639 2298 692 To
2322 638 2401 701 δὲ,
2436 636 2603 701 ἴσως,
2637 633 2731 688 ἐπὶ
2756 631 2865 685 τῶν
2895 627 3104 698 ἀδήλων
3146 628 3264 681 ἐστὶ
3287 625 3390 680 -καὶ
3411 626 3588 696 ἀμφι-

2011 731 2201 784 ϐόλων,
2235 730 2399 782 Ὥστε
2428 728 2539 781 τῶν
2572 727 2670 797 μὲν
2690 722 2972 796 προδήλως
2994 720 3230 776 ἀνιάτων
3257 718 3590 787 ἀφίστασθαι

2010 825 2150 896 χρή·
2184 823 2312 886 τοὺς
2360 822 2417 876 δὲ
2452 819 2791 892 ἀμφιϐόλους
2825 815 3120 888 πειρᾶσθαι
3153 811 3419 883 διορθοῦν,
3444 811 3588 879 Ὅρα

2011 917 2068 970 δὲ
2107 915 2224 978 πῶς
2256 913 2525 968 διδάσκων
2562 909 3031 981 ταπεινοφρονεῖν,
3063 905 3166 959 οὐκ
3190 901 3335 967 εἶπε,
3377 902 3590 973 μήποτε

2011 1009 2270 1080 δυνηθῇς,
2299 1006 2458 1071 ἀλλά,
2499 1005 2708 1077 μήποτε
2737 1002 2814 1073 δῷ
2841 1001 3030 1064 αὐτοῖς
3057 997 3264 1068 Κύριος
3294 993 3589 1062 ἀνανῆψαι.

2014 1102 2132 1156 Κᾶν
2153 1099 2383 1172 γένηται
2409 1116 2484 1165 τι,
2517 1096 2674 1168 φησι,
2705 1094 2801 1148 τοῦ
2831 1091 3038 1163 Κυρίου
3070 1088 3211 1153 ἐστὶ,
3241 1087 3306 1140 σὺ
3339 1086 3413 1156 μὴ
3431 1082 3593 1136 ἐπαι-

2019 1213 2134 1265 ρου.
2171 1194 2335 1246 ’Ὥστε
2375 1190 2478 1244 κᾶν
2509 1188 2790 1258 πείσωμεν
2829 1203 2953 1240 τινα
2991 1183 3088 1238 καὶ
3118 1181 3304 1253 ἡμεῖς,
3342 1177 3417 1250 μὴ
3443 1177 3594 1230 λονι-

2016 1285 2246 1357 ζώμεθα.
2262 1284 2338 1348 ὡς
2365 1282 2520 1337 αὐτοὶ
2542 1281 2822 1350 πείθομεν.

2091 1559 2199 1614 Καὶ
2234 1555 2634 1622 ἀνανήψωσιν
2651 1551 2721 1605 ἐκ
2747 1548 2856 1618 τῆς
2882 1547 2991 1601 τοῦ
3019 1545 3302 1600 διαϐόλου
3321 1542 3595 1612 παγίδος.

2021 1652 2205 1703 Ταῦτα
2237 1647 2311 1719 μὴ
2341 1648 2471 1717 περὶ
2501 1643 2788 1714 δογμάτων
2818 1641 3005 1709 μόνον,
3037 1637 3176 1692 ἀλλά
3197 1637 3291 1690 καὶ
3321 1640 3453 1707 περὶ
3479 1634 3598 1704 βίον

2021 1744 2153 1797 νόει,
2192 1741 2283 1794 Ἐν
2303 1743 2368 1811 τῇ
2404 1736 2593 1806 παγῐδι
2625 1734 2732 1805 γάρ
2759 1733 2853 1788 τοῦ
2879 1731 3126 1786 διαϐόλου
3152 1729 3290 1783 εἰσιν
3320 1729 3369 1782 οἱ
3395 1727 3603 1798 ἀνθρω-

2022 1853 2136 1899 ποι,
2168 1834 2230 1888 ού
2262 1831 2551 1902 δογμάτων
2609 1828 2817 1890 ἕνεκεν,
2847 1824 2980 1878 ἀλλὰ
3009 1824 3104 1877 καὶ
3137 1821 3274 1893 βίου.
3308 1820 3472 1873 ’Ὥστε
3506 1819 3602 1873 καὶ

2019 1926 2147 1989 τοὺς
2195 1924 2324 1995 περὶ
2358 1913 2600 1992 τὸνβίον
2630 1915 3040 1987 σφαλλομένους
3067 1911 3407 1979 ἀνεξικάκως
3455 1909 3604 1978 διορ-

2023 2014 2250 2071 θοῦσθαι
2282 2013 2380 2066 δεῖ.
2423 2011 2512 2074 Ὧς
2543 2008 2650 2078 γὰρ
2681 2007 2711 2059 δ
2757 2006 3041 2078 στρουθὸς,
3091 2002 3197 2058 κᾶν
3237 2000 3297 2067 ἐξ
3350 2001 3467 2064 ἐνὸς
3508 1998 3607 2068 μέ-

2027 2124 2174 2179 ρους,
2196 2104 2291 2159 τοῢ
2342 2102 2500 2166 ποδὸς
2524 2101 2690 2170 λέγω,
2725 2098 3048 2169 κατέχηται,
3077 2095 3184 2150 ὑπὸ
3217 2095 3320 2165 τὴν
3354 2090 3608 2160 ἐξουσίαν

2023 2201 2142 2255 ἐστὶ
2183 2198 2279 2254 τοῦ
2331 2197 2433 2268 τὴν
2465 2195 2669 2264 παγίδα
2711 2193 3010 2262 στήσαντος
3038 2206 3052 2223 ·
3092 2188 3236 2243 οὕτω
3268 2187 3365 2242 καὶ
3419 2188 3607 2257 ἡμεῖς,

2024 2291 2126 2345 κᾶν
2156 2289 2231 2361 μὴ
2257 2287 2317 2354 ἐξ
2346 2288 2571 2358 ἀμφοῖν,
2613 2283 2847 2344 πίστεως
2880 2281 3026 2349 λέγω
3075 2279 3170 2333 καὶ
3198 2277 3338 2350 βίου,
3364 2273 3610 2346 κατεχώ-

2027 2381 2190 2456 μεθα,
2247 2380 2364 2435 ἀλλ’
2399 2379 2464 2431 ἐκ
2512 2375 2607 2430 τοῦ
2646 2375 2762 2448 βίου
2819 2374 3006 2444 μόνου,
3057 2371 3164 2425 ὑπὸ
3201 2370 3302 2441 τὴν
3357 2368 3610 2435 ἐξουσίαν

2025 2477 2195 2548 ἐσμὲν
2223 2472 2317 2528 τοῦ
2344 2471 2616 2526 διαϐόλου.
3089 2499 3094 2504 -

2109 2565 2531 2634 Ἐζωγρημένοι
2554 2562 2658 2617 ὑπ’
2683 2559 2873 2616 αὑτοῦ
2901 2558 2988 2624 εἰς
3010 2555 3076 2610 τὸ
3093 2554 3332 2610 ἐκείνου
3348 2553 3608 2624 θέλημα.

2039 2660 2131 2713 Ἐν
2171 2657 2380 2731 πλάνῃ,
2413 2656 2569 2726 φησὶ,
2595 2655 2881 2725 νήχονταιο
2921 2649 3057 2704 ἀλλά
3095 2645 3470 2718 ζωγρηθέντες
3503 2644 3612 2697 ὑπὸ

2028 2750 2165 2804 Θεοῦ
2232 2749 2314 2813 εἰς
2363 2747 2426 2802 τὸ
2459 2746 2671 2800 ἐκείνου
2715 2744 2962 2814 θέλημα,
2997 2741 3240 2795 τουτέστι
3285 2737 3378 2792 τοῦ
3435 2735 3607 2804 Θεοῦ,

2032 2841 2164 2904 ἴσως
2217 2838 2589 2911 ἀνανήψουσιν
2658 2837 2765 2892 άπδ
2805 2836 2916 2889 τῶν
2965 2835 3171 2888 ὑδάτων
3223 2832 3322 2902 τῆς
3376 2829 3612 2900 πλάνης.

2029 2933 2257 3004 Θέλημα
2286 2930 2344 2986 δὲ
2372 2930 2466 2986 τοῦ
2519 2930 2679 2994 Θεοῦ,
2710 2927 2772 2982 ού
2818 2928 2877 2980 τὸ
2909 2925 3191 2979 πιστεύειν
3234 2923 3418 2993 μόνον,
3478 2919 3616 2975 ἀλλά

2031 3025 2214 3080 καὶτὸ
2243 3023 2394 3095 βιοῦν
2427 3023 2801 3094 ὁρθῶς.”Ωστε
2833 3021 2930 3073 καὶ
2955 3017 3083 3090 περὶ
3121 3017 3240 3087 βίου
3267 3015 3441 3068 ταῦτα
3476 3015 3615 3078 νόει,

350 3124 591 3188 Quidam
638 3131 818 3177 autem
874 3121 1066 3188 istud,
1112 3136 1142 3173 a
1183 3137 1284 3188 quo
1326 3121 1520 3189 captivi
1564 3130 1827 3186 tenentur,
1859 3121 1926 3177 de

2035 3120 2111 3191 μὴ
2143 3120 2304 3190 μόνον
2348 3118 2481 3189 περὶ
2531 3117 2840 3186 δογμάτων.
2895 3114 3052 3177 Τινὲς
3085 3113 3142 3166 δὲ
3174 3111 3258 3174 τὸ,
3295 3107 3615 3178 ἐζωγρημέ-

352 3214 570 3270 diabolo
618 3213 1045 3277 intellexerunt,
1081 3219 1138 3266 et
1175 3211 1386 3281 reliqua
1420 3210 1487 3266 ad
1523 3211 1774 3267 eumdem
1813 3226 1929 3266 mo-

354 3305 506 3361 αυω.

966 3446 1194 3504 CAPUT
1218 3447 1306 3503 111.

429 3576 599 3633 Vens.
633 3578 684 3630 Τ.
729 3576 845 3632 Hoc
884 3585 1059 3631 autem
1083 3579 1239 3640 scito,
1272 3577 1410 3647 quod
1451 3579 1504 3630 in
1538 3577 1723 3631 diebus
1759 3578 1934 3632 novis-

362 3669 806 3722 simisinstabunt
832 3676 1069 3736 tempora
1100 3667 1422 3738 periculosa.
1463 3665 1602 3733 Quia
1639 3674 1770 3722 tunc
1802 3679 1936 3722 tem-

364 3759 510 3824 poris
564 3759 719 3813 multi
769 3759 1000 3829 improbi
1051 3766 1229 3822 erant,
1252 3774 1320 3812 ne
1367 3759 1435 3814 ob
1476 3759 1577 3814 ista
1611 3757 1935 3812 Timotheus

362 3848 794 3916 perturbaretur,
854 3848 1104 3918 praedixit
1153 3849 1225 3913 ei,
1295 3845 1362 3901 In
1423 3847 1580 3901 domo
1636 3864 1852 3918 magna,
1881 3855 1937 3901 et

361 3947 556 3994 uetera
588 3957 602 3993 :
634 3953 782 3993 nunc
813 3953 944 3994 vero
973 3939 1067 4002 ait,
1091 3938 1228 3993 tales
1257 3939 1419 3993 etiam
1451 3939 1680 4009 posthac
1699 3938 1933 3995 futuros.

361 4028 672 4094 Quinetiam
703 4029 1044 4098 temporibus
1073 4027 1278 4100 Moysis
1326 4027 1566 4086 Joannes
1597 4039 1649 4085 et
1683 4028 1936 4085 Jambres

361 4126 602 4176 luerunt.
636 4119 818 4187 Quare
852 4134 961 4175 non
992 4128 1078 4176 cst
1107 4119 1268 4175 hodie
1300 4135 1440 4175 nova
1473 4120 1663 4175 isthaec
1691 4135 1800 4185 res,
1836 4135 1934 4175 ne-

359 4229 466 4278 que
499 4213 567 4267 ad
614 4221 666 4267 te
711 4227 886 4284 usque
913 4213 1185 4283 pertinget
1221 4221 1457 4268 tantum.
1485 4212 1564 4268 Ne
1595 4213 1761 4282 igitur
1793 4225 1938 4282 aegre

362 4303 529 4359 feras.
561 4302 821 4373 Tempora
839 4318 1005 4375 porro
1030 4305 1348 4372 periculosa,
1370 4304 1424 4357 id
1454 4312 1559 4368 est,
1591 4302 1746 4359 valde
1772 4304 1933 4358 mala.

360 4391 477 4448 Non
506 4393 574 4448 de
597 4393 791 4449 diebus
822 4402 1004 4449 autem
1046 4395 1150 4449 hoc
1181 4379 1592 4464 intelligendum
1627 4403 1732 4460 est,
1771 4396 1787 4462 (
1815 4409 1938 4464 quae

362 4484 506 4538 enim
539 4483 644 4538 diei
681 4484 892 4538 malitia
923 4485 1053 4540 est?
1098 4485 1116 4552 )
1147 4501 1334 4540 verum
1366 4489 1433 4540 de
1465 4485 1685 4540 illorum
1722 4485 1933 4541 dierum
1969 4465 2012 4521 D

364 4573 521 4628 malis
544 4580 598 4628 et
619 4575 785 4630 rebus
802 4584 854 4629 et
879 4573 1217 4630 hominibus.
1249 4574 1382 4628 Nam
1409 4583 1464 4630 et
1492 4591 1595 4633 nos
1624 4576 1678 4630 in
1702 4591 1936 4632 consue-

367 4675 419 4717 ιο
447 4678 701 4719 sermone
732 4671 980 4733 tempora
1007 4663 1241 4718 dicimus
1269 4665 1409 4718 mala
1439 4674 1493 4719 et
1523 4667 1690 4732 bona,
1714 4683 1743 4720 ιι
1772 4667 1938 4721 rebus

365 4770 487 4824 quae
523 4755 577 4808 in
612 4753 681 4810 iis
712 4755 992 4819 eveniunt,
1026 4763 1121 4810 aut
1149 4756 1215 4810 ab
1248 4755 1584 4813 hominibus.

441 4937 606 4996 Vens.
644 4939 700 4992 2.
754 4937 926 4992 Erunt
965 4940 1101 4994 enim
1160 4941 1395 4996 homines
1437 4942 1634 5009 seipsos
1679 4952 1938 4998 amantes.

369 5032 565 5086 Statim
590 5033 735 5102 quod
768 5032 1009 5087 omnium
1026 5033 1294 5088 malorum
1328 5042 1596 5088 estcausa
1628 5033 1799 5102 ponit,
1831 5049 1941 5088 non

367 5137 488 5189 quae
534 5121 770 5193 proximi
829 5129 981 5188 sunt,
1040 5122 1134 5178 sed
1190 5138 1312 5194 quae
1353 5137 1451 5177 sua
1499 5130 1709 5177 tantum
1746 5125 1942 5194 ipsius,

367 5224 636 5282 spectare,
687 5212 948 5276 Φίλαυτος
997 5214 1144 5269 enim
1203 5214 1293 5268 ille
1347 5222 1454 5280 est,
1505 5214 1597 5283 qui
1652 5229 1712 5270 se
1765 5217 1942 5272 solum

369 5313 516 5359 amat
555 5320 572 5355 :
613 5319 681 5359 ex
720 5321 831 5374 quo
871 5306 1166 5374 contingit,
1214 5313 1274 5359 ut
1317 5321 1388 5361 ne
1437 5306 1680 5375 seipsum
1725 5308 1946 5378 quidem

370 5393 590 5450 tandem
619 5410 746 5451 rere
800 5401 966 5450 amet.
1001 5394 1472 5460 Quemadmodum
1507 5395 1652 5451 enim
1694 5397 1751 5452 in
1779 5413 1951 5454 mem-

371 5482 484 5536 bris
527 5482 690 5538 unius
748 5481 1009 5537 damnum
1058 5482 1127 5535 ad
1191 5481 1399 5550 reliqua
1479 5482 1641 5536 etiam
1705 5484 1948 5539 membra

375 5574 694 5640 pertransit,
737 5581 794 5627 et
830 5573 886 5626 in
919 5570 1169 5627 aediﬁciis
1215 5570 1332 5642 pari
1361 5570 1573 5626 ratione
1609 5588 1623 5626 :
1672 5571 1752 5626 sic
1785 5579 1840 5627 et
1886 5572 1939 5628 in

375 5663 642 5729 lieclesia,
688 5663 782 5733 qui
817 5663 1041 5719 fratrem
1074 5680 1233 5720 suum
1275 5663 1521 5734 negligit,
1562 5679 1792 5737 seseque
1823 5672 1943 5722 tan-

375 5753 654 5808 tummodo
687 5760 867 5820 curat,
899 5754 1138 5822 scipsum
1183 5756 1346 5811 etiam
1381 5753 1582 5824 perdit.

2033 3229 2129 3265 νοι
2153 3211 2254 3266 ὑπ’
2281 3209 2490 3275 αὐτοῦ,
2523 3209 2618 3265 τοῦ
2651 3207 2904 3263 διαϐόλου
2956 3204 3207 3275 ἐνόησαν,
3244 3201 3338 3256 καὶ
3377 3200 3446 3253 τὰ
3489 3198 3618 3270 ἑξῆς

2035 3300 2319 3364 ὡσαύτως.

2581 3436 2585 3440 ’
2629 3444 2880 3498 ΚΕΦΛΛ.
2915 3443 2990 3497 Γ.

2067 3580 2072 3586 ⁷
2113 3573 2293 3629 Τοῦτο
2325 3572 2393 3625 δὲ
2427 3572 2704 3642 γίνωσκε,
2733 3569 2822 3623 ὅτι
2851 3569 2921 3623 ἐν
2940 3567 3227 3638 ἐσχάταις
3251 3567 3498 3636 ἡμέραις
3520 3564 3622 3618 ἐν·

2037 3665 2374 3725 στήσονται
2395 3661 2586 3730 καιροὶ
2609 3659 2885 3729 χαλεποί.
2929 3658 3150 3728 Ἐπειδὴ
3174 3657 3360 3710 πολλοὶ
3388 3655 3620 3726 πονηροὶ

2040 3757 2182 3809 κατὰ
2211 3755 2338 3819 τοὺς
2373 3755 2495 3808 τότε
2524 3754 2753 3824 καιροὺς
2797 3747 2942 3823 ἦσαν
2968 3791 2984 3816 ,
3023 3750 3110 3803 ἵνα
3144 3751 3219 3822 μὴ
3266 3747 3620 3819 θορυϐῆταιὸ

2039 3847 2305 3919 Τιμόθεος
2345 3847 2439 3900 ἐπὶ
2489 3845 2722 3907 τούτοις,
2754 3845 2987 3914 προεῖπε
3047 3842 3146 3913 μὲν
3200 3839 3372 3910 αύτῷ,
3399 3840 3480 3892 ὅτι
3518 3839 3621 3891 Ἐν

2033 3939 2269 4011 μεγάλῃ
2297 3938 2475 4005 οἰκίᾳ,
2501 3937 2595 3991 καὶ
2639 3938 2706 3990 τὰ
2734 3935 2897 4005 ἑξῆςο
2947 3934 3100 4004 λέγει
3145 3933 3199 3987 δὲ
3248 3933 3340 3986 καὶ
3397 3930 3493 3984 νῦν
3537 3930 3622 3983 ὅτι

2043 4030 2182 4100 μετὰ
2229 4029 2404 4082 ταῦτα
2454 4027 2692 4081 ἔσονται.
2735 4025 2898 4080 Ἀλλά
2930 4023 3037 4096 μὴν
3068 4025 3162 4077 καὶ
3208 4023 3303 4076 ἐπὶ
3336 4020 3620 4082 Μωῦσέως

2053 4121 2263 4191 Ἰαννῆς
2293 4119 2392 4173 καὶ
2437 4119 2702 4190 Ἰαμϐρῆς
2751 4113 2914 4188 ἦσαν.
2946 4118 3110 4173 Ὥστε
3138 4115 3202 4168 ού
3236 4113 3529 4182 κενοφανὲς
3559 4111 3623 4163 τδ

2041 4210 2436 4284 πρᾶγμα,ούδὲ
2472 4210 2635 4283 μέχρι
2663 4207 2759 4261 σοῦ
2789 4209 3071 4279 στήσεται.
3096 4205 3189 4276 Μὴ
3221 4205 3401 4259 τοίνυν
3424 4202 3624 4272 δυσχέο

2045 4321 2220 4376 ραινε.
2253 4303 2456 4374 Καιροὶ
2484 4301 2543 4354 δὲ
2566 4301 2819 4372 χαλεποὶ,
2875 4297 3136 4354 τουτέστι⁴
3161 4298 3305 4351 πάνυ
3369 4293 3620 4368 πονηροί.

2041 4398 2113 4449 Ού
2149 4391 2518 4465 περὶὴμερῶν
2549 4391 2605 4445 δὲ
2635 4389 2794 4446 τοῦτο
2820 4391 3068 4462 νοητέον,
3109 4389 3215 4461 (τίς
3245 4390 3354 4459 γὰρ
3387 4387 3624 4457 πονηρία

2043 4486 2255 4558 ἡμέρας
2278 4487 2318 4553 ;)
2364 4483 2502 4536 ἀλλὰ
2530 4485 2662 4556 περὶ
2695 4483 2804 4537 τῶν
2831 4485 2890 4536 ἐν
2929 4485 3049 4546 ταῖς
3099 4482 3340 4553 ἡμέραις
3371 4478 3624 4548 πονηρῶν

2045 4575 2142 4629 καὶ
2188 4572 2534 4645 πραγμάτων
2567 4574 2661 4626 καὶ
2713 4571 3044 4644 ἀνθρώπων.
3105 4573 3216 4625 Καὶ
3269 4572 3431 4641 ἡμεῖς
3469 4570 3526 4620 ὲν
3553 4569 3621 4637 τῇ

2043 4666 2303 4738 συνηθείᾳ
2331 4665 2474 4721 οὕτω
2545 4665 2780 4736 λέγομεν
2829 4665 3056 4737 καιροὺς
3102 4664 3375 4735 πονηροὺς
3432 4661 3527 4716 καὶ
3559 4659 3629 4713 ού

2044 4757 2338 4827 πονηροὺς,
2370 4755 2478 4808 ἀπὸ
2529 4754 2640 4809 τῶν
2692 4757 2753 4809 ὲν
2790 4755 2977 4822 αὐτοῖς
3015 4752 3426 4825 συμϐαινόντων
3485 4766 3625 4821 πρα-

2044 4849 2291 4919 γμάτων,
2315 4847 2348 4918 ἦ
2385 4845 2495 4900 ἀπὸ
2520 4846 2630 4900 τῶν
2658 4846 2982 4918 ἀνθρώπων.

2119 4938 2408 4994 Ἔσονται
2443 4937 2553 5007 γὰρ
2605 4939 2660 4991 οἱ
2691 4936 2989 5004 ἄνθρωποι
3015 4936 3318 5005 φίλαυτοι.
3354 4932 3532 4996 Εὐθὺς
3564 4930 3626 4984 τὸ

2047 5033 2267 5086 πάντων
2317 5031 2492 5084 αἴτιον
2537 5028 2649 5082 τῶν
2686 5028 2874 5082 κακῶν
2921 5028 3128 5096 τίθησι,
3174 5027 3234 5079 τὸ
3272 5028 3347 5098 μὴ
3401 5027 3472 5079 τὰ
3527 5021 3626 5076 τοῦ

2047 5123 2300 5193 πλησίον,
2358 5121 2494 5174 ἀλλὰ
2521 5120 2590 5174 τὰ
2623 5119 2788 5174 αὑτοῦ
2842 5119 3005 5190 μόνου
3059 5119 3305 5171 σκοπεῖν.
3361 5117 3626 5177 Φιλαυτος

2047 5215 2156 5286 γὰρ
2182 5215 2210 5268 ὁ
2234 5212 2429 5266 ἑαυτὸν
2464 5211 2625 5282 μόνον
2657 5210 2828 5281 φιλῶν
2848 5226 2864 5242 ο
2907 5211 2967 5276 ἐξ
2985 5203 3046 5265 οὗ
3075 5209 3369 5278 συμϐαίνει
3401 5207 3462 5260 τὺ
3486 5205 3625 5277 μηδὲ

2046 5303 2238 5358 ἑαυτὸν
2269 5301 2463 5372 φιλεῖν.
2503 5301 2716 5371 Ὠσπερ
2759 5299 2867 5370 γάρ
2923 5301 2978 5353 ὲν
3027 5301 3140 5363 τοίς
3180 5299 3400 5369 μέλεσιν
3463 5298 3496 5366 ή
3525 5293 3622 5348 τοῦ

2047 5393 2166 5455 ἐνὸς
2193 5391 2365 5462 βλάϐη
2387 5389 2484 5444 καὶ
2517 5391 2600 5452 εἰς
2630 5389 2699 5443 τὰ
2730 5388 2896 5442 λοιπὰ
2919 5387 3210 5452 διαϐαίνει,
3250 5387 3346 5440 καὶ
3379 5385 3472 5437 ἐπὶ
3513 5383 3627 5436 τῶν

2049 5481 2504 5552 οἰκοδομημάτων
2531 5479 2795 5543 ὡσαύτως
2817 5496 2830 5512 ·
2847 5478 2991 5534 οὕτω
3011 5479 3105 5533 καὶ
3130 5479 3189 5533 ὲν
3217 5480 3283 5548 τῇ
3302 5473 3626 5546 Ἐκκλησία,

2047 5574 2076 5625 ὀ
2107 5571 2324 5642 ἀμελῶν
2362 5570 2457 5624 τοῦ
2489 5569 2746 5639 ἀδελφοῦ,
2792 5569 2887 5626 καὶ
2922 5569 3116 5625 ἑαυτὸν
3149 5568 3310 5640 μόνον
3343 5564 3630 5638 τημελῶν,

2049 5663 2142 5717 καὶ
2169 5660 2345 5733 ἑαυτῷ
2371 5661 2434 5716 λυ
2444 5659 2715 5735 μαίνεται.
