4006 6214
319 345 426 410 117

1060 340 1472 404 EXPOSITIO
1495 340 1576 402 IN
1600 339 1840 402 EPIST.
1878 341 1942 401 ΙΙ
1968 342 2074 404 AD
2089 342 2480 404 TIMOTH.-
2502 343 2662 404 CAP.
2696 343 2828 404 I’ll‘.

3455 344 3474 410 1
3490 345 3588 410 lit“

390 456 772 528 Φιλάργυροι.
811 456 994 512 Είπὼν
1021 456 1120 528 τὴν
1155 457 1333 529 ῥίζαν,
1358 459 1555 528 ἐπάγει
1585 460 1767 525 ίδικῶς
1791 459 1887 515 καὶ

2059 462 2242 517 Avari.
2290 461 2425 517 Cum
2461 460 2688 518 dixisset
2715 461 2975 528 radicem,
3002 461 3164 518 infert
3192 463 3472 533 speciatim
3502 474 3558 522 et

325 551 450 612 τοῦς
483 548 581 605 ἀπ’
607 547 780 615 αὐτῆς
805 547 1054 613 κλάδους,
1083 543 1159 603 ῶν
1191 550 1406 621 πρῶτος
1439 550 1536 604 καὶ
1567 551 1826 620 μέγιστος
1855 553 1889 622 ὴ

323 638 659 708 φιλαργυρία
700 637 801 706 (a).
854 637 1064 708 Ὥσπερ
1103 637 1214 709 γὰρ
1268 640 1332 692 ὲκ
1377 641 1480 709 τῆς
1531 640 1752 709 ἀγάπης
1784 640 1893 693 πᾶν

323 727 518 792 καλὸν,
547 725 718 789 οὕτως
744 727 810 780 ὲκ
833 726 934 796 τῆς
965 726 1250 795 φιλαυτίας
1278 729 1387 780 πᾶν
1427 729 1621 794 κακὸν,
1661 731 1894 784 ἀντικειο

326 819 499 888 μένης
528 821 594 887 τῇ
625 817 840 890 ἀγάπῃ.
869 818 936 872 Ἦ
963 818 1062 888 μὲν
1086 819 1194 888 γάρ
1217 820 1444 876 πλατεῖά
1471 823 1609 886 ἐστι,
1635 822 1732 877 καὶ
1752 839 1894 876 παν·

321 905 491 976 ταχοῦ
536 907 866 977 ἐκκέχυται·
909 910 944 980 ἠ
977 910 1034 963 δὲ
1064 911 1319 978 φιλαυτία
1370 915 1548 967 στενοῖ
1583 913 1644 967 τὸ
1681 912 1894 977 πλάτος

323 997 550 1069 ταύτης,
581 999 675 1052 καὶ
696 1000 778 1063 είς
809 999 906 1054 ἕνα
935 1000 1099 1070 μόνον
1132 1003 1435 1058 συστέλλει.

404 1193 740 1259 ’Δλαζὸνες.
778 1193 938 1250 Κατά
961 1195 1246 1266 ἄνθρωπον
1277 1199 1678 1267 κομπάζοντες.

403 1371 820 1440 Ὺπερήφανοι,
877 1372 1258 1444 βλάσφημοι.
1313 1377 1738 1449 Προκοπτούσης
1795 1379 1894 1449 τῆς

327 1460 550 1524 κακίας,
590 1462 690 1531 ήδη
718 1462 812 1515 καὶ⁵
858 1462 953 1516 ἐπὶ
1000 1463 1132 1518 Θεὸν
1180 1466 1212 1534 ἠ
1249 1463 1426 1534 ὕϐρις.
1461 1466 1630 1520 Ὅταν
1672 1468 1782 1539 γάρ
1809 1483 1894 1530 τις

325 1552 433 1605 τῶν
493 1550 799 1620 ἀνθρώπων
854 1552 1416 1626 καταλαζονεύσηται,
1470 1553 1590 1610 εἶτα
1642 1558 1738 1610 καὶ
1788 1558 1894 1611 πᾶν

328 1643 663 1713 κατόρθωμα
717 1644 896 1716 ἑαυτῷ
944 1646 1263 1718 ὲπιγράφῃ,
1327 1650 1420 1702 καὶ
1479 1647 1600 1719 οὐχ).
1651 1652 1717 1720 τῇ
1773 1649 1896 1720 Θείᾳ

329 1735 531 1804 χάριτι.
563 1738 687 1789 τότε
720 1737 821 1807 ήδη
848 1736 940 1791 καὶ
969 1737 1308 1810 βλασφημεῖ.

1993 551 2063 606 ab
2086 567 2151 608 ea
2173 561 2366 608 enatos
2392 566 2597 616 ramos,
2622 567 2856 622 quorum
2880 559 2935 607 et
2967 553 3182 622 primus
3206 562 3263 607 et.
3287 557 3556 612 maximus

1993 649 2079 696 est
2103 640 2331 695 avaritia
2356 659 2371 696 ι
2406 640 2630 710 perinde
2654 655 2890 711 namque
2912 655 2976 696 ac
3005 657 3070 697 ex
3098 645 3364 699 charitate
3398 660 3560 700 omne

1997 731 2224 792 bonum.
2263 731 2345 787 sic
2363 745 2429 786 ex
2455 731 2742 802 philautia,
2771 742 2960 802 utpote
2992 734 3248 787 cbaritati
3279 737 3556 806 opposita,

1993 835 2154 876 omne
2195 820 2396 875 malum
2448 821 2688 891 proﬂuit.
2735 819 2868 875 Nam
2925 823 3162 878 charitas
3209 831 3292 879 cst
3341 826 3471 890 lata,
3506 837 3562 881 ct

1993 925 2324 981 quocunque
2352 910 2650 967 effunditur
2697 929 2710 965 :
2755 913 3019 981 philautia
3052 929 3183 969 vero
3213 913 3558 969 latitudinem

1993 1002 2114 1073 ejus
2140 1002 2197 1057 in
2231 1009 2441 1060 arctum
2475 1004 2958 1072 constrmgit,etin
2978 1018 3146 1058 unum
3181 1004 3560 1060 tantummodo

1995 1094 2293 1150 contrahit.

2064 1188 2231 1258 608
2277 1185 2448 1243 Elati.
2483 1185 2586 1253 Qui
2626 1199 2746 1242 sesc
2779 1185 3046 1241 adversus
3074 1184 3211 1243 alios
3244 1185 3476 1241 cﬂ'erunt
3508 1195 3572 1242 et

1996 1285 2296 1330 ostentant.

2068 1366 2309 1437 Superbi,
2328 1367 2638 1436 blasphemi.
2662 1366 3000 1422 Procedente
3032 1367 3260 1429 malitia,
3293 1367 3360 1420 ad
3391 1367 3567 1420 Deunr

1996 1473 2168 1528 usque
2191 1459 2390 1528 injuria
2415 1460 2698 1530 pertingit.
2725 1457 2954 1524 Quando
2979 1459 3123 1512 enim
3148 1458 3346 1526 aliquis
3370 1459 3562 1511 adver-

1995 1566 2090 1606 sus
2125 1550 2375 1606 homines
2399 1564 2666 1619 arrogans
2695 1549 2877 1612 fuerit,
2904 1549 3116 1616 sibique
3142 1562 3358 1601 omnem
3390 1548 3562 1600 virtu-

1996 1648 2103 1696 tem
2130 1641 2472 1709 ascripserit,
2510 1648 2565 1696 et
2597 1654 2704 1695 non
2733 1638 2928 1693 divina:
2953 1630 3166 1707 gratias,
3196 1647 3310 1692 tum
3343 1638 3566 1692 demum

1998 1731 2348 1801 hlaSphemns
2369 1738 2476 1785 est.

394 1826 698 1880 Γονεῦσιν
726 1827 1012 1895 ἀπειθεῖς,
1032 1831 1370 1901 ἀχάριστοι,
1387 1833 1643 1898 ἀνόσιοι,
1675 1834 1892 1902 ἄστορ-

2065 1822 2380 1876 Parentibus
2414 1839 2518 1876 non
2553 1821 2847 1877 obedientes
2868 1861 2884 1887 ,
2917 1821 3134 1891 ingrati,
3180 1821 3408 1887 scelesti,
3447 1821 3572 1874 sine

333 1935 443 1986 γοι,
475 1918 793 1974 ἄσπονδοι.
830 1921 1068 1986 Είκότως
1088 1925 1166 1977 ἐἰ
1197 1926 1304 1996 γὰρ
1327 1926 1459 1981 Θεὸν
1488 1927 1892 1997 βλασφημοῦσι.

333 2017 448 2079 πῶς
481 2019 660 2084 γονεῖς
687 2020 1048 2090 τιμήσουσιν;
1087 2020 1146 2074 '0
1179 2021 1234 2074 δὲ
1265 2028 1443 2090 γονεῖς
1467 2024 1542 2094 μὴ
1576 2023 1773 2093 τιμῶν,
1793 2024 1893 2078 καὶ

340 2108 471 2176 πρὸς
502 2109 709 2173 πάντας
753 2109 910 2165 ἔσται
956 2113 1270 2183 ἀχάριστος.
1319 2115 1376 2169 Ὀ
1425 2116 1484 2170 δὲ
1515 2117 1754 2180 τοιοῦτος
1798 2114 1894 2171 καὶ

317 2200 567 2264 ἀνόσιος,
593 2201 671 2254 ὅτι
717 2201 817 2272 τὴν
859 2203 1015 2256 ὁσίαν
1053 2206 1148 2258 καὶ
1195 2207 1256 2259 τὸ
1285 2207 1630 2277 ὀφειλόμενον
1663 2207 1847 2262 ἀθετεῖ
1873 2222 1886 2238 ⁸

344 2288 473 2340 ά).λά
499 2290 590 2342 καί
614 2289 902 2359 ἀττοργος.
951 2291 1088 2347 Τίνα
1125 2295 1234 2365 γὰρ
1263 2294 1475 2366 στέρξει
1505 2295 1686 2361 ἄλλον,
1736 2296 1766 2348 ὁ
1803 2293 1894 2348 τὸν

340 2381 625 2449 εὐεργέτην
677 2383 1032 2448 ἀποπτύσας;
1107 2385 1218 2439 Καὶ
1284 2386 1593 2453 ἄσπονδος
1615 2427 1633 2452 ,
1706 2385 1894 2460 μηδενὶ

339 2471 722 2542 σπενδόμενος,
750 2474 860 2542 εἴγε
891 2475 1024 2546 μηδὲ
1054 2476 1131 2547 τῷ
1169 2477 1456 2550 εὐεργέτῃ.

405 2717 694 2773 Διάϐολοι.
720 2721 996 2788 Τουτέστι,
1017 2723 1222 2787 πάντας
1248 2724 1692 2793 κακολογοῦντες.
1711 2727 1768 2779 '0
1786 2726 1894 2798 γὰρ

348 2810 505 2878 μηδὲν
555 2809 732 2882 ἑαυτῷ
766 2813 1019 2876 συνειδὼς
1074 2814 1298 2883 ἀγαθὸν,
1338 2816 1544 2880 πάντας
1599 2818 1893 2884 διαϐάλλει,

350 2902 520 2971 ἑαυτῷ
551 2903 898 2973 παραμυθίαν
928 2906 1052 2960 τινά
1094 2907 1574 2980 περιποιούμενος,
1600 2909 1678 2979 τῷ
1698 2909 1893 2974 δοκεῖν,

344 2991 439 3044 καὶ
468 2995 719 3050 ἐπινοῶν.

421 3173 726 3241 Ἀκρατεῒς.
777 3174 889 3228 Καὶ
917 3175 1184 3247 γλώττης,
1227 3176 1323 3233 καὶ¹
1368 3179 1626 3249 γαστρὸς,
1659 3179 1752 3234 καὶ
1785 3181 1895 3234 τῶν

339 3263 504 3318 ἄλλων
534 3267 817 3323 ἁπάντων.

412 3354 744 3425 Ἀνήμεροι.
777 3356 940 3428 Ὁρᾷς
988 3357 1140 3422 τίνας
1178 3360 1324 3411 ποιεῖ
1361 3359 1394 3430 ἡ
1429 3358 1684 3430 φιλαυτία
1723 3361 1817 3416 καὶ
1863 3363 1895 3433 ἡ

335 3447 699 3518 φιλαργυρίας
725 3449 903 3520 Θηρία
929 3449 1051 3503 ἀντὶ
1080 3449 1403 3520 ἀνθρώπων.

408 3539 806 3608 Ἀφιλάγαθοα
841 3541 1050 3605 Παντὸς
1081 3542 1286 3610 ἀγαθοῦ
1318 3541 1521 3614 ἐχθροί.

399 3629 712 3697 Προδόται.
742 3633 853 3702 Τῆς
883 3633 1087 3703 φιλίας.

401 3723 747 3790 Προπετεῖς.
783 3725 1096 3792 Τουτέστιν,
1136 3726 1406 3795 ἀϐέϐαιοι,
1458 3728 1610 3788 οὐδὲν
1637 3728 1897 3800 σταθερὸν

334 3811 569 3882 ἔχοντες.

405 3905 752 3973 Τετυςςωμέν
763 3923 837 3960 οι.
877 3907 1163 3972 Ἀπονοίας
1201 3910 1650 3982 πεπληρωμένοι.

399 3995 728 4063 omnem);
788 3996 1030 4066 μᾶλλον
1085 4001 1122 4068 ἢ
1175 4001 1458 4068 φιλόθεοι.
1514 4002 1849 4067 Ἀναγκαίως
1881 4017 1895 4032 ο

335 4085 454 4140 ἔνθα
491 4088 602 4156 γὰρ
640 4087 792 4155 φιλία
826 4089 936 4141 τῶν
977 4089 1073 4143 τοῦ
1101 4091 1306 4161 κόσμου
1337 4091 1604 4161 τερπνῶν,
1626 4090 1740 4143 ἐκεῖ
1759 4089 1902 4155 οεῐος

337 4176 495 4238 πόθος
526 4176 629 4229 οὐκ
667 4177 833 4230 ἔστιν.

404 4269 696 4335 Ἔχοντες
748 4269 1062 4337 μόρφωσιν
1093 4270 1429 4337 εὐσεϐείας,
1468 4270 1582 4339 τὴν
1618 4268 1686 4322 δὲ
1723 4270 1902 4325 δύνα-

332 4374 434 4424 μιν
477 4357 676 4427 αὐτῆς
726 4359 1071 4427 ἠρνημένοι.
1121 4360 1405 4425 Τουτέστι,
1475 4361 1902 4430 σχηματίζονται

1995 1914 2294 1981 aﬂ'ectione,
2317 1916 2430 1969 sine
2461 1931 2606 1983 pace.
2643 1916 2811 1984 quue
2855 1929 2963 1968 non
2997 1914 3310 1968 immerito:
3351 1928 3472 1966 nam
3513 1913 3560 1968 si

1999 1998 2164 2054 Deum
2205 2000 2610 2070 hlasphemant,
2633 2002 2912 2073 quomodo
2943 2011 3197 2073 parentes
3216 2003 3570 2058 venerabunw

1998 2091 2131 2144 tur?
2183 2090 2285 2156 Qui
2317 2100 2498 2148 autem
2539 2105 2794 2164 parentes
2823 2108 2955 2148 suos
2996 2109 3103 2148 non
3143 2094 3400 2156 honorat,
3431 2106 3562 2161 erga

1996 2196 2188 2237 omnes
2219 2183 2465 2254 ingratus
2496 2185 2622 2239 erit.
2669 2184 2771 2251 Qui
2801 2191 2981 2238 autem
3017 2183 3142 2238 talis
3167 2192 3274 2248 est,
3309 2183 3358 2238 is
3387 2191 3470 2236 est
3507 2189 3565 2236 et

1995 2273 2264 2330 scelestus
2312 2315 2329 2342 ,
2371 2275 2497 2344 quia
2546 2276 2892 2332 sanctitatem
2951 2283 3006 2330 et
3061 2274 3294 2330 ollicium
3359 2271 3558 2340 rejicit.

1997 2362 2302 2428 Quinetiam
2331 2380 2360 2418 a
2392 2365 2678 2420 charitatis
2709 2366 2902 2420 alicctu
2935 2355 3146 2420 alienus
3175 2381 3192 2420 :
3229 2377 3389 2434 quem
3412 2361 3561 2416 enim

1997 2456 2163 2508 alium
2191 2457 2502 2512 dilectionis
2530 2458 2725 2513 all’ectu
2767 2458 3186 2527 complectetur,
3209 2457 3304 2526 qui
3340 2455 3566 2511 benefa-

1997 2554 2202 2600 ctorem
2242 2561 2402 2602 suum
2432 2549 2639 2617 respuit
2669 2549 2692 2602 ?
2725 2547 2790 2602 Et
2817 2549 2930 2602 sine
2953 2563 3098 2616 pace,
3131 2547 3332 2602 nemini
3363 2560 3566 2600 recont-

1999 2637 2239 2703 riliatur,
2275 2638 2544 2707 siquidem
2581 2653 2690 2693 non
2719 2639 2820 2709 ipsi
2856 2638 3215 2694 benefactori.

2068 2720 2233 2778 Vens.
2262 2723 2317 2776 5.
2349 2723 2748 2780 Criminatores.
2778 2724 2891 2780 Hoc
2917 2735 3019 2792 est,
3049 2726 3306 2781 omnibus
3328 2725 3563 2780 maledi-

1997 2822 2202 2867 centes.
2249 2813 2352 2878 Qui
2397 2815 2542 2868 enim
2578 2815 2783 2870 nullius
2821 2815 2949 2870 boni
2985 2816 3088 2869 sibi
3137 2815 3395 2870 conscius
3429 2826 3511 2871 est
3542 2854 3560 2880 ,

1997 2919 2189 2958 omnes
2218 2903 2356 2960 alios
2386 2906 2734 2972 criminatur,
2757 2905 2861 2960 sibi
2893 2905 2998 2975 ipsi
3035 2906 3138 2959 hoc
3178 2913 3336 2974 pacto
3360 2921 3561 2961 conso-

1999 2993 2256 3050 lationem
2303 2997 2594 3065 quamdam
2662 2996 2948 3067 acquirere
3007 2996 3158 3052 visus
3220 3003 3276 3050 ct
3333 2997 3556 3065 excogi-

1921 3121 1965 3178 ϐ
1999 3093 2142 3178 tatis.

2066 3175 2473 3230 Incontinentes.
2523 3174 2730 3246 Lingua
2774 3175 2984 3232 scilicet
3029 3185 3084 3232 et
3111 3183 3301 3232 ventre
3326 3175 3568 3246 altisque

1997 3267 2235 3322 cunctis.
3252 3316 3255 3319 _

2071 3356 2330 3412 Immites.
2393 3356 2800 3412 Animadvertis
2859 3372 3124 3428 quosnam
3184 3357 3349 3424 faciat
3408 3372 3564 3413 amor

1999 3447 2078 3505 sui
2104 3457 2158 3502 et
2181 3447 2407 3502 avaritia
2431 3447 2678 3504 ?Belluas
2707 3449 2963 3504 nimirum
2993 3465 3091 3519 pro
3118 3448 3456 3505 hominibus.

2072 3541 2202 3596 Sine
2233 3541 2568 3611 benignitate.
2599 3540 2789 3596 Omnis
2811 3541 2939 3596 boni
2969 3541 3173 3597 hostes.

2068 3631 2238 3687 Vens.
2270 3634 2323 3687 4.
2355 3631 2684 3687 Proditores.
2717 3631 3004 3687 Amicitiae.

2072 3721 2403 3792 Praecipites.
2443 3723 2558 3779 Hoc
2583 3731 2688 3779 est.
2720 3722 3027 3791 instabiles,
3064 3723 3199 3779 nihil
3243 3723 3435 3780 stabile
3466 3724 3560 3779 ha-

1999 3817 2212 3873 hcntes.

2056 3903 2311 3958 Tumidi.
2343 3906 2672 3977 Arrogantia
2703 3907 2870 3977 pleni.

2075 3995 2411 4062 Voluptatum
2437 4007 2703 4050 amatores
2723 3998 2894 4067 magis
2907 4011 3066 4066 quam
3100 3995 3215 4050 Dei.
3244 3995 3569 4052 Necessario

2002 4086 2108 4142 hoc
2135 4087 2409 4157 sequitur.
2450 4087 2555 4144 Ubi
2607 4088 2752 4142 enim
2791 4098 2875 4143 est
2913 4087 3074 4156 hujus
3101 4087 3287 4142 mundi
3323 4089 3568 4157 volupta-

2002 4186 2116 4232 tum
2145 4189 2320 4244 amor,
2349 4178 2462 4231 illic
2493 4176 2734 4231 divinum
2767 4177 3098 4232 desiderium
3132 4193 3238 4231 non
3268 4187 3372 4232 est.

2077 4266 2235 4322 Vens.
2264 4267 2318 4322 5.
2376 4266 2638 4320 Habentes
2669 4267 2890 4334 speciem
2918 4267 3152 4334 pietatis,
3191 4267 3438 4320 virtutem
3469 4283 3568 4320 au-

1997 4368 2106 4412 tem
2151 4359 2264 4427 ejus
2302 4357 2638 4429 abneganles.
2674 4356 2787 4412 Hoc
2823 4362 2908 4412 est
2933 4394 2949 4420 ,
2990 4357 3222 4426 speciem
3271 4356 3578 4426 quamdam

335 4449 497 4512 μόνον
528 4449 626 4519 τὴν
667 4448 924 4502 ἀσέϐειαν
972 4450 1068 4503 καὶ
1101 4450 1502 4521 ὑποκρίνονται,
1536 4450 1626 4504 διὰ
1674 4451 1731 4504 δὲ
1786 4450 1896 4504 τῶν

2005 4451 2221 4519 pietatis
2242 4465 2354 4519 prae
2376 4464 2436 4504 se
2481 4448 2663 4503 lerunt
2682 4463 2746 4503 ac
2769 4447 3027 4503 simulant
3052 4456 3284 4514 tantum,
3309 4449 3574 4518 operibus

332 4537 516 4606 ἔργων
566 4538 854 4609 ἀρνοῦνται
880 4539 1105 4610 ταύτην.
1136 4541 1447 4612 Σημείωσαι
1479 4541 1537 4595 δὲ
1567 4542 1648 4594 ὅτι
1678 4543 1709 4611 ἡ
1739 4541 1899 4594 δύνα-

337 4646 427 4696 μις
464 4629 572 4698 τῆς
601 4629 901 4696 εὐσεϐείας,
938 4632 1032 4685 καὶ
1061 4631 1130 4685 τὰ
1152 4633 1318 4685 οἱονεὶ
1347 4632 1536 4703 νεῦρα,
1568 4635 1624 4686 ὲν
1654 4635 1770 4695 τοῖς
1807 4632 1898 4702 ἔρ-

334 4737 446 4787 γοις
479 4721 812 4778 δείκνυνται.
864 4723 1105 4785 Εἰκότως
1143 4724 1236 4778 οῦν
1274 4724 1491 4794 λέγεται
1521 4725 1692 4794 χωρὶς
1720 4725 1898 4795 ἔργων

339 4812 506 4878 νεκρά
561 4807 723 4866 εἶναι.
779 4816 1105 4883 Μόρφωσιν
1132 4815 1188 4868 δὲ
1221 4813 1455 4885 ἀλλαχοῦ
1506 4817 1535 4868 ὁ
1576 4815 1897 4878 ’Δπόστολος

342 4899 430 4951 ἐπὶ
462 4900 632 4954 καλοῦ
677 4903 984 4973 παρέλαϐεν
1019 4921 1036 4938 ο
1070 4906 1099 4957 ὁ
1130 4903 1238 4975 γάρ
1271 4905 1586 4969 διδάσκαλος
1622 4906 1902 4976 μόρφωσιν

343 4990 592 5055 γνώσεως
621 4991 755 5063 ἔχει,
784 4995 1055 5058 τουτέστι,
1115 4979 1339 5049 πλάττει
1396 4995 1491 5049 καὶ
1548 5000 1753 5068 μορφοῖ
1802 4996 1902 5066 τὴν

343 5079 541 5145 γνῶσιν
568 5081 627 5133 ὲν
657 5083 772 5144 τοῖς
808 5082 1095 5152 μαθηταῖς.

411 5171 520 5224 Καί
544 5172 800 5236 τούτους
827 5172 1188 5240 ἀποτρέπου.
1229 5173 1292 5226 Ei
1321 5173 1378 5226 ὲν
1402 5173 1646 5244 ὑστέροις
1692 5177 1904 5244 καιροῖς

338 5260 569 5328 ἔσονται,
601 5263 721 5327 πῶς
749 5280 902 5332 φησι,
927 5265 1182 5330 Τούτους
1208 5265 1550 5334 ἀποτρέπου
1570 5282 1590 5331 ;
1620 5267 1780 5328 Είκὸς
1803 5267 1903 5336 μὲν

341 5353 434 5404 καὶ
452 5353 572 5405 τότε
591 5353 871 5418 τοιούτους
893 5349 1032 5408 εἷναί
1065 5373 1236 5421 τινας,
1270 5359 1320 5411 εί
1352 5357 1447 5411 καὶ
1479 5356 1556 5428 μὴ
1588 5357 1706 5428 μεθ’
1735 5357 1904 5430 ὕπερ-

337 5437 520 5511 ϐολῆς,
557 5442 672 5496 ἀλλ’
700 5443 847 5513 ὅμως
875 5439 1035 5510 εἶναι,
1061 5447 1135 5509 ὡς
1167 5447 1233 5500 ἂν
1261 5449 1309 5498 εί
1339 5447 1512 5516 ἔλεγε,
1561 5447 1699 5512 Τοὺς
1726 5446 1905 5501 τοιού-

2004 4552 2184 4598 autem
2232 4556 2352 4596 eam
2402 4548 2623 4612 negant.
2673 4539 2915 4596 Observa
2947 4551 3128 4595 autem
3171 4539 3260 4594 hic
3301 4541 3409 4595 vim
3442 4539 3570 4594 ﬁdei

2002 4641 2166 4699 atque
2219 4630 2356 4684 adeo
2405 4645 2602 4686 nervos
2640 4645 2736 4700 per
2782 4645 2947 4699 Opera
2987 4630 3282 4686 monstrari
3317 4624 3336 4685 ι’
3373 4629 3566 4684 merito

2003 4723 2168 4792 igitur
2198 4721 2401 4776 dicitur
2436 4721 2555 4776 sine
2597 4722 2857 4791 operibus
2899 4735 3022 4777 esse
3062 4728 3298 4776 mortua.
3331 4720 3566 4788 Speciem

2005 4821 2184 4868 autem
2215 4813 2322 4866 alio
2357 4813 2411 4866 in
2441 4813 2561 4867 loco
2603 4813 2898 4881 Apostolus
2919 4812 2975 4866 in
3005 4812 3210 4866 bonam
3235 4822 3444 4880 partem
3472 4826 3565 4865 as-

2010 4905 2245 4974 sumpsit
2274 4910 2611 4974 :praeceptor
2645 4902 2791 4956 enim
2825 4901 3206 4957 formationem
3241 4901 3571 4974 cognitionis

2011 5003 2064 5049 et
2094 4995 2337 5048 scientiae
2368 4993 2551 5058 habet,
2587 4989 2692 5045 hoc
2721 4998 2804 5046 est
2828 5032 2848 5059 ,
2882 4991 3034 5064 lingit
3064 5003 3117 5048 et
3146 4992 3345 5048 format
3385 4992 3569 5048 scien-

2009 5086 2140 5138 tiam
2173 5086 2225 5138 in
2260 5083 2565 5152 discipulis.

2078 5174 2148 5226 Et
2195 5173 2292 5228 hos
2323 5173 2518 5226 devita.
2549 5172 2607 5226 Si
2637 5171 2691 5227 in
2718 5175 2978 5231 extremis
3008 5175 3348 5244 temporibus
3383 5180 3567 5237 erunt,

2010 5264 2284 5335 quomodo
2329 5264 2480 5330 dicit,
2517 5263 2584 5317 Et
2616 5264 2710 5320 hos
2755 5267 2923 5320 devita
2950 5269 2978 5324 7
3003 5264 3312 5321 Verisimile
3343 5263 3566 5332 quidem
3672 5251 3680 5262 ’

2009 5365 2096 5412 est
2130 5363 2264 5410 tunc
2293 5356 2456 5412 etiam
2485 5357 2620 5413 tales
2661 5357 2830 5414 fuisse
2858 5357 3146 5428 quosdam,
3173 5355 3276 5410 etsi
3307 5369 3415 5410 non
3445 5368 3568 5410 om-

2015 5445 2146 5500 nino
2172 5452 2322 5498 tanta
2357 5445 2538 5514 copia,
2576 5445 2746 5502 fuisse
2775 5457 2978 5512 tamen,
3004 5442 3224 5515 perinde
3253 5458 3318 5500 ac
3345 5443 3392 5502 si
3421 5445 3565 5506 dicat

411 5641 488 5713 (μ)
519 5644 746 5724 Aut_hic
779 5647 1064 5718 legendum
1096 5649 1369 5724 φιλαυτία,
1404 5660 1463 5724 nt
1495 5651 1656 5709 habet
1685 5651 1810 5710 cod.
1845 5651 1896 5707 S.

2003 5643 2110 5707 arci
2167 5649 2383 5718 Venet,
2429 5655 2522 5704 aut
2555 5649 2716 5718 paulo
2773 5658 2899 5719 post
2951 5647 3238 5720 legendum
3301 5651 3569 5724 φιλαργύο

343 5709 478 5780 ρία,
497 5716 751 5786 avaritia,
781 5709 1066 5776 utvsensus
1089 5709 1233 5780 recte
1264 5737 1324 5779 se
1347 5709 1567 5778 haheat.
