4006 6214
395 338 496 401 119

1298 335 1873 396 THEOPHYLACTI
1915 336 2326 397 BULGARI.’E
2366 339 2723 406 ARCHIEP.

3545 341 3647 406 ιιι)

387 452 526 506 Cum
569 450 704 505 tales
742 449 1037 506 etiamnum
1079 448 1454 512 inveniuntur,
1483 446 1666 502 devita
1697 463 1710 501 :
1745 447 1888 502 sicut
1919 457 1968 502 et

2075 468 2200 515 τους
2219 451 2312 505 καὶ
2328 453 2424 506 νῦν
2448 453 2866 523 εὑρισκομένους
2884 452 3087 524 [καλῶς
3103 451 3292 524 ποιῶν]
3316 454 3648 524 Ξιποτρέπουο

393 543 583 598 subdit
613 559 626 607 ;
658 542 742 595 Ex
779 544 860 595 his
899 551 1021 596 sunt
1055 543 1144 611 qui
1175 550 1452 609 penetrant
1479 541 1683 594 domos.
1718 538 1809 594 Vel
1839 541 1966 611 quia

395 645 698 705 postremos
743 631 870 687 dies.
919 647 1014 687 eos
1043 632 1176 686 dicit
1223 633 1444 697 Paulus,
1484 636 1577 702 qui
1605 637 1814 691 obitum
1853 643 1968 692 sta-

393 727 488 781 tim
552 739 710 780 suum
766 724 1012 778 secuturi
1059 734 1265 788 essent,
1315 724 1369 778 in
1413 725 1612 794 quibus
1649 726 1968 781 Timotheus

392 819 570 874 adhuc
595 817 1058 888 superste5609
1083 816 1298 872 futurus
1327 826 1467 872 erat.
1494 817 1609 884 Vel,
1632 819 1777 889 quod
1803 819 1966 872 etiam

393 910 577 963 verius
617 925 846 979 magnus
878 909 968 962 ille
1013 908 1445 978 Chrysostomus
1483 909 1716 979 iudicat,
1750 923 1846 978 per
1877 908 1968 961 Τί-

393 1001 667 1054 tnotlieum
705 1014 896 1054 oumcs
952 999 1276 1054 adhortatur
1309 1011 1367 1055 ut
1394 1001 1532 1056 tales
1559 1001 1793 1070 fugiant.

465 1088 627 1144 Vens.
656 1089 708 1144 6.
748 1089 831 1142 Ex
869 1091 950 1144 Itis
980 1093 1120 1146 enim
1167 1101 1289 1146 sunt
1331 1093 1423 1162 qui
1449 1101 1723 1161 penetrant
1761 1083 1965 1144 domos.

391 1181 785 1250 impudentiam
850 1197 1040 1236 eorum
1096 1183 1303 1238 indicat
1360 1199 1455 1253 per
1504 1184 1610 1238 hoc.
1640 1181 1786 1252 quod
1845 1183 1920 1236 ait
1951 1175 1966 1235 ’ὲ

390 1274 480 1342 qui
525 1281 838 1341 penetrant;
869 1289 1082 1328 necnon
1129 1275 1435 1330 honestatis
1477 1276 1806 1342 absentiam,
1838 1275 1970 1330 adu-

391 1364 650 1418 lationem
681 1374 734 1419 cl
768 1365 1086 1434 imposturae
1122 1368 1582 1436 magnitudinem.

463 1470 531 1524 Et
563 1473 798 1540 captiuas
836 1471 1034 1526 ducunt
1085 1474 1454 1528 mulierculas.
1499 1475 1621 1530 Non
1670 1475 1834 1542 dixit,
1880 1474 1974 1530 de-

390 1563 680 1631 cipientes,
717 1565 835 1629 sed,
869 1566 1102 1634 captivas
1144 1566 1413 1629 ducentes,
1456 1574 1717 1636 tanquam
1757 1567 1969 1622 manci-

391 1654 496 1722 pi-is
528 1661 742 1709 utentes
771 1671 785 1719 ;
816 1654 939 1708 talis
966 1656 1110 1708 enim
1158 1663 1242 1708 est
1279 1655 1374 1724 qui
1411 1656 1699 1724 decipitur.
1730 1655 1971 1712 Observa

395 1753 576 1799 autem
628 1744 921 1799 mulierum
959 1759 1082 1800 esse
1123 1746 1323 1814 decipi,
1372 1747 1479 1800 imo
1518 1749 1702 1816 potius
1751 1749 1973 1804 mulier-

393 1837 661 1889 cularum.
718 1834 950 1890 Proinde
999 1838 1079 1891 vir
1131 1837 1177 1893 si
1237 1837 1291 1890 i-n
1350 1837 1595 1894 fraudem
1642 1838 1960 1903 inducatur,

391 1925 712 1982 muliercula
747 1927 862 1982 dici
896 1938 1085 1997 queat.

465 2016 728 2072 Oneratas
754 2020 1005 2088 peccatis.
1060 2019 1418 2075 Peccatorum
1477 2021 1691 2091 copiam
1747 2020 1971 2085 indicat,

396 2117 450 2163 et
487 2109 861 2164 inordinatam
887 2120 940 2165 et
973 2110 1260 2166 confusam
1294 2113 1484 2167 vitam.
1521 2111 1641 2167 Non
1663 2113 1810 2168 enim
1840 2112 1975 2168 sim-

393 2199 610 2267 pliciter
644 2201 968 2257 mulieribus
1007 2203 1318 2273 imponunt,
1357 2218 1459 2259 nec
1486 2203 1632 2258 enim
1667 2211 1863 2259 natura
1889 2211 1975 2259 est

394 2293 728 2356 accusanda,
769 2308 956 2347 verum
993 2294 1257 2350 habentes
1281 2297 1563 2350 cumulum
1600 2306 1971 2365 peccatorum,

393 2381 695 2450 decipiunt.
732 2382 836 2448 Qui
872 2384 1016 2437 enim
1046 2385 1253 2441 nullius
1278 2385 1383 2440 sibi
1419 2386 1544 2440 boni
1578 2387 1838 2442 conscius
1868 2394 1974 2454 est,

397 2473 585 2542 pravis
620 2474 943 2530 doctoribus
979 2477 1092 2531 cito
1148 2477 1510 2548 obtemperat.
1562 2479 1806 2548 seipsum
1839 2492 1974 2533 con-

395 2564 587 2620 solans
615 2565 773 2635 quasi
810 2582 919 2621 non
955 2567 1025 2622 sit
1052 2567 1280 2624 daturus
1320 2584 1511 2640 poenas
1546 2579 1770 2640 propter
1809 2585 1974 2640 opera

394 2671 514 2710 sua.

465 2764 599 2831 Quae
645 2766 809 2821 variis
850 2766 1122 2822 desideriis
1179 2779 1426 2838 aguntur.
1485 2771 1842 2826 Pecuniarum
1900 2773 1979 2828 vi-

391 2855 588 2911 delicet
631 2898 645 2921 ,
696 2858 882 2928 gloriae
915 2899 931 2922 ,
980 2858 1296 2913 deliciarum
1328 2900 1343 2924 ,
1387 2862 1578 2916 mundi
1624 2861 1908 2939 muliebris
1948 2882 1960 2918 :

392 2958 542 3001 notat
611 2957 792 3003 autem
867 2959 920 3004 et
963 2958 1151 3020 turpes
1209 2952 1558 3020 cupiditates.
1597 2951 1838 3008 Observa
1875 2969 1978 3008 au-

393 3048 500 3091 tem
536 3038 704 3103 istud,
736 3048 987 3109 aguntur,
1027 3052 1283 3109 tanquam
1323 3041 1390 3095 de
1431 3043 1604 3096 brutis
1638 3043 1978 3098 animalibus

392 3129 622 3183 dictum.

465 3220 630 3276 Vens.
669 3223 722 3276 7.
757 3223 973 3293 Semper
1013 3227 1292 3291 discentes,
1333 3235 1382 3280 et
1415 3243 1682 3298 nunquam
1706 3227 1774 3280 ad
1804 3229 1973 3284 scien-

393 3314 520 3366 tiam
550 3315 790 3370 veritatis
820 3317 1089 3384 pervenire
1114 3319 1364 3374 valentes.
1412 3317 1549 3373 Num
1592 3320 1774 3389 itaque
1815 3318 1971 3374 veuia

391 3406 570 3475 dignae
619 3409 791 3462 sunt?
822 3407 1204 3481 Nequaquam,
1256 3410 1349 3464 sed
1405 3409 1561 3464 venia
1616 3411 1799 3480 potius
1854 3412 1970 3480 pri-

389 3495 602 3552 vandae.
650 3497 787 3563 Quia
824 3499 968 3552 enim
1029 3500 1241 3570 seipsas
1273 3501 1514 3570 peccatis
1549 3502 1972 3556 accumularunt

390 3594 446 3640 et
505 3588 942 3657 cupiditatibus,
1014 3602 1283 3648 cremata
1345 3600 1426 3648 est
1499 3592 1717 3647 illarum
1789 3608 1967 3650 mens.

391 3675 573 3744 Quare
603 3678 751 3747 quod
781 3694 886 3733 non
916 3681 1132 3750 possint
1175 3683 1408 3746 discere,
1455 3697 1562 3736 non
1607 3693 1691 3738 est
1737 3692 1968 3749 naturae,

389 3770 486 3825 sed
529 3769 798 3824 voluntati
822 3786 1010 3825 earum
1035 3773 1450 3828 ascribendum.

466 3860 627 3915 Vens.
660 3860 713 3914 8.
746 3859 1204 3926 Quemadmodum
1243 3872 1420 3918 autem
1463 3863 1664 3918 lannes
1711 3873 1758 3919 et
1813 3864 1970 3918 Jam-

391 3951 506 4006 bres
537 3952 845 4006 restiterunt
895 3951 1058 4016 Mosi,
1112 3954 1191 4008 ita
1248 3962 1296 4007 et
1351 3953 1405 4006 lii
1444 3956 1693 4008 resistunt
1737 3956 1965 4009 veritati.

388 4041 528 4111 Magi
570 4043 664 4099 isti
711 4042 938 4100 fuerunt
982 4044 1151 4100 Mosis
1200 4045 1558 4116 temporibus.
1601 4045 1755 4102 Unde
1784 4054 1967 4102 autem

389 4134 608 4188 nomina
640 4150 834 4190 eorum
897 4143 1058 4190 norat
1110 4135 1338 4206 Paulus,
1369 4153 1492 4194 cum
1534 4139 1819 4210 Scriptura
1855 4155 1967 4196 non

390 4219 687 4275 indicarit?
755 4220 851 4276 Vel
905 4221 1042 4276 citra
1131 4220 1468 4294 Scripturam
1552 4225 1749 4280 tradita
1836 4236 1969 4282 sunt

386 4327 484 4379 per
531 4313 804 4380 majorum
869 4316 1192 4371 memoriam
1243 4328 1297 4373 et
1339 4319 1961 4376 commemorationem:

387 4402 469 4455 vel
499 4418 597 4472 per
629 4402 895 4472 Spiritum
921 4413 1174 4460 sanctum
1209 4407 1510 4464 verisimile
1536 4416 1621 4464 est
1644 4423 1707 4465 ea
1742 4410 1964 4466 novisse

385 4493 634 4549 Paulum.

400 4576 402 4578 ’
459 4583 713 4639 llomincs
762 4595 932 4640 mente
1000 4589 1257 4656 corrupti,
1315 4591 1524 4660 reprobi
1584 4593 1726 4645 circa
1782 4593 1962 4660 ﬁdem.

388 4675 621 4740 Quando
654 4687 889 4732 mentem
930 4679 1202 4750 quispiam
1237 4682 1744 4751 perturbationibus
1769 4699 1966 4739 corru-

389 4765 551 4834 perit,
615 4773 730 4821 tum
788 4770 1050 4839 reprobus
1103 4770 1337 4826 elﬁeitur
1373 4773 1519 4828 circa
1579 4774 1758 4829 ﬁdem.
1812 4774 1962 4828 Dixit

386 4857 522 4910 enim
552 4857 821 4928 insipiens,
855 4858 977 4915 Non
1001 4871 1076 4915 est
1101 4861 1243 4917 Deus
1265 4862 1333 4920 ⁸⁸.
1369 4863 1566 4920 Unde?
1594 4864 1732 4930 Quia
1770 4880 1961 4921 corru-

387 4948 462 5017 pti
501 4959 628 5004 sunt
659 4959 713 5006 et
741 4953 1080 5010 execrabiles
1126 4954 1250 5009 l‘acti
1300 4964 1426 5011 sunt
1457 4957 1513 5011 in
1554 4956 1954 5026 iniquitatibus.

386 5040 706 5113 Incorrupta
746 5043 914 5114 igitur
947 5060 1102 5100 mens
1155 5047 1312 5102 tidem
1364 5047 1619 5102 admittit.
1691 5047 1784 5104 Est
1827 5063 1956 5120 ergo

386 5131 636 5187 navanda
708 5134 867 5189 nobis
928 5149 1134 5203 opera,
1199 5152 1267 5192 ne
1331 5139 1515 5208 pravis
1573 5137 1956 5198 aﬂ‘cct‘ionibus

2001 4460 2056 4520 D

2071 541 2260 611 ὥσπερ
2297 543 2394 596 καὶ
2438 543 2689 612 ἐπιφέρει
2712 559 2726 576 ο
2792 543 2894 596 Ἐιι
2924 543 3152 598 τούτων
3185 544 3348 596 εἰσιν
3375 547 3430 596 οἱ
3468 545 3645 599 ἐνδύ-

2069 648 2277 698 νοντες
2308 636 2397 698 εὶς
2431 633 2547 698 τὰς
2579 634 2792 700 οἰκίας.
2819 633 2890 685 Ἢ
2923 633 3006 686 ὅτι
3051 632 3284 701 ὑστέρας
3309 633 3521 703 ἡμέρας
3549 636 3650 698 τὰς

2069 725 2234 788 εὐθὺς
2270 724 2412 793 μετά
2435 727 2533 793 τὴν
2573 725 2740 779 αὑτοῦ
2769 723 3028 793 τελευτὴν
3054 724 3083 777 ὁ
3132 723 3346 784 Παῦλος
3388 723 3558 791 λέγει,
3589 726 3649 776 ὲν

2069 815 2158 882 αἷς
2209 822 2484 889 περιεῖναι
2523 819 2604 872 ἔτι
2637 821 2666 873 ό
2719 819 2980 889 Τιμόθεος
3041 815 3306 887 ἔμελλενο
3365 818 3421 886 ἢ.
3472 815 3501 868 ὃ
3555 816 3650 869 καὶ

2069 911 2430 982 ἀληθέστερον
2462 911 2491 963 ὁ
2525 911 2700 982 μέγας
2733 911 2987 980 Ἰωάννης
3024 908 3319 980 ὲπικρίνει,
3354 907 3443 960 διὰ
3473 909 3651 977 Τιμοο

2070 1003 2196 1056 θέου
2227 1005 2364 1056 πᾶσι
2394 1006 2654 1075 παραινεί
2684 1003 3046 1074 ἐκτρέπεσθαι
3076 1003 3204 1066 τοὺς
3233 1003 3534 1066 τοιούτους.

2155 1096 2257 1149 Ἐκ
2280 1097 2512 1150 τούτων
2541 1097 2651 1166 γάρ
2674 1099 2832 1151 εισιν
2858 1098 2912 1150 oi
2931 1095 3293 1161 ἐνδύνοντες
3326 1098 3413 1162 είς
3437 1095 3541 1159 τὰς
3575 1098 3651 1148 ol-

2073 1188 2229 1254 κίας.
2278 1189 2352 1242 Τὸ
2399 1190 2751 1259 ἀναίσχυντον
2785 1188 2964 1242 αὐτῶν
3001 1187 3090 1241 διὰ
3117 1187 3234 1250 τοῦ,
3263 1186 3649 1253 ἐνδυνόντες,

2069 1279 2258 1348 δηλοῖ,
2309 1278 2399 1331 καὶ
2448 1280 2509 1332 τὸ
2570 1278 2957 1348 ἀνελεύθερον,
3027 1278 3123 1332 καὶ
3175 1277 3504 1341 κολακικὸν,
3555 1281 3649 1331 καὶ

2071 1369 2289 1440 ἀπάτης
2327 1371 2531 1441 γέμον..
3524 1365 3525 1368 “

2143 1483 2255 1539 Καὶ
2309 1480 2840 1552 αἰχμαλωτίζοντες
2889 1481 3260 1551 γυναικάρια.
3298 1480 3412 1534 Οὐκ
3462 1476 3642 1546 εἶπεν,

2073 1572 2394 1633 ἀπατῶντες
2418 1613 2432 1636 ,
2494 1573 2637 1639 ἀλλ’,
2688 1570 3218 1641 αἱχμαλωτίζὶιντες
3243 1610 3258 1634 ,
3313 1570 3390 1634 ὡς
3441 1569 3646 1636 δούλοις

2073 1663 2343 1735 χρώμενοι
2363 1679 2378 1694 ο
2409 1662 2666 1725 τοιοῦτος.
2687 1661 2796 1730 γὰρ
2835 1662 2864 1714 δ
2893 1660 3274 1729 ἀπατώμενος.
3303 1659 3446 1728 Ὅρα
3474 1657 3531 1711 δὲ
3564 1659 3649 1711 ὅτι

2073 1757 2349 1824 γυναικῶν
2402 1756 2464 1809 τὸ
2519 1755 2858 1819 ἀπατᾶσθαι,
2916 1753 3118 1825 μᾶλλον
3159 1752 3216 1805 δὲ
3253 1750 3645 1824 γυναικαρίων.

2075 1849 2238 1901 ’Ὥστε
2297 1848 2390 1901 καὶ
2427 1848 2455 1898 ὁ
2511 1846 2650 1916 ἀνὴρ
2690 1845 3048 1916 ἀπατώμενος
3120 1842 3474 1914 γυναικίριον
3547 1841 3638 1893 λε-

2075 1937 2254 2007 χθείη.
3670 1935 3678 2006 ᾖ

2147 2029 2570 2098 Σεσίιιρευμένα
2606 2028 2936 2097 ἁμαρτίαις.
2987 2026 3059 2078 Τὸ
3091 2023 3295 2094 πλῆθος
3326 2022 3434 2076 τῶν
3468 2023 3649 2093 ἀμαρ-

2073 2120 2207 2173 τιῶν
2234 2120 2406 2192 δηλοῖ,
2439 2121 2534 2174 καὶ
2557 2121 2618 2173 τὸ
2648 2121 2881 2175 ἄτακτον
2905 2118 3001 2171 καὶ
3055 2114 3484 2185 συγκεχυμένον.
3537 2116 3650 2184 Οὐχ

2075 2213 2264 2276 ἁπλῶς
2304 2213 2413 2283 γάρ
2443 2214 2708 2280 γυναῖκας
2744 2210 3024 2264 ἀπατῶσιν
3057 2201 3280 2278 (οὒθγὰρ
3305 2207 3404 2270 τῆς
3435 2205 3652 2274 φῦσεως

2077 2305 2526 2374 κατηγορητέον),
2561 2302 2698 2356 ἀλλὰ
2724 2303 2821 2365 τὰς
2853 2300 3081 2370 ἐχούσας
3117 2299 3292 2368 σωρὸν
3321 2295 3648 2368 ἁμαρτημά-

2076 2411 2206 2450 των.
2247 2394 2307 2448 Ὁ
2356 2393 2466 2464 γάρ
2520 2393 2686 2463 μηδὲν
2739 2391 2916 2461 ἐαυτῷ
2951 2381 3206 2451 συνειδὼς
3253 2387 3481 2456 ἀγαθὸν,
3535 2389 3651 2448 τοῖς

2078 2488 2334 2554 πονηροῖς
2367 2485 2760 2554 δογματισταῖς
2823 2481 3030 2552 ταχέως
3051 2482 3096 2514 ³⁰
3138 2481 3408 2544 πείθεται,
3456 2477 3650 2531 ἑαυτὸν

2077 2573 2612 2644 παραμυθούμενος,
2670 2572 2745 2635 ὡς
2810 2571 2887 2642 μὴ
2935 2570 3095 2637 δίκην
3153 2568 3341 2623 δώσων
3397 2566 3490 2620 ἐπὶ
3537 2568 3652 2628 τοῖς

2078 2662 2281 2733 ἔργοις.

2162 2770 2452 2840 Ἀτπόμενα
2485 2767 2822 2838 ἐπιθυμίαις
2857 2768 3179 2832 ποικίλαις.
3209 2763 3484 2829 Τουτέστι,
3508 2778 3648 2832 χρη-

2083 2862 2290 2932 μάτων,
2327 2861 2506 2932 δόξης,
2531 2858 2765 2929 τρυφῆς,
2802 2858 3192 2928 καλλωπισμοῦ
3221 2873 3234 2887 ·
3265 2854 3560 2908 αἰνίττεται
3589 2853 3648 2906 δὲ

2061 2949 2176 3001 ’καὶ
2214 2949 2446 3018 αἰσχρὰς
2474 2945 2788 3016 ἐπιθυμίας.
2831 2946 2972 3016 Ὅρα
3015 2946 3070 2998 δὲ
3129 2947 3222 2998 καὶ
3246 2944 3323 3010 τὸ,
3364 2943 3648 3012 ἀγόμενα,

2079 3037 2154 3100 ὡς
2194 3036 2288 3089 ἐπὶ
2320 3037 2552 3104 ἀλόγων.

2144 3219 2403 3274 Πάντοτε
2434 3221 2824 3290 μανθάνοντα
2848 3260 2861 3281 ,
2901 3220 3000 3274 καὶ
3037 3221 3340 3288 μηδέποτε
3387 3221 3474 3285 είς
3520 3218 3646 3271 eat-

2073 3329 2303 3384 γνωσιν
2359 3314 2648 3380 ἀληθείας
2703 3313 2906 3369 ἐλθεῖν
2969 3313 3295 3382 δυνάμενα.
3353 3308 3500 3382 ’Ἄρα
3554 3306 3649 3364 οῦν

2075 3403 2403 3476 συγγνώμης
2437 3406 2575 3459 εἰσὶν
2603 3405 2785 3473 ditat;
2826 3404 3114 3475 Οὐδαμῶς,
3153 3404 3287 3457 ἀλλά
3322 3404 3410 3457 καὶ
3446 3402 3644 3474 μᾶλλον

2073 3496 2469 3564 ἀσύγγνωστοι.
2511 3497 2732 3566 Ἐπειδὴ
2767 3498 2872 3566 γὰρ
2923 3496 3122 3559 ἑαυτὰς
3171 3495 3495 3564 κατέχωσαν
3524 3494 3645 3556 ταῖς

2073 3587 2367 3659 ἁμαρτίαις
2417 3586 2514 3640 καὶ
2554 3590 2676 3650 ταῖς
2727 3587 3069 3657 ἐπιθυμίαις,
3102 3585 3373 3657 ἐπωρώθη
3405 3584 3582 3638 αὐτῶν
3616 3585 3650 3638 ὁ

2071 3680 2387 3744 νοῦς.⁹ὀστε
2411 3679 2471 3733 τὸ
2505 3681 2581 3750 μὴ
2610 3679 2869 3734 δύνασθαι
2909 3679 3124 3749 μαθεῖν,
3144 3679 3204 3731 οὐ
3236 3678 3483 3747 φυσικἰν,
3504 3675 3645 3730 ἀλλά

2073 3769 2457 3840 προαιρετικὸν
2486 3771 2696 3832 αὑταῖς.

2146 3863 2246 3914 Ὃν
2273 3860 2497 3928 τρόπον
2523 3860 2592 3914 δὲ
2633 3859 2870 3926 Ἰαννῆς
2906 3860 3003 3914 καὶ
3044 3858 3322 3928 Ἰαμϐρῆς
3351 3857 3642 3922 ἀντέστη-

2070 3965 2190 4005 σαν
2212 3952 2434 4016 Μωσεῖ,
2459 3951 2612 4005 οὕτω
2645 3951 2743 4005 καὶ
2772 3947 2937 4007 οὗτοι
2960 3952 3352 4005 ἀνθίστανται
3390 3951 3461 4018 τῇ
3493 3952 3643 4017 ἀλη-

2070 4042 2218 4110 θείᾳ.
2250 4042 2313 4096 Οῑ
2336 4041 2497 4112 μάγοι
2520 4036 2659 4113 ἦσαν
2681 4035 2852 4106 οὗτοι,
2882 4043 2931 4094 oi
2960 4042 3053 4096 ὲπὶ
3084 4042 3350 4104 Μωσέως.
3384 4041 3554 4095 Πόθεν
3582 4041 3640 4094 δὲ

2069 4133 2138 4186 τὰ
2159 4132 2397 4203 ὀνόματα
2445 4133 2624 4187 αὐτῶν
2653 4134 2769 4204 ᾔδει
2821 4137 2849 4187 ὁ
2891 4134 3104 4198 Παῦλος
3129 4174 3144 4199 ,
3177 4136 3275 4202 τῆς
3305 4134 3528 4204 Γραφῆς
3563 4132 3638 4202 μὴ

2058 4223 2334 4303 λεγούσης
2361 4223 2565 4291 ταῦτα;
2612 4224 2686 4277 Ἢ
2724 4224 2988 4294 ἀγράφως
3017 4225 3377 4296 παραδέδοται
3397 4225 3462 4288 ⁸¹,
3495 4223 3529 4295 ἢ
3576 4225 3644 4277 ἐκ

2070 4316 2388 4388 Πνεύματος
2420 4317 2576 4385 ἀγίου
2605 4316 2754 4381 εἰκὸς
2783 4313 2851 4390 ἦν
2874 4317 3072 4373 εἰδέναι
3103 4318 3194 4373 τὸν
3223 4319 3460 4374 Παῦλον.

2149 4595 2479 4661 Ἄνθρωποι
2518 4591 2982 4678 κατεφθαρμένοι
3015 4592 3123 4644 τὸν
3167 4537 3336 4655 νοῦν,
3371 4589 3641 4659 ἀδόκιμοι

2072 4687 2202 4757 περὶ
2229 4686 2342 4752 τὴν
2368 4687 2598 4740 πίστιν.
2635 4685 2804 4738 Ὅταν
2835 4701 2919 4748 τις
2949 4683 3040 4737 τὸν
3075 4683 3200 4738 νοῦν
3227 4682 3410 4754 φθαρῇ
3439 4683 3496 4734 ὲν
3525 4683 3642 4743 τοῖς

2070 4777 2288 4842 πάθεσι,
2311 4775 2431 4830 τότε
2454 4775 2715 4843 ἀδόκιμος
2743 4776 2874 4845 περὶ
2899 4773 2999 4843 τὴν
3032 4773 3214 4826 πίστιν
3237 4773 3467 4841 γίνεται.
3493 4765 3639 4824 Elite

2059 4870 2176 4942 ,γὰρ
2199 4870 2403 4940 ἄφρων
2419 4885 2435 4901 θ
2455 4870 2578 4923 Οὐκ
2609 4869 2740 4922 ἔστι
2767 4862 2930 4933 eam.
2954 4866 3121 4919 Πόθεν
3145 4866 3323 4932 ;Διότι
3347 4865 3639 4935 διεφθάρη-

2066 4978 2182 5025 σαν,
2213 4962 2308 5014 καὶ
2341 4959 2737 5030 ἐϐδελύχθησαν
2760 4960 2816 5011 ὲν
2847 4956 3117 5028 ἀνομίαις.
3149 4957 3292 5024 Ἀρα
3319 4955 3347 5006 ὁ
3374 4955 3635 5022 ἀδιάφθο-

2067 5070 2157 5124 ρος
2195 5052 2319 5116 νοῦς
2347 5053 2446 5123 τὴν
2485 5052 2665 5104 πίστιν
2707 5049 3090 5120 παραδέχεται.
3131 5045 3471 5118 Προσεκτέον
3517 5041 3632 5109 οὖν,

2067 5141 2141 5212 μὴ
2195 5140 2582 5212 διαφθαρῶμεν
2634 5141 2747 5202 τοῖς
2795 5138 3015 5204 πάθεσι,
3047 5136 3144 5192 καὶ
3187 5136 3324 5209 εὕρῃ
3363 5137 3546 5208 χώραν
3573 5135 3634 5187 ἑν

385 5235 825 5293 corrumpamur,
891 5233 943 5278 et
999 5225 1178 5279 locum
1238 5228 1379 5296 apud
1417 5243 1521 5284 nos
1553 5230 1794 5286 inveniat
1836 5232 1955 5288 ﬁdei

2075 5227 2190 5298 ἡμῖν
2230 5229 2264 5296 ἡ
2304 5226 2404 5296 τῆς
2437 5225 2670 5292 πίστεως
2697 5225 2968 5296 κιδδηλία.

387 5313 733 5372 adulteratio.

405 5531 410 5536 .
461 5485 506 5517 ⁸⁸
536 5486 681 5542 Psal.
719 5505 838 5555 xm,
864 5489 914 5544 Ι.

1711 5607 1906 5670 Variae
1937 5608 2266 5672 lectiones.

459 5724 503 5758 ³⁸
533 5724 727 5797 ῥᾳδίως
747 5741 798 5783 ο.
877 5730 968 5801 ul}
1008 5730 1073 5785 δι’
1103 5732 1349 5805 ἀγράφου
1377 5734 1720 5806 παραδόσεως
1749 5749 1824 5788 ιιι.
