4006 6214
326 356 435 420 121

1008 359 1416 421 EXPOSITIO
1450 360 1532 422 IN
1570 363 1808 423 EPIST.
1855 363 1912 423 II
1946 365 2046 424 AD
2081 365 2402 428 TIMOTH.
2426 393 2496 405 —
2527 369 2689 439 CAP.
2718 366 2836 430 III.

3478 365 3579 432 122

416 472 580 524 Ἀλλ’
631 470 705 523 οὐ
760 467 1184 538 προκόψουσιν
1227 469 1328 524 ἐπὶ
1373 471 1605 526 πλεῖον.
1637 472 1761 535 Πῶς
1810 471 1892 526 oin

2078 474 2244 531 Vens.
2308 477 2362 532 9.
2417 475 2519 532 Sed
2577 478 2722 530 ultra
2781 490 2885 530 non
2942 476 3237 544 proﬁcient.
3286 476 3575 544 Quomodo

324 555 571 626 ἀλλαχοῦ
603 556 753 624 λέγει
769 572 784 586 ο
811 558 1243 626 Προκόψουσιν
1258 558 1355 612 ἐπὶ
1377 559 1588 614 πλεῖον
1602 560 1904 628 ἀσεϐεΙας;

321 648 483 703 Ἐκεῖ
511 649 667 703 τοῦτό
710 665 906 718 φησιν,
951 649 1033 701 ὅτι
1071 648 1366 717 ἀρξάμενοι
1396 650 1504 703 τῶν
1537 651 1790 721 πονηρῶν
1820 653 1906 705 δο-

321 740 561 808 γμάτων
633 740 729 791 καὶ
769 736 863 790 τοῦ
926 737 1135 809 πλανᾷν
1185 738 1244 791 οὐ
1301 740 1608 808 στήσονται,
1651 739 1765 793 ἀλλ’
1816 741 1905 793 ἀεὶ

320 829 623 897 καινότερα
672 824 1096 897 ἐξευρήσουσιν
1139 825 1369 880 ἐνταῦθα
1415 827 1471 880 δὲ
1528 828 1687 882 τοῦτό
1715 846 1900 898 φησιν,

320 920 413 971 ὅτι
441 918 548 970 οὐκ
573 916 979 984 άπατήσουσιν,
1017 913 1141 967 οὐδὲ
1191 915 1599 985 συναρπάσουσι
1650 917 1898 981 πολλοὺς,

318 1007 468 1060 ἀλλὰ
492 1005 594 1059 κᾶν
627 1005 688 1057 έν
721 1003 959 1074 πρώτοις
1017 1001 1242 1067 δόξωσιν
1279 1004 1584 1073 ἀπατῆσαι,
1621 1003 1772 1074 ὅμως
1818 1004 1903 1056 εὖ·

322 1101 575 1169 φῶρατοι
599 1095 834 1149 ἔσονται.
879 1093 1165 1164 Ἐπιφέρει
1190 1089 1283 1147 οὖν
1304 1109 1321 1122 ’

409 1189 471 1242 Ἡ
524 1186 636 1256 τὰρ
682 1186 860 1241 ἄνοια
911 1182 1110 1239 αὐτῶν
1159 1184 1418 1252 ἔκδηλος
1468 1185 1641 1240 ἔσται
1686 1184 1896 1251 πᾶσιν,

318 1276 531 1345 ὥσπερ
551 1276 649 1330 καὶ
664 1278 702 1344 ἠ
717 1275 1233 1343 ἐκείνωνὲγένετο.
1259 1275 1321 1327 Ei
1337 1277 1608 1339 ἀπιστεῖς,
1632 1277 1768 1345 μάθε
1792 1277 1899 1329 ἀπὸ

317 1368 434 1421 τῶν
464 1367 692 1431 ἐκείνοις
726 1369 841 1430 τοῖς
868 1367 1067 1436 μάγοις
1095 1366 1441 1436 συμϐάντων.
1475 1367 1585 1421 Καὶ
1613 1366 1724 1437 γὰρ
1753 1368 1898 1419 ἐκεῖ·

318 1475 405 1511 νοι
457 1458 801 1528 ἠλέγχθησαν
837 1456 976 1510 κατά
1026 1457 1327 1525 φαντασίαν
1372 1456 1898 1527 θαυματοποιοῢντες

319 1550 419 1601 καὶ
450 1549 797 1612 ἀπατῶντες,
816 1549 904 1601 ὅτε
934 1548 1139 1617 Μωσῆς
1165 1547 1633 1618 ὲτερατούργησεν
1657 1548 1895 1619 ἀληθῶς.

318 1641 487 1694 ’Ὥστε
527 1641 702 1694 πάντα
738 1639 807 1692 τά
831 1638 932 1709 τῆς
959 1639 1175 1709 ἀπάτης
1199 1639 1335 1710 πρὸς
1361 1640 1553 1711 καιρὸν
1580 1641 1758 1695 ἀνθεῖ.

388 1820 477 1874 Σὺ
506 1820 575 1874 δὲ
620 1816 1166 1889 παρηκολούθηκάς
1210 1835 1330 1887 μου
1386 1816 1462 1886 τῇ
1503 1817 1888 1885 διδασκαλίᾳ.
1924 1802 1972 1861 Β

330 1912 561 1965 Ἐκεῖνοι
593 1912 715 1981 μὲν,
744 1911 898 1980 φησὶ,
925 1909 1177 1974 τοιοῦτοι,
1199 1909 1264 1961 σὺ
1284 1910 1342 1962 δὲ
1375 1904 1523 1972 οἶδας
1549 1909 1616 1962 τά
1643 1911 1890 1979 ἡμέτερα

313 2001 585 2072 ἀκριὸὦς,
619 2002 699 2053 ὅτι
734 2000 797 2051 οὐ
829 1998 1086 2053 τοιαῦτα*
1110 1999 1173 2052 οὐ
1204 1998 1314 2068 γὰρ
1346 1997 1533 2060 ἁπλῶς
1575 1997 1886 2065 συνεγένου,

315 2092 459 2145 ἀλλὰ
496 2091 1059 2159 παρηκολούθηκας,
1092 2088 1364 2154 τουτέστι,
1422 2087 1634 2160 μακρὸν
1666 2089 1888 2155 συνεγέ-

322 2201 422 2239 νου
477 2202 567 2255 μοι
597 2185 836 2268 χρόνοι.
870 2184 963 2239 καὶ
1016 2183 1152 2236 πᾶσι
1187 2183 1478 2253 προσεῖχες
1534 2181 1649 2243 τοῖς
1695 2180 1883 2249 ἐμοῖςο

319 2274 468 2329 ὥστε
500 2276 709 2344 ίσχυρδς
742 2264 857 2339 ἔσο,
907 2273 1001 2327 καὶ
1032 2272 1311 2327 ἀντίϐαινε
1356 2273 1469 2334 τοῖς
1491 2269 1775 2331 ἐναντίοις.
1804 2264 1899 2335 Τῇ

311 2362 705 2431 διδασκαλίᾳ,
733 2361 890 2416 τοῦτο
917 2360 1045 2433 περὶ
1071 2360 1252 2429 λόγου.

386 2558 477 2629 Τῇ
516 2554 742 2629 ἀγωγῇ.
773 2555 939 2610 Τοῦτο
966 2554 1095 2626 περὶ
1126 2553 1243 2627 βίου
1270 2551 1364 2608 καὶ
1387 2549 1690 2614 πολιτείας.

387 2741 471 2811 Τῇ
507 2738 808 2811 προθέσει.
863 2736 1149 2803 Τουτέστι,
1190 2737 1258 2806 τῇ
1308 2733 1609 2806 προθυμίᾳ,
1658 2733 1753 2787 καὶ
1804 2731 1885 2802 τῷ

315 2833 549 2905 ἀνδρείῳ
583 2833 972 2902 παραστήματι
1007 2830 1109 2901 τῆς
1158 2828 1359 2898 ψυχῆς.
1414 2827 1491 2881 Οὐ
1547 2825 1658 2895 γὰρ
1696 2824 1882 2893 ελεγον

314 2926 514 2997 μόνον,
534 2924 718 2992 φησιν,
750 2922 888 2976 ἀλλὰ
923 2921 1020 2977 καὶ⁵
1047 2919 1289 2973 ἐποίουν.

390 3018 471 3086 Τῇ
502 3018 722 3071 πίστει.
769 3014 1050 3080 Τουτέστι,
1103 3013 1169 3082 τῇ
1214 3012 1287 3095 ὲν.
1313 3011 1430 3074 τοῖς
1485 3009 1720 3080 δόγμασι
1781 3007 1883 3079 τῆς

313 3109 579 3177 ἀληθείας
635 3107 970 3178 ἑδραιότητι,
1021 3103 1055 3174 ἢ
1099 3104 1168 3173 τῇ
1210 3103 1269 3155 ἐν
1317 3102 1432 3164 τοῖς
1481 3100 1751 3162 κινδύνοις
1804 3098 1881 3169 μὴ
1906 3142 1951 3204 C

314 3195 717 3265 ἀπογινώσκειν
738 3195 991 3267 ποιούσῃ,
1029 3191 1166 3260 sua
1196 3189 1476 3245 πιστεύειν
1499 3188 1578 3260 τῷ
1607 3189 1751 3261 Θεῷ,
1800 3190 1884 3243 ὅτι

308 3290 601 3355 ἑξελείται.

388 3378 467 3447 Τῇ
508 3378 903 3451 μακροθυμίᾳ.
961 3379 1041 3449 Τῇ
1089 3376 1226 3449 πρὸς
1269 3375 1393 3439 τοὺς
1443 3372 1792 3441 αἱρετικοῠςο
1820 3374 1882 3427 οὐ

309 3471 420 3542 γὰρ
477 3472 891 3542 ἐταραττόμην,
959 3469 1097 3524 ἀλλὰ
1151 3468 1289 3537 μετὰ
1334 3464 1646 3538 πραότητος
1704 3462 1884 3518 πάντα

308 3562 600 3634 ἐδεχόμην.
692 3602 696 3606 Α
896 3576 901 3581 ·

385 3653 467 3722 Τῇ
495 3651 804 3723 ὑπομονῇ.
831 3653 911 3724 Τῇ
946 3650 1083 3722 πρὸς
1105 3650 1233 3712 τοὺς
1261 3646 1562 3717 διωγμούς.

386 3747 517 3813 Τοῖς
550 3745 850 3816 διωγμοῖς,
874 3743 998 3810 τοῖς
1021 3741 1391 3810 παθήμασιν.
1429 3739 1506 3792 Οὐ
1540 3736 1700 3808 μόνον
1728 3736 1881 3789 ὲδιω-

308 3840 511 3912 κόμην,
540 3842 733 3908 φησὶν,
773 3836 912 3892 ἀλλὰ
954 3835 1050 3888 καὶ
1099 3834 1363 3901 ἔπασχον.
1406 3829 1624 3899 Ἐπειδὴ
1676 3828 1734 3881 δὲ
1788 3826 1883 3880 δύο

308 3933 484 3988 ταῦτα
501 3932 763 4004 ταράττει
792 3929 1025 4000 μάλιστα
1043 3927 1137 3980 τὸν
1163 3924 1505 3987 διδάσκαλον,
1524 3921 1584 3975 τό
1597 3938 1660 3975 τε
1685 3920 1883 3990 αίρετι-

308 4025 442 4088 κοὺς
470 4018 632 4088 εἶναι,
656 4022 755 4075 καὶ
778 4020 840 4074 τὸ
860 4020 1124 4096 πάσχειν
1152 4015 1282 4087 περὶ
1318 4015 1419 4085 μὲν
1447 4013 1557 4065 τῶν
1588 4010 1882 4081 αἰρετικῶν

309 4112 485 4166 πολλὰ
510 4110 761 4181 διελέχθη
786 4151 803 4175 ,
856 4109 1059 4161 πείθων
1082 4106 1336 4177 Τιμοθέῳ
1385 4102 1461 4174 μὴ
1492 4100 1878 4173 ταράττεσθαι.

322 4204 449 4256 Ἐπὶ
484 4204 543 4259 δὲ
572 4204 695 4265 ταῖς
750 4200 965 4270 θλίψεσι
993 4198 1064 4252 τὰ
1104 4196 1300 4251 ἑαυτοῦ
1348 4193 1661 4262 καταλέγει,
1698 4206 1880 4262 παραυ

307 4293 594 4366 θαρρύνων
625 4293 719 4347 τὸν
748 4293 1017 4363 μαθητήν.

2008 564 2175 635 igitur
2203 566 2311 621 alio
2352 566 2555 621 inloco
2593 566 2772 620 dicit:
2829 564 2910 617 Ad
2960 565 3214 634 ntajorem
3254 567 3579 634 impietatem

2004 656 2330 724 proﬁcient!
2377 657 2490 711 Illic
2546 657 2650 711 boc
2694 656 2945 717 allirmat,
3000 671 3162 722 prava
3209 659 3456 726 dogmata
3496 659 3579 711 in-

2005 749 2271 804 choantes
2304 763 2412 803 non
2451 747 2616 818 610
2663 747 2928 801 desistent
2977 747 3047 798 ab
3104 746 3428 814 impostura,
3481 747 3577 801 sed

2004 855 2220 910 semper
2276 839 2449 909 magis
2508 853 2646 893 nova
2703 838 3024 892 invenient:
3082 836 3170 891 hic
3225 846 3407 890 autem
3472 839 3578 891 hoc

2002 931 2157 996 dicit,
2188 930 2333 997 quod
2362 946 2469 984 non
2508 930 2804 999 decipient,
2839 944 3016 998 neque
3051 927 3317 996 arripient
3348 928 3573 989 multos,

2001 1038 2191 1078 verum
2223 1023 2439 1077 etiamsi
2482 1021 2705 1076 maximi
2749 1021 3077 1090 impostores
3107 1018 3429 1084 videantur,
3475 1018 3574 1073 de-

2002 1113 2410 1186 prchendemur
2439 1123 2639 1168 tamen.
2672 1112 2837 1166 Infert
2875 1112 3078 1180 igitur:

2073 1206 2391 1275 [nsipientia
2419 1207 2554 1259 enim
2585 1221 2767 1258 eorum
2817 1203 3096 1270 perspicua
3150 1200 3250 1254 erit
3304 1199 3570 1261 omnibus,

2000 1302 2137 1353 sicut
2165 1310 2213 1352 et
2245 1299 2459 1352 illorum
2503 1297 2628 1365 fuit.
2659 1295 2714 1350 Si
2756 1294 2996 1355 dubitas,
3019 1308 3085 1346 cx
3119 1293 3185 1346 iis
3239 1308 3361 1361 qua:
3403 1292 3571 1361 Magis

2002 1391 2111 1447 illis
2175 1390 2527 1458 contigerunt
2595 1388 2766 1442 disce.
2810 1384 2941 1439 Nam
3004 1383 3079 1436 illi
3130 1382 3366 1436 convicti
3416 1390 3565 1445 sunt,

2000 1479 2144 1549 quod
2206 1493 2303 1546 per
2386 1490 2578 1529 vanam
2650 1474 2961 1528 illusionem
3016 1470 3279 1524 miracula
3345 1469 3571 1524 ederent

2004 1576 2169 1635 atque
2220 1564 2584 1623 seducerent,
2646 1576 2770 1615 cum
2840 1561 3022 1613 Moses
3084 1572 3270 1611 revera
3324 1556 3569 1625 prodigia

2000 1662 2340 1726 Operaretur.
2382 1651 2651 1719 Quocirca
2714 1648 2897 1703 omnis
2962 1650 3268 1716 impostura
3311 1646 3378 1699 ad
3434 1657 3570 1700 tem-

2001 1762 2103 1817 pus
2135 1747 2316 1802 durat.

2069 1840 2235 1894 Vens.
2269 1835 2354 1889 I0.
2389 1834 2466 1889 Tu
2513 1843 2690 1888 autem
2734 1839 3007 1887 assecutus
3044 1845 3099 1884 es
3151 1844 3323 1882 meam
3370 1826 3570 1882 doctri-

1996 1944 2142 1983 nam.
2182 1927 2262 1980 Illi
2315 1924 2533 1995 quidem
2588 1924 2721 1978 tales
2763 1930 2912 1987 sunt,
2955 1920 3174 1991 inquit:
3211 1927 3264 1971 tu
3314 1931 3442 1970 vero
3468 1930 3566 1969 no-

1995 2026 2109 2075 stra
2141 2025 2332 2073 exacte
2373 2018 2540 2079 nosti,
2573 2014 2718 2084 quod
2769 2029 2876 2068 non
2902 2013 3013 2067 sint
3043 2009 3171 2064 talia
3202 2026 3216 2062 :
3253 2021 3361 2062 non
3416 2006 3564 2061 enim

1994 2110 2315 2180 simpliciter
2340 2108 2482 2178 apud
2514 2123 2600 2162 me
2636 2114 2879 2160 moratus
2907 2118 2988 2164 es.
3019 2111 3391 2157 verumtamen
3422 2114 3568 2151 asse-

1993 2213 2168 2269 cutus,
2211 2202 2266 2256 id
2303 2209 2408 2265 est,
2438 2201 2600 2269 longo
2636 2196 2777 2268 apud
2808 2210 2894 2249 me
2925 2202 3170 2261 tempore
3194 2187 3565 2258 pet-mansisti,

1992 2302 2048 2350 et
2080 2293 2336 2347 omnibus
2368 2292 2503 2346 meis
2535 2291 2699 2344 rebus
2731 2286 3012 2342 attentlisti
3061 2282 3304 2335 animum
3340 2297 3354 2332 :
3409 2277 3565 2332 fortis

1992 2385 2179 2452 itaque
2240 2389 2377 2444 esto,
2434 2394 2499 2433 ac
2546 2379 2743 2432 resiste
2792 2373 3147 2430 adversariis.
3211 2370 3565 2424 Doctrinam:

1991 2473 2095 2529 hoc
2119 2472 2183 2526 ad
2206 2483 2515 2526 sermonem
2541 2471 2758 2522 attinet.

2064 2559 2483 2616 lnstitutionem.
2534 2558 2649 2614 lloc
2710 2557 2780 2612 de
2841 2556 2951 2612 vita
3008 2563 3065 2611 et
3127 2553 3369 2608 moribus
3424 2550 3571 2606 acci-
3658 2615 3661 2618 ν

1990 2650 2271 2724 piendum.

2059 2744 2426 2812 Propositum.
2494 2741 2553 2796 Id
2606 2747 2710 2801 est,
2769 2735 3280 2808 promptitudinem,
3321 2733 3564 2801 adeoque

1991 2836 2201 2890 virilem
2254 2834 2450 2887 anima:
2479 2829 2950 2886 constitutionem.
2996 2826 3112 2880 Non
3153 2825 3321 2887 enim,
3364 2823 3564 2893 inquit,

1989 2926 2233 2982 dicebam
2271 2924 2475 2988 solmn,
2507 2935 2697 2976 verum
2731 2928 2787 2974 et
2817 2916 3107 2971 faciebam.

2061 3017 2270 3071 Fidem.
2316 3015 2431 3070 Hoc
2472 3022 2576 3077 est,
2620 3012 2677 3066 in
2709 3008 2961 3065 doctrina
3005 3004 3253 3060 veritatis
3302 3010 3562 3057 constan-
3614 3038 3617 3039 ν

1989 3110 2143 3175 tiam,
2175 3108 2256 3164 vel
2297 3121 2415 3161 eam
2450 3118 2571 3174 quae
2623 3102 2677 3155 in
2737 3097 2995 3169 periculis
3046 3110 3153 3150 non
3206 3093 3339 3148 sinit
3369 3094 3566 3161 deepe-

1985 3217 2128 3263 rare,
2173 3200 2266 3255 sed
2310 3197 2479 3253 lldere
2532 3194 2642 3248 Deo
2702 3191 2855 3256 facit,
2888 3188 3034 3260 quod
3072 3187 3120 3240 is
3160 3201 3260 3241 nos
3316 3183 3388 3238 sit
3441 3198 3562 3238 ere-

1983 3302 2202 3364 pturus.

2055 3381 2558 3453 Longanimitatem.
2596 3375 2734 3446 Erga
2768 3371 3076 3433 haereticos,
3112 3383 3222 3421 non
3283 3366 3435 3420 enim.
3473 3374 3558 3416 tu—

1986 3476 2318 3537 multuabar,
2371 3472 2466 3526 sed
2528 3466 2712 3522 omnia
2762 3478 2887 3521 cum
2932 3458 3352 3516 mansuetudine
3407 3456 3558 3511 exci-

1983 3565 2219 3636 piebam.

2050 3656 2394 3710 Patientiam.
2426 3652 2480 3706 In
2512 3649 3007 3721 persecutionibus.

2053 3743 2337 3799 “333.11.
2399 3740 2815 3801 Persecutioues,
2862 3737 3160 3806 passiones.
3194 3730 3429 3793 Nedum,
3469 3727 3557 3780 in-

1982 3836 2140 3907 quit,
2204 3832 2688 3904 persecutionibus
2774 3828 3047 3884 obnoxius
3112 3838 3305 3887 eram,
3365 3832 3555 3873 verum

1982 3929 2145 3984 etiam
2193 3925 2468 3996 patiebar.
2517 3921 2656 3987 Quia
2715 3934 2846 3976 vero
2888 3920 3001 3974 haec
3028 3918 3135 3971 duo
3160 3914 3395 3969 maxime
3434 3925 3555 3978 per-

1984 4017 2204 4073 turbant
2253 4015 2558 4077 doctorem,
2605 4027 2727 4065 cum
2778 4011 2924 4079 quod
2979 4006 3215 4062 haeretici
3270 4005 3398 4065 sint,
3440 4010 3553 4055 tum

1981 4109 2125 4179 quod
2188 4106 2511 4162 aﬂlictiones
2566 4106 2852 4173 patiatur:
2916 4100 2984 4155 de
3046 4094 3320 4152 luet-elicis
3380 4093 3553 4148 multa

1983 4214 2115 4253 sane
2149 4197 2440 4260 disseruit,
2487 4192 2824 4263 persuadens
2853 4187 3143 4243 Timotheo
3176 4200 3242 4239 ne
3277 4182 3550 4237 turbetur.

1982 4290 2136 4357 Quod
2192 4294 2375 4343 autem
2429 4284 2498 4340 ad
2554 4283 2877 4337 alllictiones
2911 4278 3127 4342 attinet,
3185 4290 3316 4330 suas
3373 4274 3558 4342 ipsius.

1983 4379 2324 4434 calamitates
2351 4386 2592 4442 enarrat,
2616 4374 2723 4430 dist
2742 4373 2891 4444 ipulo
2916 4371 3158 4425 animum
3193 4367 3427 4421 addens.

384 4474 494 4532 οἷά
517 4494 619 4548 μοι
648 4477 903 4545 ἐγένετο.
926 4474 998 4528 ἐν
1038 4472 1389 4542 Ἀντιοχείᾳ,
1421 4471 1491 4525 ἐν
1542 4468 1780 4534 Ἰκονίῳ,
1810 4465 1880 4520 ἐν

2057 4470 2255 4535 Qualia
2297 4468 2426 4523 mihi
2498 4468 2645 4537 [acta
2686 4472 2808 4520 sunt
2855 4460 3171 4523 Antiochiae,
3215 4456 3406 4519 Iconii,
3451 4452 3559 4525 Ly-

305 4571 627 4638 Δύστροις.
669 4567 998 4636 Ἀντιόχειαν
1048 4563 1146 4635 τὴν
1200 4567 1304 4636 τῆς
1360 4561 1644 4623 Πισσιδίας
1699 4558 1874 4627 λέγει.

304 4662 531 4732 Αὐστρα
569 4660 647 4722 δὲ,
698 4657 822 4712 ὅθεν
848 4652 917 4728 ἦν
944 4656 973 4708 ὁ
1000 4653 1284 4725 Τιμόθεος.
1352 4653 1452 4703 Διὰ
1505 4651 1560 4703 τί
1588 4649 1646 4703 δὲ
1677 4648 1883 4702 τούτων

310 4754 489 4821 μόνων
514 4752 826 4822 μέμνηται;
862 4746 1080 4816 Ἐπειδὴ
1108 4742 1504 4816 γνωριμώτερα
1519 4738 1589 4813 ἦν
1613 4741 1691 4811 τῷ
1712 4741 1882 4809 Τιμο-

307 4845 441 4913 θέῳ,
467 4844 503 4914 ἢ
537 4845 633 4897 καὶ
659 4840 975 4912 νεαρώτερα
1029 4838 1139 4892 τῶν
1189 4838 1388 4892 ἄλλων.
1421 4838 1565 4906 Ὅρα
1595 4835 1653 4890 δὲ
1676 4832 1794 4895 πῶς
1820 4832 1882 4885 οὐ

314 4929 467 4995 λέγει
495 4930 667 4984 ταῦτα
696 4928 815 4982 κατ’
851 4924 1022 4989 εἶδος·
1069 4927 1131 4980 οὐ
1165 4926 1278 4997 γὰρ
1323 4925 1638 4989 ἐπιδείξεως
1665 4923 1877 4988 ἕνεκεν,

311 5019 458 5076 ἀ).ὶά
505 5018 857 5092 παραμυθίας
922 5017 1020 5071 τοῦ
1077 5017 1362 5089 μαθητοῦ,
1419 5014 1595 5070 ταῦτα
1670 5014 1878 5084 γράφει

307 5111 646 5179 ἀναγκαίως.

373 5203 549 5269 οἵους
587 5200 881 5272 διωγμοὺς
932 5200 1242 5270 ὑπέμεινα,
1287 5199 1384 5254 καί
1415 5199 1484 5253 ἐκ
1522 5198 1765 5253 πάντων
1798 5213 1877 5266 με

304 5296 598 5362 ἑῤῥύσατο
626 5297 661 5349 ὁ
690 5294 905 5361 Κύριος
924 5309 940 5325 ·
978 5292 1291 5364 ’Δμφότερα
1316 5292 1485 5344 ταῦτα
1520 5291 1763 5345 δείκνυσι
1797 5291 1875 5360 τῷ

305 5385 571 5458 Τιμοθέῳ,
592 5388 678 5440 ὅτι
694 5386 804 5439 Καὶ
829 5385 939 5454 ἐγὼ
960 5384 1265 5455 προθυμίαν
1282 5384 1326 5416 ³²
1357 5382 1717 5455 παρειχόμην,
1733 5383 1872 5437 ὥστε

378 5566 423 5597 ⁸³
459 5568 581 5621 Act.
605 5580 729 5631 χιιι,
756 5565 837 5620 14.

1980 4564 2103 4617 stris
2136 4561 2203 4616 “.
2232 4561 2581 4615 Antiochiam
2618 4557 2835 4612 Pisidiae
2887 4554 3062 4611 dicit:
3106 4551 3356 4624 Lystram
3382 4562 3512 4603 vero
3539 4586 3555 4613 ,
3666 4560 3667 4565 π

1982 4653 2125 4709 unde
2154 4650 2477 4706 Timotheus
2510 4648 2799 4704 oriundus.
2861 4646 3035 4712 Quam
3092 4643 3164 4698 ob
3196 4655 3421 4695 causam
3455 4652 3556 4690 au-

1981 4751 2090 4800 tem
2123 4744 2316 4798 horum
2355 4739 2740 4796 tantummodo
2769 4736 3058 4793 meminit?
3095 4733 3234 4799 Quia
3268 4730 3558 4787 Timotheo

1983 4834 2201 4889 notiora
2240 4842 2420 4896 erant,
2450 4831 2535 4886 vcl
2584 4830 2709 4885 aliis
2742 4829 3072 4883 recentiora.
3101 4825 3343 4881 Observa
3374 4829 3554 4875 autem

1977 4926 2127 4996 quod
2193 4925 2298 4981 ista
2352 4923 2637 4994 speciatim
2695 4934 2805 4974 non
2868 4927 3174 4974 recenset:
3236 4928 3350 4968 non
3408 4910 3555 4967 enim

1977 5017 2364 5072 ostentationis
2402 5026 2591 5075 causa,
2623 5010 2722 5066 sed
2754 5020 2813 5065 ut
2839 5009 3172 5080 discipulum
3217 5004 3554 5064 consoletur,

1979 5112 2096 5166 haec
2133 5106 2451 5163 necessario
2479 5102 2694 5160 scribit.

2049 5197 2246 5266 Quales
2285 5194 2667 5267 persecutiones
2690 5190 2941 5268 sustinui,
2971 5200 3020 5246 et
3055 5203 3121 5244 ea:
3157 5187 3397 5243 omnibus
3440 5196 3549 5237 ert-

1980 5291 2092 5358 puit
2125 5304 2204 5345 me
2237 5286 2515 5341 Dominus.
2555 5283 2795 5352 Utraque
2825 5282 2944 5336 haec
2982 5279 3186 5335 indicat
3213 5273 3500 5332 Timotheo
3532 5287 3547 5325 :

1980 5381 2205 5451 Etego,
2280 5376 2497 5448 inquit,
2563 5371 3046 5447 promplitudiuem
3105 5368 3171 5423 ad
3232 5363 3548 5436 patiendum

1656 5660 1845 5722 Variae
1872 5659 2201 5723 lectiones.

385 5763 429 5795 ³³
452 5761 757 5831 προθυμίας
794 5762 1018 5833 εἰχόμην
1043 5777 1101 5817 o.
