4006 6214
412 365 516 429 123

1280 347 1852 434 THEOPHYLACTI
1886 345 2295 406 BULGARI‘IE
2324 345 2678 407 ARCHIEP.

3547 345 3648 411 12$

413 477 757 541 exliibebam,
796 483 849 529 et
878 473 1020 528 Deus
1063 468 1498 527 non‘deserebat
1533 480 1640 520 me.
1697 462 1882 529 Quare
1926 467 1980 514 ct

2096 457 2204 530 ςδεῖ]
2239 461 2532 531 ὑπομένειν
2557 502 2572 524 ,
2613 459 2707 515 καὶ
2734 461 2763 513 δ
2809 459 2946 522 Θεὸς
2997 459 3057 512 ού
3118 460 3495 530 κατελίμπανέ
3549 479 3642 532 με.

415 584 472 627 ιιι
502 572 580 626 sis
612 574 918 640 promptus,
955 575 1009 619 et
1039 578 1146 618 non
1170 560 1592 630 derelinqueris.

487 661 651 714 Vens.
683 658 770 712 12.
805 656 872 709 Et
909 671 1084 709 omnes
1115 655 1205 723 qui
1240 655 1322 723 pie
1373 652 1550 706 volunt
1602 651 1764 703 vivere
1817 647 1978 718 611

2087 550 2247 602 Ὥστε
2277 548 2369 603 καὶ
2401 550 2466 603 σὺ
2495 549 2798 622 προθυμοῦ,
2829 547 2924 602 καὶ
2946 549 3047 602 οὐκ
3081 549 3576 624 ἐγκαταλειφθήσῃ.

2151 640 2260 694 Καὶ
2315 639 2539 706 πάντες
2594 639 2663 694 δὲ
2710 642 2764 694 at
2801 639 3083 705 θέλοντες
3132 640 3396 706 εὐσεϐῶς
3429 639 3539 707 ζῇν
3579 641 3653 695 ἐν

414 755 468 804 in
519 750 730 805 Christo
771 748 918 808 Jesu,
968 748 1374 813 persecutionem
1424 743 1713 810 patientur.
1745 738 1813 792 Et
1866 738 1981 790 hac

2096 731 2316 801 Χριστῷ
2355 733 2582 800 Ἰησοῦ,
2618 730 3078 800 διωχθήσονται.
3103 733 3212 786 Καὶ
3239 731 3394 785 τοῦτο
3419 732 3648 804 μεγίστη

417 858 549 896 sane
601 838 837 894 maxima
885 846 968 892 est
1018 835 1344 891 consolatio.
1397 833 1537 900 Quid
1569 835 1739 897 enim,
1779 831 1978 900 inquit,

2083 823 2428 894 παραμυθία.
2465 824 2535 878 Τί
2579 824 2691 894 γὰρ
2731 824 2892 891 λέγω,
2933 824 3088 894 φησὶ,
3125 825 3252 895 περὶ
3283 825 3520 895 ἐμαυτοῦ
3554 825 3650 896 μό-

416 937 485 987 de
540 947 624 986 me
687 932 805 986 solo
856 931 1019 984 verba
1084 928 1270 983 iacio?
1328 931 1608 998 Quotquot
1659 928 1745 995 pie
1798 926 1982 979 vivere

2096 929 2206 978 iou;
2253 913 2462 976 Πάντες
2504 914 2823 976 οίΘέ).οντες
2852 913 3092 976 εὐσεϐῶς
3147 914 3248 984 ζῇν
3307 915 3565 968 καὶκατὰ
3589 914 3652 968 τὸ

418 1023 731 1081 instituunt,
783 1029 838 1074 et
891 1020 1189 1074 secundum
1226 1017 1600 1088 Evangelium,
1645 1015 1984 1086 persecutio-

2096 999 2439 1069 Εὑαγγὲλιον,
2502 1002 2914 1073 διωχθήσονται.
2971 1004 3258 1072 Διωγμοὺς
3311 1003 3369 1056 δὲ
3415 1001 3651 1058 ἐνταῦθα

419 1130 539 1168 nem
584 1113 879 1181 patientur.
910 1111 1330 1166 Persecutiones
1360 1120 1542 1164 autem
1579 1110 1668 1164 hic
1705 1109 1839 1162 dicit
1873 1120 1980 1160 non

2096 1089 2258 1158 λέγει,
2284 1092 2344 1144 οὐ
2371 1092 2497 1156 τοὺς
2524 1092 2674 1164 παρὰ
2703 1094 2950 1148 ἀπίστων
3007 1093 3221 1162 μόνους,
3255 1094 3392 1146 ἀλλὰ
3423 1096 3520 1148 καὶ
3550 1095 3653 1158 τὰς

418 1215 511 1255 eas
545 1202 689 1254 solas
741 1214 862 1268 quae
897 1200 966 1253 ab
1003 1199 1299 1254 incredulis
1333 1201 1642 1261 imminent,
1681 1197 1776 1252 sed
1816 1198 1979 1252 etiam

2096 1183 2296 1253 θλίψεις
2327 1183 2537 1249 ἁπλῶς,
2572 1186 2668 1237 καὶ
2694 1185 2794 1249 τὰς
2825 1185 3049 1250 ὀδύνας,
3088 1184 3156 1248 ἃς
3184 1187 3234 1238 οἱ
3277 1186 3523 1253 ὲνάρετοι
3551 1187 3651 1255 ὐφ-

421 1289 742 1343 :tll'lictioncs
769 1291 902 1342 istas
935 1289 1275 1356 simpliciter,
1304 1297 1357 1342 et
1410 1303 1674 1343 mmrores
1713 1303 1775 1341 ac
1832 1286 1985 1341 dulo-

2096 1274 2354 1327 ἵστανται.
2401 1275 2763 1344 Πειρατὴριον
2794 1277 2904 1346 γάρ
2935 1276 3086 1327 ἐστιν
3121 1277 3149 1328 ὁ
3178 1275 3292 1345 βίος
3316 1274 3411 1328 τοῦ
3439 1276 3652 1345 ἀνθρώ·

421 1394 529 1440 res,
599 1393 739 1446 quos
791 1377 992 1430 virtute
1038 1376 1247 1445 praediti
1294 1377 1587 1431 sustinent.
1638 1373 1986 1429 Tentationis

2096 1383 2210 1428 που,
2245 1365 2386 1419 κατὰ
2430 1364 2520 1417 τὸν
2555 1363 2694 1430 Ἰὼϐ,
2749 1365 2842 1419 καὶ
2897 1366 2926 1418 ὁ
2974 1365 3073 1436 τὴν
3107 1365 3300 1437 στενὴν
3332 1365 3548 1432 ὁδεύων,
3589 1366 3650 1432 ἐξ

419 1469 562 1520 enim
613 1468 766 1522 locus
815 1477 897 1523 est
948 1469 1055 1521 vita
1087 1469 1345 1534 hominis,
1383 1470 1458 1522 uti
1488 1467 1660 1522 Jobus
1686 1467 1779 1530 ait,
1809 1476 1862 1522 et
1891 1468 1984 1538 qui

423 1567 712 1628 augustum
755 1558 858 1612 iter
890 1559 1212 1627 ingreditur,
1252 1560 1563 1614 necessario
1595 1558 1878 1627 premitur.

495 1649 661 1700 Vens.
703 1649 789 1700 15.
829 1647 961 1700 Μαίί
985 1657 1160 1701 autem
1188 1649 1423 1702 homines
1445 1659 1493 1702 et
1527 1649 1825 1703 seductores
1860 1665 1984 1716 pro-

423 1738 599 1806 ﬁcient
631 1738 683 1790 in
732 1738 898 1805 pejus,
933 1749 1166 1791 errantes
1224 1748 1272 1792 et
1321 1740 1375 1791 in
1425 1756 1653 1792 errorem
1700 1741 1981 1793 mittentes.

423 1825 570 1879 Nihil
609 1834 662 1880 te
705 1825 1007 1894 perturbet,
1044 1827 1088 1880 si
1133 1827 1222 1881 isti
1273 1827 1326 1880 in
1375 1813 1768 1897 tranquillitate
1800 1839 1982 1897 agant,

428 1925 484 1967 tu
521 1931 648 1969 vero
703 1915 758 1968 in
814 1915 1259 1970 tentalionibus:
1318 1933 1498 1972 rerum
1560 1931 1755 1973 natura
1803 1921 1884 1974 sic
1929 1934 1989 1973 se

428 2007 609 2060 habet.
653 2005 861 2060 Exutus
893 2021 951 2062 es
988 2008 1053 2061 ad
1089 2017 1363 2064 certamen
1392 2027 1405 2064 :
1441 2026 1664 2066 necesse
1701 2020 1785 2066 est
1821 2013 1987 2065 sudo-

429 2094 580 2148 ribus
610 2100 662 2150 te
687 2094 990 2150 abundare.
1020 2095 1286 2150 Stolidum
1310 2108 1392 2153 est
1417 2099 1580 2169 igitur
1611 2101 1663 2152 in
1692 2100 1990 2154 certamine

427 2187 668 2253 requiem
691 2202 952 2254 qumrere.
990 2187 1122 2242 Nam
1153 2190 1366 2245 etiamsi
1402 2190 1654 2259 progredi
1678 2191 1988 2254 videantur,

428 2279 531 2331 hoc
563 2285 740 2332 tamen
775 2293 882 2332 non
923 2287 1008 2333 est
1043 2294 1385 2350 progressus,
1423 2282 1679 2336 nimirum
1721 2283 1775 2335 in
1802 2297 1991 2338 errore

428 2367 660 2420 feliciter
683 2383 927 2437 pergere.
957 2371 1332 2440 luterpretans
1365 2373 1511 2426 enim
1556 2373 1686 2443 quid
1717 2375 1788 2428 sit
1815 2375 1987 2444 peius,

426 2459 584 2522 dixit,
613 2459 666 2514 in
702 2474 942 2515 errorem
975 2462 1190 2516 mittere
1218 2472 1274 2516 et
1299 2477 1505 2520 errare.

498 2546 665 2601 Vens.
711 2548 800 2603 14.
853 2549 1100 2616 Τιιγιιετο
1139 2568 1292 2606 mane
1346 2555 1402 2607 in
1441 2556 1508 2610 iis
1562 2572 1677 2625 qua:
1728 2559 1987 2623 didicisti,

425 2647 473 2690 et
497 2639 697 2691 credita
737 2649 859 2692 sunt
899 2639 1012 2694 tibi.
1052 2640 1131 2694 Tu
1172 2653 1373 2708 autem,
1401 2645 1599 2709 inquit,
1633 2647 1990 2716 impcrmuta-

428 2727 552 2780 nilis
587 2737 722 2794 esto,
753 2740 803 2781 et
842 2731 951 2785 noli
980 2733 1223 2786 wmulari
1253 2734 1305 2786 in
1335 2733 1745 2803 malignan'tibus
1778 2755 1797 2791 :
1831 2755 1992 2809 neque

426 2835 481 2872 ιιι
505 2819 712 2874 homine
739 2822 829 2890 qui
846 2833 1193 2890 prosperatur
1221 2826 1277 2877 in
1302 2827 1386 2879 via
1409 2843 1504 2880 sua
1536 2828 1605 2882 ⁸ο.
1637 2827 1755 2885 Non
1780 2830 1990 2901 simpli-

427 2910 562 2964 citer
597 2918 778 2964 autem
847 2912 1108 2980 didicisti,
1172 2915 1266 2970 sed
1324 2925 1376 2969 et
1425 2919 1630 2972 credita
1689 2929 1818 2976 sunt
1871 2921 1990 2989 tibi,

429 2998 532 3052 hoc
553 3007 657 3066 est,
696 3015 819 3055 cum
863 3004 1192 3059 certitudine
1224 3006 1486 3062 didicisti.
1516 3011 1750 3067 Proinde
1775 3013 1990 3068 etiamsi

2087 1455 2332 1525 ἀνάγκης
2368 1455 2633 1510 ϐλίὸεται.

2158 1641 2504 1710 Harmoniae
2529 1641 2828 1709 ἄνθρωποι
2853 1640 2950 1695 καὶ
2977 1642 3188 1712 γόητες
3233 1643 3654 1711 προκόψουσιν

2089 1731 2186 1785 ἐπὶ
2221 1733 2287 1785 τὸ
2307 1732 2529 1801 χεῖρον,
2560 1733 2906 1797 πλανῶντες
2929 1733 3028 1789 καί
3055 1735 3446 1803 πλανώμενοι.
3467 1738 3655 1806 Μηδέν

2092 1842 2152 1877 σε
2193 1825 2509 1894 θορυϐείτω,
2564 1827 2612 1878 εἰ
2667 1826 2862 1878 ἐκεῖνοι
2898 1827 2956 1878 ὲν
2989 1826 3242 1895 εὐθυμία,
3267 1827 3332 1879 σὺ
3366 1828 3422 1880 δὲ
3449 1827 3512 1880 ὲν
3531 1846 3654 1880 πει-

2091 1916 2321 1984 ρασμοῖς
2368 1930 2382 1944 ο
2413 1912 2585 1976 οὕτως
2613 1912 2724 1983 ἔχει
2749 1915 2781 1982 ἠ
2809 1913 2969 1982 φύσις
2986 1913 3097 1967 τῶν
3125 1915 3480 1984 πραγμάτων.
3520 1916 3653 1968 Ἀπ-

2088 2004 2260 2056 εδύσω
2279 2005 2357 2065 είς
2380 2003 2469 2054 τὸν
2498 2004 2704 2071 ἀγῶνα,
2732 2004 2944 2072 ἀνάγκη
2979 2005 3125 2057 ἐστὶν
3166 2005 3404 2075 ἱδρώτων
3452 2021 3513 2057 σε
3557 2005 3656 2072 γέ-

2093 2110 2232 2158 μειν.
2281 2095 2530 2161 Ἀνὸητον
2580 2093 2676 2146 οὖν
2713 2094 2774 2146 τὸ
2807 2095 2865 2146 ἐν
2909 2093 3075 2162 ἀγῶνι
3129 2095 3310 2149 ἄνεσιν
3349 2095 3550 2164 ζητεῖν.
3594 2095 3659 2148 Εἰ

2089 2185 2198 2254 γὰρ
2238 2188 2333 2240 καὶ
2359 2185 2572 2238 δοκοῦσι
2625 2187 2978 2257 προκόπτειν.
3028 2185 3143 2239 ἀλλ’
3187 2189 3287 2240 οὐκ
3334 2186 3450 2250 εστι
3499 2185 3664 2238 τοῦτο

2092 2273 2368 2345 προκοπὴ,
2405 2274 2464 2327 τὸ
2491 2273 2806 2328 εὐοδοῦσθαι
2848 2266 3056 2335 ἀὐτοὺς
3085 2276 3142 2327 ὲν
3165 2276 3230 2343 τῇ
3295 2273 3493 2345 πλάνῃ.
3535 2271 3662 2341 Ἐρ-

2093 2365 2342 2436 μηνεύων
2370 2365 2477 2435 γὰρ
2502 2366 2555 2418 τί
2593 2367 2708 2420 ἐστι
2753 2366 2823 2420 τὸ
2867 2366 3087 2436 χεῖρον,
3145 2361 3290 2431 εἷπε,
3327 2365 3389 2419 τδ
3450 2363 3660 2435 πλανᾷ-θ

2090 2457 2186 2511 καὶ
2224 2456 2551 2511 πλανᾶσθαι.

2162 2549 2246 2603 Σὺ
2279 2549 2347 2603 δὲ
2373 2548 2521 2617 μένε
2557 2549 2628 2602 ἐν
2659 2545 2752 2612 οἷς
2795 2547 3014 2616 ἔμαθες
3070 2547 3169 2601 καί
3201 2547 3554 2616 ἐπιστώθης.
3584 2551 3657 2604 Σὺ

2089 2639 2168 2702 δὲ,
2204 2639 2388 2708 φησὶν,
2425 2639 2825 2708 άπερῐτρεπτος
2870 2637 2981 2703 ἔσο,
3035 2638 3133 2692 καὶ
3182 2639 3268 2706 μὴ
3314 2638 3659 2707 πῳαζὴλου

2090 2732 2160 2786 ἐν
2175 2729 2695 2799 πονηρευομένοις,
2715 2729 2870 2798 μηδὲ
2899 2729 2969 2783 ἐν
2989 2729 3275 2798 ἀνθρώπῳ
3305 2730 3661 2786 κατευοδουκ

2087 2825 2251 2894 μένῳ
2291 2823 2338 2854 ³⁸
2364 2824 2434 2876 ἐν
2458 2821 2532 2890 τῇ
2562 2821 2679 2888 ὀδῷ
2710 2821 2919 2876 αὑτοῦ.
2945 2824 3055 2893 Οὐχ
3085 2823 3271 2885 ἅπλῶς
3322 2823 3378 2877 δὲ
3432 2822 3656 2891 ἔμαθες,

2093 2915 2228 2967 ἀλλὰ
2258 2914 2350 2967 καὶ
2390 2912 2718 2980 ἐπιστώθης,
2786 2912 3055 2974 τουτέστι.
3094 2913 3231 2983 μετὰ
3286 2913 3658 2984 πληροφορίας

2093 3004 2314 3075 ἔμαθες.
2361 3005 2524 3056 Ὥστε
2553 3002 2656 3058 κᾶν
2695 3003 2913 3058 ἐναντία
2943 3005 3076 3075 δρᾷς
3101 3003 3212 3057 τῶν
3239 3004 3656 3068 πιστευθέντων,

426 3091 703 3146 diversum
731 3105 927 3149 cernas
956 3095 1023 3148 ab
1041 3109 1107 3148 eo
1127 3095 1270 3163 quod
1292 3096 1595 3161 credidisti,
1629 3117 1696 3155 ne
1721 3104 1986 3159 turbcris:

2096 3096 2172 3165 μὴ
2201 3093 2431 3165 θορυδοῦ
2458 3135 2473 3160 ,
2502 3095 2626 3146 ἐπεὶ
2658 3094 2753 3148 καὶ
2810 3094 3060 3165 ’Δϐραὰμ
3116 3094 3355 3157 ἀκούσας
3385 3135 3400 3160 ,
3429 3096 3512 3148 ὅτι
3556 3095 3662 3148 Ἔν

426 3179 869 3251 quandoquidem
915 3192 966 3238 et
993 3185 1270 3240 Abraham
1320 3197 1606 3257 postquam
1673 3194 1990 3262 audivisset,

430 3272 496 3325 In
526 3269 684 3326 Isaac
713 3274 984 3328 vocabitur
1014 3276 1108 3329 tibi
1135 3293 1328 3342 semen,
1348 3293 1472 3334 cum
1501 3281 1726 3352 posthac
1745 3282 1994 3355 jugulare

429 3379 552 3418 cum
586 3365 893 3434 juberctur,
929 3383 1035 3422 non
1071 3370 1412 3426 turbabatur.

501 3455 685 3511 Sciens
711 3475 743 3512 ιι
765 3475 866 3529 quo
892 3458 1164 3524 didiceris,
1191 3472 1238 3516 et
1284 3463 1421 3532 quod
1452 3465 1517 3517 ab
1551 3466 1779 3534 infantia
1808 3485 1992 3524 sacras

431 3548 635 3603 litteras
686 3551 845 3605 nosti.
899 3550 1042 3608 Duas
1095 3569 1292 3610 causas
1339 3555 1562 3612 adducit
1606 3568 1831 3628 prapter
1855 3576 1995 3630 quas

430 3649 682 3706 oporteat
705 3659 828 3696 eum
861 3643 1193 3699 immobilem
1228 3661 1547 3715 permanere
1575 3666 1590 3713 ;
1615 3661 1668 3704 et
1702 3651 1848 3720 quod
1883 3667 1992 3707 non

431 3748 459 3782 ιι
501 3732 706 3801 vulgari
755 3734 936 3802 aliquo
978 3735 1238 3801 didicisti,
1285 3739 1480 3809 inquit,
1535 3741 1629 3794 sed
1681 3757 1712 3795 a
1780 3742 1992 3812 Paulo;

433 3823 540 3887 vel,
575 3825 720 3892 quod
747 3824 887 3878 idem
921 3827 1083 3890 valet,
1114 3842 1143 3880 a
1169 3827 1388 3885 Christo
1425 3848 1437 3884 :
1474 3839 1529 3884 et
1556 3833 1682 3900 quia
1716 3848 1826 3887 non
1856 3834 1994 3901 heri,

431 3920 528 3968 aut
583 3927 757 3982 nuper
813 3912 1074 3978 didicisti,
1123 3918 1217 3972 sed
1261 3920 1328 3972 ab
1381 3919 1630 3988 infantia,
1665 3939 1728 3978 ac
1778 3926 1995 3982 radices

431 4005 543 4075 egit
572 4005 626 4059 in
651 4013 704 4060 te
734 4007 960 4062 scientia
997 4008 1216 4077 pietatis
1250 4028 1263 4066 :
1299 4027 1469 4081 quare
1505 4029 1612 4069 non
1644 4018 1919 4084 permittet
1944 4027 1996 4075 te

433 4097 638 4166 aliquid
668 4098 834 4154 stulte
860 4098 1060 4164 tacere,
1114 4109 1171 4154 ut
1209 4102 1455 4172 plerique
1481 4105 1682 4162 solent.
1713 4107 1815 4174 Qui
1848 4109 1993 4164 enim

433 4187 743 4257 Scripturas
810 4191 1036 4259 perinde
1085 4195 1239 4248 novit
1293 4204 1353 4248 ut
1413 4205 1648 4266 oportet,
1717 4216 1994 4271 nunquam

433 4289 794 4346 pervertetur.
850 4281 1047 4341 Sacras
1114 4295 1293 4342 autem
1342 4289 1552 4347 litteras
1609 4293 1848 4348 divinam
1903 4308 1999 4363 ap-

435 4371 596 4439 pellat
627 4370 990 4443 Scripturam.
1030 4375 1142 4431 Iloc
1179 4393 1342 4446 porro
1381 4391 1462 4434 est
1506 4382 1770 4438 adversus
1811 4382 1993 4438 Simo-

433 4477 579 4526 nem,
613 4471 667 4515 et
696 4464 986 4528 Manetem,
1013 4477 1067 4521 et
1095 4482 1288 4523 omnes
1315 4470 1405 4536 qui
1452 4467 1619 4526 Vetus
1671 4471 1994 4528 Testamen-

433 4561 546 4603 tum
573 4567 797 4619 pravum
834 4557 1130 4622 appellant.

505 4637 669 4694 Vens.
707 4641 793 4695 15.
830 4643 960 4705 Qua:
992 4653 1040 4696 te
1085 4657 1300 4712 possunt
1335 4647 1592 4704 instruere
1626 4652 1695 4704 ad
1747 4654 1994 4720 salutent,

433 4747 526 4798 per
545 4731 699 4798 [idem
725 4749 841 4801 qua:
863 4743 940 4788 est
969 4735 1022 4788 in
1044 4735 1174 4789 Jesu
1203 4735 1437 4792 Christo.
1475 4738 1591 4793 Non
1637 4747 1994 4812 quemadmo-

432 4823 562 4875 dum
598 4827 1092 4881 externascientia
1143 4827 1417 4885 hominem
1462 4832 1701 4887 instituit
1745 4837 1810 4889 ad
1845 4838 1996 4891 frau-

432 4913 554 4966 dem
591 4922 645 4968 et
677 4915 1031 4985 imposturas,
1075 4929 1130 4974 et
1165 4921 1454 4976 verborum
1497 4939 1730 4993 pugnas,
1767 4940 1831 4980 ex
1872 4929 1996 4996 qui-

434 5005 536 5058 bus
561 5005 757 5061 anima:
792 5009 1044 5065 interitus
1080 5013 1346 5080 provenit,
1383 5015 1464 5069 sic
1509 5015 1692 5070 divina
1731 5020 1992 5088 cognitio,

431 5095 526 5150 sed
577 5109 640 5149 ea
697 5095 935 5152 instituit
994 5101 1060 5154 ad
1099 5102 1349 5157 salutem.
1384 5105 1659 5170 Qualem?
1707 5105 1826 5163 Non
1874 5125 1993 5165 eam

431 5201 554 5254 qua:
596 5195 680 5242 est
719 5203 814 5256 per
855 5202 1044 5258 opera,
1083 5206 1190 5246 non
1232 5209 1354 5263 quae
1383 5210 1479 5264 per
1519 5198 1707 5262 verba,
1749 5201 1841 5254 sed
1875 5214 1998 5270 quia:

2019 4420 2073 4480 D

2107 3181 2314 3235 Ἰσαὰκ
2383 3179 2756 3248 κληθήσεταί
2811 3197 2911 3235 σοι
2956 3183 3212 3251 σπέρμα,
3294 3179 3413 3237 εῐτα
3463 3183 3665 3252 σφάξαι

2094 3269 2282 3326 τοῦτον
2302 3271 2679 3342 κελευόμενος,
2711 3271 2810 3326 οὐκ
2842 3272 3189 3343 ἐταράττετο.

2165 3457 2354 3524 Εἰδὼς
2372 3456 2531 3525 παρὰ
2555 3455 2720 3522 τίνος
2750 3456 2986 3524 ἔμαθες,
3004 3457 3100 3512 καὶ
3120 3457 3211 3512 ὅτι
3246 3459 3365 3515 ἀπὸ
3394 3460 3665 3529 ,βρέφους

2094 3548 2167 3602 τὰ
2226 3550 2351 3616 ιερὰ
2379 3547 2687 3617 γράμματα
2715 3547 2902 3614 οἶδας.
2933 3548 3035 3602 Δύο
3067 3551 3245 3614 αἰτίας
3275 3551 3422 3620 λέγει
3443 3552 3533 3606 τοῦ
3555 3554 3667 3609 δεῖν

2095 3639 2257 3692 αὑτὸν
2277 3637 2672 3707 ἀπερίτρεπτον
2703 3638 2904 3707 μένειν,
2931 3637 3058 3691 Ὅτι
3078 3656 3138 3692 τε
3165 3641 3227 3694 οὐ
3264 3643 3413 3710 παρὰ
3438 3641 3530 3694 τοῦ
3571 3660 3673 3696 τυ·-

2097 3730 2282 3800 χόντος
2311 3728 2530 3798 ἔμαθες,
2557 3734 2742 3800 φησὶν,
2777 3729 2915 3784 ἀλλὰ
2959 3732 3110 3801 παρὰ
3159 3733 3394 3796 Παύλου,
3442 3730 3557 3786 ἴσον
3607 3734 3665 3788 δὲ

2096 3822 2288 3887 εἰπεῖν,
2322 3820 2405 3873 ὅτι
2427 3822 2520 3873 καὶ
2550 3820 2788 3890 Χριστοῦ
2819 3837 2834 3851 ο
2871 3822 2970 3875 καὶ
2995 3823 3079 3876 ὅτι
3107 3825 3169 3876 οὐ
3209 3823 3332 3892 χθὲς
3353 3824 3448 3880 καὶ
3471 3824 3668 3895 πρώην

2096 3913 2321 3984 ἔμαθες,
2351 3914 2488 3967 ἀλλὰ
2511 3915 2617 3968 ἀπὸ
2651 3913 2906 3984 βρέφους,
2947 3916 3042 3968 καὶ⁵
3102 3916 3442 3987 ὲρῤιζωμένη
3515 3918 3667 3970 ἐστὶν

2094 4005 2154 4057 ἐν
2188 4006 2272 4059 σοὶ
2300 4007 2333 4077 ἡ
2359 4006 2478 4059 θεία
2505 4005 2726 4074 γνῶσις.
2763 4007 2924 4059 Ὥστε
2983 4007 3083 4060 οὐκ
3116 4009 3318 4077 ἀφήσει
3381 4023 3442 4060 σε
3503 4008 3666 4076 ἀνόη-

2093 4098 2188 4152 τόν
2249 4114 2302 4150 τι
2341 4097 2554 4159 παθεῖν,
2594 4099 2692 4150 καὶ
2727 4092 2838 4152 οἷον
2888 4099 2937 4150 oi
3008 4097 3212 4153 πολλοί.
3284 4097 3344 4152 ὀ
3394 4098 3502 4167 γὰρ
3565 4097 3663 4161 τὰς

2095 4188 2319 4257 Γραφὰς
2350 4188 2625 4252 εἰδὼς,ὡς
2693 4188 2792 4255 δεῖ,
2848 4188 3104 4242 οὐδέποτε
3165 4191 3654 4260 περιτραπήσεται.

2107 4279 2248 4348 Ἱερὰ
2274 4280 2330 4333 δὲ
2355 4281 2658 4349 γράμματα
2715 4281 2812 4349 τὴν
2842 4280 2988 4333 Θείαν
3029 4280 3177 4349 λέγει
3205 4280 3450 4350 Γραφήν.
3494 4279 3667 4333 Τοῦτο

2099 4372 2240 4422 κατὰ
2257 4372 2520 4440 Σίμωνος,
2545 4373 2638 4422 καὶ
2671 4371 2969 4433 Μάνεντος,
3017 4373 3112 4424 καί⁵
3165 4371 3380 4426 πάντων
3430 4371 3538 4425 τῶν
3565 4371 3668 4440 τὴν

2101 4459 2340 4515 Παλαιὰν
2381 4461 2621 4528 πονηρὰν
2650 4460 3082 4516 ἀποκαλούντων.

2174 4643 2254 4698 Τὰ
2278 4641 2580 4710 δυνάμενὰ
2606 4657 2681 4695 σε
2713 4641 2964 4711 σοφίσαι
2991 4645 3078 4708 είς
3099 4643 3401 4711 σωτηρίαν
3444 4641 3542 4696 διὰ
3569 4643 3667 4696 πί-

2099 4753 2287 4800 στεως
2313 4733 2419 4802 τῆς
2446 4735 2516 4788 ἐν
2542 4732 2772 4801 Χριστῷ
2815 4734 3043 4801 Ἰησοῦ.
3101 4734 3212 4803 Οὐχ
3273 4734 3517 4803 ὥσπερὴ
3548 4733 3657 4799 ἔξω

2099 4828 2301 4898 γνῶσις
2335 4827 2545 4896 σοφίζει
2574 4825 2668 4878 τὸν
2701 4825 2988 4894 ἄνθρωπον
3015 4828 3096 4888 εις
3153 4827 3371 4896 ἀπάτην
3423 4827 3519 4881 καὶ
3573 4841 3666 4879 σο-

2097 4921 2345 4990 φίσματα
2373 4921 2466 4972 καὶ
2513 4918 2868 4986 λογομαχίας,
2921 4918 2979 4983 ἐξ
3027 4911 3102 4971 ὧν
3160 4919 3408 4973 ἀπώλεια
3466 4918 3667 4989 ψυχῆς.

2096 5013 2237 5068 οὕτω
2258 5013 2352 5066 καὶ
2379 5014 2412 5082 ἡ
2437 5009 2556 5064 Θεία
2589 5009 2812 5077 γνῶσις,
2853 5008 2967 5061 ἀλλ’
3001 5009 3142 5079 αὑτὴ
3174 5010 3382 5077 σοφίζει
3437 5013 3518 5072 εἱς
3563 5025 3670 5062 σω-

2097 5107 2317 5176 τηρίαν.
2349 5102 2552 5166 Ποίαν;
2583 5099 2658 5154 Οὐ
2689 5100 2787 5169 τὴν
2815 5099 2882 5153 δι’
2915 5099 3112 5170 ἔργων,
3146 5100 3207 5152 οὐ
3235 5099 3334 5169 τὴν
3360 5100 3449 5154 διὰ
3471 5099 3667 5166 λόγων,

2098 5197 2233 5252 ἀλλὰ
2263 5196 2362 5264 τὴν
2401 5194 2490 5247 διὰ
2539 5193 2775 5255 πίστεως
2840 5191 3013 5260 Ἰησοῦ
3055 5191 3316 5262 Χριστοῦ.
3379 5189 3668 5262 Ὀδηγοῦσι

431 5289 515 5332 est
551 5294 646 5348 per
685 5279 843 5334 (idem
867 5278 998 5334 Jesu
1030 5281 1254 5338 Christi.
1284 5284 1466 5341 Sacrae
1508 5289 1652 5342 enim
1701 5289 1991 5360 Scriptum

2107 5289 2217 5357 γὰρ
2243 5287 2299 5339 αἱ
2331 5286 2481 5353 άγιαι
2509 5283 2721 5353 Γραφαὶ
2754 5283 2846 5336 τὸν
2877 5281 3161 5354 ἄνθρωπον
3181 5284 3260 5350 είς
3285 5283 3348 5339 τὸ
3379 5283 3670 5339 πιστεῦσαι

431 5372 594 5440 612
624 5371 834 5427 ducunt
869 5374 1143 5433 hominem
1183 5385 1242 5430 ut
1284 5375 1504 5435 Christo
1537 5381 1742 5450 credat,
1783 5383 1876 5453 qui
1911 5399 1999 5439 sa-

437 5462 602 5514 lutem
636 5465 708 5517 illi
743 5465 1014 5522 conciliat.
1671 5474 1678 5481 ’

510 5576 554 5607 δ’
573 5575 717 5634 Psal.
738 5595 924 5649 xxxvi,
955 5585 1006 5638 1.

2108 5380 2349 5453 Χριστῷ,
2375 5377 2649 5450 σωτηρίαν
2671 5376 2818 5448 αὐτῷ
2852 5378 3244 5449 περιποιοῦντι.

1787 5665 1978 5727 Variae
2009 5664 2331 5728 lectiones.

495 5747 563 5778 ~”
602 5748 980 5822 εὐδοκιμοῦντι
1005 5774 1077 5814 m.
