4006 6214
279 363 390 429 125

970 369 1377 434 EXPOSITIO
1416 374 1498 435 IN
1530 377 1771 438 EPIST.
1809 379 1872 440 II
1900 380 2001 442 AD
2025 340 2343 451 ΤΙΜΟΤΗ.
2367 413 2436 426 ·-
2457 390 2616 452 CAP.
2651 391 2749 456 IV.

3421 386 3532 470 ἰνδ

345 480 524 537 Πᾶσα
576 481 768 552 γραφὴ
793 483 1193 552 θεόπνευστος
1221 489 1319 542 καί
1367 489 1680 562 ὠφέλιμος.
1732 494 1843 548 Πολ

2040 499 2205 557 Vens.
2260 504 2347 560 16.
2402 505 2586 562 Omnis
2645 517 2909 576 scriptura
2963 507 3213 570 divinitus
3271 516 3532 587 inspirata

272 575 408 638 ἰοὺς
433 574 672 646 εἰρηκὼς
691 578 1042 646 παραμυθίας
1079 580 1339 650 τρόπους,
1369 583 1465 637 νῦν
1498 587 1591 638 καὶ
1620 587 1721 658 τὴν
1755 606 1854 659 με-

277 667 480 739 γίστην
501 669 721 736 ἐπάγει,
755 669 854 741 τὴν
885 671 950 723 ὲκ
1005 671 1106 742 τῆς
1136 673 1499 740 ἀναγνώσεως
1548 678 1657 732 τῶν
1714 681 1856 751 Γρα-

273 758 419 827 φῶν.
468 759 670 813 Μέλλει
707 759 817 830 γὰρ
859 759 1101 831 λυπηρόν
1147 780 1200 817 τι
1248 764 1395 835 αὺτῷ
1443 766 1747 836 ἀγγέλλειν,
1770 773 1852 826 δτι

272 849 608 903 τελειοῦται.
638 851 756 904 Ἵνα
791 849 884 905 οῦν
914 853 986 923 μὴ
1020 854 1329 929 καταπέσῃ,
1356 857 1430 923 ὡς
1462 860 1852 932 στερεούμενος

272 939 368 993 τοῦ
401 941 566 995 αὑτὸν
598 942 972 1011 συνιστῶντος,
1007 944 1214 1014 Ἔχεις,
1265 948 1421 1017 φησὶ,
1471 951 1570 1014 τὰς
1626 952 1850 1020 Γραῳὰς

272 1031 396 1085 ἀντ’
439 1031 576 1100 ἐμοῦ
626 1033 939 1103 δυναμένας
969 1036 1198 1105 ὠφελεῖν
1231 1055 1309 1094 σε.
1341 1040 1573 1110 Ζητοῦσι
1601 1043 1659 1096 δέ
1705 1062 1851 1109 τινες

273 1124 397 1187 πῶς
435 1119 578 1184 εἷπε,
639 1123 814 1178 Πᾶσα
838 1125 1034 1195 γραφὴ
1092 1129 1515 1198 θεόπνευστος.
1562 1130 1707 1204 *Αρα
1755 1135 1851 1190 οῦν

272 1216 374 1268 καὶ
401 1216 457 1267 αἱ
489 1215 596 1268 τῶν
623 1213 892 1283 Ἑλλήνων
926 1221 1130 1288 γραφαὶ
1164 1220 1508 1276 θεόπνευστοι
1543 1240 1558 1289 ;
1593 1225 1703 1279 Καὶ
1724 1227 1845 1297 βιασ-

271 1306 499 1376 ζόμενοί
544 1325 686 1371 τινες
739 1308 1010 1374 στίζουσιν
1037 1313 1117 1375 είς
1161 1314 1242 1376 τὸ,
1301 1318 1716 1384 θεόπνευστος,
1753 1321 1847 1373 καί

271 1413 474 1463 φασιν,
526 1398 610 1451 ὅτι
653 1400 802 1452 πᾶσα
859 1401 1072 1472 γραφὴ,
1129 1402 1250 1472 ἥτις
1302 1407 1418 1459 ἐστὶ
1468 1406 1846 1475 θεόπνευστος,

268 1489 459 1560 ἐκείνη
493 1491 590 1542 καὶ
621 1489 920 1560 ὠφέλιμος.
955 1493 1100 1546 Ἔδει
1132 1494 1190 1547 δὲ
1243 1497 1439 1561 αὐτοὺς
1480 1499 1729 1563 συνιδεῖν,
1762 1501 1844 1553 ὃτι

266 1579 441 1633 εἰπὼν
469 1581 745 1651 ἀνωτέρω,
774 1582 855 1636 Τὰ
903 1585 1028 1652 ιερὰ
1083 1588 1404 1657 Γράμματα
1457 1587 1643 1658 οἶδας,
1697 1591 1844 1661 λέγει

269 1669 386 1735 νῦν,
417 1672 500 1724 ὅτι
559 1672 724 1728 πᾶσα
754 1676 979 1744 γραφήο
1011 1678 1186 1744 Ποία;
1236 1680 1374 1750 Περὶ
1429 1675 1497 1751 ἦς
1549 1681 1844 1750 διελέγετο,

270 1766 400 1836 capi.
419 1760 488 1836 ἦς
518 1762 697 1832 εἶπεν,
731 1769 814 1822 ὅτι
842 1770 984 1840 ἱερά.
1015 1771 1170 1824 Πᾶσα
1199 1769 1293 1826 οὖν
1338 1776 1370 1844 ἡ
1421 1777 1668 1845 τοιαύτη,
1724 1775 1842 1829 θεό-

1959 602 2012 646 et
2066 595 2238 650 utilis.
2290 597 2426 652 Cum
2480 616 2588 653 non
2647 617 2852 670 paucos
2899 606 3293 664 consolationis
3338 613 3530 669 modos

1961 684 2208 750 dixisset,
2252 689 2541 743 maximam
2572 690 2684 759 jam
2722 709 2864 749 nunc
2901 694 3128 764 profert,
3161 713 3282 768 qua:
3329 711 3414 756 est
3461 720 3530 759 ex

1960 774 2193 832 lectione
2232 777 2665 849 Scripturarum.
2713 783 3142 848 Denuntiaturus
3185 800 3268 845 est
3303 793 3445 848 enim
3477 796 3527 850 ei

1959 865 2115 921 triste
2170 868 2452 938 quiddam,
2507 875 2765 928 nimirum
2822 877 2967 944 quod
3025 879 3191 934 instet
3243 882 3347 936 sibi
3405 884 3528 942 vitae

1958 957 2245 1014 terminus.
2279 959 2357 1014 Ne
2413 961 2580 1032 igitur
2632 963 2968 1034 despondeat
3029 969 3292 1038 animum,
3359 976 3525 1032 veluti

1955 1047 2338 1107 conlirmalore
2375 1069 2475 1107 suo
2501 1057 2724 1110 orbatus
2752 1096 2768 1120 ,
2802 1056 3005 1124 llabes,
3035 1060 3233 1131 inquit,
3281 1065 3525 1134 scriptu-

1953 1151 2066 1202 ras,
2097 1154 2218 1209 qua:
2250 1143 2354 1196 mei
2413 1144 2533 1198 loco
2595 1151 2648 1199 te
2699 1146 2893 1214 juvare
2952 1158 3202 1217 possunt.
3259 1152 3521 1216 Qmerunt

1951 1237 2130 1283 autem
2184 1231 2349 1301 aliqui
2397 1236 2671 1303 quomodo
2714 1237 2913 1292 dixerit
2950 1257 2964 1293 :
3007 1239 3186 1294 Omnis
3244 1246 3514 1310 scriptura

1951 1319 2202 1376 divinitus
2255 1324 2514 1392 inspirata
2547 1342 2568 1378 :
2627 1330 2874 1399 nunquid
2926 1331 3090 1402 igitur
3122 1344 3172 1388 et
3206 1334 3520 1394 Graecorum

1952 1413 2237 1483 scriptura:
2275 1415 2538 1473 divinitus
2580 1428 2709 1474 sunt
2733 1421 3053 1491 iuspirataz?
3079 1426 3154 1479 Ac
3185 1427 3258 1480 ita
3298 1429 3518 1495 quidem

1951 1503 2128 1572 pressi
2185 1505 2590 1564 distinctionem
2651 1521 2862 1579 ponunt
2913 1513 2978 1567 ad
3040 1515 3208 1581 istud,
3268 1515 3518 1572 divinitus

1950 1592 2252 1662 inspirata,
2315 1597 2603 1654 dicentes:
2654 1600 2846 1656 Omnis
2895 1601 3202 1672 Scriptura,
3255 1623 3376 1675 qua:
3434 1618 3520 1664 est

1949 1683 2213 1740 divinitus
2262 1685 2551 1754 inspirata,
2599 1688 2689 1741 illa
2713 1697 2798 1744 est
2821 1689 2985 1744 etiam
3017 1692 3186 1747 utilis.
3221 1692 3520 1763 Oportebat

1952 1783 2131 1830 autem
2164 1790 2259 1830 eos
2281 1777 2496 1831 novisse
2526 1779 2671 1846 quod
2698 1793 2820 1833 cum
2850 1795 3014 1851 supra
3041 1781 3243 1836 dixerit
3268 1801 3280 1837 :
3317 1783 3516 1840 Sacras

268 1874 538 1923 πνευστος
595 1861 691 1913 καὶ
755 1859 1055 1934 ὠφέλιμος,
1087 1863 1224 1936 πρὸς
1256 1864 1433 1920 πάντα
1479 1866 1516 1920 ἃ
1559 1866 1689 1939 ἑξῆς
1721 1868 1838 1920 ἐπι-

1951 1864 2168 1920 Litteras
2199 1868 2357 1932 nosti,
2391 1884 2536 1922 nunc
2559 1871 2634 1922 ait
2667 1887 2680 1924 :
2727 1870 2915 1926 Omnis
2943 1875 3202 1942 scriptura
3235 1892 3252 1929 :
3280 1879 3457 1946 qualis
3487 1881 3511 1932 ?

267 1949 445 2018 φέρει.

346 2212 504 2278 Πρὸς
559 2211 972 2271 διδασκαλίαν.
1060 2216 1289 2286 Ὠφελετ,
1336 2218 1492 2288 φησὶ,
1516 2219 1838 2276 διδάσκουσα

270 2303 446 2372 ἡμᾶς,
469 2305 524 2358 ετ
550 2323 598 2358 τι
627 2306 706 2359 δεῖ
733 2306 950 2377 μαθεῖν.
989 2308 1156 2363 Οὐδὲν
1181 2311 1290 2380 γάρ
1324 2310 1497 2378 ἐστιν,
1545 2311 1575 2365 ὃ
1631 2313 1707 2384 μὴ
1752 2313 1839 2367 διὰ

264 2391 369 2460 τῆς
400 2391 548 2454 θείας
573 2394 797 2464 Γραφῆς
823 2396 1045 2450 δύναται
1073 2397 1321 2466 λυθῆναι.

340 2482 498 2550 Πρὸς
559 2483 834 2555 ιίνῑεγχον.
894 2487 958 2540 Et
1000 2486 1215 2556 ἐλέγξαι
1235 2489 1318 2542 δεῖ
1385 2489 1454 2544 τὰ
1495 2490 1686 2562 ψευδῆ,
1747 2493 1842 2551 καὶ

262 2575 427 2628 τοῦτο
455 2575 691 2630 ἐκεῖθεν.

337 2665 494 2733 Πρὸς
515 2665 950 2736 ἐπανόρθωσιν,
976 2669 1128 2738 πρὸς
1181 2670 1456 2727 παιδείαν
1492 2673 1608 2742 τὴν
1651 2675 1724 2730 ἐν
1754 2675 1839 2729 δι-

266 2758 591 2825 καιοσύνῃ.
656 2756 832 2829 Εἴπερ
878 2759 978 2823 δεῖ,
1029 2762 1215 2832 φησιν,
1248 2763 1693 2836 ἐπανορθωθῆναι
1743 2767 1839 2820 καὶ

265 2847 651 2919 παιδευθῆναι,
683 2851 951 2918 τουτέστι,
981 2855 1421 2925 σωφρονισθῆναι
1470 2857 1606 2926 πρὸς
1634 2857 1836 2912 δικαιο-

264 2939 479 3010 σύνην,
545 2942 784 2996 τουτέστι
849 2945 985 3014 πρὸς
1045 2946 1112 2998 τὰ
1175 2945 1361 2999 δίκαια
1411 2946 1690 3017 πράττειν,
1746 2949 1840 3002 καὶ

263 3033 426 3085 τοῦτο
460 3033 525 3086 ἐκ
555 3034 665 3087 τῶν
691 3035 730 3086 Γ
737 3034 926 3104 ραφῶν
955 3053 1036 3090 σοι
1067 3037 1366 3106 περίεστιν.

341 3124 475 3178 Ἵνα
495 3125 694 3192 ἄρτιος
716 3120 760 3196 ᾖ
793 3127 826 3179 ό
853 3125 961 3181 τοῦ
994 3128 1140 3182 Θεοῦ
1156 3129 1486 3197 ἄνθρωπος.
1520 3130 1585 3183 Ἦ
1602 3132 1834 3202 ἐπανόρ-

266 3213 458 3279 θωσις,
490 3215 643 3285 φησὶ,
676 3215 890 3283 γίνεται
924 3217 988 3269 ἐκ
1037 3217 1146 3270 τῶν
1214 3219 1468 3290 Γραφῶν,
1525 3217 1614 3272 ῖνα
1672 3220 1837 3289 μηδὲν
1864 3213 1910 3242 ⁸⁸

259 3306 376 3358 τῶν
395 3305 573 3358 καλῶν
610 3306 772 3380 λείπῃ
835 3304 913 3375 τῷ
961 3307 1104 3361 κατὰ
1166 3309 1299 3362 Θεὸν
1347 3307 1638 3380 ἀνθρώπῳ.
1676 3309 1838 3362 Ὥστε

263 3397 364 3448 καὶ
393 3396 458 3449 σὺ
497 3396 593 3449 ἐὰν
625 3396 790 3468 βούλῃ
855 3396 1042 3468 ἄρτιος
1093 3394 1262 3464 εἶναι,
1323 3399 1594 3462 τουτέστι,
1637 3399 1841 3463 τέλειος

259 3489 358 3541 καὶ
383 3488 564 3557 ὑγιὴς,
595 3490 690 3542 καὶ
717 3490 806 3542 ἀεὶ
837 3484 975 3552 ἴσος.
991 3487 1114 3542 οὔτε
1140 3490 1252 3551 τοῖς
1279 3489 1538 3560 λυπηροῖς
1562 3489 1843 3542 συστελλό-

263 3595 426 3646 μενος
467 3577 592 3632 οῦτε
662 3583 775 3642 τοῖς
835 3582 1092 3651 χρηστοῖς
1150 3579 1488 3650 φυσώμενος,
1548 3579 1702 3634 τοῦτο
1733 3581 1842 3650 γὰρ

261 3671 582 3740 ἀνισότητος
625 3671 671 3706 ³⁸
723 3671 971 3744 γνώμης,
1007 3671 1207 3734 ταύτας
1247 3670 1337 3740 ἔχε
1363 3670 1697 3741 συμόούλους
1726 3673 1844 3727 ἀντ’

261 3759 424 3829 ἐμοῦ.
450 3761 515 3814 Et
557 3761 614 3814 δὲ
663 3756 912 3832 Τιμοθέῳ
947 3761 1022 3831 τῷ
1074 3760 1385 3831 Πνεύματος
1413 3762 1608 3834 πλήρει
1637 3763 1842 3834 ἔγραφε

262 3851 397 3918 περὶ
462 3850 850 3919 ἀναγνώσεως,
923 3851 1076 3922 πόσῳ
1135 3852 1336 3923 μᾶλλον
1371 3856 1503 3923 ἡμῖν
1532 3871 1548 3920 ;
1580 3854 1724 3924 Ὅρα
1760 3854 1840 3919 δὲ,

259 3941 542 4013 ὅτι-χωρὶς
590 3943 699 3997 τῶν
755 3942 987 4014 Γραφῶν
1032 3943 1134 3997 οὐκ
1193 3942 1340 3997 ἔστιν
1358 3943 1545 4015 ἄρτιον
1568 3943 1840 4013 γενέσθαι.

333 4123 496 4191 Πρὸς
522 4121 648 4180 πᾶν
692 4123 870 4193 ἔργον
940 4123 1166 4193 ἀγαθὸν
1209 4123 1676 4191 ἀπηρτισμένως.
1733 4126 1844 4198 Οὐχ

256 4214 459 4277 ἁπλῶς
494 4215 741 4284 μετέχων
771 4214 993 4282 ἀγαθῶν
1022 4214 1296 4284 πράξεων,
1330 4213 1445 4267 ἀλλ’
1497 4215 1844 4285 ἀπηρτισμέ-

255 4319 382 4366 voc,
412 4306 664 4358 τουτέστι
725 4305 1177 4374 τετελειωμένοςο
1231 4305 1293 4358 οὐ
1343 4304 1478 4374 πρὸς
1552 4305 1670 4359 τάδε
1719 4306 1838 4375 μὲν,

251 4395 384 4448 τόδε
414 4393 500 4460 οῦ,
562 4395 700 4448 ἀλλὰ
730 4395 865 4466 πρὸς
903 4397 1034 4452 πᾶν.

865 4489 1116 4543 ΚΕΦΑΛ.
1164 4488 1240 4542 A'.

333 4579 808 4649 Διαμαρτύρομαι
835 4578 949 4635 οὖν
979 4580 1092 4648 ἐγὼ
1115 4580 1371 4634 ἐνώπιον
1425 4579 1531 4633 τοῦ
1564 4581 1712 4636 Θεοῦ
1737 4580 1837 4634 καὶ

259 4669 495 4737 Κυρίου
518 4670 722 4736 Ἰησοῦ
763 4671 1041 4738 Χριστοῦ,
1088 4671 1195 4725 τοῦ
1254 4670 1588 4740 μέλλοντος
1643 4672 1839 4741 κρῖναι

259 4759 493 4824 ζῶντας
527 4759 624 4814 καὶ
649 4761 918 4828 νεκρούς.
949 4761 1210 4830 Ἐφόϐησε
1227 4761 1326 4830 μὲν
1350 4761 1441 4814 τὸν
1466 4762 1727 4832 Τιμόθεον
1745 4764 1842 4816 καὶ

261 4851 460 4904 ἄλλοτε
493 4851 663 4906 είπών
690 4867 704 4883 ⁸
739 4853 1134 4920 Παραγγέλλω
1153 4868 1251 4906 σοι
1277 4852 1532 4908 ἐνώπιον
1549 4855 1650 4908 τοῦ
1672 4855 1842 4916 Θεοῦ,

265 4940 385 4993 τοῦ
422 4937 655 5010 [ζῶντος
681 4938 806 5010 καὶ]
843 4938 1266 5006 ζωοποιοῦντος
1292 4941 1361 4994 τὰ
1382 4940 1610 5008 πάντα·
1638 4943 1754 4995 νυνὶ
1782 4942 1841 4996 δὲ

263 5030 656 5102 φοϐερώτερον
689 5022 854 5084 ποιεῖ’
891 5030 982 5084 τὸν
1039 5031 1216 5098 λόγον,
1239 5031 1336 5098 τῆς
1366 5031 1597 5101 κρίσεως
1623 5033 1840 5102 ἐκείνης

260 5123 614 5192 ἀναμνήσας.
654 5122 890 5174 Ἐκεῖνον
910 5122 1038 5191 γὰρ,
1068 5123 1222 5192 φησὶ,
1271 5123 1364 5176 τὸν
1426 5122 1685 5193 μέλλοντα
1743 5126 1839 5178 eit-

263 5215 443 5277 θύνας
475 5215 747 5277 ἀπαιτεῖν,
780 5216 1031 5287 μάρτυρα
1089 5217 1370 5287 ποιοῦμαι,
1404 5217 1488 5271 ὅτι
1509 5219 1629 5272 οὐδὲ
1681 5219 1839 5274 τοῦτο

259 5307 491 5377 ἔκρυψα
507 5306 613 5360 ἀπὸ
645 5307 761 5362 σοῦ.
794 5309 1012 5372 Ζῶντας
1040 5310 1096 5362 δὲ
1153 5308 1246 5363 καὶ
1300 5312 1545 5380 νεκροὺς,
1585 5311 1618 5382 ἢ
1662 5314 1840 5382 ἁμαρ-

258 5398 476 5461 τωλοὺς
503 5398 652 5466 λέγει
679 5400 775 5453 καὶ
800 5399 1062 5468 δικαίους,
1098 5400 1130 5470 ἢ
1173 5400 1297 5465 τοὺς
1325 5401 1422 5471 ἢδη
1478 5402 1807 5468 ἀπελθόντας

344 5572 433 5625 ³³1
461 5572 602 5629 Tim.
639 5590 715 5640 vr,
762 5576 845 5632 13.

1943 1955 2016 2010 De
2053 1972 2159 2024 qua
2184 1959 2506 2025 disserebat,
2544 1975 2607 2014 ac
2638 1961 2704 2016 de
2735 1978 2841 2031 qua
2874 1963 3010 2018 dixit
3035 1966 3181 2036 quod
3214 1983 3369 2022 saera
3401 1979 3508 2024 est.

1941 2044 2134 2101 Omnis
2190 2048 2356 2118 igitur
2407 2049 2722 2118 hujusmodi
2773 2053 3035 2109 divinitus
3094 2056 3362 2126 inspirata
3409 2066 3512 2128 est,

1938 2144 1992 2192 et
2022 2138 2172 2193 utilis
2196 2138 2261 2193 ad
2291 2140 2474 2194 omnia
2495 2157 2618 2209 qua:
2649 2141 2910 2212 deinceps
2942 2155 3212 2202 recenset.

2008 2228 2092 2280 Ad
2134 2229 2451 2284 docendum.
2510 2231 2760 2297 Prodest,
2807 2233 3005 2303 inquit,
3053 2235 3256 2292 docens
3297 2253 3416 2304 nos,
3464 2240 3512 2294 si

1938 2319 2068 2388 quid
2125 2320 2196 2375 sit
2260 2320 2602 2375 discendum.
2645 2320 2792 2376 Nihil
2844 2327 2990 2378 enim
3064 2335 3147 2381 est
3200 2328 3345 2399 quod
3415 2344 3514 2399 per

1939 2408 2276 2478 Scripturam
2302 2425 2518 2464 sacram
2545 2411 2678 2465 dilui
2713 2427 2821 2468 non
2855 2415 3049 2483 possit.

2008 2499 2095 2552 Ad
2132 2503 2480 2570 urguendum.
2543 2499 2602 2558 Si
2661 2502 2798 2558 falsa
2853 2505 2967 2559 siut
3022 2508 3325 2578 arguendo,
3383 2509 3514 2564 inde

1939 2590 2102 2644 etiam
2132 2589 2244 2645 ﬁeri
2270 2599 2468 2660 potest.

2009 2681 2092 2734 Ad
2131 2682 2520 2752 corrigendum,
2571 2684 2640 2738 ad
2689 2686 3036 2740 erudiendum
3063 2688 3115 2741 in
3153 2680 3392 2756 justitia.
3452 2691 3510 2746 Si

1939 2773 2066 2843 quid
2127 2774 2218 2839 sit,
2282 2773 2482 2843 inquit,
2547 2775 2956 2846 corrigendum,
3022 2778 3068 2833 si
3137 2779 3512 2838 instituendus

1939 2863 2250 2933 quisquam,
2291 2863 2394 2918 hoc
2433 2872 2538 2927 est,
2593 2865 2927 2922 erudiendus
2969 2867 3037 2922 ad
3077 2869 3375 2936 justitiam,
3409 2873 3511 2927 hoc

1939 2961 2043 3017 est,
2074 2961 2131 3005 ut
2155 2951 2304 3019 justa
2341 2953 2631 3023 transigat,
2663 2954 2768 3009 hoc
2816 2954 2979 3010 etiam
3009 2971 3039 3011 e
3075 2955 3378 3027 Scripturis
3411 2961 3508 3015 tibi

1939 3051 2140 3113 praesto
2166 3043 2291 3098 erit.

2008 3133 2174 3189 Vens.
2209 3133 2298 3188 i7.
2341 3131 2410 3188 Ut
2447 3134 2517 3187 sit
2557 3133 2818 3202 perfectus
2866 3133 3020 3188 homo
3059 3135 3173 3189 Dei.
3205 3135 3511 3199 Correctio,

1943 3224 2138 3294 inquit,
2194 3224 2250 3279 fit
2290 3239 2356 3279 ex
2405 3224 2727 3294 Scripturis,
2772 3236 2831 3280 ut
2873 3225 3014 3280 nihil
3052 3226 3322 3280 bonorum
3370 3227 3512 3282 desit

1941 3315 2149 3370 homini
2189 3315 2306 3370 Dei.
2343 3315 2615 3381 Quocirca
2652 3316 2696 3368 si
2735 3323 2791 3368 tu
2820 3331 3040 3384 quoque
3073 3316 3206 3371 velis
3235 3315 3512 3386 perfectus

1939 3421 2083 3471 esse,
2111 3406 2215 3461 hoc
2260 3413 2346 3460 est
2399 3413 2812 3460 consummatus
2845 3412 2900 3460 et
2951 3420 3143 3471 sanus,
3184 3415 3238 3460 et
3295 3422 3513 3478 semper

1942 3496 2102 3561 idem,
2127 3512 2305 3566 neque
2338 3497 2392 3550 in
2433 3496 2684 3551 tristibus
2724 3504 3064 3562 contractus,
3107 3513 3280 3567 neque
3320 3499 3374 3552 in
3423 3513 3512 3554 sc-

1943 3587 2138 3644 cundis
2187 3586 2425 3652 inﬂatus,
2465 3587 2610 3656 quod
2656 3587 2876 3642 evenire
2917 3588 3055 3643 solet
3094 3588 3162 3645 iis
3195 3589 3286 3659 qui
3337 3587 3510 3644 insta-

1943 3677 2038 3734 bili
2073 3688 2250 3732 mcnte
2306 3677 2593 3740 ﬂuctuant,
2656 3677 2756 3731 has
2817 3677 2956 3732 habe
2998 3679 3360 3734 consultrices
3404 3679 3511 3738 mei

1942 3769 2080 3824 vice.
2138 3765 2296 3833 Quod
2355 3765 2401 3823 si
2468 3765 2756 3820 Timotheo
2815 3767 3052 3836 Spiritus
3107 3770 3282 3824 sancti
3347 3771 3512 3841 pleno

1941 3859 2162 3929 scripsit
2217 3859 2286 3914 de
2346 3857 2621 3921 lectione,
2679 3868 2887 3928 quanto
2946 3859 3130 3930 potius
3188 3862 3294 3918 hoc
3352 3864 3512 3918 nobis

1941 3950 2231 4021 praecipit?
2286 3950 2526 4005 Observa
2587 3957 2771 4012 autem
2832 3951 2976 4022 quod
3035 3951 3154 4007 sine
3206 3952 3511 4024 Scripturis

1941 4045 2231 4114 quisquam
2264 4055 2372 4096 non
2403 4041 2578 4110 possit
2601 4055 2724 4096 esse
2754 4041 3057 4111 perfectus.

2013 4135 2094 4188 Ad
2127 4148 2276 4188 omne
2319 4149 2448 4201 opus
2496 4132 2685 4185 bonum
2741 4141 3158 4186 consummatus.
3211 4129 3328 4186 Non
3373 4132 3508 4188 sim-

1943 4227 2159 4298 pliciter
2188 4225 2456 4280 bonorum
2499 4237 2724 4291 onerum
2774 4223 3068 4294 particeps,
3117 4223 3212 4278 sed
3251 4239 3509 4279 consum-

1941 4325 2145 4380 matus,
2189 4315 2291 4370 hoc
2325 4322 2410 4369 est
2451 4311 2730 4383 perfectus
2767 4329 2779 4365 :
2822 4327 2930 4366 non
2986 4312 3056 4367 ad
3109 4313 3212 4368 hoc
3265 4312 3508 4383 quidem,

1943 4409 2008 4464 ad
2037 4407 2218 4464 isthuc
2251 4420 2382 4461 vero
2420 4419 2527 4459 non
2552 4405 2704 4465 item,
2735 4405 2827 4460 sed
2859 4405 2924 4458 ad
2957 4418 3137 4460 omne.

2554 4493 2785 4550 CAPUT
2821 4493 2909 4550 iV.

2004 4585 2168 4641 Vnus.
2198 4587 2250 4642 1.
2279 4584 2556 4654 Testi/icor
2574 4587 2737 4656 igitur
2755 4601 2845 4654 ego
2877 4601 3057 4639 coram
3091 4584 3194 4641 Deo
3214 4594 3264 4640 et
3289 4585 3511 4641 Domino

1934 4675 2063 4730 Jesu
2086 4675 2316 4739 Christo,
2359 4677 2446 4745 qui
2467 4676 2812 4745 judicaturus
2850 4685 2926 4730 est
2969 4679 3106 4732 vivos
3163 4687 3212 4732 et
3250 4689 3508 4735 mortuos.

1935 4764 2316 4821 Perterrefecit
2331 4767 2671 4824 Timotheum
2682 4770 2821 4834 Icum
2839 4768 2967 4823 alibi
2985 4767 3236 4825 dixisset:
3254 4769 3512 4839 Prwcipio

1943 4856 2035 4910 tibi
2062 4873 2242 4910 coram
2281 4857 2412 4921 Deo,
2439 4859 2530 4927 qui
2573 4859 2801 4928 vivi/ient
2828 4859 3006 4913 omnia
3038 4859 3082 4890 "
3107 4873 3127 4913 :
3155 4875 3303 4913 nunc
3331 4871 3513 4916 autem

1944 4948 2342 5004 horribiliorem
2377 4949 2505 5002 facit
2545 4950 2706 5019 613
2755 4963 3087 5013 sermonem,
3125 4949 3318 5018 judicii
3367 4952 3513 5006 illius

1943 5041 2223 5097 mentione
2272 5039 2436 5094 facta.
2483 5041 2638 5094 Illum
2695 5041 2859 5106 enim,
2918 5041 3123 5110 inquit,
3169 5043 3262 5111 qui
3317 5058 3510 5113 poenas

1940 5139 2236 5186 exacturus
2265 5137 2370 5194 cst,
2417 5138 2608 5184 testem
2654 5129 2814 5195 facio,
2865 5131 3010 5200 quod
3069 5146 3246 5201 neque
3296 5114 3399 5186 hoc
3459 5139 3512 5184 te

1938 5221 2249 5277 celaverim.
2295 5221 2552 5276 Viventes
2591 5229 2770 5276 autem
2798 5231 2850 5276 et
2890 5232 3160 5291 mortuos,
3192 5224 3274 5277 vel
3313 5236 3510 5291 pecca-

1940 5320 2090 5369 tores
2132 5311 2266 5368 dicit
2292 5321 2347 5368 et
2388 5311 2592 5382 justos,
2624 5314 2708 5370 vel
2739 5315 2830 5384 qui
2868 5315 2981 5384 jam
3015 5315 3273 5370 abierunt
3304 5327 3369 5367 ex
3405 5313 3508 5366 hoc

1942 5406 2160 5472 smculo,
2219 5412 2273 5462 et
2322 5405 2416 5476 qui
2477 5413 2591 5463 tum
2638 5405 2982 5478 relinquendi
3033 5414 3162 5461 sunt
3210 5404 3503 5461 viventes:

1627 5673 1817 5736 Variae
1843 5673 2173 5739 lectiones.

345 5760 400 5794 ”
418 5763 473 5816 ὲν
498 5765 700 5838 ἰσότητι
729 5781 781 5822 o.
