4006 6214
247 322 349 387 129
929 323 1336 384 sxrosmo
1366 324 1444 385 1N
1480 323 1719 384 EPIST.
1765 323 1822 382 Il
1863 324 1962 384 AD
2001 326 2324 391 TlMt)'l‘H.
2351 357 2421 368 —-
2449 334 2612 395 CAP.
2648 336 2740 397 IV.
3435 347 3532 407 130

243 432 392 486 atati
427 431 586 498 λόγον
617 431 936 498 ποιούντων,
959 435 1096 488 ἀλλὰ
1129 436 1256 498 τοὺς
1293 435 1687 506 συντρέχοντας
1717 436 1824 496 ταῖς

1937 436 2084 506 eligit
2111 439 2202 504 qui
2238 443 2634 511 cupiditatibus
2683 449 2859 516 ipsius
2895 455 3263 522 consentiant,
3305 473 3368 512 ac
3399 477 3520 527 qua:

244 525 463 576 ἑαυτῶν
502 524 853 593 ἐπιθυμίαις,
900 528 994 578 καὶ
1033 527 1101 580 τὰ
1142 527 1279 595 προς
1310 527 1506 596 ἡδονὴν
1533 527 1717 588 αὐτοῖς
1751 528 1843 578 καὶ

240 614 532 679 λέγοντας,
577 613 673 665 καὶ⁵
734 612 1044 678 ποιοῦντας,
1089 617 1314 678 τούτους
1369 616 1838 688 χειροτονούντων.

318 704 700 768 Κνηηόίιενοι
791 703 907 769 τὴν
939 704 1156 769 ἀκοήν.
1201 707 1481 769 Τουτέστι,
1516 707 1840 776 τερπόμενοι

243 794 347 859 τὴν
373 794 576 860 ἀκοὴν,
610 793 704 845 καὶ
745 794 1228 864 γαργαλιζόμενοι,
1261 799 1354 848 καὶ
1383 796 1472 849 ἀεὶ
1502 796 1839 867 ἐπιθυμοῦν-

238 899 335 942 τες
361 882 434 933 τὰ
462 883 600 950 πρὸς
625 883 788 951 χάριν
825 885 1071 937 ἀκούειν.

313 974 428 1024 Καὶ
461 973 585 1026 ἀπὸ
607 974 728 1041 μὲν
765 973 874 1040 τῆς
918 975 1208 1042 ἀληθείας
1263 976 1380 1044 τὴν
1427 977 1622 1043 ἀκοὴν
1691 979 1839 1032 ἁπο-

238 1065 631 1131 στρὲψουσιν
665 1082 677 1095 ·
701 1065 799 1118 ἐπὶ
822 1067 889 1118 δὲ
919 1066 1058 1132 τοὺς
1085 1069 1320 1135 μύθους
1333 1069 1833 1136 ἐκτραπήσονται.

251 1155 418 1223 Ὁρᾷς
448 1156 531 1206 ὅτι
560 1155 657 1222 οὐχ
687 1155 764 1218 ὼς
795 1155 1121 1222 ἀγνοοῦντες
1163 1158 1512 1224 σφάλλονται,
1537 1160 1650 1211 ἀλλ’
1684 1162 1837 1212 ἐκόν-

239 1261 371 1308 τεςς
408 1244 894 1312 ’Λποστρέψουσι
930 1246 1038 1315 γὰρ
1097 1247 1214 1314 τὴν
1257 1247 1470 1315 ἀκοὴν,
1511 1250 1666 1320 φησι,
1740 1250 1837 1304 καί

241 1335 761 1403 ἐκτραπήσονται.
801 1335 964 1387 Ὥστε
1018 1335 1270 1391 ἑκούσιον
1301 1339 1363 1391 τὸ
1411 1341 1604 1394 κακόν.
1652 1339 1838 1395 Ταῦτα

235 1427 292 1478 δὲ
329 1427 512 1494 λέγει,
537 1427 641 1496 οὐχ
679 1427 763 1478 ἵνα
799 1429 880 1488 εἰς
905 1426 1145 1498 ἀθυμίαν
1176 1429 1424 1502 ἐμϐάλλῃ
1443 1431 1536 1484 τὸν
1558 1431 1829 1503 μαθητὴν,

236 1517 349 1570 ἀλλ’
376 1519 466 1569 ἵνα
500 1519 688 1588 πείσῃ,
715 1517 792 1587 τῷ
825 1519 920 1586 μὲν
959 1519 1190 1588 παρόντι
1222 1521 1324 1590 τῆς
1353 1522 1536 1586 ἀδείας
1561 1523 1737 1595 καιρῷ
1757 1527 1837 1588 είς

235 1606 355 1658 δέον
388 1609 700 1676 κεχρῆσθαι
727 1623 741 1636 ⁶
779 1610 910 1661 ὅταν
965 1610 1023 1662 δὲ
1080 1612 1240 1680 ἐκὸῇ,
1283 1613 1551 1679 γενναίως
1594 1614 1784 1682 φέρειν
1818 1637 1832 1652 ·

235 1697 430 1766 ὥσπερ
462 1700 559 1750 καὶ
584 1699 612 1750 6
638 1699 870 1768 Χριστὸς
921 1701 1073 1767 ἔλεγε
1110 1716 1124 1730 ·
1163 1702 1636 1769 ῙΙιιραόώσουσιν
1677 1704 1832 1773 ὑμᾶς

1948 531 2014 580 ad
2071 531 2403 601 voluptatein
2447 538 2567 606 ejus
2618 543 2915 610 pertinent,
2963 554 3076 600 tum
3128 551 3348 613 dicant,
3406 563 3518 607 tum
3578 533 3607 598 -ι

1947 629 2131 690 agant.

2014 708 2326 766 Prurientes
2353 715 2590 770 auribus.
2622 719 2729 774 Hoc
2763 733 2864 789 est,
2898 726 3151 781 ohlectati
3184 733 3429 797 auribus,
3458 750 3522 789 ac

1944 803 2187 870 titillati,
2229 821 2447 877 semper
2495 813 2952 880 concupiscentes
3003 821 3193 877 audire
3233 839 3351 892 quae
3398 825 3519 891 pla-

1941 905 2121 950 ceam.

2015 981 2176 1038 Vens.
2230 985 2281 1039 4.
2326 985 2396 1040 Ει
2423 1006 2454 1041 a
2483 991 2703 1044 veritate
2733 994 2941 1061 quidem
2977 998 3216 1052 auditum
3251 1013 3519 1071 auerterit;

1940 1072 2008 1124 ad
2035 1074 2248 1140 fabulas
2282 1087 2456 1132 autem
2492 1093 2881 1138 convertentur.
2919 1087 3322 1146 Animadvertis
3367 1098 3511 1163 quod

1940 1178 2047 1216 non
2076 1180 2138 1218 ex
2174 1166 2479 1233 ignorantia
2511 1183 2718 1233 errent,
2747 1175 2838 1228 sed
2872 1187 3067 1245 suapte
3099 1183 3335 1248 sponte?
3359 1186 3520 1238 Aver-

1941 1262 2047 1307 tent
2082 1256 2226 1308 enim
2259 1273 2437 1317 aures.
2465 1261 2731 1329 inquit.et
2762 1277 3150 1324 convertentur.
3186 1271 3382 1326 Malum
3416 1277 3518 1328 ita-

1939 1357 2046 1412 que
2079 1344 2449 1400 voluntarium
2487 1359 2589 1405 est.
2642 1352 2765 1406 llaec
2810 1362 2989 1407 autem
3022 1357 3174 1422 dicit,
3213 1375 3317 1414 non
3367 1374 3424 1416 ut
3460 1363 3513 1418 in

1939 1449 2228 1491 maerorem
2275 1440 2532 1505 conjiciat
2564 1441 2911 1513 discipulum,
2947 1448 3041 1500 sed
3094 1457 3152 1502 ut
3191 1454 3516 1518 persuadeat

1937 1523 2009 1586 ei,
2050 1533 2109 1577 ut
2156 1529 2410 1594 prtescnti
2470 1541 2733 1598 tempore,
2787 1536 2933 1600 quod
2989 1534 3278 1592 formidine
3329 1551 3540 1605 vacat,

1938 1623 2125 1667 utatur
2170 1617 2629 1682 quemadmodum
2687 1623 2948 1676 convenit
2991 1642 3003 1678 :
3051 1626 3270 1693 quando
3327 1640 3509 1685 autem

1939 1705 2268 1773 contigerit,
2328 1715 2383 1758 ut
2452 1722 2716 1772 generose
2783 1709 2923 1763 ferat
2984 1727 2998 1766 :
3049 1715 3506 1781 quemadmodum

237 1789 334 1839 καί
360 1788 842 1856 μαστιγώσουσι.
870 1793 978 1844 Καὶ
1011 1794 1039 1844 ὁ
1089 1768 1256 1858 αὐτὸς
1288 1789 1444 1858 οὗτος
1474 1812 1489 1828 ο
1524 1798 1682 1852 Μετὰ

1933 1768 2184 1846 ϐίιιὶειιιε
2223 1793 2362 1846 dixit
2392 1810 2406 1846 :
2439 1768 2672 1849 Tradeut
2731 1813 2818 1851 vos
2869 1810 2917 1852 et
2949 1768 3298 1869 ﬂagellabtmt
3329 1768 3420 1859 5"7:

236 1878 454 1948 ἄφιξίν
495 1898 618 1949 μου
653 1883 1114 1938 εἰσελεύσονται
1153 1887 1327 1940 λύκοι
1349 1888 1579 1957 βαρεῖς.

306 2061 392 2115 Σὺ
417 2060 484 2115 δὲ
511 2060 666 2130 νῆφε
693 2063 764 2115 ἐν
815 2063 994 2131 πᾶσι,
1038 2067 1494 2138 κακοπάθησον.
1545 2072 1706 2144 Ὁρᾷς
1744 2075 1825 2128 ὅτι

238 2155 336 2206 διὰ
364 2155 426 2205 τὸ
465 2159 650 2222 νήφειν
694 2155 872 2210 ταῦτα
915 2158 1168 2228 προλέγει
1207 2177 1220 2227 ;
1259 2160 1458 2216 ὡσανεὶ
1490 2163 1662 2232 ἔλεγε,
1689 2166 1825 2234 Πρὶν

233 2247 272 2313 ἢ
313 2247 418 2314 τὴν
443 2245 617 2316 λύμην
646 2248 868 2317 ἐκείνην
897 2250 1168 2316 ἐπελθεῖν,
1211 2252 1316 2315 ἕως
1355 2255 1416 2306 οὺ
1467 2256 1720 2325 πάρεισιν
1773 2258 1822 2310 oi

234 2336 420 2401 λύκοι,
455 2339 863 2408 κακοπάθησον,
925 2341 1018 2393 καὶ
1069 2343 1336 2408 ἑκουσίως
1395 2347 1488 2399 καὶ
1528 2348 1820 2412 ἀκουσίως,

235 2427 329 2482 ἴνα
359 2431 416 2480 ἐν
453 2429 690 2498 ἀσφαλεί
728 2431 797 2483 τὰ
825 2431 1074 2502 πρόϐατα
1097 2433 1142 2464 ⁸⁸
1165 2425 1542 2507 καταστήσῃς.

313 2609 540 2678 Ἔργον
570 2609 998 2678 εὐαγγελιστοῦ
1033 2611 1098 2664 δί.
1146 2614 1288 2682 Ἀρα
1339 2612 1496 2665 τοῦτο
1539 2615 1600 2664 τδ
1659 2614 1822 2684 ἔργον

232 2697 338 2752 τοῦ
365 2699 766 2768 εὐαγγελιστοῦ
801 2703 861 2755 τὸ
899 2701 1260 2767 κακοπαθεῖν,
1309 2703 1404 2756 xui.
1432 2704 1561 2775 παρ’
1602 2705 1818 2772 ἐαυτοῦ,

235 2790 336 2842 καὶ
371 2791 523 2859 παρά
547 2791 660 2844 τῶν
681 2790 902 2856 ἔξωθεν.

318 2884 444 2947 Τὴν
472 2882 779 2935 διακονίαν
809 2897 928 2937 σου
991 2885 1486 2953 πληροφόρησον.
1538 2887 1818 2953 Τουτέστι,

244 2973 567 3044 πλήρωσον.
625 2975 782 3026 Ὥστε
832 2974 956 3028 τότε
989 2978 1019 3027 ὖ
1053 2976 1299 3030 διακονία
1339 2976 1662 3047 πληροῦται.
1692 2979 1821 3031 ὅταν

231 3081 322 3126 τις
358 3065 671 3136 κακοπαθῇ.
1077 3068 1083 3075 ’

325 3159 478 3225 Ἐγὼ
507 3159 611 3227 γὰρ
642 3161 758 3229 ἤδη
810 3161 1168 3228 σπένδομαι,
1218 3160 1317 3215 καί
1360 3163 1392 3213 ό
1451 3160 1653 3228 καιρὸς
1705 3157 1812 3226 τῆς

233 3244 398 3314 ἐμῆς
418 3248 771 3314 ἀναλύσεως
822 3249 1180 3316 ἐφέστηκεν.
1233 3249 1347 3301 Οὐκ
1396 3243 1536 3311 εἷπε,
1583 3248 1816 3316 Θύομαι,

230 3338 371 3390 ἀλλὰ
405 3337 468 3388 τὸ
497 3339 680 3390 πλέον.
703 3339 815 3407 Τῆς
843 3339 941 3406 μὲν
976 3338 1087 3406 γὰρ
1111 3338 1303 3400 θυσίας
1333 3339 1395 3390 οὐ
1428 3339 1488 3390 το
1534 3339 1641 3390 πᾶν
1683 3339 1816 3390 ἀνα-

231 3433 465 3501 φέρεται
485 3431 564 3499 τῷ
601 3408 739 3500 Otii),
773 3431 874 3501 τῆς
909 3431 966 3482 δὲ
1001 3430 1238 3499 σπονδῆς
1268 3430 1330 3481 τὸ
1358 3431 1497 3483 ὅλον.

313 3517 430 3572 Τὸν
463 3519 663 3586 ἀγῶνα
693 3520 801 3572 τὸν
819 3521 1014 3572 καλὸν
1067 3520 1424 3587 ἠγώνισμαι.
1465 3519 1621 3581 Τίνος
1655 3520 1818 3572 ἕνεκα

231 3611 451 3673 Παῦλος
487 3611 583 3662 νῦν
607 3611 783 3664 ταῦτα
819 3611 1192 3680 μεγαληγορεῖ
1225 3626 1239 3671 ;
1291 3611 1366 3666 Οὐ
1429 3611 1814 3680 μεγαληγορεῖ,

227 3700 370 3752 ἀλλά
418 3699 835 3769 παραμυθεῖται
865 3699 957 3752 τὸν
997 3699 1272 3770 μαθητὴν,
1308 3701 1384 3762 ὡς
1415 3699 1484 3752 ἂν
1545 3701 1618 3770 μὴ
1674 3701 1816 3766 ἀλγῇ

228 3793 379 3860 ὑπὲρ
405 3791 596 3854 αὑτοῦ,
627 3793 724 3844 ἆτε
774 3792 946 3862 καλῆς
976 3791 1328 3860 ἐπιτυχόντος
1390 3789 1666 3857 τελευτῆς,
1723 3793 1818 3842 καὶ

229 3882 377 3951 πρὸς
403 3883 705 3949 στεφάνους
751 3881 1033 3942 ἀπιόντος.
1071 3880 1397 3948 Ὠσπερανε)⁵
1447 3877 1627 3947 πατὴρ
1685 3879 1818 3932 ἀποο

231 3969 516 4035 θνήσκων,
556 3967 1057 4039 παραμυθούμενος
1086 3967 1148 4020 τὸ
1173 3968 1383 4020 παιδίον
1422 3966 1820 4036 παρακαθήμε-

228 4077 324 4114 νον
360 4062 455 4113 καὶ
481 4061 682 4124 κλαῖον,
714 4061 848 4130 λέγῃ
871 4077 884 4090 ·
906 4061 1128 4124 Τέκνον,
1174 4059 1252 4128 μὴ
1319 4059 1494 4122 κλαῖε,
1535 4059 1816 4128 ὲζὴσαμεν

229 4152 700 4222 καλῶς,τρὸπαια
725 4153 1063 4223 ἐστήσαμεν,
1129 4151 1372 4221 μεγάλας
1417 4150 1550 4219 ἡμῖν
1619 4145 1760 4203 οἶδεν
1787 4151 1814 4202 ὁ

234 4244 498 4312 βασιλεὺς
550 4245 647 4306 τάς
688 4245 938 4314 χάριτας,
973 4243 1117 4312 ἔχεις
1185 4244 1282 4296 καὶ
1336 4243 1400 4296 σὺ
1439 4241 1818 4312 θαυμάζεσθαι.

232 4338 330 4390 ἐπὶ
371 4336 479 4388 τῶν
507 4337 636 4405 ἡμῖν
669 4336 1098 4405 πεπραγμένων.
1149 4336 1320 4405 Δῆλον
1371 4335 1481 4406 γὰρ
1527 4335 1610 4387 ὅτι
1645 4333 1817 4387 ταῦτα

232 4429 436 4495 λέγειὸ
468 4429 674 4497 πατὴρ,
720 4429 947 4489 ἀνιστὰς
999 4427 1091 4480 τὸν
1141 4427 1306 4479 παῖδα
1357 4429 1472 4490 τοῖς
1520 4424 1815 4496 ἐγκωμίοις

233 4523 376 4591 προς
421 4519 490 4572 τὸ
525 4520 737 4588 κούφως
803 4519 992 4588 φέρειν
1039 4518 1130 4571 τὸν
1181 4517 1480 4589 χωρισμόν.
1525 4516 1682 4569 Οὖτω
1719 4517 1814 4570 καὶ

234 4612 452 4674 Παῦλος
511 4612 748 4665 ἐνταῦθα.
797 4610 1209 4681 παραμυθεῖται
1263 4608 1550 4678 Τιμόθεον,
1615 4605 1814 4662 ὡσανεὶ

231 4709 507 4778 διαθήκην
543 4707 821 4770 συντιθεὶς
851 4708 950 4778 τὴν
1004 4706 1317 4775 ἐπιστολήν.
1338 4703 1441 4758 Τὸν
1489 4703 1675 4770 ἀγῶνα
1722 4700 1814 4753 τὸν

231 4801 404 4854 καλὸν
436 4799 783 4870 ἡγώνισμαγ
821 4796 1020 4852 οὐκοῦν
1055 4797 1150 4850 καὶ
1195 4799 1259 4849 σὺ
1318 4794 1482 4850 αὑτοῦ
1528 4791 1810 4845 ἐπιλαϐοῦ.

238 4889 421 4943 Ἔνθα
447 4887 542 4942 οὖν
565 4890 780 4954 ἅλυσις,
801 4887 930 4942 ἔνθα
953 4887 1150 4958 δεσμὰ,
1177 4881 1223 4941 ὦ
1249 4886 1447 4952 Παῦλε,
1477 4879 1634 4945 οὗτος
1667 4882 1816 4952 ἀγὼν

231 4981 410 5043 καλός
438 4982 594 5048 ;Ναὶ,
629 4982 698 5034 δι’
725 4981 859 5035 αὐτὸ
891 4979 1073 5044 τοῦτο,
1109 4979 1252 5049 ὑπὲρ
1276 4978 1382 5046 γὰρ
1405 4974 1644 5047 Χριστοῦ
1675 4973 1818 5042 γίνε·

233 5090 328 5126 ται
365 5071 558 5126 ταῦτα.
602 5075 696 5126 Ἐν
721 5076 838 5137 τοῖς
867 5073 971 5138 ἔξω
1009 5070 1188 5139 ἀγῶσι
1215 5069 1413 5131 πολλὰς
1458 5067 1676 5137 ἡμέρας
1719 5083 1817 5117 πο-

235 5162 424 5216 νοῦσιν
453 5163 500 5194 ⁸³
541 5167 589 5217 oi
617 5165 924 5233 ἄνθρωποι,
949 5163 1043 5215 καὶ
1067 5164 1126 5214 ἐν
1151 5161 1270 5230 ὥρᾳ
1312 5160 1409 5229 μιᾷ
1429 5161 1516 5211 τὶν
1547 5160 1814 5226 στέφανον

232 5241 640 5325 λαμϐάνουσιν·
696 5254 932 5309 ἐνταῦθα
961 5255 1018 5308 δὲ
1046 5254 1342 5314 διαπαντὸς
1394 5252 1428 5321 ἡ
1483 5250 1808 5322 λαμπρότης

303 5428 358 5462 ⁸³
380 5427 574 5486 Matth.
612 5447 668 5496 χ,
713 5430 800 5484 17.
879 5429 926 5460 ⁵³
956 5429 1081 5482 Act.
1134 5441 1292 5492 χχιιι,
1327 5425 1420 5480 9.9.

1835 3123 1882 3186 C

1928 1881 2045 1949 ipse
2100 1881 2348 1939 Paulus:
2393 1883 2521 1938 Post
2579 1889 2780 1942 abitum
2836 1907 3006 1944 meum
3062 1895 3341 1949 intrabunt
3395 1898 3509 1966 lupi

1921 1992 2104 2045 graves
2127 1977 2194 2030 ⁵³.

1997 2065 2160 2123 Vsus.
2202 2070 2254 2125 5.
2294 2071 2365 2125 Tu
2399 2082 2572 2128 autem
2599 2075 2751 2144 vigila
2785 2077 2837 2130 in
2866 2079 3126 2142 omnibus,
3160 2081 3358 2134 malum
3387 2099 3508 2135 suae

1925 2158 2049 2212 tine.
2085 2160 2272 2216 Viden’
2298 2165 2438 2230 quod
2493 2175 2775 2236 propterea
2823 2178 2879 2222 ut
2915 2171 3200 2240 vigilaret,
3232 2174 3342 2226 haec
3369 2189 3506 2242 prae-

1924 2249 2430 2321 dixerit?perinde
2466 2271 2531 2311 ac
2581 2259 2626 2311 si
2668 2259 2836 2323 dicat,
2886 2261 3209 2330 Priusquam
3252 2265 3506 2318 adveniat

1924 2341 2160 2394 vastatio
2201 2343 2314 2406 illa,
2367 2347 2608 2414 quaudiu
2646 2363 2754 2402 non
2786 2351 2987 2405 adsunt
3025 2353 3159 2421 lupi,
3188 2355 3399 2409 suetiue
3421 2355 3506 2409 af-

1923 2423 2220 2492 ﬂictiones,
2266 2446 2391 2485 cum
2446 2435 2808 2503 voluntarias,
2855 2446 2968 2493 tum
3015 2441 3304 2509 violentas,
3350 2451 3408 2496 ut
3448 2444 3501 2497 iu

1923 2525 2041 2571 tuto
2071 2533 2203 2574 oves
2241 2523 2500 2578 colloces.
2794 2523 2812 2537 ’

2000 2609 2146 2678 Opus
2192 2612 2280 2676 fac
2311 2617 2666 2685 evangelium.
2717 2611 2955 2674 Proinde
2983 2635 3120 2691 opus
3151 2624 3504 2692 evangelista:

1922 2710 2008 2757 est
2051 2703 2255 2756 malum
2291 2707 2586 2773 sustinere,
2639 2718 2752 2762 tum
2783 2725 2810 2763 a
2845 2712 3047 2782 seipse,
3091 2719 3204 2765 tum
3252 2716 3321 2768 ab
3371 2716 3498 2770 aliis

1921 2794 2012 2862 qui
2045 2793 2177 2846 foris
2205 2804 2354 2847 sunt.

1996 2884 2359 2938 Ministerium
2405 2895 2552 2940 tuum
2595 2889 2770 2956 imple.
2826 2891 2881 2944 ld
2923 2902 3024 2955 est,
3077 2894 3310 2961 comple.
3354 2895 3492 2948 Tum

1923 2975 2108 3044 itaque
2146 2974 2513 3030 ministerium
2543 2981 2868 3048 completur,
2902 2997 3026 3035 cum
3062 2982 3262 3051 aliquis
3295 2985 3497 3038 malum

1924 3062 2182 3118 sustinet.

1991 3154 2155 3208 Vnus.
2196 3155 2250 3208 6.
2296 3153 2407 3224 Ego
2438 3158 2577 3208 enim
2599 3156 2716 3223 jam
2754 3157 2978 3222 delibor,
3025 3177 3088 3213 ac
3122 3169 3322 3229 tempus
3353 3179 3498 3217 reso-

1921 3245 2140 3298 lutionis
2176 3261 2301 3298 metu
2340 3247 2526 3298 instat.
2560 3245 2675 3300 Non
2711 3247 2869 3311 dixit,
2901 3250 3195 3315 sacrificor,
3229 3253 3324 3307 sed
3354 3255 3497 3323 quod

1921 3335 2100 3403 majus
2127 3346 2232 3389 cst.
2276 3335 2392 3390 Non
2417 3338 2565 3390 enim
2601 3346 2712 3391 tota
2755 3339 2976 3393 victima
3013 3341 3122 3397 Deo
3153 3343 3400 3410 oﬂertur,
3433 3347 3498 3399 li-

1922 3425 2112 3478 bameu
2150 3441 2277 3479 vero
2315 3433 2511 3480 totum.
3193 3418 3197 3422 ’

1997 3513 2160 3569 Vens.
2199 3515 2251 3569 Ἰ.
2295 3515 2501 3569 Bonum
2544 3529 2806 3572 certamen
2831 3522 3045 3575 certari.
3077 3522 3188 3576 Cur
3214 3523 3323 3592 jam
3353 3523 3497 3579 Pau-

1921 3603 2006 3659 lus
2045 3605 2166 3660 istis
2199 3606 2649 3674 gloriatut-?Nou
2697 3609 2982 3677 gloriatur,
3023 3627 3210 3666 verum
3252 3614 3495 3684 discipu-

1919 3696 2030 3750 lum
2069 3712 2227 3750 suum
2263 3699 2600 3764 consolatur,
2628 3715 2693 3754 ne
2714 3701 2894 3754 doleat
2924 3718 3088 3771 super
3121 3706 3259 3774 ipso,
3296 3708 3496 3776 quippe

1920 3786 2011 3854 qui
2043 3783 2203 3839 tinem
2232 3785 2344 3853 jam
2381 3788 2583 3841 bonum
2612 3799 2905 3845 assecutus
2945 3793 3041 3856 sit,
3084 3804 3136 3849 et
3165 3798 3231 3848 ad
3261 3811 3495 3853 coronas

1919 3876 2101 3930 aheat.
2132 3875 2607 3940 Quemadmodum
2640 3880 2684 3934 si
2718 3888 2874 3950 pater
2900 3885 3262 3942 moribundus
3298 3903 3495 3944 conso.

1919 3968 2060 4022 letur
2093 3967 2262 4021 tilium
2317 3970 2648 4024 assidentem
2705 3974 2834 4035 sihi,
2876 3985 3039 4043 atque
3083 3977 3404 4044 plorantem,
3439 3987 3493 4034 et

1920 4057 2096 4113 dicat:
2132 4057 2230 4112 Fili
2279 4060 2373 4123 mi,
2403 4061 2618 4129 plorare
2666 4064 2798 4129 noli,
2841 4065 2980 4119 bene
3005 4066 3261 4133 viximus,
3291 4079 3491 4140 tropaea

1919 4151 2218 4216 ereximus,
2261 4168 2354 4206 rex
2411 4161 2598 4208 noster
2641 4169 2866 4223 magnas
2905 4156 3016 4225 agit
3055 4157 3211 4211 nobis
3265 4162 3488 4229 gratias.

1921 4243 2126 4308 poteris
2157 4244 2320 4298 etiam
2356 4254 2410 4299 tu
2443 4244 2790 4300 admirationi
2824 4262 2946 4301 esse
2975 4256 3030 4301 et
3058 4249 3271 4304 laudari
3305 4252 3375 4305 oh
3405 4267 3492 4306 res

1920 4345 1948 4383 a
1994 4332 2152 4386 nobis
2186 4344 2390 4402 gestas.
2432 4335 2526 4389 Est
2564 4337 2708 4390 enim
2739 4338 2960 4404 planum
3015 4341 3159 4408 quod
3203 4341 3316 4395 haec
3346 4342 3494 4397 dicat

1847 4461 1890 4516 υ
1922 4433 2098 4492 pater,
2135 4435 2360 4494 gnatum
2404 4443 2563 4481 suum
2611 4427 2867 4483 laudibus
2895 4430 3142 4485 excitans
3187 4434 3254 4486 ad
3285 4433 3496 4488 disces-

1923 4531 2045 4571 sum
2079 4533 2240 4572 suum
2288 4518 2479 4572 leviter
2515 4520 2819 4574 ferendum.
2851 4520 3203 4576 Consimilem
3228 4523 3390 4594 615
3425 4525 3492 4577 ad

1921 4606 2190 4660 rationem
2231 4606 2435 4662 Paulus
2466 4607 2554 4663 hic
2589 4607 2935 4664 Timotheum
2969 4612 3308 4675 consolatur,
3352 4615 3494 4668 hanc

1922 4695 2088 4749 veluti
2121 4705 2509 4754 testamentum
2541 4701 2784 4755 condens
2819 4699 3140 4769 Epistulam.
3182 4703 3488 4768 Certamen,

1925 4785 2126 4854 inquit,
2171 4787 2374 4841 bonum
2412 4791 2657 4844 certavi:
2696 4792 2923 4858 proinde
2971 4803 3024 4846 tu
3079 4797 3264 4855 etiam,
3305 4793 3492 4848 Timo-

1917 4874 2063 4939 thee,
2094 4876 2234 4930 idem
2264 4879 2633 4947 apprehende.
2673 4881 2837 4949 Atqui
2875 4883 2966 4936 ubi
3003 4892 3220 4946 catena,
3256 4884 3348 4937 ubi
3375 4885 3494 4939 viu-

1913 4967 2057 5032 cula,
2097 4968 2376 5024 honumne
2407 4971 2456 5024 id
2502 4978 2782 5025 certamen
2825 4981 2928 5035 est,
2961 4989 2994 5027 0
3027 4973 3236 5028 Paule?
3265 4973 3378 5039 Nm,
3417 4977 3494 5029 in-

1913 5062 2054 5130 quit,
2086 5070 2308 5130 propter
2349 5063 2453 5116 hoc
2497 5063 2720 5131 ipsum:
2763 5071 2985 5134 propter
3023 5065 3302 5120 Christum
3342 5066 3489 5121 enim

1917 5154 2031 5207 haec
2084 5153 2241 5208 fiunt.
2296 5153 2352 5208 In
2408 5155 2803 5209 certaminibus
2849 5157 3090 5212 externis
3135 5158 3333 5212 multos
3372 5157 3491 5209 dies

1911 5243 2163 5300 homines
2197 5245 2474 5309 laborant,
2510 5254 2564 5302 et
2613 5247 2666 5299 in
2719 5260 2823 5301 una
2859 5246 2990 5302 hora
3039 5261 3300 5303 coronant
3343 5245 3490 5299 acci-

1581 5585 1781 5647 Varire
1827 5585 2153 5648 lectiones.

304 5723 355 5759 ⁸⁸
392 5721 691 5795 πράγματα
725 5734 778 5774 ο.
857 5718 900 5750 ⁸³
933 5717 1094 5788 ἔργον
1127 5713 1354 5785 ποίησον
1403 5708 1789 5781 εὐαγγελιστοῦ
1823 5725 1895 5764 m.

1991 5708 2036 5740 δ’
2068 5704 2309 5763 ποιοῦσιν
2335 5718 2394 5762 ο.
