4006 6214
487 326 586 393 131

1331 320 1912 382 THEOPHYLACTI
1954 320 2367 381 BULGARI/E
2393 321 2745 384 ARCHIEP.

3635 330 3741 394 132

483 439 640 504 piunt
669 452 682 490 :
716 433 803 488 hic
828 440 1005 488 autem
1037 429 1093 485 in
1129 434 1449 499 perpetuum
1482 426 1744 496 splendor
1771 427 1910 496 apud
1935 441 2058 481 cer.

2181 429 2283 491 rei;
2312 427 2766 498 ἀγωνιζομένοις.
2795 429 2893 482 Διά
2915 430 3075 484 τοῦτο
3110 433 3274 497 καλὸς
3317 436 3343 488 ὁ
3374 434 3546 501 ἁγὼν,
3590 454 3748 493 τουτ-

486 539 667 582 tantes
707 523 1046 596 perdurabit.
1085 521 1389 590 Eapropter
1417 521 1623 574 bonum
1650 527 1734 575 est
1756 527 2058 584 certamen,

484 619 590 673 hoc
628 624 734 680 est,
769 613 1095 672 delectabile
1131 621 1296 681 atque
1324 613 1606 666 decorum.

555 707 780 762 Cursum
812 704 1200 757 comummavi.
1239 704 1322 755 Ab
1353 700 1657 756 Jerusalem
1695 703 1841 758 enim
1865 711 1919 757 ct
1947 704 2058 757 cir-

485 800 635 854 cuitu
655 797 776 866 ejus
812 811 987 865 usque
1018 795 1084 848 ad
1111 793 1384 865 Illyricum
1414 793 1653 861 implevit
1677 792 2060 864 Evangeliurn}

488 904 662 956 usque
695 887 832 941 adeo
870 886 1152 949 currebat,
1181 886 1467 938 innumera
1512 885 1800 939 dissecatis
1833 885 2062 954 impedi.

485 990 686 1043 menta,
724 985 950 1041 mortes,
995 976 1248 1042 insidias,
1281 974 1646 1039 calamitates,
1680 975 1840 1045 quasi
1874 977 2063 1042 igneas

487 1071 600 1123 alas
629 1068 874 1122 haberet.

557 1162 744 1216 Fidem
778 1163 1000 1216 servavi.
1034 1160 1186 1216 llaud
1217 1177 1389 1231 pauca
1413 1161 1560 1215 enim
1589 1171 1747 1214 erant
1775 1175 1896 1230 quae
1924 1161 2066 1215 hanc

488 1253 785 1322 deprtedari
809 1252 1117 1307 tentabant.
1142 1253 1322 1316 minae,
1354 1260 1575 1314 mortes,
1601 1253 1846 1305 suavium
1879 1267 2062 1306 rerum

489 1344 888 1412 prornissi‘ones
929 1361 940 1396 :
988 1358 1175 1395 verum
1242 1344 1359 1412 ipse
1412 1344 1668 1397 omnibus
1719 1344 1942 1409 restitit,
1976 1358 2065 1398 so-

489 1433 668 1496 brius,
701 1448 1023 1503 semperque
1051 1433 1304 1501 vigilans,
1346 1447 1410 1488 ac
1436 1433 1610 1486 furem
1638 1433 1957 1488 observans.

558 1522 724 1577 Vens.
758 1527 808 1578 8.
843 1523 906 1576 lu
939 1524 1136 1592 reliquo
1166 1523 1294 1576 mihi
1329 1524 1557 1591 reposita
1581 1532 1657 1578 est
1681 1540 1877 1577 corona
1899 1524 2064 1592 justi-

490 1614 600 1668 tia’.
639 1614 990 1668 Sulliciebant
1041 1628 1173 1667 sane
1211 1629 1330 1680 qua:
1361 1613 1575 1668 dixerat
1625 1617 1690 1667 ad
1731 1617 2065 1670 consolatio-

490 1720 614 1758 nem
649 1722 662 1760 :
694 1705 846 1774 atqui
893 1704 1113 1774 praemia
1157 1705 1323 1758 etiam
1372 1705 1462 1759 hic
1505 1705 1751 1775 apponit,
1784 1723 1894 1776 quo
1939 1723 2062 1760 eunt

2163 517 2282 570 ἐστι
2318 519 2550 590 τερπνὸς
2595 519 2689 572 καὶ
2723 519 3028 590 εὐπρεπῇς.

2234 700 2344 755 Τὸν
2367 699 2590 768 δρόμον
2623 699 2926 753 τετέλεκα.
2976 697 3110 752 ’Δπδ
3143 699 3499 772 Ἰερουσαλὴμ
3515 705 3622 775 γάρ
3646 719 3746 760 και

2163 792 2350 862 κύκλῳ
2381 792 2545 862 μέχρι
2574 790 2668 844 τοῦ
2723 790 3022 859 Ἰλλυρικοῦ
3056 791 3387 862 πεπλήρωκε
3417 796 3477 847 τὸ
3501 796 3750 864 Εὐαγγέ-

2164 883 2314 946 λιον,
2367 883 2544 945 οὕτως
2591 883 2778 953 ἔτρεχε
2837 881 3008 952 μυρία
3053 883 3360 936 διακόπτων
3415 885 3745 956 κωλύματα,

2167 974 2455 1040 θανάτους,
2481 973 2796 1038 ἐπιϐουλάς,
2835 973 3142 1045 συμφορὰς,
3164 973 3369 1028 ὡσανεὶ
3397 979 3572 1047 πτερὰ
3605 978 3749 1049 ἔχων

2167 1065 2276 1118 ἀπὸ
2328 1065 2523 1134 πυρός.

2243 1158 2361 1226 Τὴν
2411 1158 2624 1211 πίστιν
2663 1157 2974 1225 τετήρηκα.
3017 1158 3195 1212 Πολλά
3239 1158 3348 1230 γάρ
3373 1154 3442 1229 ἦν
3466 1161 3536 1213 τά
3575 1161 3746 1231 συλῆ-

2170 1267 2260 1302 σαι
2293 1249 2338 1282 ⁸³
2369 1250 2581 1318 ταύτην
2620 1249 3025 1318 ἐπιχειροῦντα,
3059 1249 3302 1314 ἀπειλαὶ,
3345 1249 3586 1319 θάνατοι,
3611 1235 3758 1304 uno;

2169 1341 2380 1411 σχέσεις
2411 1342 2610 1412 ἡδέων·
2629 1341 2742 1396 ἀλλ’
2764 1341 2924 1404 αὐτὸς
2953 1342 3090 1412 πρὸς
3126 1342 3342 1397 ᾶπαντα
3369 1343 3618 1416 ἀντέστη,
3645 1347 3747 1415 νή-

2169 1449 2285 1500 φων
2313 1433 2408 1484 καὶ
2435 1430 2758 1502 ἐγρηγορὼς
2785 1432 2898 1497 ἀεὶ,
2925 1432 3016 1485 καὶ
3059 1431 3152 1486 τὸν
3183 1431 3424 1503 κλέπτην
3444 1433 3740 1506 ἐπιτηρῶν.

2240 1521 2470 1575 Λοιπὸν
2497 1521 2811 1574 ἀπόκειταί
2837 1537 2940 1589 μοι
2981 1524 3013 1576 ό
3055 1519 3166 1588 τῆς
3195 1520 3585 1592 δικαιοσύνης
3605 1526 3745 1579 στέ-

2170 1629 2377 1682 φανος.
2427 1613 2614 1667 Ἰκανά
2643 1614 2744 1683 μὲν
2771 1613 2867 1666 καὶ
2915 1611 2984 1666 τά
3029 1613 3263 1684 ρηθέντα
3312 1613 3449 1682 πρὸς
3485 1631 3748 1684 παραμυ-

2172 1703 2292 1756 θίαν
2310 1719 2325 1735 ο
2346 1697 2446 1756 ὧδε
2480 1703 2667 1757 καὶτὰ
2697 1703 2909 1758 ἔπαθλα
2937 1702 3318 1773 προστίθησιν,
3345 1704 3431 1757 ἶνα
3461 1705 3555 1758 ἐπὶ
3583 1706 3748 1759 πλέον

489 1796 666 1864 magis
711 1795 931 1850 excitet.
977 1793 1096 1850 Non
1143 1795 1289 1849 enim
1340 1796 1536 1850 dolere
1581 1805 1819 1866 oportet,
1869 1800 2068 1868 inquit,

2181 1795 2529 1865 Βιαναστήσῃ.
2563 1795 2640 1863 Οὐ
2700 1793 2808 1862 γὰρ
2839 1795 3026 1861 ἀλγεῖν
3057 1793 3184 1864 χρὴ,
3217 1795 3400 1865 φησὶν,
3430 1795 3512 1848 ὅτι
3550 1794 3747 1865 ἄπειμι

489 1887 633 1954 quod
667 1887 856 1940 abeam
889 1901 1151 1940 coronam
1181 1894 1528 1956 accepturus.
1571 1885 1850 1942 Justitiam
1885 1901 2068 1945 autem

490 1979 581 2032 hic
613 1995 801 2034 rursus
829 1994 1048 2032 omnem
1084 1979 1341 2034 virtutem
1371 1981 1629 2049 appellat.

559 2069 732 2137 Quam
756 2071 934 2125 reddet
955 2070 1080 2124 mihi
1103 2071 1360 2126 Dominus
1382 2074 1435 2125 in
1454 2071 1549 2124 illa
1570 2072 1673 2138 die,
1690 2073 1870 2140 justus
1880 2075 2072 2142 judex,

495 2161 615 2215 Non
639 2161 802 2223 dixit,
835 2162 1008 2227 dabit,
1041 2164 1160 2229 sed,
1195 2162 1397 2228 reddet,
1437 2163 1601 2216 veluti
1635 2163 1875 2219 debitqu
1905 2166 2079 2236 quod'

488 2251 612 2305 dam
648 2269 663 2306 ;
700 2250 879 2321 justus
902 2255 1046 2306 enim
1083 2268 1206 2306 cum
1234 2254 1330 2320 sit,
1377 2253 1600 2308 omnino
1634 2254 1914 2311 laboribus
1942 2268 2077 2311 mer

489 2340 676 2396 cedem
711 2341 956 2396 deﬁniet.
991 2341 1246 2398 Debitum
1275 2334 1462 2413 itaque
1491 2353 1573 2400 est
1604 2360 1827 2411 corona,
1853 2355 2078 2417 propter

485 2431 692 2500 judicis
720 2432 1018 2501 justitiam.

563 2521 683 2576 Non
721 2523 891 2578 solum
927 2535 1101 2578 autent
1136 2525 1285 2591 mihi,
1318 2541 1496 2579 verum
1530 2525 1692 2581 etiam
1719 2527 1966 2581 omnibus
1991 2529 2075 2581 di-

489 2611 774 2681 ligentibus
815 2614 1095 2668 adventum
1140 2615 1326 2681 ipsius.
1371 2615 1471 2669 Hic
1508 2615 1853 2669 Timotheum
1898 2617 2076 2684 ipsum

492 2717 692 2758 rursus
718 2704 921 2758 excitat
954 2721 970 2759 :
1001 2705 1045 2759 si
1075 2705 1219 2758 enim
1248 2705 1521 2770 omnibus,
1556 2706 1728 2761 multo
1757 2707 1932 2777 magis
1960 2707 2076 2762 tibi.

477 2793 631 2859 ‘Quis
683 2806 862 2850 autem
911 2795 1086 2865 diligit
1126 2796 1262 2866 ejus
1296 2796 1627 2852 adventum?
1676 2795 1781 2862 Qui
1811 2797 1975 2866 digna
2011 2812 2078 2852 eo

485 2882 660 2951 facit;
689 2885 828 2941 adeo
860 2893 918 2940 ut
947 2886 997 2941 is
1026 2885 1118 2956 qui
1148 2902 1256 2942 non
1286 2886 1442 2952 facit,
1469 2903 1575 2942 non
1607 2888 1821 2942 videtur
1853 2889 2078 2959 diligere

493 2975 894 3043 apparitionem
953 2975 1367 3046 adventumque
1423 2979 1565 3047 ejus,
1630 2980 1740 3032 imo
1796 2979 2073 3047 deprecari

489 3064 657 3118 etiam
691 3065 892 3133 ipsum,
925 3080 996 3119 ne
1035 3065 1200 3134 digna
1239 3066 1399 3120 factis
1451 3068 1706 3135 accipiat.
1755 3069 2075 3137 Ἐπιφάνεια

2177 1884 2746 1955 στεφανωθησόμενος.
2787 1883 3145 1953 Δικαιοσύνην
3166 1884 3222 1937 δὲ
3247 1884 3344 1953 τὴν
3369 1882 3598 1938 καθόλου
3621 1885 3748 1956 ἀρε-

2174 1976 2271 2046 τὴν
2299 1974 2578 2030 κάνταῦθά
2609 1993 2794 2043 φησιν.

2253 2070 2364 2122 Ὃν
2380 2068 2678 2122 ἀποδώσει
2701 2085 2802 2136 μοι
2821 2069 2853 2120 ό
2875 2065 3088 2134 Κύριος
3108 2065 3178 2118 ἐν
3214 2065 3416 2130 ἐκείνῃ
3438 2062 3511 2131 τῇ
3535 2063 3744 2132 ἡμέρᾳ,

2177 2158 2210 2210 ὀ
2236 2155 2467 2223 δῖκαιος
2490 2156 2716 2224 κριτής.
2734 2157 2847 2209 Οὐκ
2875 2150 3016 2219 εἷπε,
3042 2153 3234 2216 Δὼσει,
3256 2154 3389 2218 ἀλλ’,
3421 2153 3745 2216 ἀποδώσει,

2175 2247 2373 2301 ὡσανεί
2409 2264 2528 2301 τινα
2550 2248 2767 2318 ὀφειλὴν
2801 2247 2895 2301 καὶ
2916 2249 3096 2318 χρέος·
3125 2246 3331 2308 δίκαιος
3350 2247 3459 2316 γὰρ
3488 2247 3584 2311 ὢν,
3611 2247 3748 2299 πάν-

2176 2357 2284 2401 τως
2305 2341 2414 2402 τοῖς
2438 2339 2623 2402 πόνοις
2664 2339 2760 2410 τὴν
2793 2337 3140 2407 ἀντιμισθίαν
3171 2337 3534 2408 ὁρὶσει.Ὦστε
3559 2335 3748 2405 ὀφειλὴ

2177 2434 2204 2484 ὁ
2234 2431 2517 2498 στέφανος,
2541 2431 2704 2484 διὰτὸ
2731 2431 2940 2484 δίκαιον
2967 2429 3061 2482 τοῦ
3077 2429 3285 2499 κριτοῦ.

2251 2525 2540 2593 Οὺμόνον
2564 2523 2632 2576 δὲ
2661 2523 2809 2592 ἐμοὶ,
2847 2523 3007 2577 ἀλλὰ
3049 2523 3143 2575 καὶ
3175 2521 3325 2576 πᾶσι
3357 2521 3479 2589 τοῖς
3513 2523 3748 2591 ἠγαπη-

2178 2615 2316 2667 κόσι
2364 2613 2480 2675 τὴν
2526 2612 2880 2682 ἐπιφάνειαν
2915 2612 3124 2667 αὐτοῦ.
3169 2611 3435 2674 Ἐνταῦθα
3464 2613 3556 2666 καὶ
3583 2613 3746 2665 αὑτὸν

2177 2703 2482 2772 διανίστησι
2516 2701 2606 2755 τὸν
2633 2703 2675 2754 Τ
2680 2701 2918 2771 ιμόθεον.
2954 2703 3018 2756 El
3059 2703 3168 2772 γὰρ
3208 2705 3361 2766 πᾶσι,
3391 2702 3570 2772 πολλῷ
3605 2703 3747 2773 μᾶλ-

2176 2793 2268 2847 λον
2295 2794 2394 2847 σοί.
2437 2793 2533 2856 Τις
2595 2794 2653 2847 δὲ
2701 2794 2892 2865 ἀγαπᾷ
2942 2794 3043 2865 τὴν
3073 2796 3393 2865 ἐπιφάνειαν
3423 2795 3632 2858 αὐτοῦς
3685 2797 3747 2848 '0

2177 2882 2435 2954 πράττων
2489 2881 2615 2948 ἀξια
2668 2884 2906 2953 ταύτηςο
2940 2883 3016 2947 ὡς
3068 2885 3161 2950 ὅγε
3218 2885 3292 2953 μὴ
3332 2885 3607 2952 πράττων,
3645 2884 3746 2936 οὐκ

2177 2973 2325 3028 ἔοικε
2361 2975 2566 3042 ταύτην
2592 2974 2832 3046 ἀγαπᾷν,
2873 2975 3010 3030 ά).λά
3049 2975 3144 3028 καὶ
3173 2974 3506 3045 ἀπεύχεσθαι
3549 2975 3744 3044 αὐτὴν,

2179 3065 2264 3117 ἵνα
2295 3065 2370 3134 μὴ
2403 3067 2466 3118 τά
2497 3065 2624 3132 ἄξια
2655 3066 2762 3119 τῶν
2821 3066 2998 3137 ἔργων
3027 3066 3296 3138 ἀπολάϐῃ.
3335 3066 3647 3134 Ἐπιφάνεια
3684 3066 3747 3119 δὲ

493 3161 679 3208 autem
721 3153 948 3217 dicitur,
980 3169 1046 3208 eo
1089 3155 1238 3223 quod
1272 3171 1301 3208 a
1333 3157 1589 3223 supernis
1635 3171 1915 3227 appareat,
1945 3173 2011 3213 ac
2041 3175 2069 3216 e

2181 3154 2412 3225 λέγεται,
2436 3156 2524 3210 διὰ
2549 3155 2612 3208 τὸ
2638 3156 2822 3209 ἐπάνω
2853 3157 3158 3225 φαίνεσθαι,
3182 3158 3275 3210 καὶ
3297 3158 3502 3212 ἀνωθεν
3520 3157 3748 3211 ἀνατέλ-

498 3244 754 3311 supernis
793 3245 1027 3299 oriatur.
1069 3246 1208 3300 Ante
1243 3245 1611 3301 universalem
1644 3257 1824 3302 autem
1853 3250 2070 3320 appari-

479 3337 701 3392 tiouem
745 3337 894 3406 ejus,
938 3337 1109 3393 altera
1158 3337 1403 3408 quaedam
1439 3345 1544 3404 est,
1581 3341 1880 3395 secundum
1908 3357 2070 3412 quam

496 3428 614 3497 ipse
649 3429 890 3497 seipsum
923 3428 1104 3498 dignis
1152 3429 1394 3493 exhibet,
1439 3429 1535 3484 sed
1579 3445 1687 3484 non
1729 3431 1955 3486 mundo.
2008 3432 2072 3487 Et

495 3531 689 3572 rursus
718 3534 732 3570 :
767 3516 903 3587 Ego,
935 3518 1135 3589 inquit,
1159 3529 1209 3574 et
1229 3519 1396 3573 Pater
1422 3521 1706 3587 veniemus,
1737 3530 1785 3576 et
1831 3523 2070 3578 inuasio-

489 3624 610 3662 nem
643 3609 784 3678 apud
812 3625 932 3664 eum
964 3610 1221 3678 faciemus
1244 3611 1311 3665 “.

566 3696 734 3752 Vens.
771 3700 826 3756 9.
868 3699 1092 3754 Festina
1122 3701 1192 3753 ad
1242 3716 1324 3754 me
1357 3701 1530 3755 venire
1559 3699 1686 3756 cito.
1717 3697 1828 3756 Cur
1855 3702 1920 3756 ad
1952 3717 2074 3758 sese

499 3785 848 3845 'l‘inmtheum
877 3799 1058 3856 vocat,
1091 3794 1326 3847 maxime
1351 3807 1476 3847 cum
1513 3791 1764 3847 Ecclesia
1800 3792 2072 3864 Ephesina

494 3878 547 3932 ei
580 3888 731 3934 esset
763 3883 1078 3936 concredita
1130 3897 1253 3938 cum
1289 3891 1400 3938 tota
1434 3883 1524 3938 illa
1557 3885 1758 3954 gente?
1781 3883 1918 3950 Quia
1952 3887 2073 3940 vin-

493 3979 622 4025 etus
649 3970 1022 4038 detinebatnr,
1053 3983 1108 4030 et
1135 3975 1431 4030 conclusus
1472 3985 1588 4030 erat
1618 3991 1649 4030 a
1693 3974 1933 4041 Nerone,
1971 3991 2074 4031 nec

501 4072 716 4131 poterat
747 4066 864 4136 ipse
915 4065 984 4121 ad
1014 4084 1137 4123 eum
1187 4069 1484 4139 proﬁcisci,
1518 4071 1660 4126 hanc
1700 4070 1772 4126 ob
1807 4071 2072 4126 rationem

497 4153 728 4210 Romam
803 4157 957 4212 illum
1034 4163 1304 4227 accersit,
1362 4163 1548 4218 volens
1609 4162 1844 4219 fortasse
1905 4167 2071 4219 multa

492 4247 566 4310 ei,
594 4251 911 4319 priusquam
939 4262 1167 4307 mortem
1199 4264 1441 4322 oppetat,
1469 4255 1876 4310 commendare.

561 4340 729 4411 616
758 4341 928 4398 Vens.
960 4344 1049 4398 lO.
1088 4343 1283 4398 Demos
1313 4347 1452 4399 enim
1480 4363 1559 4400 me
1582 4347 1815 4416 reliquit,
1844 4347 2071 4416 diligens

2172 3249 2306 3302 λειν.
2342 3249 2456 3320 Πρὸ
2500 3249 2558 3303 δὲ
2603 3253 2704 3320 τῆς
2761 3251 3055 3320 καθολικῆς
3107 3251 3430 3318 ἐπιφανείας
3481 3249 3600 3303 ἔστι
3650 3250 3749 3302 καὶ

2173 3341 2356 3412 ἐτέρα,
2388 3342 2512 3396 καθ’
2534 3343 2603 3414 ἢν
2644 3342 2934 3412 ἐμφανίζει
2965 3342 3129 3404 αὐτὸς
3157 3342 3350 3395 ἑαυτὸν
3400 3343 3512 3404 τοῖς
3548 3339 3745 3404 ἀξίοις,

2171 3433 2294 3501 οὐχὶ
2321 3433 2402 3504 τῷ
2424 3433 2632 3503 κόσμῳ.
2664 3433 2771 3486 Καὶ
2796 3429 2952 3496 αὖθις
2974 3447 2988 3460 ·
3032 3431 3201 3502 Ἐγὼ,
3239 3421 3392 3503 φησὶ,
3424 3431 3521 3485 καὶ
3550 3434 3584 3486 ό
3627 3434 3749 3485 11a-

2172 3523 2285 3592 τὴρ
2323 3525 2726 3594 ἐλευσόμεθα,
2768 3525 2865 3577 καὶ
2909 3523 3110 3594 μονὴν
3157 3525 3294 3591 παρ’
3355 3520 3516 3587 αὐτῷ
3572 3523 3750 3587 ποιή-

2173 3631 2384 3683 σομεν.

2245 3704 2607 3759 Σπούδασον
2626 3703 2829 3760 ἐλθεῖν
2857 3704 3008 3772 πρὸς
3032 3704 3112 3773 μὲ
3147 3703 3390 3773 ταχέως.
3425 3703 3491 3758 Τί
3546 3703 3752 3774 δήποτε

2174 3796 2311 3868 πρὸς
2333 3797 2526 3850 ἑαυτὸν
2547 3796 2704 3850 καλεῖ
2733 3796 2824 3848 τὸν
2857 3796 3145 3866 Τιμόθεον,
3171 3797 3266 3849 καὶ
3303 3795 3477 3850 ταῦτα
3517 3795 3756 3866 Ἐκκλη-

2177 3890 2296 3946 σιαν
2330 3891 2843 3960 ἐμπεπιστευμένον
2868 3891 2969 3959 τὴν
3019 3889 3121 3960 τῆς
3159 3891 3411 3960 Ἐφέσου,
3445 3890 3540 3943 καὶ
3591 3890 3754 3954 ἔθνος

2173 3980 2500 4051 δλόκληρονς
2537 3981 2681 4035 Διότι
2725 3983 2782 4034 ἐν
2804 3981 3022 4051 δεσμοῖς
3067 3977 3136 4052 ἦν
3181 3982 3274 4035 καὶ
3336 3981 3756 4035 συνεκέκλειστθ

2175 4075 2278 4127 ὑπὸ
2308 4075 2578 4143 Νέρωνος,
2621 4075 2714 4128 καὶ
2749 4073 2850 4127 οὐκ
2912 4073 3056 4143 εἶχεν
3083 4073 3245 4136 αὐτὸς
3287 4072 3424 4144 πρὸς
3467 4071 3630 4127 αὑτὸν
3658 4072 3751 4124 ἐλ-

2176 4164 2311 4230 θεῖν,
2363 4166 2452 4218 διὰ
2501 4164 2660 4218 τοῦτο
2698 4167 2906 4220 ἐκεῖνον
2952 4165 3109 4218 καλεῖ
3154 4167 3236 4228 εις
3277 4163 3519 4234 Ῥώμην,
3561 4163 3754 4217 ποθῶν

2181 4253 2281 4324 πρὸ
2307 4258 2404 4325 τῆς
2434 4255 2691 4325 τελευτῆς
2725 4255 2857 4316 ἴσως
2889 4255 3040 4326 αύτῷ
3074 4255 3243 4308 πολλὰ
3273 4253 3636 4326 παραθέσθαι.

2245 4345 2444 4414 Δημᾶς
2474 4345 2582 4414 γάρ
2607 4362 2684 4414 με
2717 4346 3129 4414 ἐγκατέλιπεν,
3157 4345 3476 4414 ἀγαπήσας
3501 4345 3609 4398 τὸν
3629 4343 3756 4398 νῦν

490 4427 590 4482 hoc
617 4434 893 4498 arculum,
933 4443 985 4488 et
1017 4433 1148 4488 abiit
1181 4435 1634 4489 Thessalonicam.
1665 4434 1782 4490 Non
1813 4437 1985 4501 dixit,
2015 4447 2069 4490 ut

2181 4438 2381 4503 αἰῶνα,
2425 4438 2526 4490 καὶ
2584 4438 2874 4505 ἐπορεύθη
2912 4441 2999 4504 εις
3033 4439 3511 4505 Θεσσαλονίκην.
3555 4436 3630 4491 ού
3659 4436 3756 4490 λέ-

491 4531 549 4576 te
579 4523 788 4578 videam
824 4526 1145 4596 priusquam
1177 4543 1278 4597 ego
1309 4527 1534 4589 moriar,
1563 4543 1632 4582 ne
1677 4541 1913 4582 maerore
1940 4542 2064 4581 eum

494 4614 730 4683 abiciat;
764 4632 954 4674 verum
1009 4618 1140 4687 quia
1189 4619 1342 4673 solus
1391 4634 1535 4683 sinu,
1572 4634 1672 4673 nec
1710 4620 1937 4673 habeam
1971 4619 2064 4688 qui

495 4707 718 4777 adjuvet
742 4723 852 4774 me,
878 4708 932 4762 in
974 4708 1292 4778 Evangelio,
1327 4710 1525 4764 festina
1557 4710 1762 4765 venire.
1796 4710 1935 4776 Quid
1966 4725 2067 4763 au-

492 4808 603 4855 tem
633 4812 716 4857 est
745 4802 890 4871 quod
919 4803 995 4855 ait
1030 4817 1044 4853 :
1086 4802 1307 4870 diligens
1350 4804 1446 4856 hoc
1482 4803 1769 4857 sa'culum?
1816 4804 1930 4858 lloc
1958 4811 2062 4867 est,

493 4907 690 4948 amans
727 4893 920 4958 otium,
954 4903 1008 4948 et
1043 4894 1210 4947 vitam
1255 4895 1624 4964 periculorum
1658 4903 1936 4963 expertem
2003 4908 2068 4948 ac

495 4997 747 5038 securam
771 4999 786 5048 ;
814 4984 1003 5039 maluit
1033 4986 1214 5052 potius
1244 4986 1391 5042 domi
1419 5002 1530 5040 sua:
1563 4986 1617 5039 in
1644 4985 1858 5041 deliciis
1889 5000 2070 5056 agere,

494 5086 661 5141 quam
719 5087 930 5126 mecum
975 5072 1162 5146 amigi.
1209 5073 1364 5129 llunc
1397 5084 1578 5130 autem
1617 5075 1794 5130 soluat
1825 5081 2068 5138 accusat,

495 5177 606 5217 non
638 5176 704 5216 eo
735 5161 973 5217 consilio
1004 5174 1061 5217 ut
1096 5164 1420 5218 criminetur
1445 5179 1595 5230 eum,
1627 5163 1720 5218 sed
1752 5174 1809 5217 ut
1841 5178 1942 5218 nos
1969 5161 2074 5215 l'ul-

494 5251 628 5322 ciat,
669 5265 737 5306 ne
765 5249 821 5305 in
871 5250 1140 5320 periculis
1181 5251 1540 5322 langueamus
1572 5271 1588 5308 :
1625 5254 1788 5308 simul
1816 5254 1980 5308 etiam
2013 5259 2073 5304 ut

495 5321 842 5397 'I‘imothcum
872 5340 938 5396 ad
966 5356 1086 5397 sese
1112 5321 1607 5410 citinsipertrahat.

568 5568 787 5626 "toan.
814 5585 927 5640 xrv,
956 5571 1050 5627 εί.

2174 4546 2281 4599 γει,
2318 4531 2403 4583 ἵνα
2432 4548 2490 4583 σε
2541 4529 2634 4583 εδω
2675 4530 2804 4601 πρὶν
2829 4530 3119 4586 ἀποθανεῖν
3153 4548 3243 4601 με,
3268 4530 3356 4584 ἴνα
3381 4531 3456 4602 μὴ
3488 4530 3714 4600 λυπήσῃ
3734 4545 3753 4560 ⁸

2174 4622 2289 4677 ἀλλ’
2337 4623 2524 4694 ἐπειδὴ
2585 4622 2746 4692 μόνος
2805 4623 2946 4693 εἰμὶ,
2994 4625 3090 4676 καὶ
3117 4623 3306 4677 οὐδένα
3345 4624 3452 4694 ἔχω
3488 4622 3580 4675 τὸν
3616 4639 3756 4674 συν-

2173 4720 2706 4791 αντιλαμϐανὸμενόν
2757 4736 2847 4791 μοι
2888 4719 2982 4773 τοῦ
3034 4720 3390 4788 Εύαγγελίου,
3441 4717 3756 4773 σπούδασον

2176 4811 2370 4867 ἐλθεῖν.
2440 4811 2505 4866 Τί
2555 4811 2622 4866 δέ
2651 4815 2819 4877 ἐστιν,
2855 4813 3177 4882 ἀγαπήσας
3230 4813 3336 4866 τὸν
3362 4812 3479 4865 νῦν
3523 4809 3754 4876 αἰῶνας

2178 4905 2457 4968 Τουτέστι,
2504 4905 2606 4977 τῆς
2647 4905 2883 4968 ἀνέσεως
2920 4903 3191 4973 ἐρασθεὶς,
3223 4903 3432 4957 καὶτοῦ
3459 4901 3752 4957 ἀκινδύνου

2173 4996 2290 5066 βίου
2343 4999 2436 5049 καὶ
2474 4997 2770 5066 ἀσφαλοῦς,
2823 4997 2998 5050 εἵλετο
3039 4995 3239 5066 μᾶλλον
3271 4995 3410 5049 οἴκοι
3443 4997 3674 5066 τρυφᾷν.
3712 4999 3750 5066 ἢ

2175 5089 2293 5157 μετ’
2325 5086 2460 5158 ἐμοῦ
2483 5088 2972 5159 ταλαιπωρεῖσθαι,
2999 5087 3199 5142 Τοῦτον
3228 5088 3287 5142 δέ
3323 5089 3484 5158 μόνον
3519 5087 3756 5141 διαϐάλ-

2171 5179 2272 5242 λει,
2300 5179 2402 5231 οὐκ
2424 5179 2586 5231 αὑτὸν
2614 5177 2921 5232 διαϐάλλειν
2950 5178 3289 5249 βουλόμενος,
3317 5179 3430 5234 ἀλλ’
3447 5179 3591 5249 ἡμᾶς
3617 5194 3756 5248 στη-

2175 5269 2342 5340 ρίξαι,
2403 5268 2546 5322 ὥστε
2603 5270 2677 5338 μὴ
2733 5267 3128 5338 μαλακίζεσθαι
3182 5271 3240 5321 ἐν
3279 5271 3390 5332 τοῖς
3431 5268 3704 5330 κινδύνοις
3734 5286 3754 5302 ο

2175 5361 2294 5430 ἅμα
2327 5361 2382 5411 δὲ
2415 5361 2506 5414 καὶ
2533 5363 2623 5414 τὸν
2647 5362 2907 5432 Τιμόθεον
2949 5361 3147 5432 μᾶλλον
3183 5359 3504 5431 ἐφέλκεσθαι
3544 5361 3586 5392 ⁸³
3618 5360 3737 5431 βου.

2171 5452 2410 5523 λόμενος.

1854 5661 2054 5724 Varia)
2101 5661 2432 5727 lectiones.

583 5767 628 5799 "
657 5768 936 5826 συλλαϐεῖν
960 5784 1012 5826 0.
1060 5773 1133 5845 )l
1163 5771 1592 5844 ἐφιλκύσασθαι.
1616 5790 1667 5829 o.
