4006 6214
315 335 421 402 133

308 629 414 697 δρα
445 629 778 698 θαυμαστῶν
807 624 897 699 ἦν,
929 631 1004 692 ὡς
1039 630 1134 684 καὶ
1175 632 1400 701 Κρήτην
1439 633 1887 705 ὲμπιστευθῆναι.

961 337 1370 402 EX‘POSiTlO
1391 341 1474 405 IN
1508 344 1746 405 EPIST.
1779 344 1838 403 ll
1880 347 1978 405 AD
2008 345 2327 409 TIMOTH.
2360 377 2428 388 -
2467 354 2626 416 CAP.
2664 357 2760 419 IV.

389 447 677 514 Κρήσκης
702 449 790 512 εις
819 449 1147 513 Γαλατίαν,
1187 451 1353 516 Τῖτος
1402 454 1491 516 εις
1538 453 1871 522 Δαλματίαν

2073 452 2326 510 Crescens
2357 459 2408 510 in
2447 459 2742 528 Galatiam,
2786 464 2938 520 Titus
2972 469 3026 523 in
3069 471 3410 533 Dalmatiam.

308 538 552 602 Τούτους
573 540 758 593 οὐκέτι
784 540 1059 594 διαὸἀλλει
1083 557 1096 569 ·
1127 542 1222 594 καὶ
1253 543 1359 612 γὰρ
1385 545 1414 596 ὁ
1443 545 1600 608 Τῖτος
1629 544 1736 597 τῶν
1763 544 1892 614 σφό-

3468 373 3572 441 134

1989 543 2102 612 jam
2131 561 2238 599 non
2263 561 2482 604 accusat
2515 568 2529 605 :
2558 569 2684 607 nam
2724 554 2883 612 Titus
2915 575 3086 630 usque
3112 565 3249 620 adeo
3287 570 3569 629 admiran-

1992 633 2096 688 dus
2126 643 2268 702 erat,
2301 646 2360 691 ut
2387 638 2549 694 Creta
2577 643 2756 699 insula
2785 647 2861 700 illi
2889 653 3343 711 committeretur.
3369 658 3433 712 lli
3458 662 3567 717 duo

304 713 472 771 Οὗτοι
531 713 624 771 οὖν
669 720 718 771 οἱ
765 717 882 780 δύο,
925 717 1021 786 οὐχ
1064 720 1140 781 ὡς
1205 721 1591 789 ἀγαπήσαντες
1651 721 1741 774 τὸν
1795 720 1871 775 νῦε

1995 724 2182 794 igitur,
2204 741 2311 780 non
2338 729 2502 784 veluti
2529 731 2816 802 diligentes
2844 739 3107 794 mundum
3129 741 3274 797 hunc
3293 746 3564 817 abierunt,

303 806 483 858 αἰῶνα
510 805 777 876 ἀπῆλθον,
802 807 938 860 ἀλλὰ
960 806 1050 860 διὰ
1088 808 1148 861 τὺ
1171 810 1438 881 κήρυγμα
1469 810 1621 880 ἴσως,
1643 813 1678 884 ἢ
1700 813 1767 865 δι’
1793 813 1888 868 ἆλ-

301 897 407 967 λην
439 890 652 968 χρείαν.

379 987 620 1054 Λουκᾶς
662 989 793 1044 ἐστι
819 993 1007 1060 μόνος
1025 993 1152 1061 μετ’
1189 993 1353 1062 ἐμοῦ.
1395 987 1566 1058 Οὗτος
1594 995 1704 1066 γὰρ
1737 996 1888 1051 ἀδια-

304 1079 566 1140 mimo;
595 1077 741 1149 εἶχεν
770 1080 963 1145 αὐτοῦ,
995 1084 1023 1134 ὁ
1057 1083 1154 1135 καὶ
1193 1083 1254 1135 τὸ
1278 1083 1613 1151 Εὐαγγέλιον
1644 1085 1883 1157 γράψας,

298 1171 401 1222 καὶ
433 1171 532 1232 τὰς
562 1168 798 1239 Πράξεις
821 1171 924 1234 τὰς
967 1171 1283 1234 καθολικάς.
1327 1174 1464 1243 Περὶ
1510 1174 1701 1228 τούτου
1752 1175 1885 1244 φησὶ

297 1260 534 1328 γράφων
555 1276 570 1290 ο
611 1257 695 1315 Οὗ
728 1263 761 1314 ό
786 1261 1033 1328 ἔπαινος
1056 1262 1128 1315 ἐν
1160 1261 1240 1327 τῷ
1283 1264 1624 1333 Euan-estid)
1651 1265 1748 1318 διὰ
1769 1283 1883 1319 πα-

294 1347 433 1401 σῶν
455 1348 574 1402 τῶν
621 1350 1015 1418 Ἐκκλησιῶν.

367 1440 623 1507 Μάρκον
647 1441 964 1494 ἀναλαϐὼν
979 1443 1087 1510 ἄγε
1107 1444 1258 1512 μετὰ
1287 1447 1548 1501 σεαυτοῦ
1567 1464 1580 1478 ·
1611 1446 1742 1501 ἔστι
1773 1446 1883 1517 γάρ

286 1545 393 1596 μοι
423 1530 764 1597 εὔχρηστος
804 1533 891 1597 εις
915 1532 1243 1591 διακονίαν.
1271 1537 1383 1590 Οὐκ
1407 1538 1485 1599 εἰς
1515 1536 1614 1607 τὴν
1641 1539 1884 1591 ἀνάπαυο

295 1634 385 1668 σιν
406 1617 562 1684 λέγει
592 1619 690 1688 τὴν
743 1620 958 1686 ἑαυτοῦ,
1011 1623 1129 1675 ἀλλ’
1162 1626 1242 1689 είς
1311 1625 1410 1696 τὴν
1462 1627 1741 1682 διακονίαν
1782 1629 1879 1682 τοῦ

294 1708 658 1777 Εὐαγγελίου.
685 1711 793 1764 Καὶ
811 1713 919 1782 γὰρ
945 1714 1000 1765 ὲν
1017 1714 1235 1785 δεσμοῖς
1253 1716 1347 1781 ὢν,
1378 1720 1478 1771 οὐκ
1498 1719 1659 1788 ἔληγε
1675 1736 1743 1789 κη
1751 1719 1879 1790 ρύτ-

1992 815 2087 869 sed
2122 817 2457 884 praedicandi
2487 821 2672 877 forsan
2707 827 2902 895 gratia,
2934 829 3018 883 vel
3064 832 3224 887 aliam
3273 836 3342 890 ob
3373 815 3564 896 neces;

1989 909 2225 965 sitatem.

2060 998 2223 1056 Vens.
2264 1003 2352 1061 11.
2394 1003 2566 1060 Lucas
2605 1017 2682 1062 est
2717 1009 2860 1064 solus
2904 1029 3126 1069 mecum.
3162 1016 3272 1074 lsle
3305 1022 3449 1076 enim
3481 1023 3564 1080 in-

1988 1095 2373 1161 separabiliter
2425 1097 2502 1151 illi
2551 1098 2886 1164 adhaarebat,
2948 1106 3042 1174 qui
3097 1117 3150 1161 et
3203 1110 3560 1182 Evangelium

1986 1185 2318 1254 conscripsit
2392 1189 2639 1257 Actaque
2695 1193 2985 1248 catholica.
3037 1197 3111 1252 De
3161 1199 3262 1254 hoc
3314 1204 3561 1260 scribens

1985 1271 2188 1328 Paulus
2228 1293 2241 1324 :
2286 1274 2453 1344 Cujus
2506 1280 2646 1344 laus,
2680 1281 2880 1352 inquit,
2928 1295 3006 1339 est
3050 1288 3104 1340 in
3155 1289 3444 1362 Evangelia
3469 1311 3559 1362 per

1984 1380 2162 1418 omnes
2187 1363 2457 1420 Ecclesias
2490 1368 2560 1422 ".

2055 1455 2300 1510 Marcum
2347 1473 2556 1512 assume
2604 1469 2652 1513 et
2696 1460 2871 1516 adduc
2909 1475 3077 1518 tecum
3107 1484 3126 1522 :
3152 1479 3230 1522 est
3265 1472 3404 1526 enim
3433 1475 3559 1528 mihi

1982 1545 2134 1598 utilis
2159 1547 2228 1598 ad
2263 1546 2635 1603 ministerium.
2672 1549 2792 1604 Non
2826 1553 2892 1606 ad
2925 1557 3009 1608 sui
3041 1561 3437 1615 recrealionem
3467 1563 3552 1616 di-

1981 1637 2079 1700 cit,
2126 1652 2320 1692 verum
2377 1639 2444 1694 ad
2501 1641 2869 1696 ministerium
2908 1643 3210 1715 Evangelii.
3255 1651 3464 1705 Etenim
3501 1654 3555 1709 in

1980 1727 2212 1784 vinculis
2239 1743 2427 1799 agens,
2454 1745 2484 1783 a
2525 1731 2912 1800 praedicatione
2960 1751 3068 1790 non
3103 1737 3420 1796 desistebat.
3459 1743 3554 1798 Ti-

291 1814 425 1851 των.
457 1801 598 1868 Ἄρα
627 1799 720 1854 οὖν
745 1803 839 1855 καὶ
864 1805 957 1855 τὸν
997 1805 1288 1873 Τιμόθεον,
1325 1808 1424 1879 οὐχ
1463 1787 1648 1863 ἔνεπεν
1683 1787 1871 1864 ἑαυτοῦ

1982 1817 2259 1873 motheum
2290 1819 2460 1889 igitur
2513 1836 2623 1876 non
2671 1823 2936 1893 suiipsius
2970 1841 3136 1880 causa
3171 1830 3420 1894 vocabat,
3459 1834 3552 1888 sed

292 1885 486 1940 ὲκὰλει
507 1905 524 1920 ·
559 1889 676 1941 ἀλλ’
702 1889 844 1961 ὑπὲρ
888 1891 984 1944 τοῦ
1038 1893 1395 1962 Εὑαγγελίου,
1429 1896 1570 1950 ὥστε
1607 1899 1879 1970 μηδεμίαν

291 1976 542 2046 ταραχὴν
579 1979 834 2045 γενέσθαι
883 1984 999 2044 τοῖς
1051 1988 1263 2048 πιστοῖς
1303 1987 1443 2042 κατὰ
1472 1989 1570 2058 τὴν
1592 1990 1760 2043 αὐτοῦ
1790 2009 1876 2045 τε·

292 2063 513 2135 λευτὴν,
543 2068 655 2119 τῶν
702 2069 870 2122 αὐτοῦ
905 2071 1164 2142 μαθητῶν
1204 2075 1414 2130 πολλῶν
1446 2079 1750 2147 παρόντων,
1781 2083 1877 2134 καὶ

295 2155 618 2208 κωλυόντων
645 2157 737 2210 τὸν
773 2158 1024 2229 θόρυϐον,
1061 2164 1155 2216 καὶ
1207 2167 1719 2238 παραμυθουμένων
1748 2173 1875 2236 τοὺς

293 2244 595 2313 ἀφερήτως
641 2248 909 2319 φέροντας
965 2252 1134 2306 αὐτοῦ
1163 2254 1266 2324 τὴν
1313 2257 1589 2328 τελευτήν,
1623 2261 1734 2314 Καὶ
1764 2261 1874 2332 γὰρ

290 2335 498 2404 ἄνδρας
523 2338 836 2408 ἀξιολόγους
885 2342 1034 2407 εἰκὸς
1089 2342 1230 2400 εἶναι
1279 2349 1405 2413 τοὺς
1439 2354 1872 2417 πεπιστευκότας

285 2425 384 2478 ἐπὶ
409 2427 512 2497 τῆς
555 2431 801 2501 Ῥώμης,

366 2521 632 2588 Τυχικὸν
664 2522 732 2576 δὲ
761 2525 1086 2582 ἀπέστειλα
1127 2531 1217 2593 είς
1259 2532 1545 2598 Ἔφεσον.
1573 2532 1736 2584 Ὥστε
1773 2533 1871 2603 μό-

288 2624 380 2672 νος
427 2610 954 2688 ὲγκαταλέλειμμαι,
991 2620 1084 2672 καὶ
1114 2622 1392 2689 ἀναγκαία
1422 2623 1455 2692 ἡ
1481 2623 1547 2692 σὴ
1583 2625 1871 2694 παρουσία.

366 2791 479 2844 Τὸν
496 2793 804 2860 φελόνην,
861 2794 938 2848 ὃν
969 2795 1271 2850 ἀπέλιπον
1321 2796 1392 2849 ἐν
1446 2796 1662 2864 Τρωάδι
1713 2798 1872 2865 παρὰ

287 2880 531 2949 Κάρπῳ,
550 2884 872 2953 ἐρχόμενος
901 2884 1062 2954 φέρε,
1090 2888 1191 2939 καὶ
1241 2887 1314 2941 τὰ
1356 2887 1586 2950 βιϐλία.
1635 2887 1870 2957 Ὶμάτιόν

287 2989 340 3025 τι
368 2973 522 3041 λέγει
551 2975 810 3030 ἐνταῦθα’
845 2976 1000 3047 ζητεί
1027 2977 1084 3030 δὲ
1113 2976 1292 3039 τοῦτο,
1328 2976 1469 3029 ὥστε
1503 2977 1579 3047 μὴ
1612 2977 1868 3047 δεηθῆναι

286 3070 420 3138 παρ’
449 3068 652 3139 ἑτέρων
682 3069 891 3123 λαϐεῖν.
918 3069 1202 3138 Πανταχοῦ
1228 3068 1338 3137 γὰρ
1385 3067 1583 3165 πολλην
1611 3069 1868 3165 ¹πρόνοιαν
1893 3103 1938 3165 C

286 3158 556 3219 ποιεῖται,
575 3155 668 3208 τοῦ
702 3155 784 3226 μὴ
831 3156 1039 3210 δεῖσθαι
1079 3157 1302 3228 ἐτέρων.
1333 3156 1489 3220 Τινὲς
1515 3156 1572 3208 δὲ
1603 3157 1665 3209 τὸ
1691 3157 1863 3225 γλωσο

288 3248 525 3318 σόκομόν
557 3265 746 3318 φασιν,
802 3249 935 3303 ἔνθα
981 3248 1050 3302 τὰ
1078 3248 1260 3318 βιϐλία
1302 3248 1532 3302 ἔκειντο.
1575 3248 1641 3300 Τί
1665 3249 1720 3300 δὲ
1757 3248 1868 3302 τῶν

286 3340 510 3411 βιϐλίων
541 3341 735 3404 ἐδεῖτο,
766 3340 976 3410 μέλλων
1013 3341 1314 3409 ἀποδημεῖν
1365 3340 1502 3410 πρὸς
1541 3339 1708 3411 Θεόν;
1750 3341 1868 3394 "Iw:

285 3431 428 3484 αὐτὰ
488 3432 605 3492 τοῖς
667 3432 877 3492 πιστοῖς
940 3428 1281 3500 παράθηται,
1346 3428 1488 3481 ὥστε
1531 3430 1647 3482 ἀντ’
1701 3429 1867 3482 αὑτοῦ

284 3523 456 3591 ἔχειν.

353 3611 637 3666 Μάλιστα
665 3610 768 3677 τὰς
785 3613 956 3682 μεμὸζ.
975 3609 1146 3677 ἁνας.
1179 3612 1340 3674 Ἴσως
1368 3601 1534 3664 αὗται
1575 3610 1868 3681 ὠφελιμὼ·

282 3708 422 3778 τερὰ
444 3724 568 3760 τινα
595 3708 896 3776 περιεῖχον.

368 3797 766 3865 Ἀλέξανδρος
799 3800 832 3850 ὁ
879 3794 1141 3866 χαλκεὺς
1190 3793 1391 3848 πολλὰ
1439 3810 1542 3861 μοι
1586 3792 1739 3848 κακὰ
1765 3793 1866 3847 ἐν·

281 3891 578 3955 εδείξατο.
635 3890 932 3958 Μέμνηται
984 3885 1081 3939 τοῦ
1141 3883 1452 3955 πειρασμοῦ
1503 3883 1716 3948 τούτου,
1765 3885 1864 3954 οὐχ

281 3985 375 4036 ἵνα
428 3986 636 4035 ἐκεῖνον
677 3978 960 4050 διαϐάλλῃ,
1015 3978 1132 4032 ἀλλ’
1178 3978 1266 4030 ἵνα
1293 3976 1384 4030 τὸν
1427 3975 1675 4045 μαθητὴν
1701 3975 1861 4045 πείσῃ

283 4073 552 4141 γενναίως
580 4072 767 4140 φέρειν
812 4071 907 4123 καὶ
953 4069 1079 4132 τοὺς
1129 4067 1278 4139 παρά
1305 4083 1478 4134 ,τινων
1508 4065 1740 4118 εὐτελῶν
1770 4067 1863 4117 καὶ

283 4166 500 4234 ἀτίμων
531 4163 978 4232 προσαγομὲνους
1018 4157 1376 4230 πειρασμούς.
1415 4155 1606 4208 Πολλοὶ
1630 4154 1736 4224 γὰρ
1759 4153 1863 4206 ὑπὸ

286 4258 390 4327 μὲν
413 4255 707 4323 ἀξιολόγων
737 4253 899 4306 τινῶν
954 4252 1363 4322 πειραζόμενοι,
1412 4249 1656 4317 φέρουσι,
1685 4263 1862 4316 παρα-

284 4349 493 4418 μυθίαν
531 4349 749 4417 ἔχοντες
799 4347 900 4416 τὴν
950 4345 1061 4398 τῶν
1124 4341 1498 4412 πειραζόντων
1549 4338 1856 4408 ὑπεροχήν*

1980 1905 2284 1978 Evangelii,
2328 1918 2392 1964 ut
2441 1911 2586 1965 nulla
2628 1916 2966 1982 perturbatio
3010 1915 3259 1972 fidelibus
3301 1935 3557 1976 nascere-

1979 2009 2068 2054 tur
2095 2001 2280 2056 obitus
2305 2002 2390 2056 sui
2425 2010 2695 2073 tempore,
2733 2006 2921 2060 multis
2943 2008 3063 2074 ejus
3104 2009 3388 2079 discipulis
3419 2028 3556 2082 prae-

1976 2091 2249 2155 sentibus,
2275 2091 2800 2164 prohibentibusque
2831 2098 3325 2164 perturbationem,
3356 2101 3558 2155 adhor-

1979 2181 2335 2251 tantibusque
2370 2192 2424 2237 et
2464 2184 2882 2241 consolantibus
2932 2203 3027 2243 eos
3063 2191 3152 2258 qui
3191 2189 3311 2256 ejus
3343 2191 3552 2245 obitum

1975 2285 2116 2340 aegre
2152 2270 2377 2326 ferrent.
2412 2271 2626 2328 Etenim
2663 2276 2942 2330 versimile
2970 2287 3053 2332 est
3081 2280 3329 2334 homines
3361 2291 3552 2336 aucto-

1977 2361 2136 2415 ritate
2170 2377 2398 2431 magnos
2428 2362 2621 2430 fuisse,
2655 2365 2750 2433 qui
2779 2364 2963 2420 Romae
2997 2366 3366 2422 crediderant.

2049 2540 2218 2597 Vens.
2257 2541 2342 2594 12.
2385 2542 2668 2610 Tyclticum
2707 2553 2882 2598 autem
2924 2546 3046 2599 misi
3077 2546 3361 2614 Ephesum.
3387 2550 3551 2607 Solus

1973 2634 2157 2702 itaque
2200 2633 2427 2687 relictus
2461 2647 2620 2700 sum,
2658 2641 2822 2703 atque
2859 2649 2999 2703 Opus
3046 2636 3222 2693 habeo
3255 2645 3549 2709 praesentia

1972 2729 2086 2774 tua.

2047 2806 2212 2862 Vens.
2263 2808 2351 2862 15.
2396 2805 2659 2862 Penulam
2709 2827 2868 2878 quam
2917 2813 3109 2882 reliqui
3157 2814 3362 2871 Troade
3408 2821 3549 2886 apud

1972 2897 2228 2964 Carpam,
2245 2899 2449 2952 veniens
2481 2907 2650 2952 tecum
2673 2900 2806 2967 affer
2825 2910 2875 2954 et
2921 2903 3106 2958 libros.
3131 2903 3358 2958 Pallium
3384 2909 3552 2976 quod-

1972 2983 2096 3038 dam
2130 2983 2224 3038 hic
2269 2984 2428 3047 dicit,
2473 2985 2619 3054 quod
2656 2987 2778 3042 ideo
2812 2993 3032 3056 quaerit,
3076 3007 3148 3046 ne
3180 2993 3376 3048 habeat
3409 3011 3549 3063 opus

1973 3072 2042 3126 ab
2071 3074 2180 3128 alio
2213 3074 2485 3144 accipere.
2521 3073 2736 3144 Ubique
2773 3078 2918 3131 enim
2953 3095 3203 3148 magnam
3235 3097 3423 3136 curam
3452 3100 3549 3152 ge-

1971 3164 2044 3217 rit
2070 3171 2130 3218 ut
2163 3177 2272 3219 non
2323 3164 2564 3234 indigeat
2599 3165 2741 3220 aliis.
2792 3165 3049 3223 Nonnulli
3092 3186 3220 3224 vero
3259 3175 3545 3239 capsulam

1970 3255 2061 3309 hic
2089 3254 2419 3325 intelligunt,
2451 3270 2558 3324 qua
2583 3256 2708 3310 libri
2741 3258 2964 3327 repositi
2987 3269 3164 3316 erant.
3196 3259 3336 3328 Quid
3365 3274 3546 3319 autem

1969 3345 2126 3402 libris
2153 3361 2292 3417 opus
2322 3346 2579 3411 habebat,
2609 3347 2945 3418 migraturus
2971 3352 3038 3404 ad
3064 3351 3277 3407 Deum?
3312 3353 3378 3409 Ut
3397 3354 3548 3425 ipsos

1969 3436 2224 3492 ﬁdelibus
2258 3437 2669 3493 commendaret
2693 3479 2708 3504 ,
2744 3455 2881 3509 quos
2922 3441 3186 3512 suiipsius
3220 3444 3340 3499 loco
3370 3446 3540 3502 habe-

1967 3539 2107 3586 rent.

2040 3620 2274 3677 Maxime
2307 3624 2662 3680 membranas.
2694 3622 2815 3680 lstte
2843 3623 3096 3682 fortassis
3134 3625 3358 3681 utiliora
3388 3642 3536 3698 qua:-

1965 3713 2088 3769 dam
2127 3716 2508 3771 continebant.

2041 3802 2206 3858 Vens.
2265 3806 2352 3859 Η.
2402 3805 2703 3861 Alexander
2741 3809 2966 3864 wrarius
3010 3809 3183 3864 multa
3229 3812 3375 3865 mala
3412 3811 3543 3865 mihi

1966 3893 2216 3949 ostendit.
2243 3893 2488 3949 Meminit
2519 3897 2840 3954 tentationis
2867 3899 3054 3970 hujus.
3081 3916 3188 3956 non
3219 3907 3277 3956 ut
3308 3917 3430 3956 eum
3449 3917 3543 3956 ac-

1965 3993 2141 4049 cuset,
2174 4001 2363 4040 verum
2397 3997 2455 4040 ut
2479 3987 2755 4059 discipulo
2778 3992 3106 4060 persuadeat
3133 4007 3326 4062 magno
3355 3994 3545 4046 animo

1964 4073 2108 4130 ferre
2145 4077 2479 4134 tentationes
2511 4095 2634 4149 qua:
2664 4094 2694 4133 a
2721 4081 2919 4135 vilibus
2952 4090 3005 4134 et
3026 4081 3277 4150 ingloriis
3301 4082 3542 4136 adduce-

1963 4164 2186 4220 bantur.
2231 4165 2675 4238 Pleriqueenim
2723 4184 2753 4222 a
2793 4171 3056 4241 gravibus
3103 4172 3267 4241 617
3317 4171 3451 4226 viris
3482 4179 3540 4224 et

1963 4256 2177 4326 magnis
2212 4258 2432 4322 tentati,
2460 4257 2606 4313 ἱειυά
2638 4256 2844 4323 ferunt,
2868 4259 3304 4314 consolationem
3329 4260 3538 4314 haben.

1963 4355 2046 4402 tes
2079 4347 2254 4416 ipsam
2287 4347 2638 4418 amigentium
2667 4349 3042 4405 excellentiam
3079 4367 3092 4403 :
3127 4365 3316 4405 verum
3350 4365 3382 4405 a
3412 4351 3539 4404 vili-

280 4442 346 4493 τδ
365 4441 423 4493 δὲ
465 4440 571 4492 ὑπὸ
601 4436 833 4492 εὐτελῶν
867 4437 960 4490 καὶ
1008 4433 1439 4506 ἀπερριμμένων
1479 4430 1728 4500 πάσχειν,
1759 4445 1858 4497 με-

1982 4453 2068 4493 )ιιε
2105 4445 2160 4492 et
2191 4438 2421 4522 abjectis
2464 4440 2599 4510 pati,
2641 4441 2992 4496 vehementer
3025 4442 3197 4512 angit.
3239 4440 3535 4512 Propterea

282 4532 463 4601 τάλην
485 4530 585 4600 τὴν
615 4530 660 4561 ⁸⁸
690 4531 866 4584 ἀνίαν.
896 4527 988 4581 Διὸ
1036 4529 1130 4580 καὶ
1192 4524 1400 4587 Παῦλὸς
1431 4539 1563 4593 φησι
1588 4538 1600 4552 ⁸
1647 4523 1856 4576 Πολλά

278 4640 382 4691 μοι
414 4623 571 4676 κακὰ
589 4621 946 4684 ἐνεδείξατο,
960 4619 1080 4672 ἀντὶ
1101 4616 1450 4686 comae)qu
1490 4633 1556 4685 με
1578 4615 1854 4685 ὑπερϐαλ-

283 4718 508 4779 λόντως,
532 4716 568 4784 ἢ
600 4716 695 4768 καὶ
745 4712 1036 4783 διαφόρως.
1083 4712 1194 4766 Καὶ
1240 4710 1415 4772 ἄλλως
1440 4709 1548 4780 γὰρ
1578 4711 1625 4763 οἱ
1651 4709 1854 4779 ἄσημοι

283 4809 383 4862 καὶ
428 4807 636 4875 ἄτιμοι,
686 4804 944 4875 ἐλάχιστα
988 4805 1086 4874 τῆς
1139 4802 1455 4874 ὑπολήψεως
1493 4799 1602 4853 τῶν
1647 4799 1854 4853 πολλῶν

288 4897 691 4967 φροντίζοντες,
731 4895 948 4950 ἐπειδὰν
971 4894 1245 4966 ἄρξωνται
1270 4910 1422 4956 τινας
1474 4890 1700 4959 κακοῦν,
1729 4891 1853 4946 οὑδ-

285 4990 436 5052 όλως
468 4991 754 5058 φείδονται.

377 5081 627 5151 Ἀποδῴη
679 5080 839 5147 αὐτῷ
895 5083 1110 5149 Κύριος
1169 5077 1316 5132 κατὰ
1361 5078 1433 5132 τὰ
1475 5078 1617 5149 ἔργα
1646 5074 1854 5131 αὑτοῦ.

282 5172 516 5243 Θάρρει,
545 5172 747 5243 φησιν·
804 5171 906 5225 οὐκ
961 5171 1272 5242 ἁτιμωρητὶ
1322 5167 1494 5222 ταῦτα
1529 5166 1677 5237 αὑτῷ
1707 5185 1854 5236 προ-

283 5266 551 5336 χωρήσει,
612 5263 729 5318 ἀλλ’
784 5261 1030 5332 ἀποδῴη
1075 5261 1234 5326 αὑτῷ
1277 5262 1512 5329 Κύριος,
1569 5259 1691 5313 ἀντὶ
1734 5257 1850 5321 τοῦ,

281 5355 593 5409 ἀποδώσει·
649 5353 850 5426 μᾶλλον
893 5353 1002 5426 γὰρ
1042 5351 1352 5424 προφητεία
1424 5349 1592 5418 ἐστὶν,
1639 5350 1672 5420 ἢ
1721 5347 1848 5418 ἀρά.

358 5538 403 5570 ⁸³
428 5535 476 5591 ιι
501 5534 630 5591 Cor.
655 5549 772 5597 vm,
803 5531 890 5587 18.

1963 4537 2018 4583 et
2054 4527 2260 4583 Paulus
2311 4528 2488 4583 dixit:
2527 4529 2700 4586 Multa
2752 4532 2897 4586 mala
2954 4532 3084 4586 mihi
3122 4534 3370 4599 ostendit,
3412 4550 3536 4604 pro,

1960 4617 2315 4674 vehementer
2345 4619 2558 4684 amisit,
2586 4623 2671 4677 vel
2699 4623 2863 4677 etiam
2893 4623 3275 4679 multifariam.
3306 4623 3537 4680 Praeter-

1963 4724 2026 4764 ea
2048 4749 2064 4774 ,
2103 4703 2207 4778 'qui
2239 4711 2454 4781 inglorii
2489 4721 2618 4768 sunt
2653 4722 2709 4769 et
2737 4714 2984 4779 obscuri,
3028 4715 3396 4770 multitudinis
3421 4717 3536 4769 exi-

1963 4799 2337 4856 stimationem
2376 4803 2586 4858 minimi
2643 4804 2928 4870 facientes,
2978 4805 3026 4861 si
3055 4806 3368 4876 quempiam
3400 4805 3536 4861 alni.

1960 4906 2088 4964 gere
2117 4893 2405 4963 cmperint,
2433 4893 2583 4948 nullo
2617 4895 2778 4950 modo
2806 4905 3060 4965 parcunt.

2034 5071 2236 5125 Reddat
2261 5074 2308 5124 ei
2337 5072 2589 5125 Dominus
2617 5073 2902 5127 secundum
2933 5089 3092 5143 opera
3111 5073 3252 5143 ejus.
3279 5071 3529 5131 Conﬁdo.

1960 5163 2157 5232 inquit,
2194 5162 2338 5218 haud
2370 5163 2590 5232 impune
2624 5163 2739 5218 huic
2770 5165 2820 5220 ei
2858 5166 3178 5228 succedent,
3203 5166 3298 5220 sed
3344 5163 3550 5231 reddat,

1955 5258 2005 5310 ei
2030 5248 2312 5321 Dominus,
2345 5270 2466 5326 pro,
2490 5255 2686 5310 reddet.
2717 5255 2854 5310 Nam
2890 5256 3176 5328 prophetia
3207 5254 3390 5324 potius
3419 5263 3523 5310 est,

1957 5364 2122 5418 quam
2153 5349 2495 5421 imprecatio.
2552 5349 2621 5404 At
2673 5364 2803 5406 vero
2859 5363 2968 5405 non
3032 5355 3288 5414 tanquam
3346 5339 3522 5396 sancti

1660 5618 1857 5680 Variae
1889 5617 2220 5683 lectiones.

356 5720 406 5756 ⁸³
435 5723 682 5789 μεγάλην
703 5722 814 5790 ἔχει
842 5721 940 5791 τὴν
975 5737 1050 5776 ω.

3461 483 3570 541 llos
3651 546 3657 552 ,
