4006 6214
448 351 559 417 135

1268 329 1847 395 THEOPHYLACTI
1885 324 2296 387 BULGARI/E
2330 323 2686 384 ARCIIIEP.

3590 310 3694 375 136

445 413 798 528 consentiant
829 443 1133 516 suppliciis,
1158 442 1262 496 boc
1281 455 1312 494 a
1338 438 1463 493 divo
1485 435 1655 490 Paulo
1678 433 1884 489 dictum
1905 437 1988 486 est
2013 445 2030 494 ;

2146 429 2245 499 ῧῦχ
2277 427 2351 492 ὡς
2375 426 2490 483 τῶν
2516 427 2687 495 ἁγίων
2731 424 2788 477 δὲ
2816 423 2935 486 ταῖς
2957 419 3251 491 τιμωρίαις
3279 413 3696 487 ὲπιτρέχόντων,

447 562 641 603 verum
670 524 819 612 quod
855 535 1006 591 verbi
1040 530 1357 603 praedicatio
1392 541 1584 581 eorum
1617 525 1710 595 qui
1736 524 1837 593 ipsi
1865 529 2022 577 erant

446 609 842 707 impedimento
894 623 1246 695 repressione
1309 633 1449 689 opus
1502 616 1714 682 habuit,
1770 624 1825 668 et
1875 609 2022 683 quod

448 724 835 784 imbecilliores
857 719 1021 774 etiam
1049 715 1177 770 hinc
1199 713 1439 767 maxime
1475 707 1914 764 consolarentur.

400 898 411 954 ἓ
517 908 685 963 Vsus.
725 903 813 958 l5.
857 900 1023 964 Quem
1052 905 1102 951 et
1135 906 1190 950 tu
1215 895 1409 950 devita.
1434 890 1554 972 Non
1579 889 1718 946 dixit
1758 907 1772 943 :
1805 886 2025 959 Suppli-

451 1002 541 1056 cio
575 996 749 1057 allice,
782 1000 877 1046 aut
909 987 1040 1059 puni
1102 986 1343 1059 (etiamsi
1387 982 1589 1038 licebat
1648 994 1746 1049 per
1793 976 2024 1047 gratiam

450 1089 686 1161 Spiritus
714 1088 828 1139 haec
870 1078 1102 1150 facere),
1140 1077 1238 1133 sed
1266 1077 1528 1138 devitarc,
1560 1072 1666 1126 hoc
1727 1076 1833 1132 est,
1859 1067 2029 1122 decli-

448 1160 585 1238 nare
623 1186 675 1233 et
703 1174 961 1232 secedere
990 1173 1058 1227 ab
1087 1187 1152 1227 eo
1176 1171 1353 1240 jubet,
1388 1180 1456 1221 ac
1484 1165 1595 1218 Deo
1615 1160 1913 1216 vindictam
1944 1174 2028 1214 re-

449 1274 719 1340 linquere.

534 1359 701 1414 Valde
745 1371 968 1425 namque
1019 1352 1213 1407 restitit
1249 1364 1418 1404 verots
1470 1346 1691 1400 nostris.
1756 1343 1873 1399 Hoc
1922 1352 2026 1408 est,

448 1458 657 1522 pugnat
681 1448 971 1503 adversum
1003 1458 1112 1504 me.
1164 1449 1331 1511 atque
1373 1436 1650 1506 Evangelii
1706 1436 1888 1492 verbis
1930 1435 2030 1488 ad-

446 1551 718 1597 versatur.

518 1630 687 1685 Vens.
716 1629 797 1683 l6.
833 1626 896 1679 In
920 1625 1094 1695 prima
1123 1639 1239 1677 mea
1270 1623 1738 1691 defensioueuemo
1779 1620 1909 1674 mihi
1934 1617 2032 1672 ad-

449 1723 576 1793 fuit,
617 1721 707 1775 sed
757 1734 936 1772 onmes
973 1733 1052 1771 me
1119 1712 1530 1783 dereliquerunt.
1597 1712 1837 1768 Rursum
1892 1709 2031 1764 alias

453 1812 793 1867 tentatioues
815 1818 1059 1870 enarrat,
1092 1821 1202 1875 quo
1233 1805 1408 1874 magis
1436 1803 1767 1874 discipulum
1811 1803 1876 1859 ad
1908 1817 2030 1857 cer-

452 1915 638 1958 tamen
662 1902 884 1956 excitet.
922 1898 1163 1952 Primam
1196 1904 1378 1950 autent
1416 1895 1787 1950 defensionem
1817 1892 2031 1962 qualem

454 1994 592 2050 dicit
622 1994 646 2047 ‘i
681 1992 992 2049 Sistcbatur
1022 1990 1258 2060 primunt
1287 1985 1515 2052 Neroni,
1553 1993 1609 2041 et
1659 1984 1848 2055 eﬂugit
1888 1999 2035 2038 mor-

452 2096 588 2151 tem,
623 2085 760 2140 adeo
789 2092 850 2137 ut
872 2083 940 2138 ab
978 2097 1044 2135 eo
1086 2081 1252 2136 etiam
1286 2087 1530 2149 tempore
1554 2077 1878 2149 praedicaret
1910 2091 2035 2132 ver-

450 2178 605 2231 bum.
645 2175 943 2244 Postquam
969 2188 1097 2228 vero
1121 2173 1444 2243 pincernam
1491 2171 1614 2240 ejus
1647 2170 1702 2224 in
1747 2168 1851 2223 lide
1878 2167 2035 2224 iusti.

455 2267 684 2328 tuisset,
714 2266 933 2320 insania
961 2274 1277 2321 exmstuans
1306 2263 1452 2318 Nero
1480 2262 1834 2317 obtruncavit
1889 2275 2035 2318 eum.

442 2356 754 2412 Tristitiam
779 2365 959 2411 autem
986 2355 1191 2411 iudicat
1236 2355 1381 2424 quod
1414 2356 1493 2408 ait
1535 2369 1550 2408 :
1587 2353 1780 2408 Omnes
1824 2368 1905 2405 me
1951 2353 2040 2405 de-

434 2448 779 2519 veliquerunt
802 2463 821 2501 :
853 2446 1078 2516 perinde
1106 2444 1455 2515 quasidicat,
1491 2441 1787 2497 Domestici
1821 2443 1922 2495 mei
1954 2455 2040 2496 me

454 2538 842 2611 prodiderunt,
865 2538 1128 2607 omnique
1153 2536 1535 2591 tonsolationc
1568 2534 1867 2589 destitutus
1890 2549 2034 2589 sum.

440 2629 718 2695 Quocirca
747 2636 803 2683 et
832 2636 892 2681 tu
922 2629 975 2681 in
1009 2626 1268 2696 periculis
1288 2626 1584 2680 destitutus
1612 2639 1697 2677 me
1730 2623 2036 2693 exemplum

454 2717 559 2775 tibi
591 2733 746 2773 sume
778 2716 845 2772 ad
876 2716 1337 2771 consolationem.

523 2809 649 2866 Non
703 2810 993 2879 imputetur
1068 2808 1220 2877 ipsis.
1304 2804 1713 2860 Animadvertis
1765 2802 2041 2873 quomodo

449 2885 647 2972 parcat
679 2901 797 2957 suis
822 2902 846 2955 ?
870 2898 1035 2970 Atqui
1088 2913 1201 2954 rem
1237 2912 1455 2968 gravem
1496 2895 1836 2951 admiserant
1882 2894 2041 2950 fanti-

452 2992 618 3049 llares
644 3003 809 3063 atque
835 2991 1123 3046 domestici
1149 2989 1296 3058 ejus,
1325 2989 1574 3055 adeoque
1629 2994 2040 3056 cooperatores,

2125 521 2285 575 τοῦτο
2314 521 2534 590 εῑρηται
2558 517 2709 587 παρὰ
2759 514 2855 570 τοῦ
2906 514 3147 580 Παύλου,
3168 512 3283 567 ἀλλ’
3308 512 3384 575 ὡς
3406 510 3502 564 τοῦ
3525 512 3703 582 κηρύ-

2126 628 2336 681 γματος
2355 611 2615 681 δεομένου
2634 610 2733 679 τῆς
2759 608 2869 662 τῶν
2901 605 3303 675 ἐμποδιζόντων
3328 602 3478 673 αὐτῷ
3508 620 3701 657 συστοι-

2126 702 2245 772 λῆς,
2270 702 2407 757 ἀλλὰ
2434 702 2655 756 καὶτῶν
2678 700 3085 768 ἀσθενεστέρων
3113 697 3180 750 ὲκ
3213 694 3407 749 τούτου
3438 711 3702 766 παραμυ-

2128 794 2404 864 θουμένων
2439 793 2508 847 τὰ
2556 793 2805 863 μέγιστα.
2893 820 2901 827 ο

2206 887 2313 937 Ὃν
2343 884 2441 938 καί
2463 883 2545 938 σὺ
2571 881 2925 952 φυλάσσου.
2965 880 3084 934 Οὐκ
3143 875 3289 944 εἴπε,
3347 876 3700 949 Τιμώρησον,

2129 973 2357 1028 κόλασον
2410 972 2678 1043 (καίτοιγε
2728 972 2855 1042 ἐνῆν
2896 971 2986 1025 διὰ
3028 971 3127 1040 τῆς
3159 969 3376 1041 χάριτος
3404 968 3499 1022 τοῦ
3527 967 3705 1022 [1νεὺ-

2130 1084 2301 1138 ματος
2329 1065 2502 1120 ταῦτα
2535 1063 2922 1135 ἐργάσασθαι),
2951 1061 3086 1114 ἀλλὰ
3119 1059 3513 1129 φυλάσσεσθαι,
3546 1076 3704 1114 τουτ-

2132 1161 2281 1215 έστιν
2348 1158 2639 1220 ἐκκλίνειν,
2694 1157 2998 1226 ἀναχωρεῖν
3038 1154 3136 1207 ἀπ’
3161 1152 3326 1209 αὐτοῦ
3358 1153 3592 1218 κελεύει,
3620 1153 3705 1222 τῷ

2129 1250 2249 1320 θεῷ
2279 1246 2717 1319 παραχωροῦντα
2748 1245 2850 1314 τῆς
2869 1244 3165 1314 τιμωρίας.

2201 1342 2353 1396 Δίαν
2400 1339 2511 1411 γὰρ
2551 1337 2888 1402 ἁνθέστηκε
2942 1334 3067 1401 τοῖς
3118 1334 3424 1404 ἡμετέροις
3475 1334 3703 1401 λόγοις.

2132 1433 2413 1497 Τουτέστι,
2450 1431 2678 1500 πολεμεῖ
2706 1430 2797 1483 καὶ
2823 1426 3161 1482 ἐναντιοῦται
3188 1428 3299 1489 τοῖς
3333 1424 3428 1479 τοῦ
3452 1425 3703 1493 Εὑαγγε-

2130 1525 2244 1578 λίου
2282 1524 2327 1554 ⁸⁸
2350 1522 2551 1591 λόγοις.

2216 1615 2318 1668 Ἐν
2340 1612 2414 1681 τῇ
2437 1610 2634 1681 πρώτῃ
2678 1629 2798 1680 μου
2848 1608 3147 1678 ἀπολογίᾳ
3198 1604 3400 1671 οὐδείς
3419 1621 3519 1671 μοι
3556 1620 3711 1673 συμ-

2133 1701 2510 1773 παρεγένετο,
2545 1702 2707 1757 ἀλλὰ
2732 1701 2958 1766 πάντες
2979 1716 3058 1769 με
3082 1697 3496 1768 ἐγκατέλιπον.
3540 1696 3712 1752 Πάλιν

2058 1764 2105 1823 Β
2134 1764 2353 1864 ἑτέρους
2398 1764 2736 1862 πειρασμὺς
2761 1764 3052 1861 διηγεῖται,
3079 1764 3166 1841 ἵνα
3203 1786 3403 1856 μᾶλλον
3435 1785 3632 1856 ἀλείψῃ
3662 1784 3711 1818 ⁸⁷

2135 1884 2230 1938 τὸν
2263 1884 2531 1955 μαθητὴν.
2568 1883 2799 1955 Πρώτην
2860 1882 2917 1935 δὲ
2965 1880 3262 1948 ἀπολογίαν
3309 1878 3472 1932 ποίαν
3521 1877 3712 1945 um;

2139 1973 2394 2043 Παρέστη
2423 1975 2686 2044 πρότερον
2714 1971 2794 2043 τῷ
2839 1971 3076 2042 Νέρωνι,
3113 1969 3210 2023 καὶ
3244 1968 3468 2038 διέφυγε
3498 1966 3590 2020 τὸν
3617 1967 3717 2022 θάο

2138 2083 2319 2130 νατον,
2347 2065 2490 2119 ὥστε
2518 2067 2614 2120 καὶ
2641 2063 2942 2136 κηρύσσειν
2967 2062 3157 2115 ἔκτοτε
3177 2078 3191 2092 ο
3223 2062 3346 2114 ἐπεὶ
3373 2060 3432 2113 δὲ
3455 2061 3547 2115 τὸν
3572 2063 3716 2114 οἰνο-

2139 2158 2260 2230 χόον
2288 2157 2454 2212 αὑτοῦ
2483 2157 2790 2227 κατήχησε,
2812 2156 2934 2209 τότε
2959 2152 3267 2223 ὕπερζάσας
3289 2152 3481 2223 Νέρων
3505 2154 3573 2222 τῇ
3610 2169 3717 2219 μα-

2139 2248 2263 2317 νίᾳ,
2302 2246 2577 2316 ἀπέτεμεν
2640 2244 2829 2299 αὐτόν.
2893 2243 3157 2315 Ἀθυμίαν
3199 2241 3256 2297 δὲ
3314 2241 3569 2312 ἐμφαίνει
3628 2240 3722 2307 τὸ,

2140 2339 2372 2406 Πάντες
2407 2356 2484 2408 με
2534 2336 2928 2409 ἐγκατέλιπον
2946 2352 2962 2368 ·
2988 2335 3190 2389 ὡσανεὶ
3233 2334 3417 2404 ἐλεγν
3445 2333 3557 2388 Καὶ
3577 2334 3626 2385 οἱ
3645 2335 3721 2386 ol-

2141 2431 2277 2484 κεῖοί
2321 2448 2413 2500 μοι
2449 2431 2787 2501 προέδωκαν,
2826 2429 2923 2482 καὶ
2974 2428 3157 2498 πάσης
3202 2425 3505 2497 ἐστερήθην
3538 2442 3718 2494 παρα-

2145 2522 2364 2593 μυθίας.
2392 2524 2557 2578 Ὥστε
2611 2522 2707 2576 καὶ
2761 2522 2829 2576 σὺ
2862 2522 2921 2575 ἑν
2965 2520 3159 2582 δεινοῖς
3202 2517 3587 2587 καταλειφθεὶς
3623 2517 3720 2587 ἔχε

2143 2613 2499 2683 παραμυθίαν
2518 2614 2585 2667 sit
2611 2613 2733 2667 κατ’
2763 2614 2884 2682 ἐμὲ.

2213 2797 2309 2868 Μὴ
2341 2796 2545 2863 αὐτοῖς
2591 2797 2923 2867 λογισθείη.
2969 2795 3135 2867 Ὁρᾷς
3181 2796 3298 2861 πῶς
3338 2795 3581 2865 φείδεται
3610 2796 3721 2849 τῶν

2143 2892 2397 2956 οῖκείων;
2431 2890 2611 2944 καίτοι
2644 2890 2807 2961 ἔργον
2847 2890 3176 2962 εἰργάσαντο
3215 2889 3386 2943 δεινὸν
3426 2888 3477 2942 οῖ
3528 2890 3722 2942 οἰκεῖοι

2143 2984 2195 3036 οῖ
2241 2983 2511 3051 συνεργοὶ,
2559 2982 3023 3050 ἐγκαταλιπόντες
3066 2981 3246 3036 αὐτόν.
3301 2981 3375 3036 Οὐ
3422 2981 3531 3052 γάρ
3567 2982 3723 3035 ἐστιν

449 3095 576 3135 cum
605 3082 967 3136 deseruerunt
992 3090 1140 3132 eum.
1183 3076 1301 3130 Non
1337 3076 1482 3131 enim
1540 3077 1753 3144 aequale
1777 3076 2032 3139 habetur,

2146 3069 2261 3127 ἶσον
2307 3074 2457 3144 παρὰ
2482 3073 2593 3125 τῶν
2661 3072 2862 3137 ἔξωθεν
2906 3071 3407 3144 καταφρονηθῆναι,
3441 3072 3533 3125 καὶ
3566 3070 3734 3141 παρὰ

452 3171 522 3224 ab
549 3170 799 3225 externis
851 3168 1126 3223 contemni
1161 3173 1215 3221 et
1269 3165 1340 3220 ab
1373 3166 1588 3221 amicis.
1620 3167 1873 3219 Attamen
1917 3180 2033 3235 pre-

455 3268 617 3314 catur
641 3273 711 3314 ne
747 3259 895 3313 istud
926 3259 1232 3326 imputetur
1254 3257 1357 3319 eis,
1390 3256 1535 3324 apud
1560 3255 1729 3310 Deum
1760 3255 2032 3320 videlicet,

452 3365 577 3403 cum
607 3350 743 3404 alias
767 3364 1052 3420 peccatum
1080 3350 1154 3403 sit
1182 3350 1397 3418 ingens,
1422 3361 1485 3401 ac
1515 3347 1737 3416 dignum
1764 3348 1909 3418 quod
1931 3347 2034 3402 itu-

457 3448 702 3511 putetur.

525 3529 691 3585 Vitas.
731 3531 818 3585 i7.
859 3530 1119 3586 Dominus
1149 3540 1324 3586 autem
1362 3530 1494 3584 milti
1519 3531 1715 3585 astitit.
1753 3529 2035 3602 Discipulo

453 3619 604 3674 istud
646 3635 842 3676 rursus
865 3629 949 3676 est
973 3620 1171 3677 solatio
1199 3638 1213 3675 :
1244 3621 1488 3677 ostendit
1515 3622 1664 3676 enim
1705 3624 1850 3692 quod
1894 3624 2035 3679 Deus

455 3723 566 3762 ι.οη
595 3711 740 3763 sinat
768 3725 891 3763 eunt
924 3711 1112 3780 gravia
1170 3712 1417 3782 pericula
1477 3713 1776 3781 sustinere,
1824 3714 1916 3784 qui
1968 3714 2037 3769 ab

450 3798 769 3857 hominibus
785 3801 1209 3872 derelinquitttr.

522 3886 590 3941 Et
611 3890 931 3960 confortavit
964 3908 1064 3947 me.
1108 3892 1224 3947 Hoc
1248 3900 1354 3959 est,
1402 3893 1657 3949 ﬁduciam
1731 3892 1903 3962 dedit,
1936 3908 2036 3952 nec

456 3981 713 4049 permisit
740 3997 826 4036 me
848 3985 1233 4041 succumbere.

517 4071 687 4141 618
725 4070 792 4125 Ut
815 4089 908 4142 per
933 4090 1016 4128 me
1037 4075 1356 4143 pra'dicatio
1410 4077 1719 4147 impleatur.
1784 4076 2034 4136 Observa

449 4165 721 4229 ingentem
751 4164 874 4234 ejus
913 4166 1303 4225 humilitatem.
1334 4166 1452 4223 Non
1485 4171 1629 4225 enim
1654 4171 1801 4241 quod
1835 4172 2035 4241 dignus

446 4253 551 4307 sim
642 4253 764 4322 ejus
828 4256 999 4322 dono,
1089 4258 1425 4314 confortavit
1512 4277 1624 4329 me,
1681 4263 1883 4334 inquit,
1938 4266 2035 4321 sed

445 4352 505 4396 ut
534 4343 848 4412 pmdicatio
882 4364 976 4430 per
999 4365 1078 4403 me
1099 4351 1407 4419 impleatur,
1429 4352 1532 4407 hoc
1556 4362 1662 4419 est,
1694 4356 2028 4424 stat-iliatur,

2137 3163 2250 3217 τῶν
2274 3164 2513 3217 οἰκείων.
2556 3163 2699 3216 Ἀλλ’
2733 3164 2883 3233 ὅμως
2904 3163 3122 3233 εὔχεται
3155 3163 3231 3234 μὴ
3272 3162 3587 3233 λογισθῆναι
3621 3163 3722 3215 αὗ-

2136 3251 2247 3312 τοῖς
2270 3249 2448 3312 τοῦτο,
2485 3251 2638 3322 παρὰ
2672 3250 2792 3322 Θεῷ
2837 3250 3059 3322 δηλαδὴ,
3091 3249 3270 3315 ἄλλως
3320 3250 3627 3323 ἁμάρτημα
3658 3250 3723 3305 ὃν

2140 3339 2306 3410 μέγα,
2343 3341 2440 3396 καὶ
2468 3340 2619 3406 ἄξιον
2647 3342 2982 3411 λογίζεσθαι.

2220 3522 2384 3580 Ἀλλ’
2435 3524 2468 3576 ὀ
2519 3523 2736 3591 Κύριός
2781 3540 2883 3591 μοι
2936 3523 3231 3594 παρέστη.
3281 3523 3453 3577 Τοῦτο
3480 3521 3530 3558 ⁸⁸
3552 3523 3720 3580 πάλιν

2138 3617 2469 3689 παραμυθία
2492 3617 2570 3689 τῷ
2601 3618 2816 3688 μαθητῇ
2842 3633 2855 3647 ο
2893 3616 3132 3670 δείκνυσι
3163 3616 3294 3688 γὰρ,
3327 3616 3411 3669 ὅτι
3446 3615 3539 3671 τὸν
3564 3617 3723 3687 παρὰ

2137 3710 2439 3781 ἀνθρώπων
2496 3709 3029 3780 ὲγκαταλειπόμενον
3079 3708 3412 3780 οὐκριφίησί
3448 3724 3503 3763 τι
3545 3708 3724 3763 δεινὸν

2138 3802 2332 3856 παθεῖν
2370 3804 2400 3855 ὁ
2436 3801 2590 3865 Θεός.
3378 3834 3381 3835 ν

2205 3893 2311 3948 Kal
2333 3892 2857 3964 ὲνεδυνάμωσέμε.
2883 3893 3163 3958 Τευτέστι,
3184 3891 3501 3964 παρρησίαν
3528 3893 3723 3965 ἐχαρί-

2141 4001 2295 4050 σατο,
2327 3985 2429 4037 οὐκ
2468 3983 2647 4055 ἀφῆκε
2685 3984 3036 4038 καταπεσεῖν.

2208 4077 2333 4130 Ἵνα
2353 4074 2429 4128 δι’
2448 4074 2598 4145 ἐμοῦ
2633 4074 2699 4128 τὸ
2756 4072 3031 4142 κήρυγμα
3064 4074 3519 4144 πληροφορηθῇ.
3573 4075 3719 4146 Ὅρα

2137 4165 2235 4237 τὴν
2260 4166 2461 4237 πολλὴν
2521 4165 2691 4219 αὐτοῦ
2741 4168 3269 4238 ταπεινοφροσύνην.
3315 4169 3429 4237 Οὐχ
3462 4168 3540 4231 ὡς
3565 4167 3719 4234 ἄξιον

2137 4257 2267 4327 γὰρ,
2295 4257 2452 4328 φησὶ,
2477 4259 2658 4326 τυχεῖν
2680 4256 2780 4326 τῆς
2803 4256 3013 4326 δωρεᾶς
3058 4257 3434 4329 ἐνεδυνάμωσέ
3468 4274 3558 4328 με,
3590 4257 3716 4311 ἀλλ’

2137 4348 2238 4403 ἵνα
2285 4350 2352 4402 τὸ
2384 4348 2656 4417 κήρυγμα
2679 4347 2753 4400 δι’
2778 4347 2926 4417 ἐμοῦ
2987 4348 3441 4418 πληροφορηθῇ,
3469 4350 3718 4406 τουτέστι

446 4432 531 4485 vel
578 4433 647 4486 ad
684 4434 844 4489 linem
876 4439 1158 4505 perveniat
1215 4449 1270 4493 et
1306 4440 1600 4509 impleatur
1630 4461 1643 4496 :
1677 4447 2032 4513 quemadmo-

2146 4441 2438 4513 βεϐαιωθῇ,
2467 4441 2499 4510 ἢ
2527 4440 2608 4503 είς
2625 4441 2797 4510 πέρας
2821 4440 2947 4510 ἐλοῃ
2973 4442 3070 4492 καὶ
3100 4441 3361 4512 πληρωθῇ
3384 4457 3400 4474 ·
3428 4441 3617 4513 ὥσπερ
3645 4443 3720 4496 ἂν

446 4520 578 4574 dum
617 4523 662 4577 si
710 4523 838 4592 quis
860 4541 1160 4595 purpuram
1201 4543 1265 4583 ac
1285 4528 1536 4585 diadema
1599 4536 1805 4603 regium
1840 4547 2035 4607 gestet,

449 4624 515 4663 ac
543 4619 767 4680 propter
803 4616 917 4668 lazc
954 4624 1228 4670 servetur.

524 4697 590 4753 Et
610 4700 836 4754 audiant
865 4718 1045 4786 omnes
1077 4715 1284 4774 gentes.
1331 4705 1447 4762 lloc
1490 4717 1591 4773 est,
1633 4721 1690 4766 ut
1746 4715 2032 4786 perspicua

454 4788 548 4842 ﬁat
576 4800 631 4843 et
662 4789 814 4850 verbi
846 4784 1040 4861 gloria,
1073 4801 1128 4848 et
1161 4794 1360 4851 divinat
1412 4799 1771 4867 providentia:
1823 4784 1892 4859 de
1948 4820 2034 4861 me

444 4892 596 4932 cura.

517 4971 594 5022 Ac
618 4968 862 5025 liberabit
894 4988 973 5028 me
997 4990 1063 5029 ea:
1120 4992 1210 5031 ore
1237 4977 1424 5035 leonis.
1457 4980 1572 5036 Hoc
1619 4994 1724 5049 est,
1768 4983 2021 5044 Neronis.

446 5061 616 5117 Istum
640 5064 789 5117 enim
818 5063 1029 5120 leonem
1059 5069 1319 5138 appellat,
1366 5080 1590 5143 propter
1649 5075 1860 5146 imperii
1903 5080 2024 5148 ejus

445 5153 681 5206 mburet
717 5154 952 5211 invictas
981 5158 1151 5214 vires.
1186 5158 1319 5217 Vide
1342 5173 1525 5219 autent
1559 5181 1723 5237 quant
1766 5184 1959 5238 parum
1992 5186 2021 5226 a

446 5250 619 5299 morte
651 5240 909 5312 abfuerit,
943 5261 1069 5303 cum
1100 5249 1158 5304 in
1187 5250 1365 5307 leonis
1400 5253 1589 5312 fauces
1639 5258 1912 5314 inciderit.

411 5409 413 5413 ’
514 5416 679 5475 Vens.
709 5420 799 5476 18.
832 5419 899 5475 Ει
933 5422 1179 5479 liberabit
1202 5441 1282 5479 me
1310 5424 1570 5484 Dentium
1596 5429 1664 5483 ab
1700 5433 1844 5485 omni
1871 5448 2024 5501 opere

510 5690 555 5723 "
579 5693 931 5767 κηρύγματος
955 5716 1008 5757 o.
1086 5702 1131 5738 "
1161 5704 1323 5777 ὀξύνῃ
1356 5721 1430 5761 m.
1538 5706 1586 5739 ”
1612 5705 1721 5762 ἰδοὺ
1776 5723 1831 5767 0.

2140 4530 2275 4593 εἴτις
2305 4529 2597 4602 ἁλουργίδα
2625 4531 2720 4584 καὶ
2743 4529 2981 4602 διάδημα
3013 4530 3289 4601 βαστάζω,
3312 4533 3408 4587 καὶ
3423 4532 3511 4586 διὰ
3540 4532 3720 4586 ταῦτα

2141 4620 2390 4686 σώζοιτο.

2208 4711 2314 4766 Kal
2336 4710 2574 4779 ἀκούσῃ
2604 4709 2800 4767 πάντα
2825 4710 2897 4765 τὰ
2913 4711 3080 4779 ἔθνη.
3101 4710 3413 4780 Τουτέστιν,
3432 4713 3520 4767 ἵνα
3541 4714 3721 4769 κατά.-

2135 4801 2294 4871 δηλος
2320 4801 2457 4854 πᾶσι
2508 4800 2735 4870 γένηται
2793 4802 2889 4855 καὶ
2939 4802 3034 4855 τοῦ
3085 4804 3448 4873 κηρύγματος
3490 4804 3523 4875 ἡ
3560 4803 3712 4871 δόξα,

2137 4893 2230 4946 καὶ
2251 4892 2352 4960 τῆς
2380 4909 2447 4945 πε
2459 4892 2511 4963 pl
2534 4890 2635 4962 ἐμὲ
2666 4891 2922 4959 προνοίας
2951 4893 2984 4962 ὴ
3012 4892 3329 4961 κηδεμονία.

2202 4981 2307 5035 Καὶ
2340 4981 2639 5050 ἐρρύσατο
2668 4997 2745 5050 με
2780 4980 2849 5034 ἐκ
2888 4983 3186 5052 στόματος
3234 4983 3501 5050 λέοντος.
3543 4983 3717 5036 Τουτ-

2131 5072 2247 5124 ἐστι
2311 5072 2404 5125 τοῦ
2452 5072 2725 5142 Νέρωνος.
2772 5072 2977 5126 Λέοντα
3012 5072 3121 5144 γὰρ
3140 5073 3329 5128 τοῦτόν
3355 5091 3509 5146 φησι,
3533 5075 3622 5129 διὰ
3648 5075 3715 5129 ἰδ

2132 5162 2353 5233 ἰσχυρὸν
2412 5162 2579 5215 αὐτοῦ
2624 5162 2722 5232 τῆς
2787 5162 3065 5233 βασιλείας
3120 5163 3218 5218 καὶ
3252 5165 3713 5235 ὼεατάπληκτον.

2134 5253 2275 5323 Ὅρα
2302 5253 2358 5306 δὲ
2382 5252 2501 5316 πῶς
2526 5252 2678 5324 παρὰ
2720 5252 2918 5324 μικρὸν
2966 5249 3130 5323 ἦλθεν
3155 5254 3472 5321 ἀποθανεῖν,
3503 5257 3584 5318 είς
3612 5257 3717 5309 αὖ·

2129 5344 2221 5397 τὸν
2248 5345 2341 5399 τὸν
2373 5346 2632 5417 φάρυγγα
2669 5345 2765 5399 τοῦ
2801 5345 3016 5409 λέοντος
3043 5346 3324 5418 ἐμπεσών.

2200 5437 2311 5492 Kal
2351 5438 2605 5506 ῥύσεταί
2656 5453 2730 5508 με
2786 5440 2820 5492 ὁ
2866 5439 3080 5507 Κύριος
3117 5441 3235 5495 ἀπὸ
3282 5437 3509 5509 παντὸς
3529 5440 3713 5512 ἔργον

1786 5656 1789 5659 ν
1844 5607 2047 5673 Varia:
2078 5609 2404 5677 lectiones.
