4006 6214
461 294 562 358 147

1376 273 1954 362 THEOPHYLACTI
1995 300 2410 365 BULGABI/E
2433 303 2789 369 ARCHIEP.

3619 312 3735 376 148

532 405 697 462 Vens.
731 406 785 462 4.
828 405 944 462 Tito
974 409 1199 480 genuino
1242 409 1374 476 ﬁlio.
1413 408 1597 464 Potest
1626 411 1771 465 enim
1834 412 2037 480 aliquis

2219 415 2360 480 Titrp
2392 418 2623 485 γνησίῳ
2647 417 2856 484 τέκνῳ.
2893 418 3049 473 Ἔστι
3084 418 3194 489 γάρ
3230 421 3322 475 καί
3350 421 3539 477 τέκνον
3587 418 3733 478 εἶναι

458 514 582 553 esse
631 500 798 565 tilius,
864 499 958 553 sed
1004 514 1115 554 non
1178 499 1453 570 genuinus
1497 519 1513 556 :
1571 502 2037 571 quemadmodum

459 592 830 655 Christianus,
863 590 910 646 si
971 590 1296 655 fornicctur,
1344 601 1440 647 aut
1489 608 1694 650 avarus
1743 595 1842 659 sit,
1897 595 2042 651 ﬁlius

462 684 682 753 quidem
709 693 812 746 est,
848 691 1124 751 quatenus
1153 700 1220 739 ex
1270 684 1601 756 baptismate
1657 694 1885 743 renatus
1921 694 2040 741 est:

465 794 571 833 non
604 776 878 849 genuinus
938 787 1145 844 autem,
1197 779 1459 850 quoniam
1520 781 1686 836 Patre
1724 791 1810 836 est
1860 780 2044 851 indig-

463 887 586 925 IIIIS.

535 961 837 1017 Secundum
867 982 1198 1021 communem
1227 967 1406 1036 ﬁdem.
1438 966 1573 1022 Cum
1630 965 1812 1022 Titum
1872 965 2040 1020 {ilium

461 1056 824 1123 nominasset,
857 1058 1084 1130 ipseque
1122 1060 1296 1129 patris
1327 1059 1567 1115 ofﬁcium
1625 1061 2042 1128 assumpsisset,

463 1146 612 1201 hunc
645 1147 911 1203 honorem
951 1165 1151 1207 rursus
1174 1150 1490 1205 imminuit:
1550 1148 1731 1215 Nulla,
1761 1148 2043 1220 inquiens,

461 1240 516 1294 in
544 1255 601 1294 re
633 1247 687 1295 te
707 1240 939 1302 excelle,
976 1241 1125 1310 quod
1151 1241 1219 1295 ad
1261 1242 1421 1297 ﬁdem
1448 1242 1646 1298 attinet
1676 1261 1691 1300 :
1732 1242 2046 1298 communis

462 1332 612 1388 enim
647 1341 752 1398 est,
809 1344 864 1388 et
902 1348 1000 1404 per
1049 1333 1224 1404 ipsam
1283 1343 1450 1391 natus
1507 1349 1629 1391 sum
1660 1344 1716 1390 et
1746 1349 1847 1406 ego
1872 1343 1928 1391 et
1963 1341 2043 1388 tu.

463 1425 755 1492 Quomodo
777 1425 947 1497 igitur
986 1425 1157 1481 ﬁlium
1206 1424 1388 1497 ipsum
1438 1427 1646 1484 vocat?
1675 1425 1772 1484 Vel
1811 1426 1955 1492 ideo,
1987 1431 2048 1480 ut

462 1518 1025 1590 ostendatpaternum
1049 1535 1177 1592 erga
1218 1520 1399 1591 ipsum
1434 1520 1691 1577 affectum
1730 1538 1746 1575 :
1808 1519 1893 1576 vel
1919 1518 2046 1590 quia

463 1611 583 1681 ipse
641 1612 799 1667 illum
855 1611 1191 1683 baptismate
1249 1614 1498 1669 tinxerit.
1572 1613 1859 1681 Quatenus
1899 1613 2045 1670 enim

464 1702 655 1757 eadem
686 1702 937 1772 utrisque
973 1702 1133 1766 ﬁdes,
1164 1701 1367 1760 fratres
1391 1713 1521 1759 sunt
1547 1705 1693 1761 inter
1719 1720 1876 1761 sese:
1909 1719 2049 1775 qua-

2146 506 2241 557 καὶ
2275 506 2349 576 μὴ
2383 508 2629 574 γνήσιον,
2663 508 2738 572 ὡς
2774 510 2802 562 ὁ
2831 508 3029 579 πόρνος
3055 511 3461 584 Χριστιανὸς,ἢ
3492 514 3521 566 ὁ
3567 514 3730 567 πλεο-

2146 598 2366 681 νέκτης,
2395 601 2585 654 τέκνον
2617 600 2717 670 μὲν
2746 600 2871 654 καθ’
2899 600 2927 654 ὅ
2970 603 3306 674 ἀνεγεννήθη
3343 605 3399 658 ὲν
3427 604 3505 675 τῷ
3533 604 3734 672 βαπτί-

2148 708 2339 761 σματι,
2368 693 2431 746 ού
2463 694 2685 763 γνήσιον
2711 693 2788 758 δὲ,
2813 694 3001 765 ἐπειδὴ
3032 695 3250 760 ἀνάξιον
3283 696 3377 750 τοῦ
3410 698 3653 769 Πατρός.

2219 965 2381 1021 Κατὰ
2411 966 2627 1036 κοινὴν
2673 966 2900 1020 πίστιν.
2957 961 3145 1018 Εἰπὼν
3173 963 3264 1017 τόν
3306 963 3475 1031 Τίτον,
3517 965 3731 1028 τέκνον,

2096 1116 2101 1120 ,
2148 1059 2244 1112 καὶ
2277 1058 2482 1129 πατρὸς
2516 1056 2669 1124 τάξιν
2702 1058 2864 1120 αὐτὸς
2916 1055 3121 1118 λαϐὼν,
3163 1054 3326 1110 πάλιν
3377 1056 3472 1109 καὶ
3525 1056 3734 1123 ταύτην

2148 1151 2247 1222 τὴν
2272 1151 2439 1222 τιμὴν
2470 1150 2704 1217 ἐλαττοῖ,
2749 1149 2947 1219 λέγων,
2980 1152 3063 1203 ὅτι
3088 1148 3256 1204 Οὐδὲν
3303 1147 3413 1219 έχω
3444 1164 3539 1202 σου
3568 1149 3739 1202 πλέον

2149 1244 2294 1301 κατὰ
2322 1243 2424 1313 τὴν
2450 1244 2658 1309 πίττιν,
2682 1241 2838 1314 κοινὴ
2861 1243 2970 1314 γάρ
2992 1242 3131 1308 ἐστι,
3159 1241 3257 1296 καὶ
3282 1240 3350 1294 δι’
3372 1240 3546 1311 αὐτῆς
3574 1241 3741 1310 κάγὼ

2149 1335 2379 1408 ἐτέχθην
2402 1337 2501 1391 καὶ
2535 1335 2623 1390 σύ.
2648 1334 2773 1398 Πῶς
2801 1330 2893 1390 οὖν
2921 1334 3123 1389 τέκνον
3141 1334 3304 1389 αὑτὸν
3326 1332 3516 1400 καλεῖς
3545 1336 3613 1387 Ἦ
3643 1335 3735 1388 ἵνα

2148 1427 2367 1501 δηλώσῃ
2396 1427 2497 1500 τὴν
2526 1426 2936 1498 φιλοστοργίαν,
2972 1426 3006 1497 ἢ
3042 1426 3177 1480 διότι
3196 1426 3373 1491 ἀὐτὸς
3404 1426 3567 1480 αὐτὸν
3601 1425 3738 1480 ἐϐά-

2150 1539 2334 1579 πτισε.
2373 1520 2514 1577 Καθ’
2542 1521 2572 1575 ὃ
2603 1520 2705 1591 μὲν
2744 1519 2912 1592 γὰρὴ
2956 1519 3096 1590 αὐτὴ
3138 1518 3321 1583 πίστις
3371 1517 3733 1590 ἀμφοτέροις,

2152 1616 2372 1685 ἀδελφοὶ
2400 1614 2674 1685 ἀλλήλων.
2725 1612 2866 1666 Καθ’
2888 1611 2917 1665 ὃ
2943 1610 3002 1665 δὲ
3037 1608 3255 1673 Παῦλος
3300 1611 3394 1663 τὸν
3423 1611 3582 1663 Τίτον
3607 1608 3743 1662 ἐϐά-

2154 1724 2334 1771 πτισε,
2365 1705 2572 1775 πατήρ.
2602 1704 2678 1767 Τὸ
2703 1702 2748 1757 δ’
2768 1702 2884 1767 οὖν,
2912 1701 3064 1758 κατὰ
3102 1702 3217 1770 τὴν
3248 1701 3465 1770 κοινὴν
3501 1701 3741 1767 πίστιν,

463 1800 629 1846 tenus
660 1804 793 1845 vero
831 1788 1037 1847 Paulus
1067 1789 1251 1846 Titum
1295 1791 1614 1862 baptizarit,
1660 1800 1837 1863 pater.
1890 1790 2045 1858 Quod

2163 1798 2253 1870 τὴν
2278 1798 2621 1869 ἀδελφότητα
2641 1796 2815 1868 δηλοῖ.

474 1882 650 1949 igitur
682 1880 965 1953 ait,iu:rta
1014 1899 1346 1938 communem
1402 1882 1584 1953 ﬁdem,
1639 1882 2043 1939 fraternitatem

465 1973 699 2030 indicat.

539 2068 749 2135 Gratia,
783 2067 1180 2133 misericordia,
1220 2084 1350 2140 pax,
1384 2086 1416 2123 a
1470 2068 1580 2125 Deo
1616 2068 1798 2135 Patre,
1828 2076 1880 2122 et
1937 2066 2047 2121 Do-

468 2160 613 2215 mino
644 2158 774 2215 Iesu
805 2158 1043 2224 Christo,
1073 2159 1352 2215 Serratore
1393 2168 1598 2215 nostra.
1633 2158 1712 2227 Ex
1747 2159 1855 2214 hoc
1880 2158 2046 2214 etiam

470 2252 873 2308 fraternitatem
926 2251 1194 2320 declarat,
1226 2267 1350 2307 cum
1386 2252 1483 2319 ait,
1537 2268 1569 2305 a
1599 2250 1709 2305 Dee
1736 2250 1923 2313 Patre.
1949 2263 2050 2303 ex-

465 2345 714 2416 citatque
776 2344 959 2400 Titum
1033 2352 1092 2398 ut
1153 2343 1480 2400 recordetur
1526 2342 1687 2413 cujus
1732 2343 1806 2398 sit
1880 2339 2048 2405 ﬁlius,

469 2453 665 2508 nempe
691 2436 810 2493 Dei.
848 2436 1241 2493 Animadverte
1271 2444 1455 2492 autem
1489 2434 1600 2500 hic,
1629 2433 1909 2505 quomodo
1928 2447 2052 2503 qua:

470 2532 702 2602 privatis
784 2540 1030 2604 exoptet,
1102 2531 1293 2587 eadem
1361 2544 1587 2602 quoque
1661 2534 2049 2598 comprecatur

467 2625 729 2696 episcopo
755 2638 821 2679 ac
873 2623 1114 2678 doctori.
1147 2622 1322 2693 Magis
1360 2623 1508 2677 enim
1566 2625 1685 2691 ipse
1745 2618 1916 2689 gratia
1952 2616 2048 2671 Dei

468 2714 701 2785 indiget,
729 2722 788 2768 ut
814 2714 915 2784 qui
940 2713 1111 2768 multa
1142 2725 1315 2768 onera
1344 2711 1554 2781 bajulet
1581 2727 1595 2765 :
1642 2717 1697 2765 et
1736 2707 2053 2764 misericor-

469 2805 583 2870 dia,
615 2805 793 2876 utqui
844 2805 1036 2861 multis
1064 2806 1138 2860 sit
1192 2803 1507 2860 obnoxius:
1544 2809 1601 2857 et
1648 2814 1809 2872 pace,
1862 2806 1924 2853 ut
1956 2797 2051 2867 qui

469 2898 648 2954 turbis
671 2906 726 2955 et
772 2897 1082 2954 innumeris
1117 2897 1244 2953 telis
1298 2898 1621 2968 impetatur.
1676 2892 1851 2949 Unica
1902 2891 2049 2945 enim

470 3007 562 3047 res
580 2991 721 3048 bene
738 2997 893 3057 gesta
921 2989 1239 3060 episcopum
1264 2988 1333 3043 ad
1355 2990 1556 3045 caelum
1581 2985 1785 3051 evehit,
1804 2992 1858 3036 et
1882 2997 2051 3037 unum

469 3091 760 3153 peccatum
790 3083 1025 3137 eundem
1057 3079 1126 3133 ad
1152 3079 1365 3133 inferos
1388 3074 1633 3132 deducit.

2223 2073 2436 2143 Χάρις,
2475 2074 2682 2139 ἕλεος,
2728 2069 2940 2140 είρήνη
2987 2068 3105 2124 ἀπὸ
3154 2065 3304 2122 Θεοῦ
3351 2063 3605 2133 Πατρός,
3637 2076 3747 2116 και

2152 2168 2375 2238 Κυρίου
2413 2163 2621 2233 Ἰησοῦ
2649 2160 2910 2231 Χριστοῦ
2937 2158 3045 2214 τοῦ
3073 2157 3371 2228 [Σωτῆρος
3401 2152 3592 2224 ἡμῶν.
3625 2152 3737 2207 Καὶ

2152 2263 2219 2315 ἐκ
2246 2259 2439 2315 τούτου
2458 2259 2505 2292 ⁸⁸
2533 2257 2632 2328 τὴν
2654 2254 2997 2324 ἀδελφότητα
3014 2251 3290 2305 δείκνυσιν
3323 2250 3387 2302 ὲκ
3410 2246 3506 2302 τοῦ
3537 2248 3743 2309 εἰπεῖν,

2157 2352 2306 2408 Θεοῦ
2335 2350 2586 2417 Πατρός,
2617 2348 2710 2402 καὶ
2755 2345 3022 2414 διαναστᾷ
3058 2342 3151 2396 τὸν
3203 2340 3386 2405 Τίτον,
3415 2338 3559 2392 ὥστε
3605 2339 3738 2392 ἁνα-

2160 2445 2467 2518 μνησθῆναι
2497 2442 2646 2505 τίνος
2700 2438 2849 2492 ἐστὶν
2902 2437 3053 2499 Υἰδς,
3088 2436 3182 2489 καὶ
3213 2435 3295 2488 ὅτι
3326 2431 3482 2487 Θεοῦ.
3508 2431 3651 2501 Ὅρα
3678 2431 3741 2483 δὲ

2156 2537 2274 2600 πῶς
2305 2534 2343 2590 ἆ
2384 2536 2496 2596 τοῖς
2531 2529 2769 2592 ἰδιώταις
2806 2527 3119 2597 ἐπεύχεται,
3153 2522 3327 2576 ταῦτα
3370 2522 3465 2575 καὶ
3495 2521 3573 2588 τῷ
3610 2520 3737 2571 ἑπι-

2157 2628 2347 2697 σκόπῳ
2377 2625 2472 2678 καὶ
2502 2620 2830 2691 διδασκάλῳ.
2863 2618 3083 2673 Μᾶλλον
3112 2616 3223 2686 γὰρ
3250 2614 3413 2676 αὐτὸς
3431 2612 3602 2665 δεῖται
3635 2609 3739 2678 τῆς

2155 2720 2378 2792 χάριτος
2397 2712 2491 2769 τοῦ
2509 2713 2666 2776 Θεοῦ,
2685 2714 2780 2767 ἆτε
2799 2710 2971 2765 πολλὰ
2997 2708 3138 2780 βάρη
3163 2705 3445 2778 βαστάζων
3459 2715 3479 2735 ⁸
3510 2702 3610 2756 καί
3637 2699 3743 2754 τοῦ

2155 2811 2366 2876 ἐλέους,
2398 2810 2473 2872 ὡς
2507 2805 2725 2868 πολλοῖς
2759 2805 2940 2874 ἔνοχος
2970 2800 3048 2854 ὢν
3073 2817 3088 2833 ο
3125 2799 3220 2853 καὶ
3248 2798 3347 2868 τῆς
3379 2795 3625 2867 εἰρήνης,
3660 2793 3739 2856 ὡς

2156 2905 2213 2956 ἐν
2256 2902 2526 2973 ταραχαῖς
2555 2899 2650 2952 καὶ
2707 2896 2923 2967 μυρίοις
2975 2892 3232 2961 πολέμοις
3261 2889 3334 2944 ⁸⁸.
3378 2887 3489 2942 Καὶ
3534 2885 3643 2954 γὰρ
3675 2882 3736 2936 ἒν

2156 2993 2491 3065 κατόρθωμα
2543 2991 2635 3043 τὸν
2665 2989 2966 3044 ἐπίσκοπον
3003 2986 3083 3049 εἰς
3120 2983 3214 3036 τὸν
3254 2980 3483 3052 οὐρανὸν
3519 2976 3736 3044 ἀνάγει,

2159 3087 2252 3141 καί
2284 3085 2340 3139 ἓν
2373 3084 2676 3155 ἁμάρτημα
2704 3082 2783 3143 εἰς
2805 3080 2898 3133 τὸν
2927 3077 3062 3150 ᾅδην
3089 3076 3345 3143 κατάγει.

543 3173 715 3229 Vnus.
749 3171 802 3227 5.
838 3170 1020 3241 Hujus
1045 3169 1124 3224 rei
1150 3170 1329 3240 gratia
1361 3168 1555 3238 reliqui
1583 3176 1634 3222 te
1684 3169 1739 3221 in
1782 3166 1963 3229 Creta,
1995 3172 2053 3216 ut

2230 3152 2458 3231 Τούτου
2699 3167 3028 3225 κατέλιπόν
3052 3181 3127 3220 σε
3161 3165 3235 3219 ἐν
3266 3162 3486 3233 Κρήτῃ,
3518 3160 3620 3214 ἵνα
3664 3156 3741 3211 τὰ

472 3280 590 3339 qua:
639 3262 855 3325 desunt,
887 3260 1147 3331 corrigas.
1211 3257 1687 3326 Quemadmodum
1743 3257 1798 3311 in
1845 3254 2053 3309 familia

472 3356 830 3428 quidiversis
882 3352 1210 3410 ministeriis
1257 3360 1526 3421 praesunt,
1580 3348 1799 3404 diversa
1850 3354 2053 3419 agunt;

475 3449 626 3503 hunc
664 3447 732 3504 ad
766 3446 992 3501 modum
1024 3454 1078 3500 et
1108 3444 1199 3499 isti
1227 3442 1387 3497 aliam
1434 3442 1580 3496 alius
1637 3440 1792 3495 orbis
1844 3446 2055 3509 partem

474 3538 833 3594 distributam
864 3536 1163 3598 habebant,
1184 3547 1490 3601 omnesque
1515 3531 1908 3601 operabantur.
1943 3527 2058 3582 Hoc

475 3633 647 3703 igitur
668 3638 723 3687 et
755 3629 845 3685 hic
876 3629 1044 3685 tacite
1066 3625 1301 3689 indicat,
1333 3639 1458 3679 cum
1489 3623 1661 3678 dicit:
1692 3622 1902 3691 Reliqui
1928 3630 1975 3674 te
2005 3621 2059 3675 in

477 3721 660 3789 Creta,
733 3732 1003 3791 tanquam.
1064 3717 1324 3773 videlicet
1382 3717 1511 3786 ipse
1545 3715 1655 3770 alio
1720 3711 2057 3785 praedicandi

477 3816 653 3886 gratia
681 3816 1070 3871 concessisset.
1108 3812 1503 3867 Animadverte
1557 3816 1741 3864 autem
1783 3807 2059 3879 quomodo

475 3923 590 3965 non
632 3907 929 3964 erubescat
982 3905 1228 3961 scribere
1284 3902 1576 3973 discipulo,
1653 3900 1727 3957 Ut
1787 3900 2056 3969 corrigas,

476 4000 759 4071 immicus.
794 4012 916 4070 qua:
943 4011 1048 4066 ego
1083 3993 1446 4067 praetermisi.
1468 3992 1551 4047 Ad
1594 3989 1877 4061 publicqu
1911 3988 2058 4043 enim

477 4091 829 4147 commodum
859 4090 1167 4161 spectabat,
1200 4101 1310 4142 nou
1345 4084 1412 4140 ad
1457 4084 1731 4156 privatum
1762 4079 2058 4135 honorem.

480 4180 722 4238 Observa
757 4195 923 4252 porro
944 4179 1221 4250 quomodo
1260 4192 1384 4247 quae
1436 4174 1656 4231 labores
1702 4171 1982 4228 habebant
2006 4177 2064 4226 et

482 4274 817 4340 certamina,
836 4273 957 4345 ipse
985 4287 1084 4344 per
1128 4286 1255 4328 sese
1299 4268 1653 4338 corrigebat:
1720 4278 1842 4335 quae
1874 4271 2061 4316 autem

482 4366 567 4422 vel
592 4365 861 4422 honorem
899 4363 982 4420 vel
1003 4362 1222 4419 laudem
1258 4357 1604 4422 adferebant,
1649 4354 1755 4411 ista
1786 4351 2061 4421 discipulo

478 4457 648 4529 626
695 4454 1024 4520 committit,
1078 4453 1464 4523 episcoporum
1506 4446 1770 4502 nimirum
1829 4444 2056 4497 nrdina-
2090 4489 2134 4545 ο

482 4550 687 4609 tiones,
749 4551 806 4599 et
871 4542 979 4597 alia
1043 4554 1391 4612 quacunque
1460 4536 1656 4607 majori
1714 4533 2059 4604 perfectione

480 4635 833 4708 indigebant.

547 4730 620 4782 Et
649 4726 941 4783 constituas
957 4740 1052 4796 per
1079 4724 1324 4778 ciuitates
1386 4721 1742 4792 presbyteros,
1800 4722 1934 4775 sicut
1967 4732 2061 4787 ego

482 4818 728 4886 disposui
766 4817 882 4872 tibi.
918 4815 1225 4885 Episcopos
1246 4813 1337 4869 hic
1379 4813 1476 4875 ait,
1520 4809 1978 4882 quemadmodum
2004 4809 2062 4862 in

485 4907 733 4979 Epistola
756 4907 825 4962 ad
852 4905 1228 4961 Timotheum.
1257 4905 1363 4961 Per
1381 4898 1623 4960 civitates
1649 4910 1832 4957 autem
1859 4899 2058 4970 inquit.

485 4998 672 5057 Noluit
702 4999 851 5055 enim
889 4998 1205 5053 universam
1262 4997 1500 5052 insulam
1555 4994 1647 5051 uni
1708 4991 2061 5050 commissam

486 5108 636 5160 esse,
663 5091 759 5149 sed
788 5090 1096 5162 quamlibet
1129 5091 1319 5146 urbem
1348 5094 1629 5161 propriqu
1653 5086 1858 5143 habere
1874 5095 2063 5154 pasto-

489 5199 631 5241 rem.
667 5180 763 5239 Sic
791 5182 938 5238 enim
972 5188 1028 5237 et
1057 5181 1210 5238 labor
1239 5181 1415 5238 levior
1435 5188 1604 5245 esset,
1648 5188 1705 5235 et
1753 5193 1886 5235 cura
1934 5192 2064 5234 esa-

485 5276 656 5334 clior.

565 5366 739 5426 Vens.
771 5367 827 5424 6.
854 5365 916 5424 Si
948 5366 1071 5438 quis.
1097 5365 1213 5420 sine
1240 5364 1458 5419 crimine
1493 5372 1594 5419 est.
1620 5361 1677 5418 Si
1706 5362 1773 5417 ab
1818 5375 2062 5417 accusa»-

490 5457 640 5518 tione
666 5460 896 5518 liberam
931 5461 1098 5517 vitam
1155 5456 1328 5522 ducit,
1392 5457 1439 5512 si
1497 5470 1656 5512 nemo
1706 5454 1834 5525 ejus.
1880 5467 2064 5508 mores

2156 3264 2521 3319 ἐλλείποντα
2575 3260 2992 3328 ἐπιδιορθώσῃ.
3043 3258 3257 3327 Ὥσπερ
3304 3256 3363 3308 ὲν
3396 3253 3543 3323 οἰκίᾳ
3579 3248 3739 3310 ἄλλος

2157 3358 2285 3414 ἄλλο
2308 3375 2361 3411 τι
2392 3355 2623 3426 πράττει
2656 3352 2768 3406 τῶν
2811 3353 2934 3414 ταῖς
2982 3347 3280 3410 διακονίαις
3335 3341 3743 3415 ἐφισταμένων,

2158 3451 2301 3505 οὕτω
2339 3449 2435 3503 καί⁸
2488 3441 2635 3502 οὗτοι
2662 3486 2677 3510 ,
2708 3444 2865 3508 ἄλλος
2902 3442 3030 3498 ἄλλο
3088 3441 3251 3511 μέρος
3281 3439 3378 3507 τῆς
3412 3433 3750 3503 οἰκουμένης

2159 3544 2520 3613 διενείμαντο,
2545 3540 2640 3594 καί
2678 3539 2881 3599 πάντες
2923 3534 3262 3603 εἰργάζοντο,
3297 3529 3469 3583 Τοῦτο
3511 3525 3604 3580 οὖν
3645 3524 3752 3577 καί⁵

2161 3635 2396 3690 ἐνταῦθα
2434 3632 2730 3686 αἰνίττεται
2756 3628 2845 3682 διὰ
2881 3626 2976 3679 τοῦ
3018 3626 3192 3677 εἰπεῖν
3220 3642 3238 3657 ·
3292 3619 3628 3676 Κατέλιπὸν
3664 3628 3748 3668 σε

2160 3728 2231 3782 ἐν
2267 3725 2492 3794 Κρήτῃ,
2524 3724 2601 3787 ὡς
2627 3721 2790 3783 αὐτὸς
2817 3717 3019 3789 δηλαδὴ
3058 3711 3292 3785 ἀλλαχοῦ
3339 3707 3611 3771 ἀπελθὼν,
3649 3707 3751 3758 ἵνα

2162 3821 2282 3872 ἐκεῖ
2314 3816 2640 3888 ἐργάζηται.
2692 3812 2835 3882 Ὅρα
2883 3808 2939 3862 δὲ
2992 3806 3109 3871 πῶς
3141 3807 3242 3860 οὐκ
3289 3801 3603 3874 αἰσχύνεται
3662 3797 3749 3866 τῷ

2165 3911 2382 3984 μαθητῇ
2408 3897 2659 3979 γράφων,
2694 3903 2763 3958 ἵν’
2791 3898 3158 3973 ιπιδιορθώσῃ
3184 3897 3254 3951 τὰ
3296 3895 3427 3965 παρ’
3460 3889 3601 3984 ἐμοῦ
3648 3888 3751 3984 ιλς

2161 3979 2477 4071 λειφθέντα.
2539 3995 2685 4069 Πρὸς
2728 3994 2838 4066 γὰρ
2889 3992 2953 4045 τὸ
2999 3990 3177 4044 κοινὸν
3222 3985 3414 4056 κέρδος
3475 3980 3642 4071 ἑώρα,
3679 3979 3752 4071 ού

2163 4069 2303 4164 προς
2333 4089 2434 4163 τὴν
2465 4088 2673 4143 οἰκείαν
2715 4086 2905 4156 τιμήν.
2940 4082 3146 4137 Σκόπει
3185 4077 3243 4132 δὲ
3271 4077 3368 4131 καὶ
3400 4076 3548 4137 ὅπως
3575 4069 3753 4164 suis

2163 4162 2369 4247 κόπους
2393 4182 2438 4214 ⁸⁷
2466 4176 2581 4252 εἶχε
2628 4178 2726 4233 καὶ
2754 4175 2997 4246 ἀγῶνας,
3044 4170 3208 4234 αὐτὸς
3255 4166 3574 4237 κατώρθουο
3606 4162 3643 4217 ἆ
3686 4162 3750 4215 δὲ

2164 4277 2301 4348 πρὸς
2335 4274 2504 4346 τιμὴν
2530 4273 2725 4344 ἔφερον
2771 4270 2805 4342 ἢ
2850 4268 3093 4332 ἔπαινον,
3115 4262 3291 4319 ταῦτα
3337 4259 3625 4330 ἐπιτρέπει
3661 4256 3753 4324 τῷ

2168 4368 2409 4440 μαθητῇ,
2448 4364 2559 4418 τῶν
2591 4362 2909 4417 ἐπισκόπων
2936 4360 3084 4429 λέγω
3113 4358 3211 4420 τὰς
3258 4350 3618 4426 χειροτονίας,
3650 4350 3754 4404 καὶ

2166 4457 2356 4521 τᾶλλα,
2386 4456 2488 4509 ὅσα
2511 4454 2684 4508 ἐδεῖτο
2708 4450 2952 4515 πλείονος
2986 4446 3383 4521 καταρτισμοῦ.

2241 4713 2349 4769 Καὶ
2381 4711 2772 4777 καταστήσῃς
2807 4705 2959 4761 κατὰ
3004 4705 3216 4770 πόλεις
3262 4697 3745 4771 πρεσϐυτέρους,

2168 4807 2249 4873 ὡς
2293 4802 2408 4874 ἐγώ
2449 4817 2547 4856 σοι
2579 4796 2962 4867 διεταξάμην.
3022 4796 3163 4859 Τοὺς
3192 4792 3527 4854 ἐπισκόπους
3569 4787 3756 4851 οὕτως

2171 4895 2409 4952 ἐνταῦθα
2437 4911 2623 4966 φησιν,
2654 4891 2730 4955 ὡς
2762 4890 2857 4944 καὶ
2887 4891 2946 4942 ὲν
2973 4890 3042 4959 τῇ
3071 4887 3206 4957 πρὸς
3245 4884 3534 4955 Τιμόθεον.
3580 4879 3756 4934 Κατὰ

2168 4991 2378 5054 πόλεις
2403 4986 2461 5039 δέ
2491 5001 2676 5056 φησιν.
2710 4982 2786 5037 Ού
2813 4981 2922 5051 γὰρ
2944 4978 3196 5033 ἐϐούλετο
3236 4978 3416 5031 πᾶσαν
3453 4973 3552 5044 τὴν
3580 4971 3753 5040 νῆσον

2167 5079 2559 5151 ἐπιτετράφθαι
2590 5075 2693 5141 ἐνὶ,
2725 5074 2839 5129 ἀλλ’
2867 5072 3106 5140 ἑκάστην
3156 5069 3314 5123 πόλιν
3351 5068 3482 5121 ἴδιον
3508 5062 3761 5133 ποιμένα

2168 5175 2335 5244 ἔχειν.
2359 5170 2516 5225 Οὕτω
2541 5169 2652 5238 γὰρ
2675 5169 2769 5221 καὶ
2798 5168 2826 5219 ὁ
2852 5164 3013 5228 πόνος
3044 5162 3395 5232 κουφότερος,
3428 5158 3524 5213 καὶ
3546 5158 3580 5227 ἠ
3616 5156 3753 5208 ὲπιυ

2173 5266 2365 5336 μέλεια
2398 5259 2794 5331 ἀκριϐεστέρα.

2245 5357 2318 5412 EI
2354 5356 2443 5421 τίς
2486 5355 2657 5408 ἐστιν
2706 5351 3100 5421 ἀνέγκλητος.
3122 5349 3186 5402 Εἰ
3219 5341 3553 5416 κατηγορίας
3588 5339 3751 5392 ἐλεύ-

2175 5451 2333 5522 θερον
2368 5445 2468 5519 ἔχῃ
2491 5445 2583 5499 τὸν
2615 5442 2753 5514 βίον,
2784 5444 2834 5496 εἰ
2876 5442 3067 5513 μηδεὶς
3092 5437 3388 5493 ἐπελάϐετο
3420 5437 3519 5506 τῆς
3544 5434 3756 5504 διαγων-

1828 5635 2033 5700 νοιὶω
2059 5634 2391 5699 lectiones.

562 5742 612 5778 ⁸³
639 5743 749 5799 ἰδοὺ
784 5743 878 5801 καὶ
904 5745 972 5799 ἐκ
999 5743 1190 5799 τούτου
1230 5759 1309 5799 In.
1381 5744 1434 5777 ’⁸ο
1448 5743 1715 5817 ταραχαῖς
1750 5741 1977 5813 μυρίαις
2010 5740 2106 5796 καὶ
2134 5738 2388 5813 θορύϐοις
2409 5752 2463 5793 ο.
2541 5734 2586 5768 ⁸⁷
2616 5732 2814 5797 πόνους
2837 5746 2894 5788 0.
