4006 6214
437 271 543 340 153

1236 287 1643 355 EXPOSITIO
1670 297 1750 359 IN
1794 300 2034 364 EPIST.
2075 304 2173 364 AD
2210 305 2478 371 TlTUM.
2516 333 2589 345 --
2616 311 2779 378 CAP.
2817 314 2870 376 Ι.

3574 324 3679 392 154

433 407 567 445 ποτε
588 389 655 444 in:
681 392 791 446 τῶν
826 392 1095 466 Ἑλλήνων
1124 398 1297 471 ἧγαγε
1338 408 1664 478 μαρτυρίαν,
1699 412 1793 465 καὶ
1847 413 2003 465 ἔπαι-

2113 415 2227 478 hic,
2283 432 2507 474 curnam
2555 436 2621 476 ex
2673 423 2877 482 Graecis
2931 426 3303 487 testimonium
3367 437 3675 502 protulerit.

430 484 516 535 νεῖ
532 482 717 553 αὐτὴν,
748 483 845 537 καὶ
876 486 1048 540 ταῦτα
1064 488 1139 562 μὴ
1169 492 1351 558 καλῶς
1385 495 1651 566 ἔχουσαν;
1693 500 1811 554 Ἔτι
1833 520 1892 555 τε
1923 504 2005 568 τίς

429 576 655 670 ἐνταῦτα
691 579 966 665 είρηκιῦςς
1020 584 1078 638 '0
1134 586 1237 657 μὲν
1283 588 1376 645 οὗν
1431 593 1668 665 εἰρηκὼς
1728 599 2008 670 Ἐπιμενίε

428 664 528 760 δης
549 669 716 734 ἐστὶν,
757 671 817 723 ὲν
841 664 956 737 τοῖς
979 676 1216 743 μάλιστα
1236 679 1345 734 τῶν
1370 664 1503 755 napi
1549 688 1776 760 Ἕλλησι
1823 664 2004 760 σοφῶν

427 755 707 827 θειασμοῖς
739 762 833 814 καὶ
864 763 1329 839 ἁποτροπιασμοῖς
1353 779 1653 848 προσέχων,
1679 784 1772 837 καὶ
1806 801 2002 853 μαντι-

427 847 534 916 κὴν
558 848 731 904 δοκῶν
758 856 1082 925 κατορθοῦν.
1108 853 1278 926 Οὗτος
1298 860 1392 919 οῦν
1427 869 1570 939 ὁρῶν
1595 874 1720 936 τοὺς
1776 876 2000 946 Κρῆτας

422 939 594 1033 ταφον
614 940 985 1033 δειμαμένους
1013 951 1089 1020 τῷ
1128 953 1233 1017 Διῒ,
1294 958 1386 1009 καὶ
1445 962 1722 1033 τιμῶντας
1772 939 1847 1032 ὡς
1889 939 1998 1024 ’ἕνα

422 1028 532 1081 τῶν
556 1032 879 1103 ἀνθρώπων,
911 1038 1150 1111 ὡσπερεὶ
1178 1047 1429 1116 ζηλώσας
1460 1054 1600 1125 ὑπὲρ
1653 1058 1746 1112 τοῦ
1794 1062 1994 1115 οἰκείου

419 1121 579 1185 Θεοῦ,
610 1126 833 1180 τοιαῦτα
868 1131 1003 1200 πρὸς
1031 1134 1135 1206 τὸν]
1162 1138 1258 1192 Δία
1278 1146 1455 1195 ποιεῖ’
1486 1148 1547 1201 Ol
1566 1150 1693 1203 τάδε
1724 1153 1820 1205 καὶ
1870 1157 1993 1210 τάδε

416 1211 826 1285 δντεςΚρῆτες,
856 1220 1061 1290 τύμϐον
1098 1244 1181 1281 σοι
1211 1229 1545 1305 ὲδομήσαντο
1578 1256 1592 1269 ο
1631 1242 1702 1296 Σὺ
1732 1244 1776 1296 δ’
1801 1247 1863 1299 ού
1901 1247 1997 1302 θά-

414 1318 530 1397 νες,
564 1306 683 1360 ὲσσὶ
712 1310 822 1378 γὰρ
851 1313 957 1364 αἰεί
984 1315 1051 1369 ⁷³.
1083 1316 1267 1392 Ταύτῃ
1302 1328 1368 1395 τῇ
1398 1332 1589 1397 χρήσει
1637 1333 1731 1385 νῦν
1778 1338 1805 1389 ὁ
1839 1339 1990 1392 Παῦ-

413 1394 510 1460 λος
538 1408 949 1474 προσμαρτυρεῖ
976 1408 1251 1478 ἀλήθειαν.
1299 1418 1421 1479 Πῶς
1464 1417 1558 1475 οῦν
1602 1426 1759 1480 τοῦτο
1803 1434 1990 1498 ποιεῖς

411 1489 465 1587 εί
529 1489 891 1587 γὰρ-αληθῶς
939 1497 1174 1570 εἴρηται,
1198 1506 1290 1558 καὶ
1339 1509 1367 1560 ὀ
1419 1512 1553 1575 Ζεὺς
1592 1516 1700 1586 ἄρα
1721 1489 1988 1587 ἀθάνατός

410 1577 587 1632 ἐστιν.
630 1581 768 1634 Ἀλλ’
796 1586 856 1636 οὐ
881 1587 1018 1659 πρὸς
1048 1589 1208 1645 τοῦτο
1242 1592 1458 1666 βλέπων
1490 1577 1743 1679 εἶπεντὴν
1780 1628 1986 1684 μαρτυ-

410 1670 773 1775 ρίανάλρθῆ,
807 1676 927 1732 ἀλλ’
946 1680 1026 1733 ὅτι
1058 1682 1298 1752 ψεύστας
1327 1693 1418 1743 καὶ
1447 1693 1614 1750 τᾶλλα
1659 1670 1793 1764 τοὺς,
1837 1670 1986 1775 Ιξρῆ-

408 1778 511 1824 τας
536 1763 788 1822 ἐκάλεσε.
815 1769 925 1823 Καὶ
946 1772 1031 1837 τίς
1057 1775 1217 1845 χρεία
1269 1779 1588 1857 Ἑλληνικῆς
1631 1763 1983 1865 μαρτυρίιίςξ

406 1856 863 1962 Μάλισταρῦῖως
898 1867 1096 1934 αὐτοὺς
1133 1872 1447 1946 ὲνέτρεπεν,
1473 1856 1684 1938 οῖιιοθεν
1706 1856 1983 1962 τὴν-μαρξ

409 1948 738 2048 τυρίανμτθῖὲς
766 1952 974 2048 ῦόρεως
1007 1962 1100 2014 καὶ
1133 1964 1198 2017 ἐκ
1219 1966 1327 2019 τῶν
1355 1971 1501 2025 ίδίων
1530 1975 1715 2040 αὐτοῖς
1742 1948 1984 2048 τὲρὲδάὶ-

409 2036 540 2142 λων.
563 2039 745 2142 fimi):
778 2045 836 2099 δὲ
866 2048 1028 2103 τοῦτο
1057 2058 1231 2110 ποιεῖν
1267 2059 1297 2112 ό
1352 2062 1586 2132 Παῦλος,
1644 2036 1832 2142 ὥσπερ
1891 2075 1986 2128 καὶ

414 2131 532 2192 τοῖς
563 2131 869 2228 ’λθτγναίοις
898 2140 1007 2195 ἀπὸ
1043 2144 1140 2197 τοῦ
1175 2147 1406 2220 ’Δράτου
1436 2154 1683 2228 διελέχθη
1720 2174 1732 2189 ⁸
1769 2131 1812 2215 έ
1840 2162 1984 2216 ἐκεῖ-

416 2239 531 2321 νος-
563 2224 1007 2321 τῷ-ψευδωνύμῳ
1071 2237 1189 2308 Θεῷ
1237 2241 1315 2310 τῷ
1362 2244 1446 2298 Διῒ
1486 2224 1781 2321 emittenda,
1811 2254 1984 2309 ταῦτα

411 2314 573 2413 αὐτὸς
596 2319 673 2413 τῶ
701 2320 897 2392 ἀληθεῖ
922 2327 1040 2397 Θεῷ
1072 2330 1468 2405 ἐπιμαρτυρῶν
1494 2353 1509 2369 ·
1539 2340 1663 2392 ἐπεὶ
1842 2345 1981 2413 μᾶλο-

406 2408 500 2462 λον
542 2410 653 2464 ἀπὸ
713 2413 821 2467 τῶν
877 2419 1095 2474 οἰκείων
1153 2424 1598 2498 ἐπιστομίζονται
1628 2449 1643 2462 ’
1670 2432 1863 2504 ὥσπερ
1887 2436 1983 2490 καὶ

402 2501 521 2562 τοῖς
550 2499 827 2570 Ἰουδαίοις
859 2507 946 2559 ἀεὶ
981 2509 1090 2563 ἀπὸ
1114 2512 1223 2568 τῶν
1282 2518 1581 2589 προφητῶν
1650 2499 1981 2591 διαλέγεται,

401 2590 507 2644 και
562 2593 664 2648 οὐκ
698 2595 801 2649 ἀπὸ
851 2598 960 2652 τῶν
1012 2601 1387 2673 Εὐαγγελίων.
1442 2610 1613 2664 Τοῦτο
1641 2613 1737 2667 καὶ
1778 2616 1807 2666 ι
1850 2590 1981 2679 ese;

402 2689 570 2751 ποιεῖ,
603 2690 868 2758 ἑκάστους
890 2696 998 2750 ἀπὸ
1020 2698 1129 2752 τῶν
1155 2701 1337 2766 αὐτοῖς
1362 2705 1609 2776 συνήθων
1637 2709 1730 2761 καὶ
1751 2726 1980 2763 πιστευ-

405 2779 620 2872 ομένων
671 2784 1056 2855 ἐφελκόμενος,
1094 2784 1205 2846 οἷον
1231 2779 1358 2858 τοῦς
1391 2797 1599 2866 μάγους
1628 2798 1696 2851 δι’
1725 2800 1977 2872 ἀστέρος,

405 2870 501 2923 τὸν
540 2872 709 2927 Σαοὺλ
732 2874 821 2930 διὰ
849 2878 948 2949 τῆς
982 2882 1440 2956 ὲγγαστριμύθου,
1476 2889 1665 2961 ἐπειδὴ
1693 2891 1830 2961 αὐτῇ
1861 2870 1981 2948 επί-

405 2977 633 3016 στευσιν
652 2967 854 3031 ἐκεῖνος
888 2985 905 3001 ο
937 2970 1031 3025 καὶ
1055 2974 1179 3037 τοὺς
1204 2976 1428 3045 μάντεις
1446 2978 1555 3032 ἀπὸ
1575 2982 1683 3034 τῶν
1712 2982 1854 3051 βοῶν
1873 2984 1980 3040 τῶν

401 3055 681 3125 συρόντων
708 3059 809 3130 τὴν
862 3061 1101 3118 κιϐωτόν
1142 3082 1157 3099 ’

406 3147 651 3216 μάντεις,
699 3152 818 3207 ἀλλ’
863 3144 973 3210 ἀπὸ
1031 3158 1139 3212 τῶν
1192 3161 1411 3219 οἰκείων
1461 3167 1749 3236 πομάτων
1780 3170 1980 3234 αὐτοὺς

397 3238 638 3311 ἐλέγχει.
681 3245 792 3298 Καὶ
850 3249 943 3302 τὸν
1009 3251 1236 3323 Βαλαὰμ
1286 3261 1562 3327 συγχωρεῖ
1616 3261 1862 3330 εὐλογεῖν
1884 3263 1979 3319 καὶ

398 3333 795 3426 προφητεύειν.
838 3338 1013 3395 Εῖωθε
1043 3343 1152 3414 γὰρ
1181 3345 1269 3400 ἀεὶ
1321 3351 1783 3417 συγκαταϐαίνειν
1843 3356 1981 3426 πρὸς

393 3424 499 3496 τὴν
521 3427 680 3497 ἡμῶν
708 3429 997 3499 ὠφέλειαν.
1032 3436 1158 3500 Πῶς
1184 3435 1276 3490 οὖν
1301 3438 1330 3491 ὁ
1357 3441 1614 3512 Χριστὸς.
1663 3446 1760 3501 καὶ
1817 3424 1979 3511 αὐτὸς

396 3511 555 3581 οὗτος
587 3520 615 3571 ὁ
646 3522 856 3586 Παῦλος
881 3525 1120 3581 ἐκώλυον
1157 3530 1285 3593 τοὺς
1337 3531 1598 3606 δαίμονας
1652 3537 1837 3592 λαλεῖν
1883 3540 1980 3595 καὶ

398 3613 702 3682 μαρτυρεῖν
725 3615 943 3681 αύτοῖςς
978 3618 1100 3671 Ὅτι
1127 3621 1196 3674 τὰ
1231 3626 1434 3693 σημεῖα
1476 3626 1636 3683 ἱκανὰ
1663 3624 1805 3706 ἦσαν
1854 3630 1978 3685 πεί-

398 3703 538 3767 θειν,
575 3705 671 3757 καὶ
698 3707 861 3771 αὐτὸς
882 3710 1076 3765 ἑαυτὸν
1102 3712 1131 3764 ὁ
1162 3714 1400 3785 Χριστὸς
1431 3718 1701 3789 ἐκήρυττε
1740 3703 1835 3775 καλ⁵
1875 3722 1979 3794 ἧρ-

397 3813 511 3854 κει.
533 3799 643 3851 Καὶ
660 3801 719 3889 οἱ
745 3801 999 3874 δαίμονες
1024 3805 1083 3859 δὲ
1106 3807 1228 3879 οὐχι
1247 3814 1677 3883 προσεκυνοῦντο
1695 3816 1764 3880 ⁷³,
1785 3816 1848 3869 οὐ
1869 3818 1978 3889 γὰρ

398 3888 623 3945 εἴδωλον
652 3887 721 3965 ἦν
753 3893 813 3946 τὸ
862 3894 1256 3968 φθεγγόμενον.
1310 3903 1410 3956 Διὰ
1468 3904 1627 3960 τοῦτο
1672 3887 1977 3962 κωλύονται

400 3978 606 4037 λαλεῖν.

475 4225 553 4280 Δι’
580 4224 661 4294 ἢν
677 4226 875 4281 αιτίαν
895 4226 1109 4299 ἔλεγχε
1127 4228 1349 4298 αὐτοὺς
1365 4231 1697 4304 ἀποτόμως.
1735 4237 1975 4312 Ἐπειδὴ,

402 4322 565 4388 φησι,
593 4318 686 4372 καὶ
709 4319 942 4388 ψεῦσταί
985 4321 1143 4388 εἰσιν,
1186 4323 1326 4396 ὅπερ
1354 4327 1470 4380 ἐστὶ
1510 4327 1839 4400 δολιότητος,
1879 4337 1976 4389 καὶ

2108 510 2677 583 commendaveritque
2737 516 2946 582 isthuc,
3007 523 3311 590 przesertim
3370 540 3494 579 cunt
3565 545 3673 583 non

2112 607 2254 652 recte
2280 599 2751 671 habeat?Adltaec,
2797 608 2921 676 quis
2981 610 3083 665 ista
3115 611 3679 690 dixeritICerteqm-

2104 688 2226 741 dem
2261 691 2354 758 qui
2406 691 2510 746 ista
2551 694 2710 763 dixit,
2785 697 3136 769 Epimenides
3165 712 3268 770 est,
3333 688 3677 778 sapientissi~

2105 794 2227 833 mus
2268 781 2411 850 apud
2468 782 2687 841 Graecos
2744 786 3052 858 judicatus,
3106 794 3536 853 dirinationibns
3568 816 3671 852 nu-

2102 870 2421 942 minumque
2439 876 2840 944 placationibns
2864 882 3210 949 incumbens,
3232 889 3677 960 vaticinandiqne

2102 975 2328 1016 tnunere
2378 964 2584 1019 clarus.
2647 967 2749 1023 llic
2803 985 2936 1025 sane
2988 989 3112 1026 cum
3174 976 3671 1043 animadverteret,

2096 1049 2387 1109 Cretenses
2411 1053 2529 1109 Jovi
2553 1059 2902 1129 sepulchrum
2921 1064 3277 1132 exstruxisse,
3300 1078 3461 1137 atque
3492 1072 3675 1127 colere

2101 1155 2226 1195 cum
2261 1150 2520 1215 tanquam
2574 1150 2889 1204 mortalium
2959 1156 3296 1222 quempiam,
3320 1172 3419 1212 ceu
3445 1161 3672 1212 aemula--

2098 1234 2244 1289 tione
2285 1251 2555 1294 accensus
2596 1255 2695 1310 pro
2755 1242 2858 1297 deo
2914 1258 3015 1296 suo
3040 1246 3371 1313 patrio,hzec
3420 1249 3473 1303 in
3523 1250 3671 1305 Joris

2095 1327 2328 1397 gratiam
2354 1333 2598 1386 carmina
2630 1334 2877 1390 condidit
2919 1355 2931 1390 :
2960 1337 3254 1395 Cretenses
3302 1341 3393 1411 qui
3440 1342 3575 1397 tales
3604 1357 3669 1396 ac

2095 1418 2228 1472 tales
2259 1427 2408 1482 sunt,
2440 1421 2491 1479 hi
2525 1430 2915 1481 exstruxerunt
2948 1428 3042 1482 tibi
3077 1431 3340 1483 tumulum
3381 1450 3393 1483 :
3423 1431 3573 1500 atqui
3611 1440 3667 1483 tu

2092 1523 2199 1562 non
2241 1525 2301 1564 es
2353 1520 2626 1579 mortuus,
2657 1522 2715 1569 tu
2742 1516 2888 1571 enim
2934 1514 3147 1588 semper
3181 1535 3261 1576 es.
3307 1519 3422 1577 Hoc
3468 1536 3670 1583 oracu-

2101 1600 2213 1655 lum
2262 1599 2466 1657 Paulus
2499 1619 2646 1657 nunc
2702 1621 2890 1661 verum
2935 1621 3057 1662 esse
3109 1617 3357 1664 testatur.
3402 1613 3469 1663 At
3515 1625 3680 1675 vero,.

2090 1692 2184 1762 qui
2217 1691 2364 1747 istud
2403 1692 2577 1747 facit?
2629 1709 2752 1751 nam
2816 1697 2861 1752 si
2921 1712 3046 1752 vere
3103 1698 3310 1753 dictum
3372 1709 3470 1763 est,
3548 1709 3673 1755 ιιιιιιι

2088 1782 2300 1852 Jupiter
2329 1782 2655 1840 immortalis
2694 1794 2798 1842 est.
2832 1786 2994 1858 Atqui
3032 1803 3139 1843 non
3190 1788 3295 1843 huc
3332 1789 3658 1858 respiciens,

2090 1887 2281 1927 rerum
2309 1888 2432 1929 esse
2453 1875 2592 1929 dixit
2624 1876 3018 1943 testimonium,
3054 1879 3148 1934 sed
3198 1881 3324 1949 quia
3373 1878 3663 1936 Cretenses

2095 1962 2388 2019 mendaces
2415 1965 2630 2036 aliaque
2660 1966 2971 2036 appellavit.
3028 1968 3159 2033 Quae
3189 1984 3315 2023 vero
3341 1968 3515 2024 Graeci
3575 1978 3663 2024 te-

2084 2054 2330 2113 stimonii
2371 2065 2457 2112 est
2480 2056 2889 2113 commoditas?
2933 2058 3226 2115 Maximum
3276 2060 3351 2114 ita
3404 2060 3665 2115 ruborem

2087 2146 2170 2201 eis
2232 2147 2444 2217 injecit,
2507 2147 2724 2217 iniuriae
2797 2164 2987 2205 eorum
3045 2166 3111 2206 ex
3171 2151 3475 2207 domestico
3540 2160 3662 2205 vate

2088 2246 2464 2303 testimonium
2546 2248 2684 2317 ipsis
2765 2246 3075 2319 proferens.
3129 2250 3427 2307 Consuevit
3473 2258 3656 2303 autem

2085 2335 2188 2391 hoc
2215 2351 2378 2406 agere
2426 2335 2650 2402 Paulus,
2712 2339 3176 2407 quemadmodum
3206 2351 3259 2395 et
3303 2339 3660 2394 Atheniensi-

2083 2425 2186 2481 bus
2232 2442 2297 2482 ει
2346 2427 2516 2483 Arato
2576 2428 2858 2495 disseruit,
2922 2444 3041 2499 quae
3080 2429 3171 2486 ille
3205 2429 3325 2486 Jovi
3365 2429 3464 2483 deo
3518 2427 3661 2483 falso

2082 2514 2230 2570 dicto
2284 2516 2557 2583 attribuit,
2585 2516 2699 2572 haec
2741 2517 2858 2587 ipse
2903 2519 2972 2573 ad
2994 2534 3181 2574 verum
3242 2517 3410 2575 Deum
3439 2517 3605 2573 refert
3640 2535 3659 2573 :

2080 2599 2519 2672 quandoquidem
2574 2611 2628 2658 et
2666 2605 2849 2659 acrius
2897 2603 3012 2660 suis
3054 2603 3298 2672 ipsorum
3329 2605 3656 2660 testimoniis

2081 2693 2454 2749 obstruuntur
2518 2710 2532 2746 :
2589 2694 3051 2764 quemadmodum
3123 2705 3177 2751 et
3264 2710 3389 2750 cum
3454 2693 3658 2749 Jttdmii

2081 2792 2344 2854 perpetuo
2367 2800 2435 2840 ex
2484 2786 2773 2856 prophetis
2804 2786 3068 2857 disputat,
3102 2802 3210 2843 non
3234 2804 3300 2843 ex
3325 2788 3655 2857 Evangeliis.

2081 2872 2229 2928 Idem
2259 2881 2318 2929 et
2365 2872 2510 2928 Deus
2574 2873 2726 2939 facit,
2771 2891 2870 2944 per
2900 2884 3162 2931 consueta
3199 2877 3300 2932 sibi
3357 2888 3411 2930 et
3449 2876 3657 2930 credita

2080 2963 2306 3035 quosvis
2328 2963 2647 3031 attrahens;
2686 2977 2744 3021 ut
2767 2980 3061 3037 magosper
3094 2966 3305 3023 stellam
3325 2967 3391 3029 θ’,
3436 2966 3654 3020 Saulcm

1220 3068 1320 3139 οὐχ
1372 3069 1457 3125 ὃτι
1517 3071 1878 3144 ἀληθεύουσιν
1927 3081 1978 3134 οἱ

2085 3070 2180 3125 per
2214 3054 2474 3113 feminam
2510 3056 2576 3086 “'
2621 3057 2914 3128 pytlionem
2950 3058 3003 3112 in
3064 3072 3125 3114 se
3182 3057 3493 3116 habentem.
3526 3057 3655 3126 quia

2082 3145 2210 3201 huic
2256 3144 2474 3202 femina:
2494 3144 2582 3201 ille
2622 3144 2784 3201 fidem
2816 3145 3109 3203 adhibebat
3141 3163 3154 3198 :
3183 3154 3238 3201 et
3256 3154 3407 3199 vates
3439 3143 3661 3199 abobus

2081 3252 2200 3308 quae
2217 3251 2398 3292 aream
2423 3236 2711 3291 trahebant
2734 3252 2750 3291 :
2773 3251 2881 3292 non
2912 3237 3054 3306 quod
3086 3252 3273 3292 verum
3304 3237 3658 3306 loquerentur

2082 3338 2254 3394 rates,
2288 3330 2388 3384 sed
2414 3344 2512 3385 eos
2539 3344 2604 3384 ex
2648 3328 2892 3400 ipsorum
2940 3343 3034 3385 ore
3096 3329 3299 3398 arguit.
3347 3326 3650 3392 Prteterea,

2026 3448 2028 3450 τ
2081 3421 2403 3477 Balaamum
2460 3420 2786 3478 benedicere
2831 3431 2885 3477 et
2916 3421 3244 3492 prophetare
3286 3420 3552 3493 permittit
3585 3421 3653 3473 ⁸³.

2082 3514 2384 3572 Consuevit
2452 3515 2597 3571 enim
2643 3530 2862 3586 semper
2917 3515 2983 3570 ad
3057 3523 3299 3569 nostram
3367 3512 3657 3569 utilitatem

2080 3607 2541 3666 condescendere.
2598 3606 2700 3674 Qui
2744 3607 2910 3678 igitur
2962 3605 3237 3671 Christus,
3288 3614 3345 3662 et
3408 3604 3498 3659 hic
3540 3605 3655 3673 ipse

2081 3701 2287 3757 Paulus
2312 3698 2967 3771 prohiliebautdwmones
2996 3699 3170 3768 loqui,
3190 3713 3254 3755 ac
3280 3695 3653 3754 testimonium

2080 3792 2248 3866 629
2278 3792 2386 3848 sibi
2419 3792 2641 3847 dicere?
2681 3789 2822 3857 Quia
2853 3791 3007 3860 signa
3044 3789 3179 3867 satis
3201 3797 3359 3844 erant
3415 3787 3483 3840 ad
3530 3802 3655 3857 per-

2081 3885 2446 3950 suadendum,
2495 3892 2550 3939 et
2575 3883 2694 3953 ipse
2744 3881 2996 3939 ChristUs
3022 3882 3266 3952 scipsum
3292 3878 3649 3950 praedicabat,

2081 3977 2242 4050 idque
2270 3975 2404 4030 satis
2437 3983 2576 4029 erat.
2592 3973 2766 4030 Porro
2785 3973 3063 4028 dazmenes
3088 3988 3195 4029 non
3237 3969 3607 4024 aderabantur
3634 3986 3651 4034 ;

2082 4083 2188 4121 non
2204 4067 2347 4121 enim
2372 4066 2579 4123 idolum
2609 4072 2727 4121 erat
2756 4065 2902 4138 quod
2942 4063 3268 4134 loquebatur
3296 4079 3311 4117 :
3341 4062 3544 4116 idcirco
3572 4060 3652 4114 lo-

2078 4156 2172 4228 qui
2208 4156 2596 4227 prohibentur.

2150 4246 2316 4301 Vens.
2386 4246 2471 4300 IS.
2527 4244 2699 4310 Quam
2755 4242 2817 4299 ob
2863 4258 3078 4297 causam
3118 4241 3328 4306 increpa
3368 4253 3455 4292 eos
3497 4236 3647 4291 dure.

2079 4337 2217 4403 Quia
2274 4337 2572 4394 mendaces
2625 4346 2779 4401 sunt,
2823 4335 2965 4404 quod
3024 4338 3107 4387 est
3140 4328 3549 4392 fraudulentiar,
3597 4336 3651 4381 et

399 4408 771 4477 ἀναίσχυντοι,
804 4410 900 4462 καὶ
937 4412 1362 4483 γαστρίμαργοι,
1407 4415 1637 4487 σφοδροῦ
1680 4419 1866 4484 αὐτοῖς
1896 4423 1979 4477 δεῖ

2085 4429 2426 4499 impudentes
2478 4438 2534 4484 et
2570 4425 2936 4499 gastrimargi,
3005 4437 3144 4488 opus
3197 4422 3397 4491 habent
3438 4419 3549 4473 acri
3595 4426 3651 4472 ct

396 4499 497 4553 καὶ
531 4500 832 4570 πληκτικοῦ
888 4500 1071 4572 λόγου,
1105 4505 1229 4557 ἐπεὶ
1269 4507 1302 4577 ἡ
1351 4508 1597 4581 πραότης
1625 4511 1846 4579 τούτους
1876 4516 1974 4569 οὐκ

395 4592 622 4662 ὠφελεῖ.
665 4594 753 4656 Ὠς
805 4593 911 4665 γὰρ
959 4596 988 4648 ὁ
1035 4596 1125 4648 τὸν
1175 4597 1390 4671 ἐπιεικῆ
1427 4601 1698 4672 πλήττων,
1738 4606 1972 4677 ἀναιρεῖ,

395 4685 572 4748 οὕτως
604 4685 633 4738 ὁ
667 4685 761 4738 τὸν
799 4686 993 4757 ἀναιδῆ
1025 4688 1359 4756 κολακεύων,
1394 4691 1719 4764 διαφθείρει,
1764 4697 1839 4769 μὴ
1869 4699 1973 4756 ἐῶν

396 4777 696 4846 ἰπιγνῶναι
729 4777 944 4832 ἑαυτόν.
1004 4779 1268 4833 Ἐνταῦθα
1293 4781 1371 4845 δὲ,
1402 4784 1461 4837 οὐ
1486 4786 1609 4849 τοὺς
1637 4786 1970 4861 ἀλλοτρίους,

396 4870 585 4938 ςιησὶν,
619 4867 759 4922 ἀλλὰ
784 4869 1020 4934 οἰκείους
1056 4870 1136 4925 δεῖ
1156 4872 1423 4943 ἐλέγχειν.

470 5052 594 5106 ἰνα
636 5054 992 5124 ὑγιαίνωσιν
1021 5055 1092 5109 ἐν
1123 5055 1198 5125 τῇ
1245 5058 1465 5126 πίστει,
1512 5061 1598 5131 μὴ
1633 5064 1967 5134 προσέχον-

391 5158 499 5208 τες
539 5143 894 5211 Ἰουδαϊκοῖς
920 5147 1151 5215 μύθοις.
1198 5150 1339 5220 ’Δρα
1368 5150 1527 5205 τοῦτο
1568 5154 1748 5223 ὑγεία,
1776 5157 1837 5209 τὸ
1866 5138 1971 5227 μη-

389 5234 487 5289 εὲν
525 5232 677 5288 νόθον
709 5236 847 5307 μηδὲ
872 5237 1161 5311 ἀλλότριον
1191 5241 1510 5311 ἐπεισάγειν
1547 5247 1613 5317 τῇ
1650 5247 1861 5301 πίστειο
1893 5248 1969 5313 ὡς

388 5325 522 5391 τόγε
550 5324 741 5390 ἑαυτὸν
799 5328 1126 5385 ὑποϐάλλειν
1173 5331 1253 5402 τῷ
1301 5333 1473 5406 νόμῳ,
1524 5337 1587 5390 οὐ
1634 5336 1967 5410 θαρῤοῦντός

470 5461 718 5522 "Matth.
740 5480 801 5522 ιι.
907 5468 976 5501 ⁶¹⁶
1010 5468 1027 5524 I
1056 5467 1195 5542 Reg.
1221 5486 1377 5529 ινιιι.
1454 5474 1500 5509 ⁸³
1528 5476 1691 5532 Νιιω.
1725 5494 1881 5547 um,
1909 5481 1999 5538 24.

2080 4527 2403 4591 penetrante
2455 4534 2749 4576 sermone:
2789 4532 2914 4571 nam
2962 4512 3322 4569 mansuetudo
3368 4512 3509 4583 apud
3554 4527 3652 4566 ens

2078 4613 2215 4669 nihil
2267 4611 2504 4684 proﬁcit.
2574 4609 3045 4677 Quemadmodum
3114 4609 3257 4663 enim
3321 4608 3412 4677 qui
3463 4607 3648 4660 mitem

2077 4705 2261 4761 acrius
2288 4704 2470 4771 feriat,
2518 4704 2699 4774 perdit
2737 4718 2861 4759 eum
2892 4719 2906 4756 :
2941 4702 3020 4757 sic
3050 4702 3142 4771 qui
3195 4699 3495 4770 impudenti
3524 4696 3650 4751 adt»

2077 4798 2221 4852 latur
2294 4812 2419 4852 eum
2478 4795 2805 4864 corrumpit,
2866 4794 3108 4864 seipsum
3196 4806 3495 4861 agnoscere
3540 4803 3649 4843 non

2076 4891 2418 4961 permittens.
2446 4888 2545 4943 llic
2573 4898 2751 4942 autem
2796 4903 2903 4943 non
2963 4888 3196 4957 alienos,
3246 4885 3344 4941 sed
3398 4881 3650 4956 proprios

2075 4981 2382 5053 arguendos
2420 4996 2545 5036 esse
2576 4980 2733 5035 dicit.

2151 5071 2217 5126 Ut
2242 5073 2361 5125 sani
2387 5072 2494 5127 sint
2523 5073 2577 5125 in
2608 5071 2734 5143 ﬁde,
2774 5088 2875 5126 non
2926 5070 3247 5125 attendentes
3283 5065 3524 5123 Judaicis
3558 5063 3646 5131 {a-

2076 5161 2235 5216 bulis.
2275 5161 2496 5217 Sanitas
2527 5164 2695 5234 igitur
2721 5170 2825 5230 est,
2859 5162 2995 5217 nihil
3026 5161 3415 5224 adulterinum,
3471 5167 3647 5223 neque

2074 5253 2312 5309 alienum
2344 5253 2469 5309 fidei
2503 5254 2935 5326 superinducere
2965 5271 2979 5309 :
3015 5262 3074 5309 ut
3108 5252 3349 5322 seipsum
3373 5244 3645 5314 subjicere

2074 5345 2201 5418 legi,
2233 5361 2342 5402 non
2369 5353 2451 5403 est
2476 5346 2596 5418 ejus
2635 5348 2727 5419 qui
2762 5346 2884 5404 fidei
2911 5343 3154 5411 conﬁdit,
3176 5356 3274 5397 ceu
3307 5337 3375 5393 ad
3413 5335 3642 5392 salutem

1732 5594 1931 5658 Varite
1967 5594 2296 5662 lectiones.

477 5704 525 5738 "
542 5704 638 5776 ζῇς
657 5706 766 5787 γὰρ
796 5706 885 5765 ἀεί
910 5724 964 5766 ο.
1041 5711 1088 5745 ⁷³
1118 5676 1551 5785 προσκυνοῦντες
1582 5736 1635 5776 ο.
