4006 6214
385 377 491 444 155

1339 354 1914 422 THEOPHYLACTI
1955 350 2367 411 BULGARIIE
2400 341 2757 410 ARCHIEP.

3537 340 3647 409 I56

385 486 671 542 suﬂicienti
704 502 718 540 :
751 482 933 538 isthuc
969 487 1148 532 autem
1171 481 1255 529 est
1280 473 1481 527 malum
1503 467 1645 524 haud
1672 468 1951 537 exiguum.

2078 476 2175 516 ,στι
2212 464 2278 531 τῇ
2309 462 2508 527 πίστει,
2554 460 2632 524 ὥς
2677 460 2833 533 ίκανῇ
2878 457 3071 512 σῶσαι.
3104 456 3275 510 Τοῦτο
3301 455 3359 509 δὶ
3389 454 3542 518 νὸσος
3574 458 3639 510 οὗ

383 579 607 636 Judalea
663 586 865 639 autem,
898 570 1096 641 duplici
1148 567 1355 621 ratione
1404 562 1603 618 fabulae
1644 568 1805 623 sunt;
1838 572 1961 612 cum

2066 555 2256 626 μικρά.
2287 551 2458 623 Διπλῆ
2485 551 2543 605 δὲ
2566 551 2728 622 μῦθοί
2757 552 2862 605 εἰσι
2884 548 2951 604 τὰ
2987 549 3272 613 Ἰουδαϊκὰ,
3301 548 3383 601 ὅτι
3403 565 3462 601 τε
3487 548 3640 618 παρά

388 669 534 738 quod
578 663 955 734 intempestiva
987 676 1094 723 res,
1145 672 1208 711 ac
1274 654 1533 723 deinceps
1567 652 1809 713 inutilis;
1848 658 1961 702 tum

2078 648 2254 717 ιαιρόν
2284 647 2481 701 ἔστιτὸ
2507 648 2760 716 πρᾶγμα,
2784 646 2879 700 καὶ
2909 642 3095 697 λοιπὸν
3116 643 3407 714 ἄχρηστον,
3437 644 3531 695 καὶ
3554 643 3638 695 ὅτι

385 773 511 828 quia
548 757 771 811 noxium
796 761 878 809 est
910 752 978 807 iis
1007 749 1279 819 applicare
1301 740 1957 809 animum.Quemadmo-

386 850 514 904 dum
563 847 729 917 igitur
765 843 963 899 fabulis
999 857 1105 896 non
1160 847 1244 895 est
1264 837 1620 901 credendum,
1666 834 1740 888 ita
1789 845 1965 901 neque

387 939 529 993 istis.
583 934 747 1004 Atqui
801 933 944 989 sacri
1003 929 1220 985 Veteris
1261 925 1593 982 Testamenti
1640 923 1764 978 libri
1818 929 1967 975 recte

389 1026 675 1089 intellecti,
744 1023 1168 1092 haudquaquam
1228 1025 1359 1076 sunt
1399 1016 1597 1072 fabulae
1625 1030 1638 1044 ·
1675 1029 1783 1084 qua
1819 1012 1963 1068 enim

389 1118 602 1170 ratione
632 1111 830 1168 fabula:
864 1119 1070 1175 essent,
1102 1124 1226 1165 cum
1261 1109 1544 1164 veritatem
1594 1104 1963 1172 evangelicam

388 1189 510 1258 inde
550 1205 846 1258 doceamur
876 1202 901 1254 7
926 1201 1110 1254 l’ravm
1139 1206 1319 1253 autem
1369 1192 1869 1264 interpretationes,
1913 1198 1968 1246 et

386 1294 715 1350 traditiones
752 1290 1091 1356 Iudaeorum,
1125 1291 1245 1346 ista:
1278 1296 1410 1345 sunt
1436 1286 1658 1342 fabulae.
1699 1282 1842 1340 Audi
1863 1284 1970 1356 igi-

386 1395 474 1439 ιιιι·
498 1393 551 1440 et
579 1399 699 1454 qua:
728 1389 1059 1454 sequuntur.

460 1475 624 1530 Vens.
691 1474 779 1529 14.
839 1474 910 1528 Et
950 1470 1221 1528 mandatis
1268 1470 1537 1526 hominum
1601 1470 1964 1522 aversantium

362 1567 676 1621 ueritatem.
721 1562 909 1620 Viden’
995 1578 1135 1633 quas
1187 1571 1347 1617 vocet
1404 1561 1655 1617 fabulas?
1709 1558 1964 1614 Mandata

388 1658 644 1711 nimirum
695 1655 1003 1723 hominum,
1036 1662 1095 1708 ut
1137 1654 1277 1709 etin
1320 1653 1457 1708 Isaia
1500 1665 1552 1708 et
1588 1652 1887 1722 Evangelia
1920 1650 1967 1683 “

389 1749 653 1817 scriptum
688 1753 795 1811 est,
827 1746 1065 1815 aliaque,
1101 1744 1358 1800 videlicet
1386 1744 1799 1800 observationes
1815 1744 1969 1799 cibo-

388 1851 531 1896 rum,
558 1843 616 1889 ut
641 1850 704 1890 ex
740 1835 1095 1905 sequentibus
1134 1835 1353 1904 planum
1388 1834 1464 1887 lit.

459 1926 623 1981 Vens.
671 1927 759 1982 15.
818 1925 1010 1983 Omnia
1036 1926 1245 1997 quidem
1285 1924 1488 1980 munda
1540 1925 1780 1987 mundis;
1826 1923 1968 1976 coin-

2066 739 2161 792 καὶ
2193 737 2458 808 βλαϐερὸν
2487 737 2549 790 τὸ
2588 736 2877 807 προσέχειν
2904 733 3135 798 τούτοις.
3174 734 3384 804 ’Ὠσπερ
3413 731 3506 786 οὖν
3538 731 3642 802 μύ-

2066 827 2179 890 θοις
2225 829 2287 880 οὑ
2326 828 2408 880 δεῖ
2442 826 2751 889 πείθεσθαι,
2796 824 2969 889 οὕτως
3000 825 3119 878 οὐδὲ
3161 823 3393 887 τούτοις.
3422 823 3504 877 Τὰ
3540 823 3641 893 μὲν

2065 918 2159 972 οὖν
2190 917 2320 986 ἅγια
2350 918 2447 988 τῆς
2497 919 2741 980 Παλαιᾶς
2790 917 2970 988 βιϐλία
3002 916 3183 978 καλῶς
3233 915 3527 986 νοούμενα,
3579 916 3642 968 οὐ

2069 1009 2251 1079 μῦθοι.
2280 1010 2404 1073 Πῶς
2435 1008 2565 1080 γὰρ,
2603 1009 2736 1080 παρ’
2767 1002 2843 1062 ὧν
2880 1009 2980 1077 τὴν
3009 1007 3104 1061 τοῦ
3135 1008 3469 1076 Εὑαγγελίου
3507 1008 3643 1079 ἀλή-

2068 1099 2225 1154 θειαν
2249 1100 2652 1170 διδασκόμεθα;
2680 1100 2746 1153 Al
2768 1100 2826 1154 δὲ
2855 1100 3285 1170 παρεξηγήσεις,
3312 1101 3408 1163 καὶ
3436 1100 3645 1154 ciosu-

2066 1188 2347 1259 τερώσεις,
2372 1189 2544 1244 ταῦτα
2572 1190 2757 1262 μῦθοι.
2787 1191 2989 1245 ’Λκουε
3017 1189 3109 1257 οὖν
3133 1191 3227 1244 καὶ
3253 1190 3502 1263 τάἑξῆς.

2138 1283 2247 1335 Καὶ
2282 1283 2556 1349 ἐντολαῖς
2589 1283 2917 1352 ἀνθρώπων
2951 1284 3495 1353 ἀποστρεφομένων
3528 1286 3644 1352 τὴν

2067 1374 2382 1441 ἀλήθειαν.
2426 1375 2592 1446 ὀρᾷς
2620 1375 2774 1439 τίνας
2807 1377 2966 1437 καλεῖ
2994 1375 3230 1446 μύθους;
3269 1378 3384 1440 Τὰς
3420 1378 3643 1442 ἐντολὰς

2067 1465 2179 1520 τῶν
2225 1466 2551 1538 ἀνθρώπων,
2600 1467 2677 1529 ὼς
2725 1469 2822 1521 καὶ
2865 1470 2922 1521 ὲν
2970 1467 3049 1537 τῷ
3099 1468 3314 1542 Ἡσαΐᾳ,
3349 1471 3441 1524 καὶ
3468 1472 3526 1524 ἐν
3562 1472 3644 1543 τῷ

2071 1556 2393 1628 Εὐαγγελίῳ
2431 1557 2765 1629 γέγραπται,
2807 1559 2880 1613 τά
2907 1576 2965 1612 τε
2995 1559 3152 1627 ἄλλα,
3182 1560 3384 1632 δηλαδὴ
3419 1564 3510 1615 καὶ
3542 1565 3642 1625 τὰς

2071 1648 2487 1720 παρατηρήσεις
2530 1649 2639 1703 τῶν
2676 1649 3006 1722 βρωμάτων,
3055 1651 3132 1715 ὡς
3187 1651 3405 1721 ὲκιτῶν
3438 1654 3643 1724 ἑπομέ-

2071 1757 2179 1793 νων
2198 1739 2254 1772 ’δ
2268 1739 2449 1810 δῆλον.

2141 1915 2348 1971 Πάντα
2388 1917 2508 1987 μὲν
2538 1918 2768 1987 καθαρὰ
2793 1918 2917 1987 τοῖς
2949 1918 3259 1987 καθαροῒς’
3289 1920 3412 1987 τοῖς
3448 1920 3517 1975 δὲ
3536 1939 3644 1992 με·

387 2018 618 2087 quinatis
662 2026 837 2071 autem
888 2025 938 2071 et
977 2016 1284 2084 inﬁdelibus
1357 2016 1491 2070 nihil
1552 2014 1827 2079 mundum,
1880 2012 1969 2068 sed

2078 2008 2423 2077 αιασμένοις
2453 2008 2554 2062 καὶ
2602 2008 2883 2075 ἀπίστοις
2936 2007 3117 2065 οὐδὲν
3154 2012 3440 2080 καθαρὸν,
3488 2012 3646 2071 ἀλλὰ

391 2109 751 2177 coinquinatw
774 2116 899 2163 sunt
943 2108 1162 2162 illorum
1219 2123 1363 2162 mens
1411 2117 1460 2161 et
1490 2105 1834 2161 conscientia.
1865 2102 1968 2157 lla-

394 2216 502 2281 quc
537 2217 644 2255 non
679 2215 777 2256 sua
807 2209 1000 2255 natura
1051 2215 1187 2268 pura
1242 2208 1372 2255 sunt
1418 2207 1510 2253 aut
1580 2199 1817 2268 impura,
1871 2194 1967 2250 sed

398 2309 460 2345 ex
483 2293 766 2347 voluntate
809 2291 1230 2347 assumentium.
1280 2290 1416 2345 Nam
1476 2304 1600 2344 cum
1652 2288 1730 2342 illi
1785 2293 1970 2343 mente

389 2383 510 2451 puri
551 2383 661 2437 sint
685 2390 738 2436 et
764 2381 1027 2453 religiosi,
1070 2387 1341 2437 noverunt
1385 2380 1567 2436 omnia
1593 2392 1721 2434 esse
1741 2378 1968 2441 munda,

391 2481 450 2524 ιιι
490 2471 586 2526 Dei
645 2481 950 2535 creaturas.
1014 2471 1193 2526 solum
1248 2479 1429 2526 autem
1502 2477 1787 2539 peccatum
1846 2481 1970 2523 esse

392 2546 690 2632 impurum.
739 2560 876 2616 Nam
907 2562 1009 2618 etsi
1063 2562 1148 2617 lex
1180 2561 1463 2616 immunda
1519 2560 1765 2630 quaedam
1800 2557 1968 2612 babe—

392 2653 506 2716 bat,
542 2668 661 2707 non
691 2652 1016 2720 simpliciter
1051 2654 1152 2729 hoc
1201 2652 1416 2722 agebat,
1464 2665 1652 2705 verum
1700 2658 1760 2704 ut
1818 2650 1971 2703 volu-

386 2753 601 2813 pzatcm
659 2744 963 2807 cohiberet,
1008 2754 1068 2799 ut
1105 2759 1227 2814 quae
1275 2743 1443 2800 sciret
1495 2741 1715 2798 Iudaeos
1781 2750 1969 2809 utpote

390 2833 528 2901 gulze
566 2833 778 2888 deditos
805 2834 947 2887 haud
983 2833 1325 2888 obedituros.
1362 2831 1517 2897 Quod
1574 2831 1620 2886 si
1669 2830 1869 2900 impuri
1913 2839 1968 2885 et

396 2923 546 2991 impii
634 2922 839 2977 fuerint
888 2922 982 2993 qui
1050 2929 1381 2985 vescuntur,
1434 2921 1521 2976 bis
1581 2930 1730 2977 certe
1785 2921 1967 2976 omnia

395 3022 528 3068 sunt
585 3012 887 3068 immunda.
946 3012 1571 3080 Quomodo?Quoniam
1607 3021 1660 3067 et
1683 3001 1881 3081 pisces,
1910 3019 1969 3065 ut

2070 2099 2380 2168 μεμίανται
2412 2099 2612 2153 αὐτῶν
2647 2099 2749 2153 καὶ
2780 2102 2814 2153 ὁ
2860 2099 3009 2166 νοῦς
3055 2101 3155 2155 καὶ
3190 2100 3229 2170 ἠ
3264 2101 3643 2170 συνείδησις.

2073 2188 2238 2241 ’Ὥστε
2282 2189 2344 2241 οὐ
2377 2188 2529 2257 παρά
2578 2186 2677 2258 τὴν
2734 2187 2944 2241 οἰκείαν
2982 2188 3146 2258 φύσιν
3176 2188 3395 2262 καθαρά
3439 2192 3471 2262 ῆ
3508 2193 3645 2246 ἀκά-

2072 2279 2268 2349 θαρτα,
2305 2280 2443 2332 ἀλλά
2481 2279 2624 2333 κατά
2660 2279 2760 2351 τὴν
2800 2280 3121 2355 προαίρεσιν
3149 2282 3648 2354 τῶνμεταλαμὸα-

2071 2370 2289 2424 νόντων.
2326 2366 2487 2424 Οὗτοι
2510 2370 2622 2441 γὰρ
2660 2371 2891 2442 καθαροὶ
2923 2372 3021 2442 μὲν
3059 2373 3151 2426 καλ⁵
3182 2373 3438 2447 εὐσεϐεῖς,
3469 2376 3643 2443 ὄντες,

2072 2459 2249 2512 πάντα
2303 2459 2521 2530 καθαρά
2565 2460 2794 2527 οἴδασιν,
2827 2461 2903 2525 ὡς
2936 2461 3073 2516 Θεοῦ
3118 2466 3420 2535 ποιήματα,
3476 2467 3646 2535 μόνην

2071 2550 2129 2603 δὲ
2180 2550 2278 2621 τὴν
2315 2551 2590 2621 ἁμαρτίαν
2618 2553 2949 2624 ἀκάθαρτον.
3002 2555 3082 2617 Είῖ
3116 2555 3226 2627 γὰρ
3272 2558 3366 2611 καὶ
3417 2560 3445 2612 ὁ
3483 2560 3644 2630 νόμος

2073 2636 2187 2709 εἷχὲ
2241 2658 2363 2694 τινα
2416 2641 2724 2714 ἀκάθαρτα,
2779 2644 2898 2698 ἀλλ’
2941 2647 3039 2718 οὐχ
3077 2648 3284 2714 ἁπλῶς,
3335 2649 3419 2703 ἵνα
3460 2650 3649 2722 δὲτὴν

2071 2731 2282 2803 τρυφὴν
2313 2734 2548 2805 ὲπικόψῃ
2575 2735 2642 2799 ’³,
2677 2735 2834 2797 εἰδὼς
2883 2738 2964 2790 ὄτι
3003 2737 3190 2800 ἁπλῶς
3240 2741 3339 2793 οὐκ
3395 2741 3459 2795 ἂν
3497 2743 3649 2795 ἐπεί-

2074 2823 2280 2894 σθησαν
2305 2825 2455 2895 αὑτῷ
2494 2827 2758 2897 Ἑϐραῖοι,
2791 2828 2865 2892 ὡς
2903 2830 3331 2901 γαστρίμαργοι.
3363 2833 3426 2886 Ei
3463 2834 3647 2903 μέντοι

2071 2913 2374 2984 ἀκάθαρτοι
2406 2917 2500 2969 καὶ¹
2528 2916 2751 2980 ἀσεϐεῖς
2774 2919 2821 2950 ’⁸
2856 2914 2969 2972 εἶεν
3009 2921 3059 2971 oi
3109 2921 3642 2996 μεταλαμϐάνοντες,

2068 3004 2280 3068 τούτοις
2307 3006 2486 3061 πάντα
2514 3006 2824 3078 ἀκάθαρτα.
2856 3009 3015 3076 Πῶς;
3054 3012 3198 3064 Διότι
3236 3014 3327 3066 καὶ
3354 3014 3404 3066 οί
3440 3014 3618 3084 ἰχθύες

393 3102 485 3170 qui
549 3117 691 3171 saepe
736 3102 973 3157 humana
1019 3117 1187 3159 carne
1232 3110 1551 3167 vescantur,
1575 3108 1629 3157 ct
1681 3116 1808 3158 aves
1846 3116 1967 3172 quae

2078 3098 2149 3160 ῶς
2193 3096 2752 3169 ἀνθρωποφαγοίὴτες
2786 3101 3072 3168 πολλάκις,
3127 3104 3223 3158 καὶ
3272 3107 3321 3158 oi
3363 3106 3642 3173 δοκοῦντες

397 3194 612 3249 mundze
641 3193 915 3261 videntur,
984 3210 1109 3251 cum
1162 3203 1342 3250 tamen
1417 3193 1605 3248 ﬁnium
1659 3192 1859 3260 edant,
1893 3193 1974 3248 sic

395 3284 517 3339 illas
540 3286 867 3354 expendenti
901 3285 1197 3341 immundae
1222 3284 1399 3340 videri
1456 3291 1682 3355 queant.
1740 3283 1975 3340 Proinde

395 3374 614 3430 sordida
643 3390 798 3431 mens
839 3391 1123 3447 perperam
1153 3376 1223 3433 de
1256 3376 1341 3431 his
1370 3375 1682 3445 cogitando,
1718 3375 1822 3431 sibi
1860 3375 1975 3431 haec

396 3464 743 3538 coinquinat,
804 3482 926 3536 qua:
979 3473 1161 3523 tamen
1209 3475 1408 3522 natura
1453 3467 1620 3522 haud-
1661 3474 1791 3522 sunt
1822 3467 1973 3537 ejus-

395 3556 541 3612 modi
569 3572 585 3612 :
614 3557 836 3628 perinde
865 3557 1031 3631 630
1052 3574 1114 3614 ac
1143 3559 1233 3630 qui
1254 3560 1538 3615 stomacho
1566 3559 1798 3626 laborat,
1824 3559 1976 3614 cibos

398 3645 730 3717 injucundos
760 3664 886 3707 esse
948 3658 1126 3721 putat,
1191 3652 1402 3707 etiamsi
1451 3667 1648 3708 suaves
1710 3651 1825 3709 sint
1873 3667 1978 3714 :et

393 3737 663 3809 vertigine
713 3740 1009 3804 laboranti,
1044 3750 1189 3798 terra
1235 3742 1450 3799 videtur
1490 3744 1814 3815 circumagi,
1854 3758 1977 3815 qua

398 3833 580 3881 tamen
621 3827 725 3882 fixa
770 3830 1012 3899 persistit
1053 3832 1223 3902 :ejns
1276 3833 1423 3888 enim
1488 3832 1664 3890 morbi
1715 3833 1843 3890 talis
1895 3843 1978 3891 est

398 3915 607 3985 opinio.
640 3914 767 3973 Haec
782 3918 945 3973 etiam
973 3920 1237 3978 adversus
1262 3921 1596 3979 Manicbazos
1616 3922 1975 3990 conveniunt,

398 4015 455 4061 et
502 4016 692 4063 contra
728 4008 1133 4077 Marcionistas,
1187 4023 1243 4069 et
1282 4030 1473 4071 recens
1525 4015 1596 4071 ab
1637 4015 1705 4071 iis
1755 4022 1976 4071 exortos

401 4099 704 4166 haereticos,
740 4103 834 4173 qui
866 4104 1028 4176 vulgo
1057 4106 1404 4176 appellantur
1429 4106 1662 4164 Galatae.

477 4192 642 4249 Vens.
673 4194 760 4249 i6.
797 4192 1134 4265 Conﬁtentur
1167 4214 1221 4253 se
1251 4215 1401 4254 noue
1449 4198 1637 4264 Deum,
1670 4199 1829 4268 factis
1877 4214 1976 4252 au-

401 4291 502 4336 tem
528 4293 739 4355 negant,
782 4287 1129 4342 exsecrabile;
1160 4303 1278 4341 cum
1335 4289 1465 4348 sint,
1515 4299 1564 4342 et
1602 4287 1972 4351 inobedientcs,

399 4383 448 4428 et
480 4373 548 4428 ad
569 4392 719 4432 omne
751 4394 879 4447 opus
912 4378 1103 4433 bonum
1133 4381 1367 4448 reprobi.
1423 4377 1593 4433 Vides
1649 4377 1779 4447 quid
1809 4376 1975 4432 faciat

2076 3187 2309 3259 καθαροὶ
2336 3188 2570 3259 ὕρνιθες,
2598 3189 2674 3255 ὡς
2703 3191 3205 3262 κοπροφαγοῠντες,
3238 3195 3314 3267 τῷ
3350 3196 3525 3263 οὕτως
3561 3200 3649 3265 ἐξ-

2075 3281 2324 3344 ετάζοντι
2370 3280 2674 3353 ἀκάθαρτοι
2723 3282 2956 3347 δόξαιεν.
2989 3285 3154 3338 Ὥστε
3192 3289 3287 3340 καὶ
3338 3289 3374 3357 ἡ
3425 3291 3649 3363 ῥυπαρά

2075 3373 2283 3428 διάνοια
2315 3374 2501 3439 κακῶς
2528 3376 2659 3447 περὶ
2696 3377 2901 3432 τούτων
2923 3377 3268 3453 λογιζομένη,
3303 3384 3471 3458 ἑαυτῇ
3505 3404 3647 3459 συμ-

2080 3463 2284 3534 μιαίνει
2312 3465 2509 3532 ταῦτα,
2542 3467 2617 3537 μὴ
2646 3466 2775 3520 ὄντα
2808 3467 2968 3537 φύσει
3008 3471 3252 3526 τοιαῦτα.
3302 3474 3512 3547 Ὥσπερ
3552 3478 3648 3531 καὶ

2074 3558 2104 3611 ὁ
2138 3558 2452 3628 στομαχιῶν
2497 3558 2707 3629 νομίζει
2746 3558 2816 3613 τὰ
2859 3558 3127 3631 βρώματα
3172 3563 3332 3635 ἀηδῆ,
3367 3567 3472 3619 κᾶν
3514 3568 3652 3637 ἡδέα

2076 3641 2179 3703 ὦσι
2204 3665 2218 3680 ·
2247 3648 2445 3720 καὶτῷ
2479 3649 2778 3719 mntem
2830 3650 2981 3705 δοκεῖ
3009 3655 3471 3730 περιστρέφεσθαι
3510 3662 3542 3731 ἡ
3578 3662 3648 3730 γῆ

2076 3742 2256 3809 παγία
2297 3740 2548 3793 ἑστῶσα·
2580 3740 2673 3795 τοῦ
2705 3741 2815 3814 γὰρ
2869 3742 3078 3808 πάθους
3118 3746 3283 3800 αὐτοῦ
3338 3749 3371 3819 ἡ
3422 3751 3655 3821 τοιαύτη,

2076 3831 2321 3885 ὑπόνοια.
2356 3830 2542 3886 Ταῦτα
2581 3833 2843 3905 καὶπρὸς
2872 3835 3210 3907 Μανιχαέους
3254 3840 3505 3909 ἁρμόζει,
3552 3845 3647 3895 καὶ

2079 3921 2215 3993 πρὸς
2241 3923 2687 3994 Μαρκιωνιστὰς,
2717 3924 2814 3979 καὶ
2857 3926 2985 3990 τοὺς
3017 3928 3115 3981 ἀπ’
3148 3930 3327 3983 αὐτῶν
3370 3936 3647 4000 vso-pavet;

2077 4013 2413 4084 αἱρετικοὺς,
2462 4015 2591 4080 τοὺς
2641 4016 2972 4089 λεγομένους
3020 4021 3174 4092 παρὰ
3221 4021 3437 4085 πολλοῖς
3476 4024 3648 4078 Γαλά-

2075 4119 2174 4167 τας
2194 4103 2265 4159 ’⁷.

2148 4196 2299 4252 Θεὸν
2327 4198 2733 4270 ὁμολογοῦσιν
2765 4199 3011 4266 ειδέναι,
3050 4203 3175 4270 τοῖς
3208 4204 3277 4259 δὲ
3306 4207 3503 4276 ἔργοις
3538 4209 3667 4276 ἀρκ

2075 4286 2342 4353 νοῦν-ται,
2373 4288 2700 4354 βδελυκτοὶ
2730 4289 2902 4357 ὄντες
2934 4294 3032 4346 καί
3056 4294 3338 4362 ἀπειθεῖς,
3370 4297 3469 4350 καί
3495 4299 3654 4371 πρὸς⁸

2077 4379 2200 4436 πᾶν
2233 4381 2410 4451 ἔργον
2442 4381 2667 4451 ἀγαθὸν
2700 4381 2993 4453 ἀδόκιμοι.
3037 4386 3198 4458 Ὁρᾷς
3233 4387 3287 4441 τί
3332 4392 3477 4442 ποιεῖ
3505 4391 3645 4443 ἀκα-

401 4466 713 4524 immundos
734 4481 787 4524 et
817 4470 1219 4525 exsecrabiles?
1253 4469 1426 4539 Opera
1457 4482 1619 4538 prava
1658 4476 1714 4523 et
1735 4467 1969 4524 sordida.

2084 4471 2313 4542 θάρτους
2343 4472 2437 4526 καὶ
2464 4471 2821 4543 βδελυκτούςς
2859 4475 2933 4528 Τὸ
2962 4475 3101 4547 ἔργα
3139 4478 3283 4550 ἔχειν
3315 4480 3528 4551 πονηρὰ
3554 4482 3653 4537 καὶ

404 4556 612 4614 Revera
668 4561 812 4615 enim
862 4561 994 4617 ﬁdes
1023 4562 1145 4617 sine
1181 4561 1442 4630 operibus
1495 4569 1708 4617 mortua
1771 4569 1856 4616 est
1899 4561 1968 4615 ⁸³.

405 4645 649 4705 Mortuus
674 4658 855 4705 autem
882 4650 1237 4706 exsecrabilis
1268 4659 1373 4712 est,
1419 4666 1474 4707 e'.
1521 4654 1586 4706 ad
1613 4652 1832 4724 quidvis
1885 4665 1973 4706 re-

402 4739 628 4808 probus.

1022 4851 1251 4908 CAPUT
1310 4851 1379 4909 ll.

475 4940 644 4995 Vens.
674 4941 731 4998 1.
766 4942 844 4996 Τιι
872 4953 1044 4998 autem
1060 4945 1268 5017 loquere
1293 4964 1410 5017 quo?
1454 4946 1633 5001 decent
1663 4964 1851 5001 sanam
1876 4944 1975 4999 do-

404 5030 652 5088 ctrinam.
685 5034 911 5091 Etiamsi
947 5036 1323 5094 inobedientes
1369 5039 1481 5092 sint
1514 5038 1591 5092 illi
1627 5052 1692 5093 ac
1722 5038 1968 5109 reprobi,

408 5132 463 5177 tu
489 5130 669 5180 tamen
700 5126 846 5198 quod
880 5127 960 5181 tui
984 5129 1228 5185 muneris
1259 5129 1553 5197 εει,ίίιοίιο
1605 5146 1619 5183 :
1654 5146 1721 5184 ne
1764 5138 1969 5194 taceas,

407 5214 616 5270 etiamsi
643 5215 718 5270 illi
750 5231 857 5271 non
872 5216 1158 5287 recipiant.

479 5306 645 5366 Vens.
707 5308 763 5364 2.
795 5307 957 5365 Senes
988 5320 1044 5365 ut
1071 5313 1175 5366 sint
1206 5312 1391 5368 sobrii.
1422 5312 1562 5378 Quia
1617 5313 1756 5369 senii
1782 5312 1969 5368 vitium

482 5479 652 5537 “lsa.
696 5500 851 5552 xxxx;
898 5485 1087 5541 Matth.
1126 5501 1213 5540 xv.
1290 5487 1336 5520 ⁸⁸
1365 5482 1488 5542 Jac.
1536 5501 1598 5554 ιι,
1629 5485 1718 5541 17.

2080 4564 2323 4636 ῥυπαρά.
2350 4565 2557 4629 Ὄντως
2583 4567 2691 4637 γάρ
2717 4566 2900 4631 πίστις
2937 4570 3106 4640 χωρὶς
3132 4569 3333 4641 ἔργων,
3355 4574 3541 4644 νεκρά.
3589 4573 3659 4627 '0-

2078 4656 2135 4710 δὲ
2181 4657 2371 4728 νεκρὸς
2429 4655 2736 4729 βδελυκτδς,
2767 4658 2862 4711 καὶ
2906 4659 3041 4731 πρὸς
3098 4663 3206 4716 πᾶν
3245 4662 3425 4717 ὁτιοῦν
3472 4663 3650 4721 ἀδόκι-

2082 4765 2200 4818 μος.

2675 4862 2925 4918 ΚΕΦΑΛ.
2965 4863 3042 4916 B'.

2148 4952 2233 5005 Σὺ
2264 4950 2329 5005 δὲ
2359 4952 2534 5008 λάλει
2560 4953 2599 5008 ἄ
2629 4955 2840 5023 πρέπει
2867 4953 2940 5023 τῇ
2968 4956 3327 5024 ὑγιαινούσῃ
3358 4956 3646 5011 διδασκα-

2078 5045 2201 5111 λίᾳ.
2237 5043 2353 5099 Κᾶν
2383 5045 2627 5109 ἀπειθεῖς
2659 5041 2793 5100 ὦσιν
2822 5048 3024 5101 ἐκεῖνοι
3066 5046 3162 5100 καὶ
3191 5047 3469 5118 ἀδόκιμοι,
3509 5049 3648 5102 ἀλλὰ

2080 5135 2146 5188 σὺ
2189 5135 2257 5188 τὰ
2287 5137 2484 5190 εαυτοῦ
2532 5137 2707 5191 ποίειο
2745 5138 2821 5210 μὴ
2875 5139 3131 5211 σιγήσῃς,
3178 5139 3281 5194 κᾶν
3331 5141 3528 5196 ἐκεῖνοι
3571 5140 3665 5212 ph;

2081 5223 2521 5293 παραδὲχωνται.

2151 5314 2513 5386 Πρεσϐύτας,
2543 5317 2880 5386 νηφαλίους
2900 5310 3072 5372 εῖναι.
3122 5316 3339 5388 Ἐπειδὴ
3362 5316 3648 5387 ἐλάττωμα

1745 5621 1945 5685 Varite
1966 5620 2305 5685 lectiones.

481 5742 529 5776 ⁷⁵
547 5745 898 5816 ἐπαγομένων
926 5764 981 5802 ο.
1057 5749 1103 5783 ’⁸
1125 5748 1402 5820 ἐπικωλύῃ
1430 5766 1486 5807 o.
1562 5752 1608 5784 ’°
1629 5737 1840 5814 ἁπίθεῖς
1859 5764 1911 5804 o.
1994 5751 2038 5785 "
2061 5750 2304 5812 Γοὸἁτας
2333 5764 2405 5802 ιιι.
