4006 6214
415 330 524 395 157

1239 334 1645 397 EXPOSITIO
1685 337 1768 398 IN
1817 339 2059 401 EPIST.
2091 344 2192 404 AD
2229 346 2495 409 TITUM.
2525 375 2590 384 -
2627 351 2787 413 CAP.
2822 352 2900 413 Il.

3565 356 3670 422 158

412 442 513 496 τοῦ
573 441 765 526 γήρως
814 441 933 495 ἐστὶ
988 441 1049 496 τὸ
1101 442 1306 515 νωθρὸν
1365 446 1460 499 καὶ
1521 447 1854 518 ληθαργικδν
1913 451 2005 502 καὶ

2110 463 2195 510 est
2235 458 2496 525 segnities
2523 469 2575 514 et
2599 462 2803 516 oblivio
2825 472 2876 518 et
2913 473 3123 534 torpor,
3181 475 3466 534 propterea
3511 467 3673 530 dicit.

411 534 755 604 δυσκίνητον,
811 535 896 589 διὰ
929 535 1089 589 τοῦτό
1141 553 1300 605 φησι,
1330 539 1630 606 Νηφὰλιοι
1679 540 1985 606 ἔστωσαν,

410 628 664 682 τουτέστι
691 627 1131 699 διεγηγερμένοι,
1164 629 1332 694 ὀξεῖς.

481 723 771 790 Σεμνοὺς,
820 725 1159 792 σώφρονας.
1209 725 1347 787 Τοὺς
1387 725 1688 795 φρονίμους
1731 725 1988 796 ὀνομάζει

411 813 719 883 σώφρονας,
767 813 919 884 παρὰ
951 815 1046 865 τοῦ
1097 815 1240 876 σὼας
1272 815 1419 886 ἔχειν
1458 816 1560 881 τὰς
1591 815 1818 887 φρένας.
1868 817 1991 871 Εἰσὶ

409 906 520 974 γὰρ
570 905 665 956 καὶ
721 905 779 956 ὲν
810 903 1034 974 γέρουσι
1068 906 1386 975 μαινόμενοι
1411 909 1506 960 καὶ
1541 907 1864 972 λυττῶντες,
1895 908 1990 960 καὶ

409 995 786 1064 παράφρονες,
815 996 865 1048 οί
899 996 997 1064 μὲν
1029 995 1134 1048 ὑπὸ
1183 997 1350 1062 οἴνου,
1385 998 1436 1051 οἱ
1476 998 1534 1051 δὲ
1565 999 1672 1052 ὑπὸ
1717 997 1992 1070 μικροψυ-

405 1085 552 1156 χίας.

485 1199 906 1268 ’Υτιαίνοντας
960 1200 1034 1267 τῇ
1083 1202 1306 1266 πίστει,
1355 1202 1431 1271 τῇ
1462 1201 1689 1272 ἀγάπῃ,
1735 1203 1812 1272 τῇ
1850 1206 1990 1258 ὐπο-

402 1291 586 1359 ιιονῇ.
621 1290 876 1345 Μάλιστα
927 1293 960 1362 ὴ
1001 1293 1249 1363 ὑπομονὴ
1311 1293 1716 1364 ἁρμοδιώτατον
1764 1293 1988 1362 γέρουσι

405 1382 801 1469 παράγγελμα,
833 1384 922 1436 διὰ
963 1384 1024 1436 τὸ
1058 1385 1356 1454 ἀκρόχολον
1386 1384 1566 1438 αὐτῶν
1599 1386 1692 1437 καὶ
1725 1384 1987 1454 μικρόλυ-

403 1489 538 1527 πον.

478 1564 886 1634 Πρεσϐὐτιδας
929 1565 1217 1633 ὡσαύτως
1264 1567 1335 1622 ἐν
1382 1569 1795 1637 καταστήματι
1838 1571 1990 1635 ἱερο-

401 1657 675 1725 πρεπεῖς.
721 1658 832 1720 Τὰς
865 1658 1095 1726 γραῖδας
1117 1658 1287 1726 λέγει,
1327 1659 1393 1722 ἃς
1435 1660 1531 1713 καὶ
1563 1661 1658 1713 ἀπ’
1695 1659 1861 1713 αὐτοῦ
1891 1658 1986 1710 τοῦ

405 1751 692 1816 σχήματος
735 1749 831 1800 καὶ
882 1749 981 1814 τῆς
1024 1751 1363 1819 καταπολῆς
1409 1752 1492 1804 δεῖ
1521 1751 1760 1821 κοσμίοις
1803 1751 1987 1820 φαίνει

405 1844 556 1893 σθαι.
593 1841 750 1902 Τινὲς
778 1839 834 1893 δὲ
877 1840 974 1903 τὰς
1008 1841 1065 1892 ἐν
1107 1841 1407 1912 Ἐκκλησία
1450 1842 1730 1903 διακόνους
1782 1840 1948 1910 φασὶν
1971 1880 1985 1904 ,
2020 1829 2062 1882 Β

401 1931 470 1992 ἃς
503 1931 595 1984 καὶ
625 1932 722 1986 ἀπ’
752 1931 926 2000 αὐτῆς
956 1932 1056 2001 τῆς
1085 1931 1411 2002 ἁμφιάσεως
1439 1933 1665 1986 ἀπαιτεῖ
1697 1931 1984 2000 φαίνεσθαι

407 2025 798 2092 ἱεροπρεπεῖς,
867 2022 1138 2088 τουτέστι,
1187 2026 1310 2086 ταῖς
1355 2024 1532 2094 ίεραῖς
1591 2020 1984 2093 ὲμπρεπούσας

407 2115 759 2184 ὑπηρεσίαις.

481 2206 577 2273 Μὴ
605 2205 948 2272 διαϐόλους,
964 2205 1050 2275 μὴ
1083 2207 1228 2273 οϊνῳ
1262 2206 1473 2272 πολλῷ
1505 2205 1979 2275 δεδουλωμένας.

427 2301 636 2371 Ἐπειδὴ
663 2301 773 2372 γὰρ
802 2300 1010 2370 ψυχρὸν
1039 2303 1100 2354 τὸ
1132 2303 1325 2372 γῆρας,
1356 2303 1513 2355 ποθεῖ
1547 2302 1641 2355 τὸν
1666 2295 1830 2365 οἶνον,
1861 2296 1984 2353 εἶτα

407 2393 484 2464 μὴ
513 2393 820 2462 δυνάμενον
853 2392 1102 2462 ἀντέχειν
1147 2394 1222 2455 ὡς
1249 2393 1498 2456 ἀσθενὲς,
1527 2391 1980 2455 καταπαλαίεται,

399 2485 504 2553 οὐχ
547 2483 656 2537 ὑπὸ
697 2483 790 2536 τοῦ
824 2484 1161 2554 συμμέτρου,
1205 2485 1320 2538 ἀλλ’
1366 2484 1471 2538 ὑπὸ
1517 2483 1613 2536 τοῦ
1665 2481 1884 2543 πολλοῦ,
1919 2481 1983 2532 ἐκ

399 2576 601 2629 τούτου
632 2576 688 2628 δὲ
722 2579 814 2628 καὶ
837 2577 899 2628 τὸ
926 2577 1065 2648 πρὸς
1093 2577 1346 2640 διαϐολὰς
1375 2577 1695 2648 ἐπιρῤεπές.

479 2738 1077 2806 Καλοδιδασχὰλους.
1112 2739 1238 2802 Πῶς
1266 2739 1360 2792 οὖν
1390 2737 1625 2807 ἀλλαχοῦ
1669 2753 1827 2806 φησι,
1859 2736 1982 2788 Γυ·
2031 2788 2034 2792 .

406 2831 570 2883 rami
595 2830 910 2884 διδάσκειν
933 2833 1042 2884 οὐκ
1076 2831 1410 2898 exaperta);
1448 2829 1596 2882 Ἐκεῖ
1627 2829 1754 2897 περὶ
1794 2827 1892 2895 τῆς
1925 2826 1982 2877 ὲν

424 2923 716 2994 Ἐκκλησία
758 2924 947 2991 κοινῆς
994 2925 1341 2988 διδασκαλίας
1383 2924 1570 2996 φησὶν,
1601 2925 1724 2992 ἥτις
1752 2920 1978 2991 ἁπείρη·

403 3030 500 3066 ται
534 3016 651 3076 ταῖς
677 3015 945 3082 γυναιξὶν,
972 3015 1207 3069 ἐνταῦθα
1233 3016 1290 3069 δὲ
1316 3017 1443 3087 περὶ
1474 3014 1572 3084 τῆς
1597 3015 1654 3066 ἐν
1673 3013 1807 3082 οἴκῳ
1835 3028 1984 3080 γινο-

411 3107 606 3175 μένης,
636 3106 730 3158 καὶ⁵
761 3106 868 3177 ἰδίᾳ
906 3108 1041 3178 πρὸς
1068 3109 1351 3176 γυναῖκας.
1384 3108 1506 3160 Ὀτι
1537 3105 1594 3158 δὲ
1620 3104 1778 3157 τοῦτο
1807 3104 1975 3170 λέγει,

409 3199 575 3252 ἄκουε
601 3198 710 3250 τῶν
739 3199 889 3268 ἑξῆς.

486 3292 622 3344 Ἵνα
654 3290 1066 3359 σωφρονίᾷυσι
1098 3291 1206 3357 τὰς
1231 3291 1393 3357 νέας,
1419 3287 1788 3359 φιλάνδρους
1817 3283 1990 3340 εἶναι.

403 3382 482 3434 Οὐ
515 3383 611 3444 τὰς
647 3383 855 3443 οἰκείας
893 3384 1052 3453 μόνον
1099 3383 1426 3453 θυγατέρας,
1460 3381 1596 3434 ἀλλὰ
1639 3380 1734 3433 καὶ
1762 3379 1992 3433 καθόλου

406 3474 592 3535 πάσας
623 3472 722 3536 τὰς
747 3475 895 3534 νέας.
942 3474 1179 3544 Ἐκὰστη
1205 3475 1315 3543 γὰρ
1347 3472 1695 3543 πρεσϐυτέρα
1727 3472 1828 3540 τὴν
1857 3488 1992 3524 νεω-

403 3566 575 3635 τέραν
606 3567 913 3619 παιδευέτω
934 3582 946 3596 ⁸
986 3567 1078 3618 καὶ
1110 3567 1327 3636 πρῶτον
1375 3566 1436 3619 τὸ
1466 3565 1763 3634 κεφάλαιον
1793 3563 1902 3614 τῶν
1935 3564 1992 3614 ἐν

404 3657 562 3727 οἰκία
593 3656 841 3724 ἀγαθῶν,
872 3659 973 3726 τὴν
1023 3657 1364 3728 φιλανδρίαν.
1409 3656 1616 3711 Τούτου
1663 3657 1771 3728 γὰρ
1815 3654 1989 3718 ὄντος,

408 3748 505 3800 καὶ
549 3749 616 3801 τὰ
647 3748 811 3801 λοιπὰ
840 3749 1054 3818 ἕψεται,
1091 3749 1317 3819 εὐθηνία
1351 3747 1523 3811 οἴκου,
1570 3747 1662 3800 καὶ
1695 3744 1991 3816 χρημάτων

404 3837 721 3905 περιουσία,
748 3838 939 3910 ῶσπερ
983 3839 1214 3902 ἀπόντος
1240 3877 1256 3905 ,
1335 3837 1516 3891 πάντα
1564 3836 1666 3890 κᾶν
1717 3833 1988 3906 παρῶσιν,

407 3928 883 4001 ἀωρῤυήσοντσι.

479 4186 900 4253 Φιλοτέκνους.
954 4185 1019 4240 Ἦ
1045 4187 1152 4259 γὰρ
1179 4185 1278 4256 τὴν
1306 4184 1463 4256 ῥίζαν
1494 4185 1613 4256 ἦτοι
1655 4183 1748 4238 τὸν
1776 4184 1989 4254 πατέρα

409 4279 726 4346 ἀγαπῶσα,
773 4279 955 4349 πολλῷ
1000 4278 1202 4368 μᾶλλον
1245 4277 1342 4332 καὶ
1384 4278 1510 4340 τοὺς
1562 4278 1810 4347 καρποὺς
1869 4277 1988 4347 ἤτοι

407 4374 541 4436 τοὺς
569 4373 767 4436 παῖδας
793 4373 1094 4444 ἀγαπήσει.

2093 545 2271 600 Sobrii
2292 550 2418 614 sint,
2452 549 2553 605 hoc
2591 561 2674 606 est
2705 553 2944 617 excitati,
2978 555 3235 624 prompti.

2168 737 2376 805 Pudici,
2435 740 2736 808 prudentes.
2780 742 3088 797 Prudentes
3119 742 3406 812 appellavit
3455 743 3670 814 σώφρο-

2092 846 2209 892 νας,
2241 845 2306 884 eo
2333 831 2655 900 quodsanas
2715 843 2924 888 mentes
2977 834 3240 887 habeant.
3327 832 3465 887 Sunt:
3524 836 3667 887 enim

2092 934 2252 975 senes
2307 923 2470 974 etiam
2545 923 2747 988 insani,
2838 932 2892 978 et
2945 925 3150 978 rabiosi
3215 938 3278 978 ac
3353 924 3665 977 dementes:

2092 1012 2184 1066 alii
2243 1012 2464 1082 quidem
2515 1028 2584 1069 ex
2632 1014 2783 1079 vino,
2855 1015 2948 1070 alii
2992 1032 3123 1070 vero
3183 1031 3250 1070 ex
3311 1014 3667 1084 pusillanimi-

2091 1108 2226 1156 tate.

2162 1212 2295 1268 Sani
2321 1216 2377 1268 in
2432 1216 2556 1282 ﬁde,
2616 1218 2916 1283 dilectione,
2962 1228 3011 1272 et
3073 1219 3353 1286 patientia.
3394 1215 3665 1270 Patientia

2090 1303 2478 1372 grandioribus
2514 1312 2644 1358 natu
2673 1316 2756 1360 est
2781 1307 3286 1362 commodissimum
3308 1317 3668 1375 praeceptum,

2090 1395 2236 1462 quod
2271 1397 2429 1452 facile
2457 1398 2888 1466 excandescant,
2927 1407 2982 1453 et
3009 1400 3115 1455 levi
3149 1399 3219 1455 de
3267 1413 3432 1452 causa
3459 1395 3668 1452 contri-

2091 1489 2330 1537 stentur.

2161 1574 2328 1630 Vsus.
2354 1577 2408 1631 5.
2463 1577 2612 1630 Anus
2656 1577 2900 1631 similiter
2931 1579 2986 1631 in
3031 1578 3212 1631 habitu
3269 1583 3473 1631 sancto.
3515 1574 3669 1626 Anus

2091 1665 2248 1731 dicit,
2305 1683 2443 1736 quas
2473 1677 2525 1722 et
2560 1668 2630 1722 ab
2658 1668 2778 1738 ipso
2829 1669 3018 1723 habitu
3069 1677 3124 1722 et
3165 1677 3361 1722 ornatu
3396 1667 3666 1721 honestas

2091 1755 2262 1810 videri
2293 1764 2531 1825 oportet.
2565 1756 2792 1822 Quidam
2814 1769 2994 1812 autem
3021 1757 3364 1812 diaconissas
3389 1756 3444 1809 in
3475 1753 3665 1809 Eccle-

2093 1847 2174 1901 sia
2249 1839 2357 1901 hic'
2396 1847 2731 1917 intelligunt,
2781 1864 2922 1919 quas
2961 1857 3016 1904 et
3070 1849 3188 1919 ipso
3239 1849 3403 1903 etiam
3464 1846 3668 1904 vestitu

2092 1937 2207 1992 vult
2241 1953 2377 1992 sane
2402 1940 2910 2011 ornatasconspici,
2946 1941 3050 1997 lroc
3075 1952 3181 2005 est,
3201 1939 3376 1994 sacris
3411 1937 3665 1992 ministe-

2091 2027 2188 2083 riis
2217 2027 2486 2097 insignes.

2164 2194 2290 2250 Non
2331 2196 2784 2262 calumniatrices,
2816 2214 2920 2252 non
2949 2197 3116 2251 multo
3181 2197 3299 2250 vino
3359 2192 3662 2247 servientes.

2091 2282 2231 2350 Quia
2253 2286 2397 2340 enim
2424 2297 2682 2342 senectus
2731 2297 2815 2342 est
2866 2287 3089 2355 frigida,
3122 2286 3308 2340 vinum
3358 2280 3660 2336 desiderat:

2095 2377 2296 2431 deinde
2353 2392 2478 2432 cum
2533 2393 2643 2432 non
2685 2379 2864 2448 possit
2916 2378 3215 2440 sustinere,
3272 2381 3458 2445 utpote
3497 2370 3666 2424 imbe-

2089 2469 2214 2524 cilla
2246 2470 2507 2536 vincitur,
2554 2485 2660 2525 non
2692 2487 2723 2525 a
2757 2471 3038 2528 moderato
3089 2471 3251 2538 vino,
3307 2469 3400 2524 sed
3439 2482 3470 2521 a
3528 2465 3666 2518 mul-

2089 2570 2146 2617 to
2195 2578 2210 2616 :
2257 2577 2323 2616 ex
2388 2562 2493 2618 hoc
2553 2571 2736 2618 autem
2806 2565 2874 2619 ad
2926 2563 3234 2619 calumnias
3311 2559 3451 2615 ﬁunt
3532 2571 3663 2627 pro-

2088 2651 2394 2722 pensiores.

2157 2741 2298 2795 Bene
2349 2744 2616 2797 docentes.
2637 2743 2923 2809 Quomodo
2951 2744 3116 2814 igitur
3143 2743 3251 2796 alio
3274 2742 3330 2796 in
3370 2741 3491 2795 loco
3507 2737 3661 2793 dicit:

2090 2831 2290 2885 Docere
2317 2832 2529 2885 mulieri
2551 2849 2654 2886 non
2697 2834 2945 2901 permitto
2977 2834 3021 2865 ⁶⁶
3053 2834 3076 2886 ?
3120 2831 3236 2886 lllic
3269 2830 3336 2884 de
3381 2826 3660 2884 communi

2088 2927 2145 2979 in
2169 2924 2412 2979 Ecclesia
2447 2925 2698 2980 doctrina
2727 2925 2989 2995 loquitur,
3020 2939 3141 2995 quae
3196 2922 3521 2978 mulieribus
3576 2927 3663 2973 est

2088 3014 2364 3084 prohibita
2399 3032 2412 3066 :
2440 3014 2529 3068 llic
2555 3024 2736 3068 autem
2765 3015 2832 3070 de
2877 3015 3199 3080 domestica,
3220 3027 3342 3083 quae
3399 3009 3660 3080 privatim

2094 3107 2154 3158 tit
2183 3104 2249 3158 ad
2281 3105 2563 3160 mulieres.
2607 3104 2766 3170 Quod
2822 3113 3003 3160 autem
3058 3104 3164 3161 hoc
3226 3104 3395 3168 dicat,
3429 3100 3556 3155 audi
3599 3115 3667 3154 ex

2015 3186 2058 3243 C
2091 3196 2471 3265 sequentibus.

2173 3287 2241 3342 Ut
2264 3288 2549 3341 instituant
2574 3286 3022 3347 adolescentulus.
3051 3294 3109 3339 ut
3134 3287 3240 3340 sint
3286 3293 3521 3338 amantes
3550 3298 3668 3334 ma-

2096 3378 2344 3430 ritorum.
2371 3375 2486 3432 Non
2518 3385 2726 3430 tantum
2783 3375 3130 3446 ﬁlias~63l
3167 3390 3315 3440 suas,
3376 3388 3563 3430 verum
3612 3371 3666 3425 in

2095 3469 2408 3523 universum
2427 3481 2618 3523 omnes
2630 3467 3084 3523 adolescentulas.
3098 3465 3517 3530 Quaal’tbetcnim
3535 3471 3667 3516 natu

2093 3557 2352 3626 grandior
2373 3557 2648 3627 juniorem
2695 3557 2929 3628 puellam
2989 3559 3228 3621 erudiat,
3303 3571 3367 3610 ac
3430 3556 3664 3626 primum

2093 3656 2260 3717 caput
2312 3648 2740 3704 domesticorum
2771 3649 3040 3704 bonorum
3067 3663 3161 3703 eas
3202 3648 3417 3712 doceat,
3473 3659 3668 3711 nempe

2093 3747 2155 3793 ut
2187 3740 2298 3794 sint
2321 3751 2568 3795 amantes
2606 3740 2950 3794 maritorum.
2975 3738 3110 3794 Nam
3168 3739 3216 3794 si
3265 3739 3369 3793 hoc
3433 3735 3668 3798 all‘uerit,

2093 3841 2394 3902 sequentur
2415 3832 2579 3888 etiam
2602 3832 2837 3904 reliqua,
2867 3831 3422 3902 nempeprosperitas
3451 3831 3668 3892 domus,

2091 3923 2526 3994 facultatumque
2558 3923 2714 3994 copia
2748 3921 3251 3994 :quemadmodum
3304 3937 3334 3977 ο
3370 3922 3585 3976 diverso
3621 3920 3666 3972 si

2091 4016 2239 4072 absit
2287 4029 2442 4071 amor
2483 4015 2776 4080 maritalis,
2807 4012 3027 4069 etiamsi
3046 4012 3232 4067 omnia
3247 4009 3528 4072 all'ucrint,
3557 4007 3668 4063 dif-

2089 4110 2259 4166 ﬂuent
2279 4125 2344 4165 ac
2368 4124 2586 4180 pessum
2621 4110 2799 4164 ibunt.

2163 4198 2334 4254 Filios
2360 4215 2484 4254 suos
2501 4198 2752 4267 diligant.
2786 4196 2920 4264 Quae
2962 4195 3110 4251 enim
3160 4193 3398 4248 radicem
3433 4207 3529 4247 seu
3577 4206 3666 4262 p.1-

2092 4305 2230 4348 trem
2261 4291 2463 4360 diligit,
2495 4290 2669 4344 multo
2699 4289 2875 4360 magis
2928 4287 3094 4344 etiam
3127 4285 3340 4340 fructus
3375 4285 3492 4339 sive
3527 4284 3674 4338 ﬁlios

2091 4385 2307 4455 diliget.

483 4485 828 4554 Σώφρονος,
867 4487 1076 4554 ἁγνὰς,
1117 4489 1451 4557 οἰκουροὺς,
1492 4486 1740 4556 ἀγαθάςο
1783 4487 1844 4538 ’Π
1881 4485 1988 4556 γὰρ

2167 4499 2336 4554 Vsns.
2383 4501 2437 4554 5.
2505 4499 2573 4554 Ut
2613 4500 2719 4554 sint
2775 4501 2990 4562 sobriw,
3025 4509 3212 4566 castra,
3249 4500 3438 4552 domus
3489 4515 3675 4552 curam

408 4576 646 4647 φιλοῦσα
665 4579 758 4632 τὴν
782 4579 973 4649 ἄνδρα,
997 4581 1093 4633 καὶ
1120 4578 1351 4647 σώφρων
1367 4579 1520 4631 ἔσται
1539 4577 1634 4631 καὶ
1655 4576 1814 4644 ἁγνὴ,
1840 4593 1993 4628 τουτ-

407 4668 555 4731 έστι,
594 4668 692 4721 καὶ
752 4669 968 4738 σώματι
999 4669 1091 4722 καὶ
1119 4668 1331 4739 διανοίᾳ
1363 4668 1581 4737 καθαρὰ
1621 4667 1728 4721 ἀπὸ
1755 4669 1853 4737 τῆς
1883 4668 1991 4720 τῶν

409 4759 713 4832 ἀλλοτρίων
742 4763 838 4815 καὶ
865 4762 1062 4832 μίξεως
1090 4762 1185 4816 καὶ
1207 4761 1504 4832 ἐπιθυμίας
1525 4777 1538 4792 ·
1575 4761 1711 4814 ἀλλὰ
1742 4762 1836 4814 καὶ
1873 4763 1991 4814 oln-

414 4852 579 4922 ουρὸς
647 4852 870 4924 ἀγαθὴ,
921 4853 1233 4920 τουτέστιν,
1281 4855 1628 4922 οἰκονομική.
1693 4853 1991 4921 Ἀγαπῶσα

416 4945 528 5014 γὰρ
556 4943 648 4997 τὸν
675 4945 862 5017 ἄνδρα,
894 4947 990 5000 καὶ
1016 4944 1108 5000 τοῦ
1133 4946 1284 4999 οἴκου
1314 4945 1682 5014 ἐπιμελεῖται,
1714 4944 1837 4997 οὔτε
1867 4946 1993 5014 περὶ

412 5038 653 5108 τρυφὴν,
702 5036 829 5092 οὔτε
863 5039 994 5109 περὶ
1035 5039 1313 5102 σπατάλας
1347 5040 1392 5072 ⁷⁸
1433 5039 1699 5108 ἀκαίρους
1740 5041 1835 5092 καὶ⁸
1861 5039 1994 5092 καλ-

413 5126 734 5199 λωπισμους
774 5132 1171 5201 ἀσχολουμένη.
1217 5133 1338 5184 Τίνι
1367 5131 1478 5202 γὰρ
1512 5133 1606 5184 καὶ
1631 5132 2005 5203 ἄλλῳοὰρέσει.

417 5217 570 5282 ἅπαξ
599 5221 676 5289 τῷ
707 5222 980 5292 ἀγαπητῷ
1004 5222 1287 5293 ἀρέσασα;
1323 5223 1526 5278 Σκόπει
1567 5224 1626 5278 δὲ
1660 5225 1776 5286 πῶς
1809 5227 1837 5276 ὁ
1865 5226 1996 5291 ἀφι-

416 5311 563 5365 στῶν
583 5313 691 5367 τῶν
723 5315 993 5385 βιωτικῶν
1021 5319 1050 5371 ὀ
1071 5317 1306 5385 Παῦλος,
1341 5319 1435 5374 νῦν
1469 5320 1724 5392 φροντίδα
1753 5325 1994 5374 ποιεῖται

494 5477 590 5532 ⁸⁸1
643 5481 783 5536 Tim.
837 5500 896 5549 ll,
953 5487 1039 5542 12.

2101 4586 2383 4652 habentes,
2413 4587 2582 4642 bona'.
2612 4589 2745 4655 Qua:
2779 4589 2925 4643 enim
2958 4589 3218 4643 maritum
3279 4603 3439 4642 suum
3473 4587 3674 4656 diligit,

2101 4687 2154 4734 et
2183 4681 2367 4735 sobria
2389 4682 2488 4737 erit
2519 4690 2572 4736 et
2595 4691 2767 4748 casta,
2799 4682 2901 4738 hoc
2931 4692 3037 4748 est,
3065 4691 3121 4738 et
3151 4696 3381 4752 corpore
3409 4690 3462 4737 et
3496 4692 3677 4736 mente

2102 4788 2236 4841 pura
2264 4773 2333 4828 ab
2355 4775 2501 4828 omni
2534 4775 2712 4829 aliena
2755 4783 2866 4828 tam
2928 4775 3216 4837 mixtione,
3247 4789 3410 4843 quam
3470 4787 3675 4828 concu-

2102 4865 2390 4935 piscentia.
2441 4865 2748 4932 Quinetiam
2775 4866 2972 4920 bonam
2997 4867 3194 4922 domus
3215 4879 3400 4919 curam
3431 4864 3672 4928 habebit,

2102 4955 2152 5009 id
2180 4966 2290 5022 est,
2322 4957 2738 5011 materfamilias
2773 4958 2898 5011 erit.
2924 4956 3060 5010 Nam
3093 4972 3216 5028 qure
3257 4959 3513 5012 maritum
3547 4955 3672 5009 dili-

2101 5047 2199 5116 git,
2229 5047 2427 5101 domus
2453 5045 2617 5100 etiam
2656 5061 2844 5100 curam
2873 5048 3035 5119 gerit,
3063 5063 3244 5118 neque
3289 5052 3438 5102 circa
3474 5048 3674 5100 intem-

2100 5137 2342 5205 pestivas
2373 5135 2604 5191 delicias
2643 5145 2697 5192 et
2721 5145 2955 5194 ornatus
3010 5147 3338 5210 occupatur.
3367 5138 3466 5193 Cui
3525 5137 3671 5190 cnim

2100 5225 2191 5280 alii
2221 5225 2455 5296 placebit
2485 5240 2606 5294 quae
2642 5227 2812 5282 semel
2844 5227 3047 5283 dilecto
3091 5227 3341 5299 placuit?
3368 5223 3670 5280 Considera

2100 5327 2282 5376 autem
2344 5321 2623 5391 quomodo
2675 5320 2903 5388 Paulus
2953 5324 3044 5379 ille
3073 5324 3186 5396 qui.
3223 5337 3252 5377 a
3310 5321 3475 5379 rebus
3506 5318 3672 5391 hujus

1763 5608 1962 5672 Variae
1991 5609 2322 5673 lectiones.

495 5714 538 5748 '°
568 5714 815 5784 δαπάνας
851 5737 905 5777 o.
