4006 6214
430 362 529 429 ζει

1220 364 1625 426 EXPUSITIO
1650 366 1731 427 IN
1770 365 2014 427 EPIST.
2057 368 2156 426 AD
2192 366 2457 428 TlTUM.
2501 392 2568 402 -
2601 367 2767 431 CAP.
2798 368 2881 427 ll.

3580 370 3685 434 162

427 476 629 544 δόγμα,
664 475 741 537 de;
769 476 1037 544 τοσαύτην
1068 477 1223 545 ἰσχὺν
1251 477 1394 548 ἔχον,
1425 479 1565 532 ὥστε
1606 480 1863 551 τοιαύτην
1908 482 2012 551 ψυ-

2122 480 2270 535 vires
2298 480 2492 545 insint,
2531 488 2589 534 ιιι
2620 478 2934 548 hujusmodi
2958 478 3194 534 auiinam
3221 479 3276 533 in
3301 480 3494 536 melius
3518 498 3677 539 revo~

430 565 532 633 χὴν
572 562 901 632 βελτιῶσαις
958 564 1071 616 ’Λεὶ
1100 569 1208 636 γαρ
1239 566 1299 618 τὸ
1345 567 1589 622 δουλικὸν
1618 570 1774 637 γένος
1813 573 2005 642 ἰταμόν

432 653 548 715 πώς
577 655 695 705 ἐστι
720 656 815 706 καὶ
849 653 1241 726 δυστράπελον,
1270 655 1356 709 διὰ
1389 656 1449 709 τὸ
1491 658 1566 726 μὴ
1596 657 1777 721 καλῶς
1807 660 2001 729 ἀνάγε-

432 744 581 806 σθαι,
629 745 1000 815 ἀμελούμενον
1062 749 1165 800 ὑπο
1212 746 1323 800 τῶν
1366 748 1662 815 δεσποτῶν,
1720 752 1857 821 μηδὲ
1902 754 2008 807 ὑπὸ

431 835 606 903 λόγων
638 836 675 906 ἦ
725 837 1100 906 συνδιαγωγῆς
1139 838 1350 907 ἀνδρῶν
1400 839 1705 894 σπουδαίων
1747 842 1997 912 ῥυθμίζε-

430 928 576 980 σθαι.
621 929 739 979 Οὐκ
784 927 893 996 ἄρα
940 928 1120 997 μάτην
1159 929 1396 1000 ἀλλαχοῦ
1453 931 1640 999 ἔλεγεν
1684 935 1711 983 ό
1773 934 2005 998 Παῦλος,

440 1018 541 1082 Ὠς
586 1016 667 1081 τῷ
717 1016 843 1081 Θεῷ
893 1016 1312 1085 δουλεύοντες,
1363 1021 1462 1074 καὶ
1502 1023 1614 1076 οὐκ
1653 1025 2005 1092 ἀνθρώποις.

432 1108 552 1161 Κᾶν
612 1107 724 1179 γάρ
775 1109 855 1178 τῷ
905 1108 1143 1181 δεσπότῃ
1195 1112 1469 1183 διακονῇς,
1531 1115 1713 1184 ἀλλ’ἢ
1759 1116 1890 1187 τιμὴ
1928 1121 2008 1181 εἰς

431 1200 563 1251 θεὸν
597 1199 931 1269 ἀνατρέχει,
996 1201 1081 1252 ὅτι
1132 1202 1225 1253 καὶ
1270 1203 1379 1255 ἀπὸ
1428 1202 1523 1256 τοῦ
1578 1206 1745 1273 φόϐου
1796 1208 2006 1260 ἐκείνου

428 1292 466 1359 ή
521 1290 661 1358 πρὸς
727 1290 820 1341 τὸν
877 1290 1137 1360 δεσπότην
1195 1293 1380 1347 εὔνοια
1429 1296 1530 1365 τὴν
1578 1298 1751 1367 ἀρχὴν
1802 1298 1933 1368 ἔχει.

516 1378 812 1447 Ἐπεφάνη
864 1378 975 1449 γὰρ
1028 1382 1066 1448 ἡ
1102 1383 1274 1449 χάρις
1313 1383 1422 1436 τοῦ
1453 1385 1602 1438 Θεοῦ
1637 1387 1674 1453 ἠ
1712 1388 2009 1455 σωτήριος

428 1466 626 1521 πᾶσιν
659 1470 1019 1536 ἀνθρώποις.
1056 1472 1275 1541 Ἐπειδὴ
1299 1474 1432 1527 πολὺ
1466 1476 1559 1529 καὶ
1592 1480 1734 1546 μέγα
1759 1480 2007 1550 ἁπῄτησε

429 1556 587 1626 παρά
639 1557 745 1610 τῶν
786 1561 1037 1624 οἰκετῶν,
1087 1563 1233 1632 φημὶ
1279 1563 1343 1634 δὴ
1399 1566 1460 1618 τὸ
1510 1572 1737 1634 κοσμεῖν
1778 1570 1878 1639 τὴν
1911 1570 2006 1622 τοῦ

424 1649 639 1717 Κυρίου
679 1649 1035 1705 διδασκαλίαν
1067 1653 1158 1706 διὰ
1191 1653 1290 1723 τῆς
1345 1656 1525 1709 αὐτῶν
1551 1658 1807 1728 ἐναρέτου
1864 1661 2009 1713 πολι·

426 1738 603 1801 τείας,
638 1739 878 1793 δείκνυσι
924 1740 1019 1795 νῦν
1068 1744 1151 1796 ὅτι
1209 1745 1437 1809 εἰκότως
1479 1748 1700 1812 τούτους
1743 1750 1814 1802 τὰ
1850 1752 2004 1821 τηλι-

2110 572 2241 626 cet?
2271 570 2501 642 Semper
2533 571 2679 625 enim
2714 585 3000 625 servorum
3035 585 3207 639 genus
3233 578 3317 626 est
3370 572 3675 640 improbum

2107 673 2164 717 et
2192 676 2490 729 morosum,
2521 678 2586 718 eo
2615 662 2757 733 quod
2800 677 2908 716 non
2960 662 3256 716 liberaliter
3298 662 3676 729 instituantur,

2112 760 2299 823 utpote
2352 769 2381 805 a
2442 752 2678 807 dominis
2709 751 2967 820 neglecti,
3014 765 3190 818 neque
3247 749 3451 815 verbis,
3502 766 3678 819 neque

2111 844 2545 898 rOuversatione
2584 844 2852 897 bonorum
2872 842 3112 896 virorum
3147 849 3292 893 rrcte
3348 838 3676 896 formentur.

2112 930 2229 985 Non
2262 934 2427 1002 igitur
2457 933 2664 987 frustra
2698 933 2808 986 alio
2843 932 2898 986 in
2931 933 3051 986 loco
3072 930 3209 984 dixit
3237 928 3481 984 Paulus:
3537 931 3680 984 Tan-

2111 1038 2268 1091 quam
2293 1023 2400 1079 Deo
2429 1026 2730 1090 servientes,
2765 1033 2814 1079 et
2847 1040 2948 1077 non
2970 1023 3267 1076 hominibus
3295 1022 3361 1074 ‘7.
3390 1020 3502 1075 Etsi
3530 1024 3675 1076 enim

2102 1114 2244 1188 .hcro
2270 1125 2364 1171 tuo
2394 1117 2687 1180 inservias,
2718 1116 2901 1171 honos
2929 1122 3109 1169 tamen
3135 1113 3201 1167 ad
3232 1111 3396 1167 Deum
3428 1114 3676 1175 recurrit,

2111 1204 2374 1275 quoniam
2397 1220 2427 1257 a
2456 1205 2653 1260 timore
2675 1205 2845 1267 illius,
2878 1219 2998 1272 quae
3021 1218 3153 1272 erga
3182 1204 3375 1257 herum
3401 1210 3485 1256 cst
3506 1202 3674 1255 bene-

2110 1295 2373 1358 volentia,
2400 1294 2731 1364 principium
2766 1293 2936 1346 ducit.

2185 1382 2352 1440 Vens.
2416 1386 2501 1439 ll.
2558 1384 2819 1453 Apparuit
2851 1384 2990 1436 enim
3049 1382 3225 1452 gratia
3275 1380 3368 1433 Dei
3419 1380 3677 1433 salutaris

2111 1478 2357 1530 omnibus
2410 1476 2730 1529 hominibus.
2790 1474 2927 1530 Cum
2984 1475 3215 1527 multum
3250 1460 3306 1527 ἒι
3363 1488 3675 1541 niagnuma

2109 1570 2283 1623 servis
2316 1566 2673 1634 postulasset,
2708 1566 2966 1618 nimirum
2994 1573 3053 1617 ut
3115 1572 3312 1618 ornent
3360 1564 3669 1618 doctrinam

2110 1656 2325 1711 Domini
2359 1671 2453 1726 per
2487 1658 2772 1710 honestam
2814 1669 2974 1708 suam
3007 1655 3500 1719 conversationem,
3530 1670 3675 1706 cout-

2110 1753 2381 1799 monstrat
2412 1759 2560 1798 nunc
2584 1744 2728 1813 quod
2762 1758 2870 1798 non
2931 1743 3206 1796 immerito
3254 1744 3322 1797 ab
3353 1743 3461 1796 illis
3522 1751 3671 1795 tanta

430 1828 610 1882 καῦτα
626 1832 870 1884 ἀπαιτεῖ.
912 1832 1022 1884 Καὶ
1054 1833 1160 1903 γὰρ
1188 1835 1283 1886 καὶ
1314 1835 1497 1899 αὐτοῖς
1528 1839 1559 1903 ἡ
1602 1838 1761 1908 χάρις
1794 1838 1996 1906 ἐπέφα-

2110 1836 2382 1905 postuiet:
2444 1850 2571 1889 nam
2630 1845 2683 1889 et
2744 1836 2853 1889 illis
2895 1836 3073 1906 gratia
3126 1836 3405 1905 apparuit,
3456 1837 3670 1888 etiamsi

427 1938 542 1985 νεν,
572 1923 623 1974 εί
655 1921 753 1973 καί
781 1920 962 1987 δοῦλοί
990 1924 1119 1976 εἰσι.
1156 1922 1316 1981 Πᾶσι
1351 1926 1482 1996 γὰρ,
1534 1928 1722 1996 φησὶν,
1782 1929 2005 1997 ἀνθρώ-

431 2027 587 2076 ποις.
651 2013 766 2064 Καὶ
819 2013 1110 2083 ἐχαρίσατο
1160 2016 1256 2068 καὶ
1311 2017 1497 2081 αὐτοῖς
1552 2018 1748 2087 ἄφεσιν
1792 2019 2005 2075 πολλῶν

438 2103 878 2172 ἁμαρτημάτων,
910 2106 1006 2157 καὶ
1030 2105 1306 2173 ὀφείλουσι
1335 2107 1520 2162 λοιπὸν
1552 2111 1647 2164 καὶ
1677 2112 1835 2164 αὐτοὶ
1867 2110 2004 2180 πρὸς

436 2192 593 2256 δόξαν
620 2194 715 2246 τοῦ
745 2195 1038 2263 εὐεργέτου
1070 2196 1469 2253 πολιτεύεσθαι.

508 2281 885 2337 Παιδεύουσα
919 2283 1096 2353 ἡμᾶς,
1139 2286 1239 2339 ἵνα
1261 2287 1671 2357 ἀρνησάμενοι
1709 2290 1825 2358 τὴν
1862 2293 2005 2348 ἀσέ-

426 2373 615 2437 ϐειαν,
637 2374 738 2428 καί
770 2375 879 2440 τὰς
916 2375 1209 2443 κοσμικὰς
1235 2378 1569 2447 ἐπιθυμίας.
1603 2383 1715 2435 Καὶ
1752 2383 2004 2436 ἐντεῦθεν

429 2465 690 2535 ἐντρέπει
742 2466 959 2530 αὐτούς.
1025 2467 1325 2520 Παιδευτοῦ
1372 2471 1502 2539 γὰρ,
1552 2472 1711 2540 φησὶ,
1749 2473 2004 2542 τυχόντες

429 2556 595 2620 Θεοῦ,
644 2556 760 2618 πῶς
794 2557 895 2609 οὐκ
938 2556 1187 2626 ὀφείλετε
1240 2557 1406 2621 ἀξίως
1460 2559 1625 2613 αὐτοῦ
1686 2561 1876 2631 βιοῦν;
1939 2564 2005 2617 Ἡ

428 2647 596 2716 χάρις
626 2647 704 2712 δὲ,
741 2648 930 2720 φησιν,
965 2646 1104 2719 αὕτη
1135 2649 1235 2701 οὐκ
1271 2648 1420 2701 ἔστιν
1463 2648 1592 2720 ἄχρι
1622 2654 1722 2721 τῆς
1756 2652 2004 2721 ἀφέσεως

429 2737 541 2789 τῶν
578 2738 988 2807 προγεγονότων
1013 2740 1221 2803 κακῶι,
1260 2738 1395 2791 ἀλλὰ
1430 2743 1522 2792 καὶ
1553 2741 1689 2810 πρὸς
1723 2742 1784 2794 τὸ
1811 2743 2004 2811 μέλλον

431 2829 582 2897 ἡμᾶς
623 2828 1037 2896 ἀσφαλξζεσθαι.
1100 2829 1354 2883 Παιδεύει
1403 2831 1513 2900 γὰρ
1555 2832 1726 2901 ἡμᾶς,
1778 2832 1864 2884 ἵνα
1906 2832 2002 2885 τοῦ

433 2921 624 2973 λοιποῦ
678 2922 973 2989 σωφρόνως
1030 2921 1322 2992 ζήσωμεν,
1369 2923 1420 2975 oi
1469 2921 1734 2992 πρότερον
1788 2924 2004 2985 πάντως

424 3011 806 3080 αρνησάμενοι
839 3018 939 3084 τὴν
970 3013 1229 3068 ἀσέϐειαν
1268 3012 1362 3066 καὶ
1395 3012 1492 3075 τὰς
1525 3012 1794 3081 κοσμικὰς
1817 3011 2005 3065 ὲπιθυυ

430 3103 588 3170 μίας.
642 3103 745 3155 Διά
782 3104 880 3174 μὲν
905 3103 1001 3158 οὖν
1057 3104 1151 3158 τοῦ
1180 3104 1521 3175 ἀρνήσασθαι
1589 3104 1688 3173 τὴν
1731 3106 1796 3156 ὲκ
1827 3103 2006 3157 διαθέ-

437 3210 575 3257 σεως
635 3194 902 3264 όλοψύχου
988 3194 1338 3266 ἀποστροφὴν
1395 3195 1688 3265 σημαίνει’
1752 3194 2007 3249 ἀσέδειαν

427 3286 491 3339 δὲ
548 3286 649 3358 τὴν
696 3286 1111 3359 εἰδωλολατρίαν
1162 3286 1417 3355 ὀνομάζει
1449 3287 1518 3350 ⁸ο,
1555 3285 1649 3339 καὶ
1685 3286 1753 3339 τὰ
1798 3286 2010 3357 πονηρὰ

427 3376 707 3449 δόγματα.
752 3379 1038 3449 Κοσμικὰς
1066 3379 1124 3435 δὲ
1151 3378 1470 3451 ἐπιθυμίας,
1512 3375 1849 3447 πλεονεξὶαρι,
1880 3394 2010 3453 τρυ.

432 3469 545 3537 φὴν
573 3471 671 3523 καὶ
703 3468 801 3532 τὰς
829 3470 1014 3534 ἄλλας,
1064 3472 1188 3525 ὅσαι
1239 3472 1316 3543 μὴ
1358 3471 1725 3527 διαῦαίνουσιν
1783 3475 1862 3536 εἰς
1918 3475 2010 3528 τὸν

428 3561 682 3631 οὐρανὸν,
712 3560 827 3614 ἀλλ’
846 3565 904 3615 ἐν
929 3561 1009 3632 τῷ
1055 3562 1244 3633 κόσμῳ
1273 3563 1445 3634 τούτῳ
1468 3563 1882 3634 χρησιμεύωσῆ
1916 3566 2012 3618 καὶ

432 3651 586 3722 αὑτῷ
618 3653 1108 3721 συγκαταλύονται.
1178 3655 1278 3708 Διά
1316 3654 1477 3708 τοῦτο
1509 3651 1602 3708 οὖν
1633 3651 1798 3726 ἦλθεν
1823 3658 1851 3708 ό
1879 3657 2013 3725 Χρι-

437 3742 585 3806 στὸς,
620 3744 710 3796 ἴνα
748 3742 1116 3814 ἀρνησὼμεθα
1143 3746 1240 3797 καὶ
1276 3744 1346 3798 τὰ
1376 3745 1550 3814 ἀσεδῆ
1591 3746 1863 3816 δόγματα,
1915 3748 2012 3800 καὶ

435 3837 531 3888 τὸν
561 3835 732 3905 ἐναγῆ
758 3834 895 3905 βίον,
926 3835 1065 3907 μετά
1084 3837 1182 3905 τῆς
1200 3836 1367 3907 αὐτῆς
1399 3836 1695 3901 διαθέσεως
1725 3839 2012 3908 ἀμφότερα

442 3926 801 3997 μισήσαντες.

511 4017 841 4086 Σωφρόνως
862 4017 962 4071 καί
1003 4016 1267 4084 δικαίως,
1293 4018 1395 4073 καὶ
1422 4019 1686 4086 εὐσεϐῶς
1715 4018 2007 4089 ζήσωμεν.

440 4113 536 4177 Τὸ,
579 4112 898 4184 σωφρόνως,
954 4115 1015 4167 οὐ
1048 4112 1147 4184 τὴν
1176 4113 1386 4185 ἀποχὴν
1420 4113 1581 4183 μόνον
1612 4114 1712 4185 τῆς
1755 4115 2011 4186 πορνείας

444 4205 721 4274 σημαίνει,
756 4204 895 4258 ἀλλὰ
929 4203 1025 4257 καὶ
1076 4203 1176 4274 τὴν
1219 4203 1327 4258 τῶν
1377 4203 1580 4257 λοιπῶν
1631 4204 1840 4258 παθῶν.
1904 4203 2014 4257 Καὶ

444 4295 741 4365 χρημάτων
773 4295 881 4366 γὰρ
930 4294 1093 4366 ἐρῶν,
1137 4295 1199 4347 οὐ
1225 4296 1549 4364 σωφρονεῖς,
1587 4296 1791 4365 μᾶλλον
1817 4294 1872 4347 δὲ
1917 4295 2012 4348 καὶ

446 4387 870 4455 ἀκολαστότερος
901 4383 973 4454 εἷ,
1018 4388 1129 4456 ὅσῳ
1176 4387 1298 4440 οὐδὲ
1348 4388 1581 4456 φυσικὸν
1635 4387 1695 4439 τὸ
1730 4386 1903 4449 πάθος
1939 4387 2007 4441 “.

2107 1928 2253 1981 servi
2275 1930 2407 1982 sint.
2446 1925 2705 1984 Omnibus
2733 1928 2879 1981 enim
2908 1926 3231 1992 hominibus,
3272 1927 3469 1997 inquit.
3493 1924 3672 1993 Atque

2108 2017 2245 2087 ipsis
2293 2018 2457 2071 etiam
2512 2018 2806 2072 multorum
2883 2027 3236 2087 peccatorum
3286 2017 3671 2071 remissionem

2105 2107 2375 2172 donavit;
2404 2124 2574 2177 quare
2630 2125 2730 2178 par
2750 2118 2835 2164 est
2862 2117 2921 2162 ut
2949 2118 3002 2164 ct
3061 2109 3162 2178 ipsi
3195 2108 3248 2161 in
3280 2117 3561 2177 posterum
3602 2110 3671 2161 ad

2101 2201 2334 2270 gloriam
2367 2199 2736 2255 benefactoris
2761 2202 2848 2255 sui
2879 2202 3042 2255 vitam
3061 2215 3216 2254 suam
3247 2200 3558 2253 instituant.

2180 2288 2347 2344 Vens.
2379 2290 2469 2343 12.
2497 2288 2760 2344 Erudiens
2788 2306 2904 2353 nos,
2934 2299 2991 2342 ut
3049 2289 3368 2358 abnegautes
3424 2291 3670 2357 impieta-

2108 2388 2209 2433 tem
2263 2388 2313 2432 et
2357 2378 2640 2431 sa'cularia
2658 2377 2947 2433 desideria.
2971 2377 3149 2447 Atque
3171 2378 3300 2432 hinc
3321 2392 3416 2432 eos
3446 2379 3672 2446 pudefa-

2104 2470 2202 2523 cit.
2228 2468 2603 2522 Institutorcm
2656 2469 2804 2522 enim
2832 2467 2999 2523 Deum
3030 2470 3201 2532 nacti,
3230 2471 3508 2537 quomodo
3562 2485 3671 2523 non

2104 2557 2317 2613 debetis
2339 2559 2503 2628 digne
2527 2573 2595 2613 eo
2623 2559 2846 2613 vivere?
2868 2558 3056 2613 Gratia
3089 2568 3271 2613 autem
3300 2560 3425 2623 ista,
3471 2561 3669 2629 inquit.

2103 2662 2216 2704 non
2232 2648 2550 2704 extenditur
2569 2648 2638 2702 ad
2663 2648 3121 2704 condonationcm
3148 2648 3527 2705 tantummodo
3547 2664 3675 2719 prae-

2106 2741 2389 2795 teritorutn
2415 2740 2761 2804 delictorum,
2796 2754 2985 2794 verum
3021 2740 3090 2793 de
3131 2739 3313 2794 inituro
3358 2742 3523 2794 etiam
3574 2757 3675 2796 nos

2106 2844 2335 2885 securos
2384 2830 2585 2884 reddit.
2612 2828 2809 2882 Erudit
2830 2830 2975 2882 enim
3004 2844 3123 2893 nos,
3152 2836 3209 2881 ut
3265 2830 3525 2899 deinceps
3583 2845 3674 2885 so-

2105 2919 2225 2976 brie
2275 2921 2559 2984 vivamus,
2617 2921 2709 2989 qui
2786 2919 3011 2973 omnino
3076 2920 3228 2987 prius
3286 2921 3675 2988 abnegavimus

2102 3010 2267 3081 633
2328 3012 2662 3080 impietatem
2743 3018 2909 3080 atque
2967 3011 3271 3065 mundanas
3319 3011 3670 3080 cupiditates.

2108 3101 2211 3156 l’er
2256 3102 2670 3171 abnegationem
2742 3102 2925 3170 itaque
2974 3102 3313 3156 aversionem
3361 3101 3672 3169 signiﬁcat;

2106 3208 2230 3262 quae
2267 3209 2330 3248 ex
2358 3194 2541 3247 animo
2571 3192 2664 3249 iiut
2723 3201 2947 3262 totoque
2996 3192 3191 3246 mentis
3228 3192 3447 3247 aﬂ‘ectu.
3483 3193 3675 3261 Impie-

2110 3295 2270 3340 tatem
2299 3297 2478 3340 autem
2504 3284 2867 3339 idolulatriam
2916 3300 3187 3354 pravaque
3216 3284 3468 3354 dogmata
3497 3286 3679 3353 appel-

2109 3375 2203 3434 lat.
2236 3373 2531 3435 Satcularia
2562 3383 2746 3437 autem
2770 3374 3065 3439 desideria,
3089 3372 3400 3436 avaritiam,
3430 3373 3674 3436 delicias,

2122 3480 2178 3526 et
2206 3473 2310 3526 alia
2348 3487 2691 3543 quaecunque
2724 3474 2779 3527 in
2809 3476 3007 3527 emtum
3044 3464 3187 3525 haud
3216 3481 3435 3527 transuit
3461 3472 3522 3535 .l,
3577 3464 3673 3527 sed

2108 3562 2174 3616 in
2206 3563 2412 3617 mundo
2438 3563 2543 3619 hoc
2572 3577 2731 3617 suam
2762 3563 2964 3617 habent
2994 3563 3304 3625 utilitatem,
3356 3573 3519 3632 atque
3549 3577 3674 3614 euut

2112 3652 2232 3723 ipso
2256 3652 2653 3709 dissolvuntur.
2692 3651 2827 3706 Eam
2862 3652 3047 3723 igitur.
3065 3653 3134 3707 ob
3166 3668 3279 3707 rem
3316 3656 3469 3706 venit
3513 3652 3675 3706 Chri-

2106 3750 2252 3809 stus,
2308 3752 2369 3796 ut
2424 3747 2763 3814 abnegemus
2816 3754 2870 3797 et
2907 3745 3073 3814 impia
3104 3744 3379 3813 dogmata,
3432 3754 3486 3797 et
3510 3744 3675 3796 vitam

2108 3834 2455 3896 sceleratam.
2481 3847 2605 3888 cum
2626 3834 2822 3888 eodem
2852 3831 3052 3888 all‘ectu
3094 3842 3325 3902 utraque
3371 3832 3499 3888 odio
3546 3848 3676 3902 pro-

2108 3931 2419 3992 sequentes.

2184 4012 2369 4070 Sobrie
2395 4022 2444 4068 et
2470 4013 2616 4084 justc
2663 4024 2713 4069 et
2749 4016 2835 4084 pie
2874 4015 3128 4069 vivamus.
3168 4012 3380 4074 Sobrie,
3418 4026 3524 4066 non
3555 4019 3677 4065 tan-

2115 4112 2228 4158 tum
2260 4103 2645 4160 abstinentiam
2700 4119 2729 4157 a
2779 4104 3145 4158 fornicatione
3177 4099 3466 4170 signiﬁcat,
3519 4102 3615 4157 sed
3645 4118 3676 4155 a

2114 4195 2343 4264 reliquis
2366 4196 2537 4251 etiam
2574 4194 2881 4249 aﬂ'cotibus.
2917 4192 3052 4247 Nam
3091 4193 3138 4248 si
3184 4192 3445 4262 pecunias
3501 4205 3677 4256 amas,

2116 4303 2225 4343 non
2265 4302 2325 4343 es
2356 4288 2598 4351 sobrius,
2630 4286 2741 4341 imo
2762 4300 2893 4340 vero
2938 4285 3062 4339 ideo
3092 4283 3547 4352 intemperantior
3594 4298 3676 4348 es,

2116 4378 2557 4450 quandoquidem
2594 4392 2624 4431 a
2664 4386 2858 4430 natura
2908 4389 3015 4429 non
3050 4377 3123 4429 sit
3170 4374 3256 4428 hic
3303 4372 3550 4429 alIectus.
3603 4376 3682 4429 Ac

445 4474 559 4529 Καὶ
590 4476 799 4542 ἁπλῶς,
851 4477 1067 4531 πάντων
1117 4475 1226 4529 τῶν
1256 4475 1430 4530 ἄλλων
1472 4474 1661 4529 παθῶν
1701 4474 2012 4547 ἡττώμενός

2117 4471 2458 4541 simpliciter,
2509 4469 2765 4540 quisquis
2814 4468 2883 4523 ab
2939 4468 3067 4522 aliis
3116 4466 3403 4537 quibusvis
3441 4465 3680 4521 motibus

446 4582 551 4630 τις,
584 4567 646 4619 οὐ
673 4565 927 4636 σώφρων.

531 4654 625 4707 Ἐν
650 4654 733 4718 τῷ
756 4654 873 4708 νῦν
899 4652 1087 4709 αἰῶνι.
1148 4648 1315 4718 Οὗτος
1348 4656 1458 4725 γὰρ
1500 4655 1613 4726 εχει
1655 4654 1748 4709 τὸν
1789 4654 2012 4725 ἀγῶνα·

444 4746 478 4797 ό
505 4743 562 4797 δὲ
596 4744 808 4816 μέλλων
838 4744 937 4825 τὰς
965 4745 1280 4809 ἀντιδόσεις.

522 4928 1002 4999 Προσδεχόμενοι
1036 4929 1149 4998 τὴν
1169 4930 1472 5000 μακαρίαν
1492 4928 1733 4994 ἐλπίδα,
1764 4927 1861 4980 καί
1889 4928 2015 4979 ἐπι.

451 5020 706 5090 φάνειαν
744 5020 855 5090 τῆς
897 5021 1085 5089 δόξης
1138 5020 1246 5075 τοῦ
1303 5019 1574 5090 μεγάλου
1641 5019 1832 5086 θεοῦ,
1913 5018 2014 5072 καί

456 5111 725 5181 Σωτῆρος
774 5110 944 5182 ἡμῶν
1008 5111 1202 5180 Ἰησοῦ
1249 5110 1531 5180 Χριστοῦ.
1620 5110 1750 5165 Ἰδοὺ
1800 5111 1892 5164 καὶ
1954 5109 2015 5163 τὸ

455 5200 714 5268 ἔπαθλον,
755 5203 792 5273 ἡ
842 5201 1073 5274 δευτέρα
1106 5202 1420 5270 ἐπιφάνεια,
1468 5201 1502 5271 ὴ
1541 5199 1711 5263 ὅντως
1747 5200 2013 5272 μακαρία.

454 5291 650 5354 Καλῶς
689 5290 747 5343 δὲ
797 5286 952 5356 εἷπε,
1000 5288 1111 5359 τῆς
1145 5288 1349 5357 δόξης.
1405 5288 1511 5343 Δύο
1545 5288 1653 5359 γὰρ
1696 5289 2018 5356 ἐπιφανείας

456 5381 625 5449 λέγει.
693 5381 805 5434 Καὶ
854 5381 889 5449 ἡ
932 5380 1031 5450 μὲν
1081 5379 1271 5451 πρώτη
1302 5419 1320 5446 ,
1370 5376 1555 5443 καθὼς
1612 5380 1707 5431 καὶ
1755 5379 2012 5449 ἀνωτέρω

530 5560 573 5592 ⁸⁷
607 5559 807 5631 Ephes.
831 5579 908 5627 vi,
933 5562 985 5615 7.

2115 4562 2376 4625 vincitur,
2408 4576 2515 4614 non
2545 4569 2629 4614 est
2663 4559 2907 4615 sobrius.

2186 4653 2252 4706 lu
2301 4650 2549 4720 praesenti
2597 4650 2813 4706 swculo.
2864 4649 3117 4704 Praesens
3189 4649 3335 4701 enim
3392 4659 3675 4704 certamen

2115 4747 2277 4799 habet
2314 4760 2327 4797 :
2370 4743 2615 4796 futurum
2674 4753 2878 4807 autem,
2923 4739 3207 4811 praemium
3246 4749 3300 4794 et
3350 4738 3677 4792 retributio-

2115 4850 2235 4890 nes.

2188 4925 2360 4982 Vsus.
2395 4926 2483 4980 15.
2522 4922 2902 4994 Exspectantcs
2942 4921 3150 4976 beatam
3198 4935 3359 4987 spem,
3408 4929 3459 4974 et
3492 4919 3679 4975 adum-

2118 5026 2226 5070 tum
2256 5016 2441 5085 gloria:
2473 5014 2649 5082 magni
2708 5012 2823 5077 Dei,
2881 5020 2931 5064 et
2981 5010 3279 5065 Seruatoris
3329 5009 3499 5061 nostri
3549 5006 3679 5060 Jesu

2120 5107 2342 5163 Christi.
2375 5107 2455 5159 Eu
2489 5104 2794 5175 praemium,
2826 5105 3107 5158 secundus
3137 5104 3230 5158 ille
3260 5103 3550 5162 adventus,
3582 5099 3677 5165 qui

2120 5212 2311 5253 revera
2351 5204 2438 5251 est
2492 5195 2709 5249 beatus.
2746 5191 2981 5247 Pulchre
3043 5199 3223 5247 autem
3279 5189 3437 5251 dixit,
3472 5186 3675 5255 91mm.

2122 5291 2363 5345 Duorum
2390 5286 2540 5344 enim
2567 5284 2897 5340 adventuum
2928 5286 3264 5340 mentionem
3295 5280 3444 5334 facit.
3493 5274 3681 5347 S.qui-

2122 5383 2244 5436 dem
2302 5380 2538 5451 primus,
2603 5376 3062 5447 quemadmodum
3119 5385 3284 5442 supra
3322 5369 3531 5424 dictum
3568 5375 3676 5436 εει,

1796 5646 1994 5707 Var-ire
2029 5645 2349 5708 lectiones.

556 5753 602 5785 “
634 5754 892 5820 σημαίνει
920 5769 976 5825 o.
1049 5753 1093 5784 ⁸⁸
1115 5751 1236 5805 οὐδὲ
1273 5749 1512 5819 φυσικὴν
1544 5747 1606 5802 τὸ
1632 5748 1803 5810 πάθος
1836 5747 2007 5816 ἀρχὴν
2032 5747 2143 5816 ἔχει
2178 5762 2251 5800 tn.
