4006 6214
305 380 407 445 163

1232 357 1812 426 THEUPHYLACTI
1872 350 2288 415 BULGARUE
2326 347 2685 410 ARCHIEP.

3473 331 3571 403 tot
3607 321 3619 344 ‘

304 491 535 563 gratiam
564 485 796 542 habebat
820 491 874 539 et
909 481 1308 541 remissionem.
1344 475 1591 545 quicum
1623 484 1884 525 mansue-

2008 464 2222 536 ῖρηται,
2266 464 2424 535 χάριν
2454 455 2569 533 εἶχε
2602 459 2696 513 καὶ
2726 459 2943 527 ἄφεσιν,
2969 455 3111 526 μετὰ
3143 454 3449 518 ἐπιεικείας
3474 457 3572 509 καὶ

307 582 495 636 tudine
527 588 581 636 et
616 577 928 633 humilitate
962 571 1192 640 contigit
1225 588 1238 624 :
1273 567 1550 622 secundus
1581 573 1766 618 autem
1795 577 1884 615 re-

314 670 696 730 tributionem,
743 680 865 720 eum
896 662 1068 733 gloria
1098 659 1410 722 exhibitus;
1465 654 1691 722 perinde
1727 666 1792 707 ac
1824 652 1881 704 iu

311 759 608 830 Evangelio
631 755 874 810 dicitur:
917 750 1144 818 Quando
1180 748 1374 803 venerit
1421 743 1600 797 Filius
1657 740 1885 830 hominis

307 851 362 904 in
400 827 573 921 gloria
594 862 694 900 sua
721 841 789 896 ⁸⁸.
817 839 920 896 Ubi
950 849 1132 894 autem
1188 845 1318 892 sunt
1352 834 1444 903 qui
1475 831 1672 886 Filium
1709 827 1884 882 immi-

307 919 506 1002 nuunt,
536 948 588 993 et
614 953 680 991 uc
713 932 1124 1002 Deum'quidem
1156 931 1334 1000 ipsum
1357 927 1541 982 dicere
1564 919 1886 980 sustinent?

307 1032 550 1087 Audiant
583 1029 671 1082 hic
706 1025 852 1096 quod
889 1034 944 1079 et
986 1023 1128 1078 Deus
1156 1023 1250 1085 sit,
1290 1030 1344 1075 et
1374 1031 1626 1088 magnus.
1665 1013 1888 1082 Magnus

308 1133 490 1178 autem
521 1119 590 1174 de
638 1118 748 1173 Deo
778 1117 1006 1180 dicitur,
1040 1130 1148 1168 non
1192 1129 1286 1182 per
1317 1107 1786 1178 comparationem
1816 1100 1884 1192 ad

312 1217 478 1269 alium
511 1209 805 1280 quemdam
848 1223 1103 1279 parvum,
1140 1206 1235 1261 sed
1265 1204 1538 1264 absolute,
1573 1207 1632 1252 ιιι
1656 1197 1751 1268 qui
1787 1210 1887 1285 na-

315 1315 441 1360 tura
473 1288 586 1374 ip°se
607 1317 702 1373 per
731 1315 853 1356 sese
887 1314 1121 1369 magnus
1153 1298 1245 1351 sit.
1278 1295 1334 1348 Si
1370 1303 1554 1346 autem
1583 1304 1710 1354 nos,
1762 1301 1886 1342 cum

312 1400 498 1453 hostes
524 1409 768 1461 eramus,
789 1392 1050 1454 servavit,
1076 1390 1208 1460 quid
1238 1403 1348 1443 non
1382 1394 1495 1439 tum
1526 1383 1758 1438 daturus
1782 1389 1886 1447 est,

309 1489 354 1543 si
395 1489 656 1557 probatos
687 1500 790 1540 nos
819 1482 1105 1538 inveniat?

383 1575 548 1628 Vens.
583 1573 666 1626 M.
703 1571 809 1638 Qui
841 1570 984 1624 dedit
1015 1570 1354 1636 semetipsum
1387 1584 1482 1635 pro
1519 1566 1770 1630 nobis,ut
1794 1581 1888 1618 nos

312 1661 593 1716 redimeret
632 1660 697 1713 ab
729 1661 873 1713 omni
924 1659 1232 1726 iniquitate.
1271 1657 1382 1711 lloc
1418 1657 1590 1711 etiam
1629 1656 1891 1726 potentiae

313 1755 434 1822 ejus
463 1753 684 1822 signum
740 1760 846 1814 est,
899 1749 1044 1820 quod
1091 1749 1305 1803 dederit
1339 1749 1697 1817 semetipsum
1735 1767 1747 1801 :
1782 1762 1888 1800 non

1988 557 2264 619 εὐτελείας
2310 554 2609 624 γενομένηο
2673 553 2706 620 ἡ
2745 551 2801 602 δὲ
2859 548 3130 618 δευτέρα,
3184 547 3570 606 ἀνταπόδοσιν,

1990 648 2129 720 μετὰ
2155 646 2312 716 δόξης
2337 645 2663 714 δεικνυμένη
2689 643 2734 673 ⁸³
2758 660 2769 672 ·
2809 640 2885 702 ὡς
2925 640 3020 692 καὶ
3046 640 3104 690 ὲν
3126 638 3201 707 τῷ
3228 637 3568 706 Εὐάγγελίῳ·

1989 741 2178 793 Ὅταν
2220 739 2370 804 ἔλθη
2429 739 2461 790 o'
2521 734 2655 799 Υἱός
2703 731 2810 786 τοῦ
2847 730 3170 798 ἀνθρώπου
3199 730 3270 782 ἐν
3309 727 3379 794 τῇ
3425 727 3578 798 δόξῃ

1991 831 2200 886 αὑτοῦ.
2253 829 2364 882 Ποῦ
2406 828 2465 880 δέ
2497 829 2634 880 εἰσιν
2685 828 2734 879 οἱ
2773 825 2865 878 τὸν
2901 824 3028 876 Υἱὺν
3062 821 3432 884 ἐλαττοῦντες,
3482 824 3576 873 καὶ

1989 920 2111 974 οὐδὲ
2157 919 2290 972 Θεὸν
2337 919 2502 970 αὑτὸν
2553 917 2875 986 ἀνεχόμενοι
2927 914 3142 981 λέγειν;
3197 911 3576 965 Ἀκουέτωσαν

1989 1009 2070 1062 ὅτι
2111 1009 2205 1062 καὶ
2251 1007 2381 1070 Θεός
2433 1008 2572 1070 ἐστι,
2621 1007 2718 1058 καὶ
2760 1007 2952 1072 μέγας.
3008 1003 3082 1056 Τὸ
3114 1002 3192 1068 δὲ,
3233 1002 3430 1072 μέγας.
3481 1003 3577 1054 ἐπὶ

1989 1101 2124 1156 Θεοῦ
2159 1101 2424 1170 λέγεται,
2461 1099 2521 1152 οὐ
2565 1097 2709 1152 κατὰ
2749 1096 3038 1165 σύγκρισιν
3083 1094 3184 1164 τὴν
3231 1093 3368 1164 πρὸς
3416 1093 3576 1148 ἄλλον

1995 1194 2215 1264 μικρὸν,
2281 1191 2399 1245 ἀλλ’
2455 1189 2908 1256 ἀπολελυμένως,
2969 1186 3046 1248 ὡς
3111 1184 3273 1253 φύσει
3333 1184 3574 1254 αὐτομε-

1992 1286 2158 1354 γάλου
2193 1285 2369 1347 ὄντος.
2439 1282 2502 1334 Εἰ
2535 1281 2592 1334 δὲ
2639 1279 2872 1352 ἐχθροὺς
2923 1278 3086 1339 ὄντας
3145 1277 3341 1340 ἔσωσε,
3403 1276 3456 1328 τί
3511 1277 3573 1328 οὐ

1989 1377 2152 1430 δώσει
2182 1376 2324 1442 τότε,
2362 1371 2789 1442 εὐδοκιμοῦντας
2821 1371 2968 1440 ἡμᾶς
3001 1367 3179 1437 εὑρών
3214 1385 3229 1433 ;

2066 1553 2175 1617 Ὃς
2201 1549 2432 1603 ἔδωκεν
2452 1545 2674 1600 ἑαυτὸν
2704 1546 2858 1612 ὑπὲρ
2884 1541 3076 1612 ἡμῶν,
3125 1543 3226 1595 ἵνα
3260 1538 3575 1609 λυτρώση-

1991 1663 2086 1699 ται
2135 1642 2292 1722 ήμεᾶς
2331 1641 2451 1696 ἀπὸ
2510 1638 2714 1704 πάσης
2742 1637 3014 1705 ἀνομίας.
3093 1635 3204 1687 Καὶ
3263 1633 3422 1686 τοῦτο
3478 1633 3576 1700 τῆς

1995 1735 2160 1792 αὐτοῦ
2206 1734 2455 1799 ἐξουσίας
2504 1732 2723 1800 δεῖγμα,
2775 1729 2835 1782 τὸ
2865 1729 3051 1782 δοῦναι
3081 1726 3272 1779 ἑαυτὸν
3297 1743 3311 1756 ο
3348 1726 3442 1778 καὶ
3479 1727 3577 1795 οὐχ

310 1817 542 1914 (μεωειιῖ
567 1851 626 1898 ιιι
655 1843 724 1897 ab
773 1842 877 1896 hoc
919 1817 1106 1910 aliquo
1160 1841 1438 1904 liberaret,
1489 1840 1560 1893 ab
1607 1839 1714 1892 alio
1764 1854 1892 1892 vero

2008 1829 2082 1882 ἵνα
2125 1825 2276 1880 τοῦδε
2318 1825 2418 1895 μὲν
2453 1821 2820 1894 λυτρώσηται,
2851 1819 3006 1872 τοῦδε
3055 1818 3111 1871 δὲ
3152 1817 3246 1870 οὗ·
3289 1817 3402 1870 ἀλλ’
3455 1817 3577 1871 ἀπὸ

314 1953 422 1992 non
451 1937 619 2002 item;
656 1943 942 2001 caeterum,
972 1937 1037 1987 ab
1068 1934 1214 1988 omni
1260 1933 1568 2004 iniquitate.
1603 1931 1755 1987 llanc
1789 1933 1891 1987 ita-

311 2046 418 2100 que
450 2042 799 2082 revereamur
821 2026 1269 2096 redemptionem.

383 2119 451 2172 Et
483 2117 763 2172 mundaret
803 2117 905 2172 sibi
957 2116 1210 2186 populum
1246 2116 1648 2185 acceptabilem.
1686 2116 1786 2169 l’er
1817 2114 1893 2168 la-

311 2223 534 2262 vaerum
567 2207 737 2261 divini
766 2206 1050 2276 baptismi,
1105 2207 1600 2276 Operationemqne
1662 2219 1892 2259 suorqu

315 2300 695 2353 mandatorum
727 2298 1042 2352 divinorum
1081 2300 1462 2370 purgandiqne
1514 2299 1624 2352 vim
1683 2299 1894 2352 haben-

317 2385 474 2437 tium.
508 2383 827 2452 ιιεριούσιος
861 2391 1040 2438 autem
1091 2385 1388 2454 signiﬁcat,
1426 2385 1723 2454 pecularis,
1781 2385 1895 2438 sive

314 2475 678 2538 domesticus,
715 2489 810 2537 per
839 2475 1218 2552 metaphoram
1273 2485 1550 2546 sumptam
1588 2491 1618 2528 ιι
1652 2474 1893 2540 fantulis,

313 2568 406 2636 qui
441 2567 590 2620 eirea
625 2566 990 2622 snbstantiam
1016 2573 1072 2619 et
1097 2565 1389 2621 facultates
1416 2566 1628 2621 domini
1655 2567 1742 2620 sui
1777 2581 1898 2619 ver—

317 2663 538 2720 santur,
570 2654 730 2724 quasi
784 2655 951 2719 dicat,
987 2655 1252 2714 electum,
1312 2654 1697 2719 excellentem,
1759 2652 1898 2706 nihil

318 2747 607 2800 habentem
640 2759 934 2799 commune
964 2759 1088 2799 cum
1131 2744 1380 2814 reliquis.

384 2835 551 2908 634
571 2835 893 2890 Sectatorem
951 2835 1204 2888 bonorum
1236 2851 1473 2904 operum.
1497 2833 1612 2889 Hoc
1641 2843 1744 2899 est,
1771 2849 1895 2887 cum

328 2928 543 2982 fervore
575 2928 813 2998 quodam
853 2927 922 2980 ad
977 2928 1232 2982 virtutem
1291 2935 1537 2990 euntem,
1603 2925 1896 2994 zelumque

317 3021 699 3076 ostendentem
762 3019 816 3072 in
884 3017 1143 3072 omnibus
1208 3016 1368 3071 bonis
1425 3015 1701 3084 operibus,
1759 3015 1899 3083 igni-

316 3123 539 3181 tatnque
583 3110 970 3164 imitationem.
1043 3107 1372 3176 Redemptio
1447 3107 1634 3176 itaque
1716 3105 1895 3174 ipsius

320 3201 492 3256 solius
533 3207 639 3265 est,
697 3212 864 3268 opera
913 3211 1042 3252 vero
1079 3197 1350 3260 annulart,
1415 3204 1667 3251 nostrum
1732 3195 1895 3249 etiam

319 3303 424 3346 (‘SL

393 3383 556 3439 Vens.
593 3385 683 3439 15.
713 3383 841 3437 "(eo
877 3383 1105 3453 loquere,
1155 3392 1206 3436 et
1265 3385 1568 3446 etc/tortore,
1624 3390 1672 3434 et
1738 3397 1899 3450 argue

321 3495 439 3531 cum
468 3477 614 3532 omni
648 3477 888 3544 imperio.
922 3475 1174 3545 Loquere
1202 3474 1440 3544 primum
1489 3483 1544 3529 et
1577 3472 1893 3538 exhortare,

329 3571 432 3623 hoc
455 3581 558 3635 est,
604 3583 729 3623 cum
773 3567 1199 3622 mansuetudine
1229 3565 1368 3620 doce
1411 3584 1425 3620 :
1461 3564 1658 3620 deinde
1680 3580 1849 3634 argue
1882 3580 1899 3619 :

323 3675 498 3729 neque
525 3659 578 3712 id
605 3657 948 3726 simpliciter,
980 3656 1099 3721 sed,
1131 3671 1252 3708 cum
1303 3655 1445 3708 omni
1480 3655 1722 3724 imperio,
1779 3655 1886 3709 hoc

323 3764 428 3817 est,
482 3769 607 3809 cum
660 3754 979 3814 severitate,
1040 3765 1166 3805 eum
1231 3750 1583 3805 auctoritate.
1633 3747 1903 3815 Quoniam

326 3847 475 3900 enim
529 3844 745 3916 asperis
802 3843 1052 3897 moribus
1082 3841 1295 3912 praediti
1335 3852 1513 3907 erant,
1557 3843 1904 3896 severitatem

327 3942 590 3995 adversus
617 3953 714 3993 eos
758 3936 1018 3992 utendam
1050 3937 1263 3992 suadet.
1301 3935 1442 3992 Sunt
1484 3950 1615 3991 sane
1641 3935 1904 3990 nonnulla

333 4049 456 4104 quae
491 4048 597 4087 non
632 4045 773 4101 opus
804 4030 1006 4085 habent
1055 4029 1369 4094 severitate,
1405 4044 1596 4084 verum
1644 4029 1907 4083 adhorta-

335 4126 485 4178 tione
514 4131 567 4179 et
597 4120 977 4191 persuasione,
1015 4131 1074 4176 ut
1099 4121 1328 4176 omnino
1359 4119 1624 4192 pecunias
1654 4130 1901 4173 contem-

331 4227 484 4268 nere.
553 4210 693 4266 Suut
760 4219 942 4267 autem
1005 4211 1114 4266 alia
1185 4224 1308 4282 qua:
1393 4209 1686 4267 severitate
1763 4223 1906 4278 opus

330 4306 556 4371 habent,
589 4317 644 4360 ut
682 4307 974 4370 adulteria,
1005 4305 1174 4370 furta,
1197 4304 1721 4366 circutnventiones,
1743 4317 1909 4358 vene-

329 4397 472 4452 ﬁcia.

1992 1922 2196 1988 πάσης
2250 1920 2522 1987 ἀνομίας.
2607 1916 2767 1968 Ὥστε
2841 1913 3256 1985 δυσωπηοῶμεν
3317 1913 3417 1983 τὴν
3482 1911 3578 1964 λύ-

1990 2029 2020 2065 τ
2033 2027 2222 2080 ρωσιν.

2065 2104 2174 2160 Καὶ
2227 2103 2526 2170 καθαρίσῃ
2590 2097 2784 2163 ἐαυτῷ
2830 2097 2988 2151 λαὸν
3033 2096 3409 2165 περιούσιον.
3478 2098 3612 2149 Διά·

1993 2194 2088 2250 τοῦ
2132 2192 2361 2264 λουτροῦ
2396 2191 2491 2244 τοῦ
2527 2189 2674 2243 Θείου
2724 2188 3123 2260 βαπτίσματος,
3155 2187 3375 2258 καὶτῆς
3405 2189 3575 2255 ἐργα-

1997 2287 2118 2348 σίας
2171 2285 2280 2338 τῶν
2338 2283 2498 2336 θείων
2555 2284 2650 2335 καὶ
2705 2279 3056 2351 καθαρτικῶν
3111 2277 3338 2331 ἐντολῶν
3386 2277 3578 2332 αὐτοῦ.

1996 2375 2319 2446 Περιούσιος
2366 2375 2444 2438 δὲ,
2493 2375 2522 2427 ό
2571 2375 2793 2436 οἰκεῖος,
2852 2375 2918 2426 ὲκ
2959 2373 3278 2442 μεταφορᾶς
3307 2370 3418 2422 τῶν
3449 2373 3580 2440 περί

1995 2467 2094 2537 τὴν
2124 2466 2312 2519 οὐσίαν
2335 2466 2430 2518 καὶ
2472 2465 2563 2517 τὸν
2613 2463 2842 2516 πλοῦτον
2892 2461 2987 2514 τοῦ
3047 2461 3311 2514 δεσπότου
3345 2476 3578 2531 στρεφθε-

2001 2563 2181 2632 μένων
2247 2560 2516 2624 οἰκετῶν,
2586 2554 2698 2612 οἷον
2730 2597 2745 2622 ,
2813 2556 3226 2626 ὲξειλεγμένον,
3278 2554 3576 2626 ἐξαίρετον,

1996 2654 2149 2708 οὐδὲν
2179 2654 2370 2723 ἔχοντα
2398 2651 2578 2705 κοινὸν
2607 2651 2744 2722 πρὸς
2777 2650 2908 2712 τοὺς
2934 2647 3182 2710 λοιπούς.

2070 2821 2364 2892 Ζηλωτὴν
2394 2819 2597 2874 καλῶν
2637 2819 2852 2888 ἔργων.
2897 2820 3184 2882 Τουτέστι,
3216 2819 3355 2889 μετὰ
3381 2816 3583 2888 θερμό-

1998 2933 2161 2986 τητος
2217 2915 2310 2967 ἐπὶ
2364 2913 2462 2983 τὴν
2504 2912 2709 2982 ἀρετὴν
2755 2912 2924 2974 ἰόντα,
2961 2912 3058 2964 καὶ
3105 2909 3268 2980 ζῆλον
3311 2909 3583 2962 ἐνδεικνύ-

2005 3026 2166 3078 μενον
2217 3009 2275 3060 ὲν
2301 3008 2434 3059 πᾶσι
2472 3008 2584 3070 τοῖς
2641 3005 2855 3069 καλοῖς,
2895 3005 2989 3056 καὶ
3020 3003 3253 3074 μίμησιν
3297 3003 3578 3068 διάπυρον.

2013 3100 2078 3153 'H
2113 3101 2212 3172 μὲν
2247 3098 2340 3152 οὖν
2378 3097 2648 3169 λύτρωσις
2691 3094 2857 3150 αὑτοῦ
2903 3096 3088 3166 μόνον,
3119 3095 3179 3148 τὸ
3201 3095 3259 3148 δὲ
3289 3093 3484 3164 ζηλοῦν
3516 3093 3582 3144 τὰ

2001 3191 2162 3262 ἔργα,
2195 3189 2289 3246 καὶ
2321 3188 2499 3260 ἡμῶν.

2079 3379 2270 3434 Ταῦτα
2299 3378 2494 3440 λάλει,
2534 3376 2632 3430 καὶ
2667 3377 3024 3444 παρακάλει,
3063 3375 3161 3428 καὶ
3199 3374 3414 3444 ἔλεγχε
3437 3374 3586 3444 μετὰ

2003 3474 2212 3541 πάσης
2243 3469 2552 3539 ἐπιταγῆς.
2607 3471 2774 3522 Δάλει
2832 3469 3052 3539 πρῶτον
3103 3467 3200 3519 καὶ
3253 3467 3584 3538 παρακάλει,

2002 3565 2282 3618 τουτέστιν
2321 3563 2669 3635 ἡμερώτερον
2711 3561 2929 3613 δίδασκε
2956 3580 2970 3592 ο
3021 3557 3142 3613 εἶτα
3203 3564 3391 3632 ἔλεγχε
3417 3577 3431 3591 ⁸
3488 3562 3587 3612 καὶ

2003 3658 2101 3726 οὐχ
2143 3657 2351 3722 ἁπλῶς,
2387 3655 2543 3720 ἀλλὰ,
2567 3654 2718 3725 μετὰ
2770 3655 2973 3721 πάσης
3002 3655 3309 3724 ἐπιταγῆς,
3336 3654 3582 3708 τουτέστι

2009 3751 2148 3822 μετᾶ
2207 3750 2555 3820 ἀποτομίας,
2620 3751 2759 3819 μετὰ
2811 3749 3119 3812 αὑθεντίας.
3203 3750 3424 3822 Ἐπειδὴ
3477 3751 3588 3819 γὰρ

2007 3843 2233 3916 σκληροὶ
2263 3840 2424 3914 ἦσαν,
2464 3844 2562 3914 τὴν
2592 3844 2902 3913 ἀποτομίαν
2926 3843 3012 3896 ἐπ’
3035 3844 3234 3906 αὐτοὺς
3261 3845 3584 3915 εἰσηγεῖται.

2008 3938 2129 3991 Εἰσὶ
2155 3937 2253 4008 μὲν
2287 3933 2381 3990 οὖν
2419 3936 2455 3990 ἃ
2484 3937 2546 3989 οὑ
2592 3937 2805 3989 δέονται
2863 3936 3188 4006 ἁποτομίας,
3225 3935 3359 3989 ἀλλὰ
3387 3953 3587 4006 παραι-

2007 4030 2210 4092 νέσεως
2250 4030 2346 4081 καὶ¹
2377 4027 2622 4092 πειθοῦς,
2650 4027 2725 4089 ὡς
2755 4027 2814 4078 τὸ
2849 4026 3029 4097 πάντη
3063 4028 3426 4097 καταφρονεῖν
3454 4043 3588 4096 χρη·

2019 4121 2226 4189 μάτων.
2286 4121 2405 4172 Εἰσὶ
2438 4120 2495 4173 δὲ
2536 4117 2572 4172 ἃ
2613 4119 2853 4182 δέονται,
2913 4117 2989 4180 ὡς
3035 4121 3310 4188 μοιχεῖαι,
3363 4117 3583 4179 κλοπαὶ.

2010 4213 2339 4280 πλεονεξίαι,
2369 4215 2634 4282 γοητεῖαι.

403 4485 574 4542 Nemo
613 4499 660 4542 te
693 4497 1018 4542 contemnat.
1058 4487 1188 4552 Pro,
1221 4491 1656 4556 καταφρονείτω,
1714 4501 1895 4555 nempe

2081 4491 2308 4558 Μηδείς
2331 4505 2446 4543 σου
2467 4489 2912 4557 περιφρονείτω.
2974 4489 3121 4542 ’Λντὶ
3160 4488 3275 4557 τοῦ,
3313 4505 3589 4560 καταφροο

327 4579 554 4634 omnino
578 4588 890 4649 opportune
914 4582 1371 4650 perstringentem
1395 4593 1413 4632 :
1439 4594 1562 4632 nam
1589 4579 1680 4648 qui
1706 4579 1910 4649 impor-

333 4679 466 4726 tune
495 4670 775 4741 objurgat,
815 4669 991 4739 magis
1016 4669 1412 4722 contemnitur.

937 4801 1169 4858 CAPUT
1216 4803 1304 4858 lll.

403 4937 572 4993 Vnus.
602 4941 654 4992 1.
685 4939 924 4993 Admone
951 4941 1073 4995 illos
1102 4942 1428 5011 principibus
1484 4952 1531 4996 et
1561 4942 1910 5012 potestatibus

332 5029 571 5086 subditos
603 5046 738 5097 esse,
770 5031 911 5088 dicto
936 5033 1166 5100 obedire,
1212 5034 1279 5088 ad
1331 5051 1481 5088 omne
1536 5049 1662 5102 opus
1714 5033 1906 5087 bonum

338 5131 562 5194 paratos
614 5139 747 5176 esse.
785 5122 998 5192 Ubique
1023 5125 1209 5181 fideles
1243 5127 1354 5179 vult
1383 5125 1761 5194 obtemperare
1796 5140 1910 5179 ma-

336 5216 676 5287 gistratibus.
711 5215 967 5272 Ostendit
992 5225 1174 5273 autem
1212 5218 1490 5288 quomodo
1522 5219 1906 5289 subiiciantur,

338 5325 554 5380 nempe,
585 5309 634 5364 si
659 5309 726 5363 ad
756 5325 918 5364 ontne
943 5326 1080 5380 opus
1111 5312 1312 5364 bomnn
1348 5310 1634 5379 praeparati
1669 5309 1909 5364 fuerint:

339 5400 492 5456 unde
551 5401 902 5458 manifestum
945 5411 1050 5464 est,
1078 5403 1224 5474 quod
1257 5401 1349 5472 qui
1384 5401 1450 5456 ad
1478 5402 1618 5470 mala
1653 5401 1908 5458 instructi

411 5578 456 5610 “
491 5576 681 5634 Matth.
720 5597 848 5647 xxv,
881 5581 972 5636 5|.

2011 4585 2194 4646 νείτω,
2229 4581 2500 4651 εὐκαίρως
2562 4583 2780 4644 πάντως
2827 4582 3145 4651 στύφοντος,
3192 4583 3268 4644 ὼς
3310 4583 3403 4650 ὅγε
3432 4582 3589 4635 ἀκαί-

2015 4692 2124 4746 ρως
2150 4673 2508 4744 ἐπιπλήσσων
2536 4673 2602 4737 ⁸³,
2634 4673 2836 4743 μᾶλλον
2865 4675 3307 4740 καταφρονεῖται.

2632 4811 2883 4864 ΚΕΦΛΛ.
2915 4809 2988 4866 Γ.

2101 4945 2552 5015 Ὑπομίμνησκε
2602 4947 2826 5011 αὐτοὺς
2881 4945 3092 5014 ἀρχαῖς
3139 4947 3233 4999 καὶ
3285 4945 3588 5010 ἐξουσίαις

2017 5033 2474 5088 ὑποτάσσεσθαι
2501 5079 2516 5101 ,
2576 5036 2958 5105 πειθαρχεῖν,
3033 5036 3182 5104 πρὸς
3238 5035 3361 5091 πᾶν
3417 5035 3588 5105 ἔργον

2017 5127 2246 5194 ἀγαθὸν
2288 5126 2566 5195 ἑτοίμους
2621 5123 2797 5181 εἶναι.
2855 5127 3142 5196 Πανταχοῦ
3185 5129 3311 5190 τοὺς
3367 5126 3590 5188 πιστοὺς

2017 5220 2140 5278 ταῖς
2180 5220 2378 5289 ἀρχαῖς
2436 5218 2843 5272 ὑποτάσσεσθαι
2887 5219 3157 5288 βούλεται.
3229 5219 3481 5273 Δεικνυσι
3535 5218 3589 5269 δὲ

2019 5311 2114 5362 καὶ
2152 5311 2268 5372 πῶς
2309 5310 2376 5364 ἂν
2409 5311 2754 5378 ὑποταγεῖεν,
2803 5313 2852 5363 εἱ
2897 5312 3033 5381 πρὸς
3067 5313 3172 5365 πᾶν
3202 5312 3362 5383 ἔργον
3391 5311 3592 5376 ἀγαθὸν

2021 5403 2536 5472 παρεσκευασμένοι
2563 5396 2718 5454 ὦσιν.
2771 5402 2936 5455 Ὂοεν
2967 5404 3146 5474 δῆλον,
3191 5405 3272 5456 ὅτι
3297 5405 3346 5457 οἱ
3371 5402 3503 5473 προς
3526 5403 3592 5455 τὰ

1659 5676 1855 5738 Variae
1903 5675 2228 5736 lectiones.

412 5773 457 5804 “
488 5772 849 5841 δεικνυμένην
883 5789 934 5828 0.
1016 5777 1061 5806 ⁶³
1081 5773 1393 5845 ἐπιστύφων
1424 5790 1496 5828 tn.
