4006 6214
354 296 477 386 ms
1177 304 1590 383 ‘EXPOSITIO
1628 322 1705 382 1N
1745 321 1982 381 EPIST.
2023 326 2124 384 AD
2149 326 2412 388 TITUM.
2455 351 2517 362 —-
2547 329 2703 390 me.
2741 329 2852 388 ιιι.
3528 334 3630 402 166

361 426 515 480 κακὰ
561 423 1094 496 παρεσκευασμένοι,
1148 419 1297 478 οὗτοι
1343 426 1633 496 ἀπειθοῦσι
1695 429 1815 488 ταῖς
1863 429 1934 496 ἀρ

2079 442 2229 498 sunt,
2265 432 2340 484 illi
2372 433 2780 502 magistratibus
2817 434 3038 488 minime
3073 444 3282 504 parent.
3310 435 3404 492 Vel
3451 441 3629 508 parati

363 521 510 586 χαίς.
561 519 632 569 Ἦ
688 517 784 569 καὶ
835 517 916 568 ὅτι
971 516 1182 586 ἕτοιμοι
1235 517 1501 578 ἔστωσαν,
1568 515 1655 570 ἵνα
1696 518 1832 587 πρὸς
1883 519 1936 571 τᾶ

2056 522 2166 574 sint
2203 533 2261 577 ut
2289 523 2354 576 ad
2382 525 2521 577 bona
2563 523 2866 586 ﬂectantur,
2902 539 3010 578 non
3051 526 3116 578 ad
3151 528 3508 598 impietatem,
3532 541 3629 586 aut

364 607 510 660 καλὰ
535 605 851 671 πείθωνται,
889 605 966 676 μὴ
1001 607 1137 677 πρὸς
1174 606 1451 672 ἀσέϐειαν,
1482 607 1514 678 ἢ
1543 607 1670 660 ἄλλο
1697 625 1750 661 τι
1779 608 1948 678 ψυχο-

366 699 590 761 δὶαεές.
647 749 662 752 -

434 792 684 859 Μηδένα
707 791 1124 861 βλασφημεῖν,
1152 791 1421 860 ἀμάχους
1449 787 1623 855 εἶναι,
1647 791 1944 857 ἐπιεικεῖς.

366 887 489 937 Κᾶν
533 885 721 947 κακῶς
755 886 972 956 πράττῃ
1010 903 1094 947 τις
1120 923 1135 947 ,
1179 884 1316 953 μηδὲ
1374 884 1564 936 τοῦτον
1609 883 1944 954 βλασφήμει,

362 977 638 1038 τουτέστι,
671 975 747 1046 μὴ
779 975 1029 1045 λοιδόρει.
1079 974 1335 1045 Καθαρὺν
1365 974 1474 1045 γὰρ
1515 971 1653 1028 εἶναι
1681 975 1761 1026 δεῖ
1794 974 1948 1044 ἡμῶν

361 1068 428 1119 τὸ
484 1067 660 1136 στόμα
716 1067 827 1119 ἀπὸ
875 1066 1163 1136 λοιδορίας.
1222 1065 1347 1118 Εἴτε
1394 1065 1504 1135 γὰρ
1549 1065 1755 1136 ἀληθής
1803 1067 1950 1118 ἐστιν

365 1160 533 1229 αὕτη,
562 1160 658 1227 οὐχ
693 1157 852 1227 ἡμῶν
874 1157 932 1211 τὸ
957 1158 1186 1228 κρίνειν,
1213 1156 1325 1210 εἴτε
1352 1156 1576 1226 ψευδής.
1611 1157 1752 1225 Ὂρα
1784 1157 1950 1219 πόσος

363 1254 394 1302 ὁ
425 1251 692 1307 κίνδυνος.

439 1341 650 1396 Πᾶσαν
675 1339 1176 1410 ἐνδεικνυμένους
1213 1343 1519 1410 πραότητα
1545 1340 1696 1408 πρὸς
1715 1341 1948 1407 πάντας

347 1433 738 1500 ἀνθρώπους.
784 1433 894 1485 Καὶ
930 1431 1219 1496 Ἰουδαίους
1245 1433 1337 1485 καὶ
1368 1431 1664 1501 Ἕλληνας,
1707 1434 1800 1486 καὶ
1847 1449 1947 1504 μοι

360 1545 392 1592 χ
401 1524 468 1592 θη
478 1524 609 1592 pob;
634 1524 726 1574 καὶ
755 1521 1098 1586 ἀδικοῦντας.

429 1613 619 1684 Ἦμεν
654 1613 763 1683 γάρ
810 1628 956 1667 ποτε
1000 1615 1101 1668 καὶ
1133 1613 1304 1684 ἡμεῖς
1354 1616 1594 1682 ἀνόητοι
1619 1655 1633 1678 ,
1665 1616 1943 1680 ἀπειθεῖς,

2056 613 2282 681 aliquod
2309 615 2455 668 aliud
2491 615 2635 685 quod
2662 616 2860 670 anima:
2893 626 3110 671 noceat.

2125 781 2287 838 Vens.
2314 785 2368 838 2.
2400 783 2675 839 Neminem
2696 787 3075 856 blasphemare,
3096 807 3198 844 non
3221 793 3474 862 litigiosos
3489 812 3621 862 esse,

2050 873 2139 926 sed
2191 874 2471 930 modestos.
2518 875 2739 932 Etiamsi
2787 880 2912 948 quis
2971 882 3112 936 male
3149 881 3332 947 faciat,
3375 902 3442 940 ne
3499 903 3622 942 eum

2052 964 2394 1032 blasphetna,
2423 967 2474 1020 id
2497 975 2602 1030 est,
2628 983 2734 1022 non
2769 970 3098 1024 conviciare.
3127 970 3351 1040 Oportet
3387 976 3530 1028 enim
3556 991 3621 1031 os

2052 1061 2304 1108 nostrum
2358 1070 2502 1110 esse.
2539 1071 2734 1124 purum
2781 1073 2808 1111 ε
2848 1059 3122 1115 convicio.
3186 1060 3320 1116 Nam
3372 1065 3486 1118 sive
3519 1067 3624 1121 hoc

2051 1145 2360 1209 verumsit,
2395 1147 2510 1202 sive
2536 1145 2756 1211 falsum,
2792 1164 2899 1202 non
2930 1159 3014 1204 est
3057 1162 3308 1205 nostrum
3345 1153 3617 1222 judicare.

2049 1236 2184 1291 Vide
2214 1247 2476 1306 quantum
2501 1239 2678 1292 subsit
2709 1241 2958 1306 periculi.

2128 1329 2349 1384 Omnem
2411 1330 2740 1384 ostendentes
2797 1333 3252 1386 mansuetudinem
3313 1337 3381 1389 ad
3437 1353 3618 1392 omnes

2048 1419 2306 1474 homines.
2359 1419 2580 1476 Judaeos
2624 1429 2678 1475 et
2706 1419 2951 1489 Graecos,
3013 1425 3311 1480 sceleratos
3360 1435 3414 1480 et
3470 1427 3618 1498 inju-

2050 1514 2182 1567 rios.

2124 1603 2290 1658 Vens.
2317 1606 2372 1660 5.
2401 1603 2634 1659 Eramus
2660 1606 2803 1660 enim
2835 1605 3127 1674 aliquando
3167 1615 3216 1660 et
3244 1625 3337 1661 nos
3363 1609 3617 1676 insipien-

360 1704 764 1772 πλανώμενοι,
796 1704 1192 1769 δουλεύοντες
1215 1705 1553 1772 ἐπιθυμίαις
1578 1703 1674 1757 καὶ
1701 1703 1936 1771 ἡδοναῖς

2051 1704 2146 1758 tes,
2176 1695 2550 1762 inobedientes,
2581 1708 2839 1762 errantes,
2869 1697 3147 1753 servientes
3169 1698 3439 1754 desideriis
3462 1711 3512 1755 et
3531 1716 3620 1755 vo-

351 1798 686 1862 ποικίλαις.
747 1798 836 1850 Ἐν
863 1797 962 1867 μὲν
989 1799 1056 1868 τῇ
1095 1798 1232 1865 πρὸς
1268 1797 1588 1866 Κορινθίους
1614 1794 1661 1827 ⁸³
1697 1796 1806 1848 ἀπὸ
1832 1795 1936 1850 τῶν

2047 1786 2339 1855 Iuptatibus
2366 1787 2550 1840 variis.
2590 1785 2650 1842 In
2693 1787 2938 1857 Epistola
2967 1788 3184 1858 quidem
3209 1790 3277 1844 ad
3304 1791 3618 1848 Corinthios

365 1889 674 1958 μελλόντων
705 1890 882 1958 φοϐεῖ,
926 1888 1066 1941 ὥστε
1115 1889 1190 1959 μὴ
1222 1889 1451 1959 κρίνειν,
1483 1889 1657 1957 λέγων
1683 1905 1696 1919 ·
1761 1889 1822 1941 '0
1847 1887 1944 1942 δο-

359 1978 485 2031 κῶν
544 1978 817 2043 ἑστάναι,
877 1979 1158 2043 ,ϐλεπέτω
1204 1980 1291 2048 μὴ
1348 1979 1551 2046 πέσῃ·
1604 1979 1840 2032 ἐνταῦθα
1885 1979 1942 2031 δὲ

355 2073 473 2124 ’ἀπὸ
501 2072 608 2124 τῶν
635 2071 1020 2142 παρελθόντων
1045 2073 1522 2142 σωφρονεστέρους
1554 2075 1718 2136 ποιεῖ,
1742 2071 1938 2141 λέγων·

362 2163 462 2232 Μῖνι
502 2159 830 2232 λοιδορῶμεν
879 2161 1110 2226 ἄλλους,
1163 2161 1354 2232 ἐπειδὴ
1409 2163 1501 2216 καὶ
1561 2163 1716 2216 αὐτοὶ
1772 2163 1941 2233 χείρω

364 2253 683 2322 ἡμάρτομεν
713 2235 906 2307 πάλαι.
943 2253 1010 2306 ⁸0
1052 2255 1149 2306 καὶ
1178 2254 1207 2307 ὁ
1233 2253 1436 2324 λῃστὴς
1464 2254 1602 2325 πρὸς
1627 2253 1720 2306 τὸν
1751 2255 1940 2323 ἕτερον

362 2341 565 2415 λῃστὴν
600 2342 798 2412 ’ἔλεγεν
820 2360 832 2372 ·
878 2342 1006 2397 ’Ὁτι
1030 2344 1107 2397 ἐν
1139 2340 1220 2407 τῷ
1251 2343 1414 2408 αὐτῷ
1458 2344 1696 2412 κρίματί
1726 2343 1935 2411 ἐσμεν.

357 2437 496 2488 Πότε
526 2437 584 2489 δὲ
617 2437 834 2506 ἀνόητοι
861 2431 1038 2507 ἦμεν;
1073 2435 1185 2507 Πρὸ
1219 2435 1481 2507 Χριστοῦ.
1517 2435 1642 2498 Πῶς
1681 2434 1790 2505 γὰρ
1837 2435 1939 2488 οὐκ

355 2526 619 2596 ἀνοησία,
650 2526 709 2579 τὸ
727 2529 837 2588 τοῖς
869 2526 1134 2590 τοιούτοις
1185 2528 1326 2590 θεοῖς
1351 2527 1664 2598 λατρεύειν;
1701 2525 1930 2594 Ἀνθρω-

351 2617 639 2681 τοθυτεῖν,
680 2617 796 2679 πῶς
821 2617 882 2669 οὐ
913 2617 1087 2688 πλάνη
1135 2619 1404 2688 μεγίστη;
1451 2617 1585 2672 ἀλλὰ
1611 2617 1705 2669 καὶ⁸
1746 2615 1937 2668 ἐπιθυ-

359 2710 514 2777 μίαις
573 2709 850 2770 ποικίλαις
879 2709 927 2741 ⁸⁵
977 2710 1067 2762 καὶ
1121 2709 1339 2780 ἡδοναῖς
1387 2708 1760 2776 ὲδουλεύομεν.
1821 2707 1937 2758 Ἐν-

356 2797 534 2849 ταῦθα
564 2800 996 2870 ἀρρενογαμίας,
1041 2801 1134 2854 καὶ
1176 2798 1586 2869 μητρογαμίας,
1629 2798 1724 2849 καὶ
1777 2795 1936 2849 ἁδελ-

343 2890 646 2959 ’φογαμίας
672 2891 800 2955 νόει,
833 2893 927 2944 καὶ
955 2892 1052 2954 τὰς
1081 2890 1249 2955 ἄλλας
1277 2891 1617 2963 ἀκαθαρσίας
1639 2905 1654 2920 ο
1680 2891 1938 2954 ποικίλως

351 2979 473 3049 γὰρ
509 2979 788 3044 ἐνέπαιξεν
828 2982 857 3034 ὁ
882 2979 1128 3046 διάϐολος
1151 2983 1301 3053 ἡμῖν.

2043 1892 2074 1931 a
2102 1879 2302 1933 tuturis
2326 1887 2516 1946 terret,
2550 1890 2609 1934 ut
2641 1895 2748 1934 non
2773 1879 3048 1950 judicent,
3073 1882 3325 1951 inquiens
3364 1903 3376 1937 :
3415 1883 3520 1949 Qui
3563 1900 3620 1939 se

2042 1969 2316 2023 existimat
2367 1979 2532 2035 stare,
2584 1971 2758 2024 videat
2802 1988 2865 2026 ne
2913 1972 3071 2025 cadat
3108 1973 3152 2005 ⁶⁹
3224 1991 3238 2027 :
3296 1974 3386 2029 hic
3425 1989 3556 2029 vero
3585 1990 3615 2028 a

2043 2062 2337 2131 prateritis
2379 2063 2834 2132 temperantiores
2870 2063 3068 2127 reddit,
3103 2065 3292 2119 dicens
3330 2082 3343 2118 :
3374 2064 3453 2120 Ne
3482 2080 3617 2121 con-

2040 2153 2308 2208 viciemur
2333 2153 2478 2218 aliis,
2525 2153 2973 2224 quandoquidem
3010 2164 3064 2209 et
3091 2156 3196 2225 ipsi
3226 2171 3326 2211 nos
3356 2157 3484 2210 olim
3520 2172 3616 2224 pe-

2037 2241 2128 2312 jus
2158 2243 2568 2312 peccaverimus
2602 2261 2617 2303 :
2645 2246 2788 2314 quod
2815 2252 2869 2299 et
2897 2244 3036 2300 latro
3083 2247 3150 2298 ad
3183 2244 3413 2299 alterum
3441 2247 3614 2300 latro-

2040 2347 2166 2385 nem
2241 2333 2798 2399 dicebatzQuoniam
2845 2336 2901 2388 in
2957 2337 3137 2390 eadem
3182 2337 3616 2392 condemnatione

2041 2440 2223 2477 sumus
2251 2425 2319 2477 ⁷⁸.
2343 2425 2574 2490 Quando
2593 2437 2775 2480 autem
2801 2428 3124 2497 insipientes
3163 2444 3383 2484 eramus
3409 2431 3431 2481 ?
3473 2433 3615 2484 Ante

2040 2513 2320 2568 Christum
2355 2525 2562 2570 natum.
2597 2515 2885 2582 Quomodo
2909 2518 3053 2571 enim
3083 2533 3191 2572 non
3233 2519 3466 2573 stultitia
3497 2529 3615 2574 erat

2042 2605 2353 2674 huiusmodi
2378 2607 2540 2677 635
2565 2608 2672 2662 diis
2708 2609 2911 2662 servire
2934 2609 2958 2662 ?
2989 2608 3178 2664 Nonne
3201 2612 3473 2666 maximus
3497 2620 3615 2666 erat

2041 2709 2199 2750 error
2256 2697 2506 2752 homines
2547 2699 2899 2754 sacriﬁcare?
2936 2699 3247 2765 Quinetiam
3293 2702 3613 2771 cupiditati-

2038 2785 2142 2841 bus
2173 2797 2227 2841 et
2255 2788 2422 2842 variis
2492 2789 2873 2858 voluptatibus
2923 2793 3316 2847 serviebamus.
3357 2792 3456 2848 Hic
3499 2809 3614 2848 ma-

2039 2877 2222 2934 sculas
2247 2878 2485 2947 nuptias,
2516 2887 2570 2933 et
2601 2895 2724 2934 cum
2751 2890 2922 2935 matre
2946 2892 2999 2936 et
3028 2898 3150 2936 cum
3178 2897 3370 2937 sorore
3399 2900 3612 2940 connu-

2040 2971 2128 3025 bia
2163 2980 2469 3040 perpetrata
2496 2971 2756 3040 intellige,
2780 2973 3024 3042 aliasque
3055 2974 3398 3044 impuritates
3420 2993 3435 3032 :
3461 2977 3613 3032 varie

2037 3076 2272 3132 namque
2303 3062 2462 3116 nobis
2494 3062 2664 3116 illusit
2692 3062 2964 3117 diabolus.

446 3151 550 3203 Ἐν
607 3152 788 3218 κακίᾳ
856 3152 954 3205 καὶ
1019 3155 1218 3221 φθόνῳ
1270 3152 1577 3222 διάγοντες
1624 3155 1932 3224 στυγητοὶ,

2109 3125 2505 3206 Ιηίηαίίιίαηει
2544 3152 2748 3205 invidia
2811 3163 3037 3223 agentes,
3090 3154 3330 3216 odibiles,
3382 3156 3611 3210 odientes

352 3238 685 3310 μισοῦντες
703 3241 752 3272 ⁸⁸
777 3242 1114 3310 ἀλλήλους.
1151 3243 1252 3295 Ἑν
1272 3249 1447 3308 κακίᾳ
1467 3244 1563 3296 καὶ
1589 3245 1788 3313 φθόνῳ
1807 3243 1934 3298 διὰ-

351 3350 592 3402 τοντες,
619 3332 890 3398 τουτέστι,
939 3335 1276 3405 μνησικακίᾳ
1309 3336 1402 3388 καὶ
1433 3335 1612 3406 φθόνῳ
1635 3336 1936 3408 διατρίϐον-
1980 3412 1982 3414 γ

349 3441 448 3487 τες
477 3425 588 3489 ἀεὶ,
627 3425 723 3486 καὶ
751 3419 862 3478 οἷον
893 3424 1006 3494 βίον
1033 3425 1207 3480 ταῦτα
1236 3425 1452 3496 ἔχοντες
1471 3442 1485 3456 ο
1519 3427 1642 3480 ὅθεν
1677 3431 1769 3480 καὶ
1796 3427 1934 3492 ἄξιοι

357 3516 553 3584 μίσους
599 3511 766 3586 ἦμεν,
790 3515 864 3579 ώι,
886 3517 1148 3586 ἀλλήλους
1185 3517 1491 3587 μισοῦντες.
1520 3518 1757 3582 Εἰκότως
1787 3537 1801 3550 ·
1828 3520 1935 3572 ἀπὸ

344 3606 452 3659 *τοῦ
489 3607 692 3675 φθόνου
724 3608 833 3677 γὰρ
863 3607 959 3661 καὶ
983 3607 1043 3660 τὸ
1073 3611 1251 3678 μῖσος.

429 3778 572 3830 ’νοτε
600 3775 668 3828 δὲ
697 3776 734 3842 ή
764 3777 1107 3844 χρηστότης
1163 3778 1262 3830 καὶ
1288 3778 1326 3845 ἡ
1375 3781 1786 3849 φιλανθρωπία
1831 3781 1936 3833 ἐπ-

355 3870 551 3937 ἐφανε
590 3865 702 3920 ’τοῦ
733 3865 1008 3936 Σωτῆρος
1043 3868 1212 3937 ἡμῶν
1265 3870 1434 3924 Θεοῦ.
1490 3871 1616 3924 Ὅτε
1645 3871 1932 3943 ἐσαρκώθη

347 3959 559 4030 δηλαδὴ
588 3961 617 4011 ὁ
637 3959 969 4030 Μονογενὴς,
1001 3961 1096 4014 καὶ
1123 3962 1257 4032 ἡμῖν
1286 3961 1568 4031 ὡμοιώθη.

429 4130 558 4188 Οὐαὶ
573 4132 644 4196 ἐξ
672 4131 862 4200 ἔργων
883 4130 1002 4184 τῶν
1031 4129 1101 4184 ἐν
1119 4130 1502 4199 δικαιοσύνῃ,
1532 4126 1619 4183 ὧν
1643 4130 1930 4199 ἐποιήσα-

345 4241 470 4294 μεν
505 4223 700 4293 ἡμεῖς,
739 4222 897 4278 ἀλλὰ
921 4223 1071 4276 κατὰ
1117 4223 1224 4276 τὸν
1276 4223 1463 4276 αὑτοῦ
1497 4223 1673 4276 ἔλεον
1696 4225 1932 4278 ἔσωσεν

351 4312 536 4382 ἡμᾶς.
560 4314 802 4365 Ἐσωσεν
832 4315 1001 4383 ἡμᾶς,
1031 4312 1133 4366 οὑκ
1162 4312 1224 4376 ἐξ
1248 4312 1426 4383 ἔργων
1451 4305 1526 4367 ὧν
1558 4314 1891 4384 ἐποιήσαμεν
1913 4332 1925 4345 ·

348 4405 479 4457 ἀντ).
503 4403 620 4469 τοῦ,
647 4402 770 4457 οὗτε
794 4404 1131 4473 ἐποιήσαμεν
1159 4400 1300 4474 ἔργα.
1326 4403 1674 4473 δικαιοσύνης
1691 4405 1759 4470 ⁸⁷,
1793 4405 1918 4458 οὔτε

351 4489 644 4559 ἐσώθημεν
669 4492 734 4543 ὲκ
760 4490 1136 4556 τούτων,ἁλλὰ
1167 4492 1228 4544 τὸ
1255 4493 1363 4546 πᾶν
1390 4494 1422 4564 ὴ
1459 4493 1730 4564 ἀγαθότης
1761 4495 1924 4548 αὑτοῦ

351 4583 604 4653 ἐποίησε.

424 4673 530 4726 Διὰ
556 4674 821 4741 λουτροῦ
852 4676 1318 4745 παλιγγενεσίας
1345 4677 1446 4731 καὶ
1471 4677 1927 4748 ἀνακαινώσεως

347 4766 700 4832 Πνεύματος
716 4765 914 4832 ἁγίου,
947 4761 1018 4822 οὗ
1042 4767 1286 4835 ἐξέχεεν
1309 4768 1402 4836 ἐφ’
1433 4767 1590 4838 ἡμᾶς
1617 4774 1926 4840 πλουσίως

351 4856 453 4910 διὰ
504 4858 710 4924 Ἰησοῦ
733 4859 990 4927 Χριστοῦ
1023 4860 1130 4914 τοῦ
1160 4858 1430 4929 Σωτῆρος
1481 4862 1670 4932 ἡμῶν.
1725 4864 1921 4936 Βαόαὶ,

350 4950 435 5000 ὅτι
463 4947 634 5012 οὕτως
655 4944 799 5018 ἦμεν
826 4951 883 5001 ὲν
908 4953 974 5019 τῇ
1000 4950 1167 5021 κακίᾳ
1193 4950 1614 5022 βεϐαπτισμένοι
1636 4996 1652 5023 ,
1686 4956 1760 5020 ὡς
1791 4959 1926 5030 μηδὲ

346 5038 610 5094 δύνασθαι
638 5040 1002 5112 καθαρθῆναι,
1032 5042 1147 5094 ἀλλ’
1195 5045 1605 5114 ἀναγεννήσεως
1642 5047 1923 5120 δεηθῆναι.

346 5129 526 5183 Τοῦτο
551 5132 662 5201 γὰρ
691 5133 724 5202 ἡ
761 5133 1154 5201 παλιγγενεσία
1214 5134 1312 5187 καὶ
1341 5135 1707 5203 ἀνακαίνισις,
1739 5142 1770 5212 ἠ
1804 5143 1926 5196 δευ-

346 5223 488 5293 τέρα
541 5224 815 5295 γέννησις,
871 5226 964 5279 καὶ
1017 5226 1113 5279 νέα
1142 5227 1359 5291 πλάσις.
1385 5229 1596 5301 Ὠσπερ
1617 5233 1726 5302 γὰρ
1742 5236 1921 5291 οἰκίαν

425 5379 515 5433 "l
549 5381 684 5439 Cor.
721 5400 778 5450 ι,
815 5385 900 5440 12.
1013 5389 1058 5419 ⁷ο
1091 5387 1225 5444 Luc.
1258 5406 1413 5457 χχιιι,
1455 5391 1544 5447 40.

2039 3246 2280 3300 invicem.
2317 3243 2382 3299 In
2413 3243 2624 3300 malitia
2658 3251 2709 3297 et
2757 3243 2957 3296 invidia
2993 3254 3222 3313 agentes,
3275 3246 3377 3300 hoc
3409 3257 3512 3312 εει,
3549 3249 3606 3303 in

2037 3332 2293 3388 vindicta:
2328 3335 2626 3404 cupiditate
2665 3344 2719 3392 et
2746 3333 2972 3391 invidia
3010 3344 3408 3390 commorantes
3463 3352 3610 3392 sem-

2037 3441 2154 3496 per,
2181 3442 2244 3480 ac
2271 3427 2437 3482 veluti
2472 3429 2636 3482 vitam
2691 3429 2745 3483 in
2777 3430 2842 3484 iis
2881 3429 3169 3495 habentes,
3206 3428 3351 3486 unde
3382 3435 3436 3481 et
3483 3429 3611 3482 odio

2035 3513 2185 3584 digni
2211 3529 2451 3579 eramus,
2489 3517 2746 3585 quoniam
2774 3533 2875 3572 nos
2903 3517 3133 3572 invicem
3160 3519 3288 3574 odio
3308 3532 3605 3590 proseque-

2036 3603 2251 3658 bamur.
2275 3605 2441 3676 quue
2469 3621 2576 3663 non
2607 3609 2876 3665 immerito
2903 3627 2917 3663 :
2944 3624 3067 3663 nam
3097 3625 3160 3664 ex
3191 3612 3394 3667 invidia
3421 3612 3602 3667 odiutn

2036 3695 2298 3749 nascitur.

2107 3781 2272 3838 Vens.
2302 3787 2352 3839 4.
2399 3784 2530 3840 Cum
2559 3798 2733 3841 autent
2765 3789 3060 3861 benignitas
3093 3802 3142 3847 et
3172 3795 3479 3849 humanitas
3511 3811 3606 3864 ap.

2033 3875 2211 3940 paruit
2273 3873 2566 3933 Servatoris
2641 3886 2811 3936 nostri
2874 3885 2992 3940 Dei.
3061 3885 3290 3953 Quando
3346 3889 3601 3944 incarna-

2034 3975 2121 4020 tus
2173 3973 2259 4020 est
2323 3967 2570 4025 videlicet
2651 3972 2992 4045 Unigenitus,
3057 3978 3328 4047 nobisque
3381 3981 3601 4034 assimi-

2034 4056 2196 4112 latus.

2114 4151 2272 4207 νειιε.
2299 4154 2352 4208 5.
2395 4154 2516 4208 Non
2549 4172 2614 4209 ea:
2644 4159 2886 4227 operibus
2933 4161 3186 4227 justitiw,
3233 4177 3350 4230 qua:
3383 4161 3599 4229 fecimus

2034 4256 2152 4306 nos,
2199 4242 2289 4296 sed
2320 4246 2606 4298 secundum
2658 4263 2810 4302 suam
2845 4249 3261 4303 misericordiam
3299 4251 3472 4304 salvos
3505 4267 3598 4305 nas

2033 4330 2176 4399 fecit.
2213 4333 2405 4388 Salvos
2447 4351 2550 4390 nos
2580 4335 2730 4402 fecit,
2764 4352 2874 4391 non
2902 4352 2966 4392 ex
3001 4339 3258 4407 Operibus
3292 4355 3414 4409 quae
3464 4338 3599 4394 feei-

2033 4437 2155 4476 mus
2184 4437 2200 4475 :
2233 4424 2337 4478 hoc
2359 4434 2466 4489 est,
2494 4443 2670 4496 neque
2700 4427 2932 4484 fecimus
2954 4443 3119 4500 opera
3139 4430 3390 4499 justitize,
3423 4446 3600 4500 neque

2032 4529 2129 4583 per
2162 4514 2278 4568 luec
2298 4520 2604 4571 conservati
2629 4533 2842 4586 sumus,
2869 4519 2965 4576 sed
2989 4520 3205 4578 bonitas
3229 4523 3401 4593 ipsius
3425 4533 3595 4579 totum

2035 4617 2257 4673 operata
2289 4617 2391 4661 est.

2101 4691 2208 4747 Per
2237 4694 2508 4750 lavacrum
2554 4701 2964 4768 regenerationis
3006 4711 3056 4756 et
3089 4702 3441 4756 renovationis
3471 4699 3599 4766 Spi-

2033 4784 2170 4839 ritus
2193 4788 2388 4854 sancti,
2414 4787 2466 4842 6.
2511 4789 2676 4854 Quem
2716 4792 2905 4860 effudit
2937 4793 2992 4846 in
3027 4809 3121 4846 nos
3145 4793 3352 4848 abunde
3379 4809 3471 4862 per
3500 4793 3596 4849 Je-

2031 4893 2147 4932 sunt
2177 4877 2448 4934 Christum
2479 4881 2811 4938 Servatorem
2841 4895 3100 4939 nostrum.
3133 4886 3178 4940 0
3210 4901 3322 4940 rem
3366 4888 3596 4939 mirabi-

2031 4966 2135 5024 lem
2167 4971 2178 5022 !
2219 4970 2366 5025 Adeo
2392 4971 2541 5025 vitiis
2582 4988 2801 5028 eramus
2855 4974 3123 5038 immersi,
3159 4975 3242 5028 ~ut
3280 4989 3348 5028 ne
3375 4975 3594 5044 purgari

2034 5060 2254 5127 quidem
2315 5077 2626 5131 possemus.
2662 5065 2756 5119 sed
2817 5080 2955 5135 opus
3017 5065 3118 5120 fuit
3160 5066 3590 5136 regeneratione.

2030 5148 2162 5203 Nam
2191 5153 2532 5221 regeneratio
2567 5165 2621 5207 et
2650 5159 2936 5212 renovatio
2991 5157 3286 5214 secundam
3336 5154 3601 5224 nativita-I

2030 5250 2138 5299 tem
2210 5258 2515 5315 novamque
2552 5245 2933 5305 formationem
2964 5248 3295 5319 signiﬁcant.
3349 5243 3416 5300 Ut
3445 5241 3590 5298 enim

1692 5554 1892 5618 Variae
1928 5559 2256 5628 lectiones.

429 5703 474 5735 σε
505 5679 746 5768 Γαλάτας
772 5719 823 5761 ο.

929 5708 974 5740 ⁸⁵
1006 5711 1269 5779 μεγάλαις
1307 5728 1362 5770 o.
1438 5716 1484 5749 ⁸⁸
1522 5722 1739 5790 μισητοῖ
1771 5724 2093 5792 στυγοῦντες
2116 5747 2168 5784 o.
2242 5731 2283 5764 ⁸⁷
2312 5732 2444 5803 ἔργα
2474 5730 2596 5796 ἄξια
2627 5729 2963 5801 δικαιώσεως
2991 5749 3064 5792 tn.
