4006 6214
368 360 468 427 167

1278 340 1863 408 THEOPHYLACTI
1891 336 2140 399 BULGA
2152 334 2304 395 RI/E
2340 328 2694 392 ARCHIEP.

3512 319 3616 391 183

367 476 591 531 domum
633 470 794 542 plane
817 475 1055 523 veterem
1098 475 1207 515 non
1235 456 1598 522 suli‘ulcimus,
1642 469 1829 509 verum
1874 451 1977 512 ad,

2083 445 2416 518 παμπάλαιον
2474 444 2575 514 οὐχ
2622 441 3080 514 ὕποστηρίζομεν,
3143 444 3279 498 ἀλλὰ
3322 443 3483 515 μέχρι
3512 445 3622 496 τῶν

372 565 729 621 fundamenta
761 572 937 625 usque
991 552 1287 611 diruimus,
1342 561 1651 617 novamque
1696 546 1939 600 aediﬁca-

376 671 501 711 mus
534 673 547 707 :
578 649 918 706 consimilem
948 646 1012 697 ad
1044 642 1309 696 rationem
1341 639 1487 695 Deus
1521 653 1626 692 non
1662 635 1946 691 reconcin-

373 748 523 800 navit
562 758 700 808 nos,
753 740 846 793 sed
902 740 1083 791 denuo
1141 734 1405 790 condidit.
1467 728 1802 797 Quomodo?
1844 728 1946 782 Per

374 838 633 909 Spiritum
666 840 938 888 sanctum.
973 827 1049 882 Ne
1074 825 1219 882 enim
1246 840 1460 895 quaeras
1482 824 1704 877 modum
1730 841 1743 877 :
1769 820 1945 889 Spiri-

375 940 482 991 tus,
520 926 714 993 inquit,
743 931 916 975 tetum
930 919 1228 989 transegit.
1258 915 1409 972 Unde
1433 916 1537 970 boc
1557 911 1949 984 perspicuum?

376 1020 540 1084 Quem
566 1016 777 1086 effudit,
805 1013 1005 1081 inquit,
1037 1008 1246 1064 abunde
1278 1009 1332 1062 in
1365 1025 1480 1062 nos.
1513 1006 1632 1062 Non
1657 1006 1799 1060 enim
1833 1013 1951 1057 tan-

378 1108 659 1164 tummodo
692 1122 788 1177 per
826 1106 978 1158 illum
1014 1102 1233 1156 reﬁnxit
1262 1118 1390 1161 nos,
1425 1098 1522 1153 sed
1563 1100 1713 1166 large
1772 1097 1948 1165 ipsum

378 1202 543 1255 etiam
572 1198 730 1251 nobis
755 1193 1038 1264 impertiit,
1073 1201 1131 1244 ιιι
1167 1199 1221 1245 et
1254 1190 1387 1243 illud
1412 1203 1507 1258 per
1542 1188 1643 1240 hoc
1677 1194 1951 1238 monstre-

383 1303 492 1346 tur.
520 1291 596 1341 Ac
624 1288 841 1341 merito.
869 1284 1163 1352 Postqumn
1197 1282 1341 1335 enim
1368 1278 1651 1332 inundavit
1681 1291 1803 1338 nos,
1839 1283 1953 1326 tum

380 1392 435 1435 et
459 1378 664 1448 Spiritu
694 1393 794 1430 suo
834 1376 1050 1430 abunde
1082 1388 1183 1427 nos
1222 1371 1489 1441 implevit,
1527 1370 1632 1424 boe
1658 1368 1801 1421 enim
1850 1373 1953 1427 est,

382 1470 527 1540 quod
565 1469 683 1521 ait:
715 1465 942 1534 Eﬂ'udit.
980 1462 1136 1529 Quod
1175 1462 1321 1516 enim
1381 1462 1658 1529 impurum
1701 1472 1808 1510 non
1876 1455 1958 1508 in-

382 1563 645 1634 greditur.
680 1559 804 1613 ﬂaee
835 1567 1014 1610 autem
1052 1571 1144 1624 per
1164 1553 1347 1607 Iesum
1372 1552 1743 1621 contigerunt,
1784 1547 1957 1613 siqui-

384 1657 505 1709 dem
549 1656 663 1722 ipse
692 1651 938 1705 omnium
972 1648 1243 1702 bonorum
1275 1655 1329 1701 et
1357 1646 1626 1700 mediator
1652 1650 1707 1697 et
1739 1640 1963 1710 largitor

385 1759 487 1803 CSl.

2050 537 2317 608 θεμελίων
2363 532 2776 606 καθαιροῦντες,
2810 534 2874 584 ὲκ
2904 534 3094 602 καινῆς
3139 533 3431 602 κτίζομεν·
3477 529 3623 585 οῦτω

2049 630 2185 683 καὶὸ
2209 627 2341 691 Θεὸς
2363 626 2463 679 οὐκ
2492 623 2860 678 ἐπεσκεύασεν
2905 625 3077 694 ἡμᾶς,
3109 622 3224 676 ἀλλ’
3254 622 3461 677 ἄνωθεν
3491 640 3623 675 κατ-

2046 722 2333 774 εσκεύασε.
2371 718 2494 780 Πῶς
2520 734 2537 785 ;
2567 717 2667 770 Διά
2700 715 3014 785 Πνεῦματος
3044 716 3223 783 ἁγίου.
3262 716 3377 767 Ἵνα
3405 715 3514 782 γὰρ
3548 713 3623 782 μὴ

2047 810 2216 881 ζητῇς
2236 810 2328 862 τὸν
2357 809 2581 877 τρόπον,
2613 806 2675 859 τὸ
2716 794 2960 875 Πνεῦμα,
3018 806 3169 874 φησὶ,
3208 803 3538 874 κατώρθωσε
3566 803 3627 855 τὸ

2048 902 2176 956 πᾶν.
2211 899 2379 954 Πόθεν
2401 895 2558 952 τοῦτο
2577 898 2770 967 δῆλον;
2811 900 2879 951 Ὃ
2900 895 3289 966 ὲξέχεε,φησὶ,
3317 895 3629 959 πλουσίως

2048 994 2140 1064 ἐφ’
2167 992 2342 1063 ἡμᾶς.
2376 993 2453 1045 Οὐ
2505 992 2665 1062 μόνον
2692 991 2801 1060 γὰρ
2843 988 2912 1043 δι’
2942 987 3106 1042 αὐτοῦ
3136 988 3460 1051 ἀνέπλασεν,
3492 985 3630 1039 am

2051 1089 2145 1143 καὶ
2174 1085 2412 1156 δαψιλῶς
2443 1083 2633 1138 τούτου
2658 1084 2981 1154 μετέδωκεν,
3014 1083 3100 1135 ἵνα
3132 1081 3352 1135 κάκεῖνο
3387 1080 3474 1132 διὰ
3504 1079 3632 1131 τοῦ·

2050 1197 2145 1232 του
2175 1176 2382 1248 δειχθῇ.
2415 1174 2525 1228 Καὶ
2567 1175 2812 1238 εἰκότως.
2868 1172 3088 1241 Ἐπειδὴ
3144 1170 3254 1241 γάρ
3301 1170 3625 1237 ὲκαθάρισε,

2053 1272 2173 1325 τότε
2199 1273 2295 1324 καὶ
2331 1269 2433 1323 τοῦ
2469 1268 2787 1337 Πνεῦματος
2817 1266 3138 1337 ἐπλήρωσεν
3171 1266 3318 1334 ἡμᾶς
3363 1262 3629 1330 ἀφθόνως.

2056 1363 2228 1417 Τοῦτο
2251 1364 2359 1431 γὰρ
2386 1362 2472 1425 τὸ,
2493 1359 2759 1429 ἐξέχεεν.
2795 1358 2885 1421 Εἰς
2913 1359 3020 1427 γὰρ
3041 1357 3384 1425 ἀκαθάρτους
3406 1354 3504 1406 οὐκ
3523 1354 3634 1406 εισι-

2058 1453 2274 1524 ἐρχεται
2301 1452 2362 1504 τὸ
2398 1440 2658 1521 καθαρόν.
2716 1447 2902 1502 Ταῦτα
2931 1447 2989 1498 δὲ
3030 1445 3128 1498 διὰ
3171 1441 3369 1512 Ἰησοῦ
3400 1456 3414 1472 ⁸
3472 1442 3634 1504 αὐτὸς
3712 1478 3717 1483 ρ

2058 1546 2169 1616 γὰρ
2225 1545 2359 1616 ημῖν
2397 1542 2626 1614 μεσίτης
2671 1541 2765 1594 καὶ
2824 1538 3085 1612 πρόξενος
3116 1537 3336 1591 πάντων
3364 1533 3470 1588 τῶν
3494 1534 3635 1600 ἀγα-

2060 1634 2190 1704 θῄν.

458 1798 625 1895 iisiis.
658 1840 710 1892 7.
757 1838 820 1892 Ut
851 1837 1141 1907 justiﬁcati
1170 1833 1348 1904 gratia
1394 1831 1585 1901 ipsius,
1617 1827 1848 1883 hreredcs
1888 1826 1962 1880 si-

2136 1812 2272 1868 Ἵνα
2300 1809 2714 1875 δικαιωθέντες
2760 1801 2836 1877 τῇ
2866 1804 3105 1860 ἐκείνου
3170 1798 3384 1875 χάριτι,
3433 1803 3643 1872 κληρο-

388 1950 502 1992 mus
536 1929 823 1985 secundum
866 1944 1006 1997 spem
1040 1928 1159 1981 vita:
1209 1934 1441 1980 ueterum.
1506 1921 1719 1975 Rursus
1764 1918 1961 1988 gratia,

391 2038 501 2076 non
524 2021 707 2076 debito
729 2019 883 2072 dicit.
922 2016 1033 2071 Hoc
1062 2022 1240 2069 autem
1271 2028 1371 2068 nos
1396 2010 1756 2067 humilitatem
1783 2007 1961 2061 docet.

393 2111 510 2164 Non
562 2109 708 2163 enim
758 2108 863 2177 ipsi
890 2106 1096 2174 aliquid
1147 2101 1532 2174 transegimus.
1593 2098 1821 2167 Insuper
1867 2108 1968 2149 nos

394 2204 534 2258 bene
564 2215 789 2268 sperare
822 2197 955 2253 facit
987 2200 1053 2251 de
1114 2194 1319 2250 futuris
1378 2191 1561 2247 bouis.
1602 2189 1658 2244 Si
1690 2188 1834 2242 enim
1867 2198 1969 2239 nos

393 2291 532 2345 adeo
570 2291 889 2359 desperatos
921 2295 976 2342 et
1012 2287 1259 2357 perditos
1299 2300 1396 2356 per
1421 2281 1653 2354 gratiam
1703 2275 1964 2340 servavit,

402 2382 575 2436 multo
609 2383 781 2450 magis
809 2377 1129 2449 justilicatis
1185 2385 1412 2430 ventura
1479 2373 1624 2428 bona
1682 2368 1968 2438 largietur.

398 2471 471 2525 Ut
509 2469 832 2531 eliiciamur,
861 2466 1028 2540 636
1056 2467 1254 2536 inquit,
1300 2461 1548 2519 lum-edes
1574 2470 1792 2515 aeternae
1822 2458 1965 2519 vitae,

400 2561 624 2631 perinde
652 2576 715 2615 ac
742 2573 1051 2629 speramus.
1083 2558 1182 2611 Vel
1207 2555 1337 2628 quia
1362 2555 1476 2625 jam
1508 2552 1753 2608 bmredes
1776 2549 1972 2613 simus,

398 2659 673 2722 quatenus
704 2650 770 2703 ad
793 2664 970 2718 spem.

473 2740 639 2795 Vsus.
670 2740 723 2794 8.
755 2737 949 2793 Fidelis
973 2754 1165 2792 sermo.
1196 2736 1337 2802 Quia
1388 2735 1458 2790 de
1502 2733 1705 2788 futuris
1757 2733 1975 2788 locutus

399 2840 536 2891 erat.
570 2829 916 2883 autoritatem
945 2828 1113 2882 verbo
1142 2840 1244 2882 suo
1270 2824 1441 2880 addit.
1476 2823 1702 2879 Planum
1722 2822 1865 2877 enim
1895 2830 1978 2879 est

403 2938 432 2975 ιι
477 2922 930 2993 praecedentibus.
957 2918 1094 2974 Nam
1134 2919 1224 2989 qui
1252 2919 1380 2973 talia
1399 2919 1569 2981 dedit,
1602 2917 1786 2971 futura
1811 2917 1974 2969 etiam

403 3015 636 3069 daturus
666 3024 774 3068 est.

481 3104 550 3158 Et
584 3106 648 3157 de
680 3103 761 3156 Itis
790 3103 906 3157 υοίο
933 3111 979 3156 te
1009 3102 1349 3171 conﬁrmare,
1386 3107 1445 3152 ut
1479 3107 1663 3152 curent
1688 3096 1836 3151 bonis
1862 3112 1985 3165 ope-

416 3198 561 3251 ribus
587 3210 811 3263 prwesse
841 3193 932 3263 qui
977 3191 1195 3246 credunt
1227 3190 1361 3245 Deo.
1412 3188 1551 3255 Quia
1588 3187 1680 3243 Dei
1715 3187 1981 3243 bonitatis

412 3286 706 3343 iueﬂabilis
730 3287 1065 3340 mentionem
1102 3284 1257 3348 fecit,
1309 3281 1446 3337 Volo
1482 3290 1553 3347 te,
1583 3280 1781 3349 inquit,
1815 3279 1886 3333 ita
1916 3279 1983 3335 de

412 3383 533 3437 istis
566 3381 781 3447 docere,
821 3388 880 3435 ut
905 3380 1127 3435 discant
1154 3378 1342 3432 fideles
1369 3390 1477 3430 non
1504 3373 1851 3430 solummodo
1877 3373 1979 3427 hu-

412 3474 614 3529 militer
644 3487 857 3541 sapere,
884 3480 937 3526 et
965 3487 1072 3526 non
1107 3468 1416 3526 conviciari
1444 3467 1588 3530 aliis,
1606 3480 1791 3520 verum
1820 3466 1984 3520 etiam

417 3565 690 3620 misereri.
724 3563 827 3630 Qui
866 3565 1014 3617 enim
1050 3577 1234 3618 secum
1292 3559 1626 3632 reputaverit
1676 3556 1988 3612 misericor-

415 3655 560 3708 diam
620 3667 783 3722 quam
827 3652 943 3722 ipse
976 3667 1005 3704 a
1054 3651 1163 3706 Deo
1204 3652 1274 3706 sit
1302 3656 1615 3713 assecutus,
1672 3648 1786 3717 ipse
1825 3646 1985 3702 etiam

415 3745 794 3801 miserebitur.
843 3744 906 3800 Ut
939 3752 1145 3805 curent,
1192 3741 1393 3810 inquit,
1444 3739 1548 3794 itOC
1604 3745 1709 3803 est,
1743 3746 1802 3792 ut
1848 3736 1991 3793 assi-

416 3835 578 3890 duam
607 3836 736 3890 dent
766 3850 1008 3905 operam,
1055 3834 1356 3903 seduloque
1410 3832 1732 3886 adnitantur
1783 3830 1991 3900 injuste

416 3927 698 3998 oppressis
733 3940 1065 3982 succurrere
1097 3943 1111 3980 :
1152 3925 1351 3988 viduis,
1382 3925 1667 3994 orpltanis,
1691 3932 1770 3988 et,
1795 3931 1853 3977 ut
1879 3938 1991 3977 uno

415 4022 581 4075 verbo
618 4021 822 4084 dicam,
870 4020 1161 4090 quibusvis
1196 4016 1567 4088 indigentibus
1626 4016 1937 4085 prospicere
1972 4031 1987 4067 :

418 4112 521 4166 hoc
557 4111 698 4166 enim
734 4110 961 4176 indicat,
1007 4109 1156 4163 bonis
1188 4107 1430 4177 operibus
1455 4122 1679 4173 praeesse
1702 4122 1720 4158 :
1755 4119 1856 4159 nec
1899 4119 1994 4159 ex-

421 4212 668 4271 spectent
697 4201 968 4271 tantisper
1002 4200 1129 4255 dum
1156 4211 1380 4271 egentes
1409 4198 1474 4252 ad
1502 4213 1597 4252 eos
1624 4196 1991 4267 pervenerint,

419 4294 516 4349 sed
544 4295 645 4364 ipsi
679 4309 867 4349 eorum
897 4308 1083 4347 ruram
1113 4301 1323 4362 gerant.

493 4383 621 4439 Hinc
651 4398 773 4439 sunt
804 4384 941 4439 bona
965 4395 1010 4438 et
1043 4385 1197 4437 utilia
1219 4382 1538 4436 hominibus.
1574 4379 1716 4435 Cura
1745 4392 1800 4434 et
1848 4393 1989 4448 prat-

2064 1907 2235 1975 νόμοι
2262 1901 2565 1974 γενώμεθα
2592 1901 2718 1955 κατ’
2737 1899 2956 1955 ἐλπίδα
2983 1897 3133 1967 ζωῆς
3158 1898 3424 1951 αἰωνίου.
3476 1897 3644 1950 Πάλιν

2065 2000 2149 2064 τὸ,
2177 1996 2392 2068 χάριτι,
2417 1997 2516 2050 οὐκ
2544 1994 2757 2065 όφειλῇ.
2782 1993 2958 2047 Τοῦτο
2994 1993 3051 2045 δὲ
3078 1991 3174 2045 καὶ
3214 1988 3648 2058 ταπεινοφροσύ-

2069 2109 2167 2161 νην
2190 2088 2456 2143 διδάσκει.
2489 2088 2564 2141 Οὐ
2600 2088 2708 2157 γάρ
2732 2071 2885 2140 αὺτδί
2918 2102 2971 2138 τι
3003 2081 3471 2155 κατωρθώσαμεν.
3537 2081 3647 2133 Καὶ

2067 2183 2355 2247 εὐέλπιδας
2398 2184 2542 2235 ποιεῖ
2579 2182 2707 2252 περὶ¹
2746 2179 2855 2234 τῶν
2886 2178 3212 2248 μελλόντων.
3243 2177 3304 2230 lii
3335 2168 3443 2247 γὰρ
3470 2174 3647 2238 οὕτως

2067 2274 2521 2344 ἀπεγνωσμένους
2541 2274 2724 2345 χάριτι
2759 2270 2953 2335 ἔσωσε,
2985 2268 3167 2339 πολλῷ
3195 2268 3396 2339 μᾶλλον
3421 2270 3650 2320 δικαιω-

2070 2372 2209 2422 θεῖσι
2241 2367 2312 2420 τᾶ
2357 2366 2617 2437 μέλλοντα
2673 2363 2860 2417 δώσει.
2897 2362 3038 2424 Ἵνα,
3100 2361 3256 2429 φησὶ,
3315 2357 3646 2428 κληρονόμοι

2070 2458 2359 2530 γενώμεθα
2411 2458 2557 2529 ζωῆς
2627 2455 2873 2520 αἰωνίου,
2928 2452 3071 2506 καθά
3110 2453 3204 2505 καὶ
3236 2450 3548 2520 ἐλπίζομεν.
3582 2446 3655 2502 ἸΙ

2071 2554 2153 2606 ὅτι
2185 2552 2285 2624 ἤδη
2311 2550 2640 2623 κληρονόμοι
2669 2549 2859 2619 ἐσμὲν,
2894 2548 3017 2601 ὅσον
3044 2563 3108 2615 γε
3127 2548 3200 2617 -τῇ
3234 2543 3431 2598 ἐλπίδι.

2146 2737 2369 2803 Πιστὸς
2414 2738 2447 2790 δ
2483 2734 2688 2802 λόγος.
2732 2730 2951 2801 Ἐπειδὴ
3004 2729 3133 2801 περὶ
3160 2728 3465 2800 μελλόντων
3499 2719 3647 2788 εἷπε,

2078 2834 2139 2888 τὸ
2176 2830 2491 2898 ἀξιόπιστον
2521 2826 2597 2892 τῷ
2625 2824 2769 2896 λόγῳ
2820 2822 3171 2894 προστίθησι.
3217 2822 3385 2893 Δῆλον
3412 2820 3521 2891 γὰρ
3551 2818 3658 2872 ἀπὸ

2076 2927 2190 2978 τῶν
2235 2918 2621 2992 προλαϐόντων
2647 2934 2662 2951 ο
2700 2918 2728 2971 ὁ
2760 2916 2866 2986 γὰρ
2888 2914 3125 2968 τοσαῦτα
3165 2913 3311 2980 δοὺς,
3347 2913 3440 2967 καὶ
3487 2910 3660 2964 ταῦτα

2080 3013 2264 3066 δώσει.

2154 3106 2263 3159 Καὶ
2298 3103 2432 3171 περὶ
2460 3103 2692 3157 τούτων
2720 3098 3025 3169 ,βούλομαί
3046 3113 3121 3153 σε
3156 3095 3661 3157 διαϐεϐαιοῦσθαι,

2082 3197 2183 3249 ἵνα
2202 3192 2556 3265 φροντίζωσι
2586 3189 2790 3245 καλῶν
2818 3190 3011 3258 ἔργων
3036 3190 3443 3256 προΐστασθαι
3468 3189 3522 3240 οὶ
3562 3200 3665 3238 πει

2085 3288 2478 3350 πιστευκότες
2520 3282 2659 3349 Θεῷ.
2697 3283 2917 3353 Ἐπειδὴ
2966 3283 3251 3353 ὑπέμνησε
3280 3281 3377 3351 τῆς
3408 3278 3502 3331 τοῦ
3527 3276 3664 3331 Θεοῦ

2084 3380 2295 3447 ἀφάτου
2342 3376 2704 3446 ἀγαθότητος,
2739 3375 2928 3443 φησὶν,
2961 3373 3117 3427 Οὕτω
3141 3371 3402 3442 βούλομαί
3433 3387 3492 3423 σε
3519 3369 3667 3422 διδά-

2086 3489 2237 3525 σκειν
2280 3469 2657 3542 περὶτούτων,
2689 3468 2777 3521 ἵνα
2811 3466 3056 3536 μάθωσιν
3088 3467 3136 3518 οί
3165 3466 3351 3518 πιστοὶ
3395 3462 3471 3532 μὴ
3503 3462 3669 3531 μόνον

2086 3561 2553 3630 ταπεινοφρονεῖν,
2606 3556 2701 3611 καὶ
2733 3556 2809 3627 μὴ
2836 3555 3115 3617 ὀνειδίζειν
3145 3551 3346 3616 ἄλλοις,
3402 3551 3537 3607 ἀλλά
3572 3554 3670 3603 καὶ

2089 3653 2279 3708 ἐλεεῖν.
2318 3652 2376 3705 Ὀ
2421 3651 2531 3720 γὰρ
2560 3649 2756 3702 ἐννοῶν
2809 3648 2902 3700 τὸν
2932 3646 3079 3699 ἔλεον
3120 3645 3215 3698 τοῦ
3255 3644 3392 3696 Θεοῦ
3419 3637 3478 3697 οὗ
3506 3642 3670 3705 αὐτὸς

2090 3743 2302 3814 ἔτυχεν,
2334 3743 2550 3812 ἐλεήσει
2578 3740 2671 3794 καὶ
2695 3737 2877 3801 αὐτός.
2917 3738 3052 3792 Ἵνα
3082 3735 3455 3806 φροντίζωσι,
3509 3734 3667 3803 φησὶ,

2090 3839 2388 3900 τουτέστιν,
2453 3834 2614 3906 ἔργον
2658 3831 2755 3886 καὶ
2812 3830 3134 3899 σπούδασμα
3192 3827 3439 3897 διηνεκὲς
3502 3827 3670 3894 ἔχωσι

2094 3930 2306 4000 βοηθεῖν
2346 3923 2742 3995 ἀδικουμένοις*
2775 3921 2998 3992 χηρῶν,
3030 3920 3306 3991 ὀρφανῶν,
3332 3919 3426 3972 καὶ
3458 3915 3668 3979 ἁπλῶς,

2093 4018 2207 4073 τῶν
2242 4017 2513 4087 δεομένων
2541 4014 2892 4085 προνοεῖσθαι
2914 4030 2930 4043 ο
2961 4013 3121 4066 τοῦτο
3157 4012 3265 4081 γάρ
3291 4010 3441 4079 δηλοῖ
3460 4010 3536 4073 τὸ,
3566 4026 3672 4062 κα-

2093 4110 2218 4165 λῶν
2260 4109 2450 4178 ἔργων
2494 4107 2917 4176 προΐστασθαι,
2946 4107 3042 4160 καὶ
3072 4104 3148 4174 μὴ
3190 4103 3505 4174 άναμένωσι
3537 4101 3671 4163 τοὺς

2095 4202 2383 4271 δεομένους
2415 4200 2553 4271 πρὸς
2578 4198 2779 4262 αὐτοὺς
2805 4190 3000 4264 ἐλθεῖν,
3024 4196 3141 4251 ἀλλ’
3167 4195 3324 4250 αὐτοὶ
3345 4194 3474 4267 περὶ
3489 4192 3671 4248 αὐτῶν

2100 4292 2430 4363 μεριμνῶσι.
2824 4344 2839 4353 ,

2174 4383 2369 4438 Ταῦτά
2417 4383 2550 4436 ἐστι
2604 4382 2676 4435 τὰ
2711 4381 2869 4435 καλὰ
2890 4381 2987 4435 καὶ
3015 4381 3283 4451 ὠφέλιμα
3301 4380 3427 4446 τοῖς
3445 4378 3671 4448 ἀνθρώ-

422 4474 640 4529 feetura
696 4475 966 4530 bonorum
1017 4488 1265 4542 operum,
1314 4472 1400 4525 vel
1459 4472 1577 4540 ipsa
1638 4471 1800 4524 etiam
1853 4470 1977 4523 bon:

2101 4489 2258 4540 ποις.
2297 4474 2360 4527 Ἥ
2391 4472 2614 4542 φροντὶς
2668 4473 2766 4524 καὶ
2815 4472 3187 4542 ἡ-προστασία
3236 4471 3344 4523 τῶν
3375 4469 3553 4523 καλῶν
3581 4469 3677 4540 Ep-

421 4582 611 4636 Opera.

496 4657 661 4713 Vens.
686 4655 739 4708 9.
792 4655 1000 4710 Stultus
1033 4664 1209 4708 autem
1270 4655 1605 4723 quazstioncs,
1655 4664 1704 4708 et
1756 4655 2001 4723 genealo-

423 4747 562 4817 gius,
587 4756 637 4799 ct
675 4748 1058 4809 contentiones,
1103 4755 1152 4800 et
1194 4762 1399 4814 pugnas
1441 4746 1569 4815 legis
1619 4747 1826 4805 deeita..
1865 4745 2001 4801 Sunt

425 4837 562 4889 enim
592 4837 805 4889 inutiles
844 4848 895 4889 et
920 4852 1087 4891 vente.
1118 4835 1573 4891 Stultasiuutiles
1595 4842 1778 4899 vocat,
1811 4836 2002 4903 quales

424 4924 595 4979 Judazi
646 4925 897 4981 ﬁdelibus
921 4927 1186 4983 inferunt.
1230 4926 1589 5003 Geuealogius
1617 4935 1828 4985 autem,
1863 4939 2003 4992 quas

426 5014 590 5072 iidem
615 5018 936 5083 coniiciunt,
966 5034 1120 5072 suam
1144 5019 1210 5072 ad
1244 5017 1583 5088 patriarchas
1626 5015 2001 5087 genealogiam

432 5107 749 5170 referentes,
821 5118 876 5161 et
932 5109 1235 5179 majoribus
1291 5111 1400 5166 illis
1458 5109 1781 5180 gloriantes.
1818 5108 2005 5164 Dcet‘ta

432 5200 620 5270 igitur,
647 5198 750 5252 Ιιοο
770 5207 875 5264 est,
905 5200 1087 5269 rejice.
1135 5199 1320 5270 Neque
1366 5202 1511 5256 enim
1551 5202 2005 5269 praetermittenda

435 5303 567 5349 sunt
617 5294 936 5348 necessaria
972 5309 1163 5366 opera,
1202 5306 1526 5365 tempusque
1568 5294 1621 5349 in
1652 5295 2003 5366 vaniloqueuo

436 5385 511 5438 tia
542 5385 941 5455 inutilibusque
973 5387 1173 5455 pugnis
1196 5376 1655 5441 consumendum.
1703 5386 1832 5453 Quae
1861 5387 2005 5442 enim

434 5474 726 5532 conﬂictus
774 5477 1089 5533 istiusmodi
1141 5478 1373 5539 utilitas,
1415 5478 1506 5533 ubi
1540 5492 1704 5534 nemo
1736 5476 1804 5532 ad
1840 5477 2005 5533 Chri-

439 5573 588 5619 stum
611 5567 864 5637 captivus
881 5568 1141 5624 ducitur?
1170 5567 1457 5635 Quomodo
1481 5569 1650 5640 igitur
1675 5583 1838 5639 supra
1854 5567 2005 5623 dedit

443 5657 498 5709 in
532 5657 829 5723 mandatis,
863 5668 924 5713 ut
965 5659 1280 5716 Obstrueret
1333 5674 1428 5714 ora
1470 5658 2008 5714 contradicentium?

447 5745 505 5801 Si
532 5748 655 5805 aliis
683 5748 946 5817 oﬂictant,
986 5760 1099 5806 tum
1147 5760 1275 5808 sunt
1309 5753 1716 5823 compescentli.
1763 5749 2007 5820 Ipsorum

2100 4563 2281 4632 γων,ἣ
2311 4561 2448 4615 αὐτὰ
2476 4561 2544 4613 τὰ
2576 4561 2722 4614 κακά
2756 4560 2910 4632 ἔργα.

2173 4652 2384 4721 Maride
2435 4652 2504 4706 δὲ
2560 4654 2837 4723 ζητήσεις
2865 4696 2879 4721 ,
2934 4653 3036 4708 καὶ
3103 4655 3518 4724 γενεαλογίας,
3572 4654 3675 4708 καὶ

2099 4745 2274 4812 ἕρεις,
2302 4743 2397 4796 καὶ
2422 4743 2625 4812 μάχας
2668 4744 2922 4814 νομικὰς
2969 4746 3322 4813 περιΐστασο
3352 4764 3365 4777 ·
3402 4744 3519 4799 εἰσί
3564 4745 3676 4814 γὰρ

2100 4832 2433 4905 ἀνωφελεῖς
2462 4838 2559 4890 καὶ
2572 4886 2575 4887 ν
2580 4837 2840 4907 μάταιοι.
2867 4836 3070 4906 Μωρὰς
3113 4838 3209 4900 τὰς
3246 4837 3545 4906 ἀνωφελεῖς
3573 4853 3677 4907 φη·-

2111 4947 2220 4993 σιν,
2244 4931 2365 4993 οἵας
2392 4932 2442 4982 si
2486 4930 2730 4984 Ἰουδαῖοι
2766 4930 3032 4997 ἐπάγουσι
3062 4934 3174 4993 τοῖς
3200 4935 3437 4993 πιστοῖς.
3480 4931 3677 4983 Γενεα-

2105 5021 2292 5089 λογίας
2320 5019 2400 5081 δὲ,
2438 5019 2503 5083 ἃς
2525 5022 2573 5074 οἱ
2604 5020 2762 5073 αὐτὰ
2802 5018 3100 5083 ποιοῦνται,
3155 5021 3283 5082 τοὺς
3331 5020 3677 5089 πατριάρχας

2105 5109 2553 5178 γενεαλογοῦντες
2570 5111 2871 5179 προγόνους
2896 5108 3093 5172 αὐτῶν,
3122 5108 3219 5162 καὶ
3242 5092 3454 5171 τούτοις
3474 5110 3680 5174 ἐγκαυ-

2104 5201 2363 5271 χώμενοι.
2399 5201 2758 5268 "epifaniae
2780 5195 2896 5264 οὖν,
2926 5199 3050 5251 ἀντὶ
3078 5197 3194 5265 τοῦ,
3220 5197 3519 5269 παραιτοῦ.
3542 5196 3681 5251 Οὐδὲ

2108 5291 2217 5361 γὰρ
2250 5291 2334 5344 δεῖ
2395 5291 2615 5359 ἀφιέναι
2640 5290 2706 5341 τὰ
2737 5289 3013 5354 ἀναγκαῖα
3064 5287 3223 5358 ἔργα,
3292 5288 3384 5341 καὶ
3433 5287 3683 5356 δαπανᾷν

2108 5384 2200 5436 τὸν
2254 5382 2446 5453 καιρὸν
2475 5383 2555 5443 είς
2605 5380 2990 5451 ματαιολογίας
3043 5384 3138 5434 καὶ
3179 5381 3361 5451 μάχας
3407 5377 3683 5447 άκερδεῖς.

2110 5475 2176 5529 Τί
2202 5475 2313 5545 γὰρ
2339 5473 2529 5544 κέρδος
2567 5472 2859 5543 μάχεσθαι,
2900 5471 3029 5525 ἔνθα
3053 5472 3115 5524 οὐ
3156 5471 3339 5543 μέλλει
3362 5486 3446 5533 τις
3474 5471 3684 5539 αἰχμα-

2109 5563 2442 5635 λωτισθῆναι
2476 5568 2554 5628 είς
2592 5564 2862 5633 Χριστόνς
2886 5564 3010 5627 Πῶς
3039 5562 3133 5617 οῦν
3159 5562 3417 5640 ᾁνωτέρω
3446 5576 3687 5630 παρεκε-

2111 5657 2342 5711 λεύσατο
2371 5656 2743 5723 ἐπιστομίζειν
2769 5658 2897 5721 τοῦς
2922 5656 3338 5722 ἀντιλέγοντας
3383 5656 3553 5709 Ὅταν
3594 5652 3690 5705 ἐπὶ

2116 5748 2292 5820 βλάϐῃ
2328 5747 2503 5803 ἄλλων
2542 5740 2665 5814 ὦσι,
2696 5747 2817 5803 τότε
2877 5749 2957 5804 δεῖ
2989 5747 3364 5817 ἐπιστομίζειν
3386 5762 3401 5778 ·
3434 5745 3596 5808 view
3628 5741 3688 5795 δὲ
