4006 6214
277 270 388 335 1B9

1053 262 1454 327 EXPOSITIO
1495 265 1572 327 IN
1613 262 1854 326 EPIST.
1897 265 1997 324 AD
2034 264 2299 332 TITUM.
2341 297 2408 308 -
2447 271 2601 334 CAP.
2645 275 2762 336 III.

3440 282 3537 348 170

273 389 380 454 τῆς
402 383 589 439 αὐτῶν
615 373 906 448 ὠφελείας,
947 377 1082 448 μηδὲ
1113 377 1461 447 ἐπιχειρῆσαι
1487 377 1624 440 ὃλως
1684 376 1866 436 αὐτοῖς

1975 385 2155 432 autem
2188 381 2440 439 utilitatis
2487 385 2680 453 gratia,
2743 399 2810 440 ne
2863 387 3089 443 omnino
3145 393 3364 450 coneris
3411 413 3534 452 cum

279 477 522 546 ὁμιλεῖν,
555 472 678 526 οὐδέ
711 471 820 541 γὰρ
866 468 1346 539 ὠφεληθήσονται,
1385 467 1461 530 ὡς
1518 467 1860 535 ἀδιόρθωτοι.

356 655 668 725 Αἱρετικὸν
703 655 1021 721 ἄνθρωπον
1071 651 1225 720 μετὰ
1244 651 1394 719 μίαν
1441 649 1539 703 καὶ
1579 649 1866 717 δευτέραν

278 750 618 804 νουθεσίαν
669 745 959 812 παραιτοῦ
985 784 1000 807 ,
1033 742 1204 809 staec
1267 742 1354 796 ὅτι
1407 741 1803 811 ἐξέστραπται
1832 744 1864 794 ὁ

280 841 586 902 τοιοῦτος.
639 839 736 892 καὶ
778 835 1122 904 ἁμαρτάνει,
1181 831 1266 886 ὢν
1339 833 1862 900 αὐτοκατάκριτος.

283 933 411 994 Πῶς
442 928 536 984 οὖν
568 927 796 1000 ἑτέρωθί
829 943 964 996 φησι
984 941 1000 956 ·
1032 923 1277 991 Μήποτε
1301 922 1384 989 δῷ
1411 924 1617 990 αὐτοῖς
1647 926 1680 977 ὀ
1717 923 1866 988 Θεὸς

277 1020 648 1092 μετάνοιαν;
690 1018 839 1070 Ἑκεί
863 1015 961 1086 μὲν
990 1014 1117 1084 περὶ
1146 1015 1255 1067 τῶν
1300 1014 1489 1066 ἐλπίδα
1524 1011 1864 1082 διορθώσεως

283 1113 737 1182 ὁποφαινόντωνο
779 1108 1013 1162 ἐνταῦθα
1045 1108 1104 1160 δέ
1128 1107 1220 1160 τὸν
1252 1105 1582 1177 ἀδιόρθωτον
1605 1105 1756 1173 λέγει
1783 1105 1866 1156 αἱ·

284 1206 529 1276 ρετικδν,
557 1203 652 1256 τὸν
712 1201 891 1254 πάντα
924 1199 1382 1268 διεστραμμένον,
1414 1196 1472 1260 ὃς
1501 1197 1595 1250 καὶ
1625 1197 1864 1250 αὐτοκα-

279 1298 542 1367 τάκριτός
601 1297 772 1357 ἐστιν,
821 1292 1100 1347 τουτέστιν
1151 1290 1574 1360 ἀναπολόγητος.
1631 1290 1706 1343 Οὐ
1755 1287 1866 1358 γὰρ

282 1390 397 1458 ἔχει
431 1389 608 1440 εἰπεῖν
625 1387 704 1438 ὅτι
729 1383 918 1447 Οὐδεὶς
935 1381 1254 1452 ἐνουθέτησέ
1291 1399 1381 1451 με,
1411 1381 1584 1443 οὐδεὶς
1605 1379 1863 1444 ἐδίδαξεν.

281 1479 462 1532 Ὀταν
486 1475 584 1529 οὖν
604 1475 739 1545 μετά
768 1476 866 1543 τὴν
893 1473 1214 1544 παραίνεσιν
1247 1473 1359 1535 τοῖς
1392 1472 1575 1534 αὐτοῖς
1602 1469 1861 1541 ἐπιμένῃ,

283 1571 526 1625 αὑτοκατ
535 1565 755 1636 ἁκριτός
788 1567 958 1620 ἐστιν.

1969 469 2078 525 illis
2113 472 2350 542 colloqui
2384 491 2397 526 :
2433 476 2570 529 nihil
2600 477 2744 531 enim
2780 477 3089 547 proﬁcient,
3134 488 3196 535 ut
3228 485 3320 554 qui
3349 485 3539 542 incor-

1967 563 2209 631 rigibiles
2240 565 2371 619 sint.

2041 651 2204 707 Vens.
2233 654 2322 718 10,
2360 653 2446 710 Η.
2487 655 2808 711 "(creticum
2835 660 3099 714 hominem
3144 672 3268 732 post
3303 682 3463 720 unam
3487 679 3539 723 et

1968 740 2193 796 alteram
2223 747 2599 812 correptionem
2650 747 2845 814 devita,
2882 752 3049 803 sciens
3085 752 3225 820 quod
3263 754 3538 810 subversas

1967 841 2044 886 est
2073 833 2164 900 qui
2186 834 2445 902 ejusmodi
2476 845 2576 898 est,
2625 847 2674 890 et
2725 837 3007 908 delinquit,
3050 858 3168 895 eum
3211 844 3280 896 sit
3325 849 3540 912 proprio

1967 921 2170 992 judicio
2199 924 2604 980 condemnatus.
2649 927 2936 993 Quomodo
2981 930 3149 1001 igitur
3184 932 3293 986 alio
3332 935 3386 988 in
3421 936 3539 990 loco

1968 1014 2086 1069 ait:
2121 1012 2333 1068 Forsan
2357 1016 2560 1070 dederit
2591 1019 2666 1072 eis
2709 1018 2850 1073 Deus
2911 1021 3271 1088 pmnitentiam
3298 1024 3388 1077 7‘?
3424 1026 3538 1080 Illic

1969 1103 2212 1173 loquitur
2253 1105 2321 1160 de
2362 1107 2428 1162 iis
2453 1107 2547 1176 qui
2579 1122 2730 1177 spem
2767 1109 3174 1166 emendationis
3200 1127 3314 1166 sua:
3350 1120 3539 1168 osten-

1970 1195 2104 1248 dunt
2135 1212 2149 1248 :
2184 1195 2271 1250 ιιίο
2308 1212 2438 1253 vero
2468 1197 2892 1269 incorrigibilem
2924 1199 3241 1259 haereticum
3272 1202 3539 1273 dicit,qui

1969 1285 2190 1340 omnino
2240 1302 2534 1355 pervorsus
2586 1297 2694 1354 est,
2744 1291 2951 1362 quique
2983 1305 3014 1345 a
3046 1306 3106 1346 se
3140 1293 3538 1350 condemnatus

1967 1383 2071 1439 est,
2117 1375 2221 1432 lioc
2263 1388 2366 1441 cst,
2402 1379 2494 1449 qui
2549 1381 2846 1437 defendere
2892 1397 3013 1438 sese
3049 1398 3157 1438 non
3197 1386 3361 1440 valet.
3419 1386 3538 1441 Non

1968 1466 2113 1519 enim
2165 1467 2350 1524 dicere
2394 1479 2579 1538 potest
2629 1470 2843 1527 :Nemo
2889 1488 2977 1528 me
3030 1477 3314 1546 corripuit,
3379 1492 3541 1532 nemo

1967 1557 2173 1612 docuit.
2222 1559 2453 1626 Quando
2502 1563 2669 1631 igitur
2700 1571 2826 1632 post
2870 1566 3299 1620 admonitionem
3343 1568 3398 1622 in
3442 1568 3538 1624 iis-

1968 1647 2092 1702 dem
2126 1651 2510 1716 permanserit,
2539 1666 2640 1705 suo
2670 1651 2785 1720 ipse
2810 1653 3023 1723 judicio
3046 1669 3106 1710 se
3128 1641 3534 1712 condemnavit.

356 1741 538 1791 Ὅταν
578 1734 793 1804 πέμψω
831 1733 1105 1803 Ἀρτεμᾶν
1158 1736 1307 1801 πρός
1367 1748 1462 1798 σε,
1506 1733 1544 1800 ἢ
1584 1727 1863 1798 Τυχικόν,

2044 1703 2210 1795 visits.
2244 1703 2509 1795 ιεξάαηὶ
2531 1703 3537 1819 ,ἤειρετῖξιᾶ“ιέ]ιὲιὲἷηξιῖἰῖιῖῗ637

281 1829 650 1884 σπούδασον
700 1826 902 1880 ἐλθεῖν
935 1827 1086 1894 πρός
1107 1841 1184 1894 με
1209 1827 1296 1891 εις
1347 1826 1677 1879 Νικόπολιν
1697 1838 1712 1854 ο
1743 1821 1870 1874 ἐκεῖ

283 1924 397 1992 γὰρ
418 1922 670 1989 κέκρικα
719 1917 1184 1989 παραχειμάσαι.
1209 1917 1365 1980 Τίνος
1407 1916 1596 1970 ἐνεκεν
1633 1914 1864 1984 Ἐκκλη-

287 2015 412 2067 σίαν
466 2010 799 2078 τοσαύτην⁸⁸
841 2009 936 2063 καὶ
964 2007 1300 2078 τηλικαύτην
1357 2007 1520 2075 νῆσον
1570 2003 1866 2066 πιστεύσας

287 2104 463 2174 Τίτῳ,
492 2103 649 2156 πάλιν
680 2100 817 2170 πρὸς
851 2098 1043 2153 ἐαυτὸν
1073 2097 1351 2169 περιέλκει
1381 2096 1489 2150 ἀπὸ
1520 2093 1627 2148 τῶν
1658 2091 1752 2146 τοῦ
1777 2092 1866 2160 ἐρ-

284 2213 430 2264 γου;
464 2196 580 2248 Ἵνα
609 2194 783 2246 πλείω
803 2190 1083 2260 ὠφειλήσῃ
1115 2189 1300 2252 αὐτὸν,
1324 2189 1418 2242 καὶ
1446 2185 1750 2256 καταρτίσῃ
1783 2183 1865 2236 ἐτι

290 2287 498 2358 μᾶλλον
523 2285 655 2356 πρὸς
683 2283 743 2338 τὸ
778 2283 963 2352 ἔργον,
996 2279 1293 2351 ἀνακρίνας
1322 2279 1486 2333 αὐτὸν
1514 2278 1601 2347 ἐφ’
1625 2272 1706 2341 οἷς
1744 2278 1866 2328 ἐπι-

294 2379 518 2448 στεύθη.
545 2378 613 2430 Ἠ
631 2377 688 2429 δὲ
707 2375 1002 2438 Νικόπολις
1032 2374 1132 2444 τῆς
1161 2373 1380 2445 Θρᾴκης
1411 2370 1548 2432 ἐστὶ,
1573 2368 1653 2439 τῷ
1669 2370 1866 2438 Ἴστρῳ

282 2469 637 2539 ἐπικειμένη.

355 2559 567 2629 Ζηνᾶν
579 2559 623 2592 ⁸⁹
653 2557 757 2613 τὸν
779 2556 1048 2627 νομικὸν,
1084 2551 1184 2608 καὶ
1213 2551 1490 2607 Ἀπολλὼ
1513 2547 1857 2613 σπουδαίως

286 2654 676 2722 πρόπεμψον,
723 2650 823 2703 ἵνα
861 2647 1058 2719 μηδὲν
1109 2645 1314 2710 αὐτοῖς
1355 2643 1560 2710 λείπῃ.
1616 2641 1720 2692 Τὸν
1757 2640 1864 2692 τῶν

297 2743 609 2799 Ἰουδαϊκῶν
669 2742 851 2812 νόμων
921 2739 1188 2809 ἔμπειρον
1240 2735 1383 2790 οὕτω
1418 2731 1862 2807 φησί’τοιοῦτος

286 2838 404 2907 γὰρ
465 2831 534 2904 ἦν
569 2837 598 2886 ὁ
632 2833 809 2904 Ζηνᾶς
834 2849 849 2863 ·
878 2833 906 2885 ὁ
948 2832 1006 2884 δέ
1049 2827 1323 2892 ’Δπολλὼς
1389 2824 1713 2895 λογιώτερος
1765 2823 1860 2876 καὶ

284 2926 522 2988 δυνατὸς
535 2925 581 2958 ³⁸
606 2926 660 2977 ἐν
687 2926 807 2986 ταῖς
823 2923 1086 2993 Γραφαῖς.
1130 2919 1294 2974 Οὔπω
1312 2919 1370 2972 δέ
1397 2914 1538 2989 ἦσαν
1562 2909 1707 2970 οὗτοι
1740 2913 1859 2966 Ἐκο

1973 1832 2281 1902 Tychicum,
2322 1834 2518 1902 festina
2545 1835 2614 1888 ad
2640 1852 2718 1890 me
2748 1839 2921 1892 venire
2959 1837 3243 1909 Nicopoli):
3266 1859 3284 1897 :
3310 1843 3538 1897 ibienim

1969 1925 2138 1977 statui
2166 1925 2430 1995 hyemare.
2459 1925 2628 1993 Cujus
2661 1929 2742 1984 rei
2769 1931 2967 1999 gratia,
2998 1945 3122 1985 cum
3153 1942 3236 1989 tot
3260 1933 3536 1990 Ecclesias

1968 2024 2022 2068 et
2054 2023 2260 2069 tantam
2295 2016 2532 2072 insulam
2580 2017 2704 2072 Tito
2759 2019 3111 2089 credidisset,
3163 2037 3287 2077 eum
3346 2040 3539 2080 rursus

1968 2107 2034 2161 ad
2064 2109 2304 2178 seipsum
2339 2108 2406 2162 ab
2433 2109 2617 2179 operis
2679 2109 2928 2165 instituto
2964 2112 3249 2166 retrahit?
3297 2112 3367 2168 Ut
3413 2115 3538 2184 plus

1967 2196 2016 2251 ei
2050 2197 2242 2266 prosit,
2263 2212 2499 2268 eumque
2533 2197 2713 2254 adhuc
2774 2201 2947 2270 magis
2995 2200 3063 2256 ad
3110 2200 3345 2256 oﬁicium
3377 2217 3537 2256 suum

1968 2287 2238 2356 perﬁciat,
2289 2287 2411 2356 ipso
2469 2289 2783 2345 exanimato
2832 2290 2889 2344 in
2943 2290 3012 2346 iis
3072 2291 3276 2364 quaeei
3329 2293 3536 2348 credita

1967 2387 2144 2432 erant.
2181 2377 2462 2450 Nicopolis
2481 2387 2663 2434 autem
2696 2377 2942 2435 Thraciae
2975 2381 3107 2437 urbs
3130 2391 3235 2448 est,
3269 2383 3408 2439 Istro
3437 2384 3533 2439 ad-

1963 2466 2176 2537 jacens.

2046 2554 2204 2611 Vens.
2240 2556 2328 2611 15.
2365 2554 2563 2611 lenam
2599 2556 2980 2628 legisperitum,
3020 2567 3070 2613 et
3102 2560 3289 2630 Apollo
3313 2560 3540 2615 sollicite

1966 2649 2245 2716 prremitte,
2270 2658 2326 2702 ut
2361 2649 2494 2702 nihil
2517 2649 2593 2703 eis
2641 2649 2798 2704 desit.
2831 2648 3181 2705 Iudaicarum
3213 2651 3390 2724 legum
3444 2669 3538 2722 pe-

1968 2737 2132 2789 ritum
2152 2739 2232 2790 sic
2250 2737 2417 2791 dicit:
2451 2737 2577 2792 talis
2606 2737 2752 2792 enim
2781 2747 2900 2792 erat
2928 2737 3124 2793 Zenas.
3143 2739 3336 2808 Apollo
3360 2750 3538 2795 autem

1966 2822 2331 2891 eloquentior,
2363 2832 2416 2878 et
2455 2831 2652 2892 potens
2695 2831 2813 2878 erat
2839 2826 2892 2878 in
2932 2825 3253 2903 Scripturis.
3284 2827 3538 2882 Nondum

1967 2920 2149 2967 autem
2193 2920 2350 2966 erant
2383 2912 2493 2968 illis
2520 2910 2782 2968 Ecclesiae
2810 2916 3140 2971 commissae.
3167 2915 3326 2982 Quod
3355 2928 3537 2973 autem

287 3015 526 3086 κὶησίας
591 3012 990 3076 πιστευθέντες.
1057 3013 1130 3065 Τὸ
1157 3011 1236 3075 δὲ,
1287 3009 1389 3065 ἵνα
1420 3006 1618 3077 μηδὲν
1659 3003 1863 3069 αὐτοῖς

1973 3005 2062 3069 ait,
2103 3013 2159 3056 ut
2188 3002 2322 3056 nihil
2345 3004 2419 3057 eis
2444 3004 2597 3067 desit,
2625 3004 3034 3075 intelligendum
3063 3017 3150 3064 est
3171 3010 3242 3062 ita
3272 3027 3285 3065 :
3315 3011 3453 3066 Cura
3482 3021 3541 3066 ut

282 3107 498 3173 λείπῃ,
517 3105 637 3159 ἀντὶ
655 3105 749 3159 τοῦ
762 3105 832 3168 ’⁸,
863 3104 952 3157 Ἐν
975 3103 1204 3173 ἀφθονίᾳ
1224 3101 1375 3171 πάσῃ
1392 3100 1586 3160 αὐτοὺς
1601 3095 1743 3150 ποίει
1762 3095 1868 3147 τῶν

287 3197 632 3264 ἀναγκαίων,
662 3195 870 3268 τροφῆς
897 3194 1120 3266 δηλαδὴ,
1153 3192 1250 3246 καὶ
1297 3188 1633 3260 ἐνδυμάτων.

361 3375 855 3430 Μανθανέτωσαν
871 3374 1047 3428 δὲκαὶ
1063 3375 1118 3427 ol
1152 3372 1424 3442 ἡμέτεροι
1454 3369 1660 3426 καλῶν
1681 3369 1873 3437 ἔργων

290 3470 707 3536 προΐστασθαι
756 3470 843 3530 εις
897 3465 1004 3531 τὰς
1024 3466 1354 3534 ἀναγκαίας
1389 3462 1618 3533 χρείας,
1663 3458 1871 3527 ἵναμὴ

300 3556 460 3614 ὦσιν
485 3559 762 3625 ἄκαρποι.
799 3555 1010 3611 Ὠσανεὶ
1036 3555 1192 3610 τοῦτό
1223 3572 1386 3625 φησιν
1415 3567 1431 3584 ⁸
1477 3552 1633 3622 Ἐνῆν
1661 3549 1871 3621 μοικαὶ

296 3653 506 3720 ἑτέρως
557 3649 828 3710 ἀνεπιδεεῖς
875 3648 1095 3716 ποιῆσαι
1147 3645 1272 3708 τοὺς
1328 3643 1616 3717 ῥηθέντας,
1670 3641 1873 3695 ἀλλὀὐ

295 3742 591 3812 βούλομαι,
613 3739 688 3802 ὡς
721 3739 784 3792 ἂν
818 3742 874 3793 ol
894 3737 1188 3808 ἡμέτεροι,
1212 3737 1510 3798 τουτέστιν,
1535 3734 1585 3787 οἱ
1617 3734 1744 3804 περὶ
1792 3730 1874 3795 σὲ,

297 3832 554 3902 μάθωσιν
596 3833 663 3883 ἐκ
715 3828 809 3884 τοῦ
843 3828 1064 3891 τούτους
1091 3827 1371 3896 ἐφοδιάσαι
1396 3866 1410 3891 ,
1448 3826 1651 3879 καλῶν
1686 3823 1878 3892 ἔργων

295 3924 708 3991 προΐστασθαι
735 3961 752 3985 ,
801 3919 1071 3984 τουτέστι,
1107 3916 1368 3988 κήδεσθαι
1424 3916 1529 3968 τῶν
1573 3915 1869 3984 δεομένων,

297 4016 394 4068 καὶ
428 4017 487 4067 ἐν
523 4015 792 4084 χρήμασι,
835 4015 928 4067 καὶ
961 4014 1018 4065 ἐν
1056 4011 1289 4082 ῥήμασι,
1321 4009 1415 4062 καὶ
1444 4009 1579 4061 πᾶσι
1605 4006 1826 4078 τρόποις
1858 4019 1871 4033 ·

296 4107 400 4174 οὐχ
450 4106 544 4158 ἵνα
571 4106 620 4157 οἱ
647 4105 894 4173 δεόμενοι
957 4103 1261 4174 κερδάνωσι
1319 4099 1601 4164 τοσοῦτον,
1637 4097 1752 4152 ἀλλ’
1791 4097 1877 4149 ἵνα

298 4199 457 4248 αὐτοὶ
512 4196 763 4265 καρποὺς
813 4194 1007 4264 ἔχωσιν
1037 4195 1102 4246 ἐκ
1131 4193 1231 4263 τῆς
1262 4191 1400 4263 πρὸς
1441 4193 1568 4254 τοὺς
1597 4190 1878 4260 ὁμογενεῖς

300 4285 738 4356 φιλανθρωπίας.
765 4286 876 4338 Καὶ
908 4284 1017 4356 γὰρ
1051 4285 1146 4338 καὶ
1169 4284 1197 4336 ὁ
1235 4283 1438 4354 Κύριος
1467 4285 1494 4336 ὁ
1521 4297 1874 4349 πεντακισχι-

1973 3098 2174 3165 quibus
2207 3110 2344 3165 opus
2392 3095 2610 3157 habent,
2670 3095 2886 3151 abunde
2937 3112 3000 3152 ea
3056 3099 3541 3156 subministrentur

1972 3186 2130 3255 ipsis,
2158 3201 2225 3240 ne
2256 3185 2510 3255 quapiam
2541 3199 2600 3239 re
2644 3185 3036 3253 destituantur,
3071 3187 3333 3246 alimento
3379 3194 3543 3246 nimi-

1975 3291 2119 3340 rum,
2149 3283 2203 3330 et
2227 3277 2452 3330 vestitu.

2029 3365 2195 3422 Vsus.
2218 3367 2299 3422 l4.
2317 3365 2540 3421 Discant
2553 3375 2730 3421 autem
2746 3376 2796 3423 et
2809 3370 2976 3424 nostri
2994 3369 3144 3427 bonis
3160 3375 3398 3441 operibus
3413 3392 3544 3444 prm-

1973 3472 2084 3512 ssse
2098 3461 2166 3510 ad
2183 3473 2310 3510 usus
2327 3458 2670 3523 necessarios,
2689 3467 2746 3512 ut
2766 3475 2868 3514 non
2886 3461 2990 3514 sint
3005 3463 3342 3534 infructuosi.
3361 3465 3543 3521 Perin-

1977 3548 2214 3618 dequasi
2236 3548 2441 3602 diceret
2467 3564 2482 3603 :
2509 3547 2885 3618 Potuissemﬁet
2907 3551 3064 3606 aliter
3077 3553 3188 3622 jam
3208 3547 3542 3610 commemo—

1977 3639 2134 3703 ratis,
2166 3633 2236 3693 ne
2281 3639 2390 3691 ulla
2418 3653 2476 3693 re
2506 3639 2840 3710 indigerent,
2878 3643 3212 3713 prospicere,
3247 3647 3342 3701 sed
3371 3648 3498 3702 nolo
3525 3665 3541 3712 ;

1977 3739 2039 3784 ut
2069 3731 2264 3796 nostri,
2300 3730 2403 3785 hoc
2429 3737 2539 3797 est,
2562 3731 2656 3800 qui
2686 3734 2974 3803 suntapud
3001 3741 3076 3803 te,
3105 3735 3322 3792 discant
3348 3753 3415 3793 ex
3442 3739 3546 3793 hoc

1977 3820 2123 3889 quod
2153 3821 2351 3876 viatico
2375 3831 2428 3877 et
2458 3823 2790 3879 necessariis
2838 3824 2907 3878 ad
2955 3826 3059 3882 iter
3108 3830 3272 3884 rebus
3304 3830 3404 3884 hos
3448 3833 3547 3885 in-

1978 3913 2266 3978 struxeris,
2305 3913 2452 3966 bonis
2481 3914 2719 3982 operibus
2752 3930 2994 3984 putasse,
3026 3917 3129 3971 hoc
3147 3926 3252 3984 est,
3279 3918 3543 3974 rationem

1979 4001 2179 4058 habere
2208 3999 2596 4072 indigentium,
2628 4006 2899 4073 pecuniis,
2940 4008 3144 4073 verbis,
3178 4008 3546 4080 omnibusque

1979 4096 2200 4151 modis:
2252 4112 2362 4152 non
2412 4107 2525 4151 tam
2564 4106 2623 4152 ut
2661 4098 2970 4167 indigentes
3018 4099 3146 4156 inde
3195 4103 3542 4157 commodum

1980 4185 2274 4253 accipiant,
2318 4185 2414 4240 sed
2444 4187 2627 4256 potius
2653 4193 2711 4240 ut
2749 4186 2852 4256 ipsi
2880 4187 3238 4245 humanitatis
3273 4205 3405 4253 suae,
3436 4206 3545 4260 qua

1981 4291 2110 4346 erga
2143 4292 2476 4346 congeneres
2501 4293 2632 4333 suos
2655 4279 2741 4334 usi
2770 4287 2920 4345 sunt,
2953 4279 3191 4333 fructum
3223 4279 3544 4349 percipiant.

301 4339 447 4440 ίξους
504 4339 737 4446 θρέψας,
793 4339 1024 4446 ἠδύνατο
1048 4377 1262 4437 πάντως
1289 4339 1382 4427 καὶ
1413 4339 1604 4426 ἐαυτὸν
1646 4339 1867 4442 τρέφειν

1979 4339 2121 4426 Nam
2146 4373 2201 4421 et
2225 4339 2488 4422 D'ominus
2509 4369 2601 4438 qui
2635 4339 2928 4440 quinquies
2956 4369 3104 4424 mille
3144 4339 3300 4434 aluit,
3334 4339 3549 4438 potuis-

304 4470 414 4530 ἀεὶ,
447 4468 544 4520 καὶ
597 4472 724 4530 τοὺς
783 4466 1054 4536 μαθητὰς,
1121 4465 1235 4519 ἀλλ’
1265 4466 1416 4534 ὅμως
1463 4463 1568 4516 ὑπὸ
1601 4459 1867 4530 γυναικῶν

1979 4466 2063 4514 set
2091 4459 2315 4512 omnino
2342 4468 2395 4515 et
2425 4460 2672 4528 seipsum
2702 4461 2848 4516 alere
2875 4475 3086 4530 semper
3118 4475 3184 4516 ac
3223 4460 3548 4530 discipulos,

305 4559 541 4628 ἠθέλησε
572 4557 892 4626 τρέφεσθαι,
920 4557 995 4619 ὡς
1028 4557 1096 4608 ἆν
1121 4557 1325 4608 ἐκεῖναι
1349 4554 1701 4624 κερδάνωσιν.
1725 4550 1867 4604 Οὕτω

1979 4558 2221 4604 attamen
2253 4563 2283 4602 a
2324 4550 2662 4605 mulierculis
2692 4551 2765 4606 ali
2810 4552 3024 4616 maluit,
3075 4559 3133 4606 ut
3181 4552 3289 4606 illae
3335 4552 3550 4608 lucrum

310 4652 405 4704 καὶ
435 4651 521 4718 ἐφ’
553 4651 710 4719 ἡμῖν,
742 4649 802 4701 οὐ
833 4647 1108 4715 ὃτοσοῦτον
1141 4648 1266 4710 τοὺς
1295 4647 1532 4716 πένητας
1562 4643 1761 4713 ὠφελεῖ
1789 4642 1867 4695 διὰ

1979 4641 2108 4696 inde
2137 4651 2634 4712 consequerentur.
2669 4643 2757 4699 Sic
2786 4654 2840 4700 et
2868 4645 2936 4700 de
2962 4645 3144 4708 nobis,
3190 4660 3300 4699 non
3347 4654 3550 4700 tantam

308 4743 405 4810 τῆς
463 4738 743 4810 ἡμετέρας
790 4739 1166 4809 μεταδόσεως,
1231 4738 1354 4790 ὅσον
1412 4736 1557 4805 ἡμᾶς
1610 4731 1678 4785 δι’
1731 4731 1867 4784 ἐκεί-

1981 4729 2140 4785 aﬁ‘ert
2170 4728 2505 4799 pauperibus
2545 4731 2837 4784 utilitatem
2891 4748 2986 4800 per
3017 4741 3262 4787 nostram
3311 4733 3551 4788 eleemo-

306 4850 436 4883 νων.
479 4831 752 4898 Ἀφὲσεως
806 4829 915 4900 γὰρ
949 4828 1252 4901 ἁμαρτιῶν,
1281 4827 1379 4882 καὶ
1403 4825 1717 4897 παρρησίας
1783 4823 1867 4892 τῆς

1984 4838 2198 4894 synam,
2228 4830 2484 4890 quantam
2517 4822 2675 4877 nobis
2704 4837 2800 4890 per
2830 4823 2974 4878 illos.
3029 4823 3378 4880 Dimissionis
3407 4829 3553 4882 enim

307 4922 451 4992 πρὸς
475 4921 610 4976 Θεὸν
634 4922 797 4974 αῐτιοι
825 4922 961 4992 ἡμῖν
989 4923 1038 4973 οἱ
1062 4922 1314 4990 πένητες.

1986 4925 2332 4983 peccatorum
2364 4922 2419 4968 et
2453 4912 2666 4967 ﬁducia:
2695 4927 2825 4982 erga
2866 4914 3032 4968 Deum
3091 4929 3361 4985 pauperes
3391 4917 3554 4972 nobis

1989 5016 2117 5058 sunt
2149 5015 2426 5059 auctores.
3560 5078 3570 5087 ί

2060 5093 2226 5150 Vnus.
2246 5095 2333 5150 l5.
2349 5093 2597 5149 Salutant
2621 5105 2668 5149 te
2681 5097 2770 5165 qui
2793 5113 2987 5152 mecum
3003 5111 3126 5152 sunt
3144 5115 3342 5156 omnes.
3369 5098 3556 5154 Saluta

1989 5199 2074 5236 eos
2089 5185 2178 5254 qui
2205 5199 2298 5237 nos
2330 5195 2512 5237 amant
2531 5185 2584 5236 in
2599 5185 2722 5254 ﬁde.
2747 5184 2843 5241 Vel
2864 5195 3110 5243 amantes
3128 5189 3304 5257 ipsum
3328 5186 3557 5240 ﬁdeliter

1989 5276 2237 5343 citraque
2271 5274 2478 5339 dolum,
2514 5276 2600 5331 vel
2655 5276 2944 5346 diligentes
2982 5277 3162 5348 ipsum
3202 5276 3409 5341 ﬁdeles,
3459 5282 3555 5329 aut

1990 5365 2355 5421 Christianos.

392 5095 791 5154 Ἀσπάζονταί
841 5113 915 5151 σε
943 5098 998 5150 οἱ
1026 5099 1156 5166 μετ’
1194 5096 1343 5167 ἐμοῦ
1371 5096 1615 5162 πάντες.
1645 5096 1879 5149 Ἀσπα-

309 5202 411 5238 «at
446 5188 585 5252 τοὺς
612 5187 948 5256 φιλοῦντας
972 5187 1128 5257 ἡμᾶς
1161 5189 1232 5241 ἐν
1261 5189 1482 5242 πίστει.
1520 5190 1588 5241 Ἢ
1625 5187 1750 5249 τοὺς
1794 5204 1882 5253 φι-

310 5279 538 5341 Αοῦντας
557 5278 720 5330 αὐτὸν
740 5277 945 5341 πιστῶς
971 5279 1066 5330 καὶ⁸
1084 5277 1308 5344 ἀδόλως,
1337 5279 1370 5348 ἢ
1400 5278 1527 5341 τοὺς
1549 5275 1882 5346 ἀγαπῶντας

311 5369 478 5421 αὑτὸν
516 5369 762 5436 πιστοὺς,
797 5370 918 5439 ἦτοι
937 5369 1317 5441 Χριστιανούς.

384 5459 430 5489 τι
456 5458 500 5512 ll
531 5458 677 5514 Tim.
701 5474 761 5514 tl.
790 5459 884 5514 ‘35.

1661 5564 1866 5627 Variae
1918 5567 2246 5629 lectiones.

386 5657 433 5689 ⁸⁸
450 5657 743 5730 ἐκκλησίας
779 5657 1071 5724 τοσαύτας,
1101 5661 1196 5714 καὶ
1227 5661 1558 5732 τηλικαύτας
1585 5681 1659 5720 m.
1740 5669 1784 5701 ⁸⁵
1808 5673 1984 5741 μηνᾶν
2011 5687 2084 5722 m.
2161 5667 2205 5697 9°
2234 5662 2531 5732 δυνάμενος
2557 5676 2610 5715 0.
2685 5662 2726 5694 "
2765 5659 3011 5712 τουτέστι
3045 5671 3098 5716 o.

649 5754 918 5814 Ρλταοι..
949 5754 1064 5814 Gn.
1102 5754 1350 5816 CXXV.

3205 5751 3246 5818 6
