4006 6214
486 248 591 312 175

1334 308 1339 313 ,
1436 235 2015 301 'l‘llEOPHYLACTI
2047 232 2458 296 BULGARUE
2517 234 2872 295 ARCIIIEP.

3620 234 3727 298 1'76

566 358 729 411 νειιε.
756 355 811 408 5.
846 354 1036 409 Gratia
1067 354 1213 407 vobis
1244 359 1290 405 et
1324 366 1430 420 pax
1456 368 1487 405 a
1519 350 1630 404 Deo
1661 349 1822 405 Patre
1858 356 2052 413 nostra1

2236 342 2416 411 Χάρις
2445 343 2586 415 ὑμῖν
2612 345 2709 399 καὶ
2742 345 2946 412 είρήνη
2976 343 3091 397 ἀπὸ
3123 344 3271 399 Θεοῦ
3297 346 3523 413 Πατρός
3549 348 3737 417 ἡμῶν,

484 462 531 504 τι
567 448 790 501 Domino
819 444 948 499 Jesu
974 444 1209 497 Christo.
1241 442 1528 509 Quomodo
1566 450 1748 496 autem
1789 441 1892 493 erit
1930 453 2054 508 gra-

482 543 559 596 tia
608 538 700 593 Dei
736 538 788 590 in
816 535 1018 589 nobis?
1053 533 1107 587 Si
1135 542 1187 587 et
1218 548 1320 588 nos
1368 533 1707 588 debitoribus
1730 534 1935 588 nostris
1971 548 2055 586 re--

454 632 793 685 'mitlainus.
830 625 937 691 Qui
992 640 1121 678 vero
1177 638 1280 694 pax
1305 625 1328 678 ?
1358 624 1414 679 Si
1449 636 1503 680 et
1556 639 1610 679 tu
1675 624 2053 679 reconcilieris

482 738 540 775 Si‘
549 736 660 772 l'"0.

456 838 461 845 -
552 810 696 863 Vsus
747 808 799 862 ι.
822 806 1046 862 'Gralias
1080 823 1179 875 ago
1204 805 1314 859 Deo
1337 822 1446 860 meo
1481 819 1701 871 semper,
1742 804 2050 858 memoriam

482 902 559 953 tui
595 901 794 967 faciens
826 901 877 951 in
910 897 1240 951 orationibus
1273 897 1420 950 meis.
1451 897 1697 963 Quoties,
1742 897 1937 966 inquit,
1976 895 2051 949 tui

479 991 806 1046 recordalus
838 990 1014 1052 fuero,
1056 988 1319 1042 recordor
1340 997 1521 1042 autem
1550 1003 1766 1057 semper
1786 1003 1907 1042 cum
1929 1002 2051 1050 oro,

478 1085 645 1138 toties
674 1083 873 1153 gnatias
910 1098 1011 1153 ago
1036 1082 1147 1137 Deo
1174 1098 1272 1153 pro
1306 1090 1399 1136 tua
1431 1082 1655 1137 virtute.
1704 1080 1837 1147 Quae
1870 1090 2050 1135 autem

478 1178 548 1229 sit
585 1176 697 1239 illa,
732 1173 919 1229 infext.

552 1267 715 1320 Vens.
744 1266 798 1318 ξς.
831 1266 1064 1319 Audiens
1102 1265 1419 1319 cliaritatem
1453 1275 1595 1318 tuam
1620 1275 1668 1318 et
1695 1265 1853 1334 ﬁdem
1893 1281 2049 1336 quant

477 1360 636 1413 habes
662 1374 785 1428 erga
822 1358 1102 1411 Dominum
1126 1367 1175 1412 et
1207 1374 1333 1429 erga
1354 1373 1530 1411 omnes
1558 1367 1793 1411 sanctos.
1829 1356 1929 1412 Hic
1957 1373 2049 1412 ve-

478 1452 576 1505 luti
622 1449 1028 1504 misericordem
1089 1450 1268 1519 ipsum
1316 1448 1595 1519 praedicat.
1636 1447 1807 1502 Porro
1834 1449 1980 1504 haud
2020 1465 2051 1505 ο

475 1542 707 1615 Phrygia
739 1543 966 1597 Romam
1013 1557 1186 1612 usque
1218 1543 1558 1612 pervenisset
1601 1542 1741 1595 fama
1764 1540 1831 1595 de
1863 1542 2049 1596 chari-

476 1643 588 1688 tate
621 1641 677 1685 et
700 1632 805 1686 ﬁde
832 1631 975 1700 ejus,
1010 1629 1113 1684 nisi
1152 1629 1385 1683 maxima
1419 1627 1920 1693 luisset.Quoniam
1949 1626 2050 1698 igi-

2158 435 2254 489 κιιὶ
2296 438 2514 502 Κυρίου
2556 435 2749 501 Ἰησοῦ
2784 434 3061 501 Χριστοῦ.
3104 435 3227 500 Πῶς
3251 434 3307 488 δὲ
3331 435 3484 488 ἔσται
3515 438 3547 507 ἠ
3576 439 3739 508 χάρις

2155 529 2250 581 τοῦ
2283 528 2417 583 Θεοῦ
2462 529 2521 580 ὲν
2551 528 2718 597 ἡμῖνς
2755 527 2882 580 Ἐάν
2913 527 3011 581 καὶ
3055 528 3216 598 ἡμεῖς
3265 530 3377 591 τοῖς
3429 529 3740 598 ὀφειλέταις

2156 621 2534 690 χαρισώμεθα.
2559 619 2681 684 Πῶς
2707 619 2763 673 δὲ
2784 619 3013 691 εἰρήνης
3039 620 3137 673 Ἂν
3166 618 3259 673 καὶ
3290 622 3354 673 σὺ
3388 623 3739 698 καταλλαγῇς

2155 714 2232 783 τῷ
2253 716 2444 787 δούλῳ.

2228 808 2581 876 Εὑχαριστῶ
2626 807 2704 872 τῷ
2750 807 2870 874 Θεῷ
2895 825 3016 877 μου
3058 807 3335 875 πάντοτε,
3360 811 3579 880 μνείαν
3619 829 3739 867 σου

2154 902 2510 968 ποιούμενος
2548 901 2645 953 ἐπὶ
2707 899 2826 954 τῶν
2876 901 3236 970 προσευχῶν
3284 920 3428 971 μου.
3485 904 3735 966 Ὁσάκις,

2156 989 2312 1058 φησὶ,
2353 987 2576 1058 μνησθῶ
2633 1006 2752 1053 σου,
2794 991 3175 1061 μιμνήσκομαι
3226 990 3283 1043 δὲ
3329 992 3561 1045 πάντοτε
3606 994 3738 1047 ὅταν

2155 1079 2568 1152 προσεύχισιμαι,
2598 1082 2930 1143 τοσαυτάκις
2974 1082 3280 1152 εὐχαριστῶ
3310 1083 3388 1154 τῷ
3433 1083 3552 1154 Θεῷ
3594 1086 3734 1156 ὑπὲρ

2153 1173 2252 1242 τῆς
2284 1172 2378 1241 σῆς
2407 1173 2627 1242 ἀρετῆς.
2662 1173 2757 1234 Τίς
2790 1171 2845 1225 δὲ
2879 1172 3042 1244 αὕτη,
3074 1175 3348 1243 ἐπιφέρει.

2236 1262 2489 1314 ἰὶκούων
2526 1278 2645 1315 σου
2674 1261 2789 1330 τὴν
2815 1263 3057 1333 ἀγάπην
3102 1266 3198 1319 καὶ
3241 1266 3356 1332 τὴν
3394 1268 3605 1321 πίστιν
3652 1268 3736 1337 ἦν

2151 1353 2310 1419 ἔχεις
2341 1352 2492 1420 πρὸς
2538 1353 2646 1406 τὸν
2694 1356 2913 1422 Κύριον
2959 1355 3059 1409 καὶ
3103 1357 3253 1425 πρὸς
3302 1357 3535 1425 πάντας
3586 1361 3733 1425 τοὺς

2151 1444 2380 1513 ἁγίους.
2432 1445 2694 1500 Ἐνταῦθα
2722 1449 2798 1509 ὼς
2823 1448 3089 1518 ἐλεήμονα
3142 1450 3303 1503 αὑτὸν
3352 1453 3579 1505 ἐπαινεῖ.
3614 1456 3733 1508 Οὐκ

2150 1533 2215 1587 ἂν
2236 1533 2291 1586 δὲ
2317 1535 2424 1588 ἀπὸ
2443 1536 2685 1607 Φρυγίας
2712 1540 2793 1600 εἰς
2826 1538 3058 1608 Ῥώμην
3088 1540 3331 1611 ἠκούσθη
3360 1543 3392 1612 ἠ
3422 1544 3609 1613 ἀγάπη
3632 1546 3733 1598 καὶ

2151 1625 2185 1695 ή
2212 1628 2394 1689 πίστις
2425 1628 2613 1695 αὑτοῦ,
2646 1630 2696 1682 εἰ
2731 1628 2805 1702 μὴ
2847 1632 3083 1702 μεγίστη
3115 1628 3204 1703 ἦν.
3259 1632 3416 1686 Ἐπεὶ
3466 1634 3558 1688 οὖν
3587 1635 3729 1687 πάν-

478 1734 567 1777 tur
597 1738 790 1777 omnes
819 1728 1062 1785 sanctos,
1088 1720 1201 1775 sive
1245 1718 1434 1775 ﬁdeles
1462 1719 2051 1792 dilectionecomplec-

2151 1734 2248 1779 τας
2277 1718 2401 1780 τοὺς
2426 1719 2636 1787 ἁγίους.
2674 1721 2793 1791 ἦτοι
2820 1693 3325 1795 πιστοὺςιάγαπᾷς,
3355 1724 3598 1793 ὀφείλεις
3632 1728 3729 1778 καὶ

476 1816 632 1876 ιρι-ῖς,
666 1813 832 1868 debes
858 1814 1024 1867 etiam
1079 1812 1396 1868 Onesimum
1437 1809 1553 1880 pari
1588 1810 1856 1865 charitate
1899 1824 2051 1864 com-

472 1906 837 1978 plecti,652
866 1904 1036 1959 ﬁdelis
1064 1905 1205 1958 enim
1225 1912 1330 1971 est,
1361 1909 1491 1956 utet
1515 1902 1804 1956 Dominum
1825 1901 2050 1971 diligere

473 2001 733 2055 videaris.
766 1999 927 2054 Vides
975 2004 1236 2067 quantam
1274 1996 1513 2052 habeant
1539 1996 1647 2050 vim
1690 1996 1803 2049 haec
1850 1984 2046 2065 depre-

473 2090 631 2143 candi
669 2087 874 2143 verba?

518 2180 709 2234 Nmis.
736 2180 790 2233 6.
830 2181 894 2236 Ut
924 2182 1330 2236 communicatio
1376 2180 1500 2249 ﬁdei
1525 2188 1628 2232 ιιιω
1676 2178 1859 2247 eﬂicux
1885 2177 1955 2230 sit
1990 2176 2044 2229 in

472 2274 740 2341 agnitione
770 2273 938 2325 omnis
971 2272 1092 2326 boni
1112 2272 1247 2342 quod
1289 2274 1342 2325 in
1376 2270 1518 2324 vobis
1557 2279 1655 2324 est.
1682 2269 1921 2333 Gratias,
1960 2268 2045 2322 in-

469 2364 611 2429 quit.
665 2379 766 2432 ago
801 2365 908 2418 Deo
955 2376 1054 2433 pro
1077 2363 1345 2418 cbaritate
1383 2370 1496 2425 tua,
1530 2362 1633 2416 hoc
1666 2361 1831 2416 etiam
1882 2359 2034 2414 obse-

468 2471 651 2521 orans,
685 2454 749 2509 Ut
786 2456 918 2510 ﬁdes
957 2464 1068 2515 tua.
1102 2470 1264 2525 quam
1288 2468 1632 2509 communem
1668 2453 1834 2507 habes
1862 2450 2044 2505 nobis-

472 2565 619 2610 eum,
648 2546 835 2602 cﬁicax
889 2549 962 2602 sit
999 2556 1053 2601 et
1087 2546 1383 2617 operativa,
1420 2561 1485 2601 ac
1530 2546 1696 2601 veluti
1739 2544 1951 2607 vivens,
1990 2553 2042 2597 te

467 2654 631 2692 onine
663 2640 863 2692 bonum
898 2653 1038 2708 Opus
1067 2646 1421 2706 agnoscente,
1453 2636 1558 2689 hoc
1597 2646 1703 2698 est,
1732 2641 1949 2687 amante
1986 2642 2040 2686 et

466 2739 781 2799 poi-agente.
811 2730 949 2783 Tum
979 2729 1123 2784 enim
1156 2728 1289 2783 ﬁdes
1316 2738 1504 2783 nostra
1530 2726 1685 2791 vivit,
1721 2741 1848 2779 cum
1881 2739 2041 2779 omne

466 2835 604 2885 opus
635 2824 835 2871 bonum
880 2818 1230 2888 aggredimur
1253 2831 1317 2871 ac
1345 2816 1695 2887 peragimus:
1726 2816 1867 2869 sicut
1891 2828 2039 2867 mor-

465 2922 555 2965 tua
588 2918 691 2967 est.
737 2911 1000 2978 operibus
1047 2909 1331 2964 destituta.
1379 2907 1592 2978 Adiecit
1632 2916 1847 2963 autem:
1883 2906 2037 2974 Quod

2147 1807 2238 1860 τὸν
2281 1811 2576 1881 Ὀνήσιμον
2627 1815 2934 1883 ἀγαπῆσαι,
2990 1815 3173 1879 πιστὸς
3218 1816 3347 1886 γὰρ,
3384 1817 3468 1869 ἵνα
3503 1820 3595 1869 καὶ
3631 1820 3729 1869 τὸν

2150 1898 2354 1969 Κύριον
2378 1904 2555 1972 φανῇς
2581 1902 2831 1970 ἀγαπῶν.
2876 1903 3036 1976 Ὁρᾷς
3068 1905 3189 1975 βίαν
3219 1907 3506 1976 νοημάτων
3537 1908 3730 1961 δυσομ-

2146 2006 2425 2061 πητικωνς

2218 2171 2415 2240 Ὅπως
2461 2173 2499 2242 ἠ
2548 2176 2827 2228 κοινωνία
2867 2173 2972 2243 τῆς
3008 2176 3265 2245 πίστεώς
3315 2195 3431 2233 σου
3472 2179 3725 2250 ἐνεργὴς

2146 2262 2387 2333 γένηται
2439 2264 2512 2318 ἐν
2565 2263 2879 2336 ἐπιγνώσει
2933 2255 3161 2336 ,παντιῆ⁵
3222 2272 3447 2339 ἀγαθοῦ
3498 2274 3605 2325 τοῦ
3651 2274 3724 2326 ἐν

2144 2354 2311 2422 ὑμῖν.
2345 2355 2689 2426 Εὐχαριστῶ,
2735 2359 2891 2428 φησι,
2917 2359 2997 2432 τῷ
3024 2360 3144 2433 Θεῷ
3198 2362 3339 2432 ὑπὲρ
3369 2362 3467 2432 τῆς
3498 2364 3724 2432 ἀγάπης

2152 2462 2268 2514 σου,
2297 2450 2734 2519 προσευχόμενος
2763 2452 2858 2504 καὶ
2912 2454 3051 2523 ὑπὲρ
3080 2453 3293 2516 τούτου.
3323 2455 3410 2509 ἵνα
3453 2458 3486 2526 ἡ
3539 2456 3723 2519 πίστις

2106 2554 2265 2602 σου,
2298 2539 2366 2610 ἦν
2398 2539 2586 2611 κοινὴν
2636 2542 2779 2612 ἔχεις
2834 2545 2987 2613 ἡμῖν,
3040 2546 3271 2616 ἐνεργὴς
3333 2548 3553 2617 γένηται
3611 2552 3709 2601 καὶ

2144 2628 2484 2698 ἔμπρακτος,
2519 2636 2611 2684 καὶ
2655 2632 2768 2685 οἷον
2810 2634 2976 2696 ζῶσα,
3013 2638 3068 2688 ἐν
3110 2636 3187 2706 τῷ
3220 2639 3603 2704 ἐπιγινώσκειν
3654 2658 3717 2691 σε

2146 2722 2254 2773 πᾶν
2292 2719 2452 2792 ἔργον
2483 2723 2708 2790 ἀγαθὸν,
2745 2728 3043 2791 τουτέστιν,
3076 2728 3295 2800 ἀγαπᾷν
3326 2733 3416 2782 καί
3464 2748 3718 2800 μεταχει-

2147 2810 2412 2876 ρίζεσθαι.
2469 2815 2602 2868 Τότε
2658 2816 2766 2887 γὰρ
2811 2819 2844 2888 ἡ
2884 2818 3059 2884 πίστις
3085 2821 3175 2890 ζῇ,
3208 2822 3334 2879 ὅταν
3369 2825 3475 2875 πᾶν
3507 2825 3717 2894 ἀγαθὸν

2143 2900 2305 2971 ἔργον
2347 2904 2765 2977 μετερχώμεοα,
2814 2906 3004 2981 ὥσπερ
3036 2912 3126 2964 καὶ
3175 2914 3340 2984 νεκρά
3382 2916 3495 2968 ἐστι
3542 2919 3712 2985 χωρὶς

462 3013 536 3056 est
567 3006 621 3055 in
653 3003 814 3061 vobis,
848 3010 905 3054 ut
934 3002 1186 3057 ostendat
1225 3000 1599 3056 Philemonem
1633 2999 1812 3069 ipsum
1844 3000 2034 3052 ctiam-

2142 2994 2848 3097 Epywv‘oi’i-aa.-llp-ooé0qxa
2879 3001 2955 3063 δὲ,
2982 3003 3089 3057 τοῦ
3129 3002 3200 3057 ἐν
3235 3004 3397 3075 ὑμῖν,
3436 3007 3519 3059 ἵνα
3558 3008 3713 3089 δείξῃ

464 3112 593 3149 num
629 3110 791 3148 omne
814 3110 950 3164 opus
969 3094 1168 3148 bonum
1195 3093 1248 3147 in
1281 3107 1341 3147 se
1367 3092 1591 3154 habere,
1620 3092 1847 3161 perinde
1876 3091 2031 3160 quasi

2141 3083 2221 3135 ὅτι
2248 3086 2339 3137 καὶ
2369 3087 2461 3139 νῦν
2515 3089 2542 3140 ὁ
2590 3089 2848 3159 Φιλήμων
2877 3094 2984 3146 πᾶν
3014 3093 3217 3162 ἀγαθὸν
3248 3096 3406 3166 ἔργον
3440 3100 3496 3150 ὲν
3528 3083 3710 3167 ἑαυτῷ

460 3189 640 3241 dicat:
665 3186 856 3241 Omnis
882 3186 1062 3255 operis
1086 3185 1238 3246 boni,
1265 3184 1409 3254 quod
1433 3184 1737 3238 etiamnum
1772 3183 1823 3236 in
1854 3181 2028 3245 vobis,

461 3280 561 3333 hee
589 3287 692 3343 est,
735 3278 787 3331 in
816 3288 866 3331 te
888 3288 990 3333 est.
1045 3275 1221 3331 Porro
1249 3290 1372 3330 cum
1424 3277 1578 3340 dicit,
1609 3274 2031 3329 Communicatio

458 3370 604 3440 ﬁdei,
626 3371 902 3424 connectit
929 3367 1031 3423 sibi
1060 3368 1432 3423 Philemonem
1455 3367 1572 3437 ipse
1592 3367 1817 3431 Paulus,
1838 3383 2032 3421 unum-

454 3481 563 3532 que
617 3463 765 3517 [ai-it.
824 3462 1145 3517 Communis
1188 3461 1333 3514 enim
1375 3460 1510 3516 ﬁdes
1544 3460 1664 3513 unit
1699 3475 1715 3516 :
1759 3459 2027 3525 Quocirca

454 3563 669 3623 (>p0t‘lt'l
693 3562 745 3607 te
773 3553 912 3607 idem
948 3565 1138 3621 sapere
1166 3565 1401 3605 mecum.
1430 3547 1524 3604 Vel
1556 3548 1678 3603 ﬁdei
1724 3551 2029 3604 communi-

455 3647 723 3700 cationem
759 3645 1161 3713 eleemosynam
1196 3651 1373 3704 vocat,
1407 3648 1467 3694 ut
1504 3656 1626 3710 qua:
1657 3655 1686 3693 ιι
1726 3640 1893 3695 multa
1924 3640 2028 3695 ﬁde

453 3738 569 3792 ﬁat.
605 3737 696 3791 Ait
750 3751 882 3803 ergo
927 3754 942 3790 :
1008 3735 1337 3789 Mentionem
1392 3734 1470 3789 tui
1512 3733 1653 3788 facio
1686 3733 1739 3787 in
1774 3735 2027 3805 precibus

455 3829 613 3892 meis,
671 3842 840 3883 orans
902 3838 961 3881 ut
1020 3825 1481 3881 comnmnicativa
1533 3825 1886 3895 liberalisque
1933 3834 2023 3879 tua

453 3937 607 3977 nn-us
659 3936 957 3990 numquam
986 3926 1186 3984 cesset,
1214 3919 1310 3974 sed
1352 3933 1517 3973 omne
1554 3920 1741 3989 potius
1795 3918 2021 3980 bonum,

448 4016 663 4087 quodin
690 4014 834 4071 vobis
867 4022 966 4080 est,
995 4013 1100 4068 hoc
1137 4021 1246 4076 est,
1281 4011 1428 4082 quod
1462 4010 1555 4066 tibi
1575 4009 1753 4077 adest,
1776 4007 2022 4065 etl‘undas

448 4109 503 4163 in
540 4115 778 4178 egentes.

519 4285 587 4341 In
627 4286 895 4340 Christum
918 4282 1123 4338 Iesum.
1162 4282 1241 4337 Ad
1262 4281 1538 4338 Christum
1570 4281 1777 4344 Jesum,
1820 4281 2017 4350 inquit,

2136 3174 2270 3245 ἔχει,
2293 3178 2495 3233 ὡσανεὶ
2518 3180 2677 3234 τοῦτο
2707 3181 2879 3251 λέγων
2907 3200 2921 3215 ⁸
2955 3187 3161 3251 Παντὸς
3192 3189 3397 3257 ἀγαθοῦ
3422 3190 3582 3262 ἔργου
3612 3191 3708 3244 τοῦ

2139 3268 2232 3318 καὶ
2276 3267 2371 3320 νῦν
2418 3270 2483 3322 ὲν
2535 3270 2684 3341 ὑμῖν,
2728 3275 3006 3328 τουτέστιν
3057 3280 3114 3331 ὲν
3151 3284 3233 3332 σοὶ
3282 3282 3454 3345 ὖντος.
3495 3283 3581 3334 Ἐν
3629 3283 3709 3352 τῷ

2136 3359 2316 3414 εἰπεῖν
2362 3362 2440 3427 δὲ,
2494 3366 2774 3419 κοινωνία
2834 3365 2945 3436 τῆς
2993 3370 3271 3438 πίστεως,
3323 3374 3583 3427 συνάπτει
3616 3375 3711 3428 τὸν

2133 3451 2407 3521 Φιλήμονα
2441 3456 2575 3524 πρὸς
2625 3458 2816 3510 ὲκυτὺν
2863 3462 2890 3513 ὁ
2942 3460 3175 3526 Παῦλος.
3208 3465 3301 3517 καὶ
3330 3466 3587 3520 ἑνοποιεί.
3640 3467 3705 3520 'H

2132 3543 2240 3612 γὰρ
2278 3546 2426 3616 κοινὴ
2482 3551 2684 3612 πῖστις,
2718 3553 2809 3602 καὶ
2845 3552 3091 3616 ὲνοποιός
3117 3555 3263 3609 ἐστιν
3295 3572 3308 3587 ·
3346 3555 3485 3611 ὥστε
3528 3558 3610 3611 δεῖ
3638 3577 3697 3612 σε

2132 3635 2225 3686 καὶ
2261 3637 2321 3687 τὸ
2359 3635 2416 3688 ἓν
2447 3641 2674 3707 φρονεῖν
2735 3642 2878 3711 ἐμοί.
2910 3643 2979 3695 Ἢ
3032 3647 3287 3701 κοινωνία
3328 3648 3565 3713 πίστεως
3607 3650 3707 3720 τὴν

2130 3724 2502 3797 ἐλεημοσύνην
2537 3729 2712 3795 καλεῖ,
2742 3728 2819 3794 ὼς
2867 3733 2976 3786 ἀπὺ
3023 3736 3259 3800 πίστεως
3311 3738 3511 3808 πολλῆς
3549 3756 3705 3808 γενο-

2131 3814 2319 3884 μένην.
2349 3817 2517 3887 Φησὶν
2564 3816 2657 3873 οὖν
2697 3821 2778 3874 ὅτι
2806 3824 3009 3879 Μνείαν
3034 3842 3127 3879 σου
3158 3826 3431 3899 ποιοῦμαι,
3472 3832 3703 3902 εὐχόμε-

2128 3920 2216 3968 νος
2277 3906 2365 3959 ἴνα
2416 3910 2447 3978 ἡ
2507 3911 2796 3984 κοινωνικὴ
2833 3914 2929 3967 καὶ
2981 3913 3337 3981 εὐμετάδοτός
3377 3936 3470 3972 σου
3504 3922 3700 3991 γνώμη

2131 3995 2400 4064 μηδέποτε
2455 4000 2756 4071 παύσηται.
2799 4002 2936 4057 ἀλλὰ
2988 4005 3190 4075 μᾶλλον
3246 4009 3355 4062 πᾶν
3408 4011 3631 4079 ἀγαθὸν,
3666 4013 3703 4065 ὅ

2124 4085 2299 4140 ἐστιν
2330 4086 2399 4141 ἐν
2446 4090 2606 4159 ὑμῖν,
2634 4094 2914 4148 τουτέστιν
2962 4097 3098 4168 ὅπερ
3153 4099 3234 4151 σοὶ
3266 4100 3575 4171 πρόσεστιν,
3600 4102 3698 4156 ὲκ-

2124 4176 2254 4247 χέῃς
2278 4180 2407 4250 πρὸς
2432 4182 2555 4244 τοὺς
2577 4182 2881 4254 δεομένους.

2196 4272 2300 4335 Εἰς
2322 4273 2578 4339 Χριστὸν
2623 4275 2888 4343 Ἰησοῦν.
2925 4280 3017 4343 Et;
3064 4283 3298 4355 Χριστὸν
3331 4284 3554 4353 Ἰησοῦν,
3585 4307 3695 4360 φη-

445 4377 680 4432 rel‘ertur
706 4376 968 4448 quidquid
991 4376 1118 4431 boni
1143 4374 1432 4443 egentibus
1458 4374 1811 4443 impertieris,
1848 4372 2021 4426 maxi-

2141 4361 2232 4419 τὶν.
2261 4363 2591 4433 ἀναφέρεται
2623 4367 2651 4419 ὃ
2706 4385 2759 4419 τι
2790 4368 2856 4421 ἂν
2895 4370 3098 4439 ἀγαθὸν
3146 4378 3301 4444 ποιῇς
3349 4379 3460 4440 τοῖς
3498 4378 3692 4450 δεομέ-

443 4486 640 4539 tneque
685 4471 916 4524 sanctis.
975 4465 1215 4520 Proinde
1263 4466 1308 4521 si
1340 4465 1642 4518 etiamnum
1697 4464 2014 4518 Onesimum

446 4561 737 4628 receperis,
765 4558 1011 4626 mihique
1044 4558 1181 4610 hanc
1214 4554 1444 4620 gratiam
1480 4563 1533 4609 et
1560 4555 1881 4609 beneﬁcium
1913 4553 2015 4606 im-

350 4642 357 4649 ’
442 4650 721 4720 penderis,
754 4646 975 4701 Christo
1010 4643 1304 4714 impendis.

517 4741 679 4793 Vens.
713 4738 765 4791 7.
796 4735 1040 4790 Gratiam
1061 4735 1314 4788 habemus
1339 4734 1586 4798 multam,
1624 4746 1671 4788 et
1696 4735 2016 4789 consolatio-

442 4846 558 4884 nem
589 4832 642 4881 in
668 4829 929 4881 charitate
969 4839 1082 4880 tua.
1124 4829 1239 4882 lloc
1265 4835 1367 4893 est,
1418 4824 1678 4898 gaudium
1729 4827 2012 4890 habemus,

441 4929 493 4971 rt
519 4934 623 4970 non
647 4918 827 4972 solum
852 4918 1135 4987 gaudium,
1166 4917 1262 4971 scd
1296 4917 1459 4973 etiam
1490 4915 1784 4970 maximam
1815 4929 2013 4969 conso-

441 5011 702 5063 lationem
755 5009 811 5063 in
864 5008 1102 5063 vinculis
1135 5009 1205 5063 ob
1236 5020 1385 5063 tuam
1427 5006 1774 5070 cliaritatem,
1825 5006 1876 5061 id
1907 5014 2009 5069 est,

440 5102 511 5156 ob
538 5102 827 5171 benignam
853 5110 907 5156 et
940 5101 1227 5156 liberalem
1251 5100 1414 5155 animi
1449 5101 1524 5154 tui
1556 5100 1901 5154 sententiam.

508 5193 659 5258 Quod
702 5193 906 5247 viscera
956 5202 1263 5247 sanctorum
1319 5192 1616 5259 relocillata
1653 5198 1775 5243 sunt
1807 5205 1899 5257 per
1938 5201 2004 5252 te,

437 5286 623 5354 frater.
664 5276 1080 5354 sapientissime
1105 5299 1217 5336 rem
1245 5284 1415 5353 ipsam
1450 5280 1781 5351 aggreditur,
1805 5282 1870 5336 ad
1898 5297 2009 5337 me-

439 5379 664 5431 moriam
695 5378 741 5430 ei
770 5389 1037 5430 revocans
1070 5374 1333 5427 beneﬁcia
1362 5386 1481 5440 quae
1507 5372 1559 5424 in
1590 5372 1724 5427 alios
1752 5374 2005 5436 contulit,

438 5478 497 5522 ut
530 5484 595 5521 eo
624 5470 796 5535 magis
828 5465 996 5522 leniat
1022 5479 1169 5527 eum,
1215 5463 1343 5517 dum
1389 5463 1721 5531 reputaverit
1759 5465 1902 5533 quod
1956 5466 2000 5518 si

439 5556 559 5605 aliis
595 5554 675 5608 vel
730 5555 930 5624 ignotis
968 5554 1079 5617 det,
1133 5538 1304 5607 multo
1339 5552 1514 5621 magis
1555 5555 1873 5622 praet-eptm-i
1902 5568 2013 5609 suo.

440 5641 510 5699 [‘a
539 5643 627 5697 .Ιο.
670 5642 776 5698 Nec
808 5643 1130 5713 simpliciter
1155 5642 1312 5711 dixit,
1335 5642 1437 5696 Das
1468 5642 1672 5697 sanctis
1704 5658 1714 5693 :
1745 5643 1862 5705 scd,
1908 5641 2003 5695 lle-

2124 4467 2253 4513 νοις,
2314 4453 2407 4503 καὶ
2470 4454 2703 4522 μάλιστα
2759 4457 2932 4524 ἁγίοις
2970 4475 2983 4490 ο
3036 4460 3173 4514 ὥστε
3225 4462 3317 4517 καὶ
3373 4465 3468 4517 νῦν
3520 4472 3567 4521 εἰ
3598 4470 3691 4522 τὸν

2134 4539 2427 4608 Ὀνήσιμον
2455 4541 2606 4614 δέξῃ,
2643 4546 2738 4599 καὶ
2766 4548 2927 4617 χάριν
2955 4550 3078 4620 ἐμοὶ
3113 4551 3316 4624 ταύτην
3334 4555 3689 4627 καταθήσεις,

2120 4629 2337 4700 Χριστῷ
2362 4631 2514 4695 δίδως
2548 4635 2736 4706 αὐτὴν.
3226 4651 3231 4655 ’

2189 4722 2371 4789 Χάριν
2395 4724 2616 4793 ἔχομεν
2665 4728 2909 4797 πολλὴν
2936 4731 3028 4784 καί
3074 4733 3458 4804 παράκλησιν
3481 4737 3577 4792 ἐπὶ
3616 4740 3691 4808 τῇ

2117 4810 2316 4880 ἀγάπῃ
2348 4830 2486 4867 σου.
2523 4819 2781 4873 Ὶόυτέστι
2837 4826 3007 4892 χαρὰν
3056 4824 3270 4894 ἔχομεν,
3307 4812 3399 4881 καὶ
3429 4829 3487 4881 οὐ
3522 4832 3686 4898 μόνον

2119 4904 2313 4971 χαρὰν,
2378 4907 2515 4960 ἁλλά
2572 4910 2665 4962 καὶ
2727 4914 3074 4984 παρηγορίαν
3128 4919 3393 4992 μεγίστην
3457 4925 3515 4975 ὲν
3571 4927 3683 4987 τοῖς

2118 4994 2339 5063 δεσμοῖς
2368 4999 2461 5049 ἐπὶ
2489 5002 2556 5068 τῇ
2598 5001 2786 5073 ἀγάπῃ
2816 5022 2929 5069 σου,
2957 5006 3094 5072 ὅπερ
3119 5008 3237 5061 ἐστὶ
3288 5014 3352 5081 τῇ
3377 5012 3683 5084 φιλανθρώ-

2116 5100 2202 5154 πῳ
2231 5087 2322 5138 καὶ
2350 5091 2671 5162 μεταδοτικῇ
2711 5111 2803 5145 σου
2835 5097 3169 5166 προαιρέσει.

2192 5178 2319 5232 Ὅτι
2348 5179 2417 5232 τὰ
2445 5183 2774 5251 σπλάγχνα
2803 5185 2921 5238 τῶν
2944 5186 3128 5257 ἁγίων
3145 5190 3558 5246 ἀναπέπαυται
3586 5194 3687 5249 διὰ

2116 5269 2254 5335 σοῦ,
2293 5271 2534 5341 ἀδελφέ.
2573 5273 2870 5342 Σοφώτατα
2918 5277 2978 5329 τὸ
3013 5282 3245 5350 πρᾶγμα
3301 5286 3684 5355 μεταχειρίζε-

2114 5381 2226 5427 ται,
2265 5366 2696 5436 ἀναμιμνήσκων
2726 5369 2895 5423 αῦτδν
2928 5371 3035 5425 τῶν
3083 5375 3219 5445 πρὸς
3241 5375 3430 5441 ἄλλους
3458 5380 3683 5448 εὐεργε-

2115 5457 2266 5521 σιῶν,
2304 5457 2389 5510 ἵνα
2423 5458 2623 5527 μᾶλλον
2653 5461 3239 5534 μαλ.άξῃ,ἐννοήσαντα
3277 5469 3358 5521 ὅτι
3405 5470 3467 5522 Εἰ
3500 5471 3684 5535 ἄλλοις

2110 5550 2499 5619 ἀγνοουμένοις
2530 5550 2744 5622 δίῖωμι,
2779 5553 2959 5622 πολλῷ
2993 5555 3194 5625 μᾶλλον
3236 5559 3313 5628 τῷ
3370 5560 3684 5631 διδασκάλῳ

2119 5640 2335 5711 Παύλῳ.
2375 5643 2482 5693 Καὶ
2512 5643 2609 5712 οὐχ
2641 5644 2829 5707 ἁπλῶς
2855 5641 3007 5699 εἶπεν
3028 5648 3111 5700 ὅτι
3150 5648 3317 5714 Δίδως
3342 5654 3451 5716 τοῖς
3480 5654 3683 5725 ἀγζιις.
