4006 6214
461 333 563 398 1ῖο

1378 337 1960 398 THEOPHYLACTI
1993 335 2401 395 BULGARLE
2442 338 2640 397 ARCH
2655 338 2798 396 [ΕΡ.

3600 329 3704 394 180

461 463 602 511 uere,
628 457 685 500 ut
711 464 804 509 pro
837 459 884 502 te
911 450 1040 502 mihi
1081 451 1408 503 ministraret
1438 449 1494 502 iu
1535 449 1754 503 uinculis
1798 447 2004 515 Erauge

2131 448 2233 499 ἵνα
2281 448 2431 514 ὑπὲρ
2482 446 2598 501 σοῦ
2633 464 2733 516 μοι
2763 444 3012 514 διακονῇ
3043 445 3114 499 ἐν
3141 444 3266 510 τοῖς
3313 442 3560 512 δεσμοῖς
3599 443 3709 497 τοῦ

459 539 540 593 lii.
572 540 958 594 Animadverte
994 541 1338 610 sapientiam,
1379 541 1656 611 quomodo
1688 542 1740 595 in
1789 541 1904 596 heri
1939 541 2018 594 Ιοο

457 643 580 682 cum
627 629 1019 699 pmpemodum
1058 630 1237 700 ipsum
1295 633 1624 687 constituit:
1655 647 1804 694 nam,
1839 640 1895 683 ut
1927 645 2022 698 pro

457 728 524 781 te,
559 719 756 788 inquit,
787 721 916 773 mihi
951 721 1303 776 ministraret.
1335 721 1586 779 Ostendit
1609 729 1788 778 autem
1826 737 1884 775 se
1926 721 2025 774 do-

456 808 588 861 mini
625 808 911 863 utilitatem
945 811 1101 866 velle.
1142 811 1195 866 Si
1229 813 1374 867 enim
1406 822 1496 867 tua
1546 813 1776 867 interest
1803 821 1860 865 ut
1891 811 2024 865 mibi

455 901 688 965 servias,
739 901 856 970 ipse
887 911 1065 957 autem
1109 905 1186 958 tui
1239 905 1362 959 loco
1406 904 1553 960 istud
1592 903 1780 970 faciat,
1811 904 2023 957 lucrum

453 999 599 1044 certe
629 990 755 1046 inde
782 993 878 1046 tibi
909 995 1141 1050 accedit.

523 1081 688 1154 644
713 1083 882 1138 Vsus.
929 1086 1010 1139 M.
1050 1086 1176 1142 Sine
1200 1089 1423 1143 consilio
1450 1097 1626 1142 autem
1658 1097 1746 1142 tuo
1773 1088 1905 1141 nihil
1938 1105 2026 1142 ιιι)⁴

455 1172 532 1225 lui
579 1173 771 1241 facere.
830 1173 934 1228 Per
986 1177 1088 1231 hoc
1137 1180 1303 1233 etiam
1363 1180 1597 1234 maxime
1651 1178 2023 1234 Philemonem

375 1326 381 1334 δ
450 1263 676 1319 emollit.
720 1265 824 1321 Res
875 1268 1019 1322 enim
1074 1278 1193 1323 erat
1242 1270 1535 1324 admodum
1569 1271 1927 1326 necessaria:
1971 1273 2025 1325 in

453 1353 688 1410 vinculis
717 1356 886 1421 enim,
927 1358 1104 1426 iisque
1136 1370 1358 1429 propter
1391 1360 1584 1426 Deum,
1612 1362 1711 1429 ipsi
1743 1362 2026 1416 ministra-

451 1455 605 1500 turus
638 1456 775 1509 erat,
810 1455 1052 1504 attamen
1097 1460 1294 1520 praeter
1330 1453 1449 1521 ejus
1480 1454 1810 1508 sententiam
1844 1453 2026 1509 facere

449 1537 648 1592 noluit.
693 1539 964 1602 Quocirca
990 1541 1265 1609 quomodo
1294 1545 1342 1598 ei
1375 1559 1482 1598 non
1516 1553 1598 1598 est
1627 1545 1882 1600 donanda
1915 1547 2029 1602 htec

447 1630 645 1696 gratia,
675 1631 769 1698 qui
804 1645 926 1685 cum
963 1641 1148 1699 posset
1178 1633 1261 1688 vel
1289 1633 1407 1689 sine
1437 1635 1556 1704 ipso
1585 1650 1704 1690 eam
1733 1635 1836 1704 sibi
1870 1651 2030 1690 usur-

449 1731 513 1785 pa
523 1732 601 1782 re,
634 1717 869 1772 noluerit
897 1722 1119 1775 tamen?

521 1803 612 1859 Uti
637 1825 698 1862 ue
724 1809 860 1862 velut
892 1826 956 1863 ex
978 1816 1286 1867 necessitate
1309 1813 1499 1868 bonum
1532 1825 1680 1868 tuum
1719 1826 1876 1878 esset,
1929 1817 2020 1870 sed

447 1900 826 1956 voluntarium.
863 1903 980 1959 Non
1018 1905 1155 1959 dixit
1185 1925 1198 1960 :
1227 1905 1303 1959 Ex
1341 1908 1690 1972 necessitate,
1719 1909 1834 1970 sed,
1874 1907 2024 1962 Velut

447 2010 510 2048 ea:
537 2006 886 2064 necessitate;
950 1998 1174 2068 perinde
1217 1985 1374 2070 quasi
1427 2001 1531 2056 hoc
1565 2002 1749 2056 dicat:
1795 2001 2019 2056 Etiamsi

449 2095 645 2154 ιιι-αξιοι·
665 2089 832 2144 animi
865 2090 942 2144 tui
975 2093 1302 2147 sententiam
1335 2107 1459 2148 eum
1497 2093 1867 2157 retinuissem,
1893 2106 2024 2148 vere

446 2178 666 2246 quidem
719 2189 771 2235 te
825 2197 929 2237 non
983 2183 1425 2250 contristassem.
1483 2183 1786 2240 Videbatur
1837 2193 2016 2239 tamen

447 2256 723 2341 plerisque
761 2273 908 2343 quod
959 2290 1025 2329 ex
1080 2276 1406 2332 necessitate
1452 2285 1508 2332 et
1542 2285 1594 2332 te
1645 2277 1821 2331 invito
1871 2277 2016 2330 istud

445 2365 805 2434 contingeret.
839 2364 996 2421 Nunc
1028 2368 1209 2438 itaque
1234 2369 1400 2422 malui
1431 2378 1482 2423 ut
1510 2369 1656 2422 nulla
1690 2368 1901 2423 ratione
1931 2368 2018 2421 iu-

445 2453 811 2510 voluntarium
838 2457 1113 2526 aliquibus
1142 2458 1440 2525 videretur,
1467 2459 1562 2515 sed
1600 2459 1826 2514 indubio
1855 2473 2018 2528 spon-

443 2552 682 2598 laneum.

514 2631 680 2688 Vsus.
718 2635 806 2689 15.
838 2635 1094 2690 Forsitan
1122 2641 1256 2692 enim
1290 2639 1405 2694 ideo
1436 2639 1676 2693 discessit
1712 2641 1784 2691 ad
1808 2639 2013 2694 horam.

443 2720 487 2775 0
520 2723 842 2792 sapientiam
876 2725 1060 2780 Pauli!
1093 2726 1228 2781 Cum
1264 2728 1406 2783 enim
1435 2727 1730 2784 Onesimus
1767 2745 1832 2784 et
1868 2729 2013 2784 frau-

442 2811 665 2866 dulenta
689 2821 870 2869 mente
900 2813 1152 2883 fugisset,
1184 2803 1396 2872 invertit
1428 2818 1539 2886 jam
1573 2819 1775 2873 Paulus
1804 2819 2012 2890 fugam,

441 2903 599 2972 quasi
647 2913 870 2974 propter
929 2907 1194 2975 majorem
1248 2909 1539 2964 utilitatem
1593 2910 1734 2967 facta
1791 2913 2008 2970 fuisset.

443 2994 650 3050 Forsan
681 2996 851 3060 enim,
899 2997 1098 3068 inquit,
1131 3015 1197 3054 ex
1231 3001 1415 3055 divina
1460 3004 1804 3071 providentia
1854 3005 2008 3075 fugit.

2129 543 2519 611 Εὐαγγελιόυ.
2578 542 2721 612 Ὅρα
2761 540 2974 606 σοφίαν,
3011 540 3130 604 πῶς
3176 538 3322 593 κατὰ
3376 538 3572 608 μικρὺν
3627 541 3708 600 εἰς

2127 631 2218 683 τὸν
2248 632 2411 684 τόπον
2459 630 2555 684 τοῦ
2584 631 2845 684 δεσπότου
2862 631 2907 664 ⁸⁸
2953 628 3118 682 αὐτὸν
3169 628 3538 696 κατέστησεν·
3568 626 3708 680 Ἵνα

2128 721 2256 791 γὰρ,
2291 722 2476 789 φησὶν,
2497 720 2648 788 ὑπὲρ
2675 720 2792 774 σοῦ
2808 737 2909 789 μοι
2935 717 3205 786 διακονῇ.
3248 719 3500 771 Δείκνυσι
3531 717 3588 770 δὲ
3610 718 3706 770 καὶ

2127 813 2209 866 ὅτι
2241 814 2301 865 τὸ
2335 811 2431 864 τοῦ
2459 812 2721 865 δεσπότου
2756 810 3034 881 συμφέρον
3074 809 3350 881 βούλεται.
3387 809 3452 862 Ei
3478 809 3589 878 γὰρ
3615 809 3702 874 σὺ,

2129 903 2284 973 φησὶ,
2317 906 2612 974 χρεωστεῖς
2653 903 2714 956 τὺ
2739 903 3005 956 διακονεῖν
3033 919 3142 972 μοι,
3175 894 3331 965 οὗτος
3361 900 3417 954 δὲ
3444 901 3565 954 ἀντὶ
3606 900 3704 954 σοῦ

2127 994 2285 1047 τοῦτο
2317 998 2478 1056 ποιεῖ,
2517 995 2582 1047 σὺ
2617 995 2936 1064 κερδαίνεις.

2197 1085 2388 1153 Χωρὶς
2438 1085 2508 1138 δὲ
2575 1084 2686 1152 τῆς
2745 1085 2866 1153 σῆς
2925 1086 3160 1154 γνώμης
3212 1085 3396 1140 οὐδὲν
3424 1086 3704 1154 ἠθέλησα

2128 1176 2397 1246 ποιῆσαι.
2431 1177 2538 1230 Καὶ
2580 1177 2669 1230 διὰ
2693 1176 2881 1229 τούτου
2917 1175 3150 1244 μάλιστα
3179 1177 3703 1246 καταμαλάσσειτδν

2127 1268 2425 1338 Φιλήμονα.
2460 1268 2706 1338 Πρᾶγμα
2733 1267 2852 1336 ,γὰρ
2885 1265 3060 1329 οὕτως
3104 1267 3437 1334 ἀναγκαῖονο
3477 1271 3536 1321 ἐν
3582 1269 3708 1323 δεσ-

2133 1362 2252 1428 μοῖς
2287 1360 2418 1430 γὰρ,
2465 1359 2558 1412 καὶ
2607 1359 2819 1422 τούτοις
2857 1359 2998 1429 ὑπὲρ
3039 1358 3133 1411 τοῦ
3164 1359 3320 1423 Θεοῦ,
3351 1360 3542 1430 ἔμελλε
3579 1362 3705 1416 δια·

2129 1454 2326 1513 κονεῖν,
2355 1452 2505 1520 ὅμως
2536 1451 2688 1522 παρὰ
2724 1451 2953 1521 γνώμην
3000 1449 3164 1503 αὑτοῦ
3197 1451 3420 1520 ποιῆσαι
3445 1452 3542 1506 οὐκ
3567 1454 3701 1523 ἠθέ-

2129 1543 2313 1612 λησεν.
2344 1545 2506 1596 Ὥστε
2543 1544 2661 1606 πῶς
2691 1545 2753 1596 ού
2799 1544 3068 1614 προσήκει
3099 1543 3282 1597 δοῦναι
3311 1544 3409 1615 τὴν
3434 1548 3592 1618 χάριν
3619 1547 3706 1618 τῷ

2129 1634 2413 1704 δυναμένῳ
2467 1636 2566 1706 μὲν
2611 1634 2705 1688 καὶ
2761 1635 2932 1705 χωρὶς
2970 1634 3135 1687 αὑτοῦ
3199 1633 3403 1707 ταύτην
3457 1638 3701 1706 καρποῦ-

2133 1724 2276 1785 σθαι,
2303 1726 2376 1794 μὴ
2404 1723 2690 1794 θελήσαντι
2716 1724 2808 1789 διες

2199 1814 2333 1867 Ἵνα
2376 1814 2462 1881 μὴ
2515 1812 2597 1877 ὡς
2644 1812 2772 1866 κατ’
2825 1813 3097 1881 ἀνάγκην
3129 1813 3196 1866 τὸ
3241 1812 3467 1882 ἀγαθόν
3496 1827 3611 1866 σου
3633 1808 3696 1884 ᾖ,

2125 1904 2285 1959 ἀλλὰ
2309 1905 2390 1970 ὡς
2419 1905 2567 1959 κατὰ
2591 1905 2895 1958 ἑκούσιον.
2929 1905 3042 1957 Οὐκ
3069 1899 3211 1969 εἷπε,
3241 1903 3403 1957 Κατὰ
3425 1904 3698 1972 ἀνάγκην.

2124 1997 2262 2062 ἀλλ’,
2299 1999 2395 2064 Ὠς
2423 1997 2575 2052 κατὰ
2601 1996 2892 2065 ἀνάγκην,
2922 1996 3122 2049 ὡσανεὶ
3153 1994 3311 2049 τοῦτο
3364 1995 3564 2065 λέγων,
3592 1999 3681 2050 ὅτι

2123 2088 2236 2141 Καὶ
2268 2089 2419 2160 παρὰ
2455 2089 2682 2159 γνώμην
2712 2105 2804 2140 σου
2833 2087 3079 2157 κατέχων
3109 2085 3320 2151 τοῦτον,
3345 2087 3558 2155 ἀληθῶς
3594 2091 3698 2158 μὲν

2121 2180 2222 2233 οὐκ
2251 2180 2483 2234 ἐλύπουν
2533 2197 2591 2233 σε
2613 2199 2626 2213 ο
2658 2179 2913 2249 ἐφαίνετο
2935 2179 2990 2232 δὲ
3024 2180 3176 2247 ὅμως
3209 2180 3320 2240 τοῖς
3353 2178 3586 2244 πολλοῖς,
3610 2181 3694 2234 ὅτι

2122 2275 2280 2329 Κατὰ
2311 2276 2555 2346 ἀνάγκην
2609 2277 2704 2329 καὶ
2755 2274 2982 2338 ἄκοντός
3035 2292 3128 2328 σου
3166 2274 3398 2343 γίνεται.
3440 2271 3553 2326 Νῦν
3599 2271 3694 2325 οὖν

2119 2366 2343 2434 εἱλόμην
2392 2366 2593 2434 μᾶλλον
2649 2365 2709 2418 τὸ
2765 2366 2901 2436 μηδὲ
2949 2365 3086 2427 ὅλως
3123 2365 3233 2418 τισὶ
3298 2364 3475 2418 δοκεῖν
3533 2360 3698 2416 τοῦτο

2119 2459 2393 2526 ἀκούσιον,
2423 2459 2538 2513 ἀλλ’
2559 2459 2804 2514 ἑκούσιον
2838 2459 3245 2530 ἀναμφιϐόλως.

2191 2643 2353 2713 Τάχα
2390 2641 2501 2713 γὰρ
2540 2642 2639 2695 διὰ
2673 2642 2852 2696 τοῦτο
2876 2642 3172 2710 ἐχωρίσθη
3205 2640 3352 2708 πρὸς
3376 2639 3556 2706 ὥραν.
3587 2637 3695 2693 Βα-

2118 2736 2207 2789 δαὶ
2233 2736 2333 2807 τῆς
2365 2736 2558 2805 σοφίας
2581 2751 2594 2764 ·
2629 2733 2817 2813 ἐπειδὴ
2838 2735 2948 2805 γὰρ
2983 2735 3269 2805 Ὀνήσιμος
3307 2732 3413 2786 ἀπὸ
3442 2730 3692 2802 κακούρ-

2115 2843 2213 2894 γου
2236 2827 2461 2896 γνώμης
2494 2825 2684 2893 ἔφυγε,
2720 2824 3086 2894 μεταστρέφει
3119 2821 3330 2884 Παῦλος
3363 2821 3462 2890 τὴν
3485 2820 3689 2890 φυγὴν,

2117 2917 2191 2980 ὡς
2218 2917 2356 2987 πρὸς
2388 2915 2664 2984 συμφέρον
2687 2913 3006 2983 γενομένην.
3026 2912 3178 2982 Τάχα
3202 2911 3332 2981 γὰρ,
3364 2910 3516 2980 φησὶ,
3545 2907 3691 2962 κατὶ

2115 3008 2268 3060 θείαν
2307 3007 2624 3075 οἰκονομίαν
2651 3006 2875 3074 ἔφυγεν.
2924 3003 3198 3072 Εύφὴμως
3245 3002 3299 3056 δὲ
3332 3003 3426 3055 καί
3450 2999 3546 3071 τὴν
3582 3016 3689 3068 (po.-

446 3084 580 3139 Leni
611 3091 792 3140 autem
825 3087 1083 3157 loquendi
1113 3089 1274 3144 modo
1311 3090 1493 3160 fugam
1523 3094 1886 3147 secessionem
1916 3109 2012 3163 ap-

2123 3096 2216 3167 γὴν
2249 3095 2527 3166 χωρισμὸν
2555 3096 2732 3160 καλεῖ,
2752 3096 2839 3149 ἵνα
2872 3095 2946 3164 μὴ
2991 3093 3070 3164 τῷ
3097 3091 3323 3162 ὀνόματι
3365 3091 3466 3159 τῆς
3507 3090 3689 3160 φυγῆς

440 3176 627 3246 pellat,
675 3192 745 3232 ne
794 3177 934 3249 fugae
979 3182 1204 3237 nomine
1241 3183 1428 3237 herum
1475 3183 1789 3238 exacerbet.
1843 3185 2014 3240 Porro

439 3281 561 3320 cum
596 3276 808 3337 tempus
835 3271 1130 3337 contrahit,
1159 3272 1292 3325 iram
1312 3274 1475 3327 etiam
1509 3273 1683 3328 sedat.
1711 3275 1792 3328 Αιι
1824 3277 2012 3329 horam

439 3357 605 3420 enim,
639 3358 838 3429 inquit,
870 3363 1102 3416 secessit.
1137 3363 1348 3419 Pariter
1374 3372 1556 3420 autem
1609 3365 1840 3426 indicat.
1867 3367 2011 3435 quod

438 3457 644 3516 quanto
675 3458 922 3520 tempore
953 3468 1075 3507 cum
1096 3452 1266 3507 Paulo
1293 3453 1490 3521 fuerat,
1517 3455 1819 3511 Philemoni
1849 3459 2010 3512 etiam

440 3540 713 3594 servierit.
747 3541 846 3595 lllo
874 3543 1042 3613 igitur
1083 3550 1324 3614 tempore
1355 3553 1564 3599 tantum
1608 3546 1803 3610 abfuit,
1836 3564 2012 3617 quan-

439 3638 552 3681 tum
587 3632 928 3700 consumpsit
958 3634 1277 3703 priusquam
1308 3635 1374 3690 ad
1407 3636 1635 3690 Paulum
1670 3640 2006 3706 perveniret:

439 3715 543 3772 hoc
590 3728 770 3775 autem
818 3725 1073 3792 exiguum
1131 3734 1268 3790 erat,
1315 3742 1379 3781 ac
1435 3729 1583 3782 velut
1641 3729 1800 3784 unica
1851 3731 2006 3786 hora.

439 3803 682 3865 Proinde
713 3811 758 3866 si
805 3813 1071 3870 remissus
1107 3816 1204 3874 abs
1237 3828 1286 3872 te
1319 3818 1453 3872 mihi
1486 3817 1745 3890 deinceps
1782 3823 2007 3889 serviat,

439 3899 616 3969 cogita
646 3901 795 3956 illum
823 3905 1030 3961 servire
1061 3905 1178 3961 tibi.

511 3991 580 4046 Ut
616 4003 868 4048 teter-num
911 3997 1066 4053 illum
1095 4001 1371 4070 reciperes.
1413 4000 1524 4058 Hoc
1551 4012 1653 4070 est,
1685 4003 1889 4060 fruaris
1919 4021 2004 4060 eo.

504 4189 670 4244 Vsus.
713 4193 799 4249 16.
841 4191 963 4246 Νοη
1008 4210 1165 4259 porro
1203 4203 1259 4248 ut
1290 4213 1517 4261 servum,
1565 4201 1658 4252 sed
1687 4216 1849 4268 supra
1897 4216 2008 4253 ser-

434 4295 575 4340 vum,
615 4281 839 4349 fratrem
871 4282 1138 4347 dilectum,
1176 4287 1408 4340 maxime
1432 4288 1582 4350 mihi,
1608 4301 1806 4358 quanto
1833 4299 2007 4342 autem

433 4371 600 4439 magis
633 4370 729 4423 tibi
775 4380 825 4425 et
857 4372 912 4425 in
944 4388 1103 4426 carne
1140 4381 1188 4427 et
1220 4373 1520 4428 iuDomino
1543 4377 1568 4429 ?
1595 4376 1677 4430 Ad
1705 4379 1892 4444 multa,
1919 4379 2005 4431 iu-

433 4463 590 4529 quit,
645 4461 850 4531 profuit
915 4463 1091 4533 fuga:
1146 4479 1243 4532 pro
1290 4465 1423 4518 hora
1468 4468 1614 4520 enim
1664 4483 1771 4522 una
1834 4469 2004 4524 habes

433 4550 610 4620 ipsum
642 4561 987 4620 perpetuum.
1027 4558 1102 4608 Ae
1139 4555 1638 4622 universaquidem
1669 4561 1778 4612 vita
1821 4560 2001 4613 homi—

433 4639 518 4692 nis
545 4647 794 4707 respectu
833 4641 1022 4693 ποιετηί
1057 4638 1193 4695 nihil
1235 4652 1360 4702 est:
1393 4645 1564 4699 multo
1595 4654 1778 4701 autem
1826 4651 2001 4716 magis

434 4727 576 4794 fuga:
615 4733 870 4796 tempus;
905 4739 1017 4782 tum
1049 4745 1148 4799 pro
1193 4747 1353 4787 servo
1398 4733 1645 4798 fratrem,
1693 4753 1790 4806 pro
1821 4738 1998 4792 inutili

433 4819 691 4874 dilectum
722 4838 737 4874 :
774 4830 825 4876 et
860 4823 915 4875 iu
941 4839 1118 4887 carne,
1149 4825 1251 4880 hoc
1279 4834 1383 4889 est,
1423 4827 1715 4882 mundanis
1750 4829 2002 4885 ministe-

433 4911 529 4966 riis
568 4912 790 4982 dignum
821 4914 913 4984 qui
951 4916 1227 4985 diligatur,
1254 4925 1314 4970 ut
1337 4917 1432 4987 qui
1455 4932 1518 4972 ea
1558 4931 1753 4974 curare
1786 4922 1993 4990 pOSsit:

431 5012 486 5058 ct
515 5003 568 5057 in
597 5003 859 5070 Domino,
890 5007 993 5062 hoc
1014 5015 1098 5063 est
1127 5009 1180 5062 in
1211 5007 1373 5064 rebus
1396 5008 1796 5076 spiritualibus.

499 5176 663 5231 Vens.
700 5177 787 5231 1⁵1.
829 5176 890 5232 Si
921 5195 1041 5249 ergo
1071 5181 1228 5234 habes
1259 5198 1339 5235 me
1367 5183 1586 5244 socium,
1619 5186 1823 5247 suscipe
1842 5183 2002 5236 illum

431 5266 565 5318 sicut
595 5281 694 5320 me.
726 5265 842 5322 Hoc
867 5274 973 5332 est,
1008 5268 1052 5322 si
1090 5269 1275 5322 eadem
1306 5284 1521 5324 mecum
1551 5269 1755 5324 sentire
1783 5279 1833 5324 te
1864 5287 1999 5326 con-

431 5355 623 5420 literis,
655 5357 801 5412 haud
831 5374 991 5414 secus
1016 5373 1079 5412 ae
1111 5373 1196 5413 me
1217 5359 1367 5413 illum
1400 5361 1642 5430 suscipe.
1687 5359 1857 5426 Quem
1889 5379 1995 5418 non

431 5448 484 5502 iu
512 5439 832 5505 sententiam
865 5467 1020 5506 suam
1055 5451 1391 5509 induxisset?
1416 5451 1538 5521 quis
1559 5452 1702 5507 enim
1731 5453 1997 5509 noluisset

431 5536 658 5592 Paulum
689 5542 1012 5613 suscipere?

2117 3187 2396 3258 παροξύνῃ
2441 3187 2534 3240 τὸν
2575 3186 2860 3256 δεσπότην.
2884 3186 2995 3240 Καὶ
3018 3187 3075 3238 ἐν
3105 3184 3182 3254 τῷ
3212 3183 3487 3237 συστεῖλαι
3517 3182 3569 3234 δὲ
3595 3181 3687 3234 τδν

2114 3277 2324 3349 χρόνον,
2352 3277 2515 3332 παύει
2552 3278 2647 3350 τὴν
2678 3279 2846 3348 ὀργήν
2867 3295 2880 3307 '
2904 3277 3058 3344 Πρὸς
3106 3277 3272 3344 ὥραν
3319 3275 3449 3344 γὰρ,
3494 3272 3682 3344 φησὶν.

2111 3368 2429 3436 ἐχωρίσθη.
2468 3369 2618 3437 "Apta
2659 3367 2714 3420 δὲ
2745 3367 2839 3420 καὶ
2868 3366 3158 3431 δείκνυσιν,
3212 3367 3295 3420 ὅτι
3339 3366 3462 3418 ὅσον
3495 3364 3688 3435 χρόνον

2115 3459 2254 3529 μετὰ
2276 3458 2485 3512 Παύλου
2516 3455 2604 3529 ἦν,
2631 3459 2892 3529 Φιλήμονι
2916 3461 3103 3529 συνῆν.
3144 3459 3359 3511 Ἐκεῖνο
3387 3452 3482 3510 οὖν
3519 3456 3688 3525 μόνον.

2111 3547 2280 3617 ἀπῆν,
2319 3548 2442 3599 ὅσον
2469 3547 2573 3617 πρὸ
2601 3547 2696 3598 τοῦ
2725 3545 3087 3614 συγγενέσθαι
3131 3546 3207 3614 τῷ
3257 3541 3455 3611 Παύλῳ
3475 3558 3489 3572 ·
3521 3539 3686 3593 τοῦτο

2110 3635 2166 3688 δὲ
2193 3635 2395 3703 ὀλίγον,
2425 3636 2522 3688 καὶ
2559 3628 2672 3688 οἷον
2699 3634 2817 3704 ὥρα
2851 3635 2968 3703 μία.
2993 3635 3158 3686 Ὥστε
3191 3633 3287 3686 καὶ
3309 3631 3418 3684 ἀπὸ
3437 3627 3531 3682 τοῦ
3559 3627 3681 3692 νῦν,

2111 3727 2160 3779 εί
2191 3726 2324 3793 ἐμοὶ
2354 3725 2606 3778 συνέσται
2645 3726 2971 3788 ἀποσταλεὶς
3003 3724 3156 3795 παρὰ
3195 3721 3312 3788 σοῦ,
3335 3719 3550 3789 λογίζου
3597 3719 3682 3771 σοι

2112 3820 2348 3874 συνεῖναι
2378 3820 2561 3874 αὐτόν.

2181 4001 2318 4054 Ἵνα
2355 3997 2595 4052 αἰώνιον
2651 3995 2837 4049 αὑτὸν
2894 3993 3142 4062 ἀπέχῃς.
3198 3989 3508 4056 Τουτέστιν,
3539 3988 3679 4040 ἀπο-

2109 4091 2297 4163 λαύῃς.

2173 4183 2386 4235 Οὐκέτι
2413 4181 2493 4245 ὡς
2520 4179 2766 4239 δοῦλον,
2787 4178 2925 4230 ἀλλ’
2954 4175 3106 4244 ὑπὲρ
3144 4174 3386 4236 δοῦλον,
3414 4170 3682 4239 ἀδελφὸν

2107 4270 2438 4340 ἀγαπητὸν,
2464 4267 2733 4336 μάλιστα
2762 4267 2912 4334 ἐμοὶ,
2945 4267 3114 4329 πόσῳ
3163 4263 3231 4317 δὲ
3275 4262 3516 4332 μᾶλλόν
3555 4276 3678 4323 σοι,

2109 4361 2208 4415 καὶ
2236 4362 2306 4412 ἐν
2335 4359 2512 4425 σαρκὶ
2551 4356 2648 4409 καί
2684 4356 2754 4409 ἐν
2809 4357 3023 4423 Κυρίῳ.
3073 4355 3216 4423 Πρὸς
3259 4353 3449 4416 πολλὰ,
3487 4349 3678 4418 φησὶν,

2106 4451 2390 4522 ὠφέλησεν
2443 4451 2476 4518 ἡ
2529 4448 2720 4517 φυγήο
2775 4448 2897 4501 ἀντὶ
2943 4449 3054 4514 γὰρ
3095 4444 3245 4515 ὧρας
3302 4446 3451 4513 μιᾶς,
3534 4442 3682 4510 ἔχεις

2109 4541 2271 4596 αὑτὸν
2300 4539 2542 4594 αἰώνιον.
2575 4539 2730 4593 Καὶό
2764 4539 2874 4599 πᾶς
2912 4537 3009 4607 μὲν
3034 4537 3144 4606 γὰρ
3172 4535 3285 4603 βίος
3327 4533 3422 4587 τοῦ
3468 4530 3682 4601 ἀνθρώ-

2109 4651 2235 4696 που,
2265 4633 2340 4694 ὡς
2374 4633 2513 4702 πρὸς
2541 4631 2634 4683 τὸν
2662 4629 2856 4694 αίῶνα,
2879 4629 3032 4682 οὐδέν
3071 4629 3186 4681 ἐστι
3207 4643 3221 4656 ο
3248 4626 3429 4696 πολλῷ
3452 4623 3508 4676 δὲ
3542 4622 3681 4693 μᾶλ-

2108 4727 2198 4778 λον
2229 4727 2256 4778 ό
2283 4727 2382 4794 τῆς
2413 4724 2591 4793 φυγῆς
2634 4724 2825 4794 καιρός
2849 4738 2860 4750 ·
2903 4721 2994 4774 καὶ
3051 4721 3172 4774 ἀντὶ
3201 4719 3388 4773 δούλου
3425 4717 3678 4784 ἀδελφὸν,

2108 4817 2228 4870 ἀντὶ
2265 4817 2538 4886 ἀχρήστου
2583 4813 2866 4883 ἀγαπητόν
2903 4829 2913 4841 ·
2944 4811 3040 4865 και
3080 4813 3150 4864 ἐν
3176 4811 3378 4876 σαρκὶ,
3403 4807 3677 4870 τουτέστι,

2109 4905 2202 4958 καὶ
2230 4905 2286 4956 ἐν
2313 4906 2429 4966 ταῖς
2461 4904 2754 4971 κοσμικαῖς
2789 4899 3120 4970 ὑπηρεσίαις
3149 4900 3300 4964 ἄξιον
3327 4896 3674 4965 ἀγαπᾶσθαι,

2110 4997 2186 5059 ὡς
2218 4996 2655 5064 θεραπευτικὸν,
2695 4995 2790 5047 καὶ
2843 4995 2906 5047 ἐν
2948 4992 3162 5060 Κυρίῳ,
3196 4991 3446 5044 τουτέστι
3490 4989 3586 5041 καὶ
3616 4989 3681 5041 έν

2103 5089 2224 5151 ταῖς
2249 5089 2660 5156 πνευματικαῖς.

2171 5180 2238 5232 Ei
2269 5175 2383 5234 οὖν
2420 5194 2491 5247 με
2547 5177 2704 5246 ἔχεις
2754 5175 3058 5236 κοινωνὸν,
3093 5170 3440 5239 προσλαϐοῦ
3490 5167 3682 5223 αὑτὸν

2105 5273 2186 5339 ὡς
2214 5270 2338 5341 ἐμέ.
2369 5268 2679 5329 Τουτέστιν,
2713 5267 2764 5320 εί
2795 5265 2864 5318 τὰ
2894 5265 3034 5317 αὐτὰ
3080 5281 3169 5334 μοι
3218 5265 3434 5334 φρονεῖν
3467 5261 3683 5331 ὡμολό-

2104 5381 2298 5433 γησας,
2335 5363 2410 5426 ὼς
2441 5360 2539 5432 ἐμὲ
2567 5358 2714 5422 δέξαι
2745 5357 2927 5411 αὑτόν.
2965 5355 3100 5410 Τίνα
3123 5356 3224 5409 οὐκ
3255 5356 3322 5409 ἂν
3358 5353 3677 5408 κατεδυσώ-

2105 5472 2282 5524 πησε;
2317 5453 2413 5517 Τίς
2455 5451 2563 5522 γὰρ
2606 5449 2707 5504 οὐκ
2755 5448 2821 5504 ἂν
2852 5447 3076 5520 ἐθέλησε
3127 5446 3341 5503 Παῦλον
3377 5444 3680 5519 προσδέξαο

2103 5547 2224 5600 σθαι
2241 5565 2268 5613 ;λ

1739 5659 1930 5722 Variae
1956 5658 2289 5722 lectiones.

499 5753 544 5784 ”
584 5751 662 5815 τῷ
692 5752 932 5822 δεσπότῃ
970 5774 1043 5813 In.
