4006 6214
349 367 450 430 181

1228 372 1632 432 EXPOSITIO
1665 374 1747 432 IN
1783 371 2022 431 EPIST.
2058 371 2156 430 AD
2195 371 2728 434 PHILEMONEM.

3503 378 3601 440 182

419 488 490 540 El
518 484 587 538 δέ
610 501 662 537 τι
681 485 998 552 ἠδίκησεν,
1030 485 1069 554 ἦ
1099 486 1350 554 ὀφείλει,
1383 488 1570 544 ταῦτα
1601 489 1730 558 ἐμοὶ
1755 490 1931 544 ἑλλέ-

2112 485 2275 542 Vsns.
2311 486 2396 541 l8.
2441 485 2504 540 Si
2533 497 2708 540 autent
2749 489 2950 557 aliquid
2987 490 3164 542 nocuit
3207 490 3322 554 tibi,
3381 500 3474 545 aut
3507 495 3600 546 de-

342 596 457 648 τιει.
482 570 787 638 οὐκεῐπεν,
821 574 1108 645 Ἔκλεψεν,
1140 576 1257 628 ἀλλ’
1282 577 1679 646 εὐφημότερον,
1712 579 1926 646 ἠδίκηο

341 683 486 730 cer,
521 665 560 732 ἣ
583 664 831 733 ὀφείλει.
875 662 1034 727 Εἰκὸς
1069 663 1177 734 γὰρ
1215 659 1282 735 ἦν
1325 666 1487 719 αὑτὸν
1540 666 1926 720 καταναλῶσαι

340 757 412 808 τὰ
439 753 740 808 κλαπέντα.
775 751 867 804 Διό
897 768 1084 821 φησιν,
1131 752 1292 823 Ἐμοὶ
1331 755 1413 818 εἰς
1447 754 1608 825 χρέος
1645 756 1805 808 τοῦτο
1833 755 1928 809 16-

340 861 519 912 γισαι,
537 842 638 912 ἐμὲ
669 841 760 911 ἔχε
797 841 1108 913 ὀφειλέτην.

412 1025 564 1092 Ἐγὼ
585 1022 826 1090 Παῦλος
858 1025 1092 1092 ἔγραψα
1138 1024 1214 1092 τῇ
1259 1025 1376 1098 ἐμῇ
1415 1028 1585 1096 χειρὶ,
1633 1028 1749 1096 ἐγὼ
1776 1029 1924 1083 ἀπο-

339 1117 510 1170 τίσω.
547 1114 861 1184 Χαριέντως
903 1114 1078 1168 ταῦτά
1109 1133 1242 1187 φησι
1271 1117 1287 1146 ¹
1311 1157 1327 1181 ,
1379 1120 1518 1187 μετὰ
1551 1120 1925 1188 πνευματικῆς

338 1210 561 1278 χάριτος
612 1209 861 1277 γράφων,
926 1209 1019 1261 καὶ
1073 1209 1273 1262 ὡσανεὶ
1323 1211 1480 1264 τοῦτο
1534 1212 1706 1279 λέγων
1733 1228 1745 1242 ’
1780 1215 1922 1283 Πρὸς

334 1297 641 1364 ἀσφάλειαν
689 1297 930 1359 πλείονα,
977 1300 1058 1351 ὃτι
1096 1300 1360 1354 ἀποδώσω
1413 1302 1433 1331 ¹
1461 1303 1521 1354 τὸ
1563 1303 1740 1373 χρέος,
1793 1305 1922 1357 ἰδιό-

331 1389 502 1457 χειρά
535 1405 623 1455 μοι
652 1389 719 1440 τὰ
748 1388 1072 1457 γράμμλτα.

410 1480 546 1533 ἰνα
560 1479 644 1546 μὴ
666 1479 840 1546 λέγω,
863 1481 949 1532 ὅτι
974 1481 1070 1533 καὶ
1088 1487 1456 1555 σεαυτόνμοι
1472 1488 1918 1554 προσοφείλεις.

337 1570 460 1622 Ἵνα
493 1569 572 1639 μὴ
597 1571 720 1640 δόξῃ
747 1570 934 1640 ῶσπερ
965 1573 1208 1644 ὑϐρίζειν
1251 1576 1342 1628 τὸν
1378 1579 1678 1647 Φιλήμονα,
1711 1581 1792 1632 ὅτι
1821 1581 1920 1633 οὐκ

334 1661 647 1732 ἐθάρρησεν
681 1661 820 1730 ὑπὲρ
850 1662 1056 1732 κλοπῆς
1077 1665 1289 1734 ἐτέρου,
1323 1669 1557 1736 οἰκέτου,
1611 1670 1794 1734 ἁπλῶς
1839 1671 1922 1724 οὖ-

335 1768 442 1815 τως
489 1752 818 1820 αἰτήσασθαι
862 1755 1047 1820 αὐτὸν,
1097 1755 1234 1809 ἀλλὰ
1271 1759 1364 1810 καὶ
1401 1759 1765 1830 χειρόγραφον
1819 1760 1920 1813 αὐ-

2031 576 2132 637 bet,
2181 576 2279 628 hoc
2320 576 2448 628 mihi
2481 576 2702 643 impula.
2750 575 2867 631 Non
2895 577 3052 642 dixit,
3091 578 3324 634 Furatus
3357 590 3462 645 est,
3505 584 3600 636 sed

2029 666 2176 735 quod
2210 665 2406 728 lenius,
2442 666 2647 730 nocuit,
2690 678 2785 718 aut
2812 665 2982 720 debet.
3016 666 3324 723 Verisimile
3365 661 3602 740 namque

2028 767 2147 812 erat
2170 757 2727 828 ipsuminsumpsisse
2757 773 2879 827 quae
2928 759 3238 828 sublegerat
3268 777 3284 826 ;
3318 770 3601 831 pr0ptelea

2023 849 2190 920 655
2211 849 2408 918 inquit,
2433 847 2547 903 Hoc
2571 848 2700 902 mihi
2721 863 2820 918 pro
2847 847 3034 903 debito
3062 847 3333 915 adscribe,
3362 865 3448 905 me
3465 851 3604 906 habe

2029 939 2357 991 debitorem.

2109 1027 2268 1083 Vens.
2313 1029 2400 1083 l9.
2450 1027 2559 1098 Ego
2583 1027 2788 1083 Paulus
2815 1030 3007 1099 scripsi
3035 1046 3148 1084 mea
3175 1046 3359 1094 manu,
3393 1048 3487 1102 ego
3519 1049 3602 1086 rc-

2027 1119 2273 1190 pendam.
2312 1121 2531 1176 Festive
2576 1121 2691 1176 haec
2742 1120 2897 1184 dicit,
2940 1137 3063 1176 cum
3113 1123 3384 1191 spirituali
3422 1125 3597 1194 gratia

2028 1213 2299 1276 scribens,
2339 1211 2564 1282 perinde
2593 1213 2749 1280 quasi
2783 1211 2969 1266 diu-at:
3000 1211 3102 1272 En.
3134 1213 3200 1267 ad
3230 1213 3488 1283 majorem
3516 1231 3603 1268 se-

2026 1306 2337 1366 curitatem,
2370 1303 2513 1372 quod
2540 1304 2784 1358 debitum
2819 1305 3147 1372 persolvant,
3175 1304 3598 1375 chirOgraphum

2026 1410 2206 1449 meum
2240 1395 2426 1450 habes.

2101 1484 2168 1538 Ut
2206 1502 2309 1538 non
2353 1486 2552 1548 dicam,
2595 1485 2734 1555 quod
2778 1497 2830 1540 et
2877 1487 3097 1552 leipsum
3146 1485 3276 1538 mihi
3307 1484 3484 1540 debes.
3527 1483 3605 1540 Ne

2026 1576 2276 1632 videatur
2329 1578 2496 1633 veluti
2550 1578 2882 1632 contumelia
2945 1578 3315 1630 Philemonem
3355 1577 3598 1638 allicere.

2024 1667 2173 1737 quod
2211 1667 2282 1722 ob
2336 1666 2542 1722 furtum
2593 1682 2622 1720 a
2675 1682 2833 1720 servo
2882 1667 3236 1719 commissum
3280 1667 3364 1720 sic
3412 1681 3604 1736 rogare

2027 1758 2204 1828 ipsum
2258 1759 2584 1826 simpliciter
2627 1775 2734 1813 non
2776 1774 2944 1813 ausus
2998 1757 3131 1818 fuit,
3169 1757 3273 1812 nisi
3320 1757 3604 1824 chirogra-

335 1842 413 1910 τῷ
444 1844 628 1895 ποιεῖ’
682 1844 840 1896 τοῦτο
870 1845 978 1914 γὰρ
1009 1845 1158 1916 ὠμόν
1189 1864 1308 1900 τινα
1338 1851 1430 1902 καὶ
1457 1849 1593 1918 πρὸς
1629 1849 1719 1901 τὸν
1742 1850 1920 1904 διδάσι

2044 1851 2196 1918 ;ihum
2227 1848 2512 1919 adiiceret,
2546 1850 2650 1904 hoc
2674 1852 2818 1904 enim
2858 1851 3164 1914 crudelem,
3209 1860 3260 1904 et
3296 1850 3446 1904 nullo
3475 1849 3604 1903 cha-

339 1933 506 1986 καλον
532 1934 880 2004 ἄσπλαγχνον
927 1935 1136 1989 ἐδείκνυ
1168 1937 1259 1989 τὸν
1305 1939 1602 2008 Φιλήμονα,
1649 1939 1922 2000 δείκνυσιν

334 2026 415 2078 ὅτι
462 2027 556 2078 καὶ
597 2025 801 2097 σφόδρα
833 2027 982 2096 αύτῷ
1025 2027 1237 2098 Θαρῤετ.
1287 2029 1361 2081 Οὐ
1395 2030 1555 2098 μόνον
1586 2031 1719 2100 γὰρ,
1755 2031 1918 2099 φησὶ,

338 2117 410 2167 τὰ
465 2117 551 2177 σὰ,
599 2115 740 2169 ἀλλὰ
789 2117 927 2186 πρὸς
967 2117 1177 2181 τούτοις
1207 2120 1300 2172 καὶ
1330 2120 1552 2174 σεαυτόν
1581 2135 1673 2189 μοι
1718 2135 1920 2192 προσο-

342 2205 573 2274 (petisse.

414 2297 547 2360 Nai,
568 2297 813 2366 ἀδελφέ,
839 2298 952 2366 ἐγώ
985 2312 1103 2353 σου
1132 2299 1388 2369 ὀναίμην
1405 2300 1477 2356 ἐν
1498 2301 1710 2370 Κυρίῳ.
1749 2297 1920 2354 uno;

339 2389 503 2442 πάλιν
535 2389 645 2442 ἀπὸ
690 2389 784 2442 τοῦ
824 2391 1104 2458 χαρίεντος
1143 2392 1238 2445 ἐπὶ
1266 2393 1326 2444 τὸ
1355 2393 1797 2462 σπουδαιότερον,
1829 2394 1924 2446 καὶ

339 2479 869 2550 παρακαλείρἜνὼ
900 2497 1039 2546 σου,
1072 2483 1259 2551 φησὶν,
1305 2482 1585 2551 ὀναίμῄν,
1621 2483 1924 2550 τουτέστιν,

339 2569 722 2636 ἀπολαύσαιμι
749 2569 858 2621 τῶν
897 2568 1005 2623 σῶν
1055 2571 1317 2640 χαρίτων,
1375 2572 1478 2624 οὐκ
1525 2574 1586 2624 ὲν
1639 2573 1926 2642 κοσμικοῖς

346 2662 696 2729 πράγμασιν,
727 2660 842 2714 ἀλλ’
884 2663 941 2714 ὲν
973 2663 1084 2722 τοῖς
1110 2661 1251 2714 κατὰ
1281 2662 1483 2733 Κύριον
1514 2670 1568 2717 ³.

415 2745 807 2802 ’Λνὰπαυσόν
847 2766 966 2816 μου
1026 2749 1099 2802 τὰ
1164 2750 1490 2818 σπλάγχνα
1543 2751 1613 2806 ἐν
1671 2752 1922 2820 Χριστῷ.

343 2835 690 2890 Ἀνὰπαυσόν
737 2855 860 2907 μου,
913 2839 1066 2909 φησι,
1103 2838 1201 2907 τὴν
1232 2838 1361 2907 περὶ
1390 2839 1447 2891 σὲ
1479 2839 1722 2907 ἀγάπην,
1761 2839 1794 2906 ἢ
1827 2839 1927 2910 τὴν

346 2947 420 2980 x1
431 2930 581 2995 ρόίαν
614 2947 709 2999 μου
744 2931 833 2984 διὰ
860 2933 950 2984 τὸν
989 2933 1244 3001 Χριστόν.
1285 2933 1399 2986 Οὐκ
1428 2933 1551 3001 ἐμοὶ
1574 2931 1682 3004 γὰρ
1705 2932 1803 3004 τὴν
1833 2932 1928 3003 χά-

347 3037 437 3089 ριν
464 3020 640 3084 δίδως,
691 3020 825 3074 ἀλλὰ
866 3021 946 3089 τῷ
972 3022 1212 3091 Χριστῷ.
1655 3061 1678 3070 ρ

423 3113 722 3178 Πεποιοὼς
763 3111 837 3180 τῇ
884 3112 1123 3182 ὑπακοῇ
1161 3130 1278 3168 σου
1303 3114 1536 3182 ἔγραψά
1560 3131 1678 3179 σοι,
1730 3114 1922 3180 εἰδὼς,

347 3201 443 3253 ὅτι
476 3201 571 3254 καὶ
599 3202 755 3271 ὑπὲρ
800 3202 832 3256 ὃ
876 3203 1053 3271 λέγω,
1103 3204 1399 3271 ποιήσεις.
1450 3206 1563 3258 Οὐκ
1606 3206 1927 3268 ἐπιτάττων,
1957 3184 2000 3242 c

353 3293 545 3360 φησὶν,
579 3293 702 3346 οὐδὲ
735 3293 1188 3362 αύϐαδιαζόμενος
1229 3294 1441 3365 ἔγραψά
1470 3311 1574 3357 σοι,
1633 3294 1767 3348 ἀλλὰ
1797 3294 1930 3364 θαρο

350 3383 463 3448 ῥῶν
491 3385 557 3452 τῇ
596 3383 812 3454 ὑπακοῇ
855 3399 971 3436 σου.
1023 3384 1182 3438 Ποῖον
1211 3384 1426 3455 σίδηρον
1468 3383 1638 3438 ταῦτα
1669 3385 1770 3437 οὐκ
1797 3384 1932 3454 ἐμά-

348 3472 523 3536 λαξεν
550 3491 565 3537 ;

432 3562 588 3631 Ἀμα
618 3564 686 3617 δὲ
705 3565 801 3618 καὶ
825 3565 1088 3634 ἑτοίμαζέ
1111 3584 1211 3635 μοι
1246 3566 1473 3631 ξενίαν.
1509 3566 1684 3635 Ὅπερ
1716 3554 1932 3628 ἴσωςᾶν

351 3656 656 3725 ὑπενόησεν
689 3660 717 3710 ὁ
742 3657 999 3728 Φιλήμων
1027 3661 1108 3711 ὅτι
1150 3660 1212 3711 Ei
1237 3657 1312 3728 μὴ
1340 3658 1424 3711 διὰ
1468 3658 1778 3727 Ὀνήσιμον,
1811 3657 1931 3709 οὐδὲ

350 3745 514 3812 λόγον
549 3764 616 3815 με
648 3747 825 3816 ἠξίου,
860 3749 1016 3801 τοῦτο
1042 3748 1136 3801 νῦν
1170 3747 1460 3815 θεραπεύει
1493 3748 1573 3800 ὅτι
1602 3748 1676 3799 Οὐ
1699 3747 1766 3799 δι’
1792 3748 1930 3798 ἐκεῖ·

353 3855 449 3891 νον
492 3839 653 3906 μόνον
681 3839 917 3908 ἔγραψα,
951 3840 1085 3892 om:
1129 3842 1220 3892 καὶ
1251 3839 1338 3892 διὰ
1374 3839 1530 3892 τοῦτο
1562 3837 1797 3907 ἔγραψα,
1831 3851 1933 3904 φη-

353 3929 466 3989 σὶν,
521 3928 607 3980 ἵνα
658 3928 953 3996 ὲτοιμὰσῃς
1025 3945 1113 3996 μοι
1160 3927 1360 3990 ξενίαν·
1414 3925 1531 3994 ἅμα
1571 3926 1626 3976 δὲ
1657 3924 1753 3977 καὶ
1788 3925 1935 3984 ὅπως

355 4019 593 4088 φοϐηθῇ,
627 4018 854 4086 ὅτιήξει
903 4021 931 4072 ὁ
978 4018 1320 4081 Ἀπόστολος,
1380 4017 1496 4082 καὶ,
1524 4015 1934 4082 καταγνώσεται

354 4107 548 4168 αὑτοῦ,
579 4109 628 4160 εἰ
653 4107 728 4178 μὴ
751 4107 1118 4180 παραδέξηται
1178 4107 1270 4160 τὸν
1316 4108 1628 4177 Ὀνήσιμον.

446 4288 695 4348 Ἑλπίζὶο
720 4289 831 4356 γὰρ
858 4288 944 4340 ὅτι
979 4288 1076 4341 διὰ
1105 4285 1226 4341 τῶν
1255 4288 1614 4357 προσευχῶν
1642 4286 1810 4356 ὑμῶν
1833 4303 1937 4355 χιιι

349 4381 728 4448 ρισθιξσομαι
761 4380 920 4447 ὑμῖν.
967 4380 1070 4432 Δύο
1091 4379 1263 4434 ταῦτα
1299 4379 1639 4450 μανθάνομεν
1671 4392 1686 4407 ⁸
1718 4378 1776 4430 ἓν
1812 4377 1932 4446 μὲν,

2029 1941 2208 1993 ritatis
2252 1939 2449 1994 all‘ectu
2501 1955 2629 2007 erga
2689 1947 3077 2009 praceptorem
3130 1955 3290 1994 suum
3332 1938 3603 1992 imbutum

2025 2028 2400 2084 Philemonem
2456 2028 2756 2094 indicaret,
2802 2028 3046 2083 ostendit
3081 2030 3194 2096 jam
3249 2026 3393 2097 quod
3432 2027 3603 2096 pluri-

2025 2135 2173 2174 mum
2203 2121 2252 2173 ei
2279 2119 2542 2174 conﬁdat.
2582 2118 2698 2173 Non
2733 2120 2910 2173 solum
2940 2120 3086 2174 enim
3119 2127 3233 2180 tua,
3278 2117 3475 2186 inquit,
3509 2131 3602 2170 rc-

2025 2225 2146 2265 rum
2177 2211 2340 2265 etiam
2367 2211 2598 2279 teipsum
2627 2211 2851 2279 insuper
2884 2209 3016 2263 mihi
3049 2209 3232 2263 debes.

2097 2297 2266 2352 Vens.
2298 2300 2388 2354 20.
2427 2298 2540 2363 Ita,
2574 2300 2761 2368 frater,
2802 2315 2894 2369 ego
2931 2307 2978 2352 te
3005 2297 3160 2363 fruar
3190 2297 3242 2348 in
3280 2295 3521 2349 Domino.
3561 2295 3602 2345 Δ

2027 2387 2239 2442 festivis
2273 2389 2456 2444 verbis
2492 2389 2605 2456 jam
2661 2389 2728 2441 ad
2777 2389 3025 2458 graviora
3057 2387 3220 2452 redit,
3252 2393 3306 2440 ct
3333 2386 3604 2440 obsecrat.

2029 2477 2142 2547 Ego
2185 2477 2483 2546 te,inquit,
2525 2477 2699 2544 fruar,
2739 2477 2841 2530 hoc
2875 2483 2980 2539 est,
3031 2474 3116 2528 fac
3165 2489 3352 2544 quaaso
3401 2481 3460 2527 ut
3493 2472 3606 2527 tuis

2026 2567 2308 2623 beneﬁciis
2330 2569 2602 2636 perfruar,
2640 2582 2746 2620 non
2778 2568 2830 2620 in
2863 2565 3157 2620 mundanis
3204 2564 3389 2630 rebus,
3429 2561 3522 2618 sed
3549 2562 3605 2615 in

2027 2658 2095 2713 iis
2123 2672 2247 2726 qua:
2281 2657 2348 2711 ad
2379 2656 2668 2710 Dominum
2711 2663 2982 2725 spectant.

2099 2749 2275 2817 Reﬁce
2317 2749 2523 2802 uiscera
2586 2763 2701 2800 mea
2756 2749 2809 2800 in
2849 2745 3084 2802 Christo.
3143 2745 3609 2801 Refocillamcam

2027 2855 2156 2909 erga
2188 2848 2239 2892 te
2274 2838 2622 2900 charitatem.
2664 2839 2864 2905 inquit,
2900 2839 2979 2892 vel
3027 2853 3123 2890 cor
3171 2851 3349 2891 meum
3389 2846 3608 2906 propter

2027 2931 2333 2986 Christum.
2367 2927 2483 2983 Non
2517 2927 2815 2981 mihienim
2851 2927 3178 2982 beneﬁcium
3213 2925 3487 2995 impertis,
3512 2926 3608 2980 scd

2025 3023 2268 3078 Christo.

2106 3112 2267 3167 Vens.
2309 3110 2398 3166 2i.
2439 3109 2722 3179 Conﬁdens
2762 3109 3073 3164 obedientiw
3124 3118 3228 3164 tua:
3258 3105 3448 3175 scripsi
3484 3106 3576 3159 tibi
3590 3143 3605 3168 ,

2033 3203 2204 3258 sciens
2232 3199 2371 3270 quod
2415 3209 2464 3254 et
2501 3216 2658 3270 super
2689 3199 2744 3253 id
2782 3198 2920 3270 quod
2951 3200 3089 3261 dico,
3121 3198 3309 3267 facies.
3353 3196 3471 3250 Non
3503 3195 3606 3249 tibi

2035 3291 2336 3361 imperans,
2369 3291 2568 3360 inquit,
2593 3305 2693 3344 nec
2720 3289 2852 3343 mihi
2870 3289 3160 3358 quicquam
3187 3301 3472 3356 arrogans,
3497 3285 3611 3338 hanc

2035 3381 2234 3450 scripsi
2286 3380 2406 3445 tibi,
2458 3382 2554 3434 sed
2596 3378 2881 3434 conlidens
2911 3378 3237 3434 obedientia:
3272 3387 3398 3433 tuae.
3437 3375 3617 3442 Quale

2035 3469 2241 3525 ferrum
2275 3472 2390 3525 haec
2413 3486 2518 3524 non
2552 3469 2858 3524 emollireul
2885 3469 2909 3522 ?

2107 3561 2271 3616 Vens.
2302 3561 2393 3616 22.
2442 3560 2616 3614 Simul
2655 3569 2831 3614 autem
2863 3569 2911 3614 et
2951 3576 3085 3628 para
3128 3558 3254 3611 mihi
3301 3556 3610 3623 hospitium.

2035 3652 2194 3717 Quod
2237 3652 2505 3720 suspicari
2541 3651 2806 3720 potuisset
2855 3650 3137 3704 Philemon
3165 3664 3180 3702 :
3207 3647 3326 3704 Nisi
3366 3645 3611 3703 Onesimi

2036 3757 2201 3797 causa
2242 3743 2580 3812 scripsisses,
2630 3758 2698 3796 ne
2740 3741 2907 3795 verbo
2961 3741 3178 3808 quidem
3222 3755 3309 3793 me
3358 3738 3616 3807 dignatus

2035 3848 2188 3887 esses
2216 3849 2231 3897 ;
2268 3833 2394 3886 huic
2433 3832 2546 3900 jam
2593 3832 2862 3896 medetur,
2915 3830 3171 3899 inquiens
3203 3845 3216 3881 :
3247 3828 3360 3882 Non
3393 3835 3614 3896 propter

2037 3924 2188 3978 illum
2235 3922 2616 3977 tantummodo
2647 3921 2869 3990 scripsi,
2901 3921 2996 3975 sed
3044 3935 3162 3972 eam
3195 3921 3357 3973 etiam
3389 3916 3464 3970 ob
3498 3930 3612 3967 rem

2038 4014 2258 4084 scripsi,
2309 4023 2366 4067 ut
2394 4029 2554 4082 pares
2585 4012 2716 4065 mihi
2757 4011 3054 4081 hospitium
3084 4026 3098 4072 ;
3135 4008 3296 4063 simul
3344 4015 3524 4060 autem
3552 4012 3616 4058 ut.

2038 4111 2332 4166 terreatur,
2389 4103 2520 4172 quia
2551 4102 2847 4170 Apostolus
2893 4101 3094 4163 veniet,
3128 4097 3392 4165 illumque
3424 4110 3622 4164 τουτο--

2041 4197 2262 4258 hendet,
2298 4195 2404 4249 nisi
2436 4193 2755 4248 Onesimum
2785 4190 3067 4257 receperit.

2112 4287 2274 4355 Spero
2321 4295 2499 4338 autem
2541 4282 2678 4354 quod
2718 4297 2810 4350 per
2840 4280 3107 4333 orationes
3141 4287 3344 4331 vestras
3375 4273 3617 4328 douabur

2041 4377 2204 4431 vobis.
2243 4375 2356 4428 Duo
2380 4375 2493 4427 haec
2526 4371 2792 4426 discimus
2823 4388 2836 4424 :
2870 4370 3125 4433 alterum,
3150 4365 3295 4436 quod
3319 4366 3391 4420 sit
3421 4365 3614 4434 ingens

358 4473 446 4523 ὅτι
478 4470 648 4541 πολλὴ
682 4473 714 4542 ή
739 4473 846 4524 τῶν
875 4472 1048 4542 εὐχῶν
1079 4472 1329 4540 δύναμις,
1361 4473 1476 4539 εἴγε
1503 4473 1597 4525 καὶ
1629 4474 1656 4524 ό
1684 4471 1931 4540 τηλικοῦ·

2044 4468 2351 4521 orationum
2387 4465 2584 4528 virtus,
2620 4461 2890 4533 siquidem
2915 4460 3118 4515 Paulus
3153 4457 3276 4513 talis
3321 4464 3616 4524 tantusque

363 4579 452 4623 τος
492 4561 701 4624 Παῦλος
725 4563 891 4616 δεῖται
923 4564 1021 4632 τῆς
1050 4565 1114 4616 ὲκ
1140 4564 1346 4617 τούτων
1386 4563 1636 4634 βοηθείας
1661 4579 1672 4591 °
1704 4565 1794 4616 καὶ
1822 4563 1940 4616 ’ἐτε-

367 4671 458 4723 ρον
490 4653 568 4714 δὲ,
611 4655 693 4707 ὅτι
743 4655 823 4707 δεῖ
853 4659 1313 4726 ταπεινοφρονεῖν,
1359 4656 1475 4724 εἴγε
1524 4659 1552 4709 ό
1580 4654 1785 4718 Παῦλος
1832 4655 1941 4708 τῶν

362 4743 540 4810 εὐχῶν
576 4743 688 4796 τῶν
738 4745 992 4816 μαθητῶν
1025 4746 1236 4816 χρῄζει.

452 4834 802 4894 Ἀσπάζεταί
823 4853 895 4889 σε
917 4836 1220 4905 Ἐπαφρᾶς
1247 4841 1280 4891 ὁ
1303 4837 1799 4906 συναιχμάλωτός
1820 4855 1939 4907 μου

371 4926 439 4977 ἐν
460 4927 694 4994 Χριστῷ
723 4927 950 4995 Ἰησοῦ.
981 4922 1147 4992 Οὗτος
1175 4931 1202 4981 ὁ
1245 4930 1526 4999 Ἐπαφρᾶς
1551 4929 1701 4998 παρὰ
1731 4928 1940 4981 Κολασ-

373 5017 548 5069 σαέων
577 5014 646 5088 ἦν
676 5020 1000 5082 ἀποσταλεὶς
1031 5020 1164 5089 πρὸς
1206 5020 1416 5073 Παῦλον
1444 5037 1456 5052 ο
1505 5020 1644 5073 ὥστε
1687 5017 1826 5073 εἶναι
1851 5019 1943 5089 δῆ-

369 5108 484 5171 λον,
516 5109 599 5161 ὅτι
627 5110 734 5161 ἀπὸ
771 5110 1128 5163 Κολασσαέων
1159 5107 1227 5180 ἦν
1276 5113 1303 5162 ὁ
1326 5111 1599 5181 Φιλήμων.
1635 5109 1937 5180 Συναιχμάο

372 5199 546 5260 λῳτον
574 5200 630 5251 δὲ
664 5199 828 5252 αὑτὸν
853 5200 1026 5260 καλεῖ,
1067 5200 1279 5262 δεικνὺς
1321 5202 1400 5252 ὅτι
1445 5201 1540 5253 καὶ
1574 5200 1858 5269 Ἐπαφρᾶς
1890 5202 1947 5251 ἐν

377 5286 544 5356 πολλῇ
573 5288 747 5356 θλίψει
777 5289 912 5351 ἐστὶ,
956 5290 1047 5340 καὶ
1081 5288 1168 5340 διὰ
1185 5289 1344 5341 τοῦτο
1370 5290 1642 5359 ἐντρέπων
1677 5289 1766 5341 τὸν
1789 5288 1950 5356 Φιλή-

380 5394 542 5446 μονα,
596 5381 711 5445 εῖγέ
746 5382 950 5442 ἐκεῖνος
1007 5379 1106 5448 μὲν
1154 5379 1248 5432 καί
1289 5377 1678 5448 συγκακοπαθῇ
1731 5375 1945 5445 Παύλῳ,

371 5469 541 5532 αὐτὸς
563 5469 618 5522 δὲ
648 5469 768 5523 οὐδὲ
793 5469 892 5540 τὴν
929 5469 1022 5522 ἐπὶ
1058 5470 1350 5540 Ὀνησιμου
1394 5469 1554 5540 χάριν
1591 5467 1814 5538 παρέξει
1846 5467 1948 5520 αύ-

2047 4558 2261 4611 illarum
2302 4569 2403 4622 ope
2445 4553 2718 4623 indigeat;
2765 4552 3020 4614 alterum,
3060 4547 3204 4617 quod
3231 4555 3480 4616 oporteat
3515 4559 3618 4597 nos

2046 4629 2233 4700 humili
2261 4662 2382 4700 esse
2414 4647 2633 4714 spiritu,
2662 4643 3110 4714 quandoquidem
3139 4639 3344 4694 Paulus
3369 4638 3614 4705 discipu-

2040 4740 2216 4793 lorum
2252 4737 2505 4806 precibus
2541 4743 2716 4806 egeat.

2113 4831 2282 4885 Vsus.
2309 4830 2398 4883 ΞΒ.
2441 4827 2660 4883 Salutat
2703 4838 2751 4881 te
2783 4827 3063 4895 Epaphras
3108 4825 3444 4891 concaplivus
3475 4837 3616 4874 meus

2041 4925 2096 4979 in
2120 4923 2331 4977 Christo
2356 4919 2503 4975 Iesu.
2542 4918 2650 4976 Iste
2696 4917 2978 4987 Epaphras
3011 4932 3040 4970 a
3078 4915 3503 4972 Colossensibus
3547 4912 3614 4967 ad

2040 5015 2273 5068 Paulum
2307 5011 2511 5066 missus
2556 5015 2694 5063 erat.
2729 5007 2911 5072 Quare
2952 5006 3177 5072 planum
3223 5011 3308 5060 est
3340 5003 3618 5059 Philemo-

2042 5122 2166 5161 nem
2215 5105 2599 5158 Colossensem
2652 5100 2843 5154 fuisse.
2883 5098 3276 5167 Concaptivum
3312 5107 3491 5149 autem
3524 5109 3636 5159 aps

2045 5197 2227 5266 pellat,
2263 5194 2561 5248 ostendens
2605 5191 2910 5260 Epaphram
2951 5191 3114 5242 etiam
3163 5189 3216 5242 in
3252 5186 3419 5239 multa
3469 5182 3608 5234 allii-

2047 5287 2228 5340 ctione
2257 5299 2400 5346 esse,
2429 5298 2492 5338 ac
2522 5291 2812 5354 prapterea
2853 5281 3110 5334 ruborem
3147 5273 3452 5331 Philemoni
3491 5272 3617 5337 inji-

2055 5378 2150 5441 cit,
2183 5374 2450 5446 siquidem
2474 5367 2521 5431 is
2549 5391 2670 5431 cum
2696 5373 2865 5429 Paulo
2898 5371 3168 5441 allligitur,
3194 5369 3310 5437 ipse
3343 5373 3522 5419 autem
3553 5380 3623 5416 ne

2058 5465 2300 5524 Onesimi
2347 5467 2566 5538 quidem
2624 5465 2844 5522 nomine
2873 5463 2922 5518 ci
2953 5459 3182 5530 obsequi
3219 5455 3371 5515 velit.
3407 5454 3620 5511 Concav-

1726 5647 1922 5711 Variw
1953 5643 2283 5710 lectiones.

466 5759 478 5787 ‘
510 5755 656 5825 λέγει
690 5772 745 5812 o.
860 5755 1225 5828 ’ἁποτίσωα
1307 5751 1326 5785 ³
1349 5749 1480 5808 Θεὸν
1509 5766 1563 5809 0.
