4006 6214
409 332 512 398 183

1280 346 1290 352 ·
1359 331 1935 393 THEOPHYLAG'I‘I
1966 336 2373 396 BULGARUE
2405 339 2760 398 ARCHIEP.

3555 331 3656 399 1'84

403 445 595 514 ptivus
627 439 794 513 646
824 448 1009 496 autem
1041 448 1148 507 est,
1193 441 1392 510 inquit,
1421 457 1531 496 non
1572 442 1644 498 ob
1679 443 1975 499 humanum

2089 447 2187 517 τῷ.
2215 448 2664 518 Συνσ-ιχμάλωτος
2687 450 2742 504 δέ
2770 452 2908 514 ἐστι,
2936 450 3119 519 φησιν,
3155 449 3216 502 οὐ
3249 449 3338 502 διά
3373 466 3423 501 τι
3456 447 3665 518 ἀνθρώ·

402 535 687 604 quiddam,
723 533 818 588 sed
869 541 1093 602 propter
1140 531 1416 590 Christum
1451 531 1663 602 Iesum,
1694 536 1975 608 Evangelii

402 625 626 681 nomine
656 623 886 678 adversa
915 623 1248 692 perpetiens.

476 716 638 769 Vsus.
665 713 757 766 24.
801 711 1044 778 Marcus,
1093 712 1462 781 Aristarchus,
1508 718 1723 784 Demas,
1777 719 1971 786 Lucas,

403 808 677 874 adjutores
703 806 824 864 mei.
857 807 1060 864 Detnas
1095 809 1330 878 primum
1367 810 1600 880 insignis
1625 822 1762 877 erat,
1787 820 1975 882 utpote

404 898 494 950 cui
542 897 645 951 hoc
693 895 1071 951 testimonium
1126 897 1216 952 hic
1272 899 1633 968 adscribitur,
1691 903 1838 972 quod
1902 904 1976 957 sit

405 989 558 1042 Pauli
587 987 807 1056 adjutor
837 1003 851 1039 :
879 996 1067 1057 postea
1093 1004 1222 1044 vero
1260 991 1333 1046 ad
1360 991 1633 1062 ignaviam
1667 994 1917 1062 relapsus
1942 1010 1972 1048 a

400 1077 574 1130 Paulo
627 1077 878 1143 descivit,
934 1077 1161 1147 perinde
1207 1094 1272 1135 ac
1314 1081 1368 1134 in
1400 1080 1642 1150 Epistola
1686 1081 1757 1136 ad
1784 1082 1970 1138 Timo-

403 1169 588 1222 theum
621 1167 827 1224 Paulus
861 1169 1079 1234 scribit,
1109 1187 1230 1240 quae
1259 1172 1450 1241 procul
1473 1171 1639 1228 dubio
1665 1173 1768 1230 hac
1791 1185 1975 1246 poste-

401 1257 515 1310 rior
543 1265 666 1312 est:
699 1255 895 1310 Demus
933 1259 1072 1312 enim
1109 1274 1190 1312 me
1223 1259 1458 1328 reliquit,
1491 1259 1668 1316 Lucas
1712 1273 1790 1318 est
1827 1263 1972 1320 solus

402 1363 605 1400 mecum
634 1348 726 1401 η’.
762 1347 864 1413 Qui
898 1348 1062 1417 igitur
1091 1357 1401 1419 postremus
1421 1350 1510 1405 hic
1537 1353 1834 1410 collocatur
1862 1357 1974 1412 Lu-

401 1450 520 1499 cas,
559 1437 769 1505 primus
791 1437 1008 1492 tandem
1029 1439 1275 1493 omnium
1299 1438 1479 1496 factus
1503 1451 1610 1508 est,
1633 1460 1755 1500 cum
1779 1445 1972 1503 Demas

404 1525 719 1582 defecisset.
756 1529 906 1584 Adeo
934 1544 1042 1587 non
1076 1542 1296 1600 oportet
1343 1535 1656 1604 quempiam
1697 1537 1974 1595 conlidere

401 1619 531 1684 sibi,
562 1619 657 1674 sed
680 1619 771 1688 qui
798 1627 928 1684 stat,
957 1620 1137 1675 videat
1171 1637 1239 1676 ne
1263 1623 1444 1681 cadat.
1470 1625 1606 1680 Cum
1631 1627 1765 1682 istos
1791 1631 1974 1700 appelo

403 1706 475 1757 lat
503 1705 872 1774 coadjutores,
912 1707 1153 1762 ostendit
1209 1709 1355 1778 quod
1391 1711 1482 1765 lsti
1524 1714 1687 1768 etiam
1722 1732 1829 1770 una
1865 1734 1976 1774 me-

402 1807 528 1846 cum
552 1802 767 1863 rogant,
796 1810 861 1850 ac
887 1803 966 1850 tot
1005 1797 1280 1866 tantisque
1313 1800 1510 1855 merito
1539 1804 1838 1871 gratiﬁcari
1879 1808 1979 1862 de-

403 1881 520 1936 bes.
575 1883 980 1941 Animadvertis
1020 1894 1289 1956 quantum
1339 1890 1514 1946 simus
1565 1893 1738 1962 adjuti
1771 1910 1835 1950 ex
1876 1897 1979 1952 hac

403 1988 527 2041 qua:
606 1974 788 2031 brevis
859 1984 914 2032 et
974 1980 1267 2049 perspicua
1343 1983 1626 2038 videbatur
1690 1985 1978 2056 Epistola?

405 2064 642 2120 Proinde
669 2067 855 2124 nullus
890 2066 1188 2138 Scriptura:
1224 2069 1379 2128 locus
1423 2073 1797 2144 inexploratus
1835 2094 1976 2148 pra:-

403 2157 792 2213 termittendus
848 2167 954 2223 est,
990 2175 1180 2214 verum
1222 2175 1286 2215 ex
1320 2163 1601 2230 omnibus,
1648 2174 1706 2221 ut
1738 2184 1861 2239 quae
1883 2187 1978 2240 per

406 2245 674 2315 Spiritum
705 2248 816 2303 sint
849 2258 1128 2314 enarrata,
1165 2252 1472 2320 spiritualis
1493 2257 1743 2326 ‘quidam
1779 2275 1976 2319 sensus

409 2337 776 2406 inquirendus
803 2347 910 2396 est.
938 2340 1256 2398 Paracletus
1283 2355 1462 2400 autem
1497 2348 1592 2417 qui
1627 2349 1734 2406 ista
1760 2351 1980 2409 locutus

405 2433 528 2489 est,
598 2427 667 2482 iis
721 2430 814 2497 qui
864 2437 1011 2485 recte
1075 2441 1326 2501 quaerunt
1393 2436 1682 2504 quaesitum
1735 2439 1979 2499 invenire

405 2519 632 2574 omnino
679 2519 849 2580 dabit.
878 2523 921 2574 Α
965 2537 1080 2592 quo
1122 2532 1178 2579 et
1211 2539 1312 2580 nos
1351 2524 1665 2594 illuminati,
1699 2530 1766 2586 ad
1807 2531 1976 2588 divini

407 2626 533 2664 cum
580 2611 734 2666 verbi
780 2621 892 2666 tum
943 2613 1070 2668 vitae
1117 2616 1404 2672 veritatem
1439 2633 1654 2688 semper
1687 2620 1974 2691 ducamur,

408 2717 587 2770 neque
631 2702 786 2758 vanis
817 2703 1166 2773 Opiniouibus
1203 2706 1430 2774 subditi,
1480 2723 1659 2778 neque
1688 2714 1976 2771 mendacio

410 2789 707 2858 voluptatis
753 2791 1046 2848 mundanae
1093 2794 1325 2850 inescati
1353 2814 1368 2852 :
1392 2807 1449 2853 et
1484 2800 1579 2867 qui
1607 2803 1750 2856 servi
1781 2819 1974 2863 sumus

408 2894 510 2934 nos
555 2880 705 2950 ipsos
754 2897 852 2951 per
885 2881 1044 2939 ﬁdem
1080 2893 1135 2940 et
1165 2886 1418 2942 virtutem
1463 2891 1729 2957 ingenuos
1778 2896 1976 2952 redda-

413 2985 538 3025 mus
569 2988 582 3025 :
621 2971 829 3026 domini
857 2987 1008 3040 vero,
1038 2989 1161 3029 cum
1205 2991 1398 3034 servos
1443 2990 1666 3038 nostros
1693 2985 1974 3045 videamus

412 3067 634 3116 sanctos
657 3067 712 3116 et
738 3063 1035 3133 apostolos,
1069 3065 1390 3125 studeamus
1411 3085 1520 3125 non
1559 3073 1734 3131 multo
1759 3075 1974 3148 ignobi-

413 3150 580 3204 liores
626 3149 735 3208 illis
780 3152 1015 3210 inveniri
1047 3156 1101 3211 in
1144 3173 1311 3226 regno
1356 3161 1592 3229 Domini,
1625 3165 1716 3234 qui
1757 3177 1976 3238 propter

414 3255 516 3296 nos
555 3242 720 3296 etiam
761 3259 951 3302 servus
973 3251 1248 3318 apparuit,
1281 3250 1487 3309 Christi
1507 3257 1619 3310 veri
1646 3256 1738 3312 Dei
1775 3262 1976 3317 nostri.

2060 555 2262 605 νπινον,
2292 538 2428 592 ἀλλὰ
2465 540 2552 594 διὰ
2603 541 2696 594 τὸν
2725 539 2962 610 Χριστὸν
3033 541 3261 608 Ἰησοῦν,
3307 555 3660 606 συγκακοπα-

2085 628 2194 680 θῶν
2220 629 2362 699 ὑπὲρ
2393 629 2487 682 τοῦ
2514 629 2863 698 Εὐαγγελιου.
2891 690 2896 692 _

2148 716 2411 785 Μάρκος,
2441 719 2850 788 Ἀρίσταρχος,
2890 718 3111 788 Δημᾶς,
3141 717 3398 784 Λουκᾶς,
3427 721 3486 772 οἱ
3511 735 3664 772 συνο

2079 809 2240 875 εργοί
2259 827 2398 878 μου.
2434 811 2492 864 '0
2525 813 2714 881 Δημᾶς
2743 814 2842 883 τὴν
2879 813 2988 883 μὲν
3029 813 3203 882 ἀρχὴν
3248 811 3530 881 εὐδόκιμος
3571 807 3663 881 ἦν,

2078 899 2364 968 ὡσπεροῦν
2393 901 2486 953 καὶ
2513 901 2749 955 ἐνταῦθα
2775 905 3136 974 μαρτυρεῖται
3171 904 3246 966 ὡς
3276 902 3490 956 Παύλου
3527 920 3657 955 συν-

2076 989 2266 1060 εργόςο
2307 990 2531 1062 ὕστερον
2566 993 2622 1046 δὲ
2658 994 2980 1065 meum”;
3019 994 3230 1061 ἀπέστη
3282 994 3377 1047 τοῦ
3426 993 3662 1056 Παύλου,

2079 1081 2269 1152 ὥσπερ
2297 1081 2360 1154 δὴ
2388 1083 2483 1136 καὶ
2525 1085 2584 1138 ἐν
2632 1087 2697 1154 τῇ
2730 1085 2866 1155 πρὸς
2896 1085 3162 1153 Τιμόθεον
3198 1084 3482 1152 Ἐπιστολῇ
3518 1083 3662 1153 γρά-

2078 1190 2166 1242 φει
2197 1172 2428 1240 Παῦλος,
2468 1173 2670 1245 ὑστέρᾳ
2706 1175 2988 1247 προδήλως
3027 1174 3232 1245 ταύτης
3274 1172 3433 1244 οῠσῃο
3464 1171 3665 1241 Δημᾶς

2076 1264 2188 1333 γάρ
2208 1281 2284 1333 με
2311 1265 2687 1334 ἐγκατέλιπε,
2718 1266 2956 1333 Λουκᾶς
2981 1267 3113 1321 ἐστι
3137 1265 3325 1336 μόνος
3341 1264 3462 1332 μετ’
3488 1263 3660 1332 ἐμοῦ.

2089 1344 2146 1411 Ὀ
2170 1357 2475 1420 τελευταῖος
2502 1353 2595 1412 οῦν
2636 1359 2868 1413 ἐνταῦθα
2913 1359 3137 1430 ταχθεὶς
3187 1359 3422 1420 Λουκᾶς,
3469 1358 3662 1425 γέγονε

2078 1447 2293 1516 πρῶτος
2334 1447 2573 1513 πάντως,
2604 1449 2700 1502 τοῦ
2746 1451 2915 1520 Δημᾶ
2965 1449 3322 1511 ἀποστάντος.
3364 1446 3549 1510 Οὕτως
3593 1447 3658 1500 οῦ

2075 1539 2157 1593 δεῖ
2179 1555 2300 1592 τινα
2327 1536 2550 1610 Θαρῤεῖν
2580 1540 2782 1611 ἑαυτῷ,
2823 1541 2960 1596 ἀλλὰ
2973 1541 3064 1595 τὸν
3093 1540 3382 1610 ἱστάμενον
3415 1538 3658 1609 βλέπειν,

2081 1630 2154 1699 μὴ
2183 1630 2348 1706 πέσῃ.
2377 1632 2662 1703 Συνεργοῖ
2691 1632 2747 1685 δὲ
2781 1631 2970 1699 εἰπὼν,
2999 1633 3270 1686 δείκνυσιν
3309 1631 3390 1685 ὅτι
3422 1629 3534 1684 Καὶ
3564 1622 3662 1682 οῦ-

2083 1737 2166 1774 τοι
2197 1724 2293 1776 σὺν
2312 1725 2436 1792 ἐμοὶ
2473 1722 2853 1795 παρακαλοῦσί
2879 1741 2961 1789 σε,
3006 1724 3102 1777 καὶ
3144 1723 3292 1789 ἄξιος
3314 1721 3380 1778 ἂν
3405 1719 3523 1791 εἴης
3543 1717 3665 1772 δοῦ-

2018 1794 2057 1848 B
2085 1829 2174 1866 ναι
2212 1818 2325 1878 τοῖς
2354 1794 2628 1878 τοσούτοις
2670 1814 2769 1886 τὴν
2795 1814 2975 1886 χάριν.
3021 1815 3190 1885 Ὀρᾷς
3229 1813 3371 1866 πόσα
3416 1808 3662 1880 ὠφελού-

2083 1905 2224 1972 μεθα
2258 1908 2322 1958 ὲκ
2361 1908 2461 1976 τῆς
2501 1906 2757 1976 βραχείας
2785 1906 2994 1976 ταύτης
3034 1907 3128 1958 καὶ
3166 1902 3371 1973 σαφοῦς
3401 1900 3665 1971 δοκούσης

2093 1998 2414 2069 Ἐπιστολῆς
2435 2015 2452 2065 ;
2486 1998 2670 2062 Οὕτως
2699 1998 2806 2068 ἄρα
2822 1999 2981 2052 ὀὐδὲν
3005 1998 3112 2050 τῶν
3139 1997 3238 2068 τῆς
3263 1996 3484 2068 Γραφῆς
3506 1992 3664 2058 ἀνεξ-

2081 2092 2304 2145 έταστον
2327 2092 2408 2144 δεῖ
2431 2092 2776 2156 καταλιπεῖν,
2831 2091 2946 2144 ἀλλ’
2979 2093 3042 2144 ὲκ
3087 2091 3323 2149 πάντων,
3381 2088 3456 2150 ὡς
3495 2086 3664 2140 Πνεῦ-

2081 2200 2214 2252 ματι
2245 2182 2608 2252 λαληθέντων,
2654 2183 2936 2253 ἐπιζητεῖν
2975 2180 3343 2252 πνευματικόν
3371 2196 3491 2234 τινα
3529 2178 3660 2232 νοῦν

2078 2276 2174 2328 καὶ
2220 2273 2512 2342 ὠφέλιμον.
2555 2275 2780 2337 Πάντως
2822 2274 2879 2327 δὲ
2905 2276 2933 2327 ὁ
2972 2272 3145 2326 ταῦτα
3197 2271 3436 2342 λαλήσας
3470 2270 3658 2339 Παρά-

2079 2365 2275 2435 κλητος
2295 2363 2455 2417 δώσει
2483 2367 2598 2428 τοῖς
2621 2364 2803 2428 καλῶς
2826 2363 3049 2434 ζητοῦσι
3071 2362 3168 2416 τοῦ
3195 2361 3528 2432 ζητουμένου
3557 2362 3657 2430 τὴν

2077 2453 2316 2524 εὕρεσιν.
2358 2453 2478 2522 Ὑφ’
2498 2445 2560 2507 οὗ
2592 2455 2686 2508 καὶ
2715 2456 2876 2524 ἡμεῖς
2909 2452 3290 2522 φωτιζόμενοι.
3329 2448 3659 2521 ὀδηγοίμεθα

2075 2547 2162 2600 ἀεὶ
2196 2546 2333 2617 πρὸς
2355 2545 2454 2615 τὴν
2475 2547 2734 2617 ἀλήθειαν
2755 2546 2846 2600 τοῦ
2873 2547 3016 2600 κατὰ
3042 2545 3176 2600 Θεὸν
3203 2545 3366 2614 λόγου
3394 2545 3487 2598 καὶ
3509 2544 3651 2614 βίου,

2080 2638 2217 2706 μήτε
2249 2636 2618 2706 ψευδοδοξίαις
2649 2637 3007 2708 ὑπαγόμενοι,
3055 2638 3194 2708 μήτε
3223 2637 3300 2708 τῷ
3329 2635 3514 2706 ψεύδει
3552 2635 3655 2703 τῆς

2075 2725 2168 2780 τοῦ
2203 2726 2408 2796 κόσμου
2457 2727 2650 2798 ἡδονῆς
2695 2728 3070 2799 δελεαζόμενοι
3101 2747 3117 2762 ·
3159 2730 3252 2783 καὶ
3297 2728 3351 2782 οἴ
3384 2746 3442 2781 τε
3476 2726 3654 2781 δοῦλοι

2079 2817 2306 2880 ἑαυτοὺς
2344 2816 2435 2869 διὰ
2475 2816 2574 2887 τῆς
2615 2817 2851 2881 πίστεως
2884 2817 3103 2889 καὶτῆς
3143 2819 3345 2890 ἀρετῆς
3381 2810 3654 2886 ὲξευγενί-

2077 2905 2285 2975 ζοιμεν,
2319 2908 2458 2967 οἵτε
2487 2909 2745 2963 δεσπόται
2779 2909 2997 2974 δούλους
3040 2911 3278 2980 ὁρῶντες
3326 2909 3518 2977 ἁγίους
3558 2909 3654 2961 καὶ

2076 2997 2425 3062 ἀποστόλους,
2464 2999 2857 3071 σπουδάζοιμεν
2890 3001 2966 3072 μὴ
3004 3001 3184 3072 πολλῷ
3221 2999 3429 3055 τούτων
3459 3001 3651 3070 ἀτιμό-

2078 3105 2225 3157 τεροι
2263 3088 2556 3159 εὑρεθῆναι
2591 3092 2650 3144 ἐν
2683 3094 2748 3162 τῇ
2791 3091 3038 3162 βασιλείᾳ
3074 3091 3170 3146 τοῦ
3211 3093 3503 3157 Δεσπότου,
3553 3092 3650 3144 καὶ

2076 3175 2145 3229 δι’
2172 3178 2318 3245 ἡμᾶς
2347 3176 2530 3230 δούλου
2559 3180 2837 3247 φανέντος,
2865 3180 3102 3251 Χριστοῦ
3131 3181 3224 3234 τοῦ
3242 3179 3493 3250 ἀληθινοῦ
3514 3178 3651 3232 Θεοῦ

2085 3268 2268 3338 ἡμῶν.
2321 3263 2396 3338 ⁷ῼ
2453 3271 2486 3339 ἡ
2525 3270 2669 3334 δόξα,
2703 3272 2800 3325 καὶ⁸
2831 3271 2892 3325 τὸ
2925 3273 3150 3342 κράτος,
3197 3273 3291 3324 καὶ
3327 3271 3521 3344 ἡτιμὴ
3554 3270 3653 3324 νῦν

411 3335 515 3391 Cui,
535 3337 734 3406 gloria,
765 3349 821 3394 et
840 3348 1103 3411 potestas,
1131 3352 1185 3400 et
1218 3346 1394 3402 honor
1417 3362 1561 3404 nunc
1584 3355 1638 3405 et
1652 3363 1894 3421 semper,
1924 3363 1975 3409 et

2079 3335 2168 3418 καὶ
2195 3361 2302 3428 ἀεὶ,
2345 3335 2438 3416 διαὶ
2467 3335 2547 3428 εἰς
2577 3363 2708 3428 τοὺς
2745 3365 2948 3430 αἰῶνας
2969 3335 3094 3419 ’τῶν
3121 3335 3360 3421 alia»:va
3397 3335 3591 3437 Ἀμην,

412 3433 468 3482 in
499 3431 698 3485 saecula
729 3434 1075 3491 saeculorum.
1109 3437 1302 3494 Amen.

380 3659 385 3662 _
497 3589 566 3622 τν
611 3588 652 3643 ll
683 3588 825 3647 Tim.
855 3607 928 3658 tv,
974 3592 1030 3650 9.
