4006 6214
1217 373 1620 433 EXPOSITIO
1652 376 1733 435 ΙΝ
1775 376 2009 437 EPIST.
2069 379 2168 437 AD
2198 381 2588 440 HEBRAEOS.

3439 388 3539 457 186

279 535 3478 564 Mm

1057 685 2766 860 ΘΕΟΦΥΛΑΚΤΟΥ

743 963 2038 1082 ΑΡΧΙΕΠΙΣΚΟΠΟΥ
2118 963 3079 1089 ΒΟΥΛΓΑΡΙΑΣ

1870 1194 1958 1230 ἸἨΣ

1333 1335 1560 1422 ΤΟΥ
1623 1337 1968 1425 ΑΓΙΟΥ
2023 1334 2496 1428 ΠΑΥΛΟΥ

647 1517 1110 1653 ΠΡΟΣ

1256 1522 2077 1658 ΕΒΡΑΙΟΥΣ

2225 1528 3222 1662 ΕΠΙΣΤΟΛΗΣ

1615 1761 2199 1855 ΕΞΗΓΗΣΙΣ.

1165 2133 2672 2321 THEOPHYLACTI

1439 2397 1814 2455 BULGARUE
1870 2400 2397 2458 ARCHIEPISCOPI

567 2571 1292 2688 EPISTOLZE
1378 2578 1689 2696 DIVI
1775 2579 2195 2754 PAULI
2277 2579 2462 2692 AD
2523 2583 3223 2695 HEBRfEOS

1551 2813 2262 2906 EXPOSITIO.

1862 3033 1938 3046 '—

368 3160 685 3228 ’Υπόθεσις
719 3157 833 3229 τῆς
860 3160 1009 3228 πρὸς
1051 3157 1357 3229 Ἐϐραίους
1401 3159 1786 3228 Ἐπιστολῆς.

355 3275 583 3331 Ἐθνῶν
599 3275 718 3344 μὲν
748 3274 1091 3340 ἀπόστολος
1118 3271 1197 3344 ἦν
1235 3276 1268 3327 ό
1291 3271 1583 3342 μακάριος
1603 3271 1864 3335 Παῦλος,

278 3368 440 3424 καθὰ
465 3367 543 3435 δὴ
576 3366 677 3420 καὶ
705 3365 891 3430 αὐτὸς
923 3365 993 3418 ὲν
1021 3363 1095 3432 τῇ
1119 3364 1266 3432 πρὸς
1308 3364 1625 3433 Ῥωμαίους
1656 3364 1864 3431 φησιν.

281 3462 371 3513 Οὐ
401 3458 515 3528 γὰρ
544 3457 887 3526 ἠνέσχοντο
917 3454 993 3510 ἂν
1023 3457 1207 3512 αὐτοῦ
1249 3456 1498 3524 Ἑϐραῖοι
1529 3457 1870 3522 κηρύσσον-

279 3567 387 3615 τος
418 3548 650 3614 αὐτοῖς,
684 3547 788 3602 ἅτε
815 3547 890 3616 δὴ
923 3548 1396 3616 ἀπεχθανόμενοι
1424 3547 1585 3612 αὐτῷ
1610 3547 1802 3600 πλέον
1829 3546 1866 3614 ἢ

278 3640 410 3708 τοῖς
443 3641 682 3706 ἀλλοις,
721 3641 801 3704 ὠς
825 3639 921 3693 διὰ
950 3639 1059 3708 τῆς
1083 3640 1301 3708 ἀθρόας
1326 3640 1512 3694 αὑτοῦ
1530 3639 1870 3707 μεταϐολῆς

279 3736 526 3801 ἄμαχον
555 3733 855 3786 δεικνύντι
883 3732 1000 3800 τὴν
1028 3731 1132 3786 τοῦ
1158 3733 1416 3799 Χριστοῦ
1445 3732 1719 3802 δύναμιν,
1754 3732 1869 3799 τὴν

280 3826 444 3878 οὓτω
469 3825 746 3893 σφοδρὸν
781 3823 1038 3892 διώκτην
1070 3825 1447 3880 ἐλκύσασαν.
1483 3824 1736 3893 Σημεῖον
1759 3825 1868 3895 γὰρ

278 3915 438 3983 μέγα
470 3915 580 3983 τῆς
601 3915 889 3981 ἀληθείας
910 3915 1017 3970 τοῦ
1041 3917 1171 3969 καθ’
1195 3913 1351 3985 ἡμᾶς
1378 3917 1772 3984 κηρύγματος,
1802 3916 1869 3968 τὸ

282 4005 542 4060 Παῦλον
563 4006 673 4058 τὸν
699 4009 1065 4077 θερμότατον
1091 4007 1372 4076 ζηλωτὴν
1413 4008 1520 4061 τοῦ
1559 4009 1746 4076 νόμου
1773 4008 1868 4071 ἐξ·

280 4094 515 4161 (siser-nc
567 4091 796 4162 Χριστῷ
844 4096 1225 4162 προσελθεῖν.
1261 4095 1365 4149 Διά
1394 4096 1570 4150 τοῦτο
1598 4097 1865 4165 ἐκθύμως

281 4186 634 4253 ἐπολέμουν
660 4186 842 4252 αὐτῷ,
873 4187 973 4240 καὶ
996 4186 1140 4240 οὐδὲ
1167 4187 1374 4256 φωνῆς
1402 4187 1480 4241 ἂν
1509 4186 1864 4257 ἠνέσχοντο.

296 4275 493 4329 Ἀλλὰ
525 4275 624 4328 καὶ
667 4280 721 4329 ol
779 4276 848 4340 ἐξ
887 4277 1174 4345 Ἐϐραίων
1218 4279 1681 4344 πιστεύσαντες,
1725 4278 1870 4332 οὐδὲ

280 4361 456 4420 οὗτοι
509 4365 670 4422 πάνυ
701 4385 754 4421 τι
787 4369 1120 4438 προσεῖχον
1169 4369 1351 4435 αὐτῷ,
1385 4370 1490 4424 ἅτε
1537 4370 1641 4424 τοῦ
1680 4372 1868 4438 νόμου

283 4456 588 4526 ἀπάγοντι
622 4459 956 4526 παντελῶς,
989 4459 1089 4514 καὶ
1130 4461 1245 4528 τὴν
1276 4459 1603 4530 περιτομὴν
1632 4461 1865 4515 λύοντι.

282 4547 465 4612 Πλὴν
494 4550 546 4600 ει
577 4547 677 4600 καὶ
705 4548 829 4615 τοῖς
855 4549 1096 4603 ἔθνεσιν
1124 4549 1440 4618 ἀπεστάλη
1468 4550 1683 4618 κήρυξ,
1709 4549 1866 4618 ὅμως

277 4638 386 4690 καὶ
412 4639 567 4706 πρὸς
599 4640 906 4707 Ἐϐραίους
939 4639 1170 4710 γράφει.
1196 4641 1422 4708 Ὠσπερ
1455 4642 1566 4710 γὰρ
1588 4643 1700 4696 οὐκ
1730 4642 1866 4694 ἐπε-

284 4727 486 4795 τράπη
508 4727 630 4796 μὲν
647 4730 979 4797 βαπτίζειν,
996 4730 1265 4791 ἐδάπτιζε
1301 4731 1370 4784 δὲ
1395 4731 1570 4800 ὅμως,
1597 4732 1865 4801 οὐδὲγὰρ

284 4817 432 4871 οὐδὲ
451 4819 746 4888 ἐκωλύθηο
781 4821 934 4875 οὕτω
957 4824 1054 4877 καὶ
1071 4823 1359 4892 Ἑϐραίοις
1385 4823 1454 4876 ἐκ
1478 4825 1828 4892 περιουσίας
1844 4825 1866 4857 ⁵

283 4907 656 4963 ἐπιστέλλει.
709 4909 822 4963 Καὶ
885 4912 995 4978 γὰρ
1046 4913 1282 4979 σφόδρα
1329 4911 1528 4966 αὐτῶν
1578 4913 1825 4982 ἐκήδετο
1849 4956 1860 4975 ,

287 4994 442 5062 ὑπὲρ
472 4990 562 5049 ὧν
605 4996 707 5050 καὶ
742 4998 1006 5068 ἀνάθεμα
1041 5001 1316 5069 γενέσθαι
1349 5002 1587 5071 ηὔχετο.
1639 5004 1767 5070 Τοῖς
1798 5005 1868 5058 ἐν

287 5087 666 5156 Παλαιστίνῃ
691 5086 779 5151 δὲ,
812 5088 909 5142 καὶ
938 5089 1007 5142 ἐν
1039 5090 1479 5162 Ἰεροσολύμοις
1501 5093 1864 5150 ἐπιστέλλει.

288 5170 471 5228 Οὗτοι
514 5175 626 5244 γὰρ
678 5179 794 5232 ὑπὸ
841 5178 960 5232 τῶν
1003 5180 1278 5234 ἀπίστων
1324 5181 1610 5251 Ἐϐραίων
1652 5185 1754 5237 καὶ
1795 5184 1869 5238 τὰ

290 5263 641 5332 ὑπάρχοντα
671 5267 1114 5337 διηρπάγησαν,
1145 5269 1242 5323 καὶ
1256 5272 1497 5340 μυρίαις
1525 5273 1869 5327 κακὼσεσιν

291 5354 728 5425 ὑπεϐλήθησαν
750 5359 794 5412 ⁸.
855 5359 1030 5413 Ὅθεν
1084 5360 1182 5415 καὶ
1241 5363 1351 5430 τῆς
1415 5363 1566 5431 πρὸς
1615 5366 1868 5430 τούτους

288 5443 711 5515 ἑλεημοσύνιις
744 5451 982 5520 σφόδρα
1031 5453 1344 5522 φροντίζει,
1383 5453 1479 5509 καὶ
1514 5458 1866 5525 Κορινθίους

1887 3164 1936 3222 Δ

2103 3157 2265 3230 647
2317 3157 2694 3228 Argumentum
2732 3156 2984 3228 Epistolw
3007 3161 3076 3213 ad
3120 3161 3392 3218 thrazos.

2041 3271 2284 3326 Gentium
2314 3281 2428 3326 erat
2461 3272 2743 3339 Apostolus
2787 3273 2936 3328 divus
2955 3272 3184 3339 Paulus,
3203 3275 3338 3328 sicut
3362 3285 3411 3332 et
3429 3276 3543 3346 ipse

1969 3365 2022 3418 in
2057 3363 2300 3433 Epistola
2340 3364 2408 3417 ad
2447 3363 2712 3418 Romanos
2743 3363 2988 3434 aﬁirmat.
3023 3363 3232 3420 Hebrtei
3253 3367 3391 3420 enim
3420 3383 3539 3420 eum

1969 3459 2095 3526 ipsis
2126 3457 2502 3526 prazdicantem
2534 3473 2636 3510 non
2656 3458 3008 3522 sustinebant,
3030 3460 3154 3527 quia
3184 3459 3379 3527 majori
3419 3475 3540 3512 eum

1969 3550 2088 3602 odio
2109 3533 2550 3621 prosequerentur
2583 3565 2739 3618 quam
2770 3557 3013 3610 cwteros,
3046 3557 3103 3600 ut
3129 3549 3218 3617 qui
3246 3563 3338 3618 per
3366 3565 3541 3618 repen-

1971 3641 2132 3693 tinam
2151 3655 2300 3692 suam
2324 3639 2732 3701 conversionem,
2753 3638 3005 3691 invictam
3028 3636 3228 3692 Christi
3252 3640 3538 3705 potentiam

1969 3731 2285 3794 ostenderet,
2331 3745 2448 3800 qua:
2500 3739 2608 3783 tam
2656 3729 3002 3784 vehementem
3043 3739 3421 3795 persecutorem
3469 3730 3539 3782 ad

1969 3839 2080 3876 sese
2111 3823 2355 3874 traxerit.
2395 3819 2587 3890 Ingens
2617 3821 2754 3874 enim
2793 3829 3156 3889 argumentum
3185 3830 3263 3874 est
3289 3820 3538 3880 .veritatis

1971 3913 2108 3967 verbi
2142 3911 2410 3979 Evangelii
2438 3950 2452 3973 ,
2488 3909 2714 3963 Paulum
2744 3910 3184 3979 ferventissimam
3231 3911 3357 3980 legis
3381 3926 3540 3964 ternu-

1971 4006 2212 4068 latorenz,
2234 4001 2406 4056 subito
2438 4018 2498 4055 ac
2529 4003 2799 4070 derepente
2827 4000 3037 4056 Christo
3065 4002 3364 4054 accessisse.
3398 3999 3541 4054 Pro-

1967 4104 2142 4164 pterea
2182 4109 2247 4148 ex
2270 4095 2551 4148 vehementi
2597 4093 2878 4146 iracundia
2907 4091 3159 4144 adversus
3193 4106 3311 4144 eum
3337 4105 3539 4159 pugna-

1971 4185 2118 4248 bant,
2172 4186 2303 4237 adeo
2353 4193 2407 4235 ut
2462 4198 2524 4235 ne
2580 4195 2753 4234 vocem
2797 4178 3006 4248 quidem
3051 4176 3166 4244 ejus
3199 4176 3536 4230 sustinerent.

1972 4277 2274 4341 Quinetiam
2308 4276 2396 4343 qui
2426 4290 2490 4328 ex
2524 4271 2762 4325 Ilebra'is
2803 4269 3155 4331 crediderant,
3202 4283 3264 4320 ne
3289 4267 3388 4334 ipsi
3422 4267 3542 4334 qui-

1969 4367 2087 4420 dem
2114 4366 2196 4418 illi
2221 4367 2353 4419 satis
2381 4366 2616 4418 animum
2641 4362 3000 4422 advertebant,
3039 4369 3213 4426 utpote
3245 4359 3334 4428 qui
3363 4375 3394 4410 a
3431 4357 3539 4426 lege

1971 4456 2182 4511 omnino
2213 4457 2512 4519 abduceret,
2550 4471 2612 4508 ac
2645 4451 3094 4507 circumcisionem
3119 4449 3286 4520 648
3315 4447 3538 4502 tolleret.

1974 4548 2134 4616 Atqui
2167 4545 2378 4600 etiamsi
2419 4546 2487 4598 ad
2519 4553 2692 4616 gentes
2731 4541 3079 4596 demandatus
3123 4552 3198 4594 est
3246 4554 3438 4606 praeco,
3469 4537 3538 4590 ad

1977 4636 2230 4690 Hebrazos
2262 4644 2431 4688 tamen
2461 4633 2666 4688 scribit.
2701 4631 2772 4687 Ut
2801 4632 2941 4686 enim
2972 4645 3076 4684 non
3100 4637 3215 4683 erat
3250 4630 3298 4683 ei
3326 4634 3541 4682 deman-

1975 4729 2160 4783 datum
2189 4737 2245 4780 ut
2276 4728 2590 4794 baptizaret,
2627 4723 2934 4794 baptizabat
2972 4730 3168 4785 tamen,
3211 4736 3371 4788 neque
3400 4719 3542 4772 enim

1972 4824 2019 4876 ei
2069 4821 2283 4874 vetitum
2313 4828 2466 4881 erat;
2508 4819 2586 4871 ita
2641 4818 2805 4871 etiam
2853 4813 3090 4868 Hebraeis
3141 4827 3206 4866 ex
3247 4809 3543 4864 abundanti

1973 4911 2154 4967 scribit
2183 4912 2318 4964 hanc
2344 4908 2659 4979 Epistolam.
2683 4906 2827 4959 Nam
2863 4922 3057 4976 magna
3083 4919 3260 4959 eorum
3282 4901 3546 4957 sollicitu—

1973 5001 2095 5054 dine
2124 5002 2468 5070 tangebatur,
2504 5015 2598 5068 pro
2631 4997 2820 5066 quibus
2851 4996 3133 5049 anathema
3159 4994 3275 5062 fieri
3305 4991 3538 5058 optabat.

1973 5094 2143 5147 Porro
2177 5093 2244 5144 iis
2287 5092 2374 5161 qui
2413 5092 2466 5143 in
2509 5088 2804 5142 Palaestina
2846 5097 2894 5141 et
2939 5085 3321 5156 Hierosolymis
3370 5092 3542 5147 erant,

1975 5184 2181 5241 scribit.
2214 5183 2315 5237 Isti
2347 5183 2485 5235 enim
2525 5181 2590 5233 ab
2623 5178 2928 5247 inﬁdelibus
2964 5177 3200 5231 Hebraeis
3242 5177 3390 5228 bonis
3431 5171 3543 5224 suis

1975 5276 2190 5344 spoliati
2220 5275 2454 5343 fuerant,
2487 5271 2880 5339 innumerisque
2905 5267 3268 5340 aﬂiictionibus
3297 5261 3542 5330 subjicie-

1975 5367 2190 5421 bantur.
2227 5364 2374 5419 Unde
2411 5362 2670 5418 sollicitus
2699 5370 2776 5416 est
2811 5361 2864 5414 in
2905 5357 3200 5428 colligenda
3243 5353 3312 5407 ad
3354 5353 3542 5404 horum

1975 5459 2243 5528 suppetias
2268 5457 2620 5528 eleemosyna,
2654 5470 2770 5510 cum
2805 5451 3104 5509 Corinthios
3143 5456 3255 5503 tum
3286 5443 3541 5502 Macedo.

1629 5637 1825 5697 Varia)
1860 5635 2183 5697 lectiones.

385 5748 404 5778 ‘
441 5755 740 5824 περιτομῆς
779 5770 832 5809 0.
912 5756 930 5786 ⁵
965 5756 1322 5813 ἐπεϐάλλοντο
1346 5777 1397 5815 0.
