4006 6214
485 354 589 419 187

1384 356 1616 414 ’1⁸11Εοιῖ
1622 355 1958 435 ‘ilYLACTI
2000 355 2098 415 BU
2110 352 2335 412 LGARI
2350 351 2411 409 .E
2454 350 2811 410 ARCHIEP.

3619 342 3723 405 1"8

481 483 577 520 nas
605 464 673 518 ad
705 465 800 517 hac
827 463 1086 517 excitans.
1127 460 1191 514 Et
1220 460 1430 532 quando
1455 477 1573 514 cum
1601 462 1758 517 Petro
1783 460 2046 530 pradica-

2163 459 2246 514 καὶ
2304 458 2655 524 Μακεδόνας
2699 458 2788 522 είς
2835 454 3012 511 τοῦτο
3060 453 3381 523 διεγείρων.
3423 455 3532 509 Kal
3573 459 3726 525 πρὸς

481 558 674 610 tionem
727 555 1001 613 diviserat,
1068 551 1251 620 ﬁdeles
1327 550 1579 608 Hebrteos
1638 550 1893 622 pauperes
1960 551 2050 619 qui

486 644 871 714 Hierosolymis
900 652 1049 697 erant
1078 660 1381 698 communes
1412 645 1560 712 facit.
1601 645 1913 699 Necessario
1950 646 2052 715 igi-

482 748 569 791 tur
595 736 710 789 istis
734 733 939 792 scribit.
973 743 1030 786 ut
1061 749 1147 787 eos
1168 733 1287 802 jam
1317 735 1494 787 animo
1518 734 1842 789 concidentes
1862 749 2053 789 conso-

483 827 634 881 letur.
671 823 809 878 Nam
830 823 1194 894 afﬂictionibus
1228 843 1259 879 a
1312 824 1693 880 contribulibus
1733 827 1844 880 suis
1882 825 2052 881 illatis

483 915 769 969 admodum
804 913 1028 981 confecti
1055 924 1230 978 erant,
1272 916 1454 985 quippe
1491 918 1582 987 qui
1621 932 1719 971 suo
1754 916 1879 985 jure
1919 915 2053 972 Hie-

484 1005 766 1074 rosolymis
792 1004 1052 1065 vivebant,
1087 1014 1345 1074 potestate
1370 1007 1472 1061 sibi
1499 1007 1647 1076 facta
1682 1006 1964 1075 judicandi
2002 1014 2054 1061 et

485 1096 537 1149 in
565 1112 827 1150 carcerem
864 1096 1106 1150 trahendi
1144 1113 1479 1167 quoscunque
1507 1098 1715 1155 vellent.
1748 1097 1863 1152 Hoc
1893 1098 2054 1152 etiam

485 1190 594 1255 ipse
653 1188 877 1247 indicat.
927 1188 1017 1241 ubi
1038 1189 1114 1240 ait
1142 1205 1161 1243 :
1198 1208 1216 1239 ι
1245 1188 1518 1243 Demissas
1548 1204 1742 1244 manus
1773 1200 1827 1245 et
1876 1190 2054 1244 soluta

484 1292 659 1345 genua
687 1277 880 1345 erigite
903 1278 972 1331 ".
1012 1294 1032 1328 ι
1071 1275 1204 1331 Cum
1233 1278 1370 1331 enim
1387 1274 1567 1334 Judaei
1593 1272 1789 1343 essent,
1822 1296 1884 1332 ac
1909 1278 2056 1333 didi-

485 1369 679 1423 cissent
733 1368 962 1437 majores
1007 1384 1132 1423 suos
1177 1370 1524 1437 praesentibus
1557 1371 1704 1424 battis
1752 1387 1864 1424 esse
1907 1387 2054 1434 usos,

485 1459 637 1514 valde
690 1461 868 1513 animo
925 1459 1290 1523 concidebant,
1328 1471 1385 1513 ut
1416 1462 1506 1528 qui
1540 1463 1770 1515 nondum
1824 1462 2056 1516 assecuti

483 1558 653 1603 essent
678 1549 1080 1603 "laxationem.
1118 1549 1402 1617 Propterea
1430 1551 1599 1605 multa
1636 1552 1701 1607 de
1747 1553 1851 1621 ﬁde
1880 1554 1932 1605 in
1959 1552 2057 1606 hac

490 1638 730 1706 Epistula
762 1640 1016 1703 disputat,
1043 1655 1105 1692 ac
1128 1638 1192 1692 de
1214 1642 1411 1693 sanctis
1445 1643 1536 1710 qui
1563 1658 1595 1695 a
1621 1642 1831 1696 condito
1862 1642 2056 1695 mundo

491 1733 728 1797 luerunt,
772 1744 864 1782 nec
889 1740 1066 1784 tamen
1096 1729 1349 1785 bonorum
1382 1748 1537 1785 usum
1566 1742 1690 1786 sunt
1725 1735 1920 1802 adepti,
1949 1734 2056 1789 duo

487 1836 615 1874 sane
642 1838 701 1873 as
727 1836 884 1873 ruens
916 1836 934 1873 :
965 1837 1126 1874 unum
1169 1823 1400 1892 quidem,
1445 1827 1624 1877 omnia
1661 1841 1779 1895 qute
1806 1826 2056 1880 accidant

487 1929 732 1982 generose
764 1914 977 1977 ferenda
1007 1930 1120 1968 esse
1166 1930 1185 1977 ,'
1228 1915 1474 1981 alterum,
1509 1917 1721 1970 omnino
1752 1927 2061 1986 exspectan-

489 2006 614 2056 dam
642 2021 757 2058 esse
797 2008 1298 2074 compensationem.
1333 2007 1455 2061 Non
1485 2010 1624 2062 enim
1661 2009 1884 2079 negliget
1918 2009 2057 2063 Deus

496 2104 706 2148 sanctos
724 2112 870 2158 suos,
907 2112 1035 2166 quos
1068 2114 1099 2150 a
1125 2099 1319 2152 swculo
1346 2098 1551 2153 habuit.
1604 2098 1787 2166 Itaque
1821 2109 1933 2153 tum
1965 2117 2058 2155 vos

488 2202 691 2255 quoque
743 2188 1026 2253 recipietis.
1083 2189 1253 2242 Multa
1306 2200 1481 2242 autem
1524 2190 1656 2244 dicit
1694 2191 1757 2244 de
1804 2189 1978 2244 Veteri
2009 2197 2061 2245 et

491 2275 645 2333 Νουο
685 2277 1044 2345 Testamento,
1075 2280 1401 2350 ostenditque
1430 2282 1591 2351 legem
1622 2299 1723 2336 non
1758 2298 1914 2350 porro
1948 2282 2060 2337 esse

488 2377 707 2433 ratam;
735 2384 857 2421 nam
885 2369 984 2422 etsi
1018 2368 1268 2438 templum
1300 2371 1472 2424 adhuc
1510 2372 1707 2436 stabat,
1738 2374 1939 2427 indicat
1974 2382 2061 2425 ta-

488 2475 604 2513 men
627 2459 766 2528 quod
802 2462 871 2512 ad
916 2467 1117 2525 tempus
1164 2477 1324 2531 usque
1369 2461 1584 2533 aliquod
1610 2464 1680 2516 sit
1718 2464 2058 2528 duraturum,

488 2558 728 2601 nostram
760 2558 936 2603 autem
958 2550 1261 2619 religionem
1299 2566 1413 2605 esse
1445 2568 1639 2607 veram.
1661 2551 1856 2608 Scribit
1884 2565 2061 2610 autem

492 2638 798 2707 Epistolant
819 2640 957 2694 hanc
989 2656 1054 2694 ex
1098 2641 1286 2696 Italia.
1318 2643 1603 2714 Antiquior
1636 2654 1809 2698 autem
1847 2646 1951 2699 ista
1982 2654 2060 2699 est

489 2745 553 2781 ea
573 2745 733 2799 quam
751 2732 820 2784 ad
857 2732 1182 2785 Timotheum
1212 2732 1421 2788 scribit.
1456 2732 1602 2787 Nam
1627 2735 1682 2787 in
1710 2734 1804 2787 illa
1834 2736 2062 2790 ostendit

489 2820 647 2886 ﬁnem
670 2822 771 2877 sibi
790 2824 912 2878 vita:
938 2824 1233 2878 imminere.
1286 2843 1305 2877 ι
1342 2825 1455 2895 Ego
1487 2827 1657 2892 enim,
1709 2827 1900 2895 inquit,
1945 2827 2059 2895 jam

490 2912 723 2979 delibor,
770 2929 834 2969 ac
882 2923 1095 2985 tempus
1145 2917 1505 2972 resolutionis
1545 2933 1679 2972 mea:
1712 2918 1883 2973 instat
1913 2920 1984 2972 ".
2036 2939 2054 2971 ι

492 3001 557 3056 In
588 3004 686 3058 hac
706 3014 878 3059 autem
903 3007 1164 3074 promittit
1186 3006 1418 3061 Hebraeis
1448 3007 1588 3074 quod
1608 3008 1719 3077 ipse
1749 3010 1817 3060 sit
1854 3009 2061 3063 risurus

488 3109 577 3147 ιη
600 3110 619 3146 :
645 3093 970 3164 Coguoscite
1018 3095 1194 3159 enim,
1228 3095 1418 3163 inquit.
1454 3093 1677 3150 fratrem
1708 3094 2055 3152 Timotheum
2084 3118 2131 3180 ο

488 3182 770 3235 dimissum
810 3198 826 3235 :
869 3198 993 3237 cum
1025 3199 1156 3253 quo,
1204 3184 1249 3240 si
1290 3185 1525 3242 celerius
1579 3186 1812 3251 venerit,
1864 3188 2060 3244 videbo

491 3286 592 3326 vos
623 3272 689 3326 ⁷⁸.
728 3271 1031 3327 Verisimile
1051 3283 1128 3329 est
1155 3287 1329 3329 autem
1354 3276 1450 3328 hoc
1481 3277 1761 3331 accidisse.
1780 3276 2059 3332 Biennium

446 3382 447 3385 ‘
489 3364 626 3417 enim
652 3362 831 3419 Romte
851 3366 1052 3419 uinctus
1073 3365 1310 3421 detentus
1333 3378 1427 3433 est,
1452 3368 1637 3422 deinde
1678 3369 1925 3423 dimissus
1944 3380 2057 3436 est,

488 3458 929 3527 quemadmodum
962 3471 1012 3512 et
1044 3460 1151 3529 ipse
1185 3460 1387 3513 indicat
1433 3462 1608 3515 dicens
1647 3473 1666 3514 :
1734 3477 1753 3511 ι
1788 3460 1843 3514 In
1883 3461 2058 3530 prima

442 3552 449 3557 ’
491 3562 609 3600 mea
632 3548 950 3603 defensioue
982 3565 1143 3603 nemo
1183 3550 1312 3604 mihi
1353 3550 1506 3605 alluit
1532 3551 1620 3605 ’τε
1665 3570 1683 3602 ι
1729 3559 1805 3616 et,
1840 3568 1858 3602 ι
1895 3550 2058 3605 Libe-

493 3644 645 3689 ratus
667 3651 784 3688 sum
806 3651 867 3690 ex
891 3651 983 3690 ore
1018 3637 1214 3701 leonis,
1252 3657 1271 3689 ι
1316 3638 1547 3694 Neronis
1573 3640 1832 3696 videlicet.
1866 3639 2058 3694 Deinde

490 3722 546 3774 in
605 3721 893 3791 Hispanias
942 3728 1226 3797 profectus,
1293 3730 1443 3783 illinc
1491 3732 1743 3800 fortassis
1812 3730 2058 3786 Hebraaos

492 3813 635 3871 risit.
667 3832 730 3868 ac
761 3814 982 3872 Romam
1028 3830 1211 3888 postea
1255 3823 1434 3885 rediit,
1467 3824 1679 3893 quando
1707 3834 1755 3878 et
1785 3841 1818 3877 a
1850 3822 2061 3879 Nerone

491 3903 732 3960 sublatus
769 3919 865 3963 est.

442 4002 446 4011 ‘
487 3996 720 4062 ὶέοντος,
764 4017 782 4050 r
840 4002 945 4054 τοῦ
998 4003 1269 4071 Νέρωνος
1307 4005 1593 4077 δηλαδή.
1656 4003 1796 4063 Εἶτα
1841 4008 1926 4071 εὶς
1981 4005 2088 4071 τὰς
2115 4004 2383 4069 Σπανιάς
2437 3998 2665 4061 ἐλθὼν,

2151 550 2259 604 τὸν
2289 550 2513 617 Πέτρον
2539 547 2606 601 τὸ
2637 546 2914 615 κήρυγμα
2948 545 3316 613 διελόμενος,
3340 544 3481 611 τοὺς
3506 546 3580 599 έν
3616 549 3725 601 Ἰε-

2145 639 2471 708 ρουσαλὴμ
2516 637 2774 701 πιστοὺς
2819 635 3127 703 Ἑϐραίους
3169 633 3433 701 πένητας
3480 637 3725 704 κοινοὺς

2152 730 2425 785 ποιεῖται.
2466 729 2828 797 Ἀναγκαίως
2856 723 2969 781 οὖν
3002 727 3236 792 τούτοις
3271 725 3502 795 γράφει,
3536 743 3727 797 παρα-

2151 822 2526 891 μυθούμενος
2553 818 2776 884 αὐτοὺς
2793 817 3274 881 καταπίπτοντας
3302 834 3317 849 ο
3350 816 3585 885 σφόδρα
3613 821 3726 887 γὰρ

2156 907 2321 981 ἦσαν
2362 905 2841 979 τεταριχευμένοι
2873 906 3001 973 ταῖς
3044 906 3203 974 παρὰ
3232 905 3350 960 τῶν
3380 907 3546 961 ἰδίων
3571 922 3726 975 συμ·

2154 997 2434 1069 φυλετῶν
2455 998 2817 1059 κακώσεσιν.
2849 997 2953 1051 ἅτε
2975 995 3071 1049 καὶ
3103 996 3638 1065 αὐτονομουμένων
3656 997 3729 1050 έν

2166 1090 2619 1159 Ἰεροσολύμοις.
2666 1086 2766 1141 καὶ
2816 1086 3110 1147 ἐξουσίαν
3156 1084 3421 1153 ἑχόντων
3462 1084 3560 1138 καὶ
3599 1086 3727 1154 xpl-

2153 1201 2285 1239 νειν
2313 1183 2413 1236 καὶ
2443 1176 2795 1251 φυλακίζειν
2823 1177 2932 1244 οὓς
2957 1177 3034 1232 ἂν
3059 1177 3349 1233 ἐθέλοιεν.
3402 1177 3512 1232 Καὶ
3549 1178 3726 1232 τοῦτο

2154 1277 2223 1330 δὲ
2247 1274 2429 1341 αὐτὸς
2455 1273 2728 1342 ἐμφαίνει
2758 1270 2956 1339 λέγων
2975 1284 2989 1299 ·
3029 1285 3048 1319 ι
3088 1267 3200 1330 Τὰς
3230 1268 3568 1336 παρειμένας
3608 1269 3728 1338 χεῖ·
3798 1317 3803 1323 ,

2161 1385 2279 1437 ρας,
2330 1366 2423 1420 καὶ
2451 1365 2521 1418 τὰ
2569 1360 2994 1433 παραλελυμένα
3045 1358 3249 1426 γόνατα
3286 1357 3648 1426 ἀνορθώσατε.
3698 1377 3719 1411 s

2157 1462 2288 1514 Ἀτε
2336 1458 2445 1527 τὰρ
2488 1453 2761 1512 Ἰουδαῖοι
2800 1452 2994 1515 ὄντες,
3048 1447 3145 1502 καί
3191 1447 3486 1516 μαθόντες
3534 1446 3623 1500 ὅτι
3670 1451 3729 1500 οι

2156 1550 2411 1617 πατέρες
2461 1545 2660 1600 αὐτῶν
2701 1542 2861 1610 παρὰ
2908 1538 3097 1605 πόδας
3143 1536 3570 1605 ἀπελάμϐανον
3591 1538 3613 1569 ⁸
3652 1535 3730 1589 τὰ

2156 1642 2369 1710 ἀγαθὰ,
2400 1636 2637 1708 σφόδρα
2673 1636 3062 1693 κατέπιπτον,
3104 1630 3186 1696 ὡς
3228 1627 3409 1697 μήπω
3440 1629 3729 1696 τυχόντες

2159 1732 2442 1796 ἀνέσεως.
2489 1728 2588 1783 Διὸ
2622 1726 2722 1781 καὶ
2754 1723 2955 1778 πολλὰ
2999 1720 3132 1791 περὶ
3166 1721 3425 1785 πίστεως
3464 1718 3730 1788 διαλέγε-

2160 1841 2254 1879 ται
2283 1823 2353 1876 ἐν
2375 1821 2560 1887 ταύτῃ
2598 1816 2673 1885 τῇ
2710 1811 3055 1880 Ἐπιστολῇ,
3089 1810 3189 1866 καὶ
3234 1809 3355 1864 τῶν
3398 1811 3466 1874 ἐξ
3513 1808 3731 1876 ιιιῶνος

2157 1917 2362 1987 ἁγίων.
2420 1914 2501 1979 ὡς
2545 1910 2725 1980 μήπω
2773 1906 3204 1962 ἀπολαϐόντων
3244 1903 3317 1956 τὰ
3353 1901 3565 1971 ἀγαθὰ,
3619 1901 3734 1955 δύο

2159 1999 2644 2062 κατασκευάζων-ο
2695 1997 2766 2051 ἓν
2816 1996 2954 2066 μὲν,
3002 1995 3067 2048 τὸ
3116 1992 3246 2047 δεῖν
3280 1993 3484 2062 φέρειν
3530 1992 3733 2045 πάντα

2156 2096 2445 2162 γενναίως
2476 2089 3001 2160 τὰςσυμπὶπτοντα
3018 2103 3033 2119 ·
3054 2086 3259 2153 ἕτερον
3285 2084 3372 2146 δὲ,
3400 2085 3464 2137 τὸ
3490 2083 3729 2149 πάντως

2159 2182 2511 2256 προσδοκᾷν
2561 2182 2677 2248 τὴν
2730 2177 3004 2249 ἀμοιϐήν.
3067 2178 3150 2230 οὐ
3212 2175 3324 2244 γὰρ
3380 2177 3729 2243 περιόψεται

2159 2279 2375 2345 Κύριος
2423 2275 2566 2339 τοὺς
2597 2272 2697 2327 ἀπ’
2726 2271 2944 2336 αἰῶνος
2980 2270 3187 2339 ἁγίους
3209 2283 3223 2298 ·
3261 2266 3417 2321 ὥστε
3448 2269 3582 2320 τότε
3626 2265 3728 2320 και

2158 2368 2328 2438 ὑμεῖς
2356 2366 2774 2433 ἀπολήψεσθε.
2807 2361 3065 2416 Ποιεῖτιιι
3094 2360 3163 2413 δὲ
3192 2358 3390 2414 πολὺν
3420 2362 3609 2428 λόγον
3628 2358 3731 2413 καὶ

2159 2457 2436 2529 περὶτῆς
2465 2454 2748 2520 Παλαιᾶς,
2802 2452 2901 2506 καὶ
2957 2450 3091 2518 περὶ
3147 2449 3254 2517 τῆς
3311 2449 3574 2516 Καινῆς,
3628 2448 3733 2502 καὶ

2159 2552 2435 2607 δείκνυσι
2464 2548 2574 2602 τὸν
2601 2548 2790 2615 νόμον
2822 2545 3021 2599 οὐκέτι
3054 2544 3308 2613 σεμνόν·
3348 2544 3401 2596 εί
3434 2541 3542 2611 γὰρ
3569 2541 3667 2594 καὶ
3696 2543 3734 2594 ὁ

2160 2641 2306 2707 ναὸς
2350 2639 2441 2692 ἔτι
2489 2637 2901 2702 συνειστήκει,
2948 2635 3087 2690 ἀλλ’
3128 2629 3245 2689 οὖν
3292 2634 3606 2685 αἰνίττεται
3639 2628 3733 2685 ὅτι

2161 2731 2301 2801 ἄχρι
2355 2729 2563 2796 καιροῦ
2617 2727 2791 2781 ἔσται
2830 2727 3025 2791 τινὸς,
3075 2724 3175 2780 καὶ
3220 2724 3310 2779 ὅτι
3356 2723 3428 2778 τὰ
3474 2724 3735 2792 ἡμέτερα

2161 2820 2383 2891 ἀληθῆ.
2410 2819 2635 2890 Γράφει
2663 2819 2730 2873 δὲ
2761 2818 2876 2886 τήν
2905 2817 3271 2884 Ἐπιστολὴν
3305 2816 3420 2871 ἀπὸ
3449 2817 3729 2881 Ἰταλίας.

2162 2910 2539 2980 Πρεσϐυτέρα
2554 2909 2622 2963 δὲ
2653 2910 2805 2977 αὕτη
2837 2909 2946 2977 τῆς
2973 2909 3124 2977 πρὸς
3161 2908 3433 2977 Τιμόθεον
3457 2908 3735 2961 Ἐπίστο-

2162 3002 2301 3069 λῆς.
2353 3003 2456 3056 Ἐν
2483 3000 2686 3066 ἐκείνῃ
2712 2998 2830 3068 μὲν
2862 3000 2971 3068 γὰρ
3006 2998 3381 3052 ἐνδείκνυται
3427 2996 3513 3050 ὅτι
3556 2994 3733 3061 τέλος

2162 3094 2287 3163 ἔχει
2313 3091 2475 3157 αὐτῷ
2519 3094 2557 3160 ἡ
2605 3090 2739 3158 ζωή.
2774 3110 2794 3143 ι
2816 3090 2957 3160 Ἐγὼ
2987 3092 3096 3160 γὰρ
3121 3089 3243 3160 ἤδη,
3275 3089 3451 3158 φησι,
3499 3086 3730 3147 σπένδοο

2168 3201 2287 3254 μαι,
2322 3184 2418 3237 καὶ
2445 3189 2472 3236 ὁ
2504 3181 2693 3253 καιρὸς
2712 3181 2811 3250 τῆς
2844 3181 2984 3250 ἐμῆς
3015 3178 3329 3241 ἀναλύσεως
3361 3178 3681 3247 ἐφέστηκεν.
3701 3193 3724 3228 s

2177 3273 2274 3325 Ἑν
2318 3272 2503 3337 ταύτῃ
2545 3268 2614 3322 δέ
2651 3268 3081 3337 ἐπαγγέλλεται
3133 3266 3258 3332 τοῖς
3298 3266 3604 3333 Ἑϐραίοις.
3643 3264 3738 3316 ὅτι.

2164 3362 2375 3433 ὄψεται
2399 3363 2641 3427 αὐτούς.
2679 3379 2699 3410 ι
2736 3360 3038 3413 Γινώσκετε
3078 3357 3209 3429 γὰρ,
3244 3356 3415 3426 φησι,
3458 3356 3549 3408 τὸν
3580 3356 3736 3407 ἁδελ-

2165 3457 2264 3527 φὸν
2314 3454 2583 3525 Τιμόθεον
2641 3451 3085 3520 ἀπολελυμένον·
3142 3449 3261 3519 μεθ’
3305 3443 3386 3510 οὗ,
3423 3445 3517 3501 ἐὰν
3547 3447 3735 3517 τάχιον

2164 3548 2413 3619 ἔρχηται,
2443 3545 2645 3614 ὄψομαι
2676 3545 2840 3610 ὑμᾶς.
2884 3561 2901 3593 ι
2934 3541 3111 3606 Εἰκὸς
3141 3540 3209 3593 δέ
3236 3539 3410 3592 τοῦτο
3453 3538 3732 3602 ἐκϐῆναι.

2165 3641 2272 3696 Καὶ
2298 3638 2409 3709 γὰρ
2441 3637 2551 3691 δύο
2571 3635 2690 3704 μὲν
2716 3634 2818 3698 ἔτη
2860 3633 3154 3699 ἐποίησεν
3180 3631 3251 3685 έν
3289 3630 3472 3698 Ῥώμῃ
3497 3626 3739 3696 δεδεμέ-

2166 3751 2291 3799 νος,
2345 3726 2473 3784 εἶτα
2522 3727 2759 3796 ἀφείθη,
2796 3722 3113 3791 ὠσπεροῦν
3158 3722 3256 3775 καὶ
3304 3720 3486 3785 αὐτὸς
3532 3717 3734 3786 δηλοῖ,

2164 3822 2391 3892 λέλωνσ
2430 3838 2448 3871 ι
2499 3818 2588 3870 Ἐν
2624 3818 2689 3886 τῇ
2733 3814 2923 3885 πρώτῃ
2974 3828 3075 3883 μου
3121 3810 3387 3879 ἀπολογίᾳ
3422 3806 3596 3870 οὐδείς
3645 3821 3737 3875 μοι

2173 3910 2653 3984 συμπαρεγένετο·
2697 3924 2716 3957 s
2762 3905 2883 3965 καὶ,
2926 3921 2945 3955 ι
2995 3900 3299 3974 Ἐρῤύσθην
3346 3900 3411 3951 ὲκ
3468 3898 3737 3968 στόματος

2747 3994 2979 4049 ἐκεῖθεν
3034 3993 3182 4059 ισως
3235 3986 3358 4045 εἶδε
3416 3988 3515 4043 καὶ
3593 3985 3739 4054 τοὺς

502 4087 828 4157 Ἐϐραίους,
872 4088 998 4145 εἶτα
1021 4096 1108 4161 εἰς
1144 4095 1375 4165 Ῥώμην
1401 4093 1588 4167 ἦλθεν
1612 4095 1806 4164 αὖθις,
1836 4096 1933 4150 ὅτε
1958 4096 2052 4148 καὶ
2091 4095 2209 4151 ὑπὸ
2247 4092 2520 4161 Νέρωνος
2553 4087 2839 4157 ἀνῃρέθη.

565 4224 796 4284 ’⁸11οὺτ.
825 4246 923 4293 ιιι.
959 4234 1043 4287 12.
1117 4236 1162 4269 ⁷⁸
1196 4235 1235 4290 ll
1255 4236 1397 4291 Tim.
1428 4252 1503 4302 iv,
1530 4237 1586 4292 6.
1658 4237 1705 4268 "
1771 4236 1937 4292 llebr.
1989 4251 2060 4289 xii

2163 4235 2238 4288 ιδ.
2309 4232 2355 4264 "
2404 4228 2619 4285 ll'l'iiu.
2672 4243 2747 4292 ιν,
2793 4224 2881 4279 16.

1834 4350 2035 4412 Varia:
2061 4348 2396 4411 lectiones.

569 4442 589 4473 ⁵
615 4441 887 4499 ἀπέλαϐον
921 4461 972 4501 o.

895 4810 2019 4927 THEOPHYLACTI
2143 4800 3286 4923 COMMENTARIUS

1543 5035 1627 5097 IN
1667 5034 2100 5098 EPISTOLAM
2125 5036 2229 5096 AD
2287 5031 2692 5094 HEBRIEOS.

1131 5336 1361 5394 CAPUT
1404 5337 1445 5394 I.

570 5457 737 5530 65,9
761 5455 928 5511 Vens.
946 5455 989 5510 l.
1016 5450 1396 5524 Multifariam.
1432 5450 1721 5522 multisque
1752 5451 1922 5505 modis
1943 5451 2071 5504 olim

503 5549 645 5604 Deus
677 5552 880 5604 locutus
896 5547 1201 5616 patribusin
1225 5545 1510 5616 prophetis.
1536 5542 1674 5610 Quia
1705 5544 1887 5599 aﬂlirti
1921 5543 2074 5596 utilis

506 5642 915 5696 arbitrabantur
962 5656 1022 5695 se
1067 5639 1286 5695 relictos
1328 5653 1453 5692 esse
1484 5652 1513 5689 ιι
1551 5635 1679 5701 Deo,
1716 5650 1892 5704 neque
1940 5635 2075 5688 adeo

508 5750 566 5788 se
603 5733 676 5786 illi
710 5748 852 5786 cura:
878 5746 999 5787 esse
1032 5740 1091 5786 ut
1124 5732 1358 5802 majores
1391 5729 1633 5801 ipsorum
1663 5727 1899 5793 fueram,
1935 5726 2075 5782 Pau-

2105 5339 2152 5396 D

2814 5333 3064 5386 ΚΕΦΛΛ.
3105 5334 3185 5385 Ᾱ’.

2251 5449 2605 5517 Πολυμερῶς
2644 5447 2739 5500 καὶ
2772 5447 3163 5513 πολυτρόπως
3195 5444 3377 5499 πάλαι
3406 5446 3439 5498 ὀ
3478 5444 3624 5510 Θεὸς
3642 5446 3755 5498 λα-

2180 5542 2380 5607 λήσας
2412 5540 2534 5606 τοῖς
2562 5536 2861 5606 πατράσιν
2888 5537 2958 5590 ὲν
2976 5536 3099 5601 τοῖς
3124 5534 3476 5604 προφήταις.
3524 5530 3755 5602 Ἐπειδὴ

2183 5630 2687 5701 ταλαιπιιιρούμενοι
2729 5628 2834 5682 ὑπὸ
2870 5627 2978 5681 τῶν
3008 5625 3219 5691 κακῶν,
3254 5624 3486 5696 ἡγοῦντο
3518 5622 3756 5686 ἑαυτοὺς

2184 5726 2780 5796 ἐγκαταλελεεμμένους
2813 5722 2918 5778 ὑπὸ
2949 5720 3042 5777 τοῦ
3082 5720 3240 5788 θεοῦ,
3273 5720 3365 5777 καὶ
3394 5719 3495 5791 οὐχ
3518 5720 3594 5784 ὼς
3623 5718 3758 5783 τοὺς
