4006 6214
309 383 423 449 189

1021 393 1424 456 EXPOSlTlO
1456 396 1535 456 IN
1574 397 1813 455 EPIST.
1846 397 1946 454 AD
1973 396 2364 459 ΗΕΒΒΛΞΟΞ.
2395 425 2465 437 -·
2503 401 2663 461 CAP.
2708 403 2756 463 ῐ.

3468 390 3572 456 190

304 502 565 575 πατέρας
614 503 796 558 αὐτῶν
851 505 1171 575 ἐπιμελείας
1225 505 1360 579 παρ’
1401 508 1611 562 ἐκείνου
1640 509 1895 578 ἀξιουμέ-

2004 508 2089 564 lns
2117 512 2455 566 contrarium
2490 512 2751 579 ostendit,
2789 512 3071 581 Maiorem,
3112 504 3405 576 inquiens,
3444 517 3572 574 gra-

307 611 463 658 νους,
495 593 738 647 δείκνυσι
783 594 1097 649 τούναντίον
1148 598 1178 650 ὁ
1233 597 1468 664 Παῦλος,
1499 600 1583 652 ὅτι
1630 599 1893 664 Μείζονος

308 685 671 739 ἀπελαύσατι
697 685 920 757 χάριτος
950 688 1130 757 ὑμεῖς,
1155 690 1189 760 ἢ
1222 691 1442 746 ἐκεῖνοι.
1477 691 1620 761 Πρὸς
1653 692 1895 756 ἐκείνους

310 776 422 845 μὲν
450 776 559 847 γὰρ
594 779 885 847 προφήτας
911 778 1127 850 ἔπεμψε
1146 797 1161 812 ·
1193 782 1331 851 πρὸς
1358 783 1504 852 ὑμᾶς
1530 783 1589 836 δὲ
1616 782 1778 837 αὑτὸν
1803 783 1896 837 τὸν

310 866 471 922 Υίόν.
499 866 579 920 ετί
612 868 670 921 δέ
696 871 811 921 ἐστι
837 869 900 922 τὸ
928 870 1281 940 πολυμερῶς
1318 872 1417 927 καὶ
1457 875 1894 942 πολυτρόπως;

307 948 442 1010 ἀντὶ
484 958 600 1023 τοῦ,
640 959 915 1029 διαφόρως
946 960 1041 1014 καὶ⁹
1070 960 1391 1026 πολυειδῶς.
1433 962 1578 1033 Ἐγὼ
1611 969 1742 1036 γὰρ,
1787 982 1894 1035 φη-

312 1048 431 1109 σὶν,
483 1049 725 1116 ὁράσεις
761 1051 1094 1119 ἐπλήθυνα,
1137 1052 1237 1105 καί
1269 1053 1343 1107 ἐν
1366 1054 1540 1123 χερσὶ
1572 1056 1896 1123 προφητῶν

309 1138 642 1206 ὡμοιώθηγ.
671 1140 838 1194 Ὥστε
871 1142 923 1194 τί
951 1142 1336 1214 δυσχεραίνετε
1373 1143 1471 1198 καὶ
1503 1145 1893 1218 μικροψυχεῖτε

311 1232 579 1284 τοιούτων
608 1233 934 1296 ἀξιωθέντες
964 1252 979 1300 ;

401 1318 530 1371 Ἐπ’
575 1319 851 1388 ἐσχάτων
887 1320 1005 1375 τῶν
1036 1322 1275 1393 ’ἡμερῶν
1315 1326 1540 1381 τούτων
1587 1326 1896 1394 ἐλάλησεν

308 1409 464 1479 ἡμῖν
497 1411 567 1465 ἐν
622 1410 750 1477 Υίῷ.
808 1414 919 1466 Καὶ
966 1416 1025 1468 ὲν
1074 1416 1288 1484 τούτῳ⁷
1342 1418 1538 1482 αὐτοὺς
1589 1419 1890 1488 διανίστησι

306 1498 494 1568 λέγων
522 1504 607 1555 ὅτι
648 1502 711 1556 Ἦ
754 1504 1037 1559 συντέλεια
1062 1506 1249 1575 ἐγγύς.
1291 1508 1348 1561 Ὀ
1372 1510 1480 1579 γὰρ
1525 1513 1582 1562 ὲν
1609 1509 1686 1579 τῷ
1718 1509 1890 1579 ἀγῶνι

308 1594 847 1663 καταμαλακισθεὶς,
889 1597 1116 1652 ἐπειδᾶν
1170 1600 1382 1673 ἀκούσῃ
1432 1601 1525 1654 τοῦ
1579 1600 1791 1669 ἀγῶνος
1830 1601 1891 1655 τὸ

303 1687 487 1751 τέλος,
523 1687 756 1742 ἀναπνεῖ
801 1689 1018 1758 μικρόν.
1056 1690 1165 1743 Καὶ
1207 1690 1337 1745 ἄλλο
1377 1691 1436 1745 δέ
1490 1710 1544 1745 τι
1595 1693 1890 1747 αἰνίττεται

308 1775 401 1830 διὰ
436 1777 529 1830 τοῦ
574 1779 780 1830 εἰπεῖν’
828 1780 956 1833 Ἐπ’
999 1780 1277 1849 ἐσχάτων
1313 1780 1432 1835 τῶν
1468 1781 1723 1851 ἡμερῶν.
1757 1782 1887 1837 ’Ὀτε

307 1868 441 1936 γὰρ,
470 1870 656 1936 φησὶν,
685 1871 869 1924 οὐκέτι
901 1871 1224 1925 ὑπελείπετο
1248 1875 1440 1943 χρόνος
1468 1876 1548 1937 είς
1581 1875 1888 1945 διόρθωσιν,

307 1961 447 2013 ἀλλὰ
485 1960 761 2023 κολάσεως
787 1956 930 2032 ἦμεν
961 1963 1275 2031 ὑπεύθυνοι,
1310 1965 1398 2019 ὅτε
1429 1966 1887 2036 ἀπεγνωσθημεν,

307 2055 403 2106 ὅτε
437 2053 774 2107 ἐπελελοίπει
808 2056 874 2108 τὶι
908 2055 1247 2126 χαρίσματα,
1280 2059 1401 2111 τότε
1435 2058 1496 2111 τὺ
1537 2059 1697 2112 πλέον
1726 2061 1892 2132 ἐσχή-

308 2161 515 2212 καμεν.
564 2145 636 2198 Τὸ
664 2144 743 2210 δὲ,
810 2146 908 2199 Ἐν
945 2147 1075 2213 Υὶῷ,
1124 2149 1246 2201 ἀντὶ
1296 2149 1415 2216 τοῦ,
1454 2150 1553 2204 διὰ
1599 2151 1706 2205 τοῦ
1752 2152 1890 2207 Υἰοῦ

311 2236 459 2292 ἐστι.
510 2237 615 2290 Καὶ
660 2236 972 2307 σημειώσει
1031 2239 1190 2293 τοῦτο
1244 2240 1380 2310 πρὸς
1445 2242 1572 2305 τοὺς
1629 2242 1890 2310 λέγοντας

309 2327 807 2398 ἁποκεκληρῶσθαι
859 2328 958 2398 τὴν
1006 2328 1097 2388 ἐν.
1146 2330 1403 2402 πρόθεσιν
1446 2331 1525 2401 τῷ
1586 2333 1886 2402 Πνεύματι.

305 2417 411 2470 Διὰ
438 2419 495 2471 τί
518 2419 577 2472 δὲ
607 2420 709 2472 οὐκ
730 2414 905 2480 εἶπεν,
934 2419 1224 2490 Ἐλὰλησεν
1236 2421 1368 2491 ἡμῖν
1392 2422 1420 2473 ό
1443 2422 1678 2492 Χριστός
1698 2437 1714 2486 ;
1737 2421 1890 2490 ’Δμα

310 2510 434 2581 μὲν,
468 2512 561 2565 διὰ
619 2512 681 2565 τὸ
710 2511 956 2575 ἀσθενεῖς
1009 2507 1150 2565 εἶναι
1190 2512 1411 2578 αὐτοὺς,
1444 2513 1538 2566 καὶ
1581 2512 1748 2581 μήπω
1796 2511 1889 2565 δύο

305 2602 510 2658 νασθαι
567 2603 793 2657 ἀκοῦσαι
847 2602 977 2674 περὶ
1041 2602 1139 2656 τοῦ
1188 2603 1467 2671 Χριστοῦ·
1523 2602 1641 2673 ἅμα
1681 2602 1737 2656 δὲ
1796 2603 1891 2655 καὶ

304 2693 598 2755 δεικνύων.
630 2695 714 2747 ὅτι
736 2695 770 2764 ἡ
807 2693 1020 2747 Παλαιὰ
1058 2694 1211 2765 καινή
1241 2693 1435 2764 Καινὴ.
1481 2694 1600 2758 ἑνός
1634 2694 1749 2746 ἐστι
1799 2693 1891 2747 καὶ

303 2783 404 2837 τοῦ
432 2783 620 2839 αὑτοῦ.
655 2784 796 2853 Ὅρα
830 2785 887 2837 δὲ
921 2784 1017 2838 καὶ
1046 2784 1128 2848 τὺ,
1151 2784 1298 2852 ἡμῖν
1329 2800 1343 2816 ο
1385 2786 1623 2837 ἑνοποιεῖ
1645 2783 1756 2855 γὰρ
1792 2785 1890 2837 καὶ

305 2874 488 2937 ἐξισοῖ
514 2877 626 2937 τοῖς
661 2874 932 2945 μαθηταῖς
962 2875 1060 2931 καὶ
1090 2875 1291 2938 αὐτοὺς
1319 2875 1414 2929 καὶ
1449 2874 1661 2928 ἑαυτόν.
1697 2874 1893 2928 Καίτοι

305 2980 375 3032 γε
406 2964 510 3017 οὐκ
538 2965 719 3028 αὐτοῖς
764 2964 1049 3035 ἐλάλησεν,
1099 2963 1238 3018 ἀλλὰ
1272 2967 1389 3027 τοῖς
1421 2964 1764 3029 ἀποστόλοις,
1798 2964 1893 3016 καὶ

302 3055 377 3111 δι’
410 3056 638 3111 ἐκείνων
663 3059 780 3121 τοῖς
825 3056 1065 3122 πολλοῖς*
1105 3057 1258 3127 ὅμως
1288 3057 1507 3125 ἐπαίρει
1539 3056 1600 3108 τὸ
1633 3057 1887 3126 πρᾶγμα,

304 3149 409 3201 καὶ
452 3148 735 3202 δείκνυσιν
765 3149 851 3203 ὅτι
902 3150 1001 3203 καὶ
1049 3148 1237 3212 αὐτοῖς
1282 3146 1512 3216 ὲλάλησε
1536 3186 1552 3214 ,
1586 3146 1684 3200 καὶ
1737 3144 1895 3199 τοῦτο

2002 3146 2191 3202 multis
2248 3145 2372 3199 aliis
2428 3161 2444 3198 :

305 3241 452 3311 πρὸς
483 3239 854 3311 παράκλησιν.

385 3423 497 3473 Ὃν
523 3421 705 3487 ἔθηκε
764 3419 1148 3487 κληρονόμον
1184 3416 1449 3471 πάντων.
1495 3414 1756 3468 Τουτέστι
1802 3412 1897 3467 τοῦ

303 3513 520 3584 κόσμου
574 3513 779 3575 παντὸς
823 3512 1048 3580 ἐποίησε
1079 3508 1308 3580 Κύριον.
1345 3508 1542 3562 οὐκέτι
1589 3507 1697 3577 γὰρ
1735 3509 1897 3576 μερὶς

304 3608 521 3677 Κυρίου
556 3607 589 3659 ὁ
629 3604 846 3671 Ἰακὼϐ,
874 3604 1013 3658 ἀλλὰ
1042 3602 1260 3666 πάντες.
1290 3600 1644 3672 κληρονόμον
1669 3599 1725 3653 δὲ
1750 3595 1897 3664 εἷπε,

306 3698 527 3758 δεικνὺς
565 3697 663 3749 καὶ
699 3695 762 3749 τὸ
815 3695 915 3764 τῆς
968 3693 1228 3762 Υίότητος
1280 3692 1527 3761 γνήσιον,
1580 3690 1766 3744 καὶτὸ
1797 3691 1898 3760 τῆς

308 3788 654 3859 κυριότητος
703 3786 1142 3840 ἀναπόσπαστον.
1182 3783 1307 3847 Πῶς
1333 3781 1390 3836 δὲ
1444 3782 1702 3849 ἐποίησεν
1737 3779 1898 3835 αὐτὸν

308 3879 554 3950 Κύριονς
611 3879 700 3939 Ὠς
726 3862 1037 3946 ἄνθρωπον,
1064 3873 1140 3938 ὡς
1166 3875 1259 3929 καὶ
1299 3876 1357 3928 ἐν
1387 3872 1465 3944 τῷ
1494 3873 1736 3942 δευτέρῳ
1766 3872 1899 3943 φησὶ

306 3968 548 4039 ψαλμῷ·
590 3969 843 4034 Αἷτησαι
869 3966 1004 4036 παρ’
1038 3966 1212 4036 ἐμοῦ,
1258 3966 1357 4019 καί
1402 3964 1576 4019 δώσω
1619 3979 1721 4018 σοι
1749 3963 1896 4029 ἔθνη

308 4059 429 4127 τὴν
458 4059 874 4128 κληρονομίαν
902 4075 1040 4113 σου.
1070 4056 1236 4112 Ποίαν
1256 4057 1312 4110 δὲ
1340 4059 1640 4128 κυριότητα
1661 4053 1898 4108 ἐνταῦθα

310 4166 448 4220 φησι
473 4168 489 4216 ;
526 4150 643 4220 τὴν
675 4150 784 4203 τῶν
799 4149 1063 4211 ἑκουσίως
1086 4146 1564 4215 ὑποταττομένων,
1584 4144 1684 4215 τὴν
1706 4162 1898 4216 προαι-

312 4243 565 4311 ρετικὴν.
606 4240 759 4310 Αὕτη
815 4242 924 4309 γὰρ
977 4240 1132 4311 ἐδόθη
1185 4237 1266 4311 τῷ
1310 4238 1425 4307 Υίῷ
1473 4237 1549 4300 ὡς
1600 4234 1894 4307 ἀνθρώπῳ,

308 4335 651 4399 ἑπιγνόντων
684 4334 843 4386 αὑτὸν
873 4334 1109 4387 πάντων·
1144 4332 1268 4386 επεὶ
1293 4331 1395 4402 τήν
1417 4347 1475 4383 τε
1496 4328 1518 4360 ⁸
1546 4328 1781 4398 φυσικὴν
1802 4328 1898 4382 καὶ

313 4426 586 4485 ἀκόντων.
619 4425 754 4477 καθὸ
781 4426 998 4494 εἴρηται
1024 4465 1040 4490 ,
1079 4423 1156 4478 Τὰ
1202 4423 1527 4492 σύμπαντα
1555 4420 1748 4475 δοῦλα
1791 4422 1893 4484 σὰ,

312 4516 426 4585 πρὸ
458 4515 682 4568 πάντων
706 4514 814 4567 τῶν
839 4513 1052 4568 αἰώνων
1082 4511 1249 4583 εἶχεν.

312 4610 409 4676 qui
455 4608 614 4661 inviti
669 4607 1090 4675 obtemperant,
1136 4606 1436 4660 secundum
1495 4605 1641 4673 quod
1690 4603 1893 4658 dictum
1958 4613 2042 4660 est
2091 4622 2108 4661 :

313 4704 577 4758 habebat.

388 4799 472 4851 Δι’
510 4793 585 4853 οὗ
639 4795 737 4849 καὶ
767 4794 912 4859 τοὺς
950 4793 1170 4858 αἰῶνας
1206 4793 1515 4859 ἐποίησεν.
1552 4793 1735 4847 Εἰπὼν
1769 4794 1897 4864 περὶ

315 4890 421 4958 τῆς
448 4887 653 4958 σαρκὸς
676 4886 771 4942 τοῦ
806 4886 939 4940 Υἱοῦ
963 4887 1061 4955 τῆς
1084 4884 1211 4955 χθὲς
1239 4884 1331 4937 καὶ
1366 4884 1557 4955 πρώην
1576 4886 1895 4956 βυστάσης.

318 4980 512 5044 ἀνάγει
552 4995 613 5030 σε
652 4978 840 5032 λοιπὸν
885 4978 982 5031 καὶ
1010 4978 1104 5029 ἐπὶ
1136 4977 1197 5029 τὸ
1248 4973 1380 5043 ὕψος
1427 4976 1525 5045 τῆς
1562 4977 1893 5045 προαιωνίου

315 5069 491 5122 αὐτοῦ
531 5069 808 5137 θεότητος.
850 5067 961 5120 Ποῦ
983 5066 1039 5119 δέ
1085 5068 1223 5118 εἰσιν
1254 5066 1303 5118 οἱ
1346 5066 1595 5134 λέγοντες
1618 5083 1635 5101 ο
1666 5063 1890 5133 Ἶιναὸτε

321 5162 432 5214 οὐκ
478 5156 579 5229 ir);
613 5160 785 5222 Αὐτὸς
830 5160 958 5218 ποὺς
1004 5156 1204 5220 αἰῶνας
1240 5157 1488 5227 ἐποίησε,
1541 5157 1784 5218 καὶπῶς
1829 5153 1898 5228 ἦν

317 5251 481 5328 αίὼν,
516 5252 607 5304 ὅτι
640 5251 742 5303 οὐκ
772 5247 840 5318 ἦν
870 5248 1068 5314 αὐτός;
1115 5245 1335 5315 Ἐπειδὴ
1363 5246 1418 5298 δὲ
1447 5246 1616 5309 αἴτιος
1649 5248 1677 5298 ὁ
1707 5245 1895 5316 Πατὴρ

317 5342 421 5395 τοῦ
480 5342 632 5404 Υίοῦ,
670 5342 899 5403 εἰκότως
947 5340 1043 5394 καὶ
1088 5339 1197 5393 τῶν
1237 5338 1329 5391 ὑπ’
1362 5338 1525 5392 αὑτοῦ
1568 5338 1895 5407 γενομένων.

319 5434 428 5488 Διά
452 5434 608 5488 τοῦτό
634 5452 792 5505 φησι,
829 5433 909 5488 Δι’
939 5428 1038 5488 οὗ.
1077 5430 1136 5486 Ὀ
1168 5429 1356 5502 Πατὴρ
1391 5431 1501 5501 γὰρ
1532 5430 1682 5484 δοκεῖ
1706 5430 1901 5493 ποιεῖν,

1998 601 2128 656 tiam
2176 617 2277 659 vos
2329 603 2512 672 adepti
2566 604 2723 667 estis.
2780 617 2945 673 quam
2996 600 3096 655 illi.
3145 595 3279 650 Nam
3325 592 3392 648 ad
3448 593 3571 648 illos

1996 695 2293 764 prophetas
2320 696 2492 759 misit,
2529 695 2599 750 ad
2633 711 2731 750 vos
2754 704 2932 749 autem
2959 692 3136 759 ipsum
3162 686 3360 741 Filium
3381 697 3567 739 suum.

1995 786 2136 854 Quid
2177 798 2361 843 autem
2401 797 2487 846 est
2523 789 2668 859 quod
2699 789 2776 844 ait
2812 805 2827 843 :
2867 783 3246 854 Multifariam,
3288 779 3570 844 multisque

1999 880 2168 933 modis
2197 881 2221 934 .9
2252 895 2374 950 pro,
2398 879 2790 940 diversimode,
2819 885 2871 932 et
2914 874 3099 929 multis
3128 867 3434 941 speciebus.
3460 864 3569 933 Ego

1995 971 2165 1035 enim,
2226 972 2424 1040 inquit,
2470 971 2693 1027 visiones
2744 965 3126 1036 ntultiplicavi,
3165 972 3212 1016 et
3244 962 3298 1015 in
3328 960 3569 1013 manibus

1993 1063 2371 1131 prophetarum
2418 1062 2747 1115 assimilatas
2771 1076 2887 1114 sum
2917 1058 2979 1112 ⁷⁸.
3009 1052 3246 1109 Proinde
3268 1051 3395 1121 quid
3428 1064 3570 1119 aagre

1994 1152 2170 1215 fertis,
2229 1151 2476 1221 estisque
2537 1149 2961 1220 pusillanimes,
3021 1144 3221 1199 talibus
3289 1140 3567 1208 tantisque

1993 1240 2183 1297 donati
2210 1242 2233 1296 ?

2066 1332 2134 1386 In
2191 1332 2486 1386 novissimis
2529 1327 2711 1381 diebus
2764 1325 2906 1377 hisce
2956 1324 3162 1375 locutus
3210 1329 3284 1372 est
3324 1317 3471 1370 nobis
3511 1315 3568 1368 in

1992 1422 2160 1478 Filio.
2179 1422 2353 1477 Etiam
2378 1437 2472 1491 th‘
2496 1421 2597 1474 hoc
2616 1432 2713 1473 eos
2731 1417 2955 1476 excitat,
2982 1411 3232 1481 inquiens
3256 1426 3269 1462 :
3301 1407 3569 1461 Consum-

1993 1516 2163 1568 matio
2219 1528 2389 1583 prope
2436 1519 2539 1565 est.
2602 1507 2737 1563 Nam
2779 1509 2833 1561 in
2874 1506 3176 1591 certamine
3215 1498 3566 1566 defatigatus,

1991 1605 2155 1661 simul
2213 1612 2376 1674 atque
2429 1600 2697 1655 audiverit
2755 1587 3070 1652 certaminis
3145 1590 3338 1646 adesse
3382 1587 3566 1646 linem,

1991 1698 2226 1766 respirat
2270 1694 2575 1765 paululum.
2626 1689 2799 1744 Porro
2849 1686 2996 1741 aliud
3050 1682 3311 1753 quiddam
3358 1674 3569 1732 iudicat

1995 1803 2092 1859 per
2136 1789 2239 1842 hoc
2287 1785 2430 1855 quod
2477 1784 2550 1837 ait
2587 1799 2604 1838 :
2648 1780 2714 1835 In
2758 1778 3053 1834 novissimis
3097 1774 3300 1827 diebus.
3338 1766 3569 1835 Quando

1991 1882 2160 1942 enim,
2198 1878 2397 1948 inquit,
2430 1892 2539 1931 non
2577 1875 2846 1943 reliquum
2874 1878 2994 1924 erat
3026 1877 3239 1934 tempus
3282 1861 3347 1915 ad
3385 1874 3571 1913 emen-

1990 1973 2287 2034 dationem,
2309 1969 2401 2025 sed
2432 1968 2611 2039 poenis
2638 1979 2862 2019 eramus
2890 1959 3137 2022 obnoxii,
3167 1953 3390 2026 quando
3423 1950 3568 2004 nulla

1991 2082 2116 2135 spes
2161 2069 2470 2134 supererat,
2518 2041 2739 2130 quando
2775 2059 2917 2109 dona
2966 2055 3360 2110 cessaverant;
3413 2051 3564 2102 tunc,

1992 2133 2193 2225 inquit,
2236 2133 2398 2225 plura
2469 2151 2680 2206 taeter-is
2714 2145 3025 2201 habuimus.
3058 2139 3213 2207 Quod
3253 2145 3432 2191 autem
3470 2133 3567 2194 ait,

1989 2247 2058 2302 In
2074 2223 2251 2310 Filio,
2283 2252 2365 2300 est
2393 2258 2513 2314 pro,
2540 2257 2633 2310 per
2664 2237 2885 2292 Filium.
2918 2235 3165 2289 Observa
3211 2228 3372 2281 etiam
3424 2223 3570 2314 hunc

1991 2336 2171 2390 locum
2206 2309 2473 2388 adversus
2518 2309 2616 2384 eos
2648 2328 2739 2397 qui
2773 2327 2964 2380 dicunt
2996 2316 3435 2391 prapositinnem
3468 2309 3566 2380 (in)

1990 2427 2311 2483 attributam
2342 2437 2467 2479 esse
2515 2418 2772 2492 Spiritui.
2816 2416 2999 2481 Quare
3026 2419 3205 2465 autem
3253 2421 3363 2462 non
3403 2402 3565 2464 dixit,

1989 2515 2233 2570 Locutus
2281 2524 2366 2568 est
2393 2510 2551 2566 nobis
2579 2508 2829 2563 Christus
2856 2505 2880 2558 ἲ
2948 2502 3151 2556 Partim
3191 2495 3409 2568 quidem
3441 2492 3567 2560 quia

1989 2606 2295 2661 imbecilles
2346 2610 2526 2666 erant,
2585 2615 2685 2655 nec
2732 2604 2991 2669 poterant
3040 2592 3220 2646 adhuc
3272 2585 3460 2641 audire
3502 2581 3571 2637 de

1991 2697 2216 2752 Christo
2244 2714 2258 2750 :
2295 2695 2494 2765 partim
2536 2707 2668 2748 vero
2700 2698 2759 2742 ut
2789 2684 3046 2742 ostendat
3068 2680 3244 2736 Vetus
3273 2688 3329 2733 et
3356 2674 3569 2730 Novum

1995 2788 2409 2843 Testamentum
2456 2800 2581 2840 esse
2629 2783 2790 2835 unius
2823 2788 2879 2834 et
2912 2774 3180 2846 ejusdem.
3213 2770 3412 2824 Verum
3448 2781 3572 2837 per-

1990 2880 2167 2950 pende
2215 2879 2376 2932 etiam
2429 2874 2576 2945 quod
2621 2873 2720 2936 ait,
2773 2869 2970 2924 nobis:
3004 2862 3288 2932 coniungit
3330 2858 3478 2950 enim
3516 2862 3577 2950 et

1991 2944 2243 3034 adaequat
2298 2944 2593 3032 discipulis
2635 2974 2763 3014 cum
2815 2958 2964 3026 ipsos
2998 2962 3114 3007 tum
3148 2964 3290 3005 sese.
3329 2944 3569 3000 Tametsi

1993 3057 2130 3127 ipsis
2159 3072 2269 3111 non
2309 3062 2393 3108 est
2418 3055 2660 3114 locutus,
2692 3064 2883 3104 verum
2923 3043 3212 3116 apostolis,
3243 3048 3298 3095 et
3324 3053 3420 3109 per
3448 3037 3572 3091 illos

2494 3151 2736 3197 attamen
2779 3143 3074 3207 exaggerat
3125 3147 3264 3197 rem,
3321 3129 3572 3185 indicans

2001 3238 2150 3309 quod
2204 3248 2257 3293 et
2322 3236 2456 3307 ipsis
2500 3234 2718 3289 locutus
2772 3230 2884 3294 sit,
2929 3234 3093 3296 atque
3163 3220 3311 3278 istud
3369 3218 3439 3275 iis
3487 3227 3574 3274 est

2003 3331 2223 3388 solatio.

2073 3423 2242 3479 Vens.
2276 3424 2330 3475 Ξ.
2371 3420 2541 3485 Quem
2582 3414 2853 3471 constituit
2884 3409 3142 3467 Itwredem
3183 3405 3571 3460 universorum.

2001 3516 2115 3571 lloc
2141 3523 2246 3577 est,
2282 3512 2453 3568 totius
2481 3507 2666 3562 mundi
2703 3505 2832 3560 fecit
2864 3501 3180 3556 Dominum.
3228 3494 3346 3550 Non
3395 3492 3575 3548 adhuc

1999 3607 2143 3663 enim
2176 3620 2306 3675 pars
2338 3599 2552 3657 Domini
2584 3606 2669 3654 est
2698 3595 2887 3655 Iacob.
2925 3591 3021 3650 sed
3043 3603 3257 3646 omnes.
3294 3582 3572 3640 llaaredem

2000 3706 2182 3752 autem
2214 3696 2375 3756 dixit,
2409 3692 2708 3749 ostendens
2731 3703 2857 3743 eum
2880 3683 3175 3755 genuinum
3207 3693 3332 3733 esse
3347 3676 3571 3737 Filium,

2001 3788 2407 3856 Dominamque
2441 3781 2779 3854 huiusmodi,
2828 3794 2857 3831 a
2905 3790 3014 3845 quo
3049 3773 3366 3829 dominatus
3413 3766 3573 3856 avelli

2001 3894 2111 3933 non
2136 3854 2333 3947 possit.
2363 3872 2649 3941 Quomodo
2673 3877 2855 3925 autem
2875 3866 3003 3921 iecit
3026 3866 3204 3935 ipsum
3232 3860 3522 3915 Dominum
3550 3854 3577 3908 ἳ

1998 3967 2165 4039 650
2188 3965 2501 4021 Secundum
2529 3965 2829 4019 humanam
2861 3966 3136 4018 naturam,
3161 3949 3394 4023 proinde
3422 3963 3487 4002 ac
3516 3947 3570 4039 in

2004 4037 2220 4129 psalmo
2270 4054 2516 4112 secundo
2566 4054 2690 4110 ait:
2732 4049 2955 4105 Postulo
2997 4063 3030 4099 a
3074 4061 3175 4107 me,
3213 4054 3260 4096 et
3299 4040 3436 4094 dabo
3481 4037 3575 4092 tibi

1996 4159 2173 4220 gentes
2228 4148 2590 4203 Itwreditatem
2660 4156 2809 4197 tuam
2843 4143 2911 4196 ".
2955 4139 3182 4206 Qualem
3244 4141 3426 4189 autem
3486 4132 3578 4186 hic

2003 4238 2348 4293 dominatum
2376 4235 2508 4290 dicit
2537 4235 2560 4288 ?
2584 4234 2641 4288 In
2675 4247 2774 4287 eos
2815 4245 3010 4299 nempe
3031 4228 3123 4297 qui
3154 4231 3350 4295 suapte
3378 4229 3580 4292 sponte

1998 4327 2283 4392 obedinnt,
2332 4323 2704 4380 voluntarium
2762 4319 2993 4376 scilicet.
3062 4316 3172 4372 Iste
3220 4315 3367 4369 enim
3411 4311 3578 4376 Filio,

2001 4428 2278 4490 quatenus
2307 4416 2534 4482 homini,
2569 4416 2727 4468 datus
2770 4420 2874 4474 est,
2913 4409 3169 4464 omnibus
3194 4406 3372 4476 ipsum
3404 4419 3576 4475 agno—

1928 4510 1972 4564 ι)
2003 4511 2284 4569 scentibus
2317 4527 2332 4564 :
2370 4524 2497 4563 nam
2540 4506 2793 4562 natm-ale
2825 4490 3049 4572 quidem
3075 4500 3366 4569 imperium
3397 4497 3453 4551 in
3478 4510 3586 4552 eos

2167 4601 2360 4655 Omnia
2408 4600 2503 4654 tibi
2556 4600 2787 4654 serviunt
2846 4595 2915 4662 ⁸ο,
2966 4604 3095 4650 ante
3143 4593 3328 4649 omnia
3376 4589 3585 4648 saecula.

2073 4792 2177 4848 Per
2213 4804 2365 4859 quem
2406 4796 2455 4842 et
2498 4786 2620 4854 fecit
2663 4784 2884 4840 σαρκία.
2936 4784 3073 4839 Cum
3114 4782 3185 4838 de
3229 4795 3395 4836 carne
3450 4775 3575 4834 Filii

2003 4879 2256 4942 dixisset,
2301 4894 2423 4949 qua:
2453 4876 2567 4931 heri
2611 4885 2665 4930 et
2702 4875 3113 4930 nudiustertius
3149 4872 3384 4938 coaluit,
3424 4870 3578 4926 dein—

2004 4986 2133 5042 cepa
2167 4981 2219 5026 te
2264 4970 2331 5024 ad
2377 4968 2724 5037 sempiternae
2772 4965 3079 5019 divinitatis
3122 4963 3246 5033 ejus
3301 4961 3577 5030 fastigium

2007 5061 2280 5132 perducit.
2313 5059 2416 5114 Ubi
2443 5067 2623 5112 autem
2656 5065 2785 5112 sunt
2813 5056 2847 5110 ii
2882 5056 3215 5126 quidicunt:
3250 5052 3379 5107 Erat
3402 5065 3580 5120 quan-

2007 5151 2079 5207 do
2106 5165 2213 5204 non
2236 5148 2555 5220 eratilpse
2612 5148 2814 5204 saecula
2871 5145 3138 5210 condidit,
3189 5154 3243 5199 et
3303 5137 3585 5212 quomodo

1948 5298 1951 5301 .
2004 5250 2123 5298 erat
2140 5243 2422 5308 saeculum,
2440 5239 2658 5311 quando
2677 5254 2784 5294 non
2805 5247 2918 5293 erat
2953 5238 3068 5308 ipse
3099 5238 3123 5290 i
3148 5235 3416 5302 Quoniam
3449 5244 3581 5282 vero

2007 5338 2168 5392 Pater
2204 5346 2290 5391 est
2338 5343 2531 5390 auctor
2570 5333 2717 5399 Filii,
2745 5348 2852 5386 non
2891 5329 3163 5385 immerito
3189 5333 3380 5381 auctor
3406 5320 3577 5376 etiam

2010 5443 2200 5484 eorum
2257 5441 2380 5499 qua:
2425 5427 2493 5484 ab
2533 5426 2654 5498 ipso
2705 5422 2845 5481 Filio
2894 5421 3037 5477 facta
3080 5430 3227 5475 sunt.
3282 5413 3579 5484 Propterea

398 5585 444 5619 "
472 5584 611 5643 Osee
643 5603 738 5653 ιιι,
780 5588 827 5643 ί.
904 5578 949 5620 ⁷⁵
997 5585 1139 5641 Psal.
1182 5602 1240 5652 Ιι,
1268 5586 1323 5641 8.
1396 5586 1443 5617 ⁸ο
1485 5585 1627 5640 Psal.
1675 5600 1867 5649 cxvnt,
1906 5582 1996 5638 9i.

1659 5699 1854 5760 Variae
1877 5697 2213 5762 lectiones.

429 5795 449 5826 '
478 5796 600 5852 ἀντὶ
627 5797 721 5853 τοῦ
743 5797 808 5854 δι’
839 5797 969 5855 Υίοῦ
999 5797 1097 5855 καὶ
1120 5800 1178 5856 ἐν
1204 5797 1375 5872 τούτῳ
1401 5814 1475 5854 ιιι.
1555 5801 1574 5832 ³
1600 5800 1692 5855 ἐπὶ
1708 5802 1779 5872 τῇ
1811 5814 1876 5868 γε
1917 5798 2126 5870 φυσικῇ
2160 5811 2214 5856 0.
