4014 6208
432 397 526 461 191

1369 397 1949 457 TIIEOPHYLACTI
1992 396 2404 481 BULGARIE
2445 398 2800 461 ARCHEEP.

3575 401 3681 464 192.

412 515 462 567 'd
493 516 592 577 xit,
635 511 740 566 Per
771 525 941 578 quem.
967 507 1125 562 Pater
1157 506 1303 560 enim
1340 506 1553 560 videtur
1586 506 1786 574 facere,
1821 517 1879 562 ut
1909 508 2000 577 qui

2114 512 2135 562 6
2172 511 2258 562 τὸν
2289 512 2590 581 ποιήσαντα
2628 511 2758 564 Υἱὸν
2794 514 3082 583 γεννήσας.
3150 514 3256 566 Καὶ
3307 514 3589 580 Σαϐέλλιος
3624 502 3682 570 δὲ

434 614 711 658 crcautem
746 600 936 653 Filium
972 598 1271 667 generavit.
1310 596 1585 653 Saluellius
1620 600 1744 654 hinc
1791 601 2005 665 feritur,

429 710 556 748 eum
593 696 711 745 dum
741 692 829 743 hic
863 689 1117 742 Personae
1147 688 1588 743 introducantur.
1616 689 1816 745 Paulus
1844 690 2006 744 etiam

433 786 840 839 Samomtensis
869 783 1066 837 lcthaie
1095 784 1294 837 vulnus
1322 786 1560 854 accipit,
1594 786 1684 855 qui
1735 796 2006 841 recentem

440 878 654 931 dicebat
709 873 929 938 Filium,
963 882 1015 927 et
1061 888 1125 927 cx
1169 873 1336 926 Maria
1384 875 1610 930 duxisse
1651 876 2004 945 principium.

432 968 698 1020 Przcterea
724 972 775 1017 ct
811 963 972 1018 Arius
1014 964 1116 1018 hoc
1148 965 1265 1017 loco
1303 964 1600 1033 trajicitur.
1631 973 2006 1019 verumtamen

434 1075 544 1115 ιιωη
602 1072 774 1124 usque
832 1058 1016 1109 adeo:
1054 1057 1419 1125 apprehendit
1466 1059 1611 1112 enim
1683 1056 1853 1118 istud.
1909 1056 2009 1110 Per

434 1172 608 1224 queui,
662 1169 764 1206 ceu
813 1152 1078 1205 auxilium
1112 1152 1409 1220 quoddam,
1451 1151 1648 1205 Filium
1695 1152 2007 1207 ministrum

436 1264 557 1302 0350
592 1245 890 1298 allirmans.
924 1244 991 1297 At
1020 1257 1149 1298 vero
1176 1259 1296 1313 quae
1322 1251 1626 1312 sequuntur
1654 1246 1832 1314 ipsum
1866 1246 2012 1315 peri-

436 1349 614 1393 Ηιιειιι.

505 1431 609 1496 Qui
640 1445 755 1482 cum
788 1429 856 1482 sit
892 1426 1141 1494 splendor
1171 1426 1375 1497 gloriw.
1409 1425 1487 1481 Ad
1516 1426 1695 1498 ipsum
1730 1428 2006 1499 fastigium

434 1536 624 1574 eorum
661 1534 783 1588 qute
814 1518 880 1573 de
904 1515 1041 1573 Filio
1079 1521 1369 1591 magnifice
1409 1520 1782 1591 praedicantur
1818 1536 2013 1575 ascen-

439 1613 541 1675 dit,
589 1619 642 1665 et
676 1610 864 1679 gJorize
912 1609 1261 1678 splendorem
1322 1610 1502 1680 ipsum
1563 1610 1742 1665 dicit:
1791 1619 1849 1665 ut
1908 1613 2011 1668 hoc

438 1704 642 1765 tlist‘as,
683 1702 828 1770 quod
857 1701 922 1753 sit
954 1717 1018 1755 ex
1050 1701 1171 1770 ipso
1193 1742 1208 1764 ,
1240 1700 1386 1771 quod
1418 1702 1537 1756 sine
1566 1703 1842 1772 passione,
1865 1703 2013 1774 quod

439 1810 503 1849 eo
529 1809 634 1846 non
664 1792 971 1850 imminuto.
1002 1791 1148 1861 quod
1173 1792 1416 1861 ejusdem
1441 1794 1512 1846 sit
1540 1792 1878 1857 substantiae,
1907 1797 2011 1849 hoc

436 1890 539 1943 est,
568 1881 747 1934 lumen
785 1895 849 1933 ex
880 1880 1107 1934 lumine.
1130 1879 1264 1932 Nam
1290 1881 1499 1935 animas
1527 1887 1747 1936 nostras
1768 1883 1857 1939 ille
1883 1883 2013 1937 illu-

446 1970 692 2032 lttlllaVil,
726 1984 791 2024 ac
823 1968 1039 2023 Patrem
1074 1969 1189 2040 ipse
1218 1969 1504 2038 expressit.
1527 1970 1820 2041 Propterea
1847 1973 2012 2027 etiam

438 2062 575 2115 dixit
612 2078 625 2113 :
671 2058 780 2129 ἔθου
809 2076 927 2113 sum
976 2060 1070 2113 lux
1109 2061 1376 2125 mundi",
1433 2064 1693 2130 quoniam
1735 2062 1899 2118 simul
1943 2063 2013 2119 ab

442 2161 648 2211 a-teruo
679 2166 803 2203 cum
849 2151 966 2220 ipso
996 2151 1231 2205 lucebat.
1281 2151 1414 2205 Nam
1460 2153 1719 2223 splendor
1751 2168 1858 2207 una
1887 2169 2011 2209 cum

438 2259 495 2296 re
548 2243 664 2311 ipsa
715 2256 835 2309 qum
883 2243 1229 2311 splendorem
1298 2244 1523 2310 emittit,
1572 2245 1826 2301 collucet.
1871 2243 2007 2299 Nam

434 2347 607 2400 neque
636 2332 716 2384 sol
754 2332 873 2387 sine
910 2332 1202 2402 Splendnre
1258 2348 1496 2402 unquam
1524 2335 1799 2403 apparuit,
1838 2350 2014 2405 neque

434 2415 595 2473 Pater
619 2422 942 2484 intelligitur
971 2423 1090 2478 sine
1121 2421 1282 2477 Filio.
1321 2424 1551 2489 Quaado
1591 2425 1756 2495 igitur
1777 2425 2013 2481 Arianos

438 2509 631 2562 audias
673 2511 943 2573 dicentes,
973 2511 1028 2565 Si
1056 2528 1121 2566 ex
1160 2512 1324 2568 Patre
1354 2512 1548 2576 Filius,
1581 2515 1855 2583 posterior
1882 2531 2013 2585 ergo

436 2607 521 2653 est
557 2601 719 2655 Patre
754 2620 767 2656 :
806 2603 1077 2670 responde
1107 2604 1188 2658 eis
1212 2644 1227 2668 ,
1260 2603 1608 2673 splendorem
1658 2620 1690 2659 a
1717 2606 1831 2660 sole
1867 2596 2009 2673 esse,

434 2705 533 2742 nec
584 2699 762 2745 tamen
804 2707 868 2746 eo
906 2694 1263 2762 posteriorem
1296 2708 1419 2749 esse
1473 2712 1487 2749 :
1541 2695 1705 2749 simul
1745 2695 1889 2750 enim
1929 2697 2014 2752 sol

432 2795 557 2833 cum
592 2796 696 2837 suo
734 2784 1026 2851 splendore
1048 2783 1494 2853 deprehenditur.

427 2858 432 2863 ’
508 2874 576 2926 ει
604 2875 777 2942 ﬁgura
806 2874 1120 2927 ευὸειαηιὶιε
1140 2873 1279 2939 eius.
1312 2877 1449 2931 Cum
1483 2877 1712 2933 dixisset
1759 2880 2013 2949 splendu-

436 2980 575 3029 rem,
604 2980 666 3017 ac
695 2973 982 3034 propterea
1013 2965 1210 3020 Filium
1243 2964 1389 3021 Patri
1420 2979 1843 3037 coacternum,ct
1864 2973 2014 3043 ejus-

437 3057 558 3111 dem
591 3072 713 3129 cum
747 3056 939 3112 eodem
972 3059 1224 3112 essentia:
1251 3068 1763 3127 commonstrasset,
1793 3079 2009 3131 rursus,

2108 598 2357 652 ἐντεῦθεν
2393 602 2711 668 πλήττεται,
2742 602 2837 655 ἆτε
2868 602 2962 656 δύο
3000 604 3348 659 ὑποστάσεων
3387 608 3680 678 εἰσαγομέ-

2108 708 2233 744 νων.
2277 694 2385 745 Καὶ
2421 694 2638 760 Παῦλος
2668 697 2726 751 δὲ
2757 700 2785 749 6
2828 698 3178 767 Σαμοσατεὺς
3208 700 3428 767 καιρίαν
3467 702 3682 770 λαμϐά-

2109 798 2189 834 νει
2242 785 2479 855 πληγὴν,
2514 787 2573 849 ὃς
2614 788 2930 861 πρόσφατον
2976 789 3128 856 ἔλεγε
3162 788 3252 842 τὸν
3280 790 3429 855 Υἰδν,
3481 794 3574 846 καὶ
3618 795 3683 846 ἐκ

2110 873 2329 941 Μαρίας
2356 874 2679 945 ἀρξάμενον.
2725 878 2835 928 Καὶ
2873 878 3093 947 ’Λρειος
3134 876 3190 929 δὲ
3224 878 3319 930 σὺν
3347 878 3520 948 τούτῳ
3552 881 3681 947 βάλ-

2109 964 2258 1015 λεται
2290 964 2410 1033 μὲν,
2464 967 2604 1034 πλὴν
2629 967 2746 1020 ἀλλ’
2772 967 2832 1020 οὑ
2861 968 3136 1032 τοσοῦτον,
3169 967 3545 1038 ἐπιδράττεται
3570 970 3682 1041 γὰρ

2107 1051 2243 1117 τοῦ,
2286 1053 2370 1105 Δι’
2403 1048 2498 1117 οὗ,
2541 1054 2617 1117 ὼς
2666 1053 3009 1124 βοηθήματος
3053 1071 3219 1117 τινος,
3269 1055 3539 1124 ὑπουργὸν
3590 1057 3680 1109 τὸν

2110 1144 2240 1198 Υἰὺν
2266 1144 2460 1214 λέγων.
2492 1146 2573 1199 Τά
2619 1130 2801 1216 μέντοι
2839 1147 3038 1218 ἑφεξῆς
3069 1146 3232 1200 αὑτὸν
3263 1146 3609 1203 θανατοῦσιν.

2185 1424 2293 1489 “Oc
2324 1419 2408 1476 ὢν
2460 1421 2829 1492 ἀπαύγασμα
2859 1419 2988 1489 τῆξ
3019 1420 3229 1490 δόξης.
3300 1420 3419 1476 Ἐπ’
3445 1421 3574 1476 αὑτὸ
3617 1418 3682 1475 τδ

2110 1513 2244 1585 ὕψος
2272 1514 2438 1586 ἀνέϐη
2463 1517 2485 1547 ⁹
2516 1514 2618 1583 τῆς
2649 1513 2781 1585 περὶ
2820 1513 2915 1567 τοῦ
2959 1514 3086 1568 Υἰοῦ
3128 1512 3550 1585 μεγαληγορίας.
3585 1517 3680 1568 καὶ

2110 1606 2451 1675 ἀπαύγασμα
2499 1604 2661 1659 αὐτὸν
2702 1606 2853 1673 λέγει
2901 1604 3093 1677 δόξηςο
3136 1606 3222 1659 ἵνα
3270 1605 3430 1659 τοῦτο
3478 1606 3679 1677 μάθῃς,

2110 1698 2194 1751 ὅτι
2236 1694 2297 1761 ἐξ
2325 1695 2514 1761 αὑτοῦ,
2546 1696 2628 1749 ὅτι
2664 1694 2915 1761 ἀπαθῶς,
2949 1696 3031 1749 ὅτι
3080 1696 3141 1749 ού
3180 1695 3525 1767 μειωθέντος.
3559 1696 3681 1750 οὐδὲ

2114 1787 2526 1851 ἐλαττωθὲντος,
2564 1785 2646 1839 ὅτι
2683 1786 2785 1855 τῆς
2819 1785 2989 1856 αὑτῆς
3021 1786 3229 1851 οὐσίας,
3267 1786 3531 1854 τουτέστι,
3564 1787 3682 1854 φῶς

2044 1849 2085 1904 Β
2115 1878 2179 1930 ὲκ
2212 1876 2405 1945 φωτός.
2461 1849 2572 1929 κει
2599 1875 2709 1946 γὰρ
2741 1849 2854 1928 *καὶ
2881 1849 2981 1939 τάς
3018 1849 3292 1946 ἡμετέρας
3318 1875 3495 1947 ψυχὰς
3517 1849 3684 1945 sed»;

2112 1985 2250 2033 τισε,
2299 1968 2396 2022 καὶ
2428 1968 2519 2021 τὸν
2556 1969 2773 2040 Πατέρα
2804 1968 2965 2031 αὑτὸς
2995 1969 3260 2039 ὲσήμανε.
3296 1969 3388 2022 Διὸ
3432 1970 3526 2022 καὶ
3562 1970 3683 2023 ελε-

2112 2074 2242 2127 γενο
2284 2058 2430 2127 Ἐγώ
2456 2061 2574 2126 εἰμι
2602 2059 2669 2112 τὸ
2701 2058 2827 2128 φῶς
2861 2058 2967 2113 τοῦ
2999 2060 3253 2129 κόσμου,
3285 2059 3366 2112 ὅτι
3398 2059 3683 2122 συναῖδίως

2112 2148 2265 2218 αύτῷ
2296 2150 2795 2220 συνεμφαινόμενος
2819 2164 2835 2180 ⁸
2866 2150 2958 2202 καὶ
2992 2149 3100 2219 γὰρ
3136 2149 3197 2202 τὸ
3235 2149 3573 2218 ἀπαύγασμα
3601 2146 3684 2219 τῷ

2112 2238 2484 2307 ἀπαυγάζοντι
2519 2240 2963 2310 συνεμφαίνεται.
3000 2240 3138 2293 Οὔτε
3170 2241 3279 2311 γὰρ
3314 2241 3466 2310 ἥλιος
3490 2239 3683 2312 ὼράθη

2114 2334 2245 2386 ποτε
2277 2333 2445 2404 χωρὶς
2477 2331 2932 2403 ἀπαυγὰσματος,
2960 2332 3084 2386 οὔτε
3123 2334 3313 2401 Πατὴρ
3339 2336 3536 2385 νοεῖται
3569 2350 3681 2401 χω-

2117 2423 2201 2495 ρὶς
2244 2422 2396 2477 rio-3.
2425 2424 2595 2478 Ὅταν
2625 2418 2720 2477 οὖν
2747 2424 2987 2496 ἀκούσῃς
3022 2424 3133 2477 τῶν
3167 2422 3463 2493 ’Λρειανῶν
3496 2423 3683 2490 λεγόν-

2114 2530 2223 2566 των
2254 2514 2336 2567 ὅτι
2362 2515 2425 2568 Ei
2454 2516 2517 2567 ὲκ
2549 2514 2763 2586 Πατρὸς
2792 2515 2821 2566 6
2851 2514 3004 2580 Υἰὸς,
3033 2514 3218 2568 λοιπὸν
3235 2512 3458 2582 ὕστερος
3480 2512 3644 2567 αὑτοῦ
3662 2528 3681 2545 ·

2114 2605 2326 2668 ἀντίθες
2355 2607 2555 2669 αὐτοῖς.
2585 2607 2667 2659 ὄτι
2698 2607 2805 2659 Καὶ
2828 2605 2887 2658 τδ
2920 2605 3260 2675 ἀπαύγασμα
3294 2608 3356 2659 ὲκ
3382 2606 3475 2659 τοῦ
3504 2605 3681 2675 ἡλίου,

2114 2698 2211 2752 καὶ
2240 2699 2338 2768 οὑχ
2369 2695 2591 2767 ὕστερον
2622 2696 2788 2751 αὑτοῦ
2809 2714 2824 2730 ο
2858 2696 2974 2769 ἅμα
3002 2696 3109 2769 γάρ
3146 2697 3318 2769 ἥλιος,
3351 2698 3464 2769 ἃμα
3500 2695 3684 2750 ἀπαύ-

2116 2802 2325 2856 γασμα.

2187 2877 2295 2932 Καὶ
2324 2874 2632 2945 χαρακτὴρ
2675 2872 2774 2943 τῆς
2810 2873 3202 2938 ὑποστάσεως
3244 2872 3447 2927 αὑτοῦ.
3490 2871 3681 2925 Εἰπὼν

2114 2971 2473 3039 ἀπαύγασμα,
2515 2967 2612 3020 καὶ
2658 2966 2747 3019 eis
2800 2965 2959 3018 τοῦτο
3008 2964 3069 3016 τὸ
3133 2963 3269 3034 πρὸς
3323 2963 3412 3016 τὸν
3465 2962 3682 3033 Πατέρα

2113 3060 2400 3131 ὀμοούσιον
2449 3061 2544 3112 καὶ
2602 3057 2869 3112 συνατδιον
2918 3055 3097 3122 δείξας
3150 3054 3241 3107 τοῦ
3291 3054 3443 3116 Υἰοῦ,
3500 3049 3679 3116 αὖθις,

433 3148 559 3217 quia
595 3146 851 3216 splendor
880 3147 1183 3203 substantia
1212 3158 1384 3212 caret,
1417 3152 1706 3220 curatjam
1757 3154 2011 3208 absurdi-

2115 3151 2302 3221 ἐπειδὴ
2354 3148 2415 3205 τὸ
2468 3150 2810 3218 ἀπαύγασμα
2845 3147 3216 3201 ἀνυπόστατόν
3244 3146 3288 3178 ¹⁶
3335 3148 3471 3209 ἐστι,
3523 3144 3684 3212 Θερα-

433 3246 600 3291 tatem
631 3252 751 3306 qua!
779 3237 848 3291 ab
883 3237 991 3292 ἱείό
1016 3240 1268 3309 exemplo
1313 3241 1494 3311 colligi
1544 3245 1740 3310 potuit,
1774 3259 1841 3299 ne
1866 3245 2011 3300 Mar-

435 3329 575 3383 cello
613 3337 665 3383 ct
696 3329 939 3384 Sabellio
962 3331 1051 3384 hic
1080 3332 1234 3385 locus
1261 3332 1622 3401 relinquatur,
1648 3336 1740 3405 qui
1761 3337 2015 3394 dicebant

426 3436 547 3475 'non
602 3434 723 3475 esse
787 3418 987 3474 Filium
1043 3421 1097 3476 in
1160 3423 1377 3493 propria
1430 3441 1663 3494 persona
1713 3427 2015 3485 etaPatre

441 3513 729 3566 distincta.
755 3509 894 3566 Dicit
916 3527 1046 3582 ergo
1079 3530 1093 3566 :
1133 3513 1197 3566 Et
1223 3515 1394 3583 ﬁgura
1420 3516 1728 3573 substantiw
1753 3519 1866 3581 eius
1895 3529 1972 3575 est
1993 3538 2012 3577 :

441 3604 541 3656 hoc
567 3615 672 3663 cst.
707 3604 1168 3670 quemadmodum
1193 3606 1351 3676 651
1380 3606 1539 3660 Pater
1569 3608 1622 3662 in
1645 3623 1743 3663 sua
1780 3625 2013 3679 persona

438 3694 774 3752 subsistens.
810 3694 1015 3747 nullius
1042 3695 1271 3749 alterius
1304 3697 1510 3767 indiget
1526 3699 1590 3752 ad
1612 3701 1695 3753 sui
1727 3699 2017 3769 perfectio-

438 3799 588 3850 nem,
636 3785 715 3839 sic
760 3792 814 3838 et
857 3783 1048 3839 Filius.
1081 3786 1377 3857 Postquam
1433 3790 1579 3845 cnim
1619 3792 1936 3846 ostenderat
1965 3793 2017 3848 ei

438 3875 644 3927 nullam
709 3890 833 3930 esse
890 3876 1441 3946 dissimilitudinem,
1503 3882 1786 3951 proprium
1852 3884 2015 3938 etiam

442 3964 601 4033 primi
631 3965 961 4035 exemplaris
980 3967 1354 4023 characterem
1378 3984 1500 4025 esse
1525 3986 1619 4040 per
1647 3971 1762 4025 haec
1787 3972 2016 4027 (leinon-

442 4066 581 4112 strat
609 4058 931 4127 Apostolus.
963 4058 1263 4114 Character
1284 4060 1428 4116 enim
1471 4062 1615 4116 aliud
1647 4062 1907 4132 quiddam
1934 4072 2019 4118 est

436 4149 508 4205 ab
558 4150 884 4220 archetypo,
926 4161 985 4205 ut
1026 4149 1119 4221 qui
1157 4152 1273 4220 ipse
1329 4167 1426 4222 per
1466 4167 1527 4209 se
1569 4154 1856 4221 subsistat,
1900 4153 2019 4210 sine

439 4239 550 4294 ullo
581 4250 767 4294 tamen
792 4241 1113 4296 discrimine
1138 4253 1430 4313 promtypo
1472 4243 1689 4301 similis.
1721 4245 2019 4316 Gregorius

428 4343 616 4386 autem
650 4331 930 4403 Nyssenus
970 4333 1047 4387 ait
1080 4349 1093 4387 :
1134 4334 1604 4399 Quemadmodum
1634 4350 1730 4406 per
1760 4337 2019 4407 splendo-

436 4436 553 4477 rem
600 4424 992 4477 counexionem
1039 4425 1159 4495 ejus
1194 4424 1478 4486 iudicavit.
1522 4424 1604 4480 sic
1627 4441 1722 4496 per
1755 4426 2009 4497 ﬁguram,

2116 3244 2272 3297 πεύει
2300 3242 2361 3295 τὺ
2394 3243 2458 3295 ἐκ
2500 3240 2594 3294 τοῦ
2629 3239 3026 3308 ὑποδείγματος
3053 3236 3271 3299 ἄτοπον,
3320 3236 3408 3289 ἵνα
3442 3234 3516 3306 μὴ
3541 3234 3686 3306 λάϐῃ

2116 3338 2298 3410 χώραν
2321 3335 2638 3406 Μαρκελλος
2676 3334 2771 3386 καὶ
2804 3331 3113 3398 Σαδέλλιος,
3158 3329 3209 3382 οἳ
3245 3329 3453 3396 ἔλεγον,
3496 3328 3570 3397 μὴ
3604 3323 3686 3379 εἰ-

2115 3449 2201 3484 ναι
2232 3429 2321 3483 τδν
2346 3428 2472 3481 Υἰδν
2502 3429 2561 3480 ὲν
2596 3424 2705 3496 ἰδίᾳ
2753 3422 3048 3477 ὑποστάσει
3098 3421 3250 3493 παρά
3294 3420 3387 3473 τδν
3443 3421 3685 3489 Πατέρα.

2115 3525 2285 3594 Φησίν
2311 3520 2403 3574 οὑν
2425 3537 2438 3551 ·
2471 3518 2576 3578 Kal
2604 3515 2906 3587 χαρακτὴρ
2934 3515 3044 3584 τῆς
3072 3514 3466 3579 ὑποστάσεως
3498 3511 3686 3566 αὑτοῦ

2116 3612 2307 3674 ἐστιν,
2358 3606 2491 3673 οἷον,
2528 3608 2718 3679 ὥσπερ
2764 3608 2914 3661 ἐστὶν
2946 3605 3109 3670 αὑτὸς
3140 3604 3503 3665 ὲνυπὸστατος
3534 3602 3690 3656 ούδε-

2118 3704 2207 3767 νὸς
2234 3702 2495 3773 δεόμενος
2526 3702 2607 3762 εἰς
2640 3699 2939 3765 τελείωσιν,
2988 3699 3132 3752 οὕτω
3170 3696 3266 3752 καὶ
3293 3700 3321 3752 6
3355 3696 3504 3760 Υἰός.
3530 3697 3689 3750 Μετά

2117 3796 2225 3865 γὰρ
2258 3792 2317 3847 τὸ
2366 3790 2639 3847 δεικνύναι
2693 3791 2754 3844 r6
2811 3788 3268 3859 ἀπαράλλακτον,
3319 3788 3399 3841 ἔτι
3445 3787 3541 3841 καὶ
3595 3788 3691 3840 τὸν

2122 3885 2395 3949 ἰδιάζοντα
2431 3882 2756 3953 χαρακτῆρα
2784 3879 2879 3934 τοῦ
2927 3878 3285 3952 πρωτοτύπου
3330 3877 3569 3932 δείκνυσι
3599 3876 3690 3930 διὰ

2119 3976 2328 4039 τούτων
2369 3977 2398 4029 6
2461 3972 2803 4036 Ἀπύστολος.
2844 3971 2909 4027 '0
2957 3971 3063 4042 γάρ
3097 3970 3385 4041 χαρακτὴρ
3416 3968 3573 4029 ἄλλος
3603 3982 3689 4029 τις

2121 4068 2238 4122 ἐστὶ
2268 4065 2419 4140 παρά
2459 4064 2520 4118 τὸ
2558 4063 2931 4136 πρωτὸτυπον,
2973 4060 3047 4123 ὼς
3080 4059 3326 4127 ὑφεστὼς
3360 4057 3520 4121 αὐτὸς
3564 4055 3690 4109 καθ’

2121 4160 2335 4224 ἑαυτὸν,
2383 4154 2575 4219 ἐοικὼς
2628 4154 2729 4224 μέν
2759 4168 2842 4206 τοι
2880 4150 3319 4223 ἀπαραλλάκτως
3354 4148 3431 4217 τῷ
3475 4162 3689 4216 πρωτοο

2120 4248 2293 4316 τύπῳ.
2339 4247 2397 4299 '0
2446 4244 2503 4299 δὲ
2549 4243 2772 4314 Νύσσης
2825 4242 3145 4314 Γρηγὸριος.
3184 4241 3396 4309 Ὠσπερ
3450 4238 3536 4290 διὰ
3592 4234 3687 4289 τοῦ

2122 4338 2573 4408 ἀπαυγάσματος,
2599 4334 2754 4403 φησὶ,
2788 4330 2850 4385 τδ
2894 4332 3130 4401 συναφὲς
3164 4329 3386 4395 ἔδειξεν,
3425 4328 3567 4381 οὑτω
3598 4326 3692 4381 διὰ

2121 4431 2215 4484 τοῦ
2259 4426 2603 4499 χαρακτῆρος
2631 4424 2693 4477 τὸ
2740 4424 3065 4478 ἰσοστάσιον.
3123 4422 3182 4475 'O
3212 4422 3321 4491 γὰρ
3364 4420 3427 4472 τδ
3462 4419 3691 4490 μέγεθος

439 4526 649 4569 naturae
682 4516 1071 4586 a'qualitatem.
1103 4516 1210 4581 Qui
1256 4516 1404 4570 enim
1437 4518 1709 4586 suppositi
1746 4518 2012 4588 magnitu-

2120 4523 2221 4591 τῆς
2273 4517 2624 4577 ὑποστάσεως
2674 4516 2732 4567 ὲν
2765 4514 2841 4584 νῷ
2893 4513 3097 4576 λαϐὼν,
3152 4512 3229 4582 τῷ
3280 4509 3691 4579 ὲπιφαινομένῳ

439 4604 621 4659 dinem
665 4605 861 4659 animo
895 4605 1146 4675 concepit
1179 4620 1276 4674 per
1305 4605 1577 4662 visibilem
1612 4607 2013 4676 characterem,

438 4699 662 4752 omnino
720 4696 1047 4752 metiebatur
1115 4696 1294 4765 ipsum
1357 4699 1699 4766 suppositum
1748 4717 1761 4753 :
1834 4714 2017 4769 neque

439 4782 584 4835 enim
609 4784 951 4853 suppositum
982 4784 1197 4837 excellit
1213 4784 1522 4846 character.
1545 4800 1613 4840 ne
1647 4788 1721 4842 sit
1745 4787 1864 4843 sine
1881 4788 2017 4843 sub-

441 4873 711 4938 sistentia,
767 4882 1042 4942 quatenus
1096 4877 1330 4931 excellat
1381 4892 1397 4931 :
1453 4894 1628 4948 neque
1673 4880 2015 4949 suppositum

443 4960 621 5027 majus
651 4972 735 5017 est
760 4964 1081 5021 charactere
1110 5009 1126 5033 ,
1158 4966 1363 5038 alioqui
1396 4983 1605 5039 partem
1636 4970 1785 5025 illam
1816 4972 2015 5025 chara-

442 5051 611 5106 cteris
663 5061 942 5123 expertem
1005 5057 1234 5114 haberet
1293 5074 1307 5114 :
1371 5060 1826 5131 quemadmodum
1891 5078 2013 5116 cum

442 5143 572 5197 alibi
594 5144 727 5200 dicit
759 5143 955 5201 Filium
982 5148 1036 5202 in
1069 5148 1242 5204 forma
1278 5149 1370 5206 Dei
1393 5166 1539 5217 esse,
1573 5152 1677 5207 hoc
1702 5154 1880 5223 ipsum
1912 5169 2014 5211 nos

443 5235 747 5305 intelligere
776 5240 926 5300 velit,
954 5254 1151 5309 nempe
1187 5257 1280 5309 per
1311 5243 1539 5299 formam
1571 5245 1813 5315 quidem,
1847 5246 2020 5317 hypo-

445 5328 618 5382 stasin
650 5346 666 5395 ;
718 5345 816 5400 per
845 5330 1216 5394 characterem
1245 5344 1427 5390 autem
1452 5376 1467 5401 ,
1514 5337 1797 5391 Dominum
1835 5340 1926 5407 qui
1962 5340 2016 5394 in

444 5416 561 5489 ipsa
582 5422 848 5478 cernitur.
890 5422 1298 5479 Commonstrat
1332 5434 1513 5483 autem
1564 5431 1789 5485 ouiiiino
1822 5427 2016 5485 Filium

519 5593 755 5655 "Joan.
811 5614 931 5666 vui,
984 5600 1071 5655 12.

2117 4598 2428 4682 χαρακτῆρι
2486 4605 2703 4668 πάντως
2784 4603 3002 4673 ἐμέτρει
3068 4603 3161 4656 καί
3213 4602 3312 4672 τὴν
3372 4602 3690 4654 ὑπόστασιν.

2119 4700 2256 4755 Οὔτε
2290 4698 2398 4768 γὰρ
2453 4693 2710 4764 ὑπερέχει
2759 4697 2857 4764 τῆς
2907 4693 3256 4755 ὑποστάσεως
3297 4695 3325 4744 ὁ
3380 4691 3690 4760 χαρακτὴρ,

2121 4793 2207 4846 ἵνα
2244 4790 2317 4860 μὴ
2345 4786 2715 4846 ἀνυπόστατος
2749 4778 2804 4857 ᾗ,
2840 4784 2977 4837 καθὸ
3008 4781 3296 4851 ύπερέχειο
3333 4778 3458 4832 οὕτε
3490 4782 3522 4849 ἡ
3555 4778 3694 4831 ὑπό-

2120 4898 2310 4943 στασις
2351 4877 2549 4930 πλείων
2607 4874 2724 4926 ἔστί
2792 4872 2887 4926 τοῦ
2937 4875 3320 4945 χαρακτῆρος·
3377 4865 3415 4939 ἦ
3461 4872 3570 4937 γὰρ
3624 4867 3694 4921 ἂν

2119 4970 2602 5042 ἀχαρακτήριστον
2629 4966 2742 5037 ἔχοι
2775 4967 2950 5017 ἐκεῖνο
2976 4965 3036 5016 τὸ
3061 4963 3256 5031 μέροςο
3288 4958 3576 5030 ὡσπεροῦν
3598 4960 3696 5012 καὶ

2124 5062 2357 5134 ἀλλαχοῦ
2388 5061 2582 5127 λέγων,
2622 5058 2712 5114 τὸν
2760 5056 2887 5110 Υἰὸν
2920 5058 2977 5109 ἐν
3022 5056 3203 5124 μορφῇ
3235 5052 3370 5105 Θεοῦ
3402 5053 3691 5122 ὑπάρχειν,

2124 5156 2259 5212 αὑτὸ
2291 5153 2451 5206 τοῦτο
2484 5150 2695 5205 δίδωσιν
2752 5150 2882 5219 ἡμῖν
2928 5148 3151 5210 ἐννοεῖν,
3195 5145 3411 5215 μορφὴν
3445 5142 3563 5213 μὲν,
3594 5139 3696 5210 τὴν

2124 5247 2427 5303 ὑπόστασιν
2448 5284 2461 5306 ,
2506 5241 2831 5313 χαρακτῆρα
2862 5238 2919 5291 δὲ
2946 5239 3036 5292 τὸν
3071 5236 3274 5308 Κύριον
3304 5236 3361 5288 ἐν
3385 5236 3523 5303 αὐτῇ
3559 5232 3698 5284 Osw-
3780 5252 3786 5262 ο

2130 5338 2413 5409 ρούμενον.
2442 5332 2694 5386 Δείκνυσι
2735 5327 2793 5381 δὲ
2855 5327 3070 5389 πάντως
3098 5326 3158 5379 τὸ
3187 5325 3324 5396 πρὸς
3354 5324 3447 5377 τὸν
3475 5320 3698 5391 Πατέρα

2130 5429 2419 5500 ἰσόμετρον
2447 5423 2541 5479 τοῦ
2568 5421 2721 5477 Υἰοῦ.
2755 5420 2835 5492 Τῇ
2881 5419 2990 5490 γὰρ
3039 5420 3220 5490 μορφῇ
3260 5417 3294 5488 ἡ
3341 5414 3434 5470 τοῦ
3481 5412 3697 5483 Πατρὸς

1792 5693 1994 5756 Varias
2023 5692 2354 5757 lectiones.

518 5791 540 5823 '
566 5792 845 5848 ἀναϐαίνει
884 5810 937 5850 0.
1027 5794 1070 5828 ‘°
1100 5797 1317 5853 ἐννπὸτ.
1360 5812 1413 5852 0.
