4014 6208
307 280 420 343 1(λῖ

1019 279 1425 343 EXPOSITIO
1457 279 1539 340 IN
1580 278 1821 339 EPIST.
1844 279 1945 340 AD
1987 280 2382 342 HEBR/EOS.
2417 309 2486 320 -
2528 284 2688 348 CAP.
2729 285 2777 344 Ι.

3460 285 3562 351 194

302 391 674 465 μεγαλειότης
724 391 1107 463 ὲνθεωρεῖται,
1154 389 1392 459 οὑδαμοῦ
1430 389 1602 457 αὑτῆς
1651 387 1888 457 ὑπερπε-

1991 402 2111 444 esse
2136 388 2283 443 Patri
2309 391 2594 460 aequalem.
2619 390 2677 446 In
2714 392 2888 447 forma
2919 391 3063 447 enim
3092 391 3274 449 Patris
3308 395 3567 464 majesxas

300 500 522 538 πτουσα
547 500 562 514 ·
594 477 631 551 ἦ
683 483 793 553 γὰρ
821 482 887 535 ἂν
913 482 1159 553 ἄμορφον
1211 479 1417 550 εἵη-καὶ
1445 477 1676 538 ἀκαλλὲς
1698 476 1760 528 τὺ
1784 474 1888 540 ἔξω

297 573 409 641 τῆς
451 569 669 643 μορφῆς
710 571 929 637 πῖπτον,
962 571 1102 637 ὅπερ
1133 568 1333 621 ἄτοπον
1372 567 1500 637 περὶ
1533 566 1630 618 τοῦ
1678 562 1888 634 Πατρὺς

299 667 533 720 ἐννοεῖν.
595 666 657 718 Et
710 664 768 718 δὲ
814 663 1052 726 τοσαύτη
1107 660 1255 713 ἐστὶν
1301 661 1334 729 ἡ
1380 658 1740 730 μεγαλειότης
1789 657 1886 711 τοῦ

299 757 545 826 Πατρός,
579 756 677 825 ὅση
702 756 850 826 καὶὴ
886 751 1091 825 μορφὴ.
1124 754 1153 805 ὁ
1192 752 1248 804 δὲ
1275 749 1560 821 χαρακτὴρ
1602 751 1888 820 ἰσόμετρος

298 850 376 917 τῇ
414 849 639 917 μορφῇ·
668 846 782 916 ἔχοι
830 847 897 899 ἂν
943 844 1039 897 καὶ
1080 845 1109 896 ὁ
1164 841 1448 912 χαρακτὴρ
1486 842 1755 910 τοσαύτην
1788 842 1888 908 τὴν

303 939 730 1010 μεγαλειότητα,
778 940 878 1008 ὅση
910 940 977 1010 τῇ
1037 938 1224 1008 μορφῇ
1270 934 1364 990 τοῦ
1411 935 1548 989 Θεοῦ
1600 936 1886 1006 ὲνθεωρεῖ-

299 1047 422 1085 ται.

378 1122 583 1189 Φέρων
622 1138 688 1175 τε
726 1121 799 1175 τὰ
825 1121 1021 1178 πάντα
1058 1124 1139 1189 τῷ
1178 1125 1403 1193 ῥήματι
1437 1122 1548 1191 τῆς
1575 1120 1887 1189 δυνάμεως

300 1213 520 1269 αὑτοῦ.
561 1214 623 1265 '0
668 1212 862 1283 πρώην
897 1213 1369 1285 ὑποδραττόμενος
1420 1212 1537 1276 τοῦ,
1605 1211 1680 1265 δι’
1715 1208 1787 1267 οὗ
1820 1213 1883 1275 ¹¹,

302 1304 407 1357 καὶ
437 1304 516 1366 ὡς
564 1302 839 1373 ὑπουργὸν
867 1303 1032 1357 αὑτὸν
1063 1305 1236 1368 τιθεὶς
1255 1345 1269 1370 ,
1305 1304 1470 1359 ἄκουε
1493 1304 1609 1365 νῦν,
1647 1304 1696 1356 εἰ
1728 1302 1888 1356 δύνα-

304 1412 403 1448 σαι
430 1397 692 1459 συνεῖναι,
720 1394 836 1457 πῶς
861 1394 1097 1448 ἐνταῦθα
1124 1396 1340 1449 δίδωσιν
1367 1397 1395 1448 ὁ
1426 1395 1639 1458 Παῦλος
1671 1393 1747 1464 τῷ
1770 1393 1885 1464 rus

299 1487 407 1555 τὴν
470 1484 780 1538 αὑθεντίαν.
824 1486 940 1539 Οὑκ
989 1482 1112 1538 εἶπε
1165 1486 1246 1550 δὲ,
1301 1486 1487 1556 Φέρων
1531 1488 1599 1555 τῇ
1635 1484 1882 1554 δυνάμει,

300 1577 466 1642 ἀλλὰ,
508 1574 591 1640 τῷ
606 1575 825 1645 ῥήματι
854 1576 965 1643 τῆς
998 1576 1329 1646 δυνάμεως,
1361 1576 1630 1640 τουτέστι,
1686 1574 1765 1645 τῷ
1793 1575 1883 1642 γέ-

308 1684 473 1735 μοντι
540 1664 825 1735 δυνάμεως
854 1666 933 1735 τῷ
960 1666 1184 1720 δυνατὸν
1240 1667 1405 1721 αὑτὸν
1458 1665 1750 1720 δεικνύντι.
1791 1664 1880 1728 Ὠς

302 1759 418 1827 γὰρ
447 1757 631 1824 λέγεις
652 1758 747 1810 καὶ
777 1756 869 1810 τὸν
887 1758 1107 1830 Πατέρα
1141 1760 1320 1812 εἰπεῖν
1340 1775 1355 1789 ο
1380 1759 1702 1826 Γενηθήτω
1729 1754 1876 1826 φῶς,

303 1851 407 1904 καὶ
434 1849 675 1918 ἐγένετο
696 1846 824 1918 φῶς
841 1864 858 1879 ⁸
888 1849 1032 1903 οὑτω
1063 1851 1157 1905 καλ⁵
1183 1852 1212 1904 ό
1239 1851 1370 1915 Υἱὸς
1397 1852 1604 1921 ῥήματι
1634 1850 1789 1919 φέρει
1812 1849 1878 1901 τά

306 1942 514 2003 πάντα,
547 1935 820 2003 τουτέστι,
856 1940 1117 2012 κυϐερνᾷ,
1159 1944 1541 2014 συγκρατεῖη.
1578 1940 1793 1994 Μᾶλλον
1822 1939 1876 1992 δὲ

309 2033 504 2102 μεῖζον
520 2031 612 2085 τοῦ
641 2034 989 2101 παραγαγεῖν
1014 2033 1083 2085 τά
1110 2032 1384 2096 πάντα,τὺ
1405 2030 1878 2096 διαστασιάζοντα,

304 2124 408 2175 καὶ
430 2126 509 2184 εἰς
537 2123 599 2175 τὸ
628 2123 705 2193 μὴ
760 2119 899 2175 εἶναι
934 2122 1194 2193 μέλλοντα
1238 2124 1594 2195 προχωρῆσαι
1640 2138 1881 2192 συγκρα-

307 2216 450 2266 τεῖν.
497 2213 606 2265 Καὶ
661 2213 763 2266 οὑκ
815 2209 957 2277 εἷπε,
1001 2213 1315 2285 κυϐερνῶν,
1345 2214 1502 2278 ἀλλὰ,
1558 2213 1771 2284 φέρων,
1816 2217 1881 2266 ὲκ

310 2305 633 2373 μεταφορᾶς
678 2304 788 2356 τῶν
841 2303 1089 2375 δακτύλῳ
1123 2322 1176 2358 τι
1204 2306 1558 2359 ποιούντων¹³
1614 2305 1879 2359 κινεῖσθαι

305 2397 406 2449 καὶ
458 2395 884 2464 μεταφέρεσθαι.
946 2396 1050 2448 Τὸν
1096 2396 1202 2467 γάρ
1229 2395 1545 2466 τηλικοῦτον
1572 2395 1733 2465 ὄγκον
1784 2396 1882 2465 τῆς

303 2485 543 2548 κτίσεως
571 2486 666 2540 τὸν
702 2487 1042 2557 ὑπέρμεγας),
1067 2487 1143 2550 ὼς
1174 2488 1325 2541 οὐδὲν
1346 2488 1507 2550 αὑτὸς
1529 2487 1881 2552 διαϐαστάζει

304 2578 402 2630 καὶ
431 2576 580 2646 λόγῳ
609 2576 754 2648 μόνῳ
782 2578 958 2630 πάντα
995 2578 1301 2648 δυναμένῳ.
1342 2579 1417 2632 Οὑ
1455 2580 1562 2647 γὰρ
1602 2579 1758 2650 ψιλὸν
1789 2580 1883 2634 ἐπὶ

303 2665 446 2718 Θεοῦ
474 2667 536 2718 τὸ
558 2667 733 2737 ῥῆμα,
759 2669 833 2731 ώς
853 2670 939 2738 ἐφ’
965 2669 1141 2739 ἡμῶν.
1163 2664 1294 2722 Εἶτα
1323 2669 1591 2723 τοσούτων
1616 2670 1883 2740 αἱρέσεων

306 2758 772 2826 ἀνατρεπομένων
796 2761 853 2811 ἐν
886 2759 1186 2828 προοιμίοις
1206 2759 1367 2822 εὐθὺς
1392 2761 1492 2829 τῆς
1539 2762 1880 2829 Ἐπιστολῆς,

306 2847 431 2909 πῶς
459 2848 700 2917 τολμῶσί
720 2866 861 2912 τινες
889 2849 1102 2903 ἀθετεῖν
1138 2851 1331 2921 αὑτὴν,
1364 2850 1440 2915 ώς
1472 2851 1546 2921 μὴ
1585 2851 1663 2923 τῷ
1687 2852 1884 2922 Παύλῳ

305 2941 720 3009 προσήκουσαν,
750 2944 1047 3014 τεκμήριον
1073 2941 1164 2995 τὸν
1194 2943 1520 3013 χαρακτῆρα
1543 2944 1639 3013 τῆς
1668 2943 1882 3014 γραφῆς

1990 480 2822 551 animadvertitur,nequaquam
2848 484 3020 552 ipsam
3036 498 3406 554 exsuperans:
3432 487 3568 541 alio-

1988 572 2082 641 qui
2114 572 2347 630 informe
2370 583 2540 642 esset,
2575 586 2629 632 et
2653 578 3066 648 pulchritudine
3091 591 3311 633 vacaret
3341 581 3392 633 id
3420 581 3566 649 quod

1989 662 2220 718 formam
2248 665 2560 732 excederet,
2592 667 2644 720 id
2673 667 2818 736 quod
2840 666 2907 721 de
2925 667 3082 721 Patre
3107 669 3346 735 cogitare
3371 669 3569 721 absur-

1989 755 2115 808 dum
2147 763 2250 809 cst.
2285 754 2341 808 Si
2374 765 2553 810 autem
2580 766 2725 812 tanta
2750 765 2836 813 est
2860 758 3121 826 majestas
3143 755 3342 821 Patris,
3364 767 3567 827 quanta

1987 855 2041 899 et
2100 847 2272 899 forma
2321 854 2425 911 est,
2479 848 2767 902 character
2811 856 2993 903 autem
3041 848 3272 917 atqualis
3320 859 3404 903 est
3463 851 3566 917 ipsi

1988 934 2177 991 forma:
2252 954 2265 990 :
2336 936 2560 992 habebit
2630 940 2795 993 etiam
2879 948 3084 994 tantam
3154 939 3566 1008 amplitudinem

1987 1025 2291 1087 character.
2323 1037 2523 1095 quanta
2555 1028 2606 1081 in
2642 1027 2732 1083 Dei
2767 1028 2940 1082 forma
2973 1044 3096 1083 esse
3136 1029 3495 1097 conspicitur.

2057 1112 2293 1170 Portam
2317 1117 2499 1170 omnia
2536 1117 2690 1171 verba
2726 1119 2973 1185 potentia:
3001 1134 3135 1171 sum.
3176 1116 3258 1172 Tu
3311 1119 3403 1187 qui
3457 1133 3573 1174 non

1989 1207 2064 1262 ita
2097 1208 2312 1277 pridem
2343 1209 2758 1278 apprehendens
2793 1207 2966 1272 istud,
2995 1206 3101 1260 Per
3144 1223 3319 1276 quem,
3384 1207 3566 1277 ipsum

1987 1305 2246 1367 tanquam
2281 1298 2602 1352 ministrum
2642 1298 3048 1362 constituebas,
3075 1297 3201 1351 audi
3249 1296 3360 1365 jam
3396 1314 3567 1362 nunc,

1986 1391 2032 1445 si
2062 1390 2365 1459 intelligere
2400 1399 2576 1460 potes,
2607 1390 2885 1459 quomodo
2907 1390 2994 1443 hic
3016 1388 3155 1444 Filio
3182 1391 3565 1444 auctoritatem

1989 1480 2367 1535 tribuat.'Non
2390 1480 2528 1536 dixit
2563 1490 2770 1545 autem,
2836 1481 3070 1536 Portans
3118 1481 3384 1550 potentia,
3445 1481 3567 1544 sed,

1985 1572 2414 1641 verbopotentia,
2442 1573 2543 1628 hoc
2573 1583 2677 1639 est,
2710 1575 2853 1642 quod
2886 1575 3149 1627 refertum
3181 1584 3265 1627 est
3298 1573 3564 1643 potentia,

1985 1666 2132 1735 quod
2165 1666 2341 1734 ipsmu
2373 1673 2650 1734 potentem
2686 1680 2810 1719 esse
2840 1665 3041 1734 arguit.
3076 1664 3309 1719 Perinde
3326 1679 3562 1734 namque

1988 1768 2047 1812 ut
2079 1758 2160 1814 ais
2195 1756 2410 1812 Patrem
2444 1756 2651 1810 dixisse
2686 1775 2701 1811 :
2749 1755 2870 1810 Fiat
2904 1756 3018 1819 lux,
3058 1766 3106 1811 et
3141 1756 3286 1823 facta
3312 1766 3389 1810 est
3422 1756 3515 1809 luat
3541 1771 3562 1811 :

1981 1848 2064 1904 sic
2094 1856 2155 1903 et
2179 1847 2356 1902 Filius
2383 1848 2555 1902 verbo
2575 1855 2752 1917 gestat
2787 1846 2993 1910 omnia,
3035 1847 3087 1901 id
3117 1855 3225 1913 est,
3274 1847 3566 1920 gubernat,

1980 1940 2262 1993 continet:
2296 1938 2406 1994 imo
2438 1940 2617 2008 majus
2647 1946 2754 2005 est,
2817 1936 3167 2003 dissidentia,
3219 1946 3275 1993 et
3324 1937 3395 1992 ad
3453 1953 3568 1993 non

1980 2045 2105 2086 esse
2128 2031 2373 2095 abitura,
2404 2032 2693 2087 continere
2728 2041 2783 2085 et
2813 2045 3165 2097 conservare,
3193 2044 3358 2101 quam
3380 2032 3567 2085 omnia

1981 2123 2309 2190 producere.
2347 2122 2458 2178 Nec
2522 2123 2682 2186 dixit,
2741 2122 3089 2187 Gnhernans,
3152 2123 3271 2186 sed,
3326 2130 3566 2191 portans,

1982 2227 2197 2281 sumpta
2229 2215 2550 2282 metaphora
2577 2215 2737 2269 abiis
2765 2216 2858 2285 qui
2886 2215 3059 2285 digito
3090 2212 3300 2267 faciunt
3321 2223 3380 2267 ut
3406 2211 3568 2281 quid-

1982 2321 2150 2375 quam
2226 2315 2513 2360 moveatur
2570 2304 3071 2374 transl'eraturque.
3145 2303 3276 2357 Tale
3331 2317 3569 2370 namque

1987 2405 2315 2467 tantumque
2342 2398 2558 2467 pondus
2589 2406 2968 2452 creaturarum
2996 2397 3162 2452 veluti
3204 2396 3362 2449 nihil
3394 2403 3564 2459 esset,

1983 2488 2102 2559 ipse
2126 2488 2209 2543 vel
2232 2490 2351 2544 solo
2381 2488 2545 2543 verbo
2575 2489 2719 2558 quod
2743 2490 2926 2542 omnia
2954 2497 3153 2558 potest,
3177 2487 3384 2557 bajulat
3402 2526 3414 2540 .
3448 2486 3565 2539 Non

1983 2580 2126 2634 enim
2150 2578 2375 2649 perinde
2389 2581 2584 2647 exigua
2614 2596 2703 2635 res
2723 2588 2808 2635 est
2830 2581 2882 2634 in
2904 2579 3014 2634 Deo
3043 2580 3353 2643 verbunt,ut
3386 2579 3437 2630 in
3467 2594 3566 2631 nu-

1985 2670 2091 2726 bis.
2158 2672 2230 2724 At
2272 2672 2493 2726 interim
2540 2686 2664 2725 cum
2714 2679 2792 2725 tot
2845 2670 3078 2724 haereses
3113 2670 3167 2723 in
3201 2668 3427 2725 exordio
3456 2677 3570 2721 sta-

1984 2762 2082 2815 tim
2107 2762 2273 2831 hujus
2296 2761 2556 2832 Epistolte
2580 2763 2693 2818 sint
2732 2779 2961 2826 στυγεῖς,
2998 2763 3276 2832 quomodo
3318 2763 3565 2816 nonnulli

1987 2851 2131 2906 hanc
2153 2852 2486 2921 Epistolam,
2506 2862 2766 2923 tanquam
2794 2852 2964 2907 Paulo
2993 2869 3102 2907 non
3126 2855 3564 2918 convenientem,

1986 2942 2228 3022 rejicere
2269 2942 2497 3008 audent,
2566 2944 2800 3012 hujusce
2857 2945 2936 2998 rei
2993 2943 3251 2997 iudicium
3304 2942 3568 2996 facientes

307 3033 634 3101 ποιούμενοι
662 3034 1119 3105 παρηλλαγμένον
1149 3035 1240 3088 τοῦ
1271 3036 1381 3089 τῶν
1411 3035 1587 3089 ἄλλων
1630 3037 1881 3089 Ἐπιστο-

1991 3039 2113 3109 styli
2149 3037 2551 3105 characterem,
2588 3047 2780 3108 utpote
2810 3053 2840 3092 a
2862 3038 3079 3092 czeleris
3111 3039 3285 3107 ipsius
3305 3037 3566 3107 Epistolis

305 3123 460 3190 λῶν;
496 3124 647 3178 Ἔδει
673 3125 782 3196 γὰρ
809 3126 1006 3188 αὑτοὺς
1035 3127 1285 3188 συνιδεῖν,
1320 3127 1403 3180 ὄτι
1440 3126 1503 3179 τὸ
1530 3127 1815 3196 μεγαλεῖον
1840 3127 1883 3159 ¹⁸

305 3215 423 3269 τῶν
454 3217 769 3287 νοημάτων,
807 3218 902 3269 καὶ
932 3219 967 3286 ἡ
1009 3217 1403 3289 ἀναντίρῤητος
1423 3218 1471 3249 ¹⁸
1491 3219 1673 3271 αὑτῶν
1707 3219 1882 3288 ἰσχὺς,

305 3311 458 3373 τίνος
488 3309 714 3379 ἄλλουῆ
745 3310 983 3374 Παύλου,
1027 3311 1122 3363 τοῦ
1152 3311 1242 3365 τὸν
1278 3310 1515 3381 Χριστὸν
1542 3310 1759 3380 ἔχοντος
1797 3311 1890 3364 λαο

308 3401 511 3455 λοῦντα
541 3404 602 3455 ἐν
633 3402 854 3471 ἐαυτῷ;
887 3403 949 3455 Et
979 3402 1035 3455 δὲ
1064 3402 1157 3455 τὸν
1206 3402 1533 3472 χαρακτῆρα
1587 3401 1886 3455 σκάνδαλον

307 3491 574 3557 τίθενται,
605 3492 928 3561 μαθέτωσαν
952 3495 1036 3547 ὅτι
1061 3494 1271 3558 Παῦλος
1294 3494 1392 3565 μὲν
1409 3494 1652 3566 Ἐὁραῖδι
1672 3494 1889 3566 γλώττῃ

304 3583 411 3649 ’.ὴν
429 3584 758 3654 Ἐπιστολὴν
786 3586 1181 3657 ὑπηγόρευσεν,
1203 3586 1298 3640 ἆτε
1321 3586 1458 3656 πρὸς
1486 3587 1771 3658 Ἐϐραίους
1797 3588 1888 3641 τὸν

306 3673 472 3742 λόγον
497 3676 827 3744 ποιούμενος
847 3692 862 3709 ν
896 3677 975 3739 εἰς
1004 3676 1061 3730 δὲ.
1091 3677 1192 3747 τὴν
1222 3676 1453 3731 Ἐλλάδα
1483 3676 1774 3747 μετετέθη,
1810 3678 1890 3741 ώς

313 3766 416 3835 μέν
439 3783 609 3831 τινες,
635 3766 741 3819 ὑπὸ
767 3768 973 3832 Λουκᾶ,
1008 3766 1084 3831 ώς
1124 3767 1183 3820 δὲ
1210 3766 1343 3821 ἔνιοι
1378 3784 1565 3838 φασιν,
1603 3768 1710 3821 ὑπὸ
1734 3768 1887 3836 Κλή-

314 3872 533 3925 μεντος,
601 3851 663 3911 οὗ
708 3856 773 3928 δὴ
827 3856 924 3911 καὶ
974 3857 1177 3925 μᾶλλον
1222 3857 1386 3923 σώζει
1416 3857 1510 3911 τὸν
1539 3858 1889 3931 χαρακτῆρα,

316 3946 676 4014 Ὀμοιον.οῦν
701 3965 755 4000 τι
784 3948 1221 4018 πλημμελοῦσιν,
1260 3948 1335 4011 ώς
1370 3949 1568 4012 εἰπεῖν,
1605 3950 1653 4001 οἱ
1679 3948 1889 4017 ταύτην

312 4036 720 4107 ἀφαιρούμενοι
734 4036 972 4101 Παύλου,
990 4035 1179 4107 ὥσπερ
1195 4035 1261 4090 ἀν
1281 4036 1328 4089 εἰ
1349 4034 1561 4089 Παῦλον
1581 4034 1891 4106 ἀφῃροῦντο

317 4126 587 4193 Χριστοῦ.

411 4306 493 4359 Δι’
561 4302 780 4358 ἑαυτοῦ
854 4303 1223 4374 καθαρισμὸν
1296 4306 1704 4375 ποιησάμενος
1770 4306 1890 4360 τῶν

316 4395 621 4463 ἁμαρτιῶν
646 4393 833 4463 ἡμῶν.
883 4394 1067 4446 Εἰπὼν
1117 4396 1248 4465 περὶ
1300 4396 1394 4450 τοῦ
1447 4397 1735 4466 μεγαλεῖον
1792 4399 1890 4466 τῆς
1924 4377 1967 4431 Ῐ)

321 4487 580 4555 θεότητος
611 4485 711 4538 τοῦ
738 4485 937 4552 Λόγου,
982 4485 1131 4554 λέγει
1159 4486 1344 4540 λοιπὸν
1395 4487 1488 4540 καὶ
1519 4488 1645 4557 περὶ
1675 4488 1773 4557 τῆς
1805 4488 1893 4540 διὰ

320 4578 529 4648 σαρκὸς
558 4580 641 4640 εἰς
671 4576 991 4648 ἀνθρώπους
1026 4576 1193 4630 αὑτοῦ
1232 4578 1559 4648 κηδεμονίας
1583 4595 1598 4610 ο
1649 4577 1678 4632 δ
1711 4578 1892 4645 πολλῷ

326 4670 515 4738 μεῖζον
533 4667 633 4722 τοῦ
660 4683 847 4736 φερειν
867 4668 935 4721 τὰ
963 4666 1280 4723 πάντα.Δύο
1306 4668 1363 4721 δὲ
1390 4669 1601 4739 τίθησιν
1635 4669 1890 4732 ἐνταῦθα,

318 4761 383 4814 τό
406 4776 467 4813 τε
512 4758 813 4830 καθαρίσαι
860 4758 969 4813 τῶν
1007 4759 1291 4831 ἁμαρτιῶν
1335 4761 1503 4830 ἡμᾶς,
1557 4760 1650 4813 καὶ
1688 4760 1769 4825 τὸ,
1823 4759 1892 4813 δι’

322 4847 521 4901 ἑαυτοῦ
560 4848 720 4900 τοῦτο
748 4847 1011 4914 ποιῆσαι⁸
1061 4848 1156 4902 καὶ
1185 4848 1450 4919 πολλαχοῦ
1492 4850 1549 4901 ὲν
1585 4848 1759 4920 τούτῳ
1799 4866 1888 4901 σε-

328 4939 588 5011 μνύνεται
629 4938 708 5009 τῷ
758 4938 828 4991 δι’
863 4938 1030 4993 αὑτοῦ
1078 4943 1172 4994 τοῦ
1215 4942 1346 4995 Υἱοῦ
1394 4942 1555 4995 τοῦτο
1612 4942 1888 5010 γενέσθαι.

322 5031 424 5083 Διά
450 5031 545 5084 τοῦ
574 5027 813 5098 σταυροῦ
856 5032 983 5100 γὰρ.
1023 5033 1118 5085 καὶ
1164 5031 1258 5084 τοῦ
1314 5031 1567 5097 θανάτου,
1616 5024 1677 5084 οὗ
1727 5032 1891 5093 αὐτὸς
1949 5045 1957 5054 ’

325 5122 565 5192 ὑπέστη,
614 5123 944 5194 ἐκαθάρισεν
974 5123 1145 5194 ἡμᾶς,
1198 5122 1257 5174 οὑ
1303 5121 1463 5191 μόνον
1505 5122 1578 5185 ώς
1605 5121 1893 5177 ἀποθανὼν

327 5213 470 5284 ὑπὲρ
505 5217 604 5284 τῆς
634 5215 793 5286 ἡμῶν
823 5214 1099 5286 ἁμαρτίας
1127 5214 1154 5267 ὁ
1192 5213 1596 5285 ἀναμάρτητος,
1647 5215 1742 5267 καὶ
1770 5215 1893 5278 δοὺς

328 5304 507 5373 δίκην,
538 5306 606 5375 ἢν
632 5308 732 5361 οὑκ
761 5306 995 5374 ὠφειλεν
1032 5304 1215 5371 αὑτὸς,
1248 5308 1342 5360 καὶ
1377 5306 1545 5369 λύσας
1589 5306 1688 5376 τὴν
1728 5305 1893 5372 φύσιν

328 5396 517 5459 ἁπλῶς
555 5397 655 5467 τῆς
696 5398 790 5449 ἐπὶ
826 5398 893 5466 τῇ
934 5395 1029 5448 τοῦ
1080 5397 1249 5468 Ἀδὰμ
1281 5397 1527 5469 ἁμαρτίᾳ
1556 5397 1888 5466 καταδίκης*

1986 3130 2261 3184 diversum
2293 3129 2316 3182 ?
2370 3128 2521 3184 Istud
2560 3130 2705 3183 enim
2736 3141 2835 3183 eos
2863 3128 3213 3182 considerare
3255 3126 3566 3196 oportebat,

1985 3220 2129 3290 quod
2163 3228 2523 3290 conceptuum
2544 3219 2706 3289 652
2723 3219 3002 3288 majestas,
3033 3219 3385 3287 ipsorumque
3401 3217 3570 3270 robur

1988 3313 2073 3367 cui
2118 3310 2429 3367 contradici
2465 3326 2573 3365 non
2607 3312 2800 3380 possit,
2845 3326 2954 3364 non
2981 3324 3104 3365 esse
3126 3310 3351 3364 alterius
3403 3323 3565 3378 quam

1988 3402 2164 3467 Pauli,
2225 3402 2505 3458 Christum
2560 3403 2617 3456 in
2703 3416 2825 3457 sese
2908 3402 3219 3470 loquentem
3293 3400 3567 3454 habentis.

1988 3493 2144 3559 Quod
2210 3494 2255 3549 si
2315 3494 2542 3547 omnino
2598 3492 2762 3562 hujus
2789 3489 3045 3560 Epistolas
3079 3490 3319 3545 dictione
3390 3489 3568 3543 otian-

1988 3586 2210 3651 dantur,
2263 3586 2518 3641 noverint
2575 3584 2870 3656 Epistolam
2945 3585 3088 3639 hanc
3145 3599 3176 3637 a
3257 3585 3429 3638 Paulo
3458 3582 3570 3636 lle-

1991 3678 2174 3733 braica
2210 3676 2393 3747 lingua
2426 3677 2807 3731 concinnatam
2838 3690 2983 3740 esse,
3017 3684 3078 3730 ut
3108 3676 3201 3746 qui
3229 3675 3472 3730 Hebraeis
3512 3676 3567 3728 in

1992 3768 2095 3824 hac
2117 3768 2233 3837 ipsa
2267 3767 2583 3837 loqueretur
2612 3784 2626 3821 :
2656 3767 2711 3820 in
2758 3764 3003 3821 Graecam
3069 3780 3200 3820 vero
3267 3766 3505 3835 linguam
3537 3781 3565 3818 a

1990 3858 2588 3928 Luca,ntquibusdam
2644 3857 2845 3927 placet,
2921 3859 3291 3920 translatam;
3346 3857 3453 3920 vel,
3510 3867 3569 3910 ut

1989 3951 2079 4006 alii
2112 3950 2376 4014 sentiunt,
2403 3964 2434 4003 a
2468 3948 2769 4011 Clemente,
2801 3949 2967 4020 cujus
3016 3948 3217 4020 stylum
3240 3948 3422 4017 potius
3476 3963 3567 4001 re-

1991 4042 2150 4097 tinet.
2188 4040 2379 4105 Simile
2410 4041 2581 4111 igitur
2606 4039 2876 4111 quiddam
2916 4041 3265 4110 delinquunt,
3295 4047 3355 4092 ut
3383 4038 3455 4092 ita
3477 4038 3568 4092 di-

1989 4133 2261 4202 cam,.qui
2293 4134 2435 4187 hanc
2475 4132 2778 4204 Epistolam
2810 4132 2985 4185 Paulo
3031 4130 3309 4197 auferunt,
3340 4130 3569 4200 perinde

1989 4238 2055 4278 ac
2076 4225 2122 4279 si
2153 4223 2382 4279 Paulum
2424 4237 2455 4277 a
2487 4221 2711 4278 Christo
2730 4221 3073 4277 divellerent.

2062 4311 2169 4367 Per
2197 4316 2425 4382 aeipsum
2445 4312 2808 4383 purgationem
2837 4311 3037 4381 faciens
3085 4319 3418 4380 peccatorum
3469 4327 3570 4365 no-

1991 4414 2245 4459 atrorum.
2276 4403 2414 4458 Cum
2443 4404 2661 4459 loeutus
2685 4413 2833 4458 esset
2858 4402 2926 4457 de
2984 4402 3274 4471 majestate
3320 4402 3577 4457 divinita-

1991 4494 2062 4549 tis
2099 4491 2287 4557 Verbi,
2329 4492 2588 4562 deinceps
2627 4492 2694 4547 de
2731 4505 2869 4546 cura
2906 4491 3082 4560 ipsius
3135 4504 3300 4561 quam
3352 4491 3407 4545 in
3473 4491 3573 4544 ha.

1991 4585 2170 4639 mines
2226 4597 2324 4653 per
2383 4596 2606 4636 carnem
2675 4581 2840 4652 gerit,
2888 4581 3134 4644 disserit,
3187 4580 3332 4650 quod
3395 4583 3572 4636 multo

1992 4673 2170 4742 majus
2201 4682 2305 4735 est,
2346 4687 2510 4741 quam
2559 4671 2704 4741 quod
2723 4670 2907 4726 omnia
2954 4672 3252 4725 sustineat.
3313 4669 3431 4723 Duo
3464 4684 3567 4722 au-

1992 4773 2097 4818 tem
2130 4764 2218 4818 hic
2254 4764 2427 4833 ponit,
2461 4773 2572 4816 tum
2610 4762 2754 4831 quod
2792 4761 3071 4816 mandarit
3110 4777 3210 4817 nos
3239 4776 3268 4815 a
3305 4762 3571 4831 peccatis,

1998 4866 2111 4908 tnm
2138 4855 2285 4925 quod
2315 4871 2408 4922 per
2441 4855 2684 4924 seipsum
2719 4854 2821 4908 hoc
2856 4853 3048 4908 fecerit
3074 4871 3089 4909 :
3114 4863 3169 4911 et
3222 4854 3409 4909 multis
3434 4854 3572 4909 locis

1999 4946 2054 5000 in
2106 4948 2210 5003 hoc
2238 4948 2507 5018 gloriatur
2533 4946 2683 5016 quod
2711 4962 2806 5015 per
2836 4947 3036 5002 Filium
3063 4948 3242 5016 ipsum
3283 4947 3433 5002 istud
3480 4948 3566 5001 fa-

1999 5047 2149 5093 ctum
2174 5039 2266 5093 sit.
2299 5037 2435 5092 Nam
2470 5052 2568 5108 per
2620 5052 2839 5093 crucem
2876 5046 2930 5094 et
2957 5046 3187 5093 mortem
3234 5053 3398 5108 quam
3455 5038 3572 5107 ipse

1999 5129 2283 5193 sustinuit,
2315 5130 2566 5199 purgavit
2590 5144 2715 5196 nos,
2762 5145 2869 5184 non
2886 5131 3075 5206 'solum
3115 5130 3257 5200 quod
3322 5138 3571 5183 mortuus

2000 5220 2074 5275 sit
2124 5235 2222 5290 pro
2250 5230 2473 5289 peccato
2509 5229 2719 5285 nostro,
2751 5236 2919 5291 quum
2973 5222 3089 5290 ipse
3143 5220 3288 5274 omni
3348 5232 3568 5288 pect-a'o

1997 5320 2239 5374 vacaret,
2271 5308 2530 5379 quodque
2567 5325 2760 5379 poenas
2813 5311 2978 5365 luerit
3027 5309 3230 5378 quibus
3287 5308 3401 5375 ipse
3458 5320 3568 5357 non

1997 5409 2115 5455 erat
2142 5403 2434 5467 obnoxius,
2465 5418 2527 5458 ac
2562 5404 2798 5459 solveret
2825 5411 3076 5456 naturam
3134 5416 3252 5469 qua?
3292 5397 3570 5467 simplici-

1038 5571 1043 5577 ,
1687 5514 1884 5575 γωνία)
1922 5513 2261 5577 lectiones.

400 5609 443 5693 ’ξ
477 5608 542 5660 δι’
568 5605 860 5693 Υῑοῦ,καὶ,
879 5607 972 5660 τοῦ
1004 5608 1132 5663 Υἱοῦ
1155 5624 1207 5666 o.
1287 5612 1328 5643 “
1356 5616 1641 5682 συγκροτεῖ
1665 5630 1717 5669 o.
1797 5614 1841 5645 ¹³
1869 5614 2160 5672 κινούντων
2190 5616 2283 5671 καὶ
2316 5619 2613 5676 ποιούντων
2637 5617 3023 5689 περιφέρεσθαι
3049 5634 3103 5673 o.
3182 5619 3225 5656 ¹³
3263 5616 3486 5693 μέγεθος
3511 5632 3566 5674 o.

334 5674 382 5710 “
409 5678 875 5746 ἀνανταγώνιστος
904 5691 961 5731 0.
