4014 6208
302 238 410 302 197

281 527 491 597 ἐκείνῳ
513 529 800 584 ὑποστᾶσα
824 550 836 561 ·
863 535 997 588 καθὸ
1031 541 1122 592 καὶ
1153 543 1180 594 ὁ
1211 542 1441 612 ἄγγελος
1467 543 1589 600 εἷπε
1615 567 1629 581 ο
1663 553 1768 604 Καὶ
1801 553 1866 606 τὸ

279 621 670 688 τεητῦμενον
715 624 907 692 ἅγιον,
958 632 1328 697 κληθήσεται
1377 640 1508 706 Υἱὸς
1553 643 1736 696 Θεοῦ’
1773 647 1866 697 καὶ

278 710 455 762 πάλιν
475 728 487 740 ’
523 714 735 765 Ἔσται
761 715 832 768 δὲ
848 716 1058 787 μέγας,
1082 723 1180 775 καὶ
1221 726 1363 791 Υἱός
1405 727 1688 796 Ὑψίστου
1719 737 1866 800 κλη-

278 801 559 865 θήσεται.
602 805 782 857 Τοῦτο
808 808 863 860 δὲ
896 810 1070 870 οὐδεὶς
1098 814 1207 866 τῶν
1236 816 1503 884 ἀγγέλων.
1563 821 1628 874 Εἰ
1682 822 1737 875 δὲ
1771 824 1864 877 καί

274 910 430 956 τινες
490 895 601 949 τῶν
665 899 894 950 δικαίων
933 902 1037 954 υἱοὶ
1087 903 1222 955 θεοῦ
1247 946 1261 968 ,
1294 907 1428 961 ἀλλὰ
1455 910 1659 980 χάριτιο
1693 914 1784 966 ἐπὶ
1807 915 1862 966 δὲ

274 985 373 1035 τοῦ
402 985 643 1052 Χριστοῦ
676 988 774 1058 οὐχ
816 987 1006 1054 οὕτως,
1047 992 1164 1044 ἀλλ’
1195 996 1531 1070 ὑποστατικῇ
1569 1003 1859 1072 ταυτότητι

273 1077 310 1146 ἡ
337 1077 539 1148 Υίὸτης
568 1077 644 1147 τῷ
670 1081 1083 1151 προσλήμματι.

355 1283 544 1335 Ὅταν
571 1283 638 1336 δὲ
659 1284 846 1338 πάλιν
871 1287 1162 1358 εἰσαγάγῃ
1205 1291 1312 1344 τὸν
1350 1295 1734 1361 Πρωτότοκον
1769 1299 1857 1364 εἰς

274 1375 393 1440 τὴν
423 1375 788 1443 οἰκουμένην
811 1419 825 1441 ,
857 1376 1040 1446 λέγει.
1104 1379 1162 1434 Ὀ
1207 1381 1307 1452 μὲν
1336 1384 1572 1453 Χριστὸς
1615 1388 1715 1458 τὴν
1765 1389 1856 1441 ἐν·

275 1479 488 1531 σαρκον
516 1463 685 1516 αὑτοῦ
708 1466 1011 1535 παρουσίαν
1042 1467 1220 1532 ἔξοδον
1245 1472 1418 1539 καλεῖ,
1435 1473 1509 1535 ὼς
1533 1475 1660 1529 ὅταν
1682 1476 1850 1546 λέγει’

283 1553 586 1620 ἰ-Σξῆλθεν
631 1559 663 1608 ὁ
716 1557 982 1624 σπείρων
1010 1560 1116 1614 τοῦ
1143 1564 1449 1630 σπείρειν·
1496 1569 1590 1620 καὶ
1650 1570 1848 1622 πάλιν·

283 1647 434 1715 Ἐγὼ
458 1647 528 1700 ἐκ
554 1648 658 1702 τοῦ
678 1651 905 1718 Πατρός
922 1652 1204 1720 ἐξῆλθον.
1228 1657 1336 1710 Καὶ
1361 1658 1423 1727 δὴ
1452 1659 1852 1728 εἰκότως.”Εξω

267 1739 379 1808 γὰρ
411 1735 559 1808 ἦμεν
612 1739 707 1794 τοῦ
760 1741 918 1806 Θεοῦ,
970 1746 1063 1797 καὶ
1119 1745 1356 1812 ἐξελθὼν
1404 1750 1536 1821 πρὸς
1572 1753 1721 1820 ήμᾶς
1773 1752 1848 1816 ὡς

269 1830 543 1895 πρέσϐυς,
585 1832 678 1884 καὶ
703 1833 991 1905 ὁμιλήσας,
1040 1842 1134 1892 καὶ
1165 1841 1498 1912 καθαρίσας,
1531 1844 1845 1915 ἀποκατήλ-

265 1919 398 1985 λαξε
427 1920 507 1990 τῷ
539 1922 779 1978 Βασιλεῖ.
822 1924 879 1978 '0
903 1925 958 1978 δὲ
993 1927 1204 1993 Παῦλος
1241 1931 1446 1986 εἴσοδον
1495 1934 1696 2006 ταύτην
1751 1935 1845 1990 νῦν

265 2011 550 2079 ὀνοξίάζει,
586 2015 695 2066 ἀπὸ
729 2021 1044 2085 μεταφορᾶς
1073 2020 1182 2074 τῶν
1210 2023 1696 2096 κληρονομούντων
1746 2029 1843 2082 καὶ

262 2103 442 2171 vagi-ﬂ
472 2103 1008 2174 παραλαμῦανόντων
1036 2111 1131 2163 καὶ
1173 2112 1368 2181 κτῆσίν
1398 2131 1537 2166 τινα.
1585 2116 1660 2168 To
1705 2117 1838 2187 γὰρ,

262 2191 590 2261 εἰσαγάγῃ,
617 2194 774 2247 τοῦτο
807 2197 1086 2264 σημαίνει,
1136 2201 1263 2255 ὅταν
1307 2204 1592 2278 ὲγχειρίσῃ
1618 2207 1695 2278 τῷ
1725 2209 1839 2278 Υἱῷ

261 2283 375 2354 τὴν
409 2285 733 2358 οἰκουμένην
759 2290 787 2341 ὁ
816 2291 1024 2362 Πατήρ.
1059 2294 1192 2346 Τότε
1222 2296 1331 2366 γὰρ
1379 2299 1648 2370 ἐκτήσατο
1669 2301 1840 2371 αὐτὴν

264 2374 536 2439 ἑκουσίως
567 2377 958 2446 ὑποταγείσαν,
982 2384 1071 2437 ὅτε
1105 2386 1199 2438 καὶ
1234 2386 1504 2458 ἐγνώσθη.
1541 2390 1838 2458 Εἱσάγεται

261 2464 319 2517 δὲ
353 2467 456 2518 οὐκ
482 2466 684 2536 ἄλλως,
709 2470 826 2522 ἀλλ’
859 2473 916 2525 ἐν
947 2475 1132 2546 σαρκί.
1163 2474 1252 2539 Ὠς
1279 2476 1388 2549 γὰρ
1413 2477 1546 2543 Θεὸς
1582 2482 1756 2550 Λόγος
1781 2485 1838 2536 ἐν

263 2555 344 2625 τῷ
372 2560 574 2628 κόσμῳ
604 2554 692 2629 ἦν,
739 2563 831 2614 καὶ
863 2565 891 2616 ὁ
920 2564 1124 2634 κόσμος
1173 2567 1242 2620 δι’
1269 2567 1432 2622 αὐτοῦ
1456 2569 1690 2638 ἐγένετο.
1737 2573 1839 2625 Τὸν

262 2648 489 2718 Πατέρα
515 2651 574 2704 δὲ
597 2657 742 2706 ποιεῖ
764 2658 1132 2725 εἰσαγαγόντα
1164 2661 1256 2714 τὸν
1287 2661 1439 2728 Υιιν,
1472 2665 1559 2718 ἵνα
1592 2665 1840 2735 εὐπαρά-

257 2740 458 2796 δεκτον
492 2747 699 2819 ποιήσῃ
730 2748 822 2801 τόν
860 2750 1037 2818 λόγον.
1082 2751 1139 2805 Ὀ
1172 2753 1229 2807 δὲ
1260 2755 1481 2827 Nason;
1511 2759 1835 2829 Γρηγόριος,

260 2835 360 2884 καὶ
393 2835 423 2885 ὀ
457 2836 514 2886 ὲν
563 2837 738 2904 ἁγίοις
786 2840 1052 2904 Κύριλλος
1105 2841 1278 2906 οὕτως
1318 2845 1548 2914 ἐνόησαν
1596 2848 1678 2912 τὸ,
1715 2850 1838 2901 εισ-

205 2989 212 2994 .
257 2925 537 2993 σεχ-αγεῖν,
575 2927 656 2980 ὃτι
690 2930 793 2998 πρὸ
843 2930 944 3000 μὲν
977 2933 1076 3001 τῆς
1111 2934 1442 3004 σαρκώσεως
1476 2937 1626 2989 οὐδὲν
1655 2939 1835 2992 κοινὸν

1028 251 1435 316 ΕΧΡΟΞΙΤΙΟ
1459 258 1540 320 ΙΝ
1579 262 1817 324 EPIST.
1855 267 1954 327 AD
1977 269 2370 336 HEBR/EOS.
2408 302 2478 314 —
2515 282 2671 346 CAP.
2720 289 2768 351 Ι.
2805 241 2816 247 ἐ

291 347 569 418 ληφθεῖσα
621 352 780 420 φύσις
837 355 914 420 τὸ,
951 357 1096 423 Υἱὸς,
1134 362 1304 433 ὄνομα
1336 365 1396 420 τὸ
1454 370 1697 439 γνήσιον,
1759 375 1786 427 ὃ
1844 377 1872 428 ὁ
1901 377 1946 436 Α
1976 381 2272 450 genuinum

288 437 519 501 ὲνωθεὶς
554 441 689 512 αὐτῇ
754 443 931 511 Λόγος
959 443 1128 518 εἶχεν,
1167 437 1632 528 ἐκληρονόμησεν,
1689 463 1782 515 ἆτε
1814 465 1870 516 ὲν

3451 314 3550 380 198

2305 385 2425 442 Filii
2452 406 2676 458 nomen,
2709 400 2853 467 quod
2889 401 3118 464 Verbum
3181 413 3281 482 ipsi
3341 431 3549 480 natura:

1976 470 2187 524 unitum
2219 474 2468 544 habebat,
2505 481 2866 557 bmrcditavit,
2923 497 3126 566 quippe
3157 470 3280 571 quae
3333 506 3386 561 iu
3447 513 3542 565 illo

1972 559 2236 616 subsistat
2275 583 2290 622 ;
2330 572 2786 635 quemadmodum
2845 594 2898 635 et
2940 559 3190 657 tangelus.
3223 595 3361 650 dixit
3405 619 3418 654 :
3480 603 3548 657 Et

1969 651 2107 718 quod
2133 665 2380 709 nascetur
2432 674 2694 731 sanctum,
2720 673 2992 727 vocabitur
3026 651 3216 736 ‘Filius
3271 688 3366 742 Dei
3385 691 3464 757 ³⁸;
3492 707 3548 749 et

1970 737 2168 794 iterum
2200 759 2213 795 :
2242 743 2360 797 Erit
2383 758 2558 803 autem
2588 770 2832 825 magnus,
2862 773 2911 815 et
2948 763 3124 822 Filius
3156 772 3421 832 Altissimi
3451 737 3546 836 oo-

1967 827 2194 885 cabitur.
2247 834 2358 889 Hoc
2394 851 2571 894 autem
2623 849 2826 902 nemini
2886 858 3202 922 angelorum
3265 873 3541 928 convenit.

1967 915 2189 974 Etiamsi
2250 938 2430 981 autem
2475 930 2750 999 justorum
2817 915 3036 1010 quidam
3087 963 3215 1006 sunt
3279 958 3369 1011 {illi
3419 960 3536 1028 Dei,

1965 1011 2132 1077 gratia
2167 1022 2344 1069 tamen
2375 1031 2505 1074 sunt
2537 1039 2550 1088 ;
2589 1037 2642 1077 at
2681 1044 2807 1083 vero
2831 1049 2952 1088 cum
2993 1038 3212 1096 Christo
3274 1063 3395 1104 sese
3454 1068 3540 1107 res

1963 1101 2120 1154 aliter
2146 1103 2309 1159 habet
2337 1147 2352 1172 ,
2385 1112 2476 1164 sed
2510 1113 2560 1164 iu
2589 1115 2924 1185 hypostatica
2949 1127 3248 1198 ideutitatc,
3280 1134 3398 1192 Filii
3438 1157 3539 1196 no-

1963 1205 2084 1242 men
2117 1197 2271 1248 carni
2322 1212 2617 1272 assumpta-
2649 1208 2878 1265 inditum
2903 1227 3004 1270 est.

2031 1279 2196 1338 Vens.
2220 1286 2272 1340 6.
2304 1287 2331 1340 I
2339 1299 2504 1344 terum
2527 1309 2700 1351 autem
2735 1318 2852 1356 cum
2881 1307 3178 1366 introduxit
3205 1318 3532 1392 Primogeni-

1961 1383 2070 1429 tum
2103 1379 2156 1432 in
2188 1383 2361 1436 orbem
2389 1395 2562 1453 terrm,
2583 1391 2734 1447 dicit.
2770 1397 3023 1459 Christus
3058 1422 3189 1464 sane
3239 1414 3532 1472 adventum

1958 1482 2117 1522 suum
2153 1472 2204 1524 iu
2231 1488 2399 1529 carne
2431 1480 2638 1536 exitum
2699 1497 2878 1552 vocat,
2923 1503 2979 1546 ut
3025 1511 3147 1551 cum
3212 1501 3288 1555 ait
3323 1521 3336 1557 :
3378 1509 3527 1561 Exiit

1955 1558 2049 1627 qui
2073 1562 2320 1629 seminat,
2353 1567 2611 1624 seminare
2642 1571 2709 1635 ⁸⁸,
2747 1584 2801 1629 et
2834 1577 3031 1633 iterum
3067 1603 3080 1637 :
3137 1585 3247 1656 Ego
3297 1610 3328 1644 a
3372 1594 3534 1652 Patre

1955 1650 2112 1704 exivi.
2142 1651 2308 1722 quue
2332 1671 2442 1710 non
2475 1659 2750 1717 immerito
2777 1681 2792 1720 :
2829 1683 2950 1722 nam
2979 1680 3132 1727 extra
3179 1677 3346 1736 Deum
3403 1700 3530 1740 era-

1953 1755 2094 1805 mus,
2128 1757 2192 1796 ae
2220 1759 2473 1814 egressus
2499 1750 2563 1803 ad
2593 1769 2690 1808 uos
2725 1757 2886 1812 veluti
2950 1761 3184 1835 legatus,
3227 1780 3280 1824 et
3345 1775 3531 1831 nobis-

1949 1845 2074 1885 cum
2114 1847 2494 1905 conversatus,
2536 1857 2749 1914 nosque
2790 1853 3086 1920 mundans,
3149 1865 3527 1921 reconciliavit

1952 1917 2107 1991 Regi.
2151 1922 2219 1978 At
2243 1941 2373 1981 vero
2402 1929 2608 1984 Paulus
2637 1935 2884 1992 eumdem
2942 1942 3225 2002 introitum
3255 1966 3401 2007 nunc
3429 1970 3528 2009 no-

1945 2013 2142 2080 minat,
2177 2031 2274 2085 per
2309 2022 2683 2091 metaphoram
2719 2041 2987 2099 sumptam
3017 2036 3086 2090 ab
3121 2038 3186 2093 iis
3226 2043 3321 2110 qui
3356 2044 3512 2100 haere-

1944 2102 2169 2160 ditatem
2208 2109 2434 2176 adeunt,
2488 2124 2583 2168 aut
2616 2117 2798 2172 dotem
2833 2123 3072 2193 aliquam
3133 2130 3250 2184 sive
3300 2149 3524 2202 posses«

1941 2194 2151 2251 sionem
2180 2202 2480 2270 accipiunt.
2507 2203 2621 2260 Iloc
2645 2211 2789 2264 enim
2849 2215 3141 2284 signiﬁcat,
3199 2223 3524 2292 introduxit,

1940 2288 2162 2354 quando
2205 2289 2368 2346 Pater
2405 2301 2669 2352 terrarum
2722 2302 2906 2356 orbem
2947 2304 3082 2361 Filio
3135 2288 3522 2370 lradiditJ‘uui

1941 2378 2081 2430 enim
2123 2379 2300 2449 ipsum
2335 2387 2597 2453 possedit,
2652 2393 3141 2471 voluntari0654
3193 2404 3520 2474 subjectum,

1941 2470 2158 2538 quando
2176 2485 2230 2526 et
2261 2477 2481 2543 agnitus
2512 2481 3033 2541 erat.lutroducitur
3064 2470 3244 2547 autem
3279 2470 3387 2550 non
3419 2497 3522 2550 ali-

1946 2569 2030 2616 ter
2057 2578 2220 2632 quam
2248 2567 2302 2620 in
2331 2583 2515 2625 carne.
2548 2569 2681 2626 Nam
2714 2584 2768 2629 ut
2797 2576 2937 2632 Deus
2969 2577 3207 2638 Verbum
3238 2585 3290 2639 in
3317 2593 3522 2645 mundo

1939 2663 2077 2716 erat,
2106 2663 2160 2708 et
2186 2658 2425 2714 mundus
2446 2675 2541 2730 per
2568 2663 2744 2732 ipsum
2770 2666 2944 2724 factus
2969 2683 3073 2726 est.
3097 2671 3310 2731 Patrem
3340 2690 3519 2734 autem

1938 2741 2069 2796 facit
2127 2747 2476 2805 introducere
2519 2751 2717 2808 Filium
2755 2797 2769 2821 ,
2797 2767 2854 2811 ut
2885 2773 3095 2830 gratum
3124 2764 3287 2822 iaciat
3309 2784 3520 2825 sermo-

1943 2847 2092 2888 nem.
2125 2834 2423 2906 Gregorius
2454 2852 2633 2897 autem
2666 2843 2945 2916 Nysscnus
2971 2867 3036 2906 ac
3091 2854 3250 2913 divus
3281 2859 3520 2930 Cyrillus

1937 2924 2038 2989 sic,
2075 2925 2430 2994 introducere,
2459 2931 2871 2996 intellexerunt.
2896 2954 3089 3012 nempe
3111 2946 3255 3014 quod
3285 2956 3409 3003 ante
3433 2950 3519 3005 in-

257 3014 372 3085 εἷχε
400 3019 542 3088 πρὸς
569 3019 665 3089 τήν
692 3021 890 3083 κτίσιν,
919 3022 1012 3077 ἆτε
1053 3025 1184 3089 Θεὸς
1241 3025 1316 3079 ὢν
1350 3027 1592 3098 ἄσαρκος
1618 3047 1632 3060 ο
1655 3030 1744 3083 ὅτε
1783 3031 1838 3085 δὲ

1943 3015 2316 3081 carnationem
2343 3019 2478 3073 nihil
2509 3036 2804 3079 commune
2837 3027 3212 3088 habebatcum
3241 3047 3511 3106 creatura,

257 3110 578 3179 ἐσαρκώθη,
627 3113 748 3165 τότε
802 3117 1140 3187 κοινωνήσας
1191 3120 1257 3188 τῇ
1313 3119 1512 3185 κτίσει,
1571 3122 1707 3176 καθὸ
1770 3124 1830 3176 τὸ

256 3201 482 3253 κτιστὺν
507 3203 716 3271 ἥνωσεν
762 3205 964 3276 ἑαυτῷ,
1024 3208 1344 3280 εἰσαχθῆναι
1370 3210 1588 3279 λέγεται
1624 3217 1703 3277 είς
1731 3215 1830 3287 τὴν

255 3291 455 3346 κτίσιν.

322 3471 432 3524 Kal
475 3476 1083 3542 προσκυνησάτωσαν
1110 3475 1272 3542 αὑτῷ
1321 3479 1541 3544 πάντες
1587 3480 1829 3548 ἄγγελοι

255 3564 530 3634 θεοῦ.Τῷ
560 3565 699 3634 μετὰ
720 3567 923 3637 σαρκὸς
945 3567 1164 3638 δηλαδή.
1192 3568 1444 3623 Δείκνυσι
1469 3568 1525 3621 δὲ
1551 3569 1829 3624 κάνταῦθα

251 3655 361 3724 ὅσῳ
388 3657 685 3725 κρείττων,
714 3659 809 3711 καὶ
836 3659 918 3712 ὃτι
944 3660 1053 3728 ὅσῳ
1082 3659 1352 3729 δεσπότης
1383 3659 1614 3713 δούλωνο
1647 3662 1724 3723 ὡς
1763 3661 1827 3714 ἂν

251 3749 305 3799 el’
328 3764 411 3808 τις
441 3751 523 3808 εἰς
561 3750 737 3801 οἰκίαν
768 3753 1080 3819 εἰσαγαγών
1123 3769 1276 3814 τινα,
1308 3754 1436 3816 τοὺς
1477 3754 1827 3825 προεστῶτας

250 3839 419 3909 αὐτῆς
454 3838 662 3902 εὐθέως
695 3839 910 3894 κελεύει
943 3845 1270 3912 προσκυνεῖν
1299 3844 1470 3915 αὐτῷ.

320 4019 428 4073 Καὶ
471 4018 623 4088 πρὸς
659 4021 777 4087 μὲν
805 4019 947 4085 τοὺς
985 4020 1282 4088 ἀγγέλους
1313 4021 1476 4092 λέγει
1502 4040 1516 4054 ·
1563 4025 1616 4077 Ὁ
1641 4026 1826 4080 ποιῶν

252 4111 392 4174 τοὺς
441 4109 743 4178 ἀγγέλους
796 4110 983 4163 αὐτοῦ
1024 4111 1354 4178 πνεύματα,
1383 4111 1485 4164 καὶ
1535 4113 1678 4174 τοὺς
1704 4119 1824 4168 λει-

251 4201 542 4269 τουργοὺς
599 4201 785 4255 αὐτοῦ
835 4203 1023 4270 πυρὸς
1073 4204 1290 4271 φλόγα.
1328 4202 1456 4256 Ἰδοὺ
1505 4205 1538 4273 ή
1592 4205 1822 4275 μεγίστη

250 4291 511 4362 διαφορὰ,
541 4293 626 4345 ὅτι
657 4294 705 4345 οἱ
743 4293 840 4361 μὲν
871 4294 1100 4359 κτιστοι,
1134 4296 1161 4346 ὁ
1187 4294 1242 4346 δὲ
1271 4294 1547 4356 ἄκτιστος.
1583 4296 1656 4348 Τὸ
1689 4298 1818 4368 γὰρ,

1941 3110 2001 3156 ιιι
2036 3106 2128 3175 qui
2167 3105 2308 3163 Deus
2346 3119 2491 3165 esset
2513 3126 2678 3168 carne
2699 3130 2938 3184 vacans;
2971 3123 3191 3189 quando
3230 3141 3361 3182 vero
3391 3144 3516 3184 car-

1940 3210 2064 3249 nem
2106 3203 2425 3270 assumpsit,
2471 3211 3028 3266 tumcommunicans
3047 3224 3335 3284 creaturae,
3375 3236 3522 3290 qua-v

1939 3297 2100 3344 tenus
2121 3288 2174 3343 id
2200 3293 2346 3360 quod
2396 3306 2639 3352 creatum
2685 3310 2803 3355 erat
2859 3302 2963 3359 sibi
3017 3307 3217 3376 univit,
3268 3288 3514 3368 introdu-

1937 3386 2060 3434 ctus
2086 3394 2208 3436 esse
2231 3383 2286 3436 in
2319 3397 2628 3441 creaturam
2662 3389 2892 3446 dicitur.

2009 3470 2077 3525 Et
2116 3471 2337 3527 adorent
2358 3491 2474 3529 eum
2507 3494 2683 3534 oumes
2714 3483 2884 3554 angeli
2909 3484 3009 3541 Dei
3039 3487 3109 3543 ⁸⁸.
3142 3490 3273 3546 Eum
3305 3493 3511 3552 scilicet

1935 3561 2028 3629 qui
2059 3578 2279 3618 carnem
2310 3570 2632 3639 assumpsit.
2664 3571 2874 3629 ludicat
2921 3588 3102 3634 autem
3163 3582 3254 3638 hic
3304 3598 3512 3656 quanto

1935 3653 2005 3705 sit
2055 3652 2191 3722 ipsis
2252 3661 2627 3726 praestantior,
2687 3675 2893 3734 quanto
2940 3671 3192 3728 videlicet
3247 3652 3510 3734 Doluiuus

1935 3744 2110 3797 servis
2140 3754 2224 3800 est
2261 3748 2476 3816 potior:
2503 3753 2668 3806 veluti
2696 3758 2740 3808 si
2773 3758 2898 3826 quis
2922 3760 2974 3813 in
3003 3762 3224 3818 domum
3257 3767 3509 3824 introdu-

1937 3848 2069 3887 ceus
2099 3841 2434 3909 quempiam,
2459 3845 2723 3913 prmsides
2783 3850 2904 3920 ejus
2942 3851 3091 3910 illico
3141 3856 3330 3926 jubeat
3377 3861 3509 3917 ado-

1931 3941 2054 3980 rare
2085 3944 2285 3996 ipsum.

2002 4016 2166 4074 Vens.
2195 4020 2244 4074 7.
2303 4022 2372 4077 Et
2403 4024 2473 4077 ad
2491 4029 2703 4097 angelos
2751 4034 2958 4102 quidem
2987 4036 3113 4092 dicit
3150 4054 3172 4093 .'
3211 4042 3316 4108 Qui
3373 4044 3506 4112 facit

1931 4111 2145 4178 angelos
2191 4130 2314 4168 suos
2374 4119 2616 4186 spiritus,
2680 4133 2730 4176 et
2780 4115 3048 4182 ministros
3080 4147 3201 4185 suos
3230 4133 3502 4200 ﬂammam

1930 4202 2063 4270 ignis
2096 4205 2164 4259 δ’.
2200 4207 2274 4260 Eu
2307 4213 2603 4266 maximum
2635 4214 2958 4284 discrimen,
2993 4224 3250 4290 quoniam
3275 4227 3350 4281 illi
3382 4229 3506 4298 qui-

1930 4296 2050 4349 dem
2093 4308 2223 4352 sunt
2271 4305 2458 4369 creati,
2494 4303 2583 4358 hic
2635 4323 2765 4361 vero
2823 4311 3118 4369 increatus.
3170 4315 3305 4370 Nam
3356 4322 3535 4388 quod

251 4383 458 4447 ποιῶν,
491 4383 593 4451 τὴν
621 4385 684 4434 εκ
709 4381 804 4434 τοῦ
833 4383 908 4452 μὴ
937 4383 1090 4446 ὄντος
1114 4385 1195 4446 εἰς
1235 4382 1295 4436 τὸ
1316 4379 1456 4437 εἶναι
1482 4387 1823 4456 παραγωγὴν

1943 4388 2006 4440 ait
2044 4427 2059 4452 ,
2124 4388 2228 4454 Qui
2251 4392 2402 4460 facit,
2444 4397 2720 4470 signiﬁcat
2745 4415 2809 4453 ex
2841 4416 2946 4455 non
2977 4419 3101 4459 esse
3130 4407 3197 4460 ad
3226 4424 3349 4464 esse
3372 4427 3502 4480 pro-

251 4473 423 4541 δηλοῖ.
473 4472 550 4524 Οὐ
587 4471 726 4540 πρὸς
769 4472 1032 4537 ἀγγέλους
1082 4471 1138 4524 δὲ
1188 4473 1385 4542 μόνους
1437 4473 1498 4526 τὸ
1544 4472 1857 4546 ἰξαίρετον.

251 4561 538 4632 ἔχει,ἀλλὰ
566 4562 660 4613 καὶ
690 4561 826 4632 πρὸς
851 4563 1030 4614 πᾶσαν
1050 4561 1148 4634 τὴν
1172 4562 1550 4636 λειτουργικὴν
1571 4566 1818 4637 δύναμιν.

251 4656 362 4707 Οὐκ
393 4652 520 4707 εἶπε
545 4653 626 4719 δὲ,
656 4655 920 4722 Ποιήσας,
951 4654 1106 4717 ἀλλὰ,
1137 4656 1355 4721 ποιῶν,
1385 4659 1655 4724 τουτέστι,
1682 4679 1807 4716 συν-

247 4746 430 4816 τηρῶν
457 4746 538 4815 τῷ
567 4745 737 4814 λόγῳ,
780 4746 899 4798 καθ’
931 4745 990 4798 ὃν
1023 4747 1290 4815 ἐγένοντο.
1330 4749 1584 4803 Τοιοῦτον
1622 4753 1716 4806 καὶ¹
1755 4754 1818 4808 τὸ

248 4837 400 4905 παρὰ
420 4837 500 4906 τῷ
526 4831 844 4903 Εὐαγγελίῳ
864 4849 878 4864 ο
913 4835 976 4886 ὐ
1003 4836 1204 4903 Πατήρ
1221 4855 1339 4906 μου
1360 4839 1470 4907 ἕως
1490 4841 1620 4909 ἄρτι
1647 4843 1816 4915 ἐργά-

247 4923 425 4989 ζεται,
465 4926 738 4988 τουτέστι,
770 4925 983 4995 συνέχει
1010 4927 1080 4979 τὰ
1107 4930 1453 4998 γεγενημένα
1501 4936 1593 4986 καὶ
1641 4935 1814 5006 ἐξειρ-

246 5017 501 5085 γασμένα
534 5018 658 5086 ήδη,
693 5017 787 5069 καὶ
813 5017 1099 5085 φυλάσσει,
1131 5018 1205 5082 ὡς
1236 5019 1688 5093 ἐξειργάσθησαν,

319 5196 477 5262 Πρὸς
513 5193 581 5246 δὲ
609 5193 719 5247 τὸν
759 5195 926 5248 Υιόν·
966 5195 1028 5248 '0
1054 5197 1266 5263 θρόνος
1299 5211 1441 5260 σου,
1479 5201 1511 5252 ό
1537 5201 1700 5267 Θεὸς,
1733 5205 1822 5269 εἰς

1930 4478 2267 4534 ductionem.
2326 4481 2445 4538 Non
2535 4497 2716 4542 autem
2769 4493 2946 4559 quoad
3004 4499 3224 4566 angelos
3287 4509 3499 4558 tantum

1930 4571 2304 4628 excellentiam
2342 4577 2525 4638 habet.
2582 4598 2769 4638 verum
2824 4587 2987 4641 etiam
3048 4593 3224 4659 quoad
3283 4609 3497 4652 omnem

1932 4660 2338 4717 ministrantem
2372 4665 2653 4726 virtutem.
2683 4669 2799 4727 Non
2830 4675 2969 4729 dixit
2995 4687 3176 4733 autem
3217 4698 3230 4735 :
3283 4681 3385 4749 Qui
3423 4685 3500 4738 fe-

1928 4751 2190 4818 cit:sed,
2270 4754 2376 4820 Qui
2402 4757 2556 4827 facit,
2611 4763 2712 4818 hoc
2771 4774 2874 4829 est,
2937 4782 3273 4828 conservans
3326 4777 3494 4832 vcrlso

1923 4855 2021 4908 per
2077 4843 2222 4911 quod
2262 4845 2391 4902 facti
2449 4858 2596 4904 sunt.
2643 4851 2966 4923 llujusmodi
3001 4869 3085 4916 est
3136 4865 3280 4932 quod
3329 4876 3385 4921 et
3442 4869 3497 4923 in

1924 4929 2218 5003 Evangelio
2253 4937 2432 4993 dicit:
2497 4940 2663 4996 Pater
2716 4961 2860 5000 incus
2900 4965 3063 5019 usque
3111 4929 3265 5010 modo
3306 4973 3496 5024 operas

1923 5031 2011 5074 tur
2039 5023 2085 5055 ⁸⁸
2119 5065 2134 5088 ,
2168 5027 2272 5083 hoc
2295 5038 2400 5097 est,
2432 5034 2674 5087 continet
2704 5051 2828 5104 quae
2864 5037 3002 5094 facta
3025 5051 3176 5108 sunt,
3199 5051 3253 5098 et
3278 5023 3492 5114 eliecla,

1921 5121 1975 5167 et
2001 5118 2244 5172 custodit
2272 5123 2494 5190 perinde
2527 5139 2590 5176 ac
2617 5125 2754 5179 facta
2780 5139 2928 5183 sunt.

1989 5206 2153 5262 Vt-zns.
2182 5210 2235 5263 8.
2281 5212 2362 5264 Ad
2389 5212 2584 5267 Filium
2617 5225 2794 5271 autent
2827 5235 2845 5273 :
2873 5219 3112 5276 Thronus
3146 5235 3288 5290 tuus,
3325 5226 3486 5288 Deus,

243 5285 352 5337 τὸν
383 5285 567 5339 αἰῶνα
592 5284 701 5339 τοῦ
725 5284 959 5351 αὶῶνος.
985 5287 1046 5339 Oi
1079 5286 1179 5355 μὲν
1219 5287 1460 5381 ἄγγελοι,
1491 5293 1658 5381 fenei,
1700 5293 1818 5344 κτί-

1943 5297 2252 5350 uswculnm
2302 5303 2502 5355 sa'cuti.
2532 5301 2720 5374 Augeli
2781 5309 3026 5377 quidem,
3084 5313 3283 5381 inquit.
3335 5331 3488 5368 crea-

245 5389 431 5440 σματα
464 5375 560 5426 καὶ
588 5376 872 5444 ποιήματα
896 5391 910 5406 ο
939 5375 1067 5445 περὶ
1098 5375 1276 5426 αὐτῶν
1325 5377 1430 5448 γὰρ
1458 5379 1674 5448 εἴρηται
1730 5383 1812 5446 τὸ,

255 5462 314 5512 '0
339 5461 549 5516 ποιῶν.
591 5463 653 5516 ὐ
687 5463 909 5526 sem;
944 5464 1004 5516 οὐ
1039 5462 1244 5532 κτίσμα
1290 5466 1436 5518 ἐστίν
1459 5483 1472 5496 ·
1520 5469 1642 5522 οὐδὲ
1707 5472 1817 5544 γὰρ

1919 5390 2054 5437 tura:
2078 5396 2206 5440 sunt
2239 5394 2293 5440 et
2321 5405 2484 5457 opera
2517 5407 2530 5444 :
2591 5392 2658 5448 de
2711 5395 2844 5462 ipsis
2900 5402 3044 5452 enim
3105 5400 3310 5454 dictum
3350 5412 3432 5456 est
3468 5422 3484 5458 :

1927 5475 2033 5538 Qui
2060 5477 2212 5545 facit.
2247 5477 2415 5535 Filius
2477 5495 2656 5538 autem
2711 5501 2818 5540 non
2887 5498 2970 5543 est
3015 5500 3302 5546 creatura:
3369 5511 3481 5552 non

320 5619 364 5678 ’ί
418 5648 555 5704 Luc.
598 5665 634 5714 ι,
699 5650 786 5704 '55.
864 5653 1262 5724 "Maltinxtu,
1297 5656 1350 5708 5.
1427 5657 1473 5690 ⁸⁸
1504 5661 1652 5715 Psal.
1700 5675 1838 5728 xcvi,

2008 5666 2050 5698 ⁸⁷
2086 5663 2229 5721 ΓετιΙ.
2282 5683 2399 5736 cm,
2443 5671 2498 5725 4.
2575 5671 2804 5725 “Joau.
2850 5673 3020 5735 v,17.
