4014 6208
454 279 557 344 199

1298 275 1875 339 THEOPHYLACTI
1918 279 1963 338 Β
1976 277 2326 342 JLGARUE
2366 277 2725 341 ARCHIEP.

3586 266 3696 334 200

449 395 595 446 enim
626 389 695 444 de
722 386 844 461 ipso
872 387 1035 444 etiam
1089 386 1295 442 dictum
1354 395 1482 441 est:
1535 385 1641 451 Qui
1683 387 1837 456 facit,
1904 390 2022 456 sed,

2135 393 2340 461 εἴρηται
2390 389 2486 443 καὶ
2515 391 2645 462 περὶ
2668 387 2832 443 αὐτοῦ
2862 389 2944 452 τὸ,
2986 387 3051 442 '0
3072 387 3277 451 ποιῶν,
3331 384 3486 449 ἀλλὰ,
3530 385 3697 439 Baete

451 487 603 541 lies.
636 482 925 542 Dominus,
961 493 1025 533 ac
1052 477 1220 533 Deus.
1272 475 1528 533 Thronus
1606 479 1749 531 enim
1823 478 1870 533 ei
1931 480 2026 532 tri-

451 553 780 645 lmituﬂqui
823 570 975 642 regni
1021 579 1106 625 est
1161 569 1445 635 indicium,
1479 584 1543 624 ac
1581 568 1815 623 thronus
1865 578 2026 623 aeter-

450 682 556 722 nus
581 666 648 719 ⁸⁹.
685 663 797 717 Hoc
832 669 1013 716 autem
1044 670 1129 715 est
1173 659 1437 717 adversus
1477 659 1707 714 Paulum
1769 659 2028 716 Samosa-

451 765 682 815 tensem,
713 751 807 820 qui
842 749 1150 819 simplicem
1197 749 1474 804 hominem
1541 748 1841 804 introducit
1899 764 2024 804 eum

449 845 542 912 qui
573 844 713 898 Deus
745 856 934 898 revera
971 843 1068 907 sit,
1103 840 1328 913 Resque
1355 848 1592 896 aeternus
1622 857 1638 894 :
1686 850 1740 895 et
1763 840 2027 895 adversus

451 936 661 992 Arium.

534 1024 693 1095 Virga
723 1023 1013 1094 wquitatis,
1047 1024 1193 1094 virga
1223 1024 1370 1093 regni
1402 1023 1499 1078 tui.
1533 1023 1608 1075 En
1641 1035 1832 1076 rursus
1879 1020 2027 1076 aliud

452 1117 600 1187 regni
629 1114 959 1185 symbolum.

520 1235 685 1289 Vens.
721 1233 772 1288 9.
807 1232 1057 1287 Dilexisti
1072 1233 1342 1302 justitiam
1373 1242 1443 1297 et,
1473 1232 1634 1286 odisti
1669 1232 2024 1302 iniquitatem.

451 1327 578 1383 Haec
614 1327 900 1381 incarnato
933 1324 1045 1379 Deo
1074 1323 1255 1380 Verbo
1277 1330 1559 1394 aptantur,
1582 1338 1685 1379 ceu
1711 1338 1878 1379 carne
1918 1324 2025 1378 hu-

450 1416 598 1470 milia
631 1416 945 1486 recipiente.

528 1524 815 1593 Propterea
846 1522 998 1578 unxit
1034 1532 1103 1587 te,
1140 1520 1304 1584 Deus,
1348 1520 1491 1575 Deus
1527 1530 1672 1589 tuus,
1704 1520 1817 1575 oleo
1847 1519 2027 1574 exsul-

452 1618 670 1672 tatiom’s
701 1632 807 1674 pra:
829 1612 1178 1683 participibus
1204 1612 1333 1667 tuis.
1360 1609 1475 1665 Hoc
1498 1610 1762 1667 adversus
1785 1609 2023 1673 Judwos,

454 1718 510 1763 et
535 1706 834 1761 Sabellium
892 1713 948 1760 et
978 1703 1300 1758 Marcellum
1349 1710 1584 1771 pugnat,
1644 1700 2023 1772 utpotelduas

453 1815 719 1870 personas
752 1797 1032 1865 indicans,
1053 1796 1222 1851 Deum
1246 1804 1301 1847 et
1326 1792 1531 1849 Deum:
1570 1803 1623 1848 et
1658 1805 1855 1849 contra
1883 1792 2026 1846 Mar-

455 1893 744 1955 cionistas,
816 1890 908 1958 qui
968 1903 1076 1943 non
1148 1891 1344 1957 putant
1411 1882 1608 1938 Filiqu
1658 1884 2029 1951 assumpsisse

454 2000 698 2045 carnem,
727 1982 989 2053 quoniam
1023 1977 1283 2032 divinitas
1307 1992 1415 2032 non
1438 1976 1682 2046 ungitur,
1710 1974 1804 2029 sed
1833 1976 2051 2047 huma-A

454 2076 621 2129 nitas.
649 2075 732 2127 Ait
757 2072 924 2142 igitur
952 2087 967 2125 :
991 2067 1153 2141 655
1177 2067 1222 2122 0
1251 2069 1414 2131 Deus,
1439 2067 1597 2122 unxit
1627 2076 1679 2121 te
1711 2065 1856 2122 Deus
1881 2076 2028 2131 tuus,

456 2165 560 2219 hoc
586 2171 692 2223 est,
735 2161 894 2215 Pater
923 2159 1143 2230 quidem
1171 2168 1295 2214 tuus
1328 2157 1630 2213 secundum
1663 2157 2029 2220 divinitatem,

462 2254 606 2308 Deus
637 2268 765 2306 vero
789 2248 1093 2305 secundum
1119 2262 1365 2302 carnem.
1396 2246 1525 2302 Oleo
1550 2246 1948 2310 exsultationis,
1976 2246 2031 2300 id

464 2354 571 2406 est,
607 2342 810 2413 Spiritu
837 2352 1049 2408 sancto,
1085 2356 1196 2406 prae
1224 2339 1347 2394 aliis
1371 2338 1710 2393 hominibus.
1738 2337 1857 2394 Non
1884 2337 2029 2393 enim

457 2451 555 2506 per
589 2448 900 2488 mensuram
933 2431 1200 2504 Spiritum
1232 2436 1485 2485 sanctum
1522 2429 1735 2498 accepit
1756 2428 2030 2496 Christus,

458 2534 717 2595 nequeut
757 2525 805 2581 is
859 2526 952 2595 qui
1014 2538 1115 2596 per
1173 2522 1438 2594 Spiritum
1474 2529 1730 2591 operatur
1778 2521 2028 2585 miritica,

460 2628 650 2667 verum
715 2614 979 2667 inunctus
1037 2621 1124 2668 est
1198 2612 1524 2683 praesentia,
1600 2611 1848 2681 adeoque
1914 2619 2032 2667 toto

460 2714 763 2775 unguento,
820 2718 884 2758 ac
934 2711 1048 2757 toto
1102 2702 1421 2772 inuugenle.
1483 2700 1787 2771 Participes
1848 2708 2031 2754 autem

462 2797 584 2867 ejus
606 2805 735 2852 sunt
765 2810 957 2850 omnes
979 2794 1316 2864 spirituales,
1347 2800 1407 2847 ut
1461 2792 1554 2863 qui
1585 2792 1707 2862 ejus
1739 2790 2033 2862 participa-

459 2889 608 2943 tione
631 2887 743 2941 sint
767 2885 1119 2942 sanetiticati.
1150 2882 1286 2939 Nam
1323 2896 1379 2940 et
1401 2883 1496 2955 qui
1536 2884 1596 2939 in
1630 2884 1749 2954 lege
1801 2882 2031 2952 perfecti

461 2987 514 3029 et
544 2978 857 3047 Spit'iltlaies
881 2985 1059 3041 erant,
1114 2991 1209 3047 per
1236 2975 1398 3031 ﬁdem
1441 2975 1497 3028 in
1545 2972 1825 3030 Christum
1855 2973 2032 3044 Spiri-

2130 482 2276 550 λεῦς,
2328 482 2424 536 καὶ
2475 482 2774 551 Δεσπότης,
2822 479 2919 534 καὶ
2962 480 3114 542 Θεός.
3162 479 3365 549 Θρόνος
3392 475 3501 545 γὰρ
3549 473 3698 542 αὐτῷ

2132 575 2665 644 προσμαρτυρεῖται,
2694 571 2722 625 ὃ
2748 570 3026 641 βασιλείας
3056 568 3348 638 σύμϐολον,
3376 568 3470 619 καὶ
3510 564 3699 636 θρόνος

2128 662 2371 725 αἰώνιος.
2406 663 2579 716 Τοῦτο
2640 662 2698 715 δὲ
2748 660 2893 714 κατὰ
2947 658 3161 714 Παύλου
3185 657 3279 711 τοῦ
3310 656 3698 727 Σαμοσατέως,

2128 753 2286 825 ψιλὸν
2316 753 2609 825 ἄνθρωπον
2632 755 2945 821 εἰσάγοντος
2981 751 3072 805 τὸν
3101 751 3271 815 ὅντως
3307 749 3440 804 Θεὸν
3471 751 3565 804 καὶ
3596 751 3705 807 Βα-

2131 844 2285 899 σιλέα
2309 846 2527 899 αἰώνιον
2547 862 2562 877 ο
2594 846 2687 899 καὶ
2717 845 2857 898 κατὰ
2905 843 3138 917 Ἀρείου.

2212 1022 2459 1088 Ῥάὸδος
2504 1022 2850 1089 εὐθύτητος,
2884 1020 2923 1087 ἡ
2956 1019 3181 1088 ῥάϐδος
3213 1018 3324 1086 τῆς
3373 1019 3704 1086 βασιλείας

2127 1132 2268 1171 σου.
2316 1115 2449 1170 Ἰδοὺ
2479 1115 2641 1169 πάλιν
2674 1114 2771 1168 καὶ
2797 1112 2927 1167 ἄλλο
2959 1111 3235 1182 βασιλείας
3269 1109 3559 1181 σύμϐολον.

2209 1228 2563 1298 Ἠτάπησας
2593 1225 3011 1292 δικαιοσύνην,
3064 1223 3163 1278 καί
3212 1224 3517 1291 ἐμίσησας
3549 1222 3695 1278 ἀνο-

2122 1319 2290 1387 μίαν.
2317 1316 2502 1370 Ταῦτα
2529 1316 2605 1380 ὡς
2634 1315 2972 1386 σαρκωθέντι
3026 1314 3104 1386 τῷ
3148 1313 3268 1384 Θεῷ
3313 1314 3468 1380 Λόγῳ
3522 1330 3697 1383 προσ-

2127 1411 2411 1475 ἅπτονται,
2438 1407 2535 1463 διτε
2561 1409 2661 1477 τῆς
2687 1407 2890 1478 σαρκὸς
2919 1406 3321 1477 ἀναδεχομένης
3343 1405 3411 1458 τὰ
3443 1406 3697 1459 ταπεινά.

2158 1578 2163 1583 ,
2198 1523 2301 1577 Διὰ
2326 1522 2502 1577 τοῦτο
2528 1520 2734 1590 ἓχρισέ
2748 1537 2844 1585 σε,
2872 1523 2905 1575 ὁ
2927 1520 3090 1586 Θεὸς,
3116 1522 3149 1574 ὁ
3174 1520 3317 1586 Θεός
3332 1535 3469 1585 σου,
3493 1521 3703 1574 ἔλαιον

2127 1614 2544 1683 ἀγαλλιάσεως
2594 1612 2758 1679 παρὰ
2804 1611 2948 1677 τοὺς
3000 1613 3296 1680 μετόχους
3348 1627 3487 1665 σου.
3527 1610 3705 1663 Τοῦτο

2129 1706 2274 1761 κατὰ
2307 1706 2600 1769 Ἰουδαίων,
2634 1704 2732 1758 καὶ
2776 1703 3090 1769 Σαϐελλίου,
3118 1702 3211 1756 καὶ
3244 1702 3587 1772 Μαρκέλλου,
3626 1701 3703 1764 ὡς

2128 1799 2221 1851 δύο
2272 1798 2541 1867 πρόσωπα
2583 1798 2869 1865 ἐμφαῖνον,
2925 1794 3059 1848 Θεὸν
3088 1795 3183 1847 καὶ
3217 1794 3347 1848 Θεόν
3371 1809 3385 1823 ⁸
3428 1794 3523 1847 καὶ
3563 1796 3707 1848 κατὰ

2129 1889 2565 1961 Μαρκιωνιστῶν
2590 1889 2689 1953 νδὲ,
2745 1887 3009 1958 οἰομένων
3043 1886 3117 1957 μὴ
3165 1886 3348 1958 σάρκα
3388 1885 3573 1940 λαϐεῖν
3611 1887 3708 1940 τὸν

2130 1982 2280 2045 Υἱὸν,
2308 1982 2391 2036 ὅτι
2416 1969 2609 2051 θεότης
2641 1981 2703 2034 ού
2750 1980 2987 2052 χρίεται,
3020 1979 3139 2034 ἀλλ’
3177 1978 3558 2049 ἅνθρωπότης.
3596 1979 3710 2046 itq-

2133 2076 2219 2128 σὶν
2244 2072 2362 2139 οὖν,
2406 2076 2492 2128 ὅτι
2532 2074 2594 2129 Ὀ
2627 2072 2781 2138 Θεὸς,
2807 2073 3107 2138 τουτέστιν,
3132 2064 3177 2125 ὦ
3209 2071 3332 2136 Θεέ,
3358 2070 3541 2141 ἔχρισέ
3580 2087 3641 2123 σε
3678 2074 3711 2124 6

2131 2166 2266 2230 Θεός
2292 2182 2307 2198 ο
2334 2166 2640 2228 τουτέστιν,
2685 2166 2714 2218 6
2757 2165 2952 2236 Πατὴρ
2981 2164 3087 2234 μέν
3141 2181 3235 2216 σου
3278 2164 3419 2217 κατὰ
3454 2163 3552 2233 τὴν
3583 2162 3707 2216 0εό-

2132 2277 2292 2331 τητα,
2329 2257 2464 2322 Θεὸς
2492 2258 2550 2312 δὲ
2579 2258 2722 2311 κατὰ
2753 2256 2855 2328 τὴν
2887 2256 3088 2324 σάρκα.
3124 2256 3377 2311 Ἐλάιον
3416 2254 3486 2309 δὲ
3520 2255 3705 2325 ἀγαι-

2131 2350 2430 2416 λιάσεως,
2470 2348 2717 2403 τουτέστι
2771 2348 2832 2401 τὸ
2886 2349 3044 2417 ἅγιον
3098 2346 3347 2416 Πνεῦμα,
3398 2345 3551 2416 παρὰ
3582 2348 3711 2408 τοὺς

2133 2440 2328 2504 ἄλλους
2359 2437 2706 2510 ἀνθρώπους.
2760 2439 2836 2493 ού
2894 2440 3005 2509 γὰρ
3053 2438 3119 2492 ὲκ
3169 2437 3370 2509 μέτρου
3431 2437 3623 2490 ἔλαϐεν
3680 2439 3715 2490 6

2134 2530 2375 2602 Χριστὸς
2421 2532 2485 2586 τὸ
2537 2531 2786 2603 Πνεῦμα,
2830 2531 2952 2585 οὐδὲ
3004 2530 3079 2595 ὡς
3130 2531 3543 2601 ὲνεργούμενος,
3588 2530 3711 2583 ἀλλ’

2135 2624 2363 2694 ἐχρίσθη
2390 2626 2667 2696 παρουσίᾳ
2699 2623 2796 2677 καὶ
2831 2624 2952 2676 ὅλου
2975 2622 3070 2676 τοῦ
3102 2623 3406 2693 χρίσματος
3456 2624 3551 2676 καὶ
3577 2622 3709 2676 ὅλου

2133 2716 2230 2769 τοῦ
2282 2715 2548 2786 χρίοντος.
2594 2716 2826 2785 Μέτοχοι
2885 2715 2942 2768 δὲ
2992 2714 3158 2768 αὐτοῦ
3211 2715 3261 2769 οἰ
3343 2717 3711 2785 πνευματικοὶ

2136 2807 2363 2873 πάντες,
2391 2806 2466 2870 ὡς
2497 2806 2564 2876 τῇ
2594 2805 2733 2876 αὐτῇ
2770 2803 2985 2875 μεθέξει
3016 2804 3391 2873 ἀγιασθέντες.
3432 2806 3543 2858 Καὶ
3570 2805 3707 2857 οἰὲν

2136 2898 2288 2969 νόμῳ
2315 2897 2424 2968 γὰρ
2450 2897 2647 2951 τέλειοι
2680 2897 2774 2950 καὶ
2797 2896 3181 2967 πνευματικοὶ,
3234 2898 3301 2967 τῇ
3347 2897 3428 2960 εἰς
3472 2897 3711 2967 Χριστὸν

2139 2989 2321 3041 πίστει
2351 2986 2446 3041 τοῦ
2474 2987 2793 3058 Πνεύματος
2820 2988 3032 3056 ἔτυχον.
3079 2985 3170 3040 Διὸ
3215 2986 3311 3040 καὶ⁵
3358 2987 3586 3057 Χριστοὶ
3615 2988 3712 3039 ἐκ·

465 3077 581 3120 tmu
617 3075 747 3121 sunt
779 3068 1062 3124 assecuti:
1104 3067 1177 3121 ob
1197 3081 1360 3136 quam
1407 3080 1632 3121 causam
1692 3073 1748 3120 et
1802 3063 2031 3128 Christi,

2137 3079 2385 3149 λήθησαν
2415 3095 2430 3108 ·
2469 3079 2546 3142 ὡς
2582 3079 2665 3143 τὸ,
2694 3078 2790 3144 Μὴ
2817 3078 3081 3135 ἅπτεσθε
3110 3077 3229 3132 τῶν
3261 3077 3530 3145 Χριστῶν
3557 3096 3706 3147 μου.

464 3160 567 3213 hoc
612 3170 712 3226 est,
749 3162 939 3224 uncti,
978 3158 1232 3228 appellati
1264 3166 1411 3224 sunt,
1453 3168 1516 3213 ut
1554 3177 1568 3213 :
1604 3155 1789 3213 Nolite
1822 3166 2033 3227 tangere

464 3248 700 3304 Christos
739 3250 970 3303 meos”.
1013 3248 1078 3302 Et
1100 3249 1194 3320 qui
1229 3250 1281 3305 in
1328 3249 1505 3321 gratia
1558 3257 1688 3305 sunt
1723 3249 2029 3322 Evangelii,

466 3340 624 3410 longe
678 3340 923 3409 apertius
976 3340 1183 3397 Christi
1248 3348 1376 3396 sunt
1443 3342 1769 3412 participes.
1822 3351 1886 3397 ut
1937 3342 2033 3412 qui

461 3430 659 3485 mortis
687 3430 860 3499 ipsius
894 3432 1006 3486 sint
1042 3431 1175 3485 facti
1202 3438 1492 3487 consortes
1533 3447 1630 3503 per
1658 3433 1950 3503 baptisma,
1977 3440 2034 3488 et

464 3522 615 3578 uncti
649 3521 882 3593 Spiritu,
924 3523 1017 3595 qui
1052 3524 1233 3579 oleum
1285 3524 1676 3580 exsultatiouis
1713 3525 1937 3593 dicitur,
1973 3534 2036 3581 ut

461 3616 555 3687 qui
600 3631 628 3668 a
661 3625 1015 3686 peccatorum
1043 3616 1267 3673 tristitia
1295 3631 1397 3672 nos
1426 3616 1761 3683 liberaverit,
1797 3632 1860 3673 ac
1889 3617 2034 3672 futu-

464 3720 651 3759 rorum
685 3707 951 3757 bonorum
1005 3720 1102 3774 spe
1150 3719 1252 3758 nos
1312 3707 1551 3775 gaudere
1600 3704 1813 3760 iecerit.
1850 3705 2030 3773 ζουσι]

465 3808 619 3856 vero,
659 3794 816 3858 Deus,
854 3794 920 3848 sit
946 3811 1067 3866 pro,
1098 3796 1141 3849 0
1168 3794 1312 3851 Deus
1335 3835 1350 3863 ,
1388 3796 1543 3852 testis
1571 3805 1656 3852 est
1686 3797 1793 3853 [ide
1837 3798 2035 3868 dignus

465 3887 643 3943 hostis
676 3887 1059 3958 Symmachus,
1092 3888 1184 3958 qui
1222 3889 1293 3943 ita
1331 3888 1765 3967 interpretatur:
1801 3888 2033 3961 Propte-

462 3992 553 4032 rea
580 3979 735 4033 unxit
770 3987 843 4048 te,
880 3994 913 4033 o
951 3979 1117 4046 Deus,
1147 3979 1293 4034 Deus
1325 3989 1473 4048 tuus,
1510 3981 1634 4036 oleo
1690 3981 1894 4036 laetitia:
1923 3999 2033 4053 prre

462 4070 632 4123 sociis
658 4070 787 4124 tuis.
817 4069 1058 4125 Observa
1088 4079 1268 4126 autem
1301 4072 1467 4141 quod,
1496 4073 1526 4126 ὁ
1551 4072 1705 4138 Θεὸς,
1743 4088 1868 4128 cum
1900 4076 2035 4128 arti-

462 4161 610 4225 culo,
646 4161 713 4216 de
747 4148 886 4217 Filio
940 4161 1181 4228 dicatur,
1235 4172 1457 4234 pr0pter
1520 4179 1617 4219 eos
1656 4165 1749 4234 qui
1815 4174 2032 4235 urgent,

460 4251 604 4341 quod
627 4251 782 4318 illud,
811 4252 918 4304 Καὶ
941 4244 1073 4315 Θεὸς
1096 4247 1165 4323 ἦν
1194 4253 1422 4321 ὸΛόγος,
1443 4254 1560 4315 sine
1580 4253 1830 4321 articulo,
1855 4255 2031 4324 ipsum

459 4358 584 4397 esse
633 4343 799 4398 Deum
841 4343 1136 4413 improprie
1177 4343 1360 4398 infert.

534 4433 699 4488 Vens.
742 4435 827 4488 10.
854 4437 946 4502 Et,
978 4438 1051 4487 Tu
1086 4436 1139 4489 in
1158 4435 1533 4505 principio(a).
1567 4436 1804 4498 Domine.
1836 4448 2031 4494 terram
2067 4441 2107 4495 ι)
2140 4508 2145 4513 τ

464 4525 726 4594 fundasti,
770 4536 816 4579 et
849 4542 1009 4595 opera
1042 4543 1294 4578 manuum
1347 4536 1560 4579 tuarum
1605 4538 1732 4584 sunt
1779 4533 1914 4587 caeli.
1955 4531 2033 4587 Ne

464 4632 586 4668 t'ttttt
617 4631 785 4683 supra
821 4616 1101 4671 audiveris
1128 4618 1274 4685 quod
1296 4620 1721 4691 primogenitum
1782 4624 2030 4679 introdu-
2058 4600 2059 4603 Ἴ

462 4713 551 4757 cat
587 4704 638 4756 in
672 4705 857 4758 orbem
892 4715 1186 4769 terrarum,
1216 4711 1497 4768 existimes
1528 4722 1786 4784 tanquam
1827 4715 2029 4769 donum

464 4798 775 4867 esse,quod
818 4799 863 4852 ei
896 4808 1169 4867 postremo
1192 4801 1378 4857 datum
1424 4804 1495 4859 sit
1539 4820 1567 4858 a
1619 4808 1781 4862 Patre
1810 4847 1824 4869 .
1877 4823 2031 4860 eom-

467 4896 734 4941 monstrat
767 4903 890 4942 eum
938 4889 1110 4960 ipsius
1148 4890 1502 4951 Conditorem
1560 4896 1751 4964 fuisse,
1810 4913 1919 4952 non
1978 4900 2031 4953 in

536 5061 582 5095 ”
611 5064 755 5119 PSal.
788 5080 930 5135 ιιι-ιν,
967 5067 1020 5122 7.
1095 5070 1141 5103 ’⁸
1172 5068 1314 5128 Psal.
1346 5087 1453 5141 CIV,
1480 5073 1568 5127 15.

537 5301 582 5333 η
612 5300 699 5354 διὰ
729 5314 781 5356 o.

2139 3169 2250 3225 Καὶ
2271 3171 2317 3221 οἰ
2350 3170 2407 3222 ὲν
2441 3171 2510 3240 τῇ
2539 3169 2723 3240 χάριτι
2744 3169 2801 3223 δὲ
2819 3169 3171 3240 ἐκδηλότερον
3203 3169 3423 3239 μέτοχοι
3446 3167 3717 3239 Χριστοῦ,

2139 3263 2213 3326 ὼς
2250 3261 2469 3315 καὶτοῦ
2519 3262 2752 3315 θανάτου
2806 3260 2973 3316 αὑτοῦ
3033 3263 3464 3331 κοινωνήσαντες
3521 3261 3578 3315 ὲν
3632 3261 3718 3330 τῷ

2140 3355 2503 3425 βαπτίσματι,
2533 3355 2631 3409 καὶ
2662 3355 2981 3426 χρισθέντες
3015 3354 3093 3425 τῷ
3136 3355 3439 3424 Πνεύματι,
3471 3354 3498 3408 ὸ
3526 3354 3718 3407 ἔλαιον

2137 3449 2517 3515 ἀγαλλιάσεως
2575 3448 2818 3516 λέγεται,
2871 3448 2946 3512 ὡς
2992 3450 3091 3519 τῆς
3122 3451 3216 3503 ἐπὶ
3261 3452 3384 3514 ταῖς
3411 3449 3720 3520 ἁμαρτίαις

2140 3540 2599 3613 σκυθρωπότητος
2642 3543 2791 3613 ἡμᾶς
2847 3542 3176 3613 ῥυσάμενον,
3240 3543 3335 3597 καὶ
3378 3544 3588 3615 χαίρειν
3642 3547 3718 3614 τῇ

2138 3630 2314 3685 ἐλπίδι
2343 3631 2452 3685 τῶν
2475 3632 2776 3702 μελλόντων
2801 3634 3250 3704 παρασκευάσαν.
3280 3635 3402 3688 Ὅτι
3424 3634 3481 3688 δὲ
3513 3634 3595 3695 τὸ.
3639 3634 3715 3688 ’0

2139 3723 2305 3788 Θεὸς,
2364 3725 2486 3778 ἀντὶ
2510 3724 2627 3791 τοῦ,
2682 3718 2730 3778 ὧ
2757 3725 2859 3778 Θεὲ
2897 3725 3036 3790 ἔστι,
3072 3727 3283 3798 μάρτυς
3324 3725 3637 3791 ἀξιόπιστος
3686 3729 3723 3781 6

2136 3815 2332 3884 ἐχθρὸς
2365 3815 2660 3889 Σύμμαχος
2682 3856 2699 3883 ,
2737 3817 2926 3880 ἐκδοὺς
2969 3817 3149 3872 οὕτωσ
3202 3818 3303 3872 Διὰ
3333 3817 3493 3873 τοῦτο
3526 3808 3721 3889 ἔχρισὲ

2139 3923 2221 3970 σε,
2277 3907 2401 3974 Ges,
2436 3908 2464 3960 6
2492 3908 2628 3972 Θεός
2660 3925 2753 3961 σου
2776 3949 2792 3974 ,
2842 3908 3020 3961 ἔλαιον
3069 3910 3246 3980 χαρᾶς
3279 3911 3430 3982 παρὰ
3460 3910 3721 3979 ἑταίρους

2141 4017 2255 4053 σου.
2289 4000 2604 4070 Σημείωσαι
2647 4001 2703 4055 δὲ
2742 4002 2824 4067 τὸ,
2878 4003 2907 4054 ὁ
2935 4002 3088 4066 Θεὸς,
3121 4003 3262 4072 μετὰ
3285 4003 3330 4037 ³⁸
3359 4001 3454 4056 τοῦ
3481 4003 3718 4072 ἄρθρου,

2136 4092 2230 4143 ἐπὶ
2260 4092 2353 4145 τοῦ
2397 4092 2550 4158 Υἰοῦ,
2581 4093 2675 4148 διὰ
2699 4095 2825 4157 τοὺς
2853 4092 3132 4161 λέγοντας,
3160 4095 3266 4158 ὃτι,
3292 4094 3400 4148 Καὶ
3430 4094 3560 4154 Θεὸς
3584 4088 3653 4163 ἦν
3685 4095 3720 4146 6

2138 4179 2332 4246 Λόγος,
2373 4182 2544 4252 χωρὶς
2583 4181 2677 4235 τοῦ
2719 4181 2926 4253 ἄρθρου
2950 4180 3033 4246 ὃν,
3056 4183 3117 4236 ού
3152 4182 3357 4255 κυρίως
3381 4184 3514 4237 Θεὸν
3544 4182 3716 4237 αὑτὸν

2137 4269 2371 4337 εἰσάγει.

2230 4444 2365 4511 Καὶ,
2396 4444 2480 4500 Σὺ
2523 4446 2654 4500 κατ’
2691 4447 2900 4515 ἀρχὰς,
2935 4448 3129 4515 Κύριε,
3165 4448 3563 4516 ἐθεμελίωσας
3596 4448 3725 4515 τὴν

2141 4536 2279 4606 γῆν,
2304 4538 2400 4591 καί
2430 4536 2576 4606 ἔργα
2627 4538 2746 4591 τῶν
2775 4538 2988 4608 χειρῶν
3008 4555 3125 4592 σου
3174 4540 3333 4593 εἰσὶν
3360 4543 3413 4594 οι
3443 4542 3717 4607 οὐρανοί.

2141 4627 2259 4680 Ἵνα
2284 4628 2358 4699 μὴ
2380 4628 2512 4682 ἀκού
2522 4645 2618 4691 σας
2635 4630 3106 4700 ἀνωτέρω,“οταν
3119 4630 3408 4699 εἰσαγάγῃ
3428 4630 3536 4684 τὸν
3560 4634 3723 4697 Πρω.

2140 4721 2392 4775 τότοκον
2406 4722 2492 4785 εἰς
2511 4719 2626 4787 τὴν
2639 4721 3022 4790 οἰκουμένην,
3035 4723 3264 4793 νομίσῃς
3285 4722 3360 4785 ὡς
3379 4722 3551 4792 δῶρον
3573 4717 3722 4777 εἰναι

2142 4810 2366 4882 ὕστερον
2395 4812 2542 4880 αὐτῷ
2573 4812 2866 4884 προσδοθὲν
2903 4814 3054 4882 παρὰ
3084 4813 3176 4865 τοῦ
3208 4814 3443 4884 ηατρὸς,
3470 4812 3721 4868 δείκνυσι

2142 4902 2237 4959 νῦν
2270 4904 2434 4958 αὐτὸν
2458 4904 2798 4975 Δημιουργὸν
2847 4902 3040 4970 αὐτῆς,
3070 4904 3170 4958 ούκ
3191 4905 3277 4958 ἐπ’
3299 4906 3564 4976 ἐσχάτων,
3595 4901 3719 4957 ἀλλ’

1802 5184 2001 5246 Varias
2041 5185 2367 5250 lectiones.

1968 5423 2199 5485 NOTAE.

539 5532 622 5606 in);
652 5532 759 5586 Nisi
787 5533 1017 5606 verbum
1053 5533 1158 5587 hoc
1188 5536 1240 5606 iu
1262 5535 1518 5606 prinripio
1547 5546 1851 5606 exponatur
1888 5548 1941 5589 ut
1982 5539 2035 5593 in

466 5603 665 5676 primis
693 5600 1151 5676 vcrltisi’iencsis.
1175 5605 1225 5657 id
1262 5600 1344 5659 cst
1375 5600 1630 5670 iu'Ftlio,
1656 5608 1854 5660 frustra
1883 5614 2033 5676 quis.

470 5680 625 5743 puto,
657 5671 926 5726 laborabit
955 5673 1008 5725 iu
1040 5689 1106 5729 eo
1136 5682 1195 5728 ut
1239 5676 1417 5731 locum
1458 5676 1602 5730 hunc
1628 5693 1689 5732 cx
1724 5671 1933 5748 psalmo
1980 5693 2030 5732 cr

2148 5543 2453 5624 γρῖφοι-ειη]
2493 5544 2713 5624 Filium,
2766 5566 2888 5624 cum
2940 5551 3072 5606 nihil
3108 5558 3369 5624 praeterea
3418 5551 3473 5609 in
3505 5567 3571 5609 eo
3633 5548 3713 5609 sit

2147 5614 2289 5669 unde
2316 5613 2509 5671 Filium
2541 5621 2665 5688 quis
2688 5621 2859 5690 accipi
2888 5637 3053 5690 posse
3086 5613 3361 5677 ostendat.
