4014 6208
150 528 263 591 201

927 519 1331 582 EXPOSITIO
1360 517 1440 580 ΙΝ
1472 517 1710 579 EPIST.
1742 517 1841 577 AD
1864 517 2256 579 HEBRxEOS.
2303 544 2367 554 -
2395 519 2555 580 CAP.
2599 519 2652 583 Ι.

3320 521 3427 586 2ίὲ

148 638 395 694 ἄνωθεν.
427 634 596 691 Τοῦτο
622 635 679 689 δὲ
708 636 797 688 καὶ
826 634 967 688 κατὰ
999 634 1212 688 Παύλου
1232 633 1325 686 τοῦ
1356 633 1739 702 Σαμοσατέως,

1860 631 2171 688 novissimis
2200 633 2563 701 temporibus,
2596 633 2690 689 sed
2713 632 2824 700 iam
2874 633 3004 689 olim
3049 650 3077 690 a
3130 637 3420 710 principio.

151 728 465 823 mptott't'w’
486 728 563 791 ὡς
585 727 679 779 καὶ
714 727 820 798 πρὸ
853 726 952 797 τῆς
992 725 1209 794 Μαρίας
1247 727 1275 778 ὁ
1305 724 1556 795 Χριστὸς,
1588 724 1645 787 ὃς
1677 740 1740 791 γε

150 823 251 875 καὶ
287 814 497 889 Δημιόυ
508 819 632 887 ργὸς
652 817 753 887 τῆς
783 816 1010 879 κτίσεώς
1027 818 1144 869 ἐστι
1165 833 1179 848 ·
1208 815 1301 868 καὶ
1323 816 1464 868 κατὰ
1500 814 1735 883 Ἀρείου,

150 912 250 963 τοῦ
314 908 592 978 ὑπουργὸν
617 906 803 970 αὐτὸν,
838 905 1034 976 μᾶλλον
1062 905 1118 958 δὲ
1147 905 1377 978 ὄργανον
1437 902 1739 969 ποιοῦντος,

149 1004 295 1055 διότι
349 1000 610 1069 ἀνωτέρω
657 999 847 1069 ἐλέχθη
873 1015 888 1031 ·
943 997 1022 1050 Δι’
1052 992 1123 1052 οὗ
1179 996 1277 1051 καὶ
1335 995 1471 1061 τοὺς
1523 995 1743 1061 αἰῶνας

150 1093 478 1157 ἐποίησεν.
519 1090 651 1143 Ἰδοὺ
677 1088 787 1160 γὰρ
818 1088 1053 1142 ἐνταῦθα
1081 1088 1240 1150 αὐτὸς
1269 1086 1494 1156 κτίστης
1521 1086 1737 1153 εἰσάγε-

150 1200 274 1238 ται.
302 1182 449 1251 Ὅρα
468 1180 525 1233 δὲ
548 1181 662 1242 πῶς
697 1179 1102 1249 συμπλέκονται
1133 1179 1160 1229 ὁ
1184 1178 1313 1247 περὶ
1344 1176 1445 1244 τῆς
1479 1175 1737 1229 ἁκτίστου

152 1275 383 1342 ςρύσεως
445 1273 623 1339 λόγος,
656 1272 802 1324 καὶὸ
823 1271 919 1339 τῆς
955 1270 1291 1338 οἰκονομίας,
1331 1268 1427 1322 καὶ
1456 1262 1588 1319 ποτὲ
1643 1265 1742 1335 μὲν

152 1365 339 1433 ὑψηλὰ
363 1364 436 1416 δι’
466 1363 703 1433 ἐκείνην,
725 1363 855 1416 ποτὲ
889 1363 946 1415 δὲ
974 1362 1205 1414 ταπεινὰ
1224 1361 1311 1413 διὰ
1341 1359 1565 1428 ταύτην.

1851 722 2028 791 Atque
2058 723 2203 778 istud
2234 724 2396 778 etiam
2424 733 2509 780 est
2534 734 2725 781 c0ntra
2773 724 2999 780 Paulum
3061 728 3420 787 Samosatcn-

1852 828 1988 868 sem.
2012 812 2258 868 Afﬁrmat
2279 816 2425 870 enim
2447 814 2725 871 Christum
2748 824 2874 871 ante
2897 816 3169 889 Virginem
3197 819 3422 877 Mariam

1851 904 2046 969 fuisse,
2080 906 2284 977 quippe
2313 908 2407 977 qui
2467 921 2735 963 creaturae
2790 909 2861 964 sit
2920 909 3149 979 Opifex:
3208 928 3422 968 necnon

1852 1006 2043 1053 contra
2080 1000 2298 1060 Arium.
2328 1000 2420 1068 qui
2470 1002 2645 1069 ipsum
2700 1000 3039 1066 ministrum,
3096 1003 3181 1058 vel
3240 1009 3425 1075 potius

1854 1087 2277 1145 instrumentum
2334 1089 2589 1154 faciebat,
2648 1105 2716 1145 eo
2749 1092 2893 1160 quod
2937 1108 3103 1162 supra
3169 1096 3421 1152 dixerat:

1854 1175 1958 1231 Per
1986 1194 2137 1247 quem
2167 1188 2216 1232 et
2246 1179 2442 1233 sa’cula
2468 1179 2613 1247 fecit.
2640 1177 2778 1234 Ecce
2796 1181 2941 1235 enim
2965 1182 3056 1235 hic
3077 1200 3174 1238 ceu
3209 1198 3427 1243 creator

1853 1267 2244 1323 introducitur.
2299 1268 2541 1323 Observa
2574 1278 2755 1323 autem
2809 1272 3084 1339 quomodo
3131 1289 3312 1332 sermo
3358 1284 3424 1331 dc

1854 1359 2094 1413 iucrcata
2130 1369 2347 1423 natura,
2382 1371 2435 1415 et
2464 1362 2531 1415 de
2558 1361 2973 1430 dispensatione
3025 1377 3212 1420 mutuo
3267 1382 3423 1424 com-

158 1459 423 1526 plicetur,
450 1467 615 1528 atque
640 1456 717 1510 uti
750 1456 887 1510 alias
930 1454 1187 1511 sublimia
1236 1461 1462 1523 propter
1486 1449 1849 1513 divinitatem,
1893 1450 2033 1506 alias
2089 1468 2216 1507 vero
2274 1453 2504 1509 humilia
2560 1466 2784 1528 propter
2841 1458 3239 1516 humanitatem
3298 1478 3424 1530 pro-

159 1552 446 1605 feruntur.

218 1646 401 1700 Αὐτοὶ
432 1644 921 1711 ἁπηλοῢνταιβὺ
942 1643 1011 1698 δὲ
1041 1644 1358 1714 διαμένεις,
1390 1644 1487 1697 καὶ
1517 1643 1626 1697 πᾶν
1642 1659 1742 1708 τες

163 1739 236 1803 ὡς
271 1736 513 1803 ἱμάτιον
578 1736 1102 1804 παλαιωθήσονται
1131 1751 1147 1767 '
1190 1735 1288 1788 καὶ
1322 1726 1465 1789 (basi
1515 1734 1745 1802 περιϐό-

1925 1638 2089 1693 Vens.
2122 1638 2211 1703 Η,
2246 1640 2331 1694 1‘2.
2374 1639 2487 1710 Ipsi
2518 1643 2780 1709 peribunt,
2818 1652 2875 1695 tu
2918 1652 3091 1696 autem
3127 1658 3421 1710 permancs.

1851 1740 1899 1787 et
1970 1746 2146 1785 omnes
2209 1740 2265 1784 ut
2322 1733 2685 1786 vestimentum
2739 1743 3116 1787 veterascent:
3178 1744 3227 1787 et
3280 1738 3420 1788 relnt

67 1847 72 1851 '
162 1832 341 1881 λαιον
365 1826 597 1892 ἑλίξεις
655 1825 900 1892 αὐτοὺς,
966 1825 1067 1878 καὶ
1110 1824 1628 1893 ἀλλαγήσονταιδ,
1656 1822 1739 1874 σὺ

1860 1822 2101 1873 amictum
2124 1829 2285 1874 vertex
2311 1837 2419 1884 eos,
2445 1830 2496 1875 et
2544 1822 2924 1876 mutabuntur:
2974 1834 3033 1877 tu
3066 1834 3237 1877 autem
3286 1827 3423 1880 idem

158 1918 225 1970 δὲ
258 1919 294 1971 ό
325 1918 512 1983 αὐτὸς
554 1911 629 1982 εἴ,
678 1916 778 1971 καὶ
828 1916 900 1970 τὰ
925 1916 1027 1983 ἔτη
1059 1932 1177 1970 σου
1218 1917 1331 1969 οὐκ
1359 1914 1737 1981 ἐπιλείψουσι.

1860 1913 1957 1979 ipse
1980 1928 2058 1976 es,
2108 1921 2158 1965 et
2196 1912 2323 1965 anni
2363 1914 2439 1965 tui
2492 1929 2595 1967 non
2650 1913 2915 1983 deﬁcient.
2956 1915 3131 1985 Majus
3162 1904 3421 1988 quiddam

158 2009 368 2072 Μεῖζον
399 2025 455 2061 τι
482 2007 583 2077 τῆς
638 2007 1003 2078 δημιουργίας
1043 2006 1285 2076 ᾐνίξατο,
1315 2006 1414 2075 τὴν
1472 2020 1745 2074 μετασχη-

1860 2019 2012 2074 quam
2044 2003 2115 2058 sit
2144 2005 2372 2069 creatio,
2401 2005 2490 2058 hic
2512 2005 2691 2060 innuit
2718 2008 3037 2077 Apostolus,
3068 1986 3422 2079 transﬁgura-

164 2102 394 2168 μάτισιν
419 2099 514 2152 τοῦ
549 2098 777 2168 κόσμου.
818 2097 1242 2167 ’Δλλαγήσονται
1277 2097 1385 2165 γὰρ
1424 2096 1602 2149 πάντα
1635 2094 1744 2148 ἀπὸ

160 2193 261 2263 τῆς
328 2193 536 2262 φθορᾶς
592 2193 673 2253 si;
728 2189 1061 2261 ἀφθαρσίαν,
1126 2190 1220 2243 καὶ
1273 2189 1445 2251 οὕτως
1484 2186 1742 2251 εὐκόλως,

158 2285 365 2349 ὥσπερ
398 2284 466 2336 ἂν
498 2283 549 2335 εί
574 2300 653 2345 τις
677 2281 1027 2353 περιϐόλαιον
1090 2280 1278 2347 ἑλίξει.
1336 2283 1400 2335 Εἰ
1430 2280 1486 2333 δὲ
1518 2281 1618 2350 τὴν
1650 2280 1746 2332 ἐπὶ

158 2374 224 2427 τὸ
260 2373 483 2441 βέλτιον
517 2368 993 2444 μετασχημὰτισιν
1019 2372 1116 2426 καὶ
1160 2372 1523 2443 δημιουργίαν
1569 2370 1744 2433 οὕτως

159 2464 405 2527 εὐκόλως
454 2464 771 2533 ἐργάζεται,
811 2465 903 2517 ἐπὶ
934 2465 1034 2534 τῆς
1058 2463 1343 2526 ἐλάττονος
1374 2462 1737 2533 δημιουργίας

162 2554 357 2624 ἐτέρου
378 2555 596 2622 tostae;
631 2553 960 2626 Παραμυθία
983 2554 1041 2607 δὲ
1061 2554 1124 2607 οὐ
1155 2570 1330 2624 μικρα
1366 2555 1480 2616 τοῖς
1510 2551 1745 2605 ἐνταῦθα

163 2647 535 2715 κακουμένοις
573 2648 803 2710 πιστοῖς,
833 2644 895 2697 τὸ
926 2644 1131 2713 γνῶναι
1165 2646 1248 2698 ὅτι
1286 2644 1387 2698 οὐκ
1413 2642 1567 2697 ἔσται
1603 2641 1747 2695 οὕτω

162 2737 233 2791 τὰ
255 2740 594 2809 πράγματα,
627 2736 764 2792 ἀλλὰ
792 2738 1097 2808 μεταϐολὴν
1118 2736 1370 2807 λήψεται.
1406 2736 1518 2789 Καὶ
1537 2736 1621 2788 ὃτι
1653 2733 1745 2788 ὑπ’

166 2828 352 2883 αὐτῶν
376 2830 818 2901 θεραπευόμενος
848 2829 1000 2898 μένει
1037 2826 1147 2891 ζῶν
1185 2826 1278 2880 καὶ
1323 2826 1635 2890 διαπαντός.
1674 2825 1750 2879 Τὰ

169 2922 275 2994 γὰρ
298 2923 420 2991 ἔτη
451 2939 568 2976 σου
600 2927 707 2977 οὐκ
733 2924 1113 2992 ἐπιλείψουσι.

237 3100 399 3168 Πρὸς
432 3099 575 3153 τινα
596 3098 665 3152 δὲ
686 3098 807 3154 τῶν
860 3100 1131 3170 ἀγγέλων
1176 3097 1384 3170 είρηκέ
1414 3111 1560 3152 ποτε
1582 3112 1594 3127 ’
1632 3097 1749 3152 Κά-

173 3192 277 3245 θου
306 3192 379 3245 ἐκ
406 3190 625 3255 δεξιῶν
664 3209 806 3261 μου,
834 3193 944 3258 ἕως
974 3190 1050 3245 ἂν
1076 3190 1156 3245 θῶ
1182 3191 1325 3257 τοὺς
1348 3191 1603 3261 ἐχθρούς
1631 3206 1750 3243 σου

1847 2097 2049 2151 tionem
2077 2096 2329 2151 videlicet
2360 2096 2572 2151 mundi.
2613 2097 2970 2156 Mutabuntur
3020 2102 3168 2156 enim
3226 2104 3412 2157 omnia

1850 2202 1878 2240 a
1939 2184 2301 2254 corruptione
2355 2185 2409 2239 in
2477 2185 3114 2257 incorruptibilitatem:
3167 2201 3223 2246 et
3276 2192 3417 2247 adeo

1847 2279 2026 2343 facile,
2075 2277 2203 2331 utsi
2240 2278 2367 2347 quis
2397 2278 2689 2331 antictum-
2716 2278 3134 2335 circutnvolvat.
3184 2283 3339 2347 Quod
3371 2286 3416 2337 si

1849 2362 2302 2431 permutationem
2350 2360 2496 2414 illam
2539 2362 2595 2416 in
2655 2362 2823 2433 656
2876 2365 3094 2431 melius,
3130 2376 3187 2422 et
3227 2372 3417 2423 mundi

1849 2451 2182 2508 creationem
2214 2450 2351 2504 adeo
2390 2449 2549 2503 facile
2580 2459 2875 2519 operatur,
2927 2454 2981 2506 in
3031 2454 3230 2511 minori
3256 2472 3421 2527 opere

1848 2543 2077 2598 alterius
2106 2542 2419 2610 indigebat?
2471 2542 2641 2598 Porro
2696 2543 2843 2597 haud
2894 2560 3087 2614 parum
3135 2549 3422 2603 salaminis

1849 2637 2054 2706 praebet
2090 2633 2342 2689 fidelibus
2374 2636 2432 2688 in
2461 2635 2568 2691 hoc
2623 2636 2827 2691 mundo
2867 2638 3170 2707 oppressis,
3203 2640 3424 2695 novisse

1852 2742 1939 2783 res
1971 2741 2077 2781 non
2113 2727 2188 2780 ita
2223 2735 2498 2797 perpetuo
2525 2727 2844 2795 duratur-as,
2877 2738 3135 2784 cteterutn
3163 2739 3424 2800 acceptu—

1851 2833 1941 2873 ras
1970 2819 2369 2873 mutationem:
2403 2825 2460 2873 et
2485 2819 2634 2888 quod
2661 2820 2709 2875 is
2740 2835 2902 2890 quem
2959 2820 3062 2890 ipsi
3108 2822 3321 2884 colunt,
3364 2823 3420 2875 iu

1856 2908 2249 2979 sempiternum
2301 2919 2625 2979 permanet,
2691 2925 3020 2981 semperque
3079 2911 3231 2967 vivit.
3281 2912 3422 2966 Auni

1852 3001 1997 3056 enim
2022 3001 2100 3055 tui
2129 3017 2231 3054 non
2257 3001 2519 3070 deﬁcient.

1923 3089 2092 3145 Vens.
2150 3092 2236 3146 l5.
2306 3090 2388 3143 Ad
2441 3107 2592 3160 quem
2668 3101 2845 3146 autem
2914 3094 3225 3163 angelorum
3282 3094 3425 3148 dixit

1857 3180 2145 3251 aliquando
2164 3197 2183 3234 :
2218 3179 2352 3235 Sede
2374 3198 2408 3234 a
2438 3181 2639 3235 dextris
2666 3183 2817 3247 meis,
2841 3182 3015 3252 quoad
3046 3200 3206 3253 usque
3233 3199 3427 3252 ponam

175 3282 518 3337 ὑποπόδιον
555 3282 677 3336 τῶν
732 3281 935 3336 ποδῶν
988 3299 1139 3346 σου;
1175 3283 1307 3336 ’ἰδοὺ
1360 3283 1524 3336 πάλιν
1554 3281 1752 3345 αὐτοὺς

1860 3273 2102 3327 inimicos
2138 3282 2253 3326 tuos
2284 3271 2574 3327 scabellum
2599 3272 2790 3341 pedum
2841 3283 3053 3327 tuorum
3072 3274 3161 3328 “?
3197 3274 3274 3330 En
3299 3290 3424 3328 rur~

174 3374 588 3447 παραθαρρύνει
609 3391 626 3406 ·
658 3376 775 3443 είγε
816 3374 1060 3443 μέλλοιεν
1080 3375 1129 3427 οἱ
1156 3374 1341 3444 ἐχθροὶ
1363 3373 1542 3426 αὐτῶν
1576 3374 1749 3442 ἡττη-

173 3461 459 3532 θήσεσθαι,
488 3463 587 3518 καὶ
614 3464 665 3515 οἱ
688 3463 877 3534 ἐχθροὶ
917 3463 1099 3518 αὐτῶν
1149 3465 1197 3516 οἱ
1243 3464 1396 3516 αὑτοὶ
1419 3458 1552 3517 ὦσιν
1574 3466 1621 3516 οἱ
1655 3464 1747 3516 καὶ

176 3556 314 3608 κατὰ
361 3555 463 3609 τοῦ
514 3554 778 3623 Χριστοῦ.
808 3556 922 3627 Οὐχ
944 3556 1020 3619 ὡς
1058 3555 1151 3609 τοῦ
1184 3554 1316 3609 Υίοῢ
1342 3555 1398 3609 δὲ
1427 3553 1751 3609 ἀδυνατοῦν-

177 3662 286 3709 τος,
323 3647 354 3698 ὁ
378 3645 577 3717 Πατὴρ
623 3645 844 3713 λέγεται
874 3645 1196 3700 ὑποτάττειν
1225 3645 1351 3709 τοὺς
1409 3645 1641 3715 ἐχθρούς
1667 3660 1681 3674 ·
1720 3646 1750 3697 ὁ

183 3739 285 3810 γὰρ
320 3739 537 3809 μέλλων
575 3740 693 3791 ἐκεῖ
725 3738 934 3809 κρίνειν
977 3739 1130 3802 Υἱὸς,
1163 3736 1343 3808 πολλῷ
1399 3736 1600 3808 μᾶλλον
1649 3729 1753 3789 ὧδε

183 3829 245 3881 ἂν
267 3828 651 3883 ἀνταπέδωκεν
685 3829 870 3891 αὐτοῖς
893 3845 906 3859 ·
941 3828 1057 3880 ἀλλ’
1085 3828 1172 3880 ἵνα
1198 3828 1297 3899 τὴν
1325 3828 1491 3897 τιμὴν
1514 3827 1608 3879 τοῦ
1639 3827 1752 3879 Πα-

187 3919 301 3989 τρὺς
332 3921 473 3991 πρὸς
502 3919 596 3972 τὸν
626 3919 754 3973 Υίὸν
789 3918 955 3989 δείξῃ.
996 3919 1070 3971 Τὸ
1090 3918 1200 3988 γὰρ
1226 3918 1316 3971 τὸν
1363 3918 1582 3988 Πατέρα
1603 3917 1755 3989 ὀργίο

192 4009 366 4072 ζεσθαι
408 4013 527 4074 τοῖς
574 4010 789 4081 ἐχθροῖς
809 4009 904 4063 τοῦ
957 4009 1110 4076 Υίοῦ,
1148 4009 1264 4073 πῶς
1288 4008 1350 4061 οὐ
1392 4009 1598 4079 τιμῆς;
1638 4008 1754 4070 πῶς

188 4102 247 4153 οὗ
276 4102 476 4173 πολλῆς
538 4104 675 4173 πρὸς
729 4102 822 4153 τὸν
859 4101 985 4155 Υίὸν
1026 4102 1284 4170 ἀγάπης;
1319 4098 1546 4170 Εἴρηται
1576 4099 1633 4152 δὲ
1662 4102 1757 4151 καὶ

194 4189 252 4241 ἐν
294 4194 362 4262 τῇ
418 4192 559 4263 πρὸς
629 4192 953 4263 Κορινθίους
997 4191 1191 4265 πρώτῃ
1242 4189 1577 4259 πλατύτερον
1627 4186 1758 4257 περὶ

195 4283 385 4356 ταύτης
408 4285 516 4354 τῆς
538 4285 851 4355 περικοπῆς
873 4301 889 4316 ·
922 4285 1018 4339 καὶ
1050 4284 1204 4354 ζήτει
1241 4284 1308 4337 τὰ
1333 4285 1450 4337 ἐκεῖ
1470 4298 1757 4351 παραγρα-

196 4371 375 4439 φιντα.

268 4541 408 4610 Οὐχὶ
434 4542 661 4609 πάντες
684 4544 801 4597 εἰσὶ
828 4544 1205 4611 λειτουργικὰ
1222 4545 1531 4614 πνεύματα
1555 4543 1757 4611 πρὸςίτ

192 4629 519 4697 διακονίαν,
555 4634 1058 4705 ἀποστελλόμενα
1089 4634 1187 4689 διὰ
1245 4635 1386 4700 τοὺς
1421 4636 1763 4703 μέλλοντας
1798 4680 1839 4733 D

197 4723 591 4794 κληρονομεῖν
643 4727 985 4795 σωτηρίαν;
1027 4727 1276 4797 Ἐπαίρει
1321 4727 1390 4780 τὰ
1439 4729 1760 4798 φρονήματα

196 4812 308 4866 τῶν
333 4814 641 4887 ἀκροατῶν,
671 4817 885 4880 δεικνὺς
917 4817 1119 4887 πολλὴν
1162 4818 1293 4890 περὶ
1324 4820 1470 4888 ἡμᾶς
1502 4817 1595 4871 τοῦ
1625 4818 1759 4871 Θεοῦ

202 4902 298 4972 τὴν
322 4906 668 4975 κηδεμονίαν
689 4909 807 4977 εἴγε
835 4908 929 4961 καὶ
958 4909 1224 4976 ἀγγέλους
1246 4908 1373 4971 τοὺς
1396 4909 1763 4979 ὑπερέχοντας

207 4994 353 5061 ἡμῶν
385 4994 544 5059 ἔταξε
564 4997 832 5051 διακονεῖν
860 4998 930 5051 τὰ
956 4999 1092 5069 πρὸς
1111 4998 1386 5068 σωτηρίαν
1406 4998 1583 5068 ἡμῶν.
1609 5001 1768 5052 Δοκεῖ

204 5084 262 5135 δὲ
294 5086 386 5138 καὶ
423 5088 563 5157 πρός
593 5106 743 5154 τινας
775 5090 1156 5144 ἀποτείνεσθαι
1182 5093 1295 5155 τοῖς
1320 5093 1570 5161 ἀγγέλοις
1593 5108 1765 5162 προσ-

206 5171 419 5241 έχοντας
449 5192 464 5206 ·
500 5179 737 5248 μάλιστα
777 5179 838 5233 δὲ
872 5182 970 5234 καὶ
1015 5181 1151 5251 πρὸς
1184 5181 1379 5245 αὐτοὺς
1414 5181 1621 5243 πάντας
1640 5181 1767 5243 τοὺς

216 5263 519 5338 Ἐϐραίους,
576 5273 1022 5343 προστετηκότας
1052 5273 1130 5344 τῷ
1171 5273 1242 5326 δι’
1263 5272 1511 5340 ἀγγέλων
1561 5272 1766 5325 δοθέντι

210 5354 368 5426 νόμῳ,
406 5363 500 5413 καὶ
549 5364 672 5426 ταῖς
720 5364 779 5416 ὲν
832 5365 1010 5434 τούτῳ
1052 5364 1232 5416 αὐτῶν
1296 5360 1615 5426 διακονίαις,
1674 5362 1770 5415 καὶ

216 5451 554 5515 προτιθέντας
604 5453 830 5518 τούτους
879 5453 1141 5523 Χριστοῦ.
1184 5454 1277 5525 Μὴ
1327 5449 1421 5506 οὖν
1469 5453 1767 5524 προσέχετε

215 5536 427 5606 τούτοις,
458 5542 645 5612 φησίν·
668 5546 822 5600 αὐτοὶ
851 5544 957 5615 γὰρ
971 5544 1418 5615 ὀμόδουλοιὴμῶν
1442 5546 1597 5598 εἰσιν.
1622 5544 1766 5615 Ὅρα

320 5722 360 5753 ⁸⁸
392 5723 536 5780 Psal.
565 5741 675 5793 cu,
704 5729 757 5780 8.

1863 3380 1960 3421 sus
1994 3368 2237 3420 animum
2270 3366 2379 3421 illis
2407 3366 2589 3420 addit:
2623 3366 2891 3435 siquidem
2933 3367 3175 3422 futurum
3213 3377 3332 3423 erat
3366 3377 3428 3423 ut

1860 3458 2098 3526 ipsorum
2132 3460 2317 3512 hostes
2351 3464 2855 3527 prosternerentur,
2879 3467 2933 3514 et
2961 3460 3202 3528 ipsorum
3236 3460 3424 3516 hostes

1861 3548 2027 3604 iidem
2065 3558 2249 3605 essent
2306 3550 2399 3619 qui
2469 3559 2523 3603 et
2577 3548 2797 3606 Christo
2856 3550 3301 3607 adversarentur.
3359 3555 3429 3605 At

1862 3652 1993 3692 vero
2024 3654 2136 3692 nou
2169 3646 2434 3707 tanquam
2470 3637 2643 3693 Filius
2696 3640 3024 3695 imbecillior
3071 3649 3238 3704 esset,
3272 3640 3429 3703 idcu-

1862 3743 1967 3798 que
2022 3730 2125 3783 hoc
2183 3744 2290 3782 non
2362 3731 2579 3798 possit,
2634 3729 2797 3784 Pater
2868 3732 3072 3785 dicitur
3145 3733 3421 3801 subjicere

1864 3821 2049 3874 hostes
2085 3836 2098 3871 :
2144 3817 2318 3873 Filius
2352 3821 2498 3874 enim
2522 3821 2615 3889 qui
2644 3820 2716 3873 ibi
2744 3821 3093 3889 iudicaturus
3120 3830 3223 3886 est,
3257 3824 3431 3879 multo

1864 3911 2041 3980 magis
2073 3910 2160 3964 hic
2193 3910 2327 3980 ipsis
2353 3911 2647 3979 retribuet,
2680 3927 2870 3968 verum
2918 3922 2980 3969 ut
3028 3914 3281 3970 ostendat
3315 3930 3427 3985 quo

1866 4003 2071 4056 honore
2104 4000 2266 4056 Pater
2316 4000 2513 4056 Filium
2570 4013 2955 4073 prosequatur.
3013 4003 3231 4061 Patrem
3283 4005 3429 4058 enim

1867 4092 2027 4147 irasci
2059 4091 2309 4149 hostibus
2340 4092 2488 4160 Filii,
2518 4096 2795 4165 quomodo
2841 4110 2950 4150 non
3003 4097 3165 4151 cedat
3220 4096 3275 4150 in
3309 4100 3430 4166 glo-

1870 4185 2005 4236 riam
2031 4182 2199 4238 Filii?
2246 4188 2521 4254 quoutodo
2581 4203 2689 4242 non
2751 4188 2823 4242 sit
2856 4202 3065 4256 magna:
3119 4188 3174 4241 in
3230 4186 3429 4242 Filium

1867 4274 2181 4330 dilectionis
2227 4277 2580 4346 symbolum?
2641 4275 2856 4331 Dictum
2904 4284 3085 4332 autem
3117 4285 3201 4333 est
3256 4277 3434 4333 fusius

1872 4369 1975 4420 hac
2003 4367 2068 4420 de
2101 4381 2159 4422 re
2186 4366 2241 4420 in
2268 4367 2452 4435 priore
2475 4368 2540 4421 ad
2591 4367 2941 4424 Corinthios:
2984 4383 3106 4439 qua:
3158 4370 3269 4426 illic
3301 4385 3434 4442 ergo

1870 4459 2125 4505 anttotata
2149 4460 2297 4517 sunt,
2329 4454 2569 4522 require.

1942 4541 2110 4596 Vens.
2143 4543 2228 4598 Η.
2268 4541 2458 4597 Nonne
2485 4560 2661 4600 omnes
2695 4555 2819 4601 sunt
2847 4545 3293 4601 administratorii
3318 4550 3433 4616 spi-

1870 4636 2027 4698 ritus,
2060 4635 2113 4687 in
2136 4635 2482 4688 ministerium
2542 4638 2690 4690 missi
2735 4648 2948 4708 propter
2987 4653 3076 4693 eos
3125 4640 3217 4708 qui
3263 4639 3404 4694 luere

1871 4726 2086 4777 ditatem
2112 4725 2317 4793 capient
2346 4726 2577 4780 salutis?
2623 4729 2949 4783 Auditorum
2992 4738 3206 4784 mentes
3250 4731 3435 4798 erigit,

1872 4817 2150 4887 ingentem
2176 4815 2274 4871 Dei
2295 4832 2421 4887 erga
2449 4834 2548 4874 nos
2577 4833 2766 4873 curam
2797 4820 2851 4874 in
2879 4820 3119 4875 medium
3143 4835 3436 4890 promens:

1871 4908 2310 4978 quandoquidem
2341 4911 2566 4980 angelos
2596 4909 2754 4964 nobis
2777 4912 3196 4968 excellentiores
3215 4912 3440 4968 ordina-

1873 5000 1964 5065 rit,
1993 5007 2053 5052 ut
2076 4998 2378 5052 inserviant
2401 5000 2558 5054 nobis
2586 5000 2639 5053 in
2663 4999 2827 5054 rebus
2854 4999 2921 5052 ad
2940 5003 3173 5057 salutem
3198 5012 3440 5058 nostram

1871 5089 2293 5160 pertinentibus.
2350 5089 2577 5144 Videtur
2614 5099 2794 5145 autem
2850 5093 3118 5162 quosdam
3166 5095 3440 5164 perstrin-

1872 5197 2022 5253 gere.
2058 5181 2152 5250 qui
2190 5179 2401 5251 angelis
2428 5182 2618 5236 intenti
2677 5191 2857 5250 erant,
2911 5187 3258 5254 potissimum
3310 5201 3442 5241 vero

1872 5271 2022 5340 ipsos
2085 5269 2339 5325 Hebraeus
2395 5272 2449 5324 in
2521 5271 2836 5328 universum
2894 5290 3111 5340 omnes,
3162 5278 3254 5344 qui
3311 5276 3437 5342 legi,

1877 5368 2069 5429 utpote
2115 5374 2213 5429 per
2258 5359 2483 5429 angelos
2537 5360 2790 5427 traditat,
2855 5377 3160 5432 eorumque
3225 5365 3277 5416 in
3334 5361 3438 5415 ista

1876 5452 2193 5506 ministeriis
2224 5452 2584 5519 inhaerebant,
2619 5454 2753 5510 adeo
2783 5462 2841 5509 ut
2881 5455 2982 5510 hos
3008 5455 3170 5510 etiam
3222 5452 3444 5508 Christo

1878 5543 2193 5614 praeferant.
2235 5542 2312 5599 Ne
2354 5545 2521 5615 igitur
2567 5544 2723 5615 ipsis,
2771 5546 2972 5615 inquit,
3022 5546 3215 5599 intenti
3280 5546 3441 5601 sitis:

1602 5814 1800 5879 Variae
1841 5814 2170 5879 lectiones.

303 5912 338 5945 ¹⁷
359 5918 431 5982 εἰς
459 5936 511 5974 o.

520 6013 795 6071 PATROL.
829 6012 944 6073 GR.
985 6011 1234 6072 CXXV.
