4014 6208
517 460 623 523 203

1431 454 2009 517 THEOPHYLACTI
2038 456 2448 516 BULGARUE
2472 455 2826 517 ARCHIEP.

3649 457 3756 519 204

521 595 645 633 nam
667 587 719 634 et
744 577 997 633 conservi
1026 573 1199 630 nostri
1225 585 1374 647 sunt.
1432 573 1674 646 Observa
1724 589 1887 644 porro
1944 589 2068 651 quo-

2186 573 2243 626 δὲ
2279 573 2394 638 πῶς
2421 575 2484 627 οὐ
2546 574 2750 645 πολλὴν
2805 572 2989 626 δίδωσι
3019 574 3130 636 τοῖς
3159 573 3421 643 κτίσμασι
3451 573 3714 646 διαφοράν
3738 591 3752 605 °

515 670 674 724 modo
701 668 966 723 creaturis
988 683 1096 721 non
1129 681 1382 736 magnam
1421 666 1798 720 excellentiam
1851 665 2076 721 tribuit:

513 773 824 826 quanquam
849 757 1080 810 multum
1113 757 1185 812 sit
1213 756 1553 812 discriminis
1593 756 1736 811 inter
1769 756 1993 824 angelos
2026 763 2081 810 et

511 850 786 913 homines,
825 847 982 904 nobis
1006 857 1183 904 tamen
1220 863 1315 903 eos
1345 847 1624 918 proximos
1655 848 1884 918 statuit:
1922 862 2079 902 crea-

515 949 652 994 tura:
685 955 921 1009 namque
947 954 977 993 a
1002 939 1271 994 creaturis
1302 955 1490 1010 parum
1535 939 1762 993 distant.
1801 937 2082 992 .‘llinistra-

513 1038 641 1084 runt
668 1039 847 1085 autem
890 1030 1066 1102 angeli
1121 1031 1174 1084 in
1237 1029 1416 1086 Veteri
1478 1029 1832 1084 Testamento
1887 1029 2082 1094 multa,

511 1131 674 1192 atque
699 1123 865 1176 etiam
896 1123 948 1176 in
1001 1121 1154 1177 Novo
1185 1125 1270 1186 ";
1325 1119 1562 1192 Josepho
1596 1134 1690 1188 per
1745 1118 2079 1173 insomnium

511 1229 832 1283 responsum
852 1212 1008 1276 dant,
1026 1213 1342 1282 pastoribus
1364 1211 1710 1280 Evangelium
1729 1209 2080 1286 annuntiant,

510 1307 565 1360 in
589 1313 942 1362 monumento
966 1295 1220 1368 sedentes
1242 1303 1722 1359 Resurrectionem
1754 1303 2078 1372 praedicant;

510 1407 566 1453 et
597 1400 650 1452 in
702 1398 1038 1454 Ascensioue
1088 1397 1358 1453 docebant
1395 1411 1520 1451 eum
1575 1394 1656 1450 sic
1702 1407 2076 1464 reversurum,

512 1487 973 1555 quemadmodum
1017 1485 1382 1540 ascendisset.
1435 1484 1515 1538 Ad
1561 1483 1873 1538 Cornelium
1927 1481 2080 1536 venit

512 1578 737 1646 angelus
758 1578 825 1642 ”,
863 1577 931 1632 ad
963 1577 1278 1648 Philippum
1306 1576 1454 1630 venit
1483 1575 1731 1646 angelus,
1755 1573 1822 1629 ad
1857 1572 2078 1639 Petrum

512 1670 676 1724 etiam
709 1667 763 1721 in
793 1682 1034 1734 carcere,
1064 1682 1130 1722 ac
1176 1667 1502 1736 simpliciter
1569 1666 1854 1721 innumera
1889 1664 2079 1736 hujus-

512 1761 681 1815 modi.
733 1757 1034 1815 Considera
1101 1757 1189 1812 liic
1256 1757 1560 1826 angelicum
1622 1770 1745 1811 esse
1811 1755 2080 1812 inservire

513 1851 674 1907 saluti
737 1850 1046 1906 mortalium
1071 1888 1086 1914 ,

508 1945 660 1999 dum.

999 2055 1162 2128 657
1213 2053 1438 2112 CAPUT
1499 2055 1560 2110 ιι.

584 2169 754 2222 Vsus.
790 2168 842 2222 1.
879 2165 1165 2232 Propterea
1192 2165 1549 2220 abundantius
1581 2173 1783 2233 oportet
1806 2163 2080 2218 observare

513 2273 614 2315 nos
659 2267 723 2313 'ea
783 2273 902 2327 qua:
959 2257 1281 2311 audivimus.
1327 2257 1491 2323 Quia,
1539 2255 1741 2323 inquit,
1793 2263 1943 2308 tanta
1997 2262 2080 2309 est

509 2350 832 2406 excellentia
863 2347 985 2402 Filii
1018 2351 1110 2418 qui
1137 2348 1354 2404 locutus
1401 2356 1487 2402 est
1521 2346 1704 2414 nobis,
1751 2359 1916 2414 supra
1949 2358 2079 2414 pro-

513 2443 703 2510 phetas
747 2449 803 2495 et
844 2440 1066 2512 angelos
1120 2437 1331 2495 Veteris
1379 2436 1721 2516 Testamenti
1771 2436 2077 2502 ministros,

516 2532 710 2602 majori
756 2546 888 2586 cura
947 2530 1106 2586 nobis
1154 2528 1499 2586 observanda
1558 2535 1689 2583 sunt
1749 2541 1872 2596 qua:
1922 2526 2075 2591 dicit,

510 2638 675 2693 quam
701 2637 821 2690 quae
851 2622 937 2676 lex
985 2621 1263 2691 loquitur:
1303 2627 1545 2675 attamen
1584 2619 1758 2687 palam
1816 2618 1920 2671 hoc
1967 2633 2078 2674 nou

511 2713 666 2778 dicit,
698 2727 766 2767 ne
792 2711 848 2765 in
883 2710 1154 2782 principio
1207 2725 1303 2766 eos
1348 2709 1541 2774 feriat;
1598 2709 1772 2764 voluit
1802 2715 1986 2766 autem
2017 2716 2078 2764 ut

509 2819 574 2857 ex
603 2803 965 2872 consequenti
1001 2802 1102 2856 hoc
1142 2802 1518 2873 colligeretur.
1551 2799 1663 2855 Nec
1713 2813 1846 2857 vero
1868 2798 2074 2855 Novum

509 2892 921 2949 Testamentum
958 2891 1137 2948 Veteri
1169 2907 1498 2961 comparans
1537 2893 1653 2948 haec
1697 2882 1853 2958 dicit,
1909 2893 2072 2958 absit,

508 2999 696 3038 verum
757 2983 1025 3038 adversus
1058 2984 1372 3053 opinionem
1414 2999 1606 3038 eorum
1659 2983 2071 3053 quiplurimnm

508 3076 574 3127 de
610 3071 790 3127 Veteri
821 3073 1218 3142 gloriabantur,
1273 3072 1481 3128 Novum
1535 3082 1717 3128 autem
1755 3083 2073 3128 contemne-

507 3165 655 3218 bant.
2015 3165 2026 3176 ·

578 3251 662 3306 Ne
696 3256 905 3323 quando
939 3254 1326 3325 perefﬂuamus.
1351 3253 1464 3309 Hoc
1497 3265 1600 3318 est,
1631 3269 1702 3310 ne
1724 3256 2064 3320 excidemus,

507 3359 574 3399 ne
609 3358 916 3412 pereamus.
945 3345 1169 3415 Accepit
1213 3353 1396 3401 autem
1453 3345 1747 3401 dictionem
1808 3348 1948 3401 hanc
2000 3362 2064 3402 ex
2096 3381 2139 3440 ο

505 3435 825 3494 Parmmiis:
880 3437 992 3492 Fili
1021 3439 1190 3504 enim,
1247 3439 1447 3510 inquit,
1478 3455 1542 3495 ne
1588 3440 1858 3510 pere/{luas
1889 3442 1974 3494 ’δε
2011 3451 2066 3496 ut

505 3531 759 3586 ostendat
805 3533 994 3602 lapsus
1021 3530 1362 3595 facilitatem,
1402 3541 1457 3587 et
1512 3532 1773 3588 interitus
1824 3533 2069 3604 gravita-

503 3628 632 3676 tem.
657 3617 790 3673 Nam
825 3620 970 3690 quod
998 3620 1336 3691 prmterﬂuil,
1367 3623 1513 3676 haud
1548 3622 1708 3677 facile
1730 3623 1889 3677 redit.

574 3709 739 3764 Vsus.
769 3708 826 3762 2.
861 3708 921 3764 Si
944 3712 1079 3765 enim
1097 3712 1184 3780 qui
1207 3727 1298 3779 per
1329 3713 1542 3783 angelos
1572 3713 1746 3767 dictus
1768 3723 1846 3768 est
1869 3730 2063 3777 sermo,

500 3795 675 3863 factus
701 3805 777 3850 est
805 3797 1014 3865 ﬁrmus.
1043 3796 1122 3850 En
1155 3800 1360 3854 revelat
1399 3801 1486 3856 liic
1512 3802 1851 3858 voluntatem
1883 3819 2061 3857 suam.

498 3887 602 3942 l’er
635 3903 942 3945 sermonem
981 3899 1160 3946 autem
1191 3908 1283 3960 per
1322 3893 1538 3963 angelos
1581 3895 1948 3960 enuntiatum,
1977 3897 2064 3951 vel

495 3981 791 4050 decalogus
825 3982 1210 4054 intelligendus
1257 3994 1389 4040 est:
1427 3985 1725 4042 verisimile
1778 3987 1924 4043 enim
1977 3998 2060 4043 est

495 4074 717 4142 angelos
749 4083 861 4128 tum
907 4075 1172 4141 adfuisse,
1217 4080 1420 4147 quibus
1457 4095 1592 4149 gens
1627 4078 1853 4136 Hebraaa
1907 4096 2060 4137 com-

493 4163 662 4217 missa
714 4161 898 4228 fuerit,
965 4173 1127 4234 atque
1184 4167 1260 4219 illi
1319 4167 1481 4223 tubas
1539 4168 1840 4234 faciebant,
1894 4170 2058 4240 idque

493 4269 667 4320 genus
694 4254 822 4318 alia,
880 4264 938 4308 ut
986 4257 1186 4326 ignem,
1245 4259 1553 4328 caliginem,
1597 4260 1824 4329 perinde
1879 4277 1944 4316 ac
2003 4263 2056 4318 in

492 4343 730 4412 Epistola
777 4345 844 4398 ad
908 4344 1152 4413 Galatas,
1189 4349 1455 4402 Ordinata
1488 4366 1582 4417 per
1634 4353 1848 4421 angelos
1878 4353 1958 4418 ⁹⁵;
2003 4364 2058 4409 et

491 4435 716 4499 iterum,
768 4437 1056 4503 Accepiuis
1097 4439 1258 4507 legem
1287 4455 1379 4506 per
1420 4439 1791 4509 dispositiones
1839 4444 2054 4514 angelo-

489 4526 664 4578 rum"
699 4543 714 4580 :
747 4527 829 4579 vel
853 4543 952 4589 per
975 4544 1282 4583 sermonem
1329 4533 1512 4586 omnia
1535 4533 1688 4602 jussu
1712 4551 1807 4602 per
1831 4537 2052 4606 angelos

487 4615 543 4669 in
580 4615 763 4670 Veteri
788 4616 1142 4674 Testamento
1169 4621 1508 4690 dispensata,
1541 4625 1860 4694 accipienda
1900 4636 2050 4689 sunt,

2188 661 2372 715 καίτοι
2405 663 2539 716 πολὺ
2567 662 2628 714 τὸ
2663 662 2827 732 μέσον
2862 660 3108 727 ἀγγέλων
3142 661 3236 713 καὶ
3264 660 3567 732 ἀνθρώπων
3587 701 3604 726 ,
3644 664 3760 718 ἀλλ’

2187 759 2334 824 ὅμως
2381 755 2549 824 ἐγγὺς
2603 755 2760 825 ἡμῶν
2808 755 3031 816 τούτους
3055 751 3274 823 ἐστησεο
3333 752 3607 822 κτίσματα
3645 756 3756 827 γὰρ

2187 846 2502 916 κτισμάτων
2534 846 2713 914 ὀλίγον
2749 845 3025 916 ὑπερέχει.
3057 843 3394 913 Διηκὸνησαν
3423 844 3479 896 δὲ
3514 844 3740 912 ἄγγελοι

2188 938 2282 988 καὶ
2312 938 2369 988 ἐν
2394 937 2459 1006 τῇ
2487 935 2695 1004 Παλαιᾷ
2726 935 2823 1004 μὲν
2853 933 3044 998 πολλὰ,
3071 933 3167 986 mil.
3208 935 3267 986 ὲν
3292 937 3358 1004 τῇ
3385 935 3562 1004 Καινῇ
3586 936 3662 994 δὲ.
3683 935 3763 1006 τῷ

2198 1025 2395 1095 Ἰωσὴφ
2434 1025 2897 1096 χρηματίζοντες,
2938 1027 3049 1087 τοῖς
3091 1025 3349 1094 ποιμέσιν
3405 1026 3760 1094 εὐαγγελιζό-

2187 1135 2360 1188 μενοι,
2385 1120 2443 1172 ὲν
2471 1118 2549 1188 τῷ
2582 1119 2827 1188 μνήματι
2853 1116 3222 1186 καθιζόμενοι,
3256 1119 3350 1170 καὶ
3378 1118 3476 1188 τὴν
3519 1119 3760 1176 ἀνάστα-

2186 1227 2272 1263 σιν
2317 1210 2646 1282 μηνύοντες,
2675 1212 2770 1265 καὶ
2799 1213 2857 1264 ἐν
2884 1213 2949 1282 τῇ
2973 1210 3240 1282 ἀναλήψει
3277 1211 3642 1276 διδάσκοντες,
3675 1212 3759 1265 ὅτι

2184 1295 2356 1365 οὕτως
2379 1303 2679 1357 ἐλεύσεται.
2718 1285 2861 1373 Πρδς
2893 1303 2983 1355 τὸν
3016 1302 3316 1374 Κορνήλιον
3341 1302 3594 1374 ἄγγελος,
3621 1303 3761 1372 πρὸς

2187 1393 2282 1446 τὸν
2311 1378 2637 1466 Φίλιππον,
2661 1395 2797 1465 πρὸς
2851 1394 2940 1448 τὸν
2971 1394 3177 1462 Πέτρον
3207 1396 3263 1447 ὲν
3289 1397 3355 1465 τῇ
3385 1395 3624 1465 φυλακῇ,
3658 1396 3760 1449 καὶ

2185 1483 2370 1548 ἁπλῶς
2417 1485 2588 1554 μυρία
2614 1484 2858 1539 τοιαῦτα.
2913 1485 3228 1554 Σημείωσαι
3259 1485 3313 1538 δὲ
3343 1469 3426 1541 ὅτι
3449 1485 3759 1554 εάγγελικὸν

2183 1576 2301 1626 ὲστι
2327 1573 2387 1626 τὸ
2419 1573 2687 1628 διακονεῖν
2723 1575 2968 1645 σωτηρίᾳ
2990 1573 3316 1645 ἀνθρώπων,
3351 1574 3552 1644 μᾶλλον
3577 1574 3633 1627 δὲ
3660 1575 3758 1629 καὶ

2184 1663 2348 1718 αὑτοῦ
2384 1664 2477 1718 τοῦ
2506 1664 2764 1736 Χριστοῦ.
2791 1665 2955 1719 Ὥστε
2979 1665 3061 1718 δεῖ
3095 1664 3172 1737 μὴ
3199 1665 3419 1737 ἀμελεῖν
3441 1665 3538 1737 τῆς
3569 1668 3757 1719 τοιαύ-

2182 1770 2284 1824 της
2305 1753 2597 1822 διακονίας.

1197 1849 1308 1930 imo
1381 1847 1555 1927 ipsius
1618 1847 1782 1926 etiam
1859 1831 2089 1930 Christi.
2121 1843 2358 1901 Proinde
2411 1846 2682 1916 ejusmodi
2744 1847 3110 1926 ministerium
3162 1863 3269 1903 non
3331 1858 3416 1905 est
3477 1849 3759 1922 negligen-

2762 2053 3013 2107 ΚΕΦΑΛ.
3107 2053 3182 2120 ΒΤ.

2255 2167 2360 2221 Διὰ
2401 2166 2578 2221 τοῦτο
2627 2165 2723 2220 δεῖ
2766 2168 3207 2235 περισσοτέρως
3245 2166 3405 2237 ἡμᾶς
3429 2169 3759 2240 προσέχειν

2183 2258 2308 2325 τοῖς
2366 2259 2761 2314 ἀκουσθεῖσιν
2784 2259 2852 2314 ³⁸.
2923 2261 3164 2330 Ἐπειδὴ,
3221 2261 3382 2329 φησὶ,
3411 2261 3666 2316 τοσοῦτον
3690 2265 3758 2316 τὸ

2183 2349 2448 2420 ὑπερέχον
2492 2349 2586 2406 τοῦ
2625 2350 2955 2420 λαλήσαντος
3007 2353 3139 2421 ἡμῖν
3171 2351 3326 2417 Υίοῦ,
3363 2352 3500 2424 πρός
3533 2370 3594 2406 τε
3617 2354 3748 2418 τοὺς

2183 2440 2469 2510 προφήτας
2491 2441 2585 2494 καὶ
2615 2439 2880 2510 ἀγγέλους
2909 2441 3032 2502 τοὺς
3057 2443 3123 2511 τῇ
3154 2441 3367 2511 Παλαιᾷ
3386 2442 3754 2514 διακονήσαν-

2179 2547 2299 2594 τας,
2331 2529 2409 2583 δεῖ
2429 2533 2540 2594 τοῖς
2573 2531 2680 2586 ὑπὸ
2705 2532 2896 2586 τούτου
2919 2531 3199 2602 λαληθεῖσι
3230 2532 3522 2604 προσέχειν
3555 2550 3755 2603 περισ-

2180 2621 2415 2692 σοτέρως
2472 2623 2567 2677 τοῦ
2623 2625 2814 2695 νόμου.
2853 2624 3014 2680 Ἀλλά
3047 2625 3294 2697 φανερῶς
3320 2626 3420 2696 μὲν
3449 2625 3606 2680 τοῦτο
3649 2626 3756 2681 οὐκ

2177 2708 2350 2778 εἶπεν,
2389 2716 2474 2768 ῖνα
2510 2716 2584 2787 μὴ
2619 2717 2798 2788 πλήξῃ
2853 2717 2974 2771 κατ’
2997 2717 3172 2788 ἀρχὰς
3204 2717 3399 2780 αὐτούς
3418 2733 3432 2748 ⁸
3461 2718 3662 2778 δέδωκε
3692 2719 3755 2771 δὲ

2177 2806 2241 2859 ἐκ
2258 2803 2353 2857 τοῦ
2378 2805 2672 2860 ἀκολούθου
2718 2808 3135 2876 συλλογίζεσθαι
3167 2807 3343 2862 τοῦτο.
3397 2807 3476 2862 Οὐ
3513 2808 3752 2878 συγκρί-

2177 2915 2282 2950 νων
2305 2897 2362 2951 δὲ
2384 2898 2482 2966 τὴν
2515 2898 2758 2952 Παλαιὰν
2784 2902 2850 2970 τῇ
2877 2900 2993 2971 Νέᾳ
3018 2899 3190 2955 ταῦτά
3211 2915 3342 2970 φησι
3364 2916 3378 2930 ο
3408 2899 3482 2970 μὴ
3513 2899 3750 2967 γένοιτο’

2174 2990 2309 3044 ἀλλὰ
2332 2991 2465 3060 πρὸς
2488 2990 2587 3060 τὴν
2617 2991 2851 3058 ἐκείνων,
2877 2991 3145 3061 ὑπόληψιν
3179 2993 3390 3062 μεγάλα
3415 2991 3750 3058 δοξαζόντων

2175 3081 2302 3149 περὶ
2331 3080 2432 3150 τῆς
2468 3081 2730 3147 Παλαιᾶς,
2759 3083 2854 3152 τῆς
2877 3082 2934 3136 δὲ
2963 3084 3106 3148 Νέας
3127 3083 3632 3155 καταφρονούντων.

2242 3258 2487 3324 Μήποτε
2503 3260 2964 3331 παραρῤυῶμεν.
2990 3261 3273 3328 Τουτέστι,
3301 3263 3377 3334 μὴ
3400 3264 3750 3332 ἐκπέσωμεν,

2175 3351 2252 3420 μὴ
2285 3349 2639 3420 ἀπολώμεθα.
2680 3353 2880 3406 Ἔλαὸε
2902 3353 2960 3406 δὲ
2987 3354 3085 3424 τὴν
3113 3353 3257 3420 λέξιν
3279 3355 3387 3408 ἀπὸ
3408 3355 3516 3410 τῶν
3548 3358 3752 3426 Παροι-

2181 3441 2342 3512 μιῶν·
2379 3442 2475 3496 Υἱὲ
2507 3444 2635 3516 γὰρ,
2679 3446 2832 3514 φησὶ,
2850 3444 2936 3514 μὴ
2953 3445 3302 3514 παραρῤυῇς
3326 3460 3340 3474 ·
3369 3447 3456 3500 ἵνα
3476 3446 3623 3518 δείξῃ
3649 3448 3753 3502 καὶ

2169 3533 2230 3586 τὸ
2249 3532 2471 3587 εὔκολον
2497 3533 2592 3587 τοῦ
2621 3535 2962 3603 ὀλίσθου,κα“ι
2987 3536 3046 3590 τὸ
3074 3536 3308 3607 χαλεπὸν
3326 3538 3423 3608 τῆς
3445 3538 3748 3602 ἀπωλείας.

2168 3624 2242 3677 Τὸ
2265 3626 2374 3696 γὰρ
2398 3627 2734 3698 παραρρυὲν,
2758 3626 3013 3682 δύσκολον
3042 3630 3383 3683 ἐπανελθεῖν.

2233 3717 2300 3769 El
2327 3717 2439 3786 γὰρ
2463 3720 2496 3772 ό
2529 3717 2604 3770 δι’
2629 3717 2904 3788 ἀγγέλων
2938 3720 3228 3788 λαληθεὶς
3255 3722 3456 3791 λόγος,
3496 3721 3749 3790 ἐγένετο

2157 3808 2426 3876 βέϐαιος.
2494 3809 2627 3864 Ἰδοὺ
2691 3811 3068 3866 ἀποκαλύπτει
3127 3813 3188 3865 τδ
3246 3812 3492 3884 βούλημα
3544 3816 3746 3871 αὐτοῦ.

2163 3898 2336 3967 Λόγον
2361 3899 2418 3952 δὲ
2454 3899 2522 3953 δι’
2551 3901 2799 3970 ἀγγέλων
2830 3901 3134 3973 λαληθέντα
3167 3904 3286 3974 ἦτοι
3323 3904 3416 3957 τὸν
3442 3905 3748 3974 δεκὰλογον

2162 3993 2381 4062 νοητέον
2403 4010 2418 4026 ·
2447 3995 2545 4048 καὶ
2569 3995 2680 4066 γὰρ
2702 3995 2849 4060 εἰκὸς
2868 3996 2949 4049 ὅτι
2977 3996 3199 4065 ἄγγελοι
3224 3995 3291 4050 ἂν
3318 3995 3572 4067 παρῆσαν
3592 3997 3742 4060 τότε,
3773 4039 3776 4043 .

2161 4084 2209 4137 οἱ
2235 4083 2298 4136 τὸ
2323 4084 2470 4148 ἔθνος
2517 4087 3036 4158 ὲμπεπιστευμένοι,
3082 4089 3175 4140 καὶ
3205 4089 3361 4141 αὐτοὶ
3387 4087 3487 4151 τὰς
3511 4086 3744 4155 σάλπιγ-

2161 4190 2264 4242 γας
2299 4175 2536 4239 ἐποίουν,
2597 4178 2691 4230 καὶ
2739 4177 2929 4238 τᾶλλα.
2960 4177 3021 4229 τὸ
3052 4176 3184 4248 πῦρ,
3214 4178 3274 4231 τὸ
3304 4180 3527 4248 γνόφον,
3551 4178 3626 4240 ὠς
3674 4181 3738 4230 έν

2160 4267 2227 4336 τῇ
2260 4265 2397 4335 πρὸς
2441 4266 2687 4330 Γαλάτας
2723 4282 2738 4298 ⁶
2785 4269 3084 4338 Διαταγεὶς
3107 4271 3182 4327 δι’
3212 4264 3551 4339 ἀγγέλων-,η
3575 4286 3590 4300 ’
3637 4271 3742 4323 καὶ

2159 4357 2340 4422 πάλιν,
2382 4357 2660 4412 Ἐλὰὄετε
2687 4361 2876 4429 νόμον
2897 4363 2984 4426 εις
3021 4360 3302 4428 διαταγὰς
3335 4359 3607 4430 ἀγγέλων
3629 4375 3648 4393 ’
3698 4361 3734 4429 ἢ

2157 4449 2332 4517 λόγον,
2383 4450 2561 4504 πάντα
2591 4451 2661 4504 τὰ
2688 4455 3088 4524 προστάγματα
3110 4455 3178 4508 τὰ
3206 4457 3263 4508 ἐν
3293 4457 3358 4525 τῇ
3397 4454 3610 4526 Παλαιᾷ
3640 4453 3736 4508 διὰ

2155 4541 2265 4594 τῶν
2295 4542 2546 4609 ἀγγέλων
2579 4545 3031 4614 οἰκονομηθένταο
3057 4541 3170 4600 οἷον
3199 4547 3291 4599 ἐπὶ
3318 4545 3411 4599 τοῦ
3430 4546 3736 4615 κλαυθμῶ-

2155 4649 2264 4697 νος,
2297 4632 2388 4684 ἐπὶ
2410 4633 2519 4686 τῶν
2559 4635 2784 4704 κριτῶν,
2806 4635 2900 4689 ἐπὶ
2921 4637 3015 4690 τοῦ
3045 4635 3305 4706 Σαμψών.
3339 4637 3429 4690 Διὸ
3461 4637 3562 4689 οὐκ
3581 4630 3739 4699 εἷπε,

487 4704 621 4759 utin
648 4707 882 4774 ploratu,
917 4709 970 4760 in
998 4709 1296 4778 judicibus,
1353 4711 1406 4765 in
1456 4713 1779 4784 Sampsone.
1815 4714 1941 4770 Eam
1981 4719 2052 4772 ob

2177 4725 2342 4793 νόμος,
2389 4724 2544 4788 ἀλλὰ,
2593 4726 2797 4794 λόγος,
2827 4728 2914 4781 ἵνα
2947 4728 3118 4781 ταῦτα
3148 4704 3384 4800 δηλώσῃ.
3423 4728 3604 4782 Πάντα
3637 4724 3742 4782 οὖν

486 4810 599 4849 rem
632 4813 738 4851 non
802 4799 955 4862 dixit,
990 4801 1094 4864 lex,
1149 4802 1265 4867 sed,
1323 4819 1513 4868 sermo,
1566 4815 1625 4858 ut
1668 4805 1770 4860 ista
1828 4806 2049 4862 indicet.

485 4886 680 4941 Omnia
711 4889 875 4958 igitur
911 4891 1022 4945 hau.-
1050 4891 1228 4957 ﬁrma,
1261 4895 1363 4948 llOC
1386 4903 1492 4960 est,
1561 4909 1691 4950 vera
1723 4903 1851 4951 sunt
1885 4898 2044 4962 facta,

481 4992 536 5037 et
577 4984 642 5035 ad
683 4997 824 5053 opus
864 4983 1340 5040 interminatioues
1372 4993 1498 5040 sunt
1543 4985 1840 5054 perductae,
1872 5003 2050 5058 neque

480 5072 776 5144 quidquam
815 5073 1003 5127 borum
1030 5075 1234 5130 excidit

549 5161 620 5214 Et
674 5163 843 5215 omnis
903 5163 1269 5229 prwvaricatio
1328 5173 1376 5216 et
1443 5164 1795 5218 iuobedientia
1843 5169 2045 5236 accepit

473 5256 684 5322 justam
721 5254 976 5308 mercedis
1008 5254 1426 5308 retributionem.
1459 5253 1578 5310 Non
1629 5256 1745 5311 haec
1799 5259 2043 5327 quidem,

481 5346 569 5398 illa
609 5361 740 5400 vero
775 5361 880 5400 non
914 5346 1062 5409 item,
1110 5345 1206 5399 srd
1258 5347 1460 5412 omnis,
1512 5362 1688 5416 neque
1746 5349 2041 5420 quidquam

478 5437 705 5491 inultum
730 5438 1048 5510 permansit.
1075 5435 1296 5491 Poenam
1317 5447 1495 5492 autem
1521 5441 1824 5496 mercedem
1855 5443 2045 5511 appel-

2157 4813 2330 4867 ταῦτα
2390 4814 2605 4884 βέϐαια,
2658 4819 2936 4872 τουτέστιν
2977 4817 3151 4887 ἀληθῆ
3211 4819 3478 4886 ἐγένοντο,
3514 4816 3610 4871 καὶ
3652 4821 3742 4880 είς

2157 4905 2318 4974 ἔργον
2346 4906 2612 4977 ἐξέϐησαν
2649 4911 2703 4962 αἱ
2735 4911 2988 4976 ἀπειλαὶ,
3042 4911 3136 4964 καὶ
3188 4911 3341 4965 οὐδὲν
3380 4910 3585 4964 τούτων
3610 4909 3737 4964 διέ-

2155 5013 2309 5050 πεσε.

2227 5178 2332 5231 Καὶ
2360 5175 2529 5232 πᾶσα
2574 5180 2931 5247 παράϐασις,
2958 5179 3056 5234 καὶ
3085 5183 3361 5250 παρακοὴ
3386 5181 3602 5236 ἔλασεν
3629 5183 3742 5237 ἕν-

2153 5266 2385 5320 δικον¹⁰
2410 5269 2920 5336 μισθαποδοσίαν.
2949 5269 3061 5342 Οὐχ
3087 5273 3119 5343 ἠ
3157 5273 3276 5343 μὲν,
3307 5273 3416 5342 ἡδὲ
3443 5272 3504 5325 οὗ
3539 5289 3553 5304 ·
3586 5273 3741 5329 ἀλλὰ

2155 5357 2327 5422 πᾶσα,
2375 5359 2470 5410 καὶ
2521 5359 2672 5412 οὐδὲν
2711 5360 3060 5432 ἀνεκδίκητον
3093 5361 3327 5431 ἔμεινεν.
3361 5363 3472 5434 Τὴν
3495 5362 3739 5419 κόλασιν

2152 5446 2209 5499 δὲ
2244 5447 2437 5517 μισθὸν
2466 5451 2644 5517 καλεῖ,
2705 5451 2885 5506 καίτοι
2917 5469 2981 5522 γε
3003 5454 3094 5506 ἐπὶ
3139 5453 3402 5525 εὐφήμων
3428 5452 3738 5524 τιθεμένου

545 5617 590 5645 θ’
619 5615 752 5669 Luc.
793 5632 854 5681 ιι,
879 5617 970 5671 24.
1046 5617 1092 5649 ³³
1124 5618 1246 5676 Act.
1285 5634 1324 5684 ι,
1371 5620 1457 5676 10.
1538 5618 1745 5676 “Eccl.
1776 5623 1999 5686 “1,18.

2177 5624 2278 5680 ἓαι.
2308 5642 2389 5695 ιιι,
2432 5627 2519 5682 l9.
2566 5581 2642 5665 ’³⁸
2667 5633 2793 5688 Act.
2825 5651 2922 5700 vn,
2969 5635 3058 5691 53.

1826 5737 2025 5798 Variaa
2067 5739 2396 5804 lectiones.

545 5852 588 5882 "
618 5849 923 5919 λαληθτῖσιν
947 5867 999 5907 0.
1079 5855 1121 5888 "
1151 5852 1215 5906 δι’
1239 5854 1484 5923 ἀγγέλων
1507 5855 1564 5908 ὲν
1603 5857 1748 5926 χειρὶ
1782 5857 2002 5927 μεσίτου
2041 5875 2114 5914 m.
2191 5863 2240 5893 "
2292 5862 2502 5916 ἔκδικον
2527 5879 2580 5931 ο,
