4014 6208
230 419 346 481 205

1015 393 1412 475 EXPOSlTlO
1438 411 1517 472 IN
1542 409 1779 472 EPIST.
1806 407 1906 468 AD
1932 408 2396 494 HEBB/EOS.--
2423 409 2578 470 CAP.
2621 408 2708 469 II.

3384 411 3490 475 206

231 527 337 582 τοῦ
385 525 674 598 ὀνόματος,
717 523 832 578 ἀλλ’
880 522 940 601 οὐ
985 521 1259 594 φροντίζει
1309 521 1508 586 λέξεων
1560 523 1589 573 ὁ
1653 517 1816 571 ’Λπό-

1930 516 2020 578 lat,
2046 516 2149 571 etsi
2179 516 2507 570 vocabulum
2559 515 2955 586 μισθαποδοσία
2979 513 3034 570 in
3058 516 3254 572 bonam
3279 529 3508 590 partem,

237 621 454 684 στολος.

312 775 450 862 Πῶς
480 794 650 864 ἡμεῖς
694 792 1140 862 ἐκφευξώμεθα,
1185 784 1550 860 τηλικαύτης
1599 787 1822 858 ἀμελήο

233 905 472 954 σαντες
492 889 829 954 σωτηρίας;
868 885 1015 938 Ἐκεῖ
1047 877 1226 952 λόγος,
1278 881 1512 935 ἐνταῦθα
1553 879 1818 950 σωτηρία.

239 983 309 1035 EE
342 982 401 1034 δί
424 983 542 1033 ἐκεῖ
600 979 866 1048 σωτηρία,
901 977 1014 1030 ἀλλ’
1045 977 1106 1030 οὐ
1141 975 1351 1048 μεγάλη
1376 986 1392 1002 ⁶
1427 975 1492 1027 ἐκ
1545 970 1823 1042 πολεμίων
1865 995 1874 1004 ο

237 1073 358 1142 γὰρ
412 1069 756 1134 διεσώζοντο,
798 1069 892 1122 καὶ⁸
923 1069 989 1121 τὰ
1014 1067 1194 1136 ἀγαθὰ
1251 1069 1352 1136 τῆς
1378 1065 1482 1134 γῆς
1527 1062 1775 1134 ἐδέχοντο
1806 1077 1820 1092 ⁶

237 1160 486 1216 ἐνταῦθα
514 1160 572 1212 δὲ
603 1160 810 1229 σφόδρα
854 1157 1088 1228 μεγάλη.
1132 1155 1232 1210 Διὰ
1263 1156 1422 1209 τοῦτο
1478 1151 1622 1215 εἷπε,
1657 1156 1825 1220 τηλι-

240 1255 501 1319 καύτης.
559 1250 803 1303 Θανάτου
837 1247 943 1319 γὰρ
995 1248 1331 1313 κατάλυσις,
1394 1247 1488 1299 καὶ
1541 1243 1814 1315 δαιμόνων

241 1343 518 1404 ἀπώλεια.
563 1344 658 1394 καὶ
709 1340 954 1411 οὐρανῶν
1011 1339 1277 1408 βασιλεία,
1337 1325 1549 1391 ἅπαντα
1597 1337 1684 1389 διὰ
1712 1333 1822 1387 τῶν

244 1437 354 1490 dub
378 1436 476 1488 τοῦ
517 1433 650 1488 Υἱοῦ
672 1434 714 1464 ’⁸
743 1432 1081 1503 λαληθέντων
1113 1431 1243 1500 ὑμῖν
1275 1430 1633 1501 περιγίνεται.

320 1619 489 1681 Ἤτις
515 1614 714 1682 ἀρχὴν
743 1595 1022 1667 ’λαϐοῦσα
1055 1607 1369 1665 λαλεῖσθαι
1425 1610 1522 1665 διὰ
1570 1610 1676 1664 τοῦ
1705 1598 1825 1665 ’Κυ-

239 1712 400 1778 ρίου,
428 1705 550 1760 ὑπὸ
585 1704 706 1758 τῶν
732 1702 1127 1758 ἀκουσάντων
1160 1705 1247 1768 εἰς
1284 1702 1441 1772 ἡμᾶς
1486 1702 1821 1769 ἐϐεϐαιώθη.

1925 607 2264 677 accipiatur:
2320 616 2376 660 at
2423 623 2531 661 non
2575 606 2801 677 perinde
2852 622 3047 664 vocum
3101 624 3288 665 curam
3343 614 3487 683 gerit

1921 699 2245 768 Apostolus.

2214 793 2244 809 ον

1998 790 2162 845 Vens.
2214 793 2269 846 5.
2335 789 2607 866 Quomodo
2660 808 2754 846 nos
2806 793 3141 863 effugiemus,
3192 793 3240 848 si
3289 803 3490 850 tantam

1924 880 2308 950 neglexerimus
2368 882 2642 936 salutem?
2681 883 2794 939 illic
2857 901 3039 939 sermo
3065 895 3172 953 est,
3231 887 3322 942 hic
3362 905 3491 942 vero

1925 971 2096 1026 salus.
2118 971 2273 1036 Quod
2297 972 2340 1025 si
2373 972 2484 1026 illic
2508 974 2656 1027 salus
2697 973 2884 1037 fuerit,
2929 990 3035 1029 non
3070 983 3250 1031 tamen
3289 992 3490 1047 magna

1924 1069 2077 1128 erat;
2119 1062 2388 1130 siquidem
2418 1063 2486 1116 ab
2520 1061 2846 1119 adversariis
2892 1065 3288 1132 liberabantur,
3322 1068 3492 1123 bona-

1924 1170 2029 1222 que
2060 1163 2221 1208 terrm
2277 1155 2657 1224 accipiebant:
2695 1156 2784 1210 hic
2845 1138 2976 1212 vero
3025 1173 3217 1227 magna
3267 1176 3494 1228 prorsus

1905 1255 2046 1312 .cst;
2083 1253 2368 1314 propterea
2397 1245 2554 1309 dixit,
2603 1254 2826 1300 tantum.
2857 1245 3047 1300 Mortis
3072 1248 3216 1300 enim
3247 1249 3498 1306 destruc-

1927 1338 2024 1399 tio,
2081 1335 2392 1390 daatnonum
2452 1335 2733 1398 interitus,
2799 1352 2863 1390 ac
2923 1337 3188 1392 cmlorum
3243 1353 3492 1410 regnum,

1926 1427 2112 1482 omnia
2151 1427 2266 1481 haec
2296 1442 2394 1496 per
2421 1441 2483 1481 ea
2526 1443 2647 1496 qute
2682 1426 2854 1483 Filius
2903 1428 3122 1484 locutus
3172 1438 3280 1497 est,
3333 1411 3492 1486 nobis

1927 1521 2206 1575 eveniunt.

1999 1611 2136 1676 Qua:
2219 1627 2338 1686 cum
2413 1611 2624 1664 initium
2718 1610 3004 1676 accepisset
3078 1613 3322 1672 enarrari
3402 1628 3498 1682 per

1925 1703 2093 1775 658
2134 1701 2440 1766 Dominum,
2480 1701 2544 1754 ab
2585 1701 2660 1754 eis
2704 1702 2792 1770 qui
2821 1701 3125 1767 audierunt,
3145 1703 3197 1756 in
3229 1719 3323 1756 nos
3361 1719 3491 1758 con-

247 1795 671 1862 Τδὰξιόπιστον
699 1783 926 1872 ἒπὰγων
965 1793 1088 1867 φησὛ
1101 1812 1148 1858 ν,
1200 1794 1281 1846 ὃτι
1314 1793 1379 1846 Ἢ
1405 1783 1653 1863 ’σωτηρία
1687 1791 1824 1860 αὐτη

1930 1793 2146 1861 ﬁrmata
2177 1801 2275 1847 est.
2308 1791 2494 1847 Fidem
2539 1792 2720 1846 verbis
2770 1793 2888 1848 suis
2920 1794 3260 1849 concilians:
3312 1793 3496 1869 Salus,

242 1891 303 1943 οὐ
334 1889 424 1942 διὰ
451 1885 800 1957 προφητῶνῆ
834 1884 1082 1951 ἀγγέλων
1109 1875 1366 1954 ἐλαλήθη.
1396 1883 1509 1936 ἀλλ’
1530 1882 1630 1953 vim“
1647 1882 1812 1936 αὐτοῦ

243 1979 344 2034 τοῦ
371 1979 644 2032 Δεσπότου
673 1977 914 2041 πάντων,
939 1971 1034 2029 ἀπ’
1062 1975 1235 2045 αὐτῆς
1250 1976 1347 2046 τῆς
1369 1975 1549 2044 πηγῆς
1576 1975 1701 2044 ἔσχε
1722 1975 1822 2045 τὴν

241 2070 427 2141 ἀρχὴν
451 2085 467 2098 ·
498 2065 613 2120 εἶτα
641 2065 1042 2137 διεπορθμεύθη
1070 2066 1162 2118 καὶ
1191 2068 1270 2128 είς
1293 2067 1437 2135 ἡμᾶς
1478 2067 1709 2136 βεϐαίως
1732 2064 1824 2117 καὶ

262 2162 480 2223 πιστῶς
503 2161 568 2212 δι’
597 2158 775 2212 αὐτῶν
803 2157 912 2212 τῶν
935 2157 1216 2211 αὐτοπτῶν
1234 2155 1328 2210 τοῦ
1355 2157 1530 2225 Λόγου
1564 2157 1658 2210 καὶ
1685 2157 1826 2224 ὑπη-

245 2252 453 2322 ρετῶν.
480 2253 544 2304 Ὀ
565 2251 709 2322 καὶγὸ
738 2251 956 2312 Λουκᾶς
1003 2266 1187 2320 φησιν.
1240 2250 1405 2301 Αὐτοὶ
1435 2250 1543 2318 γὰρ
1591 2232 1824 2318 βεϐαίως

242 2341 403 2409 ἡμᾶς
462 2333 936 2411 έπληροφὸρησαν,
988 2340 1110 2402 [Ιῶς
1154 2334 1247 2391 οὖν
1288 2323 1522 2408 ἀλλαχοῦ
1578 2338 1678 2390 οὐκ
1724 2338 1816 2390 ἀπ’

244 2430 557 2502 ἀνθρώπων
589 2429 761 2500 φησὶν
791 2421 1022 2482 ἀκοῦσαι
1048 2445 1064 2494 ;
1109 2429 1255 2482 Διότι
1287 2431 1406 2482 ἐκεῖ
1435 2427 1534 2498 μὲν
1561 2428 1706 2496 μέγα
1731 2427 1826 2479 καὶ

245 2523 555 2593 ἀναγκαῖον
585 2519 654 2594 ἦν
694 2521 755 2576 τὺ
793 2526 1120 2590 κατεπεῖγον
1173 2520 1336 2575 αὐτὸν
1399 2521 1684 2594 συστῆσαι,
1739 2519 1823 2571 ὅτι

247 2619 351 2671 οὐκ
396 2615 710 2685 ἀνθρώπων
761 2617 878 2668 ἐστὶ
949 2616 1220 2686 μαθητής.
1256 2601 1578 2667 Διεϐάλλετο
1610 2613 1720 2683 γὰρ
1750 2610 1826 2673 ὼς

253 2708 330 2778 μὴ
355 2708 454 2760 τοῦ
504 2706 711 2776 Κυρίου
775 2707 1013 2770 ἀκούσας
1037 2723 1051 2736 ⁸
1078 2708 1174 2760 καὶ
1205 2706 1292 2760 διὰ
1320 2705 1478 2758 τοῦτο
1519 2703 1825 2756 ἐκινδύνευε

248 2799 307 2851 τὸ
333 2797 510 2851 αὐτοῦ
526 2798 790 2868 κήρυγμα
819 2797 970 2868 παρὰ
991 2798 1102 2858 τοῖς
1120 2795 1388 2866 μαθηταῖς
1407 2792 1569 2848 αὐτοῦ
1594 2795 1828 2862 ἀπιστη-

254 2890 442 2959 οῆναι.
497 2888 614 2941 Νῦν
639 2888 693 2941 δὲ
723 2889 785 2942 οὐ
813 2886 1048 2958 τοσαύτη
1097 2887 1255 2956 χρεία
1301 2885 1516 2940 τούτου.
1547 2883 1685 2938 Οῦτε
1717 2885 1827 2953 γὰρ

262 2979 548 3045 Ἑϐραίοις
601 2978 885 3054 ἐκήρυξεν,
919 2976 1042 3054 οὐτε
1077 2975 1386 3030 διεϐάλλετο
1408 2975 1547 3046 πρὸς
1581 2973 1823 3035 τούτους,

253 3071 326 3135 ὡς
352 3071 666 3142 ἀνθρώπων
723 3050 1009 3142 μαθητὴς(
1046 3071 1140 3122 καὶ
1170 3068 1292 3136 οὐχὶ
1322 3067 1592 3138 Χριστοῦ.
1634 3066 1706 3118 Ἢ
1744 3064 1826 3116 ὅτι

1880 1863 2132 1952 ’ἱιιηυὶι,
2165 1885 2277 1938 lucc
2317 1899 2424 1938 non
2485 1898 2581 1953 per
2633 1884 2930 1953 prophetas
2983 1893 3078 1938 aut
3127 1867 3498 1954 angelosicst

1927 1977 2290 2044 promulgata,
2328 1989 2516 2028 verum
2561 1975 2630 2028 ab
2691 1975 2812 2044 ipso
2845 1975 3092 2028 omnium
3145 1975 3394 2037 Domino,
3429 1977 3498 2031 ab

1927 2067 2158 2136 ipsoque
2189 2066 2340 2120 fonte
2373 2066 2702 2136 principium
2735 2068 3012 2136 sumpsit:
3051 2067 3248 2122 deinde
3276 2067 3500 2124 transiit

1928 2155 1996 2210 ad
2033 2155 2414 2214 nostirmiter
2439 2167 2602 2227 atque
2637 2157 2866 2212 ﬁdeliter
2930 2172 3028 2228 per
3087 2173 3184 2214 eos
3245 2159 3338 2228 qui
3395 2159 3496 2228 ipsi

1930 2245 2082 2302 fuere
2103 2246 2263 2302 Verbi
2288 2257 2624 2317 spectatores
2640 2256 2692 2304 ct.
2715 2249 2975 2312 ministri,
2998 2249 3050 2303 id
3077 2250 3220 2319 quod
3243 2259 3297 2304 et
3321 2248 3498 2306 Lucas

1930 2339 2026 2390 ait.
2058 2338 2188 2392 Nam
2226 2340 2328 2408 ipsi
2379 2356 2478 2395 nos
2523 2348 2706 2394 certos
2763 2341 3141 2396 reddiderunt.
3203 2341 3492 2408 Quomodo

1929 2430 2095 2500 igitur
2126 2431 2235 2485 alio
2276 2431 2327 2483 iu
2373 2431 2493 2486 loco
2556 2447 2678 2487 sese
2713 2447 2822 2486 non
2859 2433 2926 2485 ab
2983 2432 3299 2488 hominibus
3342 2434 3496 2487 audi-

1929 2519 2073 2574 visse
2095 2519 2274 2574 dicit?
2299 2519 2434 2585 Quia
2470 2520 2580 2574 illic
2605 2519 2839 2574 arduum
2865 2531 2984 2575 erat
3016 2529 3070 2575 et
3093 2521 3489 2585 necessarium,

1929 2626 2038 2679 quo
2069 2609 2391 2680 urgebatur,
2450 2625 2665 2680 nempe,
2726 2610 3056 2667 conﬁrmare
3097 2625 3156 2666 se
3203 2627 3312 2667 non
3370 2626 3494 2682 esse

1932 2702 2209 2756 hominum
2239 2701 2592 2772 discipulum.
2641 2699 3130 2756 Calumniabaulur
3168 2703 3312 2757 enim
3343 2717 3491 2766 eum,

1928 2809 2028 2850 ceu
2073 2793 2360 2847 Dominum
2418 2809 2526 2847 non
2577 2793 2900 2848 audivisset.
2958 2792 3139 2858 Quare
3191 2792 3494 2863 periculum

1927 2892 2046 2940 crat
2079 2899 2146 2937 ne
2178 2883 2554 2952 prtedicationi
2585 2882 2705 2951 ejus
2728 2883 2871 2952 apud
2896 2881 3201 2951 discipulos
3221 2896 3352 2937 suos
3387 2897 3494 2936 non

1929 2976 2280 3031 adhiberetur
2301 2975 2466 3029 .ﬁdes.
2498 2974 2654 3028 Nunc
2679 2983 2864 3028 autem
2890 2989 3002 3027 non
3055 2980 3141 3044 est,
3185 2981 3334 3027 tanta
3361 2987 3496 3027 con-

1931 3064 2258 3121 tirmationis
2294 3065 2616 3119 necessitas.
2674 3062 2864 3133 Neque
2894 3065 3039 3118 enim
3078 3063 3322 3118 Hebraeis
3353 3077 3495 3132 prte-

256 3160 346 3214 καὶ
409 3159 648 3214 ἐνταῦθα
694 3161 916 3228 ἐπάγων
944 3176 958 3191 ο
992 3153 1664 3228 Συνεπιμαρτυροῦντος
1721 3153 1826 3208 τοῦ

1930 3154 2156 3218 dicavit,
2194 3169 2373 3224 neque
2412 3156 2553 3224 apud
2588 3154 2725 3210 istos
2765 3155 2908 3210 male
2933 3153 3212 3217 audiebat,
3235 3164 3494 3225 tanquam
3525 3206 3530 3211 .

257 3251 407 3307 Θεοῦ
460 3252 734 3319 σημείοις
777 3248 876 3304 καὶ
913 3248 1144 3320 τέρασι,
1176 3252 1448 3305 δείκνυσιν
1479 3249 1681 3303 ὅτιούκ
1731 3245 1827 3300 ἀπ’

256 3342 588 3416 ἀνθρώπων,
617 3344 731 3397 ἀλλ’
761 3346 826 3398 ὲκ
853 3344 985 3398 Θεοῦ
1020 3337 1297 3416 παρέλαϐε
1330 3346 1520 3399 ταῦτα.

323 3609 1000 3680 Συνεπψαρτυροῦντος
1053 3613 1160 3667 τοῦ
1212 3613 1362 3668 Θεοῦ
1413 3598 1684 3682 σημείοις
1736 3611 1836 3666 καὶ

256 3699 486 3770 τέρασι.
543 3703 726 3755 Εἰπὼν
763 3697 845 3756 ὅτι
872 3693 1210 3772 ἐϐεϐαιώθη,
1262 3693 1502 3756 δείκνυσι
1535 3705 1671 3767 πῶς.
1721 3705 1838 3758 Ἵνα

257 3792 363 3864 τὰρ
392 3793 565 3863 μήτις
583 3792 732 3864 εἴπῃ,
762 3793 844 3846 ὅτι
866 3794 927 3845 Oi
945 3794 1276 3856 ἀκούσαντες
1299 3793 1538 3846 ἔπλασαν
1557 3811 1570 3825 ·
1592 3794 1650 3848 '0
1679 3794 1832 3860 Θεὸς,

257 3887 412 3955 φησι,
468 3871 977 3956 συνεπιμαρτυρεῖ·
1029 3885 1130 3939 οὐκ
1156 3885 1222 3939 ἂν
1250 3881 1307 3938 δὲ
1339 3874 1741 3957 ἐπεμαρτύρει,
1781 3887 1831 3939 εἰ

261 3976 565 4045 πλάσματα
585 3971 750 4046 ἦσαν.
785 3975 1158 4047 Μαρτυροῦσι,
1187 3978 1376 4046 φησιν,
1409 3977 1583 4041 αὐτοὶ,
1611 3994 1838 4031 συνεπι-

264 4066 533 4137 μαρτυρεῖ
568 4066 628 4120 δὲ
664 4067 763 4120 καὶ
783 4068 810 4119 ὁ
832 4067 986 4130 Θεὸς,
1017 4067 1078 4120 οὐ
1117 4067 1303 4137 φωνὴν
1331 4066 1534 4134 ἀφιεὶς,
1584 4067 1717 4120 ἀλλὰ
1747 4067 1837 4120 διὰ

263 4155 512 4224 σημείων
538 4155 637 4210 καὶ
660 4149 901 4225 τεράτων
924 4152 1220 4226 βεδαιῶνςᾶ
1237 4155 1508 4224 λέγουσιν.
1534 4155 1695 4208 Ὥστε
1721 4155 1837 4226 Θεῷ

261 4243 620 4316 mustacea),
648 4246 748 4299 οὐκ
780 4243 1108 4318 ἀνθρώποις.

1933 3249 2214 3304 hominum
2279 3248 2582 3317 discipulus
2632 3253 2886 3318 esset.et
2953 3263 3059 3300 non
3110 3246 3338 3304 Christi.
3397 3245 3498 3305 th

1931 3343 2054 3411 quia
2089 3341 2175 3396 hic
2204 3339 2370 3394 infert
2399 3357 2412 3394 :
2448 3339 2785 3402 Contestaute
2816 3338 2923 3393 Deo
2947 3339 3109 3408 signis
3132 3348 3180 3394 et
3222 3339 3496 3406 portentis,

1933 3432 2117 3487 innuit
2163 3430 2312 3502 quod
2367 3446 2474 3486 non
2511 3433 2578 3489 ab
2610 3429 2929 3486 hominibus
2991 3430 3128 3496 haec,
3180 3429 3278 3486 sed
3330 3429 3498 3486 aDeo

1934 3505 2232 3594 acceperit.
3508 3575 3512 3578 .

2004 3616 2170 3672 Vens.
2208 3617 2258 3670 ι.
2286 3615 2633 3680 Contestanle
2661 3616 2768 3671 Deo
2799 3617 2964 3686 signis
2981 3627 3029 3671 et
3062 3615 3338 3685 portentis.
3361 3614 3498 3670 Cum

1934 3707 2167 3764 dixisset
2205 3707 2538 3776 Conﬁrmata
2586 3717 2686 3771 est,
2715 3706 2922 3761 indicat
2942 3708 3055 3775 jam
3087 3720 3324 3776 quanam
3351 3706 3495 3760 istud

1937 3797 2152 3852 ratione
2181 3796 2386 3851 factum
2425 3797 2515 3852 sit.
2546 3796 2624 3852 Ne
2686 3798 2831 3852 enim
2895 3796 3044 3852 dicat
3091 3797 3333 3868 aliquis,
3396 3796 3500 3862 Qui

1936 3887 2290 3952 audiverunt,
2336 3888 2652 3943 tinxerunt:
2691 3887 2858 3951 Deus,
2890 3887 3088 3958 inquit,
3127 3887 3499 3943 testimonium

1935 3980 2098 4034 simul
2120 3979 2330 4052 reddit.
2358 3977 2474 4033 Non
2500 3980 2642 4034 enim
2676 3980 3049 4036 testimonium
3110 3980 3285 4042 daret,
3329 3978 3375 4032 si
3407 3977 3502 4048 tig-

1937 4079 2117 4124 menta
2142 4069 2410 4143 inissent.
2440 4069 2763 4138 Tcstantur,
2798 4071 2992 4140 inquit,
3039 4069 3166 4140 ipsi,
3199 4067 3338 4126 Deus
3372 4085 3502 4132 vero

1935 4159 2098 4212 simul
2134 4159 2509 4214 testimonium
2563 4159 2672 4213 illis
2704 4159 2948 4229 exhibet,
3003 4173 3112 4224 non
3143 4225 3146 4228 γ
3175 4171 3362 4220 vocem
3399 4158 3500 4211 ali-

1934 4262 2096 4317 quam
2123 4234 2318 4313 edcns,
2353 4250 2574 4326 sedper
2610 4250 2764 4320 signa
2796 4257 2852 4304 ct
2875 4248 3123 4320 prodigia
3167 4247 3502 4316 contirmans

1937 4348 2104 4410 atque
2136 4324 2574 4411 stabilienslquzc
2603 4341 2812 4396 dicunt.
2851 4340 2960 4396 Deo
2991 4342 3174 4412 itaque
3202 4340 3499 4407 credimus,

1938 4447 2047 4487 nou
2079 4427 2420 4486 hominibus.

328 4512 435 4566 Kal
463 4499 772 4578 ποικίλαις
803 4503 1120 4581 δυνάμεσι.
1158 4513 1270 4584 Τὴν
1304 4513 1567 4583 ἀφθονίαν
1591 4515 1700 4568 τῶν
1734 4533 1828 4586 χα·

2011 4521 2078 4575 Et
2106 4509 2270 4576 variis
2299 4507 2601 4596 virtutibus.
2635 4499 3039 4596 Charismatum
3091 4526 3308 4595 copiam
3351 4526 3498 4582 iudi-

266 4604 545 4671 ρισμὰτων
574 4601 770 4671 δηλῶν,
800 4599 920 4655 εἷπε
941 4604 1024 4668 τὸ,
1053 4604 1372 4669 ποικίλαις.
1421 4603 1690 4657 Οὐδέποτε
1721 4605 1830 4675 γὰρ

264 4691 497 4744 τοσαῦτα
550 4695 756 4762 σημεῖα
817 4694 911 4747 καὶ
988 4692 1132 4747 οὕτω
1187 4694 1419 4764 διάφορα
1488 4696 1828 4764 γεγένηνται.

278 4782 494 4850 Ἐπειδὴ
551 4783 650 4834 καὶ
680 4785 731 4835 οἱ
756 4783 951 4855 γόητες
987 4784 1207 4838 ’ποιοῦσι
1245 4785 1435 4849 πολλὰ,
1466 4782 1586 4838 εἷπε
1615 4786 1695 4848 τὸ,
1721 4786 1830 4840 δυ-

268 4871 542 4939 νάμεσιν.
586 4875 800 4926 Ἐκεῖνα
827 4874 934 4944 γὰρ
964 4876 1024 4927 οὐ
1055 4875 1354 4944 δυνάμεις,
1389 4874 1506 4927 ἀλλ’
1549 4875 1826 4944 ἀσθένεια,

271 4965 358 5014 καὶ
389 4963 680 5029 φαντασία,
719 4965 814 5016 καὶ
839 4950 1061 5018 διακενα
1090 4966 1409 5035 πράγματα.

334 5053 445 5107 Kai
475 5047 1001 5125 Πνεύματοςάγίου
1027 5057 1340 5126 μερισμοῖς
1359 5099 1373 5122 ,
1411 5057 1559 5111 κατὰ
1584 5058 1698 5126 τὴν
1728 5059 1836 5112 αὺ-

273 5143 370 5199 τοῦ
398 5145 674 5212 θέλησιν.
718 5149 832 5202 Καὶ
872 5149 1028 5202 τοῦτο
1059 5150 1147 5202 διὰ
1165 5153 1262 5220 τὴν
1289 5150 1459 5220 αὐτὴν
1487 5151 1668 5204 αἰτίαν
1694 5151 1832 5221 ἐπή-

273 5251 424 5302 γαγε.
443 5238 524 5291 Τὰ
551 5239 660 5309 γὰρ
685 5239 797 5292 τῶν
825 5240 1038 5310 γοητῶν
1061 5243 1120 5294 οὐ
1144 5242 1459 5312 Πνεὺματος
1486 5242 1641 5312 ἁγίου
1673 5245 1832 5306 εἰσὶν,

273 5324 383 5378 ἀλλ’
441 5329 768 5402 ἀκαθάρτων
790 5331 1066 5402 δαιμόνων
1099 5335 1328 5398 ἀπάται.
1358 5337 1668 5392 Αίνίττεται
1701 5338 1758 5392 δέ
1782 5333 1839 5391 τί

273 5415 362 5466 καὶ
416 5416 624 5488 ἕτερον.
653 5419 842 5484 Ἐἰκὸς
871 5420 993 5493 γὰρ’
1021 5422 1096 5492 μὴ
1124 5423 1264 5477 εἶναι
1313 5423 1541 5488 πολλοὺς
1582 5427 1702 5479 ἐκεῖ
1736 5445 1835 5498 χα-

276 5503 514 5575 ρίσματα
569 5506 816 5577 ἔχοντας,
872 5512 1242 5570 ἐκλελοιπέναι
1286 5515 1343 5569 δὲ
1374 5514 1542 5569 ταῦτα
1604 5505 1703 5570 διὰ
1733 5519 1834 5588 τὴν

1938 4601 2094 4677 cans,
2127 4612 2292 4678 dixit,
2329 4615 2517 4691 rariis.
2581 4614 2871 4691 Nunquam
2910 4615 3054 4670 enim
3097 4625 3271 4688 tanta.
3304 4627 3360 4673 et
3383 4626 3499 4686 tam

1941 4704 2089 4756 varia
2121 4703 2275 4772 signa
2307 4703 2446 4758 facta
2466 4687 2634 4778 _Sttttt.
2661 4687 2931 4780 Quoniam
2960 4693 3143 4761 autem
3199 4687 3502 4778 «διέρηξείί-

1939 4794 2178 4862 giatores
2206 4795 2374 4847 multa
2403 4779 2590 4860 edunt,
2619 4796 2821 4871 adjecit.
2867 4797 3169 4871 virtutibus.
3219 4799 3311 4853 Illa
3353 4789 3500 4856 enim

1941 4897 2051 4936 non
2083 4892 2212 4938 sunt
2242 4883 2496 4951 virtutes,
2525 4871 2618 4938 sed
2655 4885 3026 4953 imbecillitas,
3073 4897 3128 4942 et
3160 4889 3502 4959 imaginatio,

1937 4984 2010 5028 et'
2031 4990 2116 5029 res
2151 4975 2362 5032 inanes.
3447 5045 3452 5053 ,

2013 5063 2080 5117 Ει
2137 5065 2369 5134 Spiritus
2423 5069 2593 5122 sancti
2645 5068 3105 5123 distributionibus
3137 5110 3152 5134 ,
3215 5051 3502 5146 secundum

1939 5171 2089 5208 suam
2123 5157 2471 5211 voluntatem.
2505 5159 2683 5228 Atque
2709 5158 2815 5215 hoc
2848 5169 3069 5229 propter
3097 5161 3342 5216 eamdem
3375 5175 3504 5238 can;

1940 5259 2054 5297 sam
2112 5247 2312 5300 intulit.
2366 5247 2496 5314 Qua:
2519 5249 2664 5304 enim
2698 5237 3180 5324 praestigiatorum.
3210 5245 3361 5315 sunt,
3390 5237 3502 5326 non

1943 5334 2179 5406 Spiritus
2210 5343 2385 5395 sancti
2419 5349 2568 5407 sunt,
2603 5357 2788 5396 verum
2848 5342 3260 5420 immundoruut
3300 5344 3504 5420 daamof

1946 5417 2076 5482 num
2111 5427 2445 5502 imposturzc.
2502 5436 2698 5498 Porro,
2768 5434 2915 5488 aliud
2981 5413 3260 5508 quiddam
3302 5413 3501 5508 innuit.

1942 5517 2254 5578 Verisimile
2285 5524 2430 5579 enim
2464 5533 2582 5582 erat
2620 5525 2821 5589 multos
2872 5537 2996 5578 esse
3054 5507 3194 5593 apud
3226 5522 3503 5593 Hebraeos,

1609 5700 1806 5762 Variae
1837 5700 2164 5766 lectiones.

353 5781 401 5813 “
436 5782 572 5836 Θεοῦ
603 5795 660 5838 ο.
