4014 6208
419 352 525 413 207

1364 333 1936 398 THEOPIIYLACTI
1967 331 2377 397 BULGARIE
2404 340 2753 401 ARCHIEP.

3550 337 3656 400 908

420 463 513 533 qui
551 458 882 516 charismata
916 455 1200 514 haberent.
1228 451 1330 507 ista
1365 466 1495 505 vero
1516 449 1781 504 defecisse
1820 461 1981 516 prop-

2101 449 2267 504 κὺτῶν
2302 452 2589 523 νωθρεέαν.
2616 454 2733 506 Ἵνα
2767 450 2946 505 τοίνυν
2968 450 3435 522 παραμυθήσηται
3459 452 3657 517 αὐτοὺς

418 562 513 609 ιρι-α
530 565 719 607 eorum
754 558 1055 616 torporem.
1089 543 1157 599 Ut
1184 543 1351 612 igitur
1379 557 1475 596 eus
1506 542 1560 595 in
1593 541 1699 595 hoc
1733 538 1985 594 console-

436 655 568 701 tur:
610 640 1056 702 Distributiones,
1095 635 1295 704 inquit,
1349 632 1589 704 Spiritus
1615 631 1769 702 juxta
1813 628 1985 698 ipsius

422 738 756 791 voluntatem
792 731 950 784 facta:
991 736 1160 792 sunt;
1219 727 1333 797 ipse
1392 725 1543 781 novit
1599 723 1732 794 quid
1787 723 1985 790 cuique

420 829 712 888 conducat,
738 822 927 891 sicque
958 812 1353 874 donum'snum
1386 815 1628 887 partitur
1645 825 1699 868 et
1733 812 1983 882 gratiam.

420 922 574 990 Saepe
602 919 673 973 ob
702 917 970 985 impuram
995 913 1158 966 vitam
1190 910 1387 980 aliquis
1410 924 1519 963 non
1538 908 1735 977 accipit
1758 905 1984 970 donum;

420 1026 486 1066 ac
523 1023 713 1063 rursus
740 1007 828 1061 cui
854 1018 990 1075 pura
1019 1012 1102 1058 est
1128 1002 1261 1065 vita,
1292 1016 1436 1071 saepe.
1468 1002 1599 1056 item
1626 1015 1735 1052 non
1764 997 1984 1064 accipit,

419 1119 490 1159 ne
521 1100 830 1155 atiollatur:
889 1097 1122 1166 ideoque
1174 1093 1478 1148 humilibus
1537 1099 1591 1146 et
1643 1088 1987 1158 simplicibus

422 1193 602 1265 potius
635 1190 932 1244 dabantur.

508 1274 671 1337 Vens.
735 1281 788 1336 5.
859 1278 983 1333 Non
1051 1277 1189 1332 enim
1261 1276 1460 1347 angelis
1530 1271 1749 1342 subjecit
1812 1268 1988 1325 orbem

419 1372 587 1443 659
658 1380 809 1426 terra:
865 1370 1127 1437 futurum.
1178 1366 1572 1420 Demonstraus
1629 1361 1809 1416 adhuc
1868 1356 1989 1411 Filii

423 1460 824 1522 excellentiam,
876 1472 984 1527 qua
1037 1456 1261 1526 angelos
1305 1459 1643 1522 exsuperat:
1704 1449 1821 1503 Non
1879 1448 1988 1512 his,

2088 543 2191 595 κάν
2217 542 2411 614 τούτῳ,
2442 545 2606 615 φησιν
2666 546 2749 598 ὅτι
2784 545 2832 597 οἱ
2882 543 3143 613 μερισμοὶ
3198 542 3296 595 τοῦ
3344 543 3661 613 Πνεῦματος

2087 633 2227 685 κατά
2275 633 2374 704 τὴν
2433 634 2600 688 αὑτοῦ
2656 633 2877 703 θέλησιν
2936 633 3204 701 γίνονται.
3257 632 3429 696 Αὐτὸς
3467 630 3577 687 οἶδε
3607 637 3658 689 τί

2087 725 2302 795 ἑκάστῳ
2333 727 2623 798 συμφέρει,
2664 727 2762 780 καὶ
2784 725 2927 780 οῦτω
2954 724 3317 796 καταμερίζει
3346 727 3446 797 τὴν
3473 728 3656 795 χάριν.

2090 817 2355 880 Πολλάκις
2386 819 2453 871 δι’
2486 819 2795 889 ἀκάθαρτον
2855 818 2969 889 βῐον
2993 819 3054 870 οὑ
3101 817 3366 888 λαμϐάνει
3387 836 3471 881 τις
3499 819 3660 891 χάρι-

2090 922 2222 977 σμα·
2248 909 2509 972 πολλάκις
2551 911 2666 982 βίον
2695 910 2935 981 καθαρὸν
2987 908 3126 980 έχων
3156 911 3217 962 οὑ
3244 910 3531 978 λαμϐάνει,
3570 911 3662 964 ἵνα

2093 997 2167 1067 μὴ
2195 998 2431 1070 ἐπαρθῇ.
2454 999 2544 1053 Διδ
2570 1000 2663 1054 καὶ
2688 1001 2801 1064 τοῖς
2831 1001 3111 1063 ταπεινοῖς
3136 999 3233 1052 καὶ
3260 998 3488 1069 ἀφελέσι
3521 1000 3658 1068 μᾶλ-

2091 1087 2180 1142 λον
2214 1088 2466 1144 ἐδίδοντο.

2158 1270 2243 1323 Οὑ
2300 1270 2410 1338 γὰρ
2465 1269 2745 1340 ἀγγέλοις
2806 1270 3068 1337 ὑπέταξε
3112 1271 3231 1340 τὴν
3300 1270 3662 1339 οἰκουμένην

2092 1356 2207 1425 τὴν
2232 1358 2605 1425 μέλλουσαν.
2666 1361 2790 1414 Ἔτι
2842 1362 2943 1432 τὴν
2988 1362 3124 1433 πρὸς
3199 1361 3325 1425 τοὺς
3395 1361 3662 1430 ἀγγέλους

2092 1452 2368 1522 ὑπεροχὴν
2422 1452 2514 1505 τοῦ
2572 1452 2704 1506 Υἰοῦ
2747 1454 2985 1519 δεικνὺς,
3045 1454 3211 1524 φησιν
3238 1448 3323 1507 ὃτι
3355 1454 3416 1507 οὑ
3448 1454 3664 1519 τούτοις

426 1552 626 1619 inquit,
682 1549 919 1618 subjecit
979 1557 1250 1601 terrarum
1310 1544 1521 1605 orbem,
1586 1541 1671 1596 vel
1728 1539 1991 1594 mundum

2101 1543 2328 1609 ὑπέταξε
2379 1546 2477 1615 τὴν
2521 1547 2869 1617 οἰκουμένην,
2916 1547 3035 1618 ἦτοι
3083 1548 3183 1613 τὴν
3228 1547 3409 1599 κτίσιν
3436 1545 3662 1617 ταύτην,

424 1618 598 1707 hunc,
633 1644 727 1697 sed
764 1640 925 1695 Filio.
966 1638 1232 1692 Futurum
1266 1642 1447 1689 autem
1474 1633 1632 1697 dicit,
1656 1632 1784 1702 quia
1819 1628 1993 1685 Filius

2101 1634 2231 1688 ιι).λά
2260 1636 2338 1706 τῷ
2360 1635 2497 1708 Υιῷ.
2526 1637 2849 1691 Minoem
2872 1638 2929 1690 δὲ
2954 1638 3126 1707 αὑτήν
3160 1654 3316 1706 φησι,
3348 1638 3484 1691 διότι
3508 1640 3535 1690 ι
3564 1618 3667 1707 μιν

425 1735 521 1789 Dei
554 1747 772 1804 semper
797 1741 930 1793 erat,
965 1730 1115 1785 orbis
1148 1743 1279 1782 vero
1313 1735 1582 1781 terrarum
1640 1720 2000 1793 producendus

2101 1725 2224 1788 Υἱδς
2275 1724 2368 1777 τοῦ
2400 1725 2534 1778 Θεοῦ
2563 1722 2632 1796 ἦν
2656 1728 2764 1789 ἀεὶ,
2798 1725 2937 1798 αὕτη
2961 1726 3018 1780 δὲ
3064 1726 3258 1796 ἔμελλε
3282 1726 3556 1796 γενέσθαι,
3589 1728 3666 1798 μὴ

394 1832 565 1903 ,οι-οι,
599 1796 694 1895 qui
753 1831 915 1877 antea
953 1820 1206 1876 videlicet
1252 1832 1363 1872 non
1424 1816 1624 1870 fuerat.
1681 1813 1959 1879 Quantum

2101 1810 2230 1869 οὖσα
2281 1816 2546 1888 πρότερον
2595 1817 2815 1888 δηλαδή.
2851 1796 3015 1871 Ὅσον
3061 1816 3154 1871 οῦν
3191 1817 3327 1889 πρὸς
3355 1819 3454 1888 τὴν
3495 1796 3666 1874 ἀΐδιον

431 1916 600 1983 igitur
659 1913 864 1967 attinet
921 1911 985 1964 ad
1036 1908 1423 1978 sempiternam
1493 1902 1618 1959 Filii
1672 1902 1991 1968 essentiam,

426 2006 577 2061 orbis
607 2005 827 2059 futurus
864 2012 1003 2058 erat.

497 2096 576 2149 De
599 2112 700 2166 quo
737 2095 1030 2165 loquimur.
1056 2093 1171 2148 Hoc
1199 2098 1304 2154 est,
1357 2088 1425 2144 de
1475 2102 1586 2157 quo
1629 2100 1795 2156 supra
1845 2083 1993 2139 dixi-

429 2203 583 2252 mus,
639 2186 770 2242 Cum
812 2184 1106 2239 introducit
1168 2180 1575 2251 primogenitum
1600 2177 1655 2230 in
1685 2176 1861 2232 orbem
1895 2184 1996 2228 ter-

429 2296 525 2334 ηε.
558 2277 633 2332 Ne
661 2277 833 2348 igitur
863 2275 1029 2331 alium
1062 2275 1259 2329 orbem
1307 2270 1552 2340 inquirat
1592 2283 1747 2323 mens
1792 2276 1883 2321 tua
1906 2281 1998 2321 se-

427 2374 613 2426 ducta.
651 2366 908 2422 Nonnulli
937 2374 1118 2420 autem
1166 2377 1260 2434 per
1333 2360 1574 2416 futurum
1607 2358 1818 2425 orbem,
1845 2356 1996 2411 lutu-

429 2478 548 2516 rum
591 2459 854 2514 mundum
903 2456 1288 2512 intellexerunt
1326 2469 1343 2511 :
1404 2450 1479 2505 De
1507 2466 1632 2520 quo,
1666 2449 1861 2518 inquit,
1897 2461 1997 2502 nos

428 2549 651 2604 omnino
680 2546 968 2616 loquimur.
1007 2541 1146 2598 Tum
1174 2543 1323 2596 enim
1355 2539 1532 2608 angeli
1566 2544 1624 2592 ut
1653 2536 1799 2592 servi
1831 2538 1999 2591 assis-

364 2702 367 2705 _
430 2649 579 2707 tcnt;
610 2638 785 2694 Filius
818 2644 1000 2691 autem
1037 2643 1098 2689 ut
1122 2632 1291 2703 iudex
1326 2630 1557 2687 sedebit.

500 2823 667 2878 Vens.
694 2819 750 2886 6,
779 2820 831 2874 7.
873 2817 1211 2887 Testiﬁcatus
1238 2823 1316 2871 est
1360 2821 1534 2868 autem
1560 2812 1779 2884 quidam
1806 2809 2000 2864 alicubi

431 2914 608 2967 dicens
631 2924 649 2963 :
676 2907 818 2976 Quid
847 2919 926 2962 est
955 2907 1109 2960 homo
1139 2904 1277 2974 quod
1301 2918 1500 2957 memor
1528 2918 1581 2956 es
1600 2900 1869 2970 ejus?aut
1904 2896 2001 2952 Fi-

434 3006 535 3059 lius
560 3001 813 3065 hominis,
859 2997 1108 3068 quoniam
1162 2996 1345 3051 uisitas
1379 2995 1548 3048 eum?
1606 2990 1855 3045 Miuuisti
1881 3004 2001 3044 eum

433 3097 591 3165 paulo
619 3094 790 3146 minus
818 3090 883 3144 ab
925 3090 1124 3158 angelis
1149 3102 1166 3141 :
1196 3087 1367 3157 gloria
1410 3092 1461 3139 et
1510 3084 1708 3137 honore
1735 3081 2002 3136 coronasti

435 3201 576 3250 eam,
615 3193 663 3238 et
692 3185 868 3237 omnia
900 3179 1170 3250 subjecisti
1206 3177 1302 3232 sub
1331 3174 1547 3248 pedibus
1580 3174 1715 3245 ejus.
1751 3172 1872 3230 Non
1904 3188 2000 3228 ex-

326 3296 340 3319 κ
437 3280 604 3351 plicat
622 3292 818 3334 nomen
842 3275 1102 3337 auctoris,
1129 3274 1256 3343 quia
1283 3272 1527 3341 disputat
1547 3284 1671 3324 cum
1690 3267 2004 3338 Scriptura-

438 3388 557 3428 rum
589 3371 796 3442 gnaris.
823 3367 949 3424 Haec
986 3378 1166 3423 autem
1193 3366 1376 3419 omnia
1417 3362 1715 3434 generatim
1764 3361 1832 3416 de
1882 3359 2004 3413 uni-

440 3481 596 3522 versa
623 3465 861 3520 humana
889 3469 1088 3516 natura
1135 3458 1280 3514 dicta
1332 3464 1481 3521 sunt,
1513 3454 1793 3526 speciatim
1824 3461 2002 3507 tamen

436 3556 656 3612 Christo
727 3552 1029 3609 secundum
1078 3549 1468 3604 humanitatem
1517 3543 1807 3614 quadrant.
1868 3540 2003 3595 Nam

442 3643 612 3699 Filius
669 3641 763 3696 Dei
801 3643 1092 3695 humanam
1126 3645 1402 3715 naturam,
1443 3648 1563 3705 qua:
1582 3634 1720 3688 nihil
1750 3640 1888 3695 erat,
1920 3633 2006 3685 vi-

442 3732 670 3788 sitavit:
708 3745 815 3801 qua
853 3739 1156 3797 assumpta,
1189 3729 1403 3798 sibique
1434 3728 1608 3793 unita,
1666 3727 1882 3783 cunctis
1905 3742 2004 3782 su-

444 3823 623 3893 perior
649 3830 735 3878 est
761 3820 1194 3877 demoustratus.

516 4013 674 4069 Vens.
698 4013 752 4069 8.
771 4011 834 4067 In
847 4027 907 4068 eo
925 4012 1063 4067 enim
1085 4015 1223 4084 quod
1246 4012 1422 4067 omnia
1440 4013 1488 4067 ei
1509 4012 1751 4082 subjecit,
1778 4011 1909 4066 nihil
1930 4011 2010 4065 di-

441 4107 584 4161 misit
602 4124 704 4161 non
726 4105 1013 4177 subjectum
1031 4109 1080 4161 ei
1103 4122 1122 4161 :
1140 4123 1275 4160 nunc
1296 4115 1471 4161 autem
1504 4105 1736 4161 nondum
1771 4104 2006 4160 videmus

440 4201 488 4254 ei
511 4201 688 4253 omnia
720 4200 975 4268 subjecta.
1007 4198 1144 4265 Quia
1170 4198 1645 4268 persccutionibus
1676 4198 1754 4253 illi
1785 4197 2006 4254 obnoxii

442 4299 615 4354 erant,
642 4306 705 4346 ac
754 4291 982 4347 adversa
1029 4290 1393 4360 patiebantur,
1427 4305 1496 4345 ne
1547 4290 1814 4362 objiciant
1857 4309 1869 4344 :
1905 4289 2009 4355 Qui

441 4386 579 4440 dicis
638 4382 808 4439 Deum
836 4382 1019 4437 omnia
1058 4381 1378 4451 subiecisse,
1401 4394 1524 4434 cum
1555 4395 1657 4436 nos
1687 4381 2013 4451 persecutio-

2096 1905 2331 1978 ὕπαρξιν
2358 1907 2453 1960 τοῦ
2484 1906 2637 1971 Υἰοῦ,
2674 1906 2945 1977 μέλλουσα
2976 1902 3045 1979 ἦν
3074 1908 3107 1977 ἡ
3133 1908 3456 1980 οἰκουμένη.

2166 2087 2304 2156 Περὶ
2350 2083 2426 2158 ἧς
2454 2088 2783 2158 λαλοῦμεν.
2820 2087 3099 2153 Τουτέστι,
3127 2088 3257 2159 περὶ
3297 2081 3366 2160 ἦς
3411 2088 3670 2159 ἀνωτέρω

2096 2179 2322 2249 εἴπομεν
2365 2178 2476 2245 ὅτι,
2508 2180 2697 2233 Ὅταν
2719 2181 3012 2249 εἰσαγάγῃ
3044 2180 3150 2233 τὸν
3177 2182 3556 2248 πρωτότοκον
3582 2184 3670 2247 εἰς

2095 2269 2213 2339 τὴν
2236 2271 2619 2340 οἰκουμένην.
2651 2269 2741 2342 Μὴ
2791 2269 2887 2324 οῦν
2935 2268 3104 2340 ἄλλην
3158 2269 3484 2340 ἐπιζητείτω
3517 2283 3611 2324 σου
3642 2274 3672 2325 ὁ

2097 2361 2222 2425 νοῦς
2260 2360 2748 2432 ἀποπλανώμενος.
2792 2361 2951 2425 Τινὲς
2978 2360 3058 2428 δὲ,
3093 2361 3393 2431 μέλλουσαν
3417 2362 3670 2433 οἰκουμέ-

2098 2470 2217 2521 νην,
2245 2453 2339 2507 τὸν
2384 2454 2645 2523 ἐσόμενον
2675 2454 2878 2523 κόσμον
2907 2453 3136 2523 ἐνόησαν
3154 2467 3169 2481 ⁸
3194 2451 3332 2522 Περὶ
3360 2448 3454 2519 οὗ,
3481 2454 3669 2524 φησὶν,

2098 2546 2132 2597 ό
2165 2543 2284 2612 πᾶς
2331 2545 2720 2615 λόγος’ήμῖν.
2754 2546 2887 2598 Τότε
2932 2546 3041 2613 7&9
3079 2545 3131 2597 οἱ
3179 2546 3281 2614 μὲν
3344 2545 3563 2613 ἄγγελοι
3594 2546 3670 2609 ὡς

2099 2639 2273 2694 δοῦλοι
2316 2639 2797 2709 παραστήσονται*
2845 2639 2872 2690 6
2921 2637 2979 2690 δὲ
3010 2637 3135 2701 Υἱὸς
3185 2637 3375 2708 κριτὴς
3422 2636 3670 2690 καθεδεῖ-

2100 2749 2209 2787 ται.

2170 2820 2601 2889 Διεμαρτύρατο
2645 2818 2712 2873 δέ
2764 2820 2881 2873 πού
2934 2836 3045 2883 τις,
3093 2818 3324 2889 λέγων·
3388 2818 3455 2873 Τί
3499 2818 3672 2873 ἐστιν

2100 2912 2412 2981 ἅνθρωπος
2444 2913 2531 2966 ὅτι
2575 2911 2890 2981 μιμνήσκῃ
2931 2910 3118 2987 αὑτοῦ
3141 2927 3160 2975 ;
3186 2912 3224 2980 ἢ
3260 2911 3389 2977 Υἱὸς
3443 2912 3667 2979 ἀνθρώ-

2104 3021 2243 3072 που,
2297 3005 2386 3058 ὅτι
2427 3004 2758 3072 ἐπισκέπτῃ
2796 3005 3015 3065 αὑτόν-ς
3054 3002 3434 3069 Ἦλάττωσας
3483 3003 3671 3056 αὑτὸν

2028 3142 2072 3205 c
2101 3099 2301 3169 ,ϐραχὺ
2330 3114 2383 3151 τι
2406 3096 2542 3164 παρ’
2568 3096 2863 3165 ἀγγέλους
2886 3112 2899 3128 ο
2925 3094 3072 3163 δόξῃ
3112 3095 3209 3148 καὶ
3250 3094 3390 3164 τιμῇ
3414 3093 3669 3163 ἐστεφά-

2105 3209 2305 3257 νωσας
2346 3190 2573 3244 αὐτόν·
2629 3189 2824 3244 πάντα
2882 3189 3185 3256 ὑπέταξας
3236 3189 3516 3245 ὑποκάτω
3551 3186 3674 3241 τῶν

2105 3283 2308 3337 ποδῶν
2332 3282 2537 3338 αὐτοῦ.
2567 3283 2642 3336 Οὐ
2670 3283 2816 3352 λέγει
2840 3282 2901 3335 τὸ
2948 3281 3120 3353 ὄνομα
3158 3284 3250 3336 τοῦ
3280 3281 3544 3348 εἰπόντος,
3575 3283 3672 3335 ὅτε

2107 3376 2244 3446 πρὸς
2275 3376 2644 3445 ἐπιστήμονας
2676 3374 2787 3428 τῶν
2814 3375 3045 3446 Γραφῶν
3064 3374 3465 3445 διαλεγόμενος.
3487 3373 3677 3428 Ταῦτα

2105 3467 2161 3520 δὲ
2187 3467 2368 3521 πάντα
2394 3468 2487 3521 καὶ
2513 3470 2591 3531 εἰς
2632 3467 2731 3538 τὴν
2754 3467 2935 3536 κοινὴν
2969 3470 3066 3536 μὲν
3096 3466 3489 3537 άνθρωπότητα
3516 3468 3675 3536 εῐρηο

2105 3576 2216 3623 ται,
2241 3557 2574 3630 κυριώτερον
2607 3558 2651 3612 δ’
2708 3559 2857 3628 ὅμως
2902 3558 3194 3628 ἁρμόσειεν
3235 3559 3302 3611 ἂν
3337 3557 3416 3627 τῷ
3452 3552 3678 3629 Χριστῷ

2108 3651 2248 3705 κατὰ
2280 3651 2479 3721 σάρκα.
2521 3651 2631 3704 Καὶ
2660 3650 2767 3719 7&9
2804 3651 2832 3703 ό
2865 3650 2992 3711 Υἱὸς
3025 3649 3119 3701 τοῦ
3151 3647 3284 3702 Θεοῦ
3325 3648 3477 3700 οὐδὲν
3510 3645 3677 3700 οὖσαν

2106 3746 2208 3815 τὴν
2254 3727 2603 3813 ἀνθρωπίνην
2628 3739 2790 3815 φύσιν
2845 3737 3211 3806 ἐπεσκέψατο,
3244 3737 3339 3791 καὶ
3372 3735 3682 3807 προσλαϐό-

2112 3853 2270 3909 μενος
2301 3835 2497 3906 αὑτὴν,
2536 3833 2631 3887 καὶ
2663 3814 2869 3896 ἐνώσας
2915 3831 3115 3902 ἐαυτῷ,
3153 3830 3371 3884 πάντων
3406 3827 3681 3899 ἀνώτερος

2109 3927 2323 3997 ἐδείχθη
2333 3967 2344 3981 .

2190 4019 2294 4073 Ἐν
2322 4017 2432 4088 γὰρ
2463 4015 2542 4083 τῷ
2582 4014 2873 4081 ὑποτάξαι
2911 4010 3072 4079 αὐτῷ
3121 4012 3192 4067 τὰ
3228 4003 3445 4076 πάντα,
3493 4007 3682 4065 οὐδὲν

2109 4111 2345 4181 ἀφῆκεν
2376 4110 2535 4175 αὐτῷ
2567 4109 2989 4164 ἀνυπότακτον
3011 4124 3024 4139 ·
3063 4106 3180 4161 νῦν
3233 4104 3302 4158 δὲ
3329 4104 3495 4158 οὔπω
3536 4099 3680 4170 ὀρῶ-

2106 4222 2223 4276 μεν
2248 4205 2319 4277 τέι
2338 4203 2533 4257 πάντα
2561 4204 2607 4234 ¹¹
2638 4198 3106 4270 ὑποτεταγμένα.
3143 4196 3363 4269 Ἐπειδὴ
3395 4193 3681 4248 ἐδιώκοντο

2113 4292 2280 4365 οὗτοι,
2309 4296 2405 4351 καὶ
2436 4295 2623 4358 κακῶς
2648 4293 2908 4362 ἔπασχον,
2941 4291 3028 4345 ἵνα
3064 4293 3140 4360 μὴ
3179 4291 3395 4343 εἴπωσν
3424 4288 3548 4351 Πῶς
3584 4285 3677 4339 λέο

2113 4412 2230 4462 γεις
2260 4395 2342 4446 ὄτι
2372 4393 2549 4445 πάντα
2572 4388 2858 4455 ὑπέταξεν,
2894 4389 3027 4440 ὅπου
3060 4403 3124 4454 γε
3158 4387 3317 4455 ἡμεῖς
3346 4377 3680 4449 διωκόμεθα,

446 4493 567 4533 nem
600 4477 893 4546 patiamur,
918 4483 1080 4545 atque
1116 4474 1456 4544 exagitemur
1504 4475 1703 4529 misere
1735 4474 1804 4528 ab
1834 4473 2000 4528 host-i-

2113 4480 2498 4550 διελαυνόμεθα
2526 4479 2677 4548 παρὰ
2693 4478 2739 4509 ’³
2755 4477 2861 4530 τῶν
2884 4474 3089 4547 ἐχθρῶν
3117 4472 3281 4526 αὑτοῦ
3303 4487 3318 4536 ;
3359 4469 3498 4522 ὥστε
3524 4465 3684 4520 οὔπω

445 4568 548 4621 bus
574 4564 786 4634 ipsius?
834 4564 1015 4633 Itaque
1054 4563 1297 4616 nondum
1354 4563 1585 4632 subjecti
1649 4571 1778 4618 sunt
1812 4564 1882 4629 ei,
1912 4566 2007 4619 sed

445 4657 654 4727 decipis
683 4670 783 4710 nos
819 4671 832 4708 :
866 4665 1169 4723 propterea,
1208 4654 1407 4723 inquit,
1437 4669 1504 4709 ne
1529 4657 1879 4721 tumultuare,
1915 4670 2010 4710 ne-

444 4764 552 4820 que
574 4746 934 4815 pusillanimis
962 4751 1123 4800 esto:
1162 4743 1405 4800 futurum
1439 4754 1525 4801 est
1555 4749 1701 4802 enim
1738 4755 1794 4799 ut
1829 4746 2012 4799 omnia

445 4841 550 4911 ipsi
564 4838 941 4908 subjiciantur.
961 4835 1253 4908 Propterea
1263 4838 1406 4893 enim
1421 4839 1698 4908 Scriptura
1714 4839 1851 4893 dixit
1867 4839 2010 4908 quod

447 4931 773 4994 subdiderit,
818 4929 964 5000 quod
1021 4930 1244 4985 omnino
1287 4939 1610 4987 eventurum
1664 4939 1771 4993 est,
1794 4931 2014 4985 etiamsi

450 5025 690 5081 nondum
739 5023 1052 5093 contigerit,
1091 5025 1250 5095 quasi
1305 5025 1415 5093 jam
1461 5022 1725 5088 evenerit,
1781 5037 2008 5092 ponens.

448 5117 528 5173 Ne
570 5117 737 5188 igitur
775 5131 1004 5171 intereas
1042 5117 1199 5185 quasi
1225 5117 1418 5170 acerba
1463 5114 1685 5184 patiaris
1728 5133 1740 5168 :
1772 5115 2011 5168 nondum

452 5211 638 5267 omnia
672 5209 948 5279 superavit
980 5208 1314 5279 praedicatio,
1356 5207 1596 5261 nondum
1624 5216 1836 5275 tempus
1861 5208 2014 5261 adest

449 5316 504 5357 ut
526 5299 1167 5373 perfectesubjiciantur;
1189 5297 1743 5367 subjicienturtamen
1767 5299 2009 5353 omnino.

518 5396 683 5450 Vens.
699 5395 751 5449 9.
769 5390 907 5447 Eum
925 5400 1118 5455 autem,
1145 5391 1234 5458 qui
1252 5390 1456 5442 modico
1481 5404 1638 5457 quam
1657 5391 1828 5460 angeli
1848 5391 2017 5445 mino-

455 5496 606 5540 ratus
645 5495 741 5552 est,
759 5485 990 5539 ridemus
1017 5481 1220 5546 Jesum,
1246 5490 1457 5548 propter
1473 5483 1771 5548 passionem
1805 5487 2012 5548 mortis,

2116 4573 2490 4641 ὑπετάγησαν,
2520 4570 2613 4623 καὶ
2638 4568 2851 4636 ἀπατᾷς
2883 4568 3061 4636 ἡμᾶς·
3091 4564 3182 4618 διὰ
3201 4561 3376 4615 ταῦτα
3403 4556 3495 4612 οὖν
3521 4574 3681 4627 φησι·

2114 4666 2206 4735 Μὴ
2242 4661 2493 4735 θορυϐοῦ,
2529 4660 2664 4731 μηδὲ
2697 4659 3056 4731 μικροψύχειο
3090 4656 3273 4727 μέλλει
3301 4653 3406 4723 γὰρ
3442 4650 3685 4706 ὑποτάτ-

2114 4756 2301 4810 τεσθαι
2334 4752 2483 4825 αὑτῷ
2503 4755 2568 4806 τὰ
2594 4753 2792 4806 πάντα,
2812 4750 2911 4804 Διά
2925 4749 3081 4803 τοῦτο
3107 4746 3215 4818 γὰρ
3243 4749 3278 4816 ἡ
3295 4743 3483 4817 Γραφὴ
3504 4735 3681 4804 εἶπεν,

2117 4852 2198 4905 ὃτι
2241 4848 2531 4914 ’Υπέταξε,
2558 4846 2618 4898 τὸ
2644 4846 2861 4908 πάντως
2903 4841 3295 4913 ὲκῦησόμενον,
3324 4839 3372 4891 εἰ
3394 4838 3487 4890 καὶ
3515 4836 3686 4906 μήπω

2118 4941 2353 5007 ἐγένετο,
2395 4939 2470 5000 ὡς
2501 4936 2807 5005 ἐμϐεὸηκδς
2834 4935 3064 4986 τιθεῖσα.
3090 4930 3178 5000 Μὴ
3212 4929 3391 4983 τοίνυν
3427 4924 3687 4997 ἀδημόνει

2118 5026 2195 5089 ὡς
2236 5028 2461 5094 πάσχων
2521 5022 2736 5084 κακῶς
2784 5019 2937 5073 οὔπω
2983 5019 3201 5071 πάντων
3244 5014 3567 5087 περιγέγονε
3624 5010 3687 5061 τὸ

2119 5118 2400 5188 κήρυγμα,
2437 5112 2592 5166 οῦπω
2622 5111 2810 5181 καιρὸς
2856 5109 3041 5163 τέλεον
3089 5106 3449 5175 ὑποταγῆναι,
3480 5103 3687 5156 ὑποτα-

2118 5212 2379 5281 γήσονται
2414 5207 2595 5279 μέντοι
2627 5206 2861 5267 πάντως.

2202 5395 2310 5447 Τὸν
2337 5391 2404 5445 δὲ
2431 5389 2632 5459 βραχὺ
2661 5405 2717 5442 τι
2763 5387 2895 5455 παρ’
2943 5382 3237 5454 ἀγγέλους
3266 5372 3694 5448 ἠλαττωμένον

2119 5486 2431 5555 ,βλέπομεν
2472 5480 2736 5550 Ἰησοῦν,
2781 5477 2878 5533 διὰ
2918 5476 2992 5537 ’τὸ
3026 5473 3267 5543 πάθημα
3298 5468 3402 5523 τοῦ
3429 5465 3691 5523 θανάτου

1795 5639 1996 5701 νοτίου
2017 5639 2346 5701 lectiones.

523 5765 569 5797 "
599 5765 813 5837 ὁρῶμεν
837 5764 983 5834 αὐτῷ
1005 5765 1072 5818 τὰ
1107 5764 1281 5817 πάντα
1315 5781 1387 5819 m.
1467 5767 1510 5798 ’³
1534 5764 1635 5818 ὑπὸ
1659 5780 1710 5821 ο.
