4014 6208
468 302 567 371 911
1386 316 1959 378 THEOPHYLACTI
1994 317 2404 404 BULGARM‘}
2432 320 2786 396 ARCHIEP.
3597 316 3706 381 212

471 417 609 472 Filio
638 419 974 484 conveniret,
1007 419 1150 476 Patri
1181 435 1290 476 non
1323 413 1712 494 apponeretur.
1749 412 1905 482 Disce
1932 441 2030 480 au-

2141 415 2253 498 Υίῷ
2283 428 2560 498 προσῆκον
2591 427 2757 497 μόνῳ,
2809 425 2886 498 τῷ
2917 425 3092 496 Πατρὶ
3139 424 3508 499 προσετίθετο.
3548 427 3613 479 Ti
3649 426 3707 480 δὲ

470 519 576 564 tum
602 511 730 584 quid
753 511 1044 581 signiﬁcat,
1067 528 1159 583 per
1173 530 1344 584 quem.
1384 515 1522 583 Quia
1557 517 1794 590 dixerat,
1825 529 2035 589 propter

2140 521 2396 589 σημαίνει
2425 519 2506 584 τδ,
2539 517 2612 571 δι’
2642 514 2737 584 οὗ,
2774 517 3036 588 μάνθανε.
3080 515 3300 587 Ἐπειδὴ
3339 511 3483 582 εἷπε,
3516 515 3592 570 δι’
3636 517 3711 572 ὃν

467 619 618 667 quem
681 604 859 657 omnia
910 644 925 658 .
989 618 1057 658 ne
1138 607 1429 678 quisquam
1497 611 1796 666 absurdum
1872 612 2035 681 quid-

2137 608 2209 663 τὰ
2228 603 2447 675 πάντα,
2488 608 2576 660 ἵνα
2609 609 2683 677 μή
2712 624 2796 670 τις
2822 607 3025 660 ἄτοπόν
3057 622 3111 658 τι
3132 606 3382 676 ὲννοήσῃ,
3416 606 3498 659 ὃτι
3537 606 3709 659 δεῖται

469 691 609 758 piam
664 690 1021 762 intelligeret,
1072 695 1232 766 661
1294 700 1450 766 quasi
1497 701 1756 758 omnibus
1792 701 1907 771 ipse
1958 702 2038 756 iu-

2135 702 2246 756 τῶν
2271 703 2487 757 πάντων
2521 701 2714 762 αύτὸς·
2745 702 2779 770 ἡ
2807 699 2939 768 γὰρ,
2970 691 3379 768 διὰζπρόθεσις
3407 698 3503 750 καὶ
3529 697 3710 751 τοιοῦ-

463 783 709 852 iligeret,
771 783 1214 856 quandoquidem
1269 798 1326 844 et
1391 793 1744 862 praapositio.
1800 803 2033 862 propter,

2135 796 2228 850 τόν
2245 814 2298 848 τι
2333 794 2608 865 σημαίνει,
2634 792 2706 856 ὡς
2731 793 2858 868 ὅταν
2884 792 3146 862 εἴπωμεν,
3177 789 3277 843 Διὰ
3303 790 3392 842 τὸν
3421 789 3711 859 ἄνθρωπον

467 873 573 928 tale
610 874 868 944 quiddam
919 878 1211 948 signiﬁcet,
1260 881 1426 938 veluti
1479 885 1525 940 si
1574 885 1845 952 dicamus,
1898 887 2036 941 Pro-

2138 885 2451 958 παρήχθηή
2491 884 2698 946 κτίσιςο
2742 872 2988 952 ἐπήγαγε
3014 881 3095 946 τὸ,
3135 880 3213 934 δι’
3247 875 3342 944 οὗ,
3387 880 3708 951 ἑρμηνεύων

469 975 584 1033 pter
649 965 922 1022 hominem
991 971 1254 1040 producta
1319 983 1404 1032 est
1478 985 1770 1041 creatura,
1811 978 2034 1044 intulit,

2137 980 2218 1034 ὃτι
2261 979 2341 1043 τὸ,
2370 978 2444 1032 δι’
2474 976 2565 1041 ὃν,
2607 974 2750 1030 οὕτω
2782 975 2913 1039 νόει,
2943 975 3020 1038 ὡς
3069 972 3136 1026 δι’
3176 971 3363 1039 αὑτοῦ,
3405 971 3707 1044 τουτέστιν,

463 1071 555 1122 per
593 1073 765 1126 quem,
803 1057 1169 1131 interpretans
1209 1066 1342 1138 illud
1378 1077 1593 1136 propter
1616 1085 1792 1138 quem,
1853 1070 1932 1125 sic
1954 1069 2038 1124 in-

2139 1067 2230 1124 ὑπ’
2260 1065 2423 1121 αύτοῦ
2449 1051 2755 1135 γενομένων
2779 1063 3016 1118 πάντων.
3032 1063 3195 1117 Ὥστε
3221 1061 3317 1115 καὶ
3343 1062 3435 1114 ἐπὶ
3457 1061 3552 1114 τοῦ
3576 1061 3711 1114 Υἱοῦ

466 1146 1027 1221 telligeudum,quasi
1081 1170 1176 1224 per
1205 1155 1410 1226 ipsum,
1469 1159 1573 1213 hoc
1612 1167 1719 1224 est,
1777 1159 1846 1214 ab
1920 1161 2037 1229 ipso

2137 1164 2266 1216 ὅταν
2293 1160 2518 1230 λέγηται
2543 1159 2629 1223 τὸ,
2654 1157 2728 1211 δι’
2758 1151 2853 1222 οὗ,
2878 1156 3021 1209 οὕτω
3049 1155 3208 1209 τοῦτο
3235 1154 3416 1225 δέχου,
3439 1154 3562 1208 ἀντὶ⁵
3586 1152 3708 1220 τοῦ,

466 1239 608 1292 facta
631 1241 742 1296 siut
765 1242 972 1299 omnia.
1006 1245 1161 1301 llunc
1193 1249 1261 1303 ad
1304 1249 1526 1304 modum
1557 1251 1724 1321 igitur
1747 1261 1800 1307 et
1833 1253 1901 1310 de
1949 1251 2037 1308 Fi-
2139 1253 2229 1320 ὑφ’
2257 1244 2343 1307 οὗ.

467 1331 539 1385 lio
564 1332 609 1386 si
645 1320 880 1401 dicatur,
913 1350 1005 1402 per
1035 1353 1210 1408 quem,
1234 1340 1421 1410 accipe
1453 1357 1571 1410 pro,
1591 1320 1628 1396 a
1661 1359 1792 1412 quo.
1972 1362 1974 1364 '
3574 1383 3583 1390 ε

537 1423 645 1488 Qui
670 1425 864 1481 multos
910 1429 1050 1496 filios
1078 1431 1132 1484 iu
1171 1431 1395 1502 gloriam
1423 1435 1737 1500 adduxerat,
1767 1445 2036 1492 auctorem

2211 1431 2493 1497 Πολλοὺς
2533 1429 2704 1496 υιοὺς
2759 1431 2847 1496 εις
2886 1427 3076 1492 δόξαν
3113 1426 3434 1495 ἀγαγόντα,
3464 1424 3573 1478 τὸν
3607 1422 3715 1492 dp-

467 1516 658 1572 salutis
679 1535 860 1573 eorum
883 1536 976 1589 per
1002 1525 1303 1591 passionem
1337 1544 1718 1583 consummare.
1751 1528 1946 1585 Adhuc
1970 1530 2038 1584 il-

2139 1525 2333 1595 χηγὸν
2375 1524 2483 1592 τῆς
2515 1521 2813 1589 σωτηρίας
2840 1517 3039 1574 αὐτῶν
3083 1517 3181 1572 διὰ
3214 1514 3573 1589 παθημάτων
3612 1530 3712 1566 τε·

470 1608 594 1674 lius,
643 1608 827 1665 Gloria
883 1621 933 1667 et
979 1613 1176 1670 honore
1222 1622 1494 1674 eorouasti
1553 1638 1695 1686 eum,
1747 1622 2035 1677 °memiuit.

2137 1616 2405 1672 .letécrat.
2438 1602 2559 1668 Ἔτι
2589 1613 2705 1680 τοῦ,
2742 1611 2900 1678 Δόξῃ
2935 1609 3036 1695 καί
3081 1607 3222 1679 τιμῇ
3256 1606 3714 1675 ἐστεφάνωσας,

469 1699 626 1765 Quod
687 1709 868 1758 autem
933 1705 1030 1771 ait,
1061 1714 1146 1762 est
1171 1707 1440 1775 eiusmodi
1476 1729 1488 1766 :
1521 1711 1676 1778 Quod
1729 1711 2038 1783 benignita-

2139 1708 2340 1778 ἔχεται.
2377 1708 2443 1759 '0
2482 1705 2537 1759 δὲ
2582 1705 2730 1772 λέγει
2764 1701 3006 1758 τοιοῦτόν
3038 1701 3219 1754 ἐστιν’
3254 1697 3442 1762 ’Δξιον
3490 1696 3592 1766 τῆς
3623 1712 3715 1764 φι-

471 1801 579 1846 tcm
643 1806 798 1848 suam
827 1793 1034 1860 decuit,
1095 1797 1148 1852 id
1179 1798 1340 1855 Pater
1369 1800 1521 1864 fecit,
1544 1817 1669 1856 cum
1699 1803 2031 1874 primogeni-

2139 1797 2488 1871 λανθρωπιας
2513 1799 2558 1830 ’⁷
2589 1795 2754 1850 αὑτοῦ
2787 1793 3088 1861 πεποίηκεν
3114 1794 3142 1846 ὁ
3172 1789 3383 1862 Πατὴρ,
3425 1789 3518 1878 τὸν
3554 1804 3715 1859 πρω-

471 1889 584 1935 tum
637 1884 883 1939 omnium
945 1886 1204 1953 ﬁliorum,
1275 1890 1369 1960 qui
1452 1891 1638 1961 glorize
1711 1893 1831 1961 ejus
1914 1907 2040 1962 par-

2139 1891 2362 1944 τότοκον
2388 1888 2606 1942 πάντων
2635 1886 2744 1940 τῶν
2779 1885 2912 1938 υἱῶν
2939 1884 3050 1938 τῶν
3077 1879 3383 1955 μελλόντων
3405 1878 3717 1955 ἀπολαῦσαι

472 1973 668 2044 ticipes
707 1975 874 2031 futuri
920 1987 1098 2045 erant,
1151 1980 1440 2038 clariorem
1491 1992 1545 2038 et
1609 1983 2037 2054 splendidiorem

2142 1984 2242 2051 τῆς
2288 1981 2448 2051 δόξης
2482 1979 2686 2044 αὑτοῦ,
2743 1977 3126 2060 λαμπρότερον
3169 1975 3388 2030 πάντων
3429 1971 3721 2037 ἀποδείξας

471 2066 728 2122 omnibus
753 2072 1206 2127 commonstravit
1236 2088 1332 2144 per
1351 2074 1658 2143 passiones,
1689 2085 1747 2130 ut.
1785 2077 2042 2131 ostendat

2141 2071 2230 2124 διὰ
2257 2070 2620 2149 παθημάτων,
2652 2068 2740 2122 ἵνα
2773 2068 2922 2138 δείξῃ
2971 2066 3066 2120 καὶ
3096 2067 3209 2129 τοῖς
3245 2064 3424 2127 ἄλλοις
3456 2063 3607 2126 ὅπως
3634 2063 3720 2115 δεῖ

470 2157 634 2212 etiam
669 2158 794 2215 aliis
819 2162 1092 2230 quomodo
1123 2164 1197 2219 sit
1220 2167 1566 2222 certandum.
1603 2165 1909 2236 Principem
1941 2183 2041 2221 au-

2143 2163 2346 2218 ἁθ).εῖν.
2389 2162 2494 2215 Τὸν
2526 2160 2769 2231 ἀρχηγὸν
2792 2159 2849 2211 δὲ
2879 2158 2980 2228 τῆς
3004 2157 3303 2227 σωτηρίας,
3329 2154 3595 2220 τουτέστι,
3622 2152 3719 2206 τὸν

473 2258 578 2304 tem
608 2251 802 2309 salutis
819 2254 1070 2323 appellat,
1093 2256 1194 2312 hoc
1219 2267 1322 2321 est,
1349 2265 1649 2313 auctorem.
1679 2257 1917 2314 Observa
1947 2275 2043 2312 au-

2143 2255 2338 2309 αῐτιον.
2366 2253 2513 2323 Ὅρα
2539 2251 2596 2304 δὲ
2630 2253 2753 2305 ὅσον
2796 2249 2856 2303 τδ
2893 2249 3077 2336 μέσον·
3112 2248 3208 2301 καὶ
3247 2241 3403 2310 οὗτος
3435 2245 3588 2312 Υἱὸς,
3618 2245 3718 2299 καὶ

473 2349 578 2394 tem
598 2351 861 2408 quantum
895 2343 968 2399 sit
990 2343 1285 2401 discrimen
1309 2364 1325 2401 :
1355 2348 1472 2416 ipse
1493 2349 1638 2402 enim
1661 2337 1830 2404 Filius
1855 2355 1962 2413 est,
1990 2357 2042 2404 et

2149 2350 2313 2419 ἡμεῖς
2344 2345 2451 2398 υἱοί
2477 2362 2490 2376 ·
2524 2336 2641 2398 ἀλλ’
2668 2344 2697 2396 ὁ
2735 2341 2834 2414 μὲν
2863 2342 2961 2395 καὶ
3005 2339 3187 2405 σώζει,
3219 2341 3383 2410 ἡμεῖς
3425 2338 3482 2392 δὲ
3532 2337 3719 2404 σωζό-

472 2447 572 2487 uos
604 2433 696 2487 lilii
723 2449 916 2491 sumus
945 2453 959 2490 :
990 2437 1085 2492 sed
1117 2438 1233 2507 ipse
1263 2439 1483 2508 Quidem
1536 2441 1721 2496 salvos
1747 2439 1900 2503 facit,
1938 2455 2040 2496 nos

2148 2440 2324 2509 μεθα·
2385 2434 2772 2505 συναπὸμεθα
2823 2431 2996 2502 αύτῷ,
3030 2432 3121 2485 καὶ
3177 2430 3339 2486 πάλιν
3370 2429 3719 2501 διῖστάμεθα.

473 2539 600 2579 vero
633 2525 766 2580 salvi
817 2526 1092 2583 efﬁcimur
1130 2531 1714 2603 :conjuugimuripsi,
1766 2543 1819 2588 et
1847 2549 2042 2588 rursus

2143 2527 2422 2594 Πολλοὺς
2449 2527 2622 2608 ¹υἱοὺς
2647 2528 2736 2591 εις
2764 2524 2955 2588 δόξαν
2983 2523 3303 2595 ἀγαγόντα,
3320 2527 3496 2608 τούτῳ
3523 2538 3718 2608 κοινω-

472 2630 812 2684 separauiur.
861 2618 962 2672 Per
992 2619 1124 2674 illud
1147 2622 1291 2690 quod
1324 2623 1423 2685 ait,
1457 2622 1562 2688 Qui
1593 2625 1784 2678 multos
1813 2625 1955 2693 filios
1985 2626 2042 2678 in

2142 2616 2360 2686 νοῦμενο
2395 2605 2506 2669 Τὸν
2532 2613 2801 2683 ἀρχηγὸν
2825 2610 2938 2679 τῆς
2961 2609 3265 2677 σωτηρίας
3285 2605 3502 2669 αὐτῶν,
3539 2605 3722 2696 τούτῳ

471 2703 706 2771 gloriam
752 2705 1068 2772 adduxerat,
1108 2707 1212 2777 ipsi
1269 2710 1778 2767 communieamus:
1844 2727 1938 2782 per
1971 2712 2043 2766 is-

2143 2706 2486 2778 διῖστάμεθα.
2530 2704 2842 2775 Σημείωσαι
2868 2703 2945 2767 δὲ,
2987 2704 3066 2757 ὅτι
3096 2701 3370 2790 τελείωσις
3415 2698 3484 2790 τα
3528 2696 3719 2790 παθη-

474 2795 567 2850 tud
599 2810 750 2857 vero.
794 2796 1074 2853 Auctorem
1103 2800 1295 2854 salutis
1336 2802 1593 2870 ipsorum,
1656 2803 1926 2859 distamus
1974 2805 2043 2859 ah

2147 2817 2314 2872 ματα,
2345 2797 2441 2852 καὶ
2474 2796 2624 2850 αἴτια
2675 2795 2986 2880 σωτηρίαςο
3038 2793 3132 2846 καὶ
3159 2793 3240 2846 δτι
3277 2787 3306 2846 ὁ
3352 2789 3538 2872 παθὼν
3574 2787 3719 2858 ὑπὲρ

479 2885 621 2954 ipso.
640 2886 878 2942 Observa
911 2897 1092 2945 autem
1125 2890 1452 2948 afﬁictiones
1473 2909 1595 2950 esse
1621 2896 2044 2950 consummatio-

2143 2909 2310 2956 τινος,
2341 2891 2442 2944 οὐκ
2491 2891 2697 2942 ἐκεῖνον
2751 2887 2952 2956 ὠφελεῖ
2987 2885 3173 2956 μόνον,
3217 2884 3354 2938 ἀλλὰ
3405 2885 3500 2936 καὶ
3551 2880 3719 2942 αὐτὸς

475 2990 597 3030 nem
615 2983 670 3031 et
701 2991 922 3030 causam
955 2977 1149 3034 salutis
1182 2998 1195 3034 :
1228 2990 1284 3036 et
1335 2982 1427 3049 qui
1452 2997 1551 3052 pro
1604 2983 1858 3054 quopiam
1904 2985 2044 3053 pati-

2144 2982 2526 3054 λαμπρότερος
2561 2968 2773 3048 γίνεται
2805 2979 2899 3031 καὶ
2943 2977 3297 3046 τελειότερος.
3339 2973 3624 3028 Τελεῐωσιν
3658 2971 3725 3038 δὲ

474 3074 584 3130 tur,
614 3081 724 3120 non
781 3067 932 3121 illum
963 3069 1139 3125 solum
1200 3069 1444 3140 adjuvat,
1483 3087 1669 3126 verum
1709 3073 1872 3128 etiam
1925 3073 2040 3144 ipse

2147 3073 2385 3128 ἐνταῦθα
2413 3072 2541 3134 νόει,
2571 3071 2671 3138 τὴν
2714 3069 2870 3134 δόξαν
2910 3068 2979 3139 ἢν
3029 3066 3290 3136 ἐδοξάσθη
3318 3081 3332 3096 ο
3386 3063 3478 3117 καὶ
3508 3061 3721 3160 ταύτην

475 3156 679 3210 clarior
732 3158 984 3214 redditur
1017 3169 1072 3216 et
1139 3161 1453 3231 perfectior.
1505 3163 2041 3220 Consummationem

2146 3167 2286 3222 κατὰ
2308 3165 2370 3218 τὸ
2413 3163 2754 3234 ἀνθρώπινον
2803 3161 3064 3230 ὲκδέχου·
3129 3159 3162 3229 ἢ
3206 3158 3289 3211 ὅτι
3342 3153 3583 3225 φυσικῶς
3616 3152 3725 3222 μὲν

475 3257 654 3303 autem
715 3248 803 3305 hic
859 3251 1102 3321 intellige
1143 3253 1373 3323 gloriam
1412 3269 1520 3324 qua
1545 3255 1879 3325 gloriﬁcatus
1909 3263 1993 3310 est
2026 3273 2040 3310 :

2145 3253 2258 3328 εἶχε
2278 3257 2376 3326 τὴν
2404 3254 2581 3320 δόξαν,
2608 3253 2748 3323 πλὴν
2777 3253 2901 3307 ὅσον
2921 3251 2984 3305 τὸ
3012 3250 3096 3319 ἐφ’
3125 3251 3258 3320 ἡμῖν
3286 3247 3471 3312 ἄδοξος
3501 3241 3588 3314 ἧν,
3616 3245 3723 3297 ire

475 3349 640 3410 atque
679 3341 820 3397 hanc
849 3343 1148 3399 secundum
1178 3345 1570 3401 humanitatem
1637 3347 1895 3418 intelligc.
1946 3346 2044 3402 Vel

2147 3349 2224 3420 μὴ
2274 3346 2801 3415 ὲπιγινωσκόμενος.
2862 3344 3018 3398 Ἐπεὶ
3072 3342 3129 3395 δὲ
3175 3339 3315 3415 μετὰ
3353 3339 3444 3392 ττδν
3487 3333 3728 3405 σταυρὸν

474 3431 617 3502 quod
648 3435 968 3490 naturaliter
1008 3437 1228 3507 quidem
1287 3437 1522 3493 habebat
1573 3440 1820 3509 gloriam,
1878 3447 2042 3495 caete-

2153 3438 2402 3510 ἐγνώσθη
2453 3439 2546 3492 καὶ
2585 3435 2869 3505 ἐδοξάσθη,
2907 3432 3234 3506 προσλαϐεῖν
3276 3431 3491 3500 λέγεται
3538 3425 3727 3490 δόξαν,

477 3540 595 3578 rum
625 3526 803 3594 quoad
833 3541 934 3583 nos
958 3527 1222 3598 inglorius
1245 3537 1384 3596 erat,
1417 3537 1607 3599 utpote
1662 3545 1769 3585 non
1804 3531 2040 3600 agnitus.

2144 3534 2210 3602 ἢν
2254 3532 2394 3602 ἔχων
2423 3529 2690 3600 φυσικῶς,
2731 3527 2866 3598 παρ’
2908 3526 3064 3596 ἡμῶν
3104 3523 3234 3593 γοῦν
3267 3523 3366 3576 ούκ
3400 3517 3510 3591 εἶχε
3553 3534 3728 3588 προσ-

475 3615 546 3669 At
579 3631 707 3671 vero
727 3632 852 3672 cum
904 3626 1028 3688 post
1047 3635 1264 3675 crucem
1330 3622 1583 3691 cognitus
1607 3629 1660 3677 et
1712 3621 2045 3690 gloriﬁcatus

2194 3623 2422 3694 γομένην
2453 3621 2500 3654 ’⁸
2530 3620 2698 3692 αὐτῷ.
2739 3620 2799 3673 '0
2830 3619 2888 3673 δὲ
2923 3617 3078 3687 ἅγιος
3108 3616 3399 3688 Κύριλλος,
3438 3611 3732 3665 τελείωσιν
3771 3668 3779 3676 ι

477 3705 662 3773 fuerit,
698 3708 945 3778 accipere
968 3709 1170 3764 dicitur
1198 3709 1448 3780 gloriam,
1474 3728 1636 3782 quam
1685 3729 1808 3767 cum
1850 3723 2044 3768 natura

2147 3717 2245 3786 τὴν
2275 3714 2574 3770 ἀθανασίαν
2605 3712 2793 3784 φησὶν,
2833 3712 2955 3781 ἥτις
2993 3709 3236 3784 ἐνέλειπε
3266 3707 3364 3778 μὲν
3393 3704 3470 3774 τῷ
3497 3699 3732 3773 Χριστῷ

479 3796 734 3861 habebat,
760 3806 909 3854 certe
938 3815 968 3854 a
999 3801 1157 3869 nobis
1187 3800 1428 3865 delatum
1463 3805 1597 3866 Tuon
1627 3803 1836 3858 habuit.
1880 3804 2046 3861 Divus

2149 3808 2268 3862 καθ’
2297 3806 2327 3860 ὃ
2377 3806 2696 3877 ἄνθρωπος·
2746 3802 3105 3872 ἀνεπλήρωσε
3153 3800 3211 3853 δὲ
3255 3796 3461 3865 ταύτην
3501 3793 3653 3864 αὐτῷ
3703 3794 3734 3846 ὁ

477 3895 658 3942 autem
687 3887 922 3959 Cyrillus
951 3889 1336 3958 perfectionem
1365 3894 1830 3951 immortalitatem
1885 3895 2041 3962 dicit,

2148 3899 2339 3971 Πατὴρ
2406 3899 2498 3951 διὰ
2563 3897 2663 3966 τῆς
2725 3894 3100 3954 ἀναστάσεως.
3163 3885 3517 3950 ’Δναστάντος
3572 3885 3729 3953 γὰρ,

477 3993 600 4049 quae
631 3978 849 4048 quidem
896 3979 1134 4050 Christo,
1162 3993 1430 4054 quatenus
1453 3993 1574 4040 erat
1606 3986 1790 4053 homo,
1822 3986 1993 4042 defuit
2029 4006 2042 4043 :

2147 3991 2376 4053 θάνατος
2435 3987 2600 4042 αὐτοῦ
2649 3986 2834 4040 οὐκέτι
2902 3983 3170 4057 κυριεύει.
3226 3981 3338 4035 Καὶ
3411 3979 3592 4032 πᾶσαν
3660 3974 3727 4027 δὲ

477 4072 768 4143 complevit
807 4081 989 4129 autem
1045 4075 1186 4131 hanc
1240 4076 1346 4146 ipsi
1377 4077 1542 4133 Pater
1567 4093 1662 4145 per
1682 4081 2046 4134 resurrectio-

2147 4083 2245 4153 τὴν
2280 4081 2440 4153 φύσιν
2480 4083 2540 4135 ὲν
2592 4078 2742 4149 αύτῷ
2791 4076 2996 4147 ταύτης
3037 4075 3137 4146 τῆς
3174 4069 3504 4153 τελειώσεως
3553 4065 3730 4138 ἠξίω-

479 4177 623 4218 uem.
649 4163 942 4233 Postquam
967 4166 1110 4221 enim
1137 4170 1458 4232 resurrexit,
1493 4185 1598 4224 nou
1631 4185 1796 4240 porro
1822 4172 1873 4226 in
1919 4187 2042 4227 eum
2150 4192 2266 4231 σεν.

477 4268 626 4309 mors
667 4253 1000 4310 dominatur.
1030 4256 1170 4323 Quin
1218 4265 1272 4313 et
1325 4260 1630 4316 universam
1693 4270 1938 4318 naturam
1991 4263 2044 4319 in

478 4347 597 4415 ipso
619 4346 722 4402 hac
743 4347 1081 4416 perfectione
1111 4348 1365 4419 dignatus
1403 4359 1510 4408 est.

547 4435 715 4493 Vsus.
754 4438 841 4492 Η.
867 4438 972 4504 Qui
999 4441 1138 4494 enim
1167 4440 1490 4512 sanctiﬁcat,
1542 4452 1591 4498 et
1619 4445 1711 4515 qui
1735 4447 2047 4517 sautiﬁcau-
2070 4461 2124 4522 D

2224 4447 2300 4500 '0
2336 4461 2403 4498 τε
2430 4443 2539 4516 τὰρ
2561 4442 2833 4514 ἁγιάζων,
2864 4442 2962 4496 καὶ
2995 4443 3050 4496 οἱ
3079 4438 3466 4511 ἁγιαζόμενοι,
3490 4435 3560 4502 ἐξ
3587 4435 3741 4500 ἐνὸς

479 4538 586 4591 tur,
615 4543 682 4584 ea:
714 4546 818 4582 uno
876 4547 1074 4586 ontues.
1123 4531 1199 4585 En
1239 4547 1434 4588 rursus
1491 4534 1696 4591 indicat
1774 4554 1876 4594 nos
1927 4554 2051 4594 ese

2157 4536 2396 4603 πάντες.
2447 4535 2577 4590 Ἰδοὺ
2625 4533 2791 4588 πάλιν
2839 4533 2999 4588 τοῦτο
3049 4532 3343 4595 δείκνυσιν,
3378 4531 3461 4584 ὅτι
3505 4527 3742 4597 ἀδελφοὶ

478 4617 677 4673 fratres
701 4619 930 4686 Christi,
959 4629 1220 4690 tantoque
1254 4621 1482 4680 affectos
1509 4626 1739 4684 honore.
1784 4629 1889 4696 Qui
1911 4631 2050 4684 enim

2159 4627 2393 4699 Χριστοῦ
2428 4630 2620 4698 ἐσμεν,
2654 4625 2749 4680 καὶ
2785 4625 2929 4679 οὓτω
2961 4623 3322 4706 τετιμήμεθα.
3385 4621 3458 4674 Ὅ
3502 4635 3568 4673 τε
3615 4619 3744 4686 γὰρ

477 4710 805 4780 sanctiﬁcat.
837 4711 938 4765 hoc
963 4720 1069 4774 est.
1102 4713 1392 4783 Christus;
1419 4727 1466 4772 et
1501 4720 1591 4790 qui
1619 4711 2052 4790 sanctiﬁeautur,

2161 4719 2420 4791 ἁγιάζων,
2447 4720 2604 4789 φησὶ,
2634 4705 2936 4785 τουτέστιν,
2960 4718 2988 4770 ὀ
3023 4705 3277 4788 Χριστὸς,
3295 4711 3395 4767 καὶ
3420 4713 3474 4766 ci
3499 4709 3746 4780 ἁγιαζό-

478 4799 581 4852 hoc
603 4809 712 4863 est,
769 4814 890 4866 nos,
923 4817 989 4856 ex
1017 4819 1122 4857 uno
1159 4821 1359 4871 omnes,
1385 4807 1488 4862 hoc
1512 4817 1613 4874 est,
1653 4824 1717 4864 ex
1758 4811 1916 4867 Patre
1949 4829 1962 4865 :
1997 4818 2053 4866 at

2154 4829 2344 4883 μενοι,
2383 4812 2685 4874 τουτέστιν,
2720 4812 2904 4882 ἡμεῖς,
2927 4808 2998 4873 ἐξ
3016 4807 3156 4872 ἐνὸς
3178 4805 3422 4869 πάντες,
3451 4801 3739 4865 τουτέστι,

477 4890 569 4945 ille
595 4891 812 4960 quidem
843 4901 898 4947 ut
929 4909 1222 4964 germanus
1259 4899 1450 4961 Filius,
1478 4908 1531 4954 et
1560 4916 1624 4955 ex
1658 4902 1772 4971 ipsa
1801 4902 2054 4959 substan-

2159 4904 2246 4959 τοῦ
2288 4903 2522 4974 Πατρός.
2570 4901 2710 4954 Ἀλλ’
2740 4903 2768 4954 ὁ
2805 4901 2922 4970 μὲν,
2977 4898 3052 4960 ὡς
3093 4897 3315 4967 γνήσιος
3361 4891 3488 4954 Υἱὸς
3525 4889 3620 4942 καὶ
3670 4887 3744 4951 ἐξ

477 4983 552 5036 tia
585 4981 763 5041 Patris
795 5000 811 5038 :
849 5000 948 5042 nos
984 4997 1166 5044 autem
1225 4991 1391 5046 veluti
1439 5000 1724 5046 creaturae.
1789 4993 2050 5050 Animad-

2158 4996 2324 5065 αὐτῆς
2351 4996 2448 5064 τῆς
2491 4994 2679 5057 οὐσίας
2713 4991 2806 5046 τοῦ
2841 4989 3082 5062 Πατρός·
3116 4989 3276 5058 ἡμεῖς
3305 4984 3386 5050 δὲ,
3429 4982 3743 5050 κτίσματα.

480 5085 629 5129 verte
651 5083 829 5130 autem
860 5080 1234 5136 excellentiam
1259 5081 1549 5153 quamdam
1573 5084 1655 5138 vel
1690 5084 1743 5139 in
1767 5085 1898 5151 ipsis
1929 5079 2049 5142 dic-

2162 5069 2373 5156 Ὄραδὲ
2391 5088 2448 5139 ὲν
2478 5085 2666 5148 αὑταῖς
2696 5086 2815 5145 ταῖς
2838 5082 3014 5148 λέξεσι
3032 5079 3130 5149 τὴν
3154 5076 3448 5147 ὑπεροχήν.
3489 5073 3747 5132 Ἐκεῖνος

480 5165 740 5222 tionibus.
771 5167 862 5223 Ille
888 5173 1212 5236 sanctiﬁcat,
1242 5189 1345 5229 nos
1375 5183 1556 5230 autem
1612 5176 2044 5233 sanctiﬁcamur.

2163 5179 2398 5248 ἁγιάζει,
2423 5179 2585 5248 ἡμεῖς
2614 5175 2671 5229 δὲ
2707 5173 3067 5243 ἁγιαζόμεθα.
3103 5170 3268 5221 ’Ὠπε
3299 5167 3394 5221 καὶ
3436 5163 3748 5231 ταυτότης,

479 5257 713 5314 Proinde
735 5270 792 5316 et
820 5261 1076 5319 identilas
1100 5273 1184 5318 est
1207 5272 1261 5319 et
1299 5265 1641 5321 excellentia.

962 5263 1076 5319 Lilas
1100 5272 1261 5319 estet
1299 5265 1641 5321 excellentia.
2158 5273 2254 5324 καὶ
2285 5269 2547 5340 ὑπεροχή.

549 5351 774 5419 Propter
791 5370 945 5423 quam
974 5370 1192 5408 causam
1221 5372 1321 5408 non
1343 5357 1602 5411 erubescit
1633 5359 1826 5427 fratres
1845 5377 1932 5416 eos
1958 5379 2046 5416 vo-

2226 5359 2308 5413 Δι’
2368 5339 2448 5426 ἣν
2502 5356 2740 5420 αἰτίαν,
2790 5354 2902 5409 οὐκ
2950 5352 3373 5428 ἐπαισχύνεται
3421 5339 3752 5410 ἀδελφοὺς

475 5459 616 5497 cure.
654 5443 766 5498 lloc
787 5445 948 5499 etiam
975 5446 1029 5499 iu
1055 5446 1174 5500 loco
1194 5445 1358 5516 662
1384 5450 1762 5506 excellentiam
1794 5454 2044 5508 observa.

2171 5441 2374 5518 κὺτοὺς
2400 5452 2628 5505 καλεῖν.
2661 5451 2806 5520 Ὅρα
2836 5443 3113 5500 κάνταῦθα
3143 5441 3240 5510 τὴν
3280 5436 3577 5506 ὑπεροχήν.
3626 5432 3756 5486 Διὶ

1832 5631 2028 5694 Variae
2052 5630 2383 5694 lectiones.

575 5725 617 5754 ’⁷
658 5722 963 5792 φιλοτιμίας
989 5741 1039 5782 0.
1117 5729 1161 5762 "
1181 5729 1558 5800 καταγομένην
1589 5747 1639 5784 ο.
