4014 6208
280 246 402 312 213

1030 246 1429 307 EXPOSITIO
1459 247 1540 307 IN
1578 247 1816 308 EPIST.
1851 249 1951 308 AD
1971 249 2362 311 ΗΕΒΒίΕΟΒ.
2395 279 2464 290 -
2501 245 2660 313 CAP.
2691 251 2775 310 Il.

3425 245 3488 310 21
3498 247 3528 311 -ὶ

281 363 399 431 γάρ
438 357 534 412 τοῦ
579 357 774 421 εἰπεῖν,
810 359 924 410 οὐκ
969 357 1398 426 ἐπαισχύνεται
1423 399 1438 424 ,
1484 359 1756 413 δείκνυσιν
1797 361 1858 413 οὐ

1984 364 2067 418 δει-
2098 365 2200 420 hac
2261 365 2408 422 enim
2452 367 2596 436 quod
2644 366 2798 431 dicit,
2853 379 2954 418 non
3005 363 3278 428 erubescit,
3330 363 3533 420 indicat

280 454 388 521 τῆς
419 449 515 506 τοῦ
550 450 878 520 πράγματος
916 450 1128 518 φύσεως
1153 450 1212 503 ὃν
1243 452 1422 517 τοῦτο,
1457 452 1594 506 ἀλλά
1629 453 1730 520 τῆς
1774 471 1864 520 φι-

281 542 612 614 λοστοργίας
649 541 744 594 τοῦ
774 543 848 611 μὴ
898 544 1381 613 ὲπαισχυνομένου.
1419 545 1480 598 Εἰ
1517 543 1628 616 γὰρ
1673 547 1766 598 καὶ
1805 543 1864 610 ἐξ

285 637 411 702 ἑνός
446 639 637 706 ἐσμεν,
687 635 824 691 ἀλλὰ
857 630 994 690 πολὺ
1023 637 1084 688 τὸ
1116 638 1301 708 μέσον,
1332 638 1429 691 καὶ
1468 639 1592 691 ὅσον
1617 637 1860 690 Κτίστου

285 729 379 781 καὶ
412 727 754 797 κτισμάτων,

353 820 595 890 Δέλτων
626 816 962 887 Ἀπαγγελῶ
984 817 1050 871 τὸ
1075 817 1259 887 ὄνομά
1282 833 1398 872 σου
1429 818 1554 884 τοῖς
1581 814 1866 886 ἀδελφοῖς

277 929 436 984 μεῖν
480 913 551 966 ἐν
588 911 757 980 μέσῳ
797 907 1168 976 Ἐκκλησίας
1207 908 1462 978 ὑμνήσω
1495 925 1588 964 σε.
1620 908 1731 980 Τὴν
1757 909 1864 978 γὰρ

287 1006 477 1075 σάρκα
504 1003 898 1072 ἓνδυσᾶμενος,
935 1000 1220 1054 ὲνεδῦσατο
1246 1003 1340 1055 καὶ
1369 1001 1468 1072 τὴν
1500 1001 1862 1071 ἀδελφότητα,

284 1098 381 1150 καὶ
413 1094 681 1165 συνῆλθεν
705 1095 826 1126 ²⁹σ³⁹
857 1091 1042 1162 ὀμοῦή
1067 1091 1382 1162 ἀδελφότης.
1403 1092 1546 1163 Πλὴν
1575 1093 1670 1145 καὶ
1703 1092 1864 1146 πάλιν

286 1187 559 1259 ὕπεροχή.
599 1184 925 1253 Ἀπαγγελῶ
954 1184 1082 1253 γὰρ,
1116 1184 1270 1253 φησὶ,
1295 1186 1408 1246 τοῖς
1435 1185 1860 1255 ὲσκοτισμένοις,

285 1281 394 1340 τοῖς
417 1276 731 1346 ἀγνοοῦσιν·
754 1277 936 1346 ὅμοιον
955 1275 1036 1340 τὸ,
1056 1273 1440 1344 Ἐφανέρωσά
1461 1291 1575 1330 σου
1597 1277 1661 1329 τὸ
1679 1275 1866 1345 ὄνομα

287 1366 409 1429 τοῖς
449 1365 808 1436 ἀνθρώποις.

353 1457 472 1510 Καὶ
514 1457 700 1515 πάλιν
722 1473 736 1488 ο
779 1457 930 1526 Ἐγὼ
984 1458 1196 1528 ἔσομαι
1233 1457 1529 1524 πεποιθὼς
1564 1455 1656 1513 ἐπ’
1681 1453 1861 1522 αὐτῷ.

286 1551 395 1605 Καὶ
431 1546 527 1603 διὰ
565 1549 754 1605 τούτου
803 1549 1096 1613 δείκνυσιν,
1129 1552 1211 1606 ὅτι
1248 1551 1555 1622 ἄνθρωπος.
1588 1551 1684 1602 καὶ
1712 1543 1864 1604 ἁδελ-

287 1643 383 1710 φὸς
404 1640 570 1712 ἡμῶν
599 1640 842 1708 γέγονεν.
869 1641 1080 1711 Ὥσπερ
1119 1641 1227 1712 γάρ
1256 1642 1486 1703 ἕκαστος
1517 1640 1626 1694 τῶν
1653 1639 1865 1710 ἀνθρὼ-

285 1750 429 1798 πων,
473 1731 620 1786 οὕτω
649 1733 742 1785 καὶ
775 1731 936 1794 αὐτὸς
968 1733 1224 1785 πέποιθεν
1268 1734 1355 1785 ἐπ’
1386 1732 1556 1801 αὐτῷ,
1597 1734 1864 1798 τουτέστι,

286 1824 363 1893 τῷ
393 1823 612 1890 Πατρίο
669 1825 787 1893 ἅμα
840 1824 932 1875 καὶ
977 1823 1240 1877 δεικνύων
1274 1825 1426 1893 ἡμῖν,
1483 1823 1571 1876 ἵνα
1623 1823 1716 1876 ἐπὶ
1749 1822 1866 1893 Θεῷ

291 1917 440 1983 μόνῳ
466 1914 788 1976 πεποιθότες
832 1907 1004 1984 ὦμεν,
1035 1915 1170 1967 ὅπου
1201 1931 1264 1981 γε
1299 1915 1392 1967 καὶ
1429 1910 1588 1976 αὐτὸς
1617 1911 1742 1977 Υἱὸς
1767 1911 1865 1979 ὢν,

287 2007 384 2060 καὶ
416 2006 698 2076 ἀνενδεὴς,
727 2007 874 2075 ὅμως
911 2006 1004 2058 ἐπὶ
1034 1990 1111 2077 τῷ
1149 2006 1326 2076 Πατρὶ
1362 2006 1682 2059 πεποιθέναι
1711 2005 1863 2075 φησί.

288 2099 454 2162 Τινὲς
475 2099 530 2152 δὲ
546 2099 717 2161 οὕτως
744 2097 1084 2164 ἐξεδέξαντο·
1123 2098 1368 2169 Ἐπειδὴ,
1404 2098 1590 2164 φασὶν,
1614 2097 1726 2151 ἄνω
1767 2097 1866 2167 μὲν

293 2187 459 2244 εἶπεν
483 2190 700 2258 ἀδελφὸν
725 2190 818 2243 τὸν
844 2189 1095 2259 Χριστὸν,
1125 2189 1277 2242 κάτω
1296 2189 1351 2242 δὲ
1373 2191 1604 2260 πατέρα,
1631 2191 1688 2240 ὲν
1718 2188 1867 2257 μέσῳ

292 2284 590 2349 δεέκνυσιν,
610 2285 692 2336 ὅτι
715 2283 902 2336 ἐκεῖνα
936 2282 1032 2352 μὲν
1055 2283 1155 2352 τῆς
1177 2284 1264 2335 ἐπ’
1293 2281 1536 2352 ἐσχάτων
1557 2276 1868 2350 οἰκονομίας

290 2377 571 2447 ὀνόματαο
601 2377 662 2428 τὸ
699 2373 758 2428 δὲ
793 2375 1121 2445 προαιώνιον
1153 2373 1316 2427 αὐτοῦ
1343 2375 1534 2443 ὄνομα,
1572 2363 1705 2434 Θεός
1728 2373 1864 2424 ἐστι.

291 2445 525 2538 Τίςῖγὰρ
579 2463 675 2520 ἐπὶ
739 2465 883 2536 ἄλλῳ
937 2464 1165 2519 πέποιθε
1216 2465 1442 2536 κυρίως,
1488 2463 1522 2534 ἢ
1575 2445 1669 2515 ἐπὶ
1715 2461 1865 2531 Θεῷς

303 2558 525 2611 Ὧσανεὶ
582 2549 772 2625 ἔλεγεο
822 2558 914 2624 Μὴ
946 2556 1238 2618 ἀκούοντες
1298 2555 1460 2608 αὐτὸν
1510 2553 1736 2622 ἀδελφὸν
1774 2552 1869 2604 καὶ

291 2648 535 2718 πατέρα,
571 2647 829 2716 νομίσητε
860 2642 998 2699 εἶναι
1029 2646 1125 2700 ἕνα
1155 2646 1264 2698 τῶν
1294 2645 1505 2697 πολλῶν
1527 2660 1540 2673 ·
1565 2644 1697 2707 Θεός
1724 2643 1862 2708 ἐστι,

290 2737 588 2809 φησὶν,ὲφ’
616 2730 661 2804 ᾧ
681 2738 881 2806 χρῆναι
914 2737 1229 2790 πεποιθέναι
1247 2736 1560 2807 γέγραπται
1578 2750 1590 2763 ’
1614 2735 1755 2787 ὥστε
1795 2734 1867 2802 μὴ

289 2827 440 2884 εἶναι
463 2831 553 2883 τὸν
582 2827 758 2896 λόγον,
787 2829 862 2892 ὡς
888 2829 951 2881 ὲκ
986 2828 1278 2892 προσώπου
1313 2826 1408 2880 τοῦ
1441 2825 1698 2894 Χριστοῦ,
1735 2827 1870 2879 ἀλλὰ

291 2920 385 2974 τοῦ
436 2922 720 2992 προφήτου
753 2920 1002 2988 λέγοντος
1041 2921 1123 2973 ὅτι
1171 2919 1454 2981 Πεποιθὼς
1507 2919 1702 2987 ἔσομαι
1761 2918 1870 2984 ἐγὼ

292 3013 322 3064 ὁ
350 3013 646 3082 προφήτης
669 3011 754 3063 ἐπ’
779 3009 930 3080 αὐτῷ
968 3008 1045 3078 τῷ
1071 3007 1315 3078 Χριστῷ,
1342 3007 1416 3072 ὡς
1454 3006 1592 3078 Θεῷ.
1612 3006 1749 3060 Ἀλλ’
1771 3005 1872 3059 οὐκ

293 3102 637 3174 εὐάρμοστος
673 3103 706 3172 ἡ
739 3099 966 3171 τοιαύτη
991 3101 1207 3170 ἐκδοχή.

363 3369 480 3427 Καὶ
503 3369 693 3425 πάλιν
713 3383 728 3399 ·
767 3354 925 3422 Ἰδοὺ
958 3365 1071 3435 ἐγὼ
1105 3364 1201 3419 καὶ
1232 3366 1303 3419 τὰ
1323 3364 1528 3418 παιδία
1559 3364 1596 3419 ἄ
1610 3381 1709 3434 μοι
1737 3362 1880 3416 ἔδω-

300 3481 406 3517 κεν
438 3465 475 3516 ὁ
505 3462 674 3527 Θεός.
712 3459 976 3514 Ἐνταῦθα
1001 3458 1213 3528 πατέρα
1267 3459 1366 3530 μὲν
1399 3458 1555 3528 ἡμῶν
1607 3459 1753 3510 ποιεῖ
1789 3457 1882 3509 τὸν

301 3554 563 3625 Χριστόν.
593 3553 668 3605 Τὸ
693 3551 772 3615 δὲ,
799 3550 1006 3613 ἔδωκε,
1037 3549 1126 3603 διὰ
1156 3548 1252 3619 τὴν
1273 3548 1520 3600 εὐδοκίαν
1549 3545 1642 3598 τοῦ
1675 3545 1884 3615 Πατρὸς

302 3645 398 3716 τὴν
429 3645 526 3698 ἐπὶ
548 3645 627 3714 τῷ
661 3641 1012 3714 σαρωθῆναι
1043 3641 1232 3694 αὐτόν.
1271 3639 1335 3691 Εἰ
1379 3637 1456 3708 μὴ
1482 3636 1591 3708 γὰρ
1623 3636 1884 3704 εὐδόκησε

305 3735 666 3808 σαρκωθῆναι
720 3733 814 3786 τὸν
875 3732 1037 3797 Υἱὸν,
1079 3731 1179 3784 οὐκ
1212 3729 1279 3783 ἂν
1321 3729 1442 3782 οὐδὲ
1498 3728 1686 3783 παιδία
1737 3725 1886 3798 αὐτῷ

302 3845 470 3899 ησαν.

379 3915 557 3969 Ἐπεί
599 3907 715 3968 οὖν
750 3912 823 3966 τὰ
855 3909 1064 3964 παιδία
1089 3907 1488 3977 κεκοινώνηκε
1533 3907 1762 3976 σαρκὸς
1791 3906 1890 3960 καὶ

305 4008 584 4076 αἵματος,
614 4003 714 4056 και
763 3999 946 4065 αὐτὸς
981 3997 1417 4067 παραπλησίως
1463 3995 1724 4066 μετέσχε
1771 3995 1892 4048 τῶν

307 4091 532 4147 αὐτῶν.
583 4081 1038 4160 Αἰσχυνέσθωσαν
1087 4086 1322 4140 ἐνταῦθα
1381 4085 1432 4138 οι
1485 4084 1628 4138 κατὰ
1687 4101 1892 4153 φαντα-

309 4186 434 4240 σίαν
457 4187 500 4217 "
535 4186 630 4238 καὶ
651 4184 874 4253 δόκησιν
913 4181 1162 4250 λέγοντες
1191 4179 1356 4233 αὐτὸν
1383 4178 1888 4249 παραγεγενῆσθαι.

311 4283 428 4335 Οὐκ
455 4275 581 4332 εἷπε
611 4279 720 4348 γὰρ
751 4278 934 4348 μόνον,
964 4276 1047 4329 ὅτι
1084 4273 1317 4344 μετέσχε
1361 4269 1564 4342 σαρκὸς
1604 4271 1698 4324 καὶ
1726 4271 1893 4341 οἴμα-

1895 1701 1942 1760 Β

1903 3053 1942 3108 C

1969 457 2070 512 hoc
2103 473 2208 512 non
2260 446 2384 514 esse
2431 469 2641 512 natura:
2693 458 2794 518 rei,
2851 456 2944 510 sed
3035 455 3247 525 paterni
3305 455 3533 510 affectus

1967 555 2086 621 ejus
2113 553 2205 622 qui
2247 567 2357 608 non
2394 552 2691 608 erubescit.
2709 537 2868 618 {Etsi
2896 549 3042 604 enim
3097 563 3165 603 ex
3197 564 3305 602 uno
3337 549 3532 612 simus,

1970 644 2200 698 multum
2234 628 2413 698 tamen
2445 650 2529 698 est
2565 641 2855 706 intervalli,
2885 648 3145 710 quantum
3171 638 3425 692 videlicet
3449 639 3534 692 iu-

1971 746 2050 791 ter
2090 735 2400 800 Creatorem
2431 742 2485 788 et
2511 742 2814 810 creaturas.

2043 828 2209 883 Vens.
2251 827 2338 882 12.
2375 809 2615 880 Diceris}
2675 809 2952 878 Nuntiabo
2985 838 3171 878 nomen
3230 829 3375 874 tuum
3422 822 3538 888 fra-

1972 909 2294 992 tribusﬁmeis
2324 935 2344 973 :
2434 919 2490 972 in
2549 918 2717 972 medio
2793 915 3045 970 Ecclesia:
3089 914 3317 968 laudabo
3397 921 3444 966 te
3467 913 3533 967 ".

1970 1013 2145 1066 Carne
2176 1011 2389 1075 induta,
2419 1009 2596 1064 induit
2619 1007 2782 1063 simul
2831 1006 3250 1067 fraternitatem,
3275 1018 3340 1056 ac
3373 1003 3535 1058 simul

1971 1095 2461 1157 coiit‘fraternitas.
2500 1087 2714 1154 Rursus
2787 1105 2972 1152 autem
3035 1095 3165 1157 inde
3209 1094 3534 1149 excellentia

1972 1191 2170 1263 prodit.
2204 1190 2545 1246 Denuntiabo
2568 1189 2736 1250 enim,
2782 1188 2978 1257 inquit,
3030 1186 3096 1240 iis
3143 1184 3236 1254 qui
3296 1183 3536 1238 tenebris

1971 1283 2320 1350 circumsepti
2349 1288 2477 1336 sunt
2509 1290 2563 1335 et
2590 1279 2991 1349 ignorantibus.
3025 1276 3139 1330 Non
3164 1284 3243 1330 est
3273 1273 3538 1328 dissimile

1971 1376 2017 1428 ei
2074 1391 2087 1425 :
2132 1371 2337 1425 Nomen
2364 1357 2510 1423 tuum
2541 1369 2836 1422 hominibus
2861 1365 3193 1436 manifestavi
3221 1364 3287 1417 ⁸⁸.

2045 1464 2209 1519 Vens.
2247 1463 2333 1517 93.
2405 1461 2472 1515 Et
2505 1451 2696 1515 iterum
2725 1476 2744 1513 :
2791 1458 2899 1529 Ego
2951 1475 3040 1512 ero
3091 1458 3258 1526 ﬁdens
3301 1457 3353 1509 in
3396 1473 3536 1512 eum.

1963 1552 2075 1611 Per
2106 1553 2208 1608 hoc
2259 1539 2446 1607 itidem
2497 1551 2704 1606 indicat
2761 1564 2820 1603 se
2873 1549 3148 1601 hominem
3207 1547 3539 1618 fratremque

1977 1657 2240 1711 nostrum,
2263 1645 2466 1699 factum
2493 1657 2634 1720 esse.
2668 1639 2903 1693 Perinde
2929 1638 3074 1720 enim
3103 1651 3165 1690 ac
3188 1638 3416 1706 quilibet
3446 1638 3541 1690 ho-

1973 1729 2202 1802 tnin'um,
2232 1737 2313 1791 sic
2346 1745 2400 1789 et
2424 1721 2543 1804 ipse
2572 1715 2797 1787 conlidit
2837 1731 2890 1784 in
2957 1715 3102 1796 eum,
3137 1730 3242 1785 hoc
3293 1740 3413 1798 est,
3443 1729 3541 1784 Pa-

1972 1838 2107 1884 trem
2144 1847 2159 1884 :
2192 1819 2357 1884 Simul
2400 1835 2715 1880 monstrans
2748 1825 2928 1886 nobis,
2961 1824 3137 1878 utsoli
3159 1823 3269 1877 Deo
3301 1823 3543 1878 confida-

1975 1913 2118 1980 mus,
2144 1907 2585 1987 quandoquidem
2634 1915 2751 1986 ipse
2804 1914 2896 1982 qui
2954 1911 3126 1968 Filius
3157 1921 3275 1967 erat
3304 1922 3358 1966 et
3411 1912 3546 1966 nihii

1973 2011 2272 2082 indigebat,
2311 2003 2365 2063 in
2409 2008 2623 2062 Patrem
2663 2018 2846 2084 tamen.
2903 2005 3180 2076 confidere
3228 2019 3350 2059 sese
3377 2001 3539 2057 dicat.

1973 2093 2230 2159 Nonnulli
2255 2116 2384 2155 vero
2431 2099 2512 2154 sic
2555 2098 2983 2152 intellexerunt:
3054 2085 3212 2162 Quia,
3271 2095 3540 2164 inquiunt,

1973 2208 2139 2262 supra
2166 2187 2444 2245 Christum
2472 2176 2694 2262 fratrem
2720 2183 2880 2250 dixit,
2924 2183 3064 2236 infra
3106 2190 3283 2236 autem
3309 2189 3540 2250 patrem.

1975 2287 2027 2340 in
2047 2261 2241 2338 medio
2268 2275 2511 2335 declarat
2541 2261 2630 2332 illa
2679 2277 2897 2347 quidem
2921 2289 3043 2330 esse
3072 2272 3292 2328 nomina
3320 2271 3542 2339 dispeno

1975 2355 2206 2427 sationis
2241 2368 2532 2440 postremis
2575 2361 2912 2434 temporibus
2963 2352 3293 2433 patefactae:
3341 2361 3543 2429 sempi-

1977 2460 2187 2519 ternum
2223 2469 2400 2532 autem
2456 2473 2651 2514 nomen
2707 2443 2849 2525 ejus,
2915 2455 3060 2524 quod
3098 2453 3282 2507 omnia
3335 2452 3542 2508 saecula

1977 2556 2270 2628 przecessit,
2316 2539 2456 2608 Deus
2490 2560 2594 2606 est.
2642 2533 2775 2615 Quis
2819 2547 2963 2601 enim
2988 2546 3042 2600 in
3109 2543 3273 2598 alium
3328 2542 3548 2613 proprie

1976 2647 2220 2711 confidit,
2246 2660 2408 2714 quam
2441 2643 2493 2696 in
2526 2640 2735 2695 Deum?
2769 2637 2998 2692 Perinde
3019 2635 3176 2706 quasi
3207 2633 3356 2688 dicat
3395 2651 3410 2687 :
3443 2631 3543 2695 Ne,

1975 2752 2098 2793 cum
2132 2735 2354 2791 fratrem
2382 2731 2436 2786 et
2461 2739 2668 2801 patrem
2693 2745 2817 2804 eum
2853 2743 2976 2784 esse
3010 2726 3235 2790 auditis,
3269 2725 3546 2780 existime-

1977 2828 2048 2882 tis
2081 2841 2204 2880 eum
2249 2838 2370 2878 esse
2392 2817 2557 2875 unum
2587 2804 2652 2874 ex
2693 2807 2852 2887 vulgo
2887 2835 2900 2871 :
2934 2817 3074 2872 Deus
3107 2824 3212 2880 est,
3256 2816 3454 2885 inquit,
3489 2816 3546 2870 in

1977 2931 2138 2988 quem
2216 2913 2467 2969 fiduciam
2496 2926 2616 2967 esse
2663 2910 3037 2964 collocandam
3067 2903 3353 2976 Scriptura
3379 2913 3548 2962 testa-

1979 3017 2066 3062 tur
2096 3026 2110 3061 :
2137 3015 2196 3061 ut
2227 3019 2408 3063 sermo
2441 3002 2545 3058 non
2581 3001 2653 3057 sit
2695 3017 2758 3055 ex
2787 3014 3016 3069 persona
3043 2990 3270 3064 Christi,
3293 2997 3388 3053 sed
3419 3011 3548 3066 pro-

1979 3099 2150 3170 phetze
2178 3085 2410 3151 dicentis
2446 3111 2460 3148 :
2538 3092 2652 3162 Ego
2676 3091 2939 3160 propheta
3007 3103 3103 3143 ero
3145 3084 3317 3141 ﬁdens
3383 3086 3438 3140 in
3465 3085 3546 3154 ip-

1979 3203 2098 3245 sum
2131 3186 2432 3250 Christum,
2459 3192 2518 3237 ut
2542 3180 2734 3236 Deum.
2761 3181 2829 3231 At
2855 3191 2986 3232 vero
3021 3175 3126 3231 ista
3168 3174 3412 3244 acceptio
3439 3187 3546 3229 non

1980 3281 2233 3352 quadrat.
2722 3349 2724 3352 _
3175 3279 3182 3286 ’

2055 3371 2122 3426 Et
2145 3373 2330 3425 iterum
2388 3382 2407 3422 :
2475 3353 2610 3421 Ecce
2646 3349 2738 3434 ego
2760 3351 2809 3416 et
2861 3362 3031 3436 pueri,
3073 3376 3201 3430 quos
3252 3359 3381 3412 mihi
3408 3357 3566 3412 dedit

1989 3463 2146 3517 Deus.
2180 3461 2278 3515 llic
2308 3449 2519 3514 Patrem
2548 3457 2770 3528 quidem
2799 3439 3046 3510 nostrum
3080 3452 3208 3506 facit
3247 3450 3550 3507 Christum.

1990 3553 2143 3608 Dedit
2187 3558 2392 3615 autem,
2423 3556 2505 3604 est
2537 3547 2608 3602 οι)
2639 3546 3038 3615 beneplacitum
3092 3543 3273 3598 Patris
3314 3541 3458 3612 quod
3498 3543 3558 3597 in

1987 3643 2108 3698 Filii
2148 3641 2528 3698 incarnatione
2553 3637 2825 3694 exhibuit.
2860 3634 2978 3689 Nisi
3009 3635 3157 3688 enim
3190 3632 3294 3702 ipsi
3321 3632 3556 3702 placuis-

1988 3741 2071 3788 set
2119 3740 2179 3784 ut
2202 3729 2376 3784 Filius
2427 3727 2827 3790 incarnaretur,
2885 3736 3234 3792 nequaquam
3266 3721 3315 3776 ei
3399 3720 3558 3777 liberi

1991 3825 2247 3879 fuissent.
2277 3891 2281 3902 Α

2063 3909 2224 3968 Vsus.
2259 3893 2347 3967 f4.
2379 3909 2518 3976 Quia
2547 3923 2668 3978 ergo
2691 3893 2841 3976 pueri
2869 3893 3381 3976 communicaverunt
3407 3905 3560 3960 carni

1990 4017 2037 4062 et
2063 4004 2330 4076 sanguini,
2374 3987 2424 4056 et
2485 4001 2596 4070 ipse
2645 3987 2897 4052 similiter
2949 4000 3289 4068 participarit
3337 4000 3555 4076 eisdem.

1992 4071 2278 4154 Pudetiant
2309 4095 2586 4166 igiturqui
2621 4102 2874 4148 asserunt
2900 4106 3023 4147 eum
3056 4106 3151 4161 per
3203 4071 3560 4158 imaginatio-

1993 4204 2118 4244 nem
2151 4178 2205 4243 et
2235 4185 2608 4257 apparentiam
2653 4182 2964 4238 advenisse.
3023 4180 3143 4234 Non
3203 4180 3380 4233 solum
3415 4178 3560 4230 enim

1997 4263 2135 4332 dixit
2161 4275 2302 4345 quod
2337 4261 2608 4344 particeps
2626 4269 2730 4324 fuit
2775 4270 2959 4323 carnis
2983 4276 3039 4323 et
3071 4265 3379 4337 sanguinis,
3418 4262 3564 4320 sicut

309 4391 425 4438 τος,
448 4371 641 4442 ὥσπερ
657 4369 722 4424 τὰ
749 4369 958 4433 παιδία,
981 4365 1287 4431 τουτέστιν,
1308 4364 1356 4417 oi
1386 4363 1564 4416 λοιποὶ
1583 4362 1858 4432 ἄνθρωποι

2001 4368 2174 4438 pueri,
2208 4367 2310 4420 hoc
2342 4377 2447 4428 est,
2479 4362 2672 4432 reliqui
2712 4359 2958 4441 homines
2985 4374 3001 4424 ;
3038 4359 3188 4426 atqui
3219 4358 3434 4412 etiamsi
3463 4356 3566 4409 hoc

313 4467 520 4528 καίτοι,
556 4465 605 4516 ει
646 4458 926 4514 καὶτοῦτο
967 4451 1142 4522 εἶπεν,
1191 4457 1376 4509 ἱκανὸν
1417 4450 1485 4526 ἦν
1517 4453 1894 4524 παραστῆσαι,

313 4558 396 4610 ὅτι
437 4553 659 4626 ἀληθῶς
685 4549 1006 4623 ὲσαρκώθηο
1037 4549 1172 4603 ἀλλᾶ
1197 4549 1291 4602 καὶ
1321 4545 1402 4613 τὸ,
1430 4546 1893 4613 παραπλησίως,

319 4648 658 4719 προσέθηκε,
694 4646 784 4698 ἵνα
810 4644 910 4710 τὴν
961 4640 1383 4712 ἀπαράλλακτον
1411 4639 1548 4709 πρὸς
1587 4639 1756 4709 ἡμᾶς,
1803 4637 1900 4690 καὶ

317 4741 590 4812 ἀληθινὴν
617 4739 898 4809 σάρκωσιν
929 4734 1283 4806 παραστήσῃ.

391 4833 522 4885 Ἵνα
549 4827 647 4881 διὰ
678 4827 787 4881 τοῦ
842 4823 1103 4880 θανάτου
1135 4820 1485 4890 καταργήσῃ
1525 4819 1631 4874 τὸν
1664 4819 1727 4873 τὸ
1757 4820 1898 4888 κρά-

326 4939 432 4986 τος
452 4920 667 4989 ἔχοντα
694 4917 801 4972 τοῦ
827 4916 1107 4978 θανάτου,
1130 4912 1426 4975 τουτέστι,
1460 4913 1565 4966 τὸν
1591 4911 1900 4968 διάϐολον.

329 5015 448 5084 Τὴν
481 5013 658 5065 αἰτίαν
684 5010 868 5077 τίθησι
892 5008 992 5077 τῆς
1024 5005 1358 5074 οἰκονομίας.
1399 5003 1607 5069 Ὅπως,
1637 5004 1791 5074 φησὶ,
1818 5004 1906 5056 διὰ

331 5101 426 5157 τοῦ
457 5101 686 5155 θανάτου
745 5096 932 5162 αὑτοῦ,
963 5095 1022 5148 ὃν
1075 5092 1382 5160 ἀνεδέξατο,
1437 5093 1510 5155 ὡς
1568 5094 1768 5161 σαρκὸς
1815 5093 1907 5146 καὶ

332 5194 565 5262 αἵματος
593 5189 796 5260 δηλαδὴ
829 5186 1135 5259 μετασχὼν,
1163 5184 1490 5256 καταργήσῃ
1519 5185 1608 5236 τὸν
1635 5183 1900 5248 διάϐολον,

333 5286 387 5348 ὃς
422 5285 647 5354 ἐκράτει
678 5281 775 5333 τοῦ
813 5279 1066 5334 θανάτου.
1110 5276 1270 5344 Πῶς;
1312 5276 1412 5330 Διά
1465 5275 1564 5346 τῆς
1606 5276 1900 5346 ἁμαρτίας.

407 5447 609 5504 "Psal.
639 5462 752 5517 xxi,
774 5445 864 5502 23.
942 5453 988 5486 ³⁸
1017 5453 1173 5508 Joan.
1206 5469 1338 5517 xvu,
1373 5452 1426 5506 6.

1998 4437 2252 4521 dixisset,
2288 4457 2424 4511 satis
2455 4453 2648 4514 [uisset
2679 4438 2749 4506 ad
2782 4437 3236 4513 confirmandum,
3261 4437 3408 4517 quod
3440 4463 3566 4502 vere

1999 4554 2316 4607 incarnatus
2355 4553 2520 4608 esset;
2557 4559 2742 4598 verum
2771 4542 2933 4598 etiam
2973 4541 3219 4595 similiter
3249 4541 3466 4611 adjecit,
3511 4550 3569 4594 ut

2002 4657 2031 4695 τι
2063 4650 2248 4697 nostra
2285 4638 2420 4693 nihil
2444 4636 2781 4692 differenten)
2819 4644 2874 4690 et
2908 4648 3091 4690 veram
3137 4633 3572 4689 incarnationem

2003 4734 2162 4789 nobis
2182 4731 2454 4788 exhibeat.

2079 4825 2144 4880 Ut
2173 4843 2266 4896 per
2289 4837 2508 4881 mortem
2535 4825 2826 4880 destrueret
2849 4839 2969 4879 eum
3002 4822 3093 4894 qui
3132 4821 3359 4876 habebat
3388 4819 3571 4872 mortis

2003 4917 2300 4985 imperium,
2321 4918 2415 4970 hoc
2435 4925 2534 4983 est,
2559 4915 2853 4969 diabolum.
2886 4915 3118 4971 Causam
3151 4912 3328 4968 reddit
3377 4910 3575 4964 divina:

2004 5007 2452 5077 dispensationis.
2494 5005 2563 5061 Ut
2597 5021 2694 5076 per
2727 5015 2960 5060 mortem
2984 5019 3163 5066 suam,
3189 5003 3386 5070 inquit,
3411 5014 3570 5068 quam

2006 5101 2266 5168 suscepit,
2294 5107 2351 5152 ut
2372 5099 2554 5153 carnis
2585 5106 2639 5152 et
2671 5097 2954 5170 sanguinis
3000 5095 3253 5169 videlicet
3282 5093 3572 5164 particeps,

2008 5191 2314 5245 destrueret
2355 5190 2656 5256 diabolum,
2684 5191 2776 5262 qui
2819 5190 3106 5262 imperium
3131 5187 3294 5259 663
3357 5182 3577 5238 tenebat

2011 5281 2224 5338 mortis.
2252 5281 2578 5348 Quomodo?
2604 5297 2700 5355 per
2733 5291 3037 5356 peccatum.
3091 5279 3230 5346 Quia
3288 5274 3431 5330 enim
3483 5287 3578 5341 per

1685 5575 1884 5639 Variae
1906 5573 2235 5636 lectiones.

373 5679 488 5714 '3'”
518 5678 863 5752 συνεισῆλθεν
883 5697 936 5739 o.
1015 5681 1056 5715 “
1087 5681 1449 5753 συκοφαντίαν
1469 5683 1560 5738 καὶ
1585 5681 1832 5752 λέγοντες
1860 5679 1950 5734 καὶ
1974 5676 2366 5750 φλεναφοῦντες
2393 5671 2532 5728 κατλ
2568 5686 2624 5741 φ.
2651 5667 2744 5721 καὶ
2795 5663 2909 5719 567--
