4014 6208
430 165 538 226 215

1336 168 1908 231 THEOPHYLACTI
1946 172 2357 232 BULGARIJE
2381 175 2731 234 ARCHIEP.

3558 174 3684 239 .216

435 279 662 353 primam
727 275 874 330 illam
978 276 1401 334 inobedicntiam
1462 281 1714 337 homines
1783 298 1998 354 peccart

2128 286 2345 357 Ἐπειδὴ
2381 287 2489 357 γὰρ
2521 289 2856 359 ἁμαρτάνειν
2904 288 3076 341 ἐποίει
3120 288 3247 351 τοὺς
3270 286 3586 357 ἀνθρώπως
3616 292 3683 344 ὲκ

433 368 581 434 fecit,
635 368 751 439 ipse
803 368 903 422 fuit
937 370 1031 437 qui
1086 377 1315 423 mortem
1364 370 1629 437 condidit,
1685 372 1803 442 ipsa
1841 373 2005 429 veluti

434 459 602 514 milite
675 475 739 515 ac
809 458 1041 515 fortibus
1113 460 1280 515 armis
1382 462 1645 518 adversus
1710 465 2004 519 hmnanam

434 562 682 606 naturam
747 556 926 605 utens.
964 550 1077 606 Hac
1130 551 1246 623 ipsa
1305 554 1469 624 igitur
1529 554 1785 614 Christus
1839 555 2002 612 etiam

433 659 564 698 usus
628 650 714 696 est
780 641 1047 697 adversus
1108 642 1284 698 illum.
1354 644 1508 712 Quod
1570 661 1757 702 revera
1824 648 2005 701 multae

431 732 684 802 potentiae
738 746 803 785 ac
875 733 1153 801 sapientiae
1225 734 1362 798 fuit,
1451 735 1703 807 jugulare
1791 738 2002 793 hostem

432 826 498 879 iis
571 825 760 888 armis,
812 823 1011 894 quibus
1077 825 1196 895 ipse
1266 828 1466 883 multos
1528 828 2003 900 jugulabat.Qui-

430 919 555 970 dam
603 925 782 972 autem
832 918 913 971 sic
957 918 1389 976 intellexerunt:
1449 920 1583 975 Eum
1630 923 1722 992 qui
1771 922 2006 978 habebat

433 1024 734 1082 peccatum,
766 1013 1040 1082 inquiunt,
1074 1014 1177 1069 hoc
1228 1024 1334 1081 est,
1366 1016 1644 1072 diabolum
1680 1035 1692 1072 :
1721 1026 2003 1088 peccatum

428 1103 571 1156 enim
613 1113 695 1157 est
724 1101 989 1157 fortitudo
1028 1105 1306 1175 roburque
1339 1108 1551 1160 mortis.

500 1194 661 1249 Vens.
700 1194 786 1248 15.
835 1194 901 1247 Et
937 1195 1182 1250 liberaret
1215 1214 1301 1251 eos
1326 1198 1418 1267 qui
1459 1200 1643 1253 timore
1673 1200 1859 1253 mortis
1913 1214 2003 1268 per

430 1293 596 1338 totam
650 1286 812 1339 vitam
850 1285 1068 1339 obnoxii
1131 1297 1283 1340 erant
1337 1286 1756 1343 srrvituti.-iloc
1782 1299 1886 1355 cst,
1944 1297 2005 1344 ut

427 1376 687 1431 liberaret
714 1378 984 1438 homines,
1019 1379 1113 1447 qui
1147 1379 1290 1432 servi
1326 1387 1485 1434 erant
1544 1383 1753 1447 mortis,
1786 1390 2001 1437 metue-

430 1468 672 1537 bantque
706 1469 810 1525 sibi
844 1468 912 1523 ab
944 1484 1033 1536 ea,
1071 1469 1259 1539 illique
1290 1471 1513 1525 obnoxii
1540 1480 1717 1538 erant,
1759 1473 1864 1528 hoc
1893 1483 1999 1539 est,

426 1559 629 1613 detenti
657 1561 920 1614 servitute
947 1576 1067 1630 qua:
1089 1561 1191 1614 sub
1214 1561 1329 1630 ipsa
1355 1547 1494 1624 erat,
1523 1572 1580 1617 ut
1614 1578 1732 1632 quae
1757 1565 1997 1619 nondum

2109 379 2207 449 τῆς
2258 378 2484 450 πρώτης
2541 380 2757 450 ἑκεξνης
2808 382 3116 451 παρακοῆς.
3154 380 3320 441 αὐτὸς
3374 375 3443 449 ἦν
3504 380 3534 433 ὁ
3589 381 3686 434 τὸν

2110 467 2341 523 θάνατον
2374 469 2810 540 δημιουργήσας,
2841 470 3031 540 ὥσπερ
3059 469 3164 521 τινὶ
3199 469 3507 540 στρατιώτῃ
3534 468 3683 539 αὐτῷ

2111 561 2206 615 καὶ
2248 561 2399 633 ὅπλῳ
2433 563 2639 633 ἰσχυρῷ
2670 562 2951 633 χρώμενος
3006 559 3148 614 κατὰ
3190 560 3288 630 τῆς
3336 560 3684 631 ἀνθρωπίνης

2112 654 2349 722 φύσεως.
2392 654 2581 725 Τούτῳ
2607 653 2701 707 οὖν
2730 652 2881 723 αὐτῷ
2905 655 2933 706 ὁ
2984 651 3218 724 Χριστὸς
3258 654 3532 723 ἐχρήσατο
3561 654 3685 705 κατ’

2108 744 2300 799 αὑτοῦ.
2344 747 2409 797 Ὃ
2462 745 2556 798 καὶ
2591 743 2669 813 τῷ
2724 743 2838 797 ϐντι
2878 742 3081 811 πολλῆς
3118 743 3402 812 δυνάμεως
3454 744 3548 797 καὶ
3598 759 3687 796 σο-

2110 835 2261 903 φίας,
2297 835 2358 888 τὸ
2389 835 2592 903 σφάξαι
2620 835 2710 886 τὸν
2738 831 2931 903 ἐχθρὸν
2962 831 3052 885 διὰ
3082 830 3176 884 τοῦ
3207 831 3373 883 ὅπλου
3400 824 3446 898 ᾧ
3476 831 3686 891 ἐκεῖνος

2109 925 2340 988 πολλοὺς
2395 924 2688 994 ἑσφαττεν.
2738 923 2899 986 Τινὲς
2952 923 3010 977 δὲ
3063 921 3234 987 οὕτως
3267 922 3496 993 ἐνόησαν
3528 938 3544 954 ο
3581 921 3689 974 Τὸν

2109 1017 2304 1087 ἔχοντα
2330 1017 2396 1079 ³⁸,
2438 1016 2592 1087 φασὶ,
2624 1016 2725 1083 τὴν
2768 1015 3067 1084 ἁμαρτίαν,
3116 1011 3402 1076 τουτέστι,
3433 1011 3523 1065 τὸν
3565 1011 3686 1066 διά-

2109 1107 2287 1169 ϐολον,
2317 1108 2438 1177 ἥτις
2468 1107 2587 1159 ἐστὶ
2619 1106 2821 1177 κράτος
2852 1106 2948 1159 καὶ⁸
2979 1105 3131 1174 ἰσχὺς
3156 1103 3249 1156 τοῦ
3285 1101 3537 1156 θανάτου.

2177 1197 2287 1251 Καὶ
2334 1195 2659 1265 ἀπαλλάξῃ
2716 1195 2965 1261 τούτους
3025 1194 3157 1247 ὅσοι
3221 1192 3382 1259 φόϐῳ
3421 1189 3688 1244 θανάτου

2107 1288 2204 1342 διὰ
2268 1287 2494 1353 παντὸς
2547 1287 2653 1340 τοῦ
2720 1284 2827 1354 ζῇν
2887 1285 3088 1352 ἔνοχοι
3149 1279 3314 1352 ἦσαν
3371 1280 3683 1346 δουλείας.

2109 1377 2421 1441 Τουτέστιν,
2476 1377 2562 1429 ἵνα
2613 1374 2955 1445 ἐλευθερώσῃ
3010 1375 3139 1437 τοὺς
3172 1371 3514 1442 ἀνθρώπους,
3561 1372 3683 1424 ὅσοι

2108 1463 2286 1516 δοῦλοι
2317 1459 2455 1534 ἦσαν
2493 1463 2589 1516 τοῦ
2630 1463 2886 1525 Θανάτου,
2921 1463 3013 1515 καὶ
3045 1461 3338 1529 ἐφοϐοῦντο
3362 1461 3547 1520 αὑτὸν,
3588 1460 3686 1512 καὶ

2109 1554 2284 1625 ἔνοχοι
2331 1555 2482 1625 αὐτῷ
2507 1551 2667 1626 ἦσαν,
2699 1556 3003 1621 τουτέστιν,
3038 1554 3462 1624 ὲγκατεχόμενοι
3486 1554 3553 1622 τῇ
3587 1551 3686 1603 ὑπ’

427 1656 546 1701 ιιι-ιιι
587 1649 871 1703 destructa
911 1668 926 1705 :
973 1651 1057 1705 vel
1089 1651 1218 1719 quia
1242 1652 1308 1705 in
1332 1652 1530 1708 timore
1564 1655 1824 1710 continuo
1855 1655 1998 1711 vive-

2106 1623 2270 1699 αὒτδν
2315 1623 2551 1718 δουλείᾳ,
2612 1647 2707 1701 ἅτε
2769 1646 2992 1717 μηδέπω
3066 1623 3463 1699 καταλυθέντι·
3520 1645 3554 1715 ἢ
3600 1643 3686 1697 ὅτι

428 1740 562 1794 bant
603 1741 765 1810 prisci
804 1742 1082 1808 mortales,
1114 1758 1329 1814 semper
1358 1759 1480 1800 sese
1528 1762 1653 1802 mox
1704 1748 2002 1805 morituros

426 1841 831 1903 exspectantes.
895 1850 959 1890 ac
1017 1851 1128 1905 prae
1186 1836 1294 1893 ista
1326 1836 1618 1895 formidine
1665 1840 1871 1897 nullius
1907 1858 2002 1898 vo-

429 1924 654 1991 luptatis
715 1938 940 1978 sensum
995 1925 1248 1994 accipere
1313 1934 1631 1997 potuerunt.
1689 1929 1800 1985 Hoc
1854 1932 1999 1986 enim

426 2014 799 2081 adumbravit,
833 2031 959 2071 cum
990 2016 1129 2072 dixit
1163 2035 1176 2071 :
1214 2015 1320 2073 Per
1357 2029 1523 2075 totam
1552 2022 1736 2076 vitam.
1768 2021 2000 2077 Obnoxii

427 2106 618 2177 itaque
670 2115 831 2162 erant
864 2110 1138 2175 servituti,
1170 2110 1276 2166 hoc
1306 2121 1410 2177 cst,
1447 2128 1662 2183 semper
1714 2114 1998 2178 timebant,

428 2211 526 2249 ceu
581 2198 724 2251 servi
756 2198 1038 2252 dominum
1065 2214 1342 2269 asperum,
1370 2201 1545 2271 ipsam
1592 2212 1843 2268 mortem,
1876 2203 2000 2257 nul-

427 2288 535 2341 lam
571 2289 729 2358 plane
751 2289 1084 2359 voluptatem
1117 2308 1148 2346 e
1172 2307 1232 2347 re
1253 2294 1433 2360 aliqua
1456 2295 1831 2364 percipientes.
1858 2296 2001 2350 Hinc

428 2393 558 2432 vero
595 2364 808 2448 collige,
863 2382 1006 2449 quod
1051 2381 1098 2437 is
1133 2382 1228 2452 qui
1272 2393 1500 2437 mortem
1533 2386 1744 2449 metuit,
1807 2402 2002 2455 expers

427 2479 512 2524 cst
542 2469 809 2527 libertatis
840 2474 1195 2543 omniumque
1221 2489 1433 2528 servus.
1474 2476 1667 2537 Porro,
1693 2478 1838 2531 istud
1870 2477 2003 2532 lide-

360 2575 365 2585 *
429 2560 574 2614 libus
621 2557 836 2617 afﬂictis
895 2572 980 2617 est
1032 2563 1271 2626 solatio:
1330 2564 1601 2632 siquidem
1645 2564 1722 2617 illi
1786 2565 1891 2618 acti
1946 2574 2000 2620 et

428 2655 742 2711 carceribus
793 2658 1091 2728 mancipati
1126 2657 1356 2713 liberius
1391 2673 1456 2712 ac
1488 2657 1786 2727 jucundius
1812 2660 2000 2714 vivunt

428 2759 592 2811 quam
633 2744 807 2815 ii,qui
843 2746 971 2800 olim
1006 2748 1238 2802 sununis
1274 2748 1325 2801 in
1359 2747 1572 2803 deliciis
1605 2749 1770 2803 vitam
1800 2750 2001 2805 ducere

425 2834 782 2903 videbantur,
840 2838 1060 2907 quando
1105 2840 1318 2910 vigebat
1374 2858 1522 2899 mors
1569 2851 1624 2897 et
1660 2843 1806 2898 vires
1872 2860 2000 2899 suas

2105 1739 2256 1811 φόϐῳ
2310 1739 2549 1808 διηνεκεῖ
2602 1740 2841 1805 συνέζων
2890 1742 2939 1793 0i
3012 1739 3177 1793 πάλαι
3229 1737 3548 1809 ἄνθρωποι,
3596 1738 3687 1790 ἀεὶ

2103 1830 2461 1900 τεθνήξεσθαι
2500 1830 2935 1901 προσδοκῶντες,
2985 1829 3078 1883 καὶ
3117 1830 3206 1883 διὰ
3235 1830 3328 1882 τὸν
3362 1827 3526 1895 φόϐον
3556 1825 3687 1879 τοῦ-

2101 1937 2194 1974 τον
2248 1921 2503 1991 οὐδεμιᾶς
2568 1922 2762 1992 ἡδονῆς
2820 1922 3074 1992 αισθησιν
3141 1919 3327 1973 λαϐεῖν
3394 1918 3684 1989 ἠδύναντο.

2108 2011 2280 2064 Τοῦτο
2316 2011 2425 2081 γὰρ
2490 2010 2731 2082 ᾐνίξατο,
2794 2010 2894 2065 διὰ
2926 2009 3151 2076 παντὸς
3192 2009 3299 2064 τοῦ
3328 2008 3453 2076 ζῇν.
3486 2009 3682 2061 εἰπών.

2106 2105 2322 2174 Ἕνοχοι
2354 2102 2448 2156 οῦν
2479 2099 2621 2174 ἦσαν
2650 2102 2923 2167 δουλείας,
2976 2101 3286 2166 τουτέστιν,
3315 2100 3401 2155 ἀεὶ
3428 2099 3682 2170 ἔτρεμον,

2102 2196 2178 2259 ὡς
2234 2195 2408 2249 δοῦλοι
2458 2195 2726 2263 δεσπότην
2780 2194 2999 2267 πικρὸν,
3038 2194 3129 2247 τὸν
3164 2193 3416 2257 θάνατον,
3461 2193 3683 2255 οὐδενὸς

2102 2288 2467 2349 ἀπολαύοντες
2496 2285 2754 2357 τερπνοῦ.
2790 2286 3071 2355 Συνάγαγε
3104 2285 3151 2317 ⁸³
3178 2286 3236 2339 δὲ
3279 2284 3554 2348 ἐντεῦθεν,
3596 2284 3685 2337 ὅτι

2102 2380 2129 2431 ὁ
2162 2379 2389 2431 θάνατον
2442 2378 2714 2443 δεδοικὼς,
2769 2377 3125 2449 ἀνελεύθερος
3155 2377 3249 2430 καὶ
3290 2375 3506 2429 πάντων
3557 2374 3686 2428 δοῦ-

2101 2471 2211 2534 λος.
2274 2472 2632 2543 Παράκλησις
2681 2472 2774 2525 καὶ
2823 2470 2981 2523 τοῦτο
3039 2472 3152 2532 τοῖς
3199 2469 3538 2538 θλιϐομένοις
3585 2485 3684 2520 πι-

2105 2564 2272 2624 στοῖς,
2324 2561 2438 2630 εἴγε
2486 2563 2534 2615 oi
2582 2562 2933 2632 ἐλαυνόμενοι
2990 2561 3085 2615 νῦν
3142 2561 3240 2614 καὶ
3293 2559 3684 2630 δεσμούμενοι,

2102 2649 2531 2721 έλευθερὼτερον
2577 2650 2825 2719 διάγουσι
2871 2651 2967 2705 καὶ
3018 2651 3167 2721 ἥδιον
3195 2650 3304 2704 τῶν
3347 2648 3518 2702 πάλαι
3546 2665 3691 2718 τρυ-

2103 2744 2210 2813 φᾷν
2232 2743 2551 2807 δοκούντων,
2591 2744 2679 2796 ὅτε
2715 2743 2900 2813 ῐσχυεν
2932 2745 2960 2796 ὁ
2994 2741 3248 2805 θάνατος.
3303 2741 3538 2794 Ἐκεῖνοι
3573 2740 3685 2809 μὲν

2103 2833 2211 2904 γὰρ
2242 2833 2320 2902 τῷ
2355 2834 2504 2905 φόϐῳ
2546 2834 2640 2887 τοῦ
2696 2834 2927 2889 θανάτου
2989 2834 3435 2903 κατασειόμενοι,
3493 2828 3675 2884 δοῦλοι

428 2925 731 2982 obtinebat.
787 2925 921 2981 Nam
980 2927 1055 2982 illi
1100 2929 1294 2985 mortis
1345 2938 1494 2984 metu
1539 2930 1824 2989 concussi.
1882 2946 1998 2985 ser-

2105 2918 2245 2995 ἦσαν
2267 2940 2278 2953 ·
2311 2925 2468 2995 ὑμεῖς
2498 2926 2554 2979 δὲ
2586 2925 2776 2979 τούτου
2808 2925 3182 2996 ἀπηλλάγητε.

428 3019 478 3071 vi
552 3028 710 3073 erant
778 3036 793 3072 :
862 3034 961 3074 vos
1031 3027 1216 3075 autem
1304 3019 1371 3073 ab
1425 3035 1491 3075 eo
1569 3028 1715 3075 metu
1784 3021 2001 3076 liberati

427 3109 582 3163 csﬁs.

509 3193 668 3250 Vens.
731 3194 819 3249 i6.
874 3192 1151 3266 Nusquam
1186 3196 1327 3250 enim
1373 3197 1588 3268 angelos
1635 3200 1997 3269 apprehendit.

430 3288 543 3341 lioc
598 3294 701 3349 est,
749 3301 856 3339 non
886 3285 1203 3356 angelorum
1237 3294 1491 3342 naturam
1540 3291 1862 3360 assumpsit,
1903 3306 2001 3346 ne-

427 3389 535 3444 que
563 3388 681 3428 eam
723 3374 974 3443 gestavit.
1019 3373 1135 3430 Hoc
1178 3385 1359 3430 autem
1388 3378 1613 3432 multam
1640 3394 1765 3450 erga
1809 3382 2003 3435 huma-

428 3476 560 3516 num
629 3479 800 3534 genus
848 3464 1171 3519 cbaritatem
1224 3465 1317 3520 Dei
1357 3466 1583 3524 indicat.
1635 3467 1791 3535 Quod
1854 3471 1997 3525 enim

428 3555 677 3625 angelis,
747 3556 959 3627 inquit,
1022 3573 1128 3613 non
1227 3559 1490 3622 donavit.
1575 3562 1677 3616 hoc
1758 3561 2000 3617 homini~

429 3648 531 3701 Ιιιιε
594 3645 762 3711 dedit,
834 3653 894 3700 nt
952 3663 1016 3701 ex
1078 3650 1323 3719 ipSOrum
1379 3659 1572 3706 natura
1645 3667 1869 3708 carnem
1918 3668 2000 3708 as-

426 3751 488 3790 su
498 3745 686 3791 meret.

497 3826 602 3884 Sed
631 3844 806 3882 semen
842 3829 1069 3885 Abrahae
1098 3831 1443 3900 reprehendit.
1473 3831 1592 3888 Non
1620 3834 1779 3899 dixit,
1810 3850 1996 3890 susce-

427 3905 549 3987 pit.
575 3915 671 3970 sed
703 3916 1149 3984 apprehendit,ut
1187 3919 1444 3972 ostendat
1502 3919 1646 3988 quod
1700 3920 1995 3992 fugientem

424 4014 675 4064 naturam
715 4013 981 4070 nostram,
1025 4014 1079 4061 et
1143 4007 1360 4078 longius
1404 4018 1670 4064 remotam
1710 4011 1996 4067 insecutus

426 4097 519 4164 sit,
552 4105 607 4152 et
668 4105 1015 4153 antevertens
1067 4098 1506 4167 apprehenderit.
1564 4101 1997 4173 complexusque

427 4188 520 4254 sit,
556 4186 660 4242 sibi
696 4187 914 4252 unicns,
950 4201 1014 4242 ac
1043 4188 1243 4243 sistens
1299 4188 1473 4257 ipsam
1503 4204 1533 4242 a
1574 4189 1699 4261 fuga
1746 4207 1854 4262 qua
1911 4193 1981 4247 ab

2210 3201 2293 3253 οὐ
2371 3197 2482 3269 γὰρ
2567 3197 2767 3265 δήπου
2839 3198 3113 3269 ἀγγέλων
3194 3195 3678 3265 ἐπιλαμϐάνεται.

2104 3289 2413 3354 Τουτέστιν,
2444 3290 2505 3344 οὐ
2541 3291 2641 3360 τῆς
2687 3290 2798 3345 τῶν
2850 3292 3102 3359 ἀγγέλων
3132 3289 3347 3359 φύσεως
3389 3285 3680 3358 ἐδράξατο,

2102 3378 2223 3432 οὐδὲ
2252 3378 2456 3450 ταύτην
2489 3380 2737 3450 έφόρεσε.
2787 3380 2958 3438 Τοῦτο
2990 3379 3046 3432 δὲ
3076 3379 3176 3450 τὴν
3207 3378 3408 3448 πολλὴν
3443 3376 3579 3445 πρὶς
3616 3374 3685 3427 τδ

2102 3469 2440 3540 ἀνθρώπινον
2471 3469 2630 3537 γένος
2682 3470 2905 3539 ἀγάπην
2934 3469 3029 3523 τοῦ
3076 3469 3213 3522 Θεοῦ
3265 3467 3556 3521 δείκνυσιν.
3603 3465 3677 3518 Ὃ

2101 3562 2211 3633 γὰρ
2248 3562 2523 3630 ἀγγέλοις,
2538 3561 2722 3632 φησὶν,
2738 3561 2837 3614 οὐκ
2854 3561 3170 3631 ἐχαρίσατο,
3191 3558 3351 3612 τοῦτο
3368 3555 3682 3627 ἀνθρώποις

2101 3654 2323 3720 δέδωκε,
2347 3655 2429 3716 τὸ,
2456 3652 2516 3719 ὲξ
2542 3653 2722 3706 αὐτῶν
2756 3653 2937 3725 σάρκα
2964 3651 3391 3723 προσλαϐέσθαι.

2184 3833 2358 3888 Ἀλλὰ
2431 3835 2773 3903 σπέρματος
2864 3834 3120 3907 Ἀϐραὰμ
3188 3825 3672 3901 ἐπιλαμϐἁίνεται.

2103 3922 2218 3977 Οὐκ
2235 3917 2407 3987 εἶπεν,
2428 3923 2885 3989 άνέλαϐεν,Ἀλλ’,
2904 3922 3390 3994 ἐπιλαμϐάνεται,
3413 3923 3500 3976 ἵνα
3523 3922 3679 3994 δείξῃ

2100 4017 2184 4069 ὅτι
2220 4014 2530 4084 φεύγουσαν
2562 4018 2663 4088 τὴν
2697 4017 2858 4088 φύσιν
2892 4017 3048 4087 ἡμῶν
3073 4056 3089 4081 ,
3142 4016 3236 4070 καὶ
3268 4013 3676 4086 μακρυνθεῖσαν

2102 4106 2289 4174 ἐδίωξε
2317 4123 2331 4138 ο
2386 4108 2482 4161 καὶ
2537 4107 2750 4176 φθάσας
2794 4106 3092 4161 ἐπελάϐετο
3135 4107 3327 4176 αὐτῆς,
3361 4106 3457 4158 καὶ
3490 4120 3677 4175 περιε-

2102 4199 2285 4271 πλάκη
2317 4198 2524 4262 ἐνώσας
2562 4198 2778 4269 ἐαυτῷ,
2834 4200 2929 4252 καὶ
2965 4199 3172 4269 στήσας
3214 4198 3382 4269 αὐτὴν
3431 4197 3531 4267 τῆς
3576 4194 3673 4249 ἀπ’

424 4278 546 4348 ipso
592 4276 856 4349 fugiebat.
905 4275 1025 4331 Non
1060 4276 1200 4330 dixit
1268 4287 1469 4343 autem,
1522 4287 1773 4334 naturam
1821 4282 1994 4338 homi-

2105 4291 2270 4345 αὐτοῦ
2339 4293 2538 4361 φυγῆς.
2608 4291 2727 4346 Οὐκ
2772 4288 2892 4346 εἶπε
2949 4292 3042 4357 δὲ,
3084 4291 3304 4355 Φύσεως
3347 4287 3671 4360 ἀνθρώπων,

425 4384 580 4437 num,
609 4370 706 4425 sed
759 4385 933 4424 semen
983 4368 1216 4424 Abrahae
1238 4383 1257 4421 :
1283 4370 1480 4439 partim
1519 4372 1735 4440 quidem
1765 4374 1995 4444 cupiens

424 4477 522 4517 eos
591 4460 865 4522 attollere,
929 4474 993 4513 ac
1038 4461 1255 4530 generis
1317 4460 1557 4530 ipsorum
1647 4465 1991 4535 splendorem

425 4556 878 4611 commonstrare,
911 4555 967 4603 et
991 4549 1134 4616 quod
1173 4550 1227 4603 in
1287 4549 1390 4604 hoc
1421 4552 1529 4606 sint
1584 4556 1841 4622 gentibus
1894 4570 1991 4611 cx-

425 4640 795 4701 cellentiores,
829 4647 1107 4707 quatenus
1134 4654 1197 4691 ex
1235 4640 1368 4709 ipsis
1407 4649 1493 4696 est
1520 4640 1807 4703 Dominus.
1835 4644 1996 4701 Sem-

424 4747 524 4801 per
544 4730 686 4785 enim
718 4728 876 4798 ipsis,
916 4729 1011 4784 ubi
1065 4730 1203 4784 citra
1254 4730 1516 4787 oﬂ‘ensam
1575 4734 1722 4803 licet,
1783 4736 1991 4807 gratill-

424 4832 582 4880 catur
615 4842 628 4878 :
657 4824 854 4894 partim
910 4837 1040 4878 vero
1117 4826 1540 4894 promissionem
1570 4829 1650 4884 eis
1684 4830 1752 4885 ad
1780 4845 1990 4886 memo-

420 4915 559 4969 riam
607 4927 914 4971 revocans:
948 4913 1062 4969 Tibi
1124 4923 1174 4968 et
1219 4917 1404 4972 semini
1451 4929 1540 4972 tuo
1592 4918 1729 4973 dabo
1794 4930 1991 4975 terram

419 5008 555 5061 hanc
569 5007 635 5060 ".
982 5022 991 5031 ‘

489 5095 834 5170 θεινειιε.
867 5096 954 5150 17.
992 5094 1138 5152 Unde
1160 5096 1374 5153 debebat
1393 5116 1486 5169 per
1515 5100 1692 5154 omnia
1726 5102 1986 5171 patribus

419 5191 729 5247 astimilari.
761 5187 899 5255 Quia
932 5188 1134 5258 placuit
1172 5190 1220 5244 ei
1282 5190 1447 5246 semel
1485 5200 1730 5245 nostram
1787 5207 1984 5263 appre-

523 5376 567 5407 ”
598 5374 733 5433 Gen.
765 5392 886 5440 xm,
924 5378 1008 5433 l5.

2097 4384 2252 4448 ἀλλὰ,
2287 4383 2628 4452 σπέρματος
2672 4382 2938 4453 Ἀϐραάμ
2964 4402 2978 4417 ν
3034 4383 3152 4453 ἅμα
3198 4382 3296 4452 μὲν
3344 4382 3671 4453 βουλόμενος

2096 4476 2294 4538 αὐτοὺς
2327 4476 2554 4544 ἐπᾶραι,
2597 4475 2689 4527 καὶ
2737 4474 2909 4539 δεῖξαι
2952 4475 3014 4528 τὸ
3052 4479 3211 4544 γένος
3253 4474 3432 4528 αὐτῶν
3464 4473 3671 4543 τίμιον,

2097 4567 2193 4621 καὶ
2225 4569 2306 4620 ὅτι
2335 4566 2494 4619 πλέον
2525 4565 2709 4637 ἔχουσι
2738 4567 2845 4619 τῶν
2880 4567 3109 4622 ἐθνικῶν
3141 4570 3200 4622 ὲν
3237 4567 3433 4638 τούτῳ,
3465 4564 3603 4619 καθὸ
3624 4564 3672 4597 ⁸⁸

2099 4658 2159 4723 ἐξ
2208 4657 2388 4710 αὐτῶν
2426 4659 2453 4711 ὁ
2486 4657 2688 4731 Κύριος
2712 4674 2726 4688 ⁸
2769 4659 2857 4713 ἀεὶ
2885 4659 2989 4729 γάρ
3017 4659 3301 4729 χαρίζεται
3349 4659 3552 4718 αὐτοῖς,
3610 4656 3672 4708 ὲν

2101 4741 2181 4810 οἷς
2206 4746 2381 4810 οὐδεὶς
2410 4746 2743 4818 βλάπτεταυ
2784 4747 2902 4818 ἅμα
2946 4747 3003 4801 δὲ
3054 4750 3148 4802 καὶ
3187 4748 3286 4816 τῆς
3335 4744 3672 4812 ἐπαγγελίας

2105 4842 2537 4910 ἀναμιμνήσκων
2570 4839 2785 4902 αὐτοὺς,
2835 4838 2919 4891 ὅτι
2967 4836 3068 4892 Σοὶ
3115 4834 3325 4902 καὶτῷ
3369 4832 3671 4905 σπέρρατι

2098 4948 2214 4987 σου
2242 4930 2413 4985 δώσω
2442 4928 2558 4998 τὴν
2593 4928 2712 4999 γῆν
2741 4929 2986 4997 ταύτην.

2174 5109 2351 5162 ’Ὅθεν
2369 5106 2587 5177 ὤφειλε
2610 5106 2759 5162 κατὰ
2789 5107 2986 5162 πάντα
3016 5106 3141 5173 τοῖς
3174 5105 3460 5177 ἀδελφοῖς
3508 5107 3676 5174 ὁμοι-

2100 5199 2341 5268 ωθῆναι.
2415 5201 2667 5272 Ἐπειδὴ,
2729 5201 2928 5273 φησιν,
2992 5199 3140 5265 ἅπαξ
3198 5198 3523 5264 κατεδέξατο
3567 5196 3672 5268 τῆς

1770 5476 1970 5541 Varias
2008 5477 2336 5541 lectiones.

489 5562 531 5593 ³¹
575 5564 772 5639 ἐχθρὸν
802 5584 856 5623 ο.
935 5567 980 5604 ³³
1000 5566 1156 5634 σύνες
1185 5583 1235 5624 ο.
1313 5570 1356 5603 ³⁸
1386 5572 1573 5626 καθότι
1603 5588 1658 5629 0.
