4014 6208
319 233 430 292 217

1033 241 1430 306 EXPOSITIO
1485 249 1562 307 IN
1597 251 1831 314 EPIST.
1863 255 1960 312 AD
1987 255 2376 319 IlEBIl/EOS.
2414 287 2485 297 ’-
2520 263 2678 325 CAP.
2717 267 2795 325 Il.

3465 278 3570 341 218

313 343 476 410 meo
503 341 798 410 δράξασθαι
825 346 1055 413 φύσεως,
1088 349 1376 405 ἀκόλουθον
1404 350 1470 424 ἦν
1505 356 1723 419 πάντως
1747 357 1881 410 κατὰ

1995 360 2230 416 lteudere
2292 372 2564 432 naturam,
2629 363 2971 440 consequens
3013 382 3130 427 erat
3189 392 3413 444 prorsus
3468 387 3566 450 pe"

313 450 500 486 παντα
560 435 690 502 ἡμῖν
721 436 1074 506 ὁμοιωθῆναι,
1139 443 1408 506 τουτέστι,
1441 445 1720 516 τεχθῆναι,
1762 465 1895 516 τρα-

316 525 507 594 φῆναι,
535 525 858 594 αὐξηθῆναι,
907 529 1098 582 παθεῖν
1150 533 1333 588 πάντα
1360 535 1502 606 ἂπερ
1525 540 1717 607 ἐχρῆν,
1745 539 1895 602 τέλος

315 615 504 669 θανεῖν
530 634 546 648 ο
579 617 739 669 τοῦτο
777 620 888 690 γάρ
922 624 1038 674 ἐστι
1061 623 1140 689 τὸ,
1169 625 1308 678 κατὰ
1334 627 1510 682 πάντα
1544 630 1892 699 ὁμοιωθῆναι.

389 814 526 868 τινα
555 815 829 883 ἐλεήμων
860 816 1122 884 γένηται,
1165 819 1260 872 καὶ
1307 822 1521 888 πιστὸς
1542 823 1892 892 Ἀρχιερεὺςν

312 908 386 955 τά
424 905 578 970 πρὸς
599 905 708 958 τὸν
740 908 908 960 Θεόν.
939 909 1016 960 Δι’
1044 909 1197 963 οὐδὲν
1212 911 1361 979 ἄλλο,
1397 915 1555 989 φησὶ,
1581 917 1680 985 τὴν
1714 917 1892 987 σάρκα

311 997 416 1062 τὴν
455 996 732 1065 ἡμετέραν
775 997 985 1062 ἐλαϐεν,
1014 997 1046 1066 ἦ
1071 999 1156 1051 ἵνα
1185 1000 1252 1052 δι’
1280 993 1450 1072 αὐτῆς
1492 1005 1684 1076 ἐλεήσῃ
1725 1009 1891 1076 ἡμᾶς,

313 1091 413 1141 καὶ
479 1090 760 1159 ἀναστήσῃ
816 1091 966 1142 κάτω
1015 1077 1320 1163 κειμένους.
1375 1098 1533 1160 Πῶςς
1577 1101 1892 1170 Ἀρχιερεὺς

316 1179 485 1247 ἡμῶν
516 1181 826 1247 γενόμενος,
860 1182 956 1234 καὶ
1010 1187 1382 1254 προσενέγκας
1424 1189 1524 1257 τὴν
1555 1191 1734 1259 σάρκα
1763 1191 1895 1244 ταῦ-

320 1287 451 1339 την,
504 1273 570 1340 ἢν
625 1271 681 1338 ἐξ
724 1272 884 1341 ἡμῶν
939 1275 1325 1346 προσείληφεν,
1388 1278 1504 1330 ἀντ’
1546 1279 1706 1332 ἄλλου
1749 1282 1892 1344 τινὸς

315 1361 547 1428 ἱερείου,
584 1362 674 1414 ἵνα
726 1361 835 1413 τῶν
885 1363 1172 1433 ἁμαρτιῶν
1225 1367 1371 1436 ἡμᾶς
1438 1367 1732 1440 καθαρίσῃ,
1795 1372 1890 1424 καὶ

313 1451 619 1521 μεσιτεύσῃ
674 1453 804 1521 ἡμῖν
843 1452 914 1505 τὰ
960 1455 1096 1524 πρὸς
1149 1457 1238 1508 τὸν
1277 1457 1409 1509 Θεόν
1435 1473 1451 1489 °
1496 1461 1883 1530 ὲκπεπολεμωυ

315 1542 476 1609 μένοι
512 1543 620 1610 γὰρ
643 1538 782 1611 ἦμεν
812 1543 1009 1613 τούτῳ.
1036 1545 1258 1612 Πιστὸς
1285 1548 1362 1611 δὲ,
1398 1549 1660 1616 ἀντὶτρῦ,
1695 1552 1888 1620 ἀληθι-

313 1634 425 1694 νός,
461 1632 557 1685 καὶ
577 1632 872 1702 δυνάμενος
895 1635 956 1686 τὸ
986 1635 1147 1705 ἔργον
1173 1638 1264 1690 τοῦ
1299 1639 1600 1710 ἀρχιερέως
1623 1642 1885 1712 πληροῦν·

2003 450 2186 502 omnia
2207 451 2381 520 ipsum
2403 458 2556 510 nobis
2574 459 2888 525 assintilari,
2914 462 3014 516 hoc
3030 473 3131 528 est,
3159 477 3210 519 ut
3230 481 3565 537 nasceretur,

2003 553 2056 593 ut
2088 543 2348 607 aleretur,
2383 557 2438 598 ιιι
2482 558 2771 613 cresceret,
2822 553 3114 622 omniaque
3153 566 3562 631 patereturqure

1999 647 2275 704 Oporterct
2308 654 2430 691 eum
2475 641 2605 706 pati,
2631 650 2684 695 et
2702 643 2920 697 tandem
2949 654 3007 700 ut
3050 656 3358 703 moreretur
3387 663 3399 698 :
3462 649 3563 704 huc

1999 729 2143 782 cnim
2175 739 2257 784 est
2288 746 2381 798 per
2412 733 2593 783 omnia
2625 733 2942 788 assituilari.

2075 828 2141 882 Ut
2173 833 2471 884 misericors
2492 836 2661 896 ﬁeret,
2694 841 2742 884 et
2766 833 2939 901 ﬁdelis
2962 833 3214 902 Pontifex
3241 835 3293 888 in
3344 837 3410 889 iis
3447 854 3567 907 qum

1997 933 2118 975 sunt
2146 923 2214 975 ad
2244 923 2429 975 Deum.
2482 922 2697 975 Nullam
2740 924 2903 976 aliam
2946 925 3016 980 ob
3071 941 3294 979 causam
3347 942 3564 981 carnem

1996 1025 2239 1069 nostram
2275 1016 2508 1083 accepit,
2550 1015 2747 1084 inquit,
2782 1031 2944 1084 quam
2973 1027 3030 1069 ut
3072 1017 3244 1076 nostri
3280 1019 3564 1073 miserere-

1996 1111 2104 1167 tur,
2165 1118 2228 1156 ac
2305 1104 2536 1172 erigeret
2590 1105 2898 1172 depressos.
2949 1103 3064 1169 Qua
3115 1107 3258 1158 istud
3322 1107 3568 1159 ratione?

1996 1192 2242 1247 Pontifex
2279 1201 2466 1246 noster
2509 1192 2709 1254 factus,
2741 1208 2804 1245 ac
2855 1192 3091 1244 offerens
3123 1206 3344 1244 carnem
3424 1193 3562 1245 hanc

1993 1298 2154 1351 quam
2196 1299 2258 1336 ex
2292 1283 2447 1337 nobis
2501 1284 2818 1353 assumpsit.
2852 1283 2970 1337 loco
2999 1284 3224 1336 alterius
3271 1284 3558 1352 cujusdam

1994 1373 2276 1438 sacriﬁcii,
2327 1383 2436 1428 uta
2480 1376 2721 1443 peccatis
2772 1390 2873 1430 nos
2909 1375 3219 1439 mundaret,
3256 1389 3320 1428 ac
3354 1376 3561 1427 media-

1994 1473 2080 1519 tor
2114 1474 2308 1519 noster
2357 1474 2501 1520 esset
2573 1467 2713 1535 apud
2771 1464 2965 1520 Deum.
3008 1465 3205 1520 Hostes
3252 1465 3396 1519 enim
3441 1465 3560 1534 ejus

1997 1571 2236 1609 eramus.
2293 1555 2490 1609 Fidelis
2524 1565 2731 1619 autem,
2770 1571 2889 1623 pro,
2915 1571 3097 1621 verus,
3131 1565 3184 1611 et
3229 1557 3321 1625 qui
3378 1558 3552 1624 possit

1991 1647 2263 1715 pontiﬁcis
2320 1663 2457 1715 opus
2506 1647 2776 1714 implere:
2813 1645 2916 1698 hoc
2962 1646 3107 1699 enim
3138 1655 3223 1700 est
3261 1647 3372 1698 veri
3413 1661 3548 1714 pou-

309 1720 475 1772 τοῦτο
502 1721 607 1789 γὰρ
655 1724 958 1792 ἀρχιερέως
1000 1725 1276 1794 ἀληθινοῦ,
1309 1728 1368 1780 τὸ
1401 1729 1685 1800 ἁμαρτιῶν
1722 1732 1881 1785 ἀπαλ·

1997 1739 2158 1794 tilicis
2193 1737 2453 1800 officium,
2490 1752 2705 1804 nempe,
2737 1751 2765 1788 ιι
2789 1734 3280 1805 peccatisliberare
3304 1751 3398 1789 eos
3419 1751 3560 1804 quo-

312 1812 537 1864 ὶαττειν
576 1813 701 1876 τοὺς
755 1809 829 1867 ὧν
881 1817 1029 1868 ἐστιν
1079 1818 1369 1889 ἀρχιερεύς
1398 1835 1413 1849 ’
1467 1821 1611 1892 san
1640 1823 1878 1891 εὐπαράσ

307 1903 498 1966 δεκτος
539 1905 616 1973 τῷ
637 1905 754 1974 Θεῴ
783 1909 843 1959 ἐν
876 1911 994 1970 ταῖς
1036 1909 1174 1978 πρὸς
1204 1911 1364 1963 αὑτὸν
1394 1912 1714 1981 μεσιτείαις.

376 2010 484 2074 Εἰς
543 2011 610 2062 τό
661 2010 1020 2065 ἱλάσκεσθαι
1075 2013 1185 2080 τὰς
1233 2014 1524 2083 ἁμαρτίας
1561 2016 1664 2071 τοῦ
1704 2018 1880 2075 λαοῦ.

315 2099 526 2163 Ἐδειξε
553 2101 604 2152 τι
637 2101 774 2163 ἐστι,
804 2103 1020 2168 πιστὸς
1061 2106 1134 2157 τὰ
1177 2105 1327 2172 πρὸς
1374 2106 1480 2160 τὸν
1530 2107 1711 2164 Θεόν·
1765 2125 1885 2160 του⁹

310 2192 522 2256 τέστιν,
563 2191 700 2245 ὥστε
753 2194 1068 2248 ἱλάσκεσθαι
1122 2196 1221 2259 τὰς
1265 2198 1540 2268 ἁμαρτίας
1577 2199 1672 2251 τοῦ
1730 2199 1882 2253 λαοῦ.

315 2286 492 2340 Τοῦτο
527 2288 631 2356 γὰρ
677 2287 738 2341 τὸ
769 2288 912 2358 μέγα
943 2289 1142 2359 δεῖγμα
1165 2291 1266 2360 τῆς
1303 2291 1526 2360 ἀγάπης
1557 2291 1744 2354 αὐτοῦ,
1801 2291 1882 2344 ὃτι

312 2381 488 2434 πάντα
534 2381 813 2450 ἐποίησεν,
847 2380 988 2433 ὥστε
1029 2382 1128 2444 τὰς
1174 2383 1449 2453 ἁμαρτίας
1479 2382 1656 2436 λῦσαι.
1709 2384 1807 2435 Διὰ
1832 2384 1883 2436 τι

306 2467 364 2518 δὲ
408 2468 510 2519 οὐκ
565 2468 710 2531 εἷπε,
757 2469 855 2530 τὰς
891 2470 1168 2538 ἁμαρτίας
1212 2472 1310 2540 τῆς
1347 2472 1694 2542 οἰκουμένης,
1726 2472 1882 2534 ἀλλὰ,

307 2556 404 2608 τοῦ
437 2555 573 2608 λαοῦ
598 2574 612 2621 ;
645 2558 764 2608 Ὀτι
790 2559 925 2621 τέως
959 2559 1218 2629 περὶτῶν
1273 2557 1543 2612 Ἰουδαίων
1573 2555 1641 2629 ἦν
1674 2561 1702 2612 ὁ
1729 2559 1885 2628 λόγος

305 2644 386 2713 τῷ
431 2646 646 2715 Κυρίῳ,
697 2648 790 2699 καὶ
839 2647 928 2700 διὰ
983 2647 1206 2712 τούτους
1263 2645 1394 2719 ἦ),οε
1431 2651 1877 2720 προηγουμένως,

307 2738 398 2789 ἴνα
435 2738 642 2790 τούτων
687 2739 989 2800 σωθέντων,
1021 2741 1115 2793 καὶ
1154 2743 1201 2793 οἱ
1229 2740 1377 2794 ἄλλοι
1401 2742 1468 2795 δι’
1491 2743 1671 2796 αὐτῶν
1704 2743 1887 2795 σωθῶ-

313 2845 428 2890 σιν,
468 2829 516 2880 εἰ
559 2829 653 2881 καὶ
705 2831 1017 2884 τούναντίον
1059 2831 1270 2900 γέγονε.
1317 2835 1424 2886 Καὶ
1471 2835 1498 2885 ὀ
1554 2833 1785 2901 ἄγγελος
1828 2832 1884 2885 δὲ

307 2921 461 2988 πρὸς
517 2920 608 2973 τὸν
675 2923 893 2994 Ἰωσὴφ,
926 2926 1140 2990 Αὐτὸς,
1166 2925 1298 2994 φησὶ
1327 2966 1342 2991 ,
1375 2925 1560 2979 σώσει
1593 2926 1701 2979 τὸν
1733 2926 1885 2980 λαὸν

303 3011 503 3064 αὑτοῦ
537 3011 653 3064 ἀπὸ
680 3013 800 3067 τῶν
838 3015 1155 3083 ἁμαρτιῶν.
1212 3015 1322 3087 Τὴν
1357 3017 1640 3085 εὐγένειαν
1680 3016 1773 3070 οὖν
1801 3019 1886 3069 ὲν-

1985 1846 2104 1884 rum
2139 1837 2220 1885 est
2252 1827 2535 1898 pontifex:
2575 1827 2653 1881 vel
2679 1828 2805 1896 quia
2838 1838 3029 1897 gratus
3074 1837 3158 1882 est
3217 1825 3327 1881 Deo
3358 1827 3410 1881 in
3446 1830 3560 1883 suis

1990 1921 2057 1974 ad
2093 1935 2217 1974 eum
2246 1918 2764 1974 intercessionibus.

2058 2024 2128 2079 Ut
2189 2025 2562 2094 repropitiaret
2619 2022 2814 2077 delicta
2866 2024 3068 2091 populi.
3134 2021 3362 2077 Planum
3426 2022 3554 2077 fecit

1984 2113 2113 2182 quid
2143 2113 2236 2177 sit,
2266 2112 2437 2181 ﬁdelis
2470 2113 2522 2165 in
2556 2113 2620 2164 iis
2654 2127 2770 2179 qua:
2813 2122 2932 2164 sunt
2965 2112 3036 2164 ad
3066 2111 3232 2164 Deum
3257 2127 3276 2164 :
3307 2112 3408 2164 hoc
3442 2119 3552 2172 est,

1921 2251 1926 2254 .
1987 2211 2047 2257 ut
2069 2203 2243 2272 placet
2267 2213 2434 2271 atque
2467 2202 2651 2268 expiet
2686 2209 2904 2271 peccata
2941 2201 3146 2271 papuli.
3175 2200 3230 2254 Id
3275 2201 3419 2253 enim
3467 2199 3554 2252 in-

1985 2309 2121 2364 gens
2163 2301 2542 2362 argumentum
2578 2303 2656 2346 est
2695 2292 2982 2345 charitatis
3031 2306 3166 2352 sua},
3200 2289 3347 2358 quod
3372 2289 3554 2342 onmia

1985 2383 2114 2438 fecit
2144 2390 2439 2449 utpeccata
2477 2379 2713 2434 tolleret.
2754 2378 2866 2432 Cur
2892 2388 3070 2432 autem
3099 2395 3204 2432 non
3235 2377 3392 2440 dixit,
3428 2392 3554 2446 pec-

1985 2484 2104 2529 cata
2136 2473 2308 2537 orbis,
2339 2471 2458 2535 sed,
2493 2470 2717 2540 populi?
2751 2470 2884 2534 Quia
2913 2478 3068 2522 antea
3105 2469 3368 2522 rationem
3403 2482 3556 2536 gere-

1985 2567 2077 2619 bat
2136 2563 2454 2617 Judaaorum
2489 2560 2774 2621 Dominus,
2803 2560 2892 2626 qui
2923 2558 3156 2627 populus
3191 2557 3311 2624 ejus
3344 2565 3499 2610 erant
3539 2593 3553 2614 ,

1984 2665 2210 2726 propter
2251 2669 2390 2724 quos
2419 2653 2671 2721 inprimis
2703 2658 2949 2712 venerat,
3001 2659 3060 2702 ut
3092 2649 3178 2702 his
3215 2648 3557 2701 conservatis

1985 2759 2037 2802 et
2074 2749 2165 2802 alii
2199 2747 2332 2802 salvi
2363 2745 2555 2799 tierent
2584 2759 2600 2808 ;
2660 2742 2871 2796 etiamsi
2909 2741 3186 2794 diversum
3214 2737 3416 2791 factum
3460 2737 3554 2790 sit.

1986 2839 2140 2894 Unde
2193 2847 2248 2892 et
2296 2836 2528 2904 angelus
2567 2833 2631 2885 ad
2669 2831 2964 2901 Joscphum
3009 2830 3128 2883 ait:
3175 2829 3292 2896 Ipse
3334 2826 3556 2880 servabit

1983 2930 2232 2998 populum
2261 2942 2416 2980 suum
2459 2941 2491 2978 (ι
2535 2925 2766 2993 peccatis
2797 2923 2835 2976 ‘.
2868 2920 3148 2975 Judaicam
3180 2919 3364 2987 itaque
3401 2917 3556 2970 uohi-

1986 3022 2193 3074 litatem
2227 3019 2315 3072 hic
2355 3016 2578 3081 indicat,
2610 3022 2884 3084 etquanto
2909 3012 2964 3066 in
2991 3009 3169 3081 pretio
3196 3006 3553 3077 luerintapud

304 3105 486 3157 ταῦθα
509 3105 751 3158 δείκνυσι
783 3107 882 3177 τὴν
936 3108 1254 3180 Ἰουδαῖκὴν,
1290 3110 1385 3163 καὶ
1413 3111 1538 3163 ὅσου
1575 3109 1732 3179 λόγου
1769 3109 1885 3179 ἠξι-
1911 3113 1954 3170 C,
1987 3109 2302 3164 Dominum.

307 3193 478 3247 οὖντο
507 3195 658 3264 παρὰ
693 3196 772 3266 τῷ
804 3198 1013 3268 Κυρίῳ.

371 3299 485 3353 Ἐν
510 3291 560 3364 ᾧ
592 3301 701 3369 γὰρ
732 3300 1032 3356 πέπονθεν
1060 3303 1242 3368 αὐτὸς
1278 3305 1642 3372 πειρασθεὶς,
1696 3304 1878 3358 δύνα-

302 3407 396 3444 ται
455 3391 585 3457 τοῖς
650 3392 1090 3462 πειραζομένοις
1138 3394 1469 3463 βοηθῆσαι.
1540 3395 1804 3448 Ταπεινὺν
1833 3395 1877 3426 ³⁸

305 3485 404 3550 μὲν
462 3483 625 3536 τοῦτο
667 3483 763 3536 καὶ
822 3484 1074 3547 εὐτελὲς,
1122 3487 1218 3538 καὶ
1263 3485 1481 3550 ἀνάξιον
1538 3485 1674 3538 Θεοῦ
1709 3485 1874 3539 δοκεῖ.

304 3575 483 3627 Ὅταν
517 3575 624 3645 γὰρ
665 3576 988 3645 ἐπιλάϐηται
1042 3577 1251 3640 Παῦλος
1287 3573 1388 3648 τῆς
1422 3578 1644 3648 σαρκὸς,
1700 3578 1877 3631 πάντα

303 3661 540 3715 ταπεινὰ
580 3661 900 3732 φθέγγεται,
953 3664 1096 3733 πλὴν
1126 3665 1227 3717 οὐκ
1259 3665 1476 3730 ἀνάξιον
1505 3667 1604 3735 τῆς
1635 3665 1836 3735 σαρκός
1859 3678 1873 3692 ⁸

305 3757 396 3807 καὶ
443 3754 604 3808 οὐδὲν
658 3754 973 3823 θαυμαστόν
997 3770 1010 3784 ⁶
1050 3756 1173 3808 ἐπεὶ
1209 3756 1461 3826 καὶπερὶ
1503 3755 1598 3808 τοῦ
1643 3757 1874 3826 Πατρὸς,

302 3845 392 3897 τοῦ
459 3845 538 3916 μὴ
598 3844 1015 3914 σαρκωθέντος,
1065 3845 1236 3899 πολλὰ
1284 3846 1726 3916 ἀνθρωποπρεπῆ
1783 3847 1877 3899 καὶ

300 3935 538 3987 ταπεινά
577 3951 743 4003 φησιν
778 3937 810 4002 ἡ
838 3936 1027 4006 Γραφή
1056 3954 1071 3968 ο
1107 3937 1323 4003 Κύριος
1363 3937 1432 3990 ἐκ
1475 3937 1581 3990 τοῦ
1618 3935 1876 4004 οὐρανοῦ

301 4026 574 4094 διέκυψε,
603 4026 700 4080 καὶ
731 4023 855 4080 εἶδε
880 4027 1022 4093 τοὺς
1049 4027 1220 4093 υἱοὺς
1241 4025 1359 4080 τῶν
1382 4027 1706 4096 ἀνθρώπων
1724 4045 1735 4056 '
1759 4027 1872 4092 καὶ,

303 4119 580 4184 καταϐὰς
609 4119 832 4188 ὄψομαι
857 4136 871 4149 ·
919 4122 1014 4172 καὶ
1049 4121 1220 4191 μυρία
1251 4120 1500 4174 τοιαῦτα.
1567 4119 1752 4189 [Ιολλῷ
1782 4116 1876 4173 οὖν

306 4210 510 4276 μᾶλλον
541 4211 670 4279 περὶ
702 4209 796 4261 τοῦ
846 4210 1080 4280 Χριστοῦ
1115 4211 1207 4264 τοῦ
1255 4209 1312 4262 δὲ
1367 4210 1745 4280 σαρκωθὲντος
1781 4211 1876 4263 καὶ

305 4299 576 4359 παθόντος
624 4301 683 4352 ἐν
736 4300 1132 4369 σαρκὶ,ἆλλω;
1163 4319 1220 4354 τε
1274 4302 1367 4354 καὶ
1419 4301 1553 4370 πρὸς
1601 4301 1875 4371 πληροφο-

307 4393 428 4459 ρίαν
462 4389 575 4443 τῶν
619 4390 948 4455 ἀκουόντων,
995 4392 1088 4443 καὶ
1117 4391 1206 4444 διὰ
1246 4393 1345 4458 τὴν
1371 4391 1550 4444 αὐτῶν
1590 4391 1874 4444 ἀσθένειαν

303 4486 554 4552 εἴρηταιο
593 4482 688 4534 καὶ
727 4481 837 4553 γὰρ
864 4483 913 4534 oi
943 4481 1219 4549 ἄνθρωποι
1248 4483 1347 4553 τὴν
1393 4485 1592 4553 πεῖραν
1621 4483 1872 4535 πιστοτέ-

307 4591 400 4643 ραν
434 4573 656 4626 πάντων
685 4574 941 4643 ἥγηνται.
987 4575 1052 4626 Ὃ
1106 4573 1161 4626 δὲ
1191 4573 1360 4642 λέγει,
1408 4575 1648 4628 τοιοῦτόν
1682 4577 1828 4628 ἐστιν
1861 4592 1873 4605 ·

307 4667 414 4732 υῦχ
443 4665 517 4726 ὡς
535 4666 668 4727 Θεὸς
701 4665 859 4733 μόνος
889 4659 1048 4730 οἶδεν,
1077 4666 1214 4719 ἀλλᾶ
1237 4666 1329 4718 καὶ
1355 4666 1429 4729 ὡς
1457 4667 1745 4736 ἄνθρωπος
1785 4667 1875 4720 διὰ

301 4757 399 4824 τῆς
431 4757 625 4825 πείρας
655 4755 814 4822 ἔγνω.
845 4757 951 4809 Καὶ
979 4758 1012 4827 ἡ
1041 4754 1178 4826 σὰρξ
1203 4758 1314 4826 γὰρ
1334 4758 1475 4828 αὑτὴ
1499 4775 1593 4812 του
1635 4758 1873 4829 Χριστοῦ

304 4849 478 4901 πολλὰ
533 4846 777 4899 ἔπαθεν·
843 4841 951 4899 οἶδε
994 4847 1047 4898 τί
1095 4849 1212 4900 ὲστι
1266 4845 1464 4916 θλίψις,
1499 4843 1605 4901 οἶδε
1657 4849 1711 4900 τι
1759 4849 1876 4900 ἐστι

307 4939 656 5007 πειρασμόςο
711 4937 852 4990 ὥστε
917 4937 1139 4991 δύναται
1199 4937 1506 5006 βοηθῆσαι,
1574 4938 1696 4991 ἀντὶ
1759 4938 1874 5001 τοῦ,

309 5028 594 5101 πρόθυμρς
635 5029 682 5062 ³⁸
734 5030 883 5082 ἐστιν
955 5031 1036 5092 εἰς
1084 5028 1146 5082 τὸ
1201 5029 1386 5082 δοῦναι
1434 5032 1594 5101 χεῖρα
1657 5049 1875 5101 συμπα-

307 5121 482 5183 θείας.

417 5399 430 5428 ¹
461 5395 651 5450 Matth.
692 5411 730 5460 ι,
765 5395 858 5450 2t.

933 5397 954 5428 '
994 5393 1139 5451 Psal.
1173 5411 1292 5461 χιιι,
1323 5395 1376 5452 2.
1455 5397 1475 5428 ³
1504 5395 1639 5450 Gen.
1676 5411 1828 5464 svnt,
1863 5395 1954 5449 2t.

2054 3295 2334 3352 Vens.18.
2373 3294 2439 3349 In
2466 3311 2525 3349 eo
2572 3294 2709 3348 enim
2739 3293 2794 3346 in
2847 3307 2948 3361 quo
2972 3306 3157 3360 passus
3217 3300 3295 3343 est
3344 3289 3454 3357 ipse
3501 3297 3553 3341 ct

1979 3397 2234 3452 tentatus,
2261 3395 2427 3456 potest
2456 3387 2531 3439 eis
2558 3387 2570 3416 '
2603 3386 2692 3455 qui
2717 3393 2990 3436 tentantur
3035 3381 3308 3456 auxiliari.
3334 3379 3552 3434 Htunile

1978 3476 2198 3546 quidem
2259 3476 2385 3538 hoc,
2415 3485 2473 3530 et
2530 3475 2654 3539 vile,
2712 3474 2930 3543 Deoque
2982 3472 3268 3541 indignum
3318 3469 3550 3524 videtur.

1979 3567 2116 3622 Cum
2163 3569 2308 3622 enim
2340 3567 2548 3622 Paulus
2585 3567 2653 3621 de
2679 3581 2844 3620 carne
2875 3565 3120 3628 disserit,
3151 3565 3332 3618 omnia
3369 3563 3554 3616 lunni-

1977 3660 2049 3714 lia
2081 3661 2344 3729 loquitur,
2378 3666 2751 3712 verumtamen
2789 3673 2897 3711 non
2941 3665 3024 3711 est
3054 3656 3334 3724 indignum
3367 3670 3553 3712 carne.

1979 3751 2162 3822 Neque
2197 3753 2298 3806 hoc
2349 3751 2545 3804 tnirum
2582 3749 2818 3818 cuipiam
2866 3748 3036 3802 videri
3068 3746 3226 3801 debet
3258 3763 3274 3799 ι
3303 3748 3555 3816 quando-

1978 3845 2197 3916 quidem
2225 3844 2371 3899 etde
2399 3843 2559 3900 Patre
2589 3845 2680 3912 qui
2717 3858 2827 3898 non
2897 3845 3240 3908 incarnatus,
3291 3844 3553 3913 pleraque

1977 3937 2044 3991 ad
2069 3937 2340 3993 hominem
2376 3935 2701 4005 pertinentia
2737 3943 2792 3990 et
2845 3936 3070 3989 humilia
3129 3934 3414 4002 Scriptura
3475 3935 3555 3986 lo-

1977 4038 2196 4099 quatur.
2223 4037 2283 4082 ut
2308 4047 2322 4081 :
2347 4027 2602 4081 Dominus
2631 4027 2692 4081 de
2717 4027 2846 4080 ca'lo
2869 4028 3154 4094 prospexit.
3188 4036 3237 4078 et
3267 4025 3393 4078 vidit
3412 4026 3553 4092 ﬁlios

1979 4121 2245 4176 hominum
2273 4123 2335 4186 ’;
2369 4135 2434 4175 ac
2465 4137 2477 4173 :
2519 4118 2842 4173 Descendam
2878 4127 2928 4170 et
2993 4117 3171 4169 uidebo
3206 4117 3227 4148 ⁸
3254 4154 3268 4178 ,
3302 4116 3553 4168 innume-

1978 4230 2152 4284 raque
2218 4215 2322 4267 alia
2378 4211 2714 4282 ltujusmodi.
2782 4210 2954 4264 Multo
3001 4209 3183 4278 potius
3258 4208 3426 4278 igitur
3483 4207 3551 4262 de

1977 4305 2198 4360 Christo
2221 4305 2526 4367 incarnato,
2579 4311 2633 4356 et
2657 4302 2709 4354 in
2743 4315 2908 4354 carne
2941 4314 3124 4369 passo,
3163 4299 3460 4367 prmsertitn
3493 4306 3552 4351 ut

1978 4396 2238 4451 certiores
2261 4393 2620 4449 redderentur
2652 4392 2954 4453 auditores,
2977 4401 3026 4444 et
3059 4399 3279 4459 propter
3305 4389 3546 4457 ipsorum

1979 4485 2411 4540 imbecillitatem
2460 4483 2629 4536 multa
2674 4481 2821 4536 dicta
2854 4489 3006 4536 sunt.
3049 4479 3260 4535 Etenim
3300 4480 3549 4533 homines

1979 4579 2376 4650 experientiam
2409 4578 2674 4632 omnibus
2714 4576 2837 4631 aliis
2870 4575 3160 4631 certiorem
3186 4575 3546 4629 arbitrantur.

1977 4669 2131 4736 Quod
2157 4678 2339 4723 autem
2375 4668 2528 4734 dicit,
2557 4681 2642 4725 est
2698 4667 3014 4736 huiusmodi
3051 4684 3067 4722 :
3127 4667 3243 4722 Non
3277 4677 3548 4737 quatenus

1976 4761 2125 4816 solus
2147 4759 2286 4813 Deus
2306 4759 2477 4823 novit,
2505 4775 2688 4812 verum
2723 4760 2885 4812 etiam
2911 4767 3180 4827 quatenus
3210 4757 3371 4810 homo
3404 4757 3551 4810 novit

1977 4865 2074 4920 per
2102 4847 2512 4918 experientiam.
2575 4845 2709 4899 Nam
2783 4847 2898 4916 ipsa
2953 4847 3160 4902 Christi
3221 4861 3351 4901 caro
3406 4845 3549 4898 haud

1984 4955 2158 5009 pauca
2217 4938 2528 4995 toleravit:
2585 4939 2736 4990 novit
2797 4938 2928 5006 quid
2980 4940 3052 4993 sit
3112 4936 3274 5008 665
3307 4935 3546 4997 amictio,

1985 5031 2138 5085 novit
2179 5030 2307 5099 quid
2338 5031 2406 5084 sit
2436 5031 2682 5084 lentatio.
2721 5027 2906 5099 Itaque
2939 5037 3118 5100 potest
3150 5028 3421 5087 auxiliari,
3446 5026 3548 5078 hoc

1982 5131 2088 5184 est,
2117 5129 2501 5191 promptusest
2530 5121 2593 5177 ad
2618 5136 2838 5177 manum
2873 5120 3272 5193 compassiouis
3332 5115 3546 5173 amictis

1983 5214 2384 5285 porrigeudam.

1650 5525 1849 5587 Variae
1878 5524 2210 5589 lectiones.

378 5649 420 5678 "
449 5648 585 5702 πάνυ
615 5645 865 5701 ταπεινὸν
901 5648 1051 5701 τοῦτο
1087 5665 1140 5703 0.
1220 5649 1260 5679 "
1287 5647 1422 5720 μετᾶ
1452 5649 1652 5722 πολλῆς
1685 5648 1987 5722 προθυμὶλς
2014 5651 2190 5720 ὀρέξει
2221 5669 2271 5720 χ.
