4014 6208
405 272 514 339 219

994 354 1372 438 carur'un

476 483 644 536 Vnus.
679 479 728 532 ι.
761 474 929 537 Unde,
955 473 1151 543 fratres
1177 471 1370 535 sancti,
1406 465 1698 522 uocationis
1744 459 1970 518 etzlestis

1247 251 1822 324 THEOPHYLACTI
1853 241 2266 309 BULGARl/E
2290 239 2645 304 ARCHIEP.

3518 229 3640 297 220

2670 349 2918 405 ΚΕΦΑΛ.
2971 349 3046 403 I".

2139 448 2338 512 Ὅθεν,
2390 443 2638 513 ἀδελφοὶ
2690 442 2845 511 ἅγιοι
2878 479 2894 502 ,
2941 438 3218 504 κλήσεως
3270 434 3638 504 ἐπουρανίου

405 573 707 642 participes.
757 566 926 629 Unde,
955 521 1061 619 hoc
1083 572 1187 624 est,
1226 568 1512 633 postquam
1564 559 1733 613 talem
1791 555 1969 623 ipsum

2094 539 2328 608 ιέτοχοι.
2362 538 2562 598 Ὅθεν,
2613 534 2912 596 τουτέστιν,
2961 529 3145 601 ἐπειδὴ
3187 527 3430 582 τοιοῦτον
3482 521 3636 579 εἶπον

2121 631 2134 642 ι
2181 631 2194 642 ι
2283 630 2295 642 ο
2482 631 2496 642 ι
2603 622 2627 642 τ
2826 641 2837 642 γ
2877 623 2892 642 \
2927 641 2931 642 ν
3004 621 3091 642 κμμὶ
3137 619 3494 642 I\_-_-J----.-..
3520 623 3636 642 -..ν-

407 660 720 718 Pontiﬁcem
765 670 888 710 esse
923 655 1060 718 dixi,
1090 651 1347 707 nimirum
1378 651 1615 714 ﬁdelem,
1642 657 1693 702 et
1721 647 1813 717 qui
1832 657 1974 716 pro-

409 754 577 822 pitius
605 755 752 803 esset
799 745 1040 813 peccatis
1062 743 1290 807 nostris,
1317 749 1374 796 et
1399 750 1583 811 posset
1629 738 1788 793 nobis
1818 734 1975 789 auxi-

408 843 532 898 liari
561 861 577 896 :
616 838 966 896 considerate
1007 837 1210 898 isthuc,
1240 843 1296 889 et
1322 833 1609 888 invenietis
1631 828 1854 885 omnino
1894 825 1976 880 sic

408 949 529 990 sese
560 932 783 987 habere.
841 928 1142 984 Vocationis
1173 936 1353 982 autem
1393 924 1616 980 caelestis
1667 921 1973 990 participes,

409 1017 583 1083 dixit,
637 1017 740 1071 hoc
789 1023 910 1081 est,
967 1014 1080 1070 illic
1132 1012 1315 1067 vocati
1377 1025 1570 1066 smnus
1609 1021 1626 1060 :
1664 1007 1801 1062 nihil
1845 1019 1976 1075 ergo

415 1109 507 1163 hic
571 1121 884 1178 qua-ramus
933 1122 949 1160 :
995 1104 1109 1160 illic
1187 1116 1399 1158 merces
1459 1109 1578 1163 est,
1637 1097 1751 1152 illic
1819 1095 1982 1150 retri-

412 1197 588 1254 hutio.

482 1288 828 1344 Considerate
863 1285 1161 1354 apostolum
1195 1293 1246 1339 et
1280 1283 1580 1352 pontiﬁcem
1633 1278 1979 1348 confessionis

389 1389 608 1435 nostra?
633 1378 816 1433 Jesum
838 1377 1131 1432 Christum.
1153 1376 1378 1443 Propter
1393 1387 1614 1428 carnem
1644 1372 1828 1426 omnia
1851 1377 1981 1424 sunt

415 1471 664 1531 humilia.
719 1479 778 1524 ut
818 1469 1018 1539 saepius
1071 1468 1278 1522 dictum
1305 1473 1408 1521 est.
1451 1463 1749 1532 Apostolus
1801 1462 1981 1529 itaque

411 1561 537 1616 ideo
563 1561 788 1623 dicitur,
833 1559 976 1630 quod
1039 1559 1112 1613 sit
1144 1557 1429 1626 ablegatus
1477 1554 1543 1608 ad
1597 1568 1727 1608 oves
1787 1552 1982 1607 domus

411 1653 599 1708 Israel.
623 1651 868 1705 Pontifex
901 1659 1084 1704 autem
1135 1649 1482 1717 confessionis
1499 1655 1716 1710 nostraz,
1743 1646 1846 1701 hoc
1870 1652 1978 1709 est,

2074 631 2238 684 αὐτὸν
2271 630 2536 700 ἀρχιερέα
2574 622 2716 680 εἶναι
2745 623 2954 686 πιστὸν,
3002 621 3097 674 καὶ
3137 619 3494 685 ίλασκὸμενον
3519 623 3638 680 ταῐς

2072 725 2371 793 ἁμαρτίαις
2393 720 2576 792 ἡμῶν,
2596 719 2690 773 καὶ
2718 717 3016 785 δυνάμενον
3048 713 3264 783 βοηθεῖν
3282 729 3297 744 ⁸
3325 712 3638 780 σκοπήσατε

2072 815 2167 868 καὶ
2191 813 2454 882 εὑρήσετε
2487 811 2704 870 πάντως
2747 805 2909 860 τοῦτο
2948 806 3120 868 οὕτως
3160 803 3305 872 ἔχον.
3351 801 3643 870 κλήσεως

2069 907 2162 967 δὲ,
2204 905 2394 974 φησιν,
2442 901 2808 969 ἐπουρανίου
2852 897 3133 966 μέτοχοι·
3185 896 3491 960 τουτέστιν,
3527 896 3646 947 ἐκεῖ

2076 992 2407 1063 ἱκλήθημεν,
2442 990 2608 1061 μηδὲν
2637 987 2872 1042 ἐνταῦθα
2898 985 3150 1058 ζητῶμεν
3175 1000 3193 1013 ⁸
3225 986 3342 1037 ἐκεῖ
3367 987 3396 1037 6
3426 982 3646 1055 μισθὸς,

2076 1085 2196 1138 ἐκεῖ
2214 1085 2246 1153 ἡ
2272 1081 2650 1143 ἀντάτιόδοσις.

2151 1261 2574 1328 Κατανοήσατε
2593 1260 2699 1314 τὸν
2735 1260 3088 1314 ἀπόστολον
3113 1258 3210 1313 καὶ
3239 1258 3515 1326 ἀρχιερέα
3535 1257 3648 1327 τῆς

2081 1354 2402 1424 ὁμολογίας
2424 1353 2593 1421 ἡμῶν
2617 1352 2857 1420 Ἰησοῦν
2879 1353 3158 1419 Χριστόν.
3183 1350 3282 1404 Διά
3311 1349 3410 1420 τὴν
3433 1352 3649 1422 σάρκα,

2081 1447 2262 1502 πάντα
2302 1447 2555 1508 ταπεινὰ,
2595 1446 2670 1510 ὠς
2716 1445 2978 1508 πολλάκις
3028 1445 3269 1512 εἴρηται.
3324 1445 3642 1508 ’Δπόστολος

2087 1539 2185 1608 μὲν
2207 1535 2321 1605 οὖν,
2362 1538 2514 1610 παρὰ
2543 1538 2604 1591 τὸ
2639 1536 2977 1591 ἀπεστάλθαι
3008 1537 3088 1599 είς
3124 1535 3192 1589 τὰ
3223 1535 3467 1606 πρόϐατα
3493 1537 3654 1590 οἴκου

2098 1632 2334 1701 Ἰσραήλ.
2415 1630 2732 1700 Ἀρχιερείις
2803 1630 2859 1682 δὲ
2915 1628 3017 1696 τῆς
3080 1629 3401 1699 ὁμολογίας
3457 1629 3647 1697 ἡμῶν,

413 1742 539 1798 ﬁdei
582 1756 727 1796 :non
764 1741 909 1795 enim
959 1740 1160 1810 legalis
1203 1709 1388 1794 cultus
1439 1709 1838 1803 Pontifexcst,
1885 1737 1981 1793 sed

2094 1722 2372 1785 τουτέστι,
2431 1721 2530 1790 τῆς
2578 1720 2816 1778 πίστεως
2835 1735 2856 1751 ·-
2900 1720 2960 1773 οὐ
3012 1718 3121 1788 γὰρ
3158 1719 3258 1788 τῆς
3300 1720 3440 1772 κατὰ
3489 1719 3651 1788 νόμον

413 1842 616 1889 nostrae
642 1831 788 1886 lidei.

485 2012 720 2068 Vsus.2.
763 2012 868 2080 Qui
903 2012 1077 2082 fidelis
1130 2020 1210 2067 est
1261 2013 1314 2067 ei
1374 2012 1465 2081 qui
1517 2009 1758 2081 prefecit
1810 2009 1984 2075 illum,

413 2103 551 2157 sicut
571 2112 620 2157 et
657 2102 830 2158 Moses
863 2105 916 2158 in
941 2113 1054 2159 tota
1114 2105 1269 2157 domo
1322 2102 1459 2168 eius.
1518 2101 1800 2157 Christum
1851 2099 1986 2156 Mosi

415 2194 848 2262 antepositurus,
883 2193 1261 2260 pontiﬁcatum
1335 2194 1389 2247 in
1443 2192 1678 2247 medium
1733 2190 1985 2261 protulit.

408 2293 472 2339 -ει
530 2284 658 2338 huic
714 2291 770 2340 ει
832 2283 909 2338 illi
958 2284 1214 2354 pupulum
1283 2284 1637 2339 commissum
1686 2283 1984 2353 inquiens,

423 2376 636 2446 majora
683 2383 866 2431 tamen
929 2375 1152 2432 Christo
1221 2390 1382 2445 quam
1451 2375 1590 2430 Mosi
1671 2375 1987 2430 concredita

418 2460 616 2517 fuisse.
681 2462 958 2532 Principio
993 2470 1174 2516 tamen
1230 2462 1412 2517 statim
1469 2476 1576 2514 nou
1609 2460 1815 2515 indicat
1867 2475 1986 2514 eam

416 2553 816 2618 excellentiam,
851 2569 922 2610 ne
957 2555 1232 2608 resilirent
1274 2569 1288 2608 :
1339 2553 1548 2608 etiamsi
1588 2565 1820 2622 namque
1859 2553 1991 2608 iide-

425 2643 506 2698 lcs
583 2653 762 2708 erant,
825 2645 1054 2698 omnino
1136 2653 1316 2700 tamen
1392 2647 1571 2700 adhuc
1647 2647 1994 2703 adhaerebant

419 2733 554 2789 Mosi
612 2736 888 2790 :interim
951 2745 1129 2791 tamen
1200 2735 1486 2791 Dominum
1564 2736 1640 2790 illi
1722 2738 1990 2808 adaequat,

425 2825 680 2896 inquiens
720 2843 735 2881 :
775 2826 981 2881 Fidelis
1033 2835 1118 2882 est
1173 2827 1261 2882 ille
1301 2827 1484 2890 Patri,
1525 2829 1618 2896 qui
1685 2830 1812 2883 fecit
1867 2843 1992 2884 eum

428 2918 742 3002 pontiﬁcem
772 2925 829 2974 et
868 2919 1200 2988 apostolum.
1230 2917 1348 2973 Non
1370 2919 1513 2973 enim
1536 2919 1626 2973 hic
1651 2920 1719 2974 de
1742 2920 1994 2975 essentia:

2083 1812 2338 1882 λατρείας
2401 1811 2696 1882 ἀρχιερεύς
2766 1811 2914 1863 ἐστιν
2945 1851 2963 1877 ,
3032 1809 3170 1862 ἀλλὰ
3223 1811 3322 1880 τῆς
3378 1809 3652 1881 ἡμετέρας

2082 1904 2339 1966 πίστεως.

2151 1992 2380 2047 Πιστὸν
2430 1993 2576 2047 ὄντα
2619 1989 2701 2056 τῷ
2745 1989 3069 2058 ποιήσαντι
3136 1989 3324 2045 αὐτὸν
3348 2030 3363 2053 ,
3418 1992 3498 2057 ὼς
3552 1991 3668 2046 καε

2083 2083 2346 2152 Μωῦσῆς
2373 2083 2445 2137 ἐν
2491 2084 2612 2148 ὅλῳ
2643 2082 2724 2147 τῷ
2749 2082 2900 2148 οἴκῳ
2951 2081 3162 2137 αὑτοῦ.
3215 2082 3441 2137 Μέλλων
3469 2083 3514 2116 ³⁷
3559 2084 3666 2137 τὸν

2085 2175 2320 2244 Χριστὸν
2362 2174 2676 2245 προτιθέναι
2725 2174 2821 2227 τοῦ
2874 2171 3173 2236 Μωῦσέως,
3226 2171 3402 2242 ἧγαγε
3434 2171 3536 2243 μὲν
3573 2175 3654 2237 είς

2089 2266 2251 2336 μέσον
2283 2266 2380 2334 τὴν
2409 2266 2841 2335 ἀρχιερωσύνην,
2873 2264 2966 2318 καί
3011 2280 3198 2332 φησιν,
3232 2265 3315 2316 ὅτι
3347 2265 3459 2318 Καὶ
3497 2258 3662 2328 οὗτος

2088 2359 2340 2419 κάκεῖνος
2370 2355 2498 2410 λαὸν
2523 2358 2951 2425 ὲγκεχείρισται,
3000 2355 3139 2423 πλὴν
3196 2353 3312 2407 ἀλλ’
3351 2355 3443 2407 ἐπὶ
3475 2354 3647 2424 μείζο-

2089 2470 2173 2506 σιν
2201 2445 2375 2514 οὗτος.
2424 2452 2574 2514 Τέως
2605 2450 2660 2502 δὲ
2698 2452 2754 2503 ὲν
2791 2451 2934 2519 ἀρχῇ
2967 2451 3027 2503 οὐ
3058 2449 3295 2502 δείκνυσι
3325 2449 3425 2519 τὴν
3459 2450 3662 2521 ὑπερο·

2088 2544 2208 2614 χὴν,
2241 2545 2324 2597 ἵνα
2349 2544 2422 2615 μὴ
2446 2543 2870 2613 ἀποπηδήσωσιν
2895 2557 2908 2571 ·
2945 2543 2992 2594 εί
3015 2541 3123 2609 γὰρ
3153 2541 3248 2594 καὶ
3274 2541 3456 2594 πιστοὶ
3489 2538 3670 2612 ἦσαν,

2087 2635 2236 2704 ὅμως
2264 2635 2401 2687 πάνυ
2435 2651 2486 2686 τι
2519 2631 2920 2702 προσδεέκειντο
2953 2631 3030 2702 τῷ
3057 2631 3246 2685 Μωσεϊ
3276 2647 3290 2663 ⁸
3346 2630 3482 2683 ἀλλὰ
3507 2631 3648 2694 τέως

2088 2727 2260 2793 ἐξισοί
2287 2727 2378 2778 τὸν
2433 2727 2634 2795 Κύριον
2680 2724 2875 2793 ἐκείνῳ
2901 2765 2917 2790 ,
2975 2723 3068 2776 καί
3107 2739 3292 2792 φησιν,
3332 2722 3413 2775 ὅτι
3455 2722 3660 2786 Πιστός

2094 2820 2210 2872 ἔστι
2238 2819 2331 2872 καὶ
2361 2809 2517 2880 οὗτος
2548 2816 2625 2886 τῷ
2662 2815 2836 2885 Πατρὶ
2859 2815 2938 2886 τῷ
2963 2815 3252 2885 ποιήσαντι
3278 2813 3436 2866 αὐτὸν
3468 2813 3658 2882 ἀρχιε-

2099 2910 2197 2981 ρέα
2233 2908 2330 2964 καὶ
2379 2908 2698 2962 ἀπόστολον.
2756 2908 2830 2960 Οὐ
2872 2907 2979 2977 γὰρ
3037 2905 3167 2975 περὶ
3211 2903 3522 2967 οὐσιὼσεως
3567 2907 3656 2956 ὲν-

420 2991 636 3065 ratio'ue
685 3027 867 3066 sermo
890 3020 994 3074 εει,
1033 3027 1218 3064 verum
1259 3010 1327 3064 de
1359 3011 1767 3066 commissione.
1793 3011 1990 3068 Fidelis

2095 2999 2269 3054 ταῦθα
2289 3002 2315 3052 6
2353 2998 2531 3066 λόγος,
2569 2997 2705 3052 ἀλλὰ
2735 2998 2862 3067 περὶ
2886 2997 3312 3068 προχειρὴσεως·
3346 2995 3539 3057 Πιστὸς
3564 2991 3664 3048 οὖν

424 3099 589 3166 igitur
616 3107 721 3163 est,
757 3099 861 3152 hoc
887 3108 993 3162 est,
1059 3099 1380 3163 benevolus,
1423 3113 1615 3152 curam
1660 3115 1853 3170 gerens
1897 3117 1994 3156 eo-

422 3203 542 3240 rum
575 3203 694 3256 qua:
718 3195 847 3243 sunt
877 3189 1074 3250 Patris,
1109 3196 1162 3243 et
1200 3203 1308 3242 non
1353 3187 1539 3245 siuens
1593 3204 1656 3244 ea
1693 3192 1991 3262 corrumpi,

422 3279 519 3332 sed
561 3278 793 3333 salutem
851 3279 1032 3346 potius
1091 3293 1280 3332 eorum
1331 3293 1601 3347 quaerens.
1644 3279 1998 3347 Quemadmo-

421 3375 546 3424 dum
584 3378 635 3424 et
657 3367 830 3423 Moses
858 3369 912 3422 in
953 3378 1063 3422 tota
1085 3370 1238 3422 domo
1251 3368 1388 3437 ejus,
1416 3369 1519 3424 hoc
1548 3379 1654 3434 est,
1682 3371 1736 3425 in
1774 3375 1990 3442 populo.

424 3463 658 3518 Domum
689 3460 836 3515 enim
876 3461 1134 3530 populum
1160 3469 1336 3522 vocat,
1394 3461 1620 3530 perinde
1646 3475 1708 3516 ac
1733 3478 1834 3518 nos
1864 3480 1994 3519 cou-

423 3547 706 3602 suevimus
733 3545 937 3611 dicere,
976 3546 1068 3600 llle
1116 3562 1183 3601 ex
1213 3547 1316 3601 hac
1347 3547 1510 3602 domo
1553 3556 1657 3603 cst.
1701 3549 1993 3616 Craterum,

429 3637 586 3707 Ejus,
621 3637 737 3693 sive
760 3637 872 3701 Dei,
893 3636 1007 3692 sive
1035 3636 1220 3692 Mosis.
1255 3637 1391 3691 Nam
1425 3647 1480 3692 et
1504 3639 1670 3694 Mosis
1714 3640 1997 3697 dicebatur

425 3727 686 3796 populus.
720 3733 817 3780 ut:
852 3725 1088 3794 Populus
1117 3734 1238 3780 tuus
1271 3729 1522 3795 percavit.
1557 3727 1834 3799 Tanquam
1868 3748 1990 3802 pro-

423 3825 647 3870 curator
670 3822 726 3869 et
742 3828 1060 3870 (Bcouomus
1093 3815 1315 3882 domus,
1344 3815 1639 3886 inquit,sic
1665 3827 1784 3873 erat
1817 3818 1995 3877 Moses

425 3908 483 3963 in
518 3907 738 3978 populo.

504 3995 668 4052 Vsus.
699 3995 756 4059 3,
791 3995 845 4049 4.
899 3994 1162 4064 Ampliori
1191 3998 1328 4048 enim
1363 3994 1544 4064 gloria:
1568 3997 1666 4050 iste
1692 4013 1802 4066 pro!
1850 3999 1998 4055 Jlose

424 4089 620 4158 dignus
643 4098 721 4142 est
767 4087 998 4150 habitus,
1017 4096 1212 4158 quanto
1236 4088 1545 4156 ampliorem
1573 4088 1819 4144 honorem
1844 4091 1998 4144 habet

426 4180 587 4232 domo
604 4180 648 4233 is
665 4179 755 4250 qui
781 4179 1053 4249 fabricavit
1085 4177 1255 4238 illam.
1289 4177 1475 4232 Omnis
1533 4195 1756 4250 namque
1808 4181 1993 4240 domus

427 4270 729 4341 fabricatur
757 4269 823 4324 ab
841 4270 1041 4338 aliqua.
1068 4270 1173 4336 Qui
1197 4278 1375 4323 autem
1405 4271 1582 4322 omnia
1613 4271 1834 4335 creavit,
1859 4270 1996 4326 Deus

2095 3092 2232 3152 ἐστι,
2284 3089 2586 3151 τουτέστιν,
2656 3087 2918 3152 εὐνοϊκὸς,
2979 3087 3375 3158 προϊστάμενος
3428 3086 3534 3138 τῶν
3565 3085 3662 3138 τοῦ

2095 3179 2329 3250 Πατρδς,
2374 3180 2466 3234 καὶ
2515 3178 2615 3232 οὐκ
2650 3179 2755 3232 ἐῶν
2811 3177 2950 3231 αὑτὰ
2985 3176 3336 3248 φθείρεσθαι,
3386 3176 3522 3230 ἀλλὰ
3562 3175 3663 3245 τὴν

2097 3273 2370 3344 σωτηρίαν
2397 3273 2579 3336 αὐτοῖς
2611 3273 3092 3344 περιποιούμενος.
3151 3272 3247 3338 Ὧς
3275 3271 3375 3330 καί
3403 3267 3670 3338 Μωυσῆς

2093 3361 2164 3414 ἐν
2201 3359 2322 3426 ὅλῳ
2376 3359 2456 3425 τῷ
2501 3361 2645 3426 οἴκῳ
2694 3361 2904 3424 αὐτοῦ,
2954 3362 3259 3427 τουτέστιν,
3301 3363 3360 3415 έν
3407 3360 3486 3432 τῷ
3522 3361 3658 3432 λαῷ.

2098 3447 2259 3504 Οἶκον
2290 3451 2399 3520 γὰρ
2421 3450 2510 3503 τὸν
2534 3451 2660 3504 λαὸν
2698 3450 2844 3519 λέγει
2870 3451 2938 3516 ⁸⁸,
2971 3452 3046 3515 ὡς
3072 3451 3166 3506 καὶ
3200 3453 3359 3522 ἡμεῖς
3385 3451 3663 3522 εἰώθαμεν

2100 3541 2302 3610 λέγειν,
2346 3541 2410 3595 '0
2451 3542 2597 3595 δεῖνα
2621 3541 2782 3612 τῆσδε
2813 3543 2911 3611 τῆς
2942 3541 3120 3607 οἰκίας
3153 3544 3318 3598 ἐστίν.
3349 3544 3546 3599 Αὐτοῦ
3583 3544 3666 3607 δὲ,

2096 3634 2215 3702 ἦτοι
2262 3631 2356 3685 τοῦ
2389 3630 2548 3697 Θεοῦ,
2608 3632 2641 3703 ἢ
2679 3632 2774 3686 τοῦ
2820 3633 3118 3692 Μωῦσέως.
3171 3633 3278 3685 Καὶ
3308 3633 3414 3705 γὰρ
3449 3634 3541 3687 καὶ
3570 3634 3668 3688 τοῦ

2095 3723 2231 3777 Μωῦ
2243 3723 2374 3786 τέως
2401 3723 2616 3792 ἐλέγετο
2642 3726 2672 3778 6
2698 3724 2846 3788 λαὸς,
2874 3723 2950 3786 ὡς
2972 3723 3055 3787 τὸ,
3096 3725 3161 3778 '0
3175 3726 3318 3788 λαός
3341 3741 3458 3780 σου
3482 3725 3670 3794 ἥμαρ-

2096 3827 2219 3865 τεν.
2272 3811 2359 3873 Ὠς
2398 3812 2716 3882 ἐπίτροπος,
2765 3811 2920 3882 φησὶ,
2980 3811 3076 3865 καὶ
3126 3814 3408 3883 οἰκονόμος
3463 3813 3664 3881 οἰκίας,

2095 3901 2269 3964 οὕτως
2300 3898 2368 3974 ἦν
2395 3903 2601 3972 Μωσῆς
2627 3901 2704 3972 τῷ
2731 3902 2868 3972 λαῷ.

2167 3994 2454 4060 Πλείονος
2488 3997 2597 4064 γὰρ
2627 3993 2813 4061 δόξης
2839 3990 3019 4060 οὗτος
3046 3997 3207 4061 παρὰ
3233 3993 3460 4062 Μωσῆν
3492 3996 3672 4062 ἠξίω-

2097 4103 2216 4150 ται,
2247 4088 2374 4140 καθ’
2413 4086 2566 4139 ὅσον
2605 4085 2859 4138 πλείονα
2901 4086 3079 4154 τιμὴν
3115 4087 3241 4154 ἔχει
3278 4086 3384 4140 τοῦ
3420 4087 3595 4162 οἶκον
3633 4090 3668 4141 ό

2097 4175 2560 4240 κατασκευάσας
2585 4177 2794 4229 αὐτόν.
2839 4175 2964 4241 Πᾶς
3002 4176 3111 4244 γὰρ
3139 4172 3305 4242 οἶκος
3335 4193 3667 4230 κατασκευο

2099 4270 2291 4331 ἅζεται
2314 4271 2437 4326 ὑπό
2466 4287 2630 4335 τινος
2652 4285 2666 4299 ο
2699 4272 2733 4323 d
2754 4269 2823 4322 δὲ
2860 4268 2932 4322 τὰ
2959 4267 3156 4321 πάντα
3185 4264 3668 4330 κατασκευάσας.

426 4370 530 4416 est.
565 4361 704 4416 Ecce
751 4360 838 4414 hic
863 4369 948 4414 est
977 4359 1299 4416 excellentia
1331 4375 1437 4428 qua
1493 4359 1758 4416 Dominus
1815 4362 1990 4418 Mosen

2104 4364 2268 4428 Θεὸς.
2339 4362 2470 4416 Ἰδοὺ
2522 4359 2758 4414 ἐνταῦθα
2811 4361 2906 4414 καὶ
2955 4361 2989 4428 ἡ
3036 4357 3316 4428 ὑπεροχὴ,
3365 4357 3432 4428 ἣν
3480 4356 3595 4426 ἔχει
3638 4359 3670 4410 6

427 4458 742 4517 exsuperat.
789 4446 1012 4514 Fidelis,
1045 4448 1432 4524 inquit,eratet
1469 4447 1559 4502 ille
1591 4447 1645 4502 iu
1673 4456 1781 4504 tota
1811 4450 1994 4517 domo,

430 4541 538 4594 hoc
561 4548 666 4607 est,
727 4541 780 4594 in
811 4540 1017 4608 popqu
1047 4555 1059 4590 :
1091 4546 1470 4594 verumtamen
1491 4551 1544 4594 et
1567 4541 1811 4611 ipsecrat
1855 4555 1996 4596 unus

432 4646 500 4684 ex
524 4629 707 4685 domo.
748 4627 918 4684 llmno
952 4628 1097 4683 enim
1142 4636 1196 4682 et
1237 4627 1353 4697 ipse
1397 4629 1622 4697 perinde
1650 4645 1715 4684 ac
1771 4630 1992 4696 caeteri;

433 4719 648 4777 etiamsi
669 4730 895 4776 sanctus
925 4729 1064 4785 erat,
1089 4730 1142 4774 et
1157 4721 1600 4792 conservusipsis
1616 4731 1735 4777 erat
1765 4737 1778 4775 :
1807 4737 2000 4791 quem-

436 4817 730 4872 admodum
786 4815 841 4869 in
871 4815 1036 4886 666
1078 4815 1288 4872 aedibus
1339 4828 1745 4886 procuratores,
1785 4817 2000 4873 etiamsi

433 4914 665 4962 caeteros
725 4905 1066 4976 praecellant,
1113 4906 1238 4961 aliis
1282 4916 1460 4962 tamen
1527 4907 1782 4963 conservi
1851 4915 2000 4962 sunt.

436 5000 706 5066 Quoniam
743 4999 911 5069 igitur
949 5007 1005 5054 ct
1051 4998 1167 5067 ipse
1197 5015 1323 5068 pars
1353 5001 1546 5054 domus
1573 5007 1713 5066 erat,
1747 4999 2004 5055 conditus

435 5102 522 5148 est
547 5101 602 5146 et
627 5092 740 5161 ipse
783 5106 812 5145 a
835 5090 1117 5162 quapiam,
1143 5099 1199 5145 et
1231 5093 1323 5162 qui
1348 5090 1591 5147 condidit
1648 5090 1852 5160 ipsum,
1910 5106 2005 5146 ex-

439 5181 588 5235 cellit
626 5194 751 5234 eum
812 5179 1059 5235 omnino.
1112 5179 1368 5234 Condidit
1431 5189 1611 5234 autem
1668 5196 1791 5234 eum
1837 5178 2005 5236 Filius

443 5272 556 5337 Dei,
590 5271 682 5342 qui
713 5285 931 5326 carnem
965 5272 1193 5340 accepit,
1234 5282 1286 5326 et
1317 5273 1556 5341 pontil'ex
1585 5271 2001 5341 propteripsum

442 5361 657 5416 audiit:
700 5361 918 5418 excellit
955 5360 1139 5431 itaque
1184 5375 1330 5416 etun.
1373 5359 1760 5414 Animadvette
1805 5361 1993 5427 itaque

2103 4453 2305 4524 Κύριος
2354 4452 2490 4520 πρὸς
2541 4451 2805 4521 Μωῦςῆν.
2855 4452 3024 4520 Φησὶν
3066 4445 3180 4514 οὖν,
3217 4450 3300 4502 ὅτι
3335 4447 3536 4509 Πιστὸς
3573 4446 3677 4516 μὲν

2102 4540 2171 4614 ἦν
2196 4546 2543 4606 κὰκεῖνοςέν
2578 4544 2684 4614 ὅλῳ
2707 4542 2785 4612 τῷ
2809 4544 2964 4612 οἴκῳ,
2989 4543 3288 4605 τουτέστιν,
3327 4544 3384 4594 ὲν
3406 4539 3483 4609 τῷ
3515 4537 3632 4609 λαῷ
3656 4555 3671 4567 ·

2104 4635 2242 4706 πλὴν
2272 4635 2366 4688 καὶ
2393 4634 2555 4698 αὐτὸς
2588 4630 2668 4696 εἷς
2689 4630 2758 4705 ἦν
2784 4633 2877 4684 τοῦ
2897 4637 3049 4688 οἴκου
3075 4650 3089 4662 ο
3124 4631 3412 4703 ἄνθρωπος
3440 4630 3548 4698 γὰρ
3576 4629 3678 4681 καὶ
3763 4636 3773 4644 “

2103 4728 2286 4790 αὐτὸς,
2320 4727 2396 4790 ὡς
2417 4727 2511 4779 καὶ
2543 4727 2592 4779 οἱ
2623 4725 2819 4778 λοιποί’
2854 4727 2902 4778 εἰ
2937 4725 3030 4777 καὶ
3058 4724 3234 4792 ἆγιος,
3269 4723 3362 4774 καὶ
3390 4720 3679 4791 ὁμόδουλος

2047 4873 2056 4881 ,
2105 4818 2321 4880 αὐτοῖς’
2357 4819 2432 4880 ὡς
2458 4817 2554 4871 καὶ¹
2580 4817 2638 4870 ἐν
2675 4817 2795 4880 ταῖς
2829 4814 3030 4876 οἰκίαις
3053 4815 3104 4866 οἱ
3146 4814 3454 4883 ἐπίτροποι,
3494 4810 3543 4862 εί
3581 4810 3684 4864 καί

2111 4907 2405 4977 προέχουσι
2437 4906 2548 4960 τῶν
2578 4905 2804 4968 λοιπῶν,
2845 4903 2984 4974 πλὴν
3014 4901 3292 4972 ὁμόδουλοι
3331 4901 3446 4962 τοῖς
3471 4897 3674 4958 ἄλλοις.

2119 4997 2273 5052 Ἐπεὶ
2302 4997 2395 5050 οὖν
2434 4997 2529 5049 καὶ
2575 4997 2738 5059 αὐτὸς
2776 4995 2940 5066 μέρος
2986 4993 3082 5047 τοῦ
3114 4992 3266 5044 οἴκου
3315 4985 3406 5059 ἦν,
3450 4984 3676 5056 ἐκτίσθη

2109 5088 2203 5141 καὶ
2236 5088 2396 5150 αὐτος
2445 5087 2549 5140 ὑπό
2593 5103 2758 5151 τινος,
2799 5087 2891 5137 καὶ
2923 5086 2950 5136 6
2989 5083 3178 5145 κτίσας
3211 5080 3376 5135 αὐτὸν
3417 5077 3679 5144 ὑπερέχει

2111 5178 2277 5231 αὑτοῦ
2329 5177 2566 5237 πάντως.
2619 5177 2841 5228 Ἔκτισε
2871 5175 2928 5226 δὲ
2972 5171 3134 5226 αὑτὸν
3163 5173 3191 5222 6
3238 5168 3365 5230 Υἱὸς
3420 5164 3512 5217 τοῦ
3538 5160 3678 5214 Θεοῦ

2109 5271 2138 5322 6
2170 5269 2346 5339 σάρκα
2371 5267 2572 5333 λαϐὼν,
2608 5270 2702 5320 καὶ
2730 5263 3047 5338 ’Λρχιερεὺς
3087 5261 3154 5316 δι’
3192 5259 3353 5313 αὐτὸν
3386 5256 3429 5286 ³⁸
3456 5265 3682 5320 χρημα-

2106 5361 2299 5424 τίσας’
2361 5360 2457 5416 καὶ
2513 5359 2772 5433 ὑπερέχει
2827 5358 2938 5428 ἄρα
2991 5354 3178 5410 αὐτοῦ.
3241 5353 3386 5423 Ὅρα
3431 5341 3525 5401 οὖν
3559 5341 3681 5406 πῶς

1779 5537 1979 5600 Vatia)
2019 5537 2343 5601 lectiones.

521 5635 562 5667 ’τ
604 5636 770 5692 θέλων
793 5656 862 5694 ιιι.
941 5637 985 5675 ³⁸
1014 5639 1166 5695 καλεῖ
1197 5657 1248 5698 ο.
1327 5641 1369 5675 ³³
1407 5639 1572 5713 αὐτὴν
1606 5657 1660 5698 0.
