4014 6208
376 315 482 379 ΞΞῖ
1203 301 1777 363 TlIEOPllYLACTI
1813 294 2222 357 BliLGARIE
2258 295 2295 350 Α
2311 289 2616 350 RCIIIEP.
3491 274 3600 336 ΞΞᾷ

366 432 522 475 terra:
555 419 905 479 admirantes,
943 413 1032 468 sed
1065 421 1440 466 asseverantes
1478 407 1927 478 inexpugnabiles
1957 438 1966 464 ἐ

2036 405 2293 476 ἶκομένους
2323 402 2418 474 τὴν
2450 402 2612 471 φύσιν
2685 400 2781 468 τῆς
2836 396 2960 466 γῆς,
2993 395 3074 456 εἰς
3122 394 3188 464 ἢν
3222 389 3445 462 ἔμελλον
3484 392 3598 442 εἰσ-

363 527 484 566 esse
517 509 764 563 homines
795 505 885 575 qui
906 518 1022 558 eam
1043 514 1238 555 terram
1276 500 1660 553 inhabitarent.
1691 498 1930 568 POpulus

2036 497 2216 550 ελθεῖν.
2253 497 2314 548 Οἱ
2336 495 2389 547 δὲ
2417 491 2745 553 ἀπελθόντες
2774 486 3144 557 ὑπέστρεψαν,
3174 484 3273 555 τὴν
3299 483 3397 552 μὲν
3435 481 3598 550 φύσιν

363 603 550 672 igitur,
579 615 700 654 cum
738 596 1010 650 debuisset
1057 592 1356 660 expendere
1389 589 1479 644 Dei
1512 591 1928 659 insuperabilem

2036 591 2119 658 τῆς
2141 588 2243 656 γῆς
2260 586 2305 618 ⁸³
2343 584 2735 652 θαυμάζοντες,
2757 578 3078 650 ἀνθρώπους
3109 577 3290 646 μέντοι
3310 577 3600 644 ἀπρόσμα-

365 665 692 760 potentiam,
749 684 1074 740 consternati
1128 683 1308 751 po:ius
1359 682 1698 737 sermonibus
1757 682 1929 742 hisce,

2036 683 2223 752 (ήτους
2270 681 2542 734 κατοικεῖν
2596 675 2800 744 ταύτην
2843 673 3114 740 λέγοντες.
3163 670 3220 723 '0
3262 668 3439 722 τοίνυν
3473 665 3599 730 λαὸς

371 780 803 839 nturmnrabant,
834 787 994 844 atque
1027 775 1081 827 in
1127 773 1420 843 Egyptum
1459 774 1652 827 reverti
1681 782 1932 842 oportere

2036 773 2140 826 Ξέον
2193 767 2616 837 ὑπολογίσασθαι
2671 768 2769 836 τὴν
2828 763 2922 817 τοῦ
2990 761 3127 815 Θεοῦ
3174 760 3604 828 ἀκαταμάχητον

315 929 320 933 _
365 872 680 927 censebant.
721 870 1032 939 Indignatus
1072 868 1254 936 itaque
1306 866 1447 918 Dens
1478 866 1619 934 quod
1651 866 1786 918 adeo
1840 878 1932 940 ce;-

2036 851 2278 931 5ύναμιν,
2321 858 2761 926 καταπλαγέντες
2792 857 2904 918 τοῖς
2945 855 3126 922 λόγοις
3176 853 3408 916 τούτοις,
3437 851 3597 918 ἐγόγ-

367 964 549 1019 leriter
575 970 651 1016 tot
683 959 1081 1014 admirabilium
1109 973 1330 1026 operunt
1361 972 1584 1010 suorum
1611 955 1931 1009 memoriam

2038 951 2189 1018 γυζον
2212 949 2354 1013 ⁸³⁸⁸⁸,
2382 950 2475 1000 καὶ
2514 949 2592 1010 εἰς
2625 946 2901 1012 Αἴγυπτον
2918 943 3355 1012 ἀποστρέφεσθαι
3378 940 3602 1000 τούτους

365 1054 710 1122 repulissent,
742 1053 944 1120 juravit
973 1067 1081 1104 non
1117 1051 1482 1120 ingressuram
1525 1047 1930 1116 generationem

2036 1041 2135 1093 δεῖν
2166 1039 2436 1108 ἐνόμιζον.
2481 1035 2784 1105 Ὀργισθεὶς
2814 1031 2908 1086 οὖν
2952 1033 2980 1085 ὁ
3011 1031 3166 1096 Θεὸς,
3213 1031 3295 1082 ὅτι
3329 1047 3432 1099 περ
3459 1029 3605 1082 οὕτω

366 1147 511 1199 illam
592 1160 714 1212 quae
801 1154 1194 1197 murmurasset
1271 1143 1322 1193 in
1404 1150 1604 1194 terram
1703 1138 1908 1206 promis

2036 1132 2235 1202 ταχέως
2263 1129 2360 1199 τὴν
2392 1127 2500 1180 τῶν
2530 1126 2801 1179 τοσούτων
2840 1122 3160 1189 θαυμασίων
3188 1123 3408 1192 μνήμην
3445 1119 3600 1171 ἀπώ-

366 1234 609 1288 sionis:
686 1249 874 1287 ontncs
953 1234 1116 1286 etiam
1203 1230 1479 1298 perierunt
1563 1229 1616 1282 in
1700 1227 1932 1291 deserto,

2036 1239 2209 1286 σαντο,
2243 1219 2423 1289 ὤμοσε
2463 1219 2536 1289 μὴ
2584 1218 2844 1270 εἰσελθεῖν
2875 1215 2972 1286 τὴν
3024 1215 3217 1284 γενεὰν
3253 1213 3464 1282 ἐκείνην
3498 1213 3599 1280 τὴν

366 1332 557 1391 praeter
607 1321 807 1376 Cbaleb
845 1331 895 1375 et
929 1318 1131 1374 Jesum.
1193 1319 1328 1383 Quia
1387 1317 1548 1384 igitur
1594 1315 1758 1368 David
1814 1322 1934 1384 post

2036 1312 2381 1382 γογγύσασαν
2434 1312 2513 1372 εἰς
2569 1309 2666 1378 τὴν
2705 1308 2810 1376 γῆν
2864 1307 2961 1375 τῆς
3009 1303 3372 1372 ἐπαγγελίαςο
3403 1303 3491 1355 καὶ
3534 1302 3598 1370 δὴ

359 1405 763 1472 generationem
789 1405 935 1457 illam
967 1405 1212 1474 loquens,
1243 1405 1379 1458 dixit
1418 1422 1431 1457 :
1469 1402 1636 1456 Ilodie
1659 1403 1703 1456 si
1743 1415 1926 1455 vocem

2036 1408 2236 1468 πάντες
2270 1403 2551 1457 ἀπώλοντο
2574 1404 2631 1455 ὲν
2656 1403 2720 1470 τῇ
2753 1400 2966 1470 ἐρήμῳ,
2997 1398 3135 1467 πλὴν
3165 1396 3343 1450 Χαλὲϐ
3369 1397 3461 1448 καί
3494 1394 3600 1462 Ἰη-

359 1495 481 1564 ejus
514 1496 856 1560 audiveritis,
907 1511 1014 1550 non
1052 1495 1335 1550 obduretis
1386 1495 1547 1548 corda
1605 1503 1806 1556 vestra,
1865 1506 1930 1545 ne

2036 1499 2150 1552 σοῦ.
2193 1497 2342 1548 Ἐπεὶ
2384 1491 2477 1548 οὖν
2530 1494 2666 1564 μετὰ
2713 1491 2811 1562 τὴν
2853 1491 3042 1557 γενεὰν
3076 1489 3339 1558 ἐκείνηνὸ
3367 1489 3411 1519 ⁸⁸
3440 1486 3604 1540 Δαϐἰδ

358 1587 548 1640 eadem
591 1587 868 1656 patiamini
906 1603 1025 1655 qua:
1045 1587 1277 1654 majores
1304 1587 1493 1646 vestri,
1543 1599 1608 1638 ac
1657 1582 1927 1636 orbcntini

2036 1587 2410 1655 διαλεγόμενος
2463 1583 2673 1652 ἔλεγεν,
2709 1583 2791 1634 ὃτι
2851 1582 3100 1650 Σήμερον
3155 1579 3248 1631 ἐὰν
3289 1578 3386 1644 τῆς
3423 1575 3605 1643 φωνῆς

365 1674 592 1742 requie:
637 1675 885 1728 videlicet
932 1674 1088 1742 quasi
1137 1674 1240 1726 alia
1271 1673 1516 1742 qua‘dnm
1579 1673 1650 1726 sit
1713 1671 1932 1740 requies

2036 1676 2198 1729 αὑτοῦ
2231 1674 2523 1742 ἀκούσητε,
2580 1673 2675 1725 καὶ
2714 1671 2788 1742 μὴ
2833 1670 3170 1739 σκληρύνητε
3233 1668 3330 1730 τὰς
3381 1665 3608 1734 καρδίας

362 1779 526 1832 quam
561 1779 661 1818 nos
702 1763 950 1817 obtinere
988 1763 1272 1827 debemus,
1333 1762 1444 1816 haec
1488 1762 1640 1814 dicit.
1686 1759 1818 1813 Nam
1884 1760 1930 1813 si
1963 1733 2004 1787 Β

365 1870 553 1910 revera
582 1857 823 1924 requiem
851 1855 1215 1923 accepisst'nt,
1237 1867 1400 1922 quam
1436 1852 1507 1906 ob
1532 1867 1749 1906 causam
1780 1851 1931 1904 dice-

2036 1875 2202 1926 τεροι,
2223 1857 2314 1908 καὶ
2342 1855 2749 1922 ἁποστερηθῆτε
2765 1853 2864 1920 τῆς
2887 1849 3287 1911 καταπαύσεως
3309 1865 3322 1876 ·
3347 1847 3504 1916 δῆλον
3527 1847 3609 1899 ὅτι

363 1953 485 2004 ret:
526 1945 699 1998 Hodie
737 1960 804 1999 ne
835 1946 1100 1999 induretis
1122 1944 1286 2000 corda
1326 1953 1526 2006 vestra,
1576 1951 1791 2012 patrum
1845 1956 1936 1993 ve-

2036 1949 2109 2012 ῶς
2126 1947 2292 2016 οὔσης
2306 1946 2449 2008 τινὸς
2467 1945 2658 2015 ἐτέρας
2675 1942 3089 2005 καταπαύσεως,
3105 1941 3169 2010 ἢν
3185 1940 3471 2009 ὀφείλομεν
3487 1955 3611 1990 κατ-

363 2049 600 2092 strorum
636 2039 829 2101 lnstar,
864 2055 930 2093 ne
955 2056 1058 2092 ttott
1112 2039 1494 2108 ingrediamini
1559 2037 1613 2090 in
1649 2035 1935 2102 requiem?

2036 2042 2245 2111 ασχεῖν,
2267 2037 2440 2092 ταῦτα
2470 2038 2638 2105 λέγει.
2655 2035 2820 2100 ⁶Ἐπεὶ.
2839 2035 2889 2087 εἰ
2906 2033 3262 2103 ἀπειληφότες
3279 2027 3418 2102 ἦσαν
3445 2031 3613 2091 ὅντως

364 2130 495 2192 Quae
526 2129 692 2200 igitur
715 2130 821 2184 alia
843 2139 924 2184 est
954 2131 1169 2198 requies
1202 2139 1394 2199 pra‘ter
1411 2145 1631 2198 regnum
1649 2129 1932 2191 caelorum,

2036 2133 2132 2201 τὴν
2150 2130 2515 2192 κατάπαυσιν,
2536 2127 2676 2190 τίνος
2695 2127 2881 2179 1ἑνεκεν
2892 2125 3064 2193 λέγει,
3087 2125 3330 2193 Σήμερον
3345 2122 3421 2192 μὴ
3444 2122 3611 2189 σκληο

363 2220 520 2289 ιιιιῙιιε
553 2219 730 2288 imago
761 2219 862 2272 fuit
891 2227 943 2273 et
979 2218 1303 2282 Sabbatum,
1347 2228 1400 2274 et
1430 2219 1608 2288 typice
1641 2216 1820 2271 factus
1856 2217 1931 2269 in-

2042 2220 2236 2289 ρύνητε
2267 2220 2365 2281 τὰς
2386 2220 2613 2289 καρδίας
2638 2216 2813 2285 ὑμῶν,
2838 2214 2913 2278 ὡς
2943 2216 2990 2267 οἰ
3023 2213 3278 2284 πατέρες,
3313 2213 3408 2265 καὶ
3440 2212 3502 2264 οὑ
3537 2210 3616 2280 μὴ

364 2326 587 2379 gressus
617 2310 672 2363 in
735 2308 1063 2365 Palestinatn
1101 2325 1198 2378 per
1238 2308 1535 2364 incredula:
1565 2307 1937 2377 generationis

2038 2313 2316 2376 εἰσέλθητε
2338 2313 2416 2373 εἰς
2431 2310 2530 2376 τὴν
2549 2309 2891 2362 κατάπαυσιν
2914 2323 2928 2371 ;
2952 2305 3046 2368 Τίς
3066 2304 3156 2358 οὖν
3185 2306 3331 2356 ἐστιν
3355 2304 3485 2373 ἄλλη
3511 2321 3614 2355 κα-

368 2399 544 2453 ﬁlios?
574 2398 709 2453 Tres
739 2401 885 2454 enim
916 2407 1045 2454 sunt
1091 2401 1306 2469 quietes
1332 2415 1345 2451 :
1381 2401 1555 2468 prima
1582 2410 1664 2454 est
1691 2398 1933 2461 Sabbati,

2039 2399 2376 2470 ταπαυσις,ἢ
2399 2401 2430 2468 ἡ
2453 2397 2699 2468 βασιλεία
2735 2395 2842 2449 τῶν
2864 2395 3130 2465 οὐρανῶν,
3168 2391 3233 2466 ἦς
3269 2393 3433 2446 εἰκὼν
3459 2394 3519 2444 τό
3551 2410 3612 2444 τε

368 2488 422 2541 in
447 2503 558 2558 quo
599 2487 742 2543 Deus
769 2489 973 2558 quievit
1012 2489 1080 2541 ab
1111 2489 1366 2557 operibus
1398 2491 1534 2556 suis,
1565 2489 1632 2542 de
1656 2504 1763 2557 qua
1794 2501 1938 2541 nunc

2042 2494 2341 2557 Σάϐϐατον,
2366 2491 2460 2544 καὶ
2490 2489 2782 2562 ἡτυπικῶς
2808 2489 3074 2558 γενομένη
3104 2489 3182 2550 εἰς
3197 2487 3294 2555 τὴν
3325 2485 3615 2538 Παλαιστί-

370 2579 628 2632 ltavidem
657 2594 763 2632 non
790 2587 873 2632 est
905 2579 1051 2647 loqui
1084 2579 1400 2642 verisimile,
1437 2587 1495 2632 ut
1524 2595 1644 2648 quae
1690 2581 1818 2632 olim
1869 2581 1940 2634 sit

2041 2604 2138 2654 νην
2165 2584 2367 2645 εἴσοδος
2407 2582 2514 2635 τῶν
2536 2581 2740 2635 τέκνων
2789 2583 2884 2649 τῆς
2907 2579 3285 2650 ἀπιστησάσης
3309 2578 3350 2608 ⁸⁸
3375 2577 3566 2643 γενεᾶς
3594 2593 3613 2641 ;

369 2668 534 2724 facta.
567 2669 750 2722 Altera
780 2677 887 2730 est,
927 2669 1209 2738 ingressus
1256 2670 1310 2723 in
1369 2678 1566 2723 terram
1620 2669 1939 2739 promissio-

2042 2678 2203 2746 Τρεῖς
2235 2676 2344 2746 γάρ
2373 2675 2478 2726 εἰσι
2511 2673 2886 2732 καταπαύσεις
2915 2689 2928 2702 ·
2952 2672 2986 2741 ἦ
3011 2689 3070 2724 τε
3103 2670 3196 2739 τοῦ
3223 2669 3522 2730 Σεῖδδάτουν
3555 2671 3615 2718 ἐν

369 2762 476 2826 nis,
517 2763 568 2814 in
619 2776 782 2830 quam
825 2760 1055 2831 ingressi
1095 2759 1264 2815 Judaei
1333 2762 1600 2816 cessaturi
1651 2772 1826 2828 erant,
1876 2778 1941 2817 ac

2043 2761 2076 2839 ᾗ
2109 2767 2456 2818 κατέπαυσεν
2483 2765 2510 2816 ὁ
2543 2763 2672 2825 Θεὸς
2700 2761 2809 2814 ἀπὸ
2837 2759 2944 2813 τῶν
2973 2760 3155 2831 ἔργων,
3177 2759 3363 2822 αὑτοῦ,
3392 2758 3518 2827 περὶ
3546 2753 3616 2827 ἦς

370 2851 608 2918 quietem
643 2850 880 2903 habituri
905 2866 934 2903 a
967 2850 1168 2919 praeliis
1200 2859 1252 2904 et
1293 2865 1499 2906 errore.
1536 2850 1719 2920 Neque
1745 2852 1810 2907 de
1843 2852 1943 2907 bac

2042 2859 2142 2911 ούκ
2173 2857 2314 2909 ἔοικε
2351 2854 2446 2908 νῦν
2472 2853 2652 2921 λέγειν
2685 2856 2712 2906 ὁ
2745 2851 2928 2915 Δαὸὶδ,
2981 2853 3075 2906 ἆτε
3113 2850 3280 2904 πάλαι
3311 2849 3612 2918 γεγενημέ-

369 2957 518 2997 nunc
543 2943 710 2996 dicit:
745 2940 1032 2996 Palaestina
1065 2944 1208 2998 enim
1237 2943 1459 2996 omnino
1491 2954 1602 2996 tum
1633 2947 1944 3012 occupata-

2045 2966 2139 3019 νης
2161 2965 2174 2978 ·
2212 2949 2306 3001 καὶ
2347 2949 2380 3016 ἡ
2413 2947 2490 3009 εἰς
2518 2949 2616 3015 τὴν
2647 2944 2750 3012 γῆν
2783 2943 2881 3012 τῆς
2912 2942 3244 3010 ἐπαγγελίας
3277 2941 3497 3004 εἴσοδος,
3532 2939 3613 3000 εἰς

370 3043 460 3085 tur
495 3032 562 3086 ab
586 3032 828 3086 llebrazis
855 3034 1194 3101 temporibus
1235 3033 1477 3086 Davidis.
1510 3032 1796 3098 Quomodo
1833 3035 1934 3103 igi-

2046 3043 2110 3109 ἦν
2150 3038 2482 3099 εἰσελθόντες
2528 3035 2789 3099 Ἰουδαῖοι,
2814 3033 3036 3104 ἔμελλον
3070 3031 3486 3088 ἀναπαύσασθαι
3510 3031 3618 3083 τῶν

371 3128 463 3173 tur
501 3121 567 3173 de
603 3121 726 3183 bac,
757 3131 1010 3189 tanquam
1050 3121 1228 3175 adhuc
1264 3129 1511 3186 restaret,
1560 3123 1774 3178 locutus
1814 3127 1941 3180 est?

2051 3131 2300 3199 πολέμων
2357 3128 2451 3182 καὶ
2507 3126 2608 3198 τῆς
2662 3127 2886 3197 πλάνης.
2918 3125 3049 3180 Οὐδὲ
3105 3127 3232 3195 περὶ
3275 3125 3476 3195 ταύτης
3524 3122 3622 3174 νῦν

378 3209 604 3262 Videtur
639 3209 808 3278 igitur
831 3212 936 3263 alia
981 3211 1225 3280 quazdam
1263 3214 1479 3281 requies
1508 3229 1651 3280 esse,
1685 3215 1737 3268 in
1776 3230 1939 3283 quant

2044 3223 2234 3294 λέγει·
2295 3225 2328 3296 ἡ
2393 3222 2500 3293 γὰρ
2556 3221 2890 3292 Παλαιστίνη
2968 3225 3090 3273 τότε
3154 3218 3440 3288 κατείχετο
3507 3216 3621 3277 τοῖς

371 3299 532 3354 Jesus
568 3299 712 3355 ﬁlius
746 3300 893 3355 Nave
938 3317 1043 3356 non
1086 3303 1259 3372 potuit
1290 3305 1637 3359 introducere
1662 3308 1940 3376 populum.

2065 3315 2334 3386 Ἑϐραίοις
2381 3315 2475 3367 ἐπὶ
2509 3313 2618 3367 τῶν
2663 3313 2872 3384 χρόνων
2907 3311 3091 3366 Δαϐίδ.
3133 3311 3256 3374 Πῶς
3278 3307 3373 3363 οὖν
3397 3309 3550 3374 ἔλεγε
3575 3307 3621 3337 ⁸⁷

374 3391 507 3457 Quae
568 3401 751 3446 autem
809 3392 912 3447 ista
940 3392 1051 3460 ﬂet,
1082 3403 1280 3463 praeter
1301 3410 1418 3449 eam
1447 3413 1566 3464 quae
1590 3406 1674 3452 est
1693 3399 1743 3451 in
1763 3397 1938 3454 caelis!

2052 3405 2179 3475 περί
2207 3405 2428 3474 ταύτης,
2455 3402 2529 3464 ὡς
2571 3399 3041 3470 ύπολειπομένηςς
3091 3399 3308 3452 Ἔοικεν
3335 3393 3426 3451 οὖν
3458 3395 3623 3465 ἑτέρα

378 3483 511 3538 Date
537 3499 668 3553 ergo
702 3499 952 3552 operam,
1000 3500 1069 3539 ne
1120 3487 1189 3541 ab
1251 3487 1355 3542 hac
1392 3489 1661 3544 exeidatis
1724 3499 1946 3559 propter

2049 3515 2134 3560 τις
2192 3493 2334 3551 εἷναι
2393 3492 2760 3556 κατάπαυσις,
2793 3493 2873 3554 εἰς
2912 3491 2980 3560 ἢν
3021 3489 3225 3558 Ἰησοῦς
3256 3492 3284 3542 ὁ
3315 3487 3409 3541 τοῦ
3464 3487 3626 3556 Ναυῆ

377 3575 843 3637 incredulitatem,
904 3577 1135 3646 perinde
1188 3592 1252 3632 ac
1304 3579 1541 3647 majores
1575 3583 1760 3635 vestri.
1822 3581 1948 3638 Hzec

2044 3588 2144 3640 οὐκ
2191 3585 2422 3656 ἠδύνατο
2473 3584 2791 3652 εἰσαγαγεῖν
2839 3583 2930 3636 τὸν
2975 3581 3123 3635 λαόν.
3173 3580 3268 3642 Τίς
3298 3578 3356 3632 δὲ
3414 3578 3480 3631 ἂν
3535 3578 3629 3645 εἴη

374 3679 506 3734 ergo
549 3665 712 3733 hujus
744 3666 845 3721 loci
873 3669 1141 3720 sententia
1193 3675 1299 3733 est,
1341 3684 1464 3738 quae
1495 3669 1655 3740 longe
1701 3673 1948 3726 extendi-

2046 3679 2208 3744 αὕτη,
2233 3678 2266 3748 ἢ
2291 3679 2323 3743 ἠ
2356 3677 2416 3728 ἐν
2449 3676 2734 3745 ούρανοῖς;
2779 3673 3126 3726 Σπουδάσατε
3154 3666 3268 3734 οὖν,
3303 3670 3388 3723 ἵνα
3417 3668 3622 3735 ταύτης

380 3764 470 3807 tur
501 3772 516 3809 :
547 3763 604 3809 at
629 3771 758 3810 vero
785 3757 998 3827 singula
1025 3751 1305 3827 speciatim
1358 3762 1739 3829 pertractanda
1795 3773 1944 3820 sunt.

2051 3769 2125 3838 μὴ
2171 3767 2440 3834 ἐκπέσητε
2497 3764 2585 3817 διὰ
2611 3763 2673 3816 τὸ
2700 3763 3020 3832 ἀπιστῆσαι,
3057 3761 3132 3823 ῶς
3163 3761 3256 3813 καὶ
3278 3759 3327 3812 οἰ
3368 3756 3625 3841 πρόγονοι

371 3843 672 3901 Considera
708 3856 910 3912 autem,
944 3862 973 3900 a
1007 3849 1114 3905 Deo
1143 3866 1248 3903 tton
1279 3867 1400 3906 esse
1431 3854 1749 3922 exigendam
1783 3857 1947 3910 ratio-

2053 3859 2226 3930 ὑμῶν.
2257 3851 2423 3920 Οὗτος
2459 3855 2558 3926 μὲν
2589 3850 2682 3908 οὖν
2706 3856 2734 3907 ὁ
2758 3852 2875 3909 νοῦς
2927 3852 3048 3905 ὅλου
3089 3850 3182 3904 τοῦ
3237 3849 3438 3919 χωρίου
3494 3845 3625 3914 ἄχρι

374 3952 520 4000 nem.
549 3940 644 3994 sed
667 3940 783 3995 sive
815 3948 1055 4010 tueatur,
1075 3942 1190 4005 sive
1221 3958 1327 3999 non
1347 3952 1584 4012 tueatur,
1611 3947 1944 4003 credendum

2055 3949 2248 4004 πολλοῦ
2276 3949 2479 4016 διήκων
2505 3962 2519 3976 ·
2569 3944 2844 4011 ὲπεξιτέον
2881 3943 2940 3997 δὲ
2971 3943 3065 3997 καὶ
3099 3945 3209 4005 τοῖς
3229 3939 3372 3994 κατὰ
3434 3938 3620 4007 μέρος.

371 4031 444 4084 ei.
463 4027 597 4085 Nam
622 4039 676 4087 et
700 4032 822 4088 ideo
850 4047 946 4089 eos
983 4045 1228 4102 accusat,
1258 4037 1402 4106 quod
1449 4039 1716 4093 tentarint
1770 4040 1947 4106 illum,

2065 4041 2264 4094 Ἐννόει
2301 4040 2380 4105 δὲ,
2419 4040 2501 4092 ὅτι
2530 4039 2591 4091 ού
2617 4037 2698 4090 δεῖ
2765 4037 2857 4089 τὸν
2897 4035 3031 4089 Θεὸν
3071 4033 3299 4095 εὐθύνας
3347 4030 3622 4093 ἀπαιτεῖν,

374 4121 476 4174 boc
501 4129 608 4186 est,
637 4125 898 4178 noneitra
933 4126 1330 4182 haesitationem
1359 4127 1413 4182 in
1443 4128 1620 4198 ipsum
1688 4145 1946 4200 sperave-

2052 4133 2167 4187 ἀλλ’
2193 4132 2258 4186 ἄν
2290 4148 2348 4184 τε
2373 4131 2720 4201 προΐσταται,
2773 4127 2836 4182 ἄν
2897 4145 2955 4179 τε
2996 4126 3091 4197 μὴ,
3141 4124 3418 4178 πιστεύειν
3450 4120 3620 4188 αὐτῷ.

374 4211 505 4273 rint,
542 4221 602 4266 ut
631 4213 724 4281 qui
761 4214 942 4268 omnia
974 4224 1180 4284 posset.

2055 4225 2165 4278 Καὶ
2199 4224 2307 4291 γὰρ
2339 4222 2615 4282 κάκείνοις
2644 4218 2803 4272 τοῦτο
2829 4219 3074 4287 ἐγκαλεῖ,
3100 4217 3181 4271 ὅτι
3206 4216 3502 4286 ἐπείρασαν
3530 4210 3627 4264 αύ-

371 4306 484 4369 τὸν,
513 4307 812 4373 τουτέστιν,
885 4308 990 4360 ούκ
1047 4308 1382 4377 ἀδιακρίτως
1415 4309 1503 4362 ἐπ’
1547 4309 1696 4380 αύτῷ
1739 4312 1997 4382 ἤλπιζον,
2031 4315 2105 4379 ὡς
2139 4316 2317 4368 πάντα
2338 4313 2640 4382 δυναμένῳ.

441 4399 610 4469 668
631 4398 797 4454 Vnus.
847 4400 930 4456 12.
980 4399 1178 4467 Videte,
1205 4401 1420 4469 fratres.
1444 4405 1719 4471 nequando
1767 4407 1838 4458 sit
1891 4388 1961 4460 in.

2128 4409 2410 4471 Βλέπετε,
2442 4403 2716 4472 ἀδελφοί,
2742 4404 2976 4473 μήποτε
3003 4403 3173 4456 ἔσται
3217 4401 3288 4456 ἐν
3316 4416 3432 4453 τινι
3467 4395 3631 4466 ὑμῶν

374 4489 554 4558 aliquo
599 4499 826 4543 vestrum
853 4507 945 4544 cor
980 4493 1177 4544 malum
1209 4493 1566 4560 inﬁdelitatis.
1600 4495 1941 4552 Perterrefa-

2053 4501 2268 4568 καρδία
2289 4496 2522 4564 πονηρὰ
2554 4498 2860 4562 ἀπιστίας.
2894 4495 3189 4558 Φοϐοὖντός
3226 4497 3340 4546 ὲστι
3373 4493 3432 4544 τὸ
3451 4492 3626 4561 ῥῆμα.

375 4580 571 4633 cientis
606 4580 707 4633 hoc
737 4581 944 4634 dictum
981 4590 1083 4637 cst.
1119 4581 1430 4639 Verisimile
1459 4588 1607 4641 enim
1661 4599 1747 4644 est
1774 4607 1946 4659 quos-

2059 4593 2378 4661 Ἐοικεογαρ
2410 4591 2490 4642 ὅτι
2522 4587 2664 4662 ἦσαν
2686 4606 2827 4653 τινες
2865 4589 3240 4652 ἀπιστοῦντες,
3270 4585 3345 4649 ὡς
3397 4585 3495 4638 ούκ
3543 4581 3633 4634 δν-

374 4671 497 4725 dam
539 4669 734 4730 fuisse.
769 4671 861 4741 qui
894 4689 957 4726 ea
989 4689 1108 4742 quae
1135 4676 1199 4729 de
1233 4676 1592 4734 retributione
1623 4683 1950 4737 dicebantur

2055 4701 2163 4735 των
2202 4679 2417 4750 ἀληθῶν
2437 4680 2544 4732 τῶν
2583 4680 2892 4749 λεγομένων
2915 4680 3042 4748 περὶ
3073 4675 3500 4734 ἀνταποδόσεως,
3536 4671 3631 4723 καὶ

374 4776 501 4814 vera
538 4775 660 4815 esse
706 4777 818 4816 non
862 4764 1178 4831 credebant,
1212 4776 1267 4821 et
1314 4781 1600 4838 prapterea
1652 4775 1950 4841 periculum

2056 4774 2144 4827 διὰ
2171 4773 2327 4826 τούτο
2360 4772 2675 4843 βουλόμενοι
2737 4774 2933 4842 πεῖραν
2991 4769 3175 4821 λαϐεῖν
3224 4767 3324 4836 τῆς
3366 4765 3458 4818 τοῦ
3490 4761 3630 4815 Θεοῦ

374 4851 554 4906 facere
597 4854 896 4922 cupiebant
946 4855 1142 4910 divinae
1178 4873 1303 4929 erga
1364 4875 1423 4916 se
1480 4864 1736 4930 potentire
1789 4876 1953 4933 atque

2054 4864 2356 4933 δυνάμεως,
2385 4865 2480 4917 καὶ
2509 4863 2609 4928 τῆς
2636 4863 2715 4924 εἰς
2745 4863 2944 4925 αὐτοὺς
2982 4859 3239 4930 προνοίας
3276 4861 3334 4912 ὲν
3367 4859 3478 4919 τοῖς
3509 4873 3632 4907 πει-

374 4941 734 5008 providentia:
766 4947 817 5000 in
866 4945 1016 5016 ipsos
1047 4946 1102 5002 in
1136 4951 1531 5006 tetttationibus
1569 4953 1771 5022 quibus
1809 4968 1948 5023 qua-

2058 4957 2288 5026 ρασμοῖς
2314 4950 2395 5018 οἷς
2426 4950 2590 5025 εἶχον.
2621 4955 2719 5007 Διὰ
2747 4954 2918 5007 ταῦτα
2935 4951 3026 5006 οὖν
3042 4949 3632 5020 ἀσφαλίζεταιαύτοὺς,

375 5033 676 5089 tiebantur.
731 5035 1020 5107 Propterea
1054 5041 1229 5094 mttnit
1269 5057 1388 5106 eos,
1422 5043 1486 5095 ad
1521 5045 1840 5098 memoriam
1867 5045 1948 5100 eis

2055 5046 2489 5116 ἀναμιμνήσκων
2537 5038 2613 5098 ὧν
2670 5044 2872 5098 ἔπαθον
2917 5045 3083 5098 πάλαι
3109 5044 3160 5096 οἰ
3204 5043 3628 5112 ἀπιστήσαντες.

373 5140 639 5182 revocans
675 5142 793 5197 quae
837 5129 965 5183 olim
1019 5131 1165 5201 passi
1225 5141 1352 5188 sunt
1400 5133 1687 5187 increduli.
1743 5133 1947 5190 Futura

2055 5136 2130 5190 Οὐ
2157 5136 2409 5190 τοσοῦτον
2437 5136 2545 5206 γὰρ
2570 5135 2638 5189 τὰ
2671 5137 2933 5205 μέλλοντα
2959 5134 3164 5206 φοϐερὰ
3204 5134 3480 5187 συστέλλει
3505 5132 3634 5195 τοὺς

375 5218 521 5272 enim
550 5220 791 5288 pericula
825 5221 1113 5292 plerosque
1152 5225 1289 5279 adeo
1323 5239 1430 5280 non
1466 5225 1741 5291 cohibent,
1775 5244 1948 5297 quan-

2053 5229 2302 5293 πολλοὺς,
2335 5229 2458 5282 ὅσον
2493 5231 2561 5282 τὰ
2609 5228 2966 5300 παρελθόντα,
3004 5231 3097 5282 καὶ
3135 5229 3234 5298 ἤδη
3267 5225 3520 5297 γνώριμα
3545 5240 3635 5291 γε·

375 5314 488 5360 tunt
525 5326 645 5379 qure-
677 5313 1078 5381 praaterierunt,
1124 5315 1488 5385 omnibusque
1511 5315 1626 5384 jam
1680 5328 1809 5372 sttnt
1851 5335 1945 5374 co-

2052 5319 2266 5386 γονότα.
2301 5319 2444 5387 Ὅρα
2487 5318 2543 5371 δὲ
2588 5320 2671 5372 ὅτι
2700 5320 2794 5371 καὶ
2834 5319 2941 5372 ἀπὸ
2984 5319 3239 5380 ἀπιστίας
3284 5315 3502 5387 ἔρχεταί
3547 5330 3634 5376 τις

374 5399 548 5468 gnita.
579 5401 823 5460 Observa
863 5406 1027 5460 etiam
1080 5407 1190 5472 hic,
1223 5407 1294 5460 ab
1339 5407 1721 5463 incredulitate
1752 5425 1942 5478 quem-

2052 5413 2132 5472 εἰς
2167 5409 2227 5462 τὸ
2250 5409 2672 5478 καὶλογίζεσθαι
2727 5410 2939 5482 πονηρὰ
2996 5412 3091 5464 καὶ
3139 5412 3398 5482 πράττειν
3431 5407 3629 5462 ταῦτα.

377 5490 522 5558 piam
551 5492 826 5561 devenire,
851 5505 909 5550 ut
937 5511 1103 5567 prava
1127 5497 1346 5567 cogitet,
1371 5497 1666 5567 cadentque
1686 5509 1928 5568 peragat.

2036 1767 2208 1836 ὑμῶν,
2223 1767 2308 1818 ἵνα
2325 1765 2396 1835 μὴ
2415 1765 2481 1816 τὰ
2498 1764 2634 1815 αύτᾶ
2657 1762 2863 1831 πάθητε
2880 1762 3022 1828 ἆπερ
3053 1760 3102 1812 οἰ
3135 1759 3389 1826 πρόγονοι
3405 1758 3455 1808 οἰ
3473 1757 3608 1825 ὑμέ-

1723 5611 1923 5672 Varize
1951 5611 2277 5674 lectiones.

453 5701 501 5734 "
535 5701 714 5773 χςτλρας
749 5721 799 5759 υ.
879 5707 992 5740 ⁵³·θῖ
1029 5712 1424 5783 κατεγόγγυζον
1448 5729 1499 5769 ο.
1581 5713 1624 5747 ⁶⁸
1653 5713 1868 5784 ἐκείνην
1892 5713 1987 5785 τὴν
2012 5711 2455 5782 γογγύσασανιη.
2533 5713 2577 5745 ⁸⁸
2610 5711 2936 5784 ἀντιστάσης
2956 5728 3006 5768 o.
3085 5715 3128 5748 ⁸⁷
3155 5714 3345 5786 ἔμελλε
3374 5711 3552 5782 λέγειν
3572 5716 3629 5768 ο.
