4014 6208
276 332 387 395 225

1026 329 1432 393 EXPOSITIO
1471 332 1552 392 IN
1580 333 1815 394 EPIST.
1850 335 1955 421 AD
1981 336 2375 398 HEBR/EOS.
2411 362 2481 374 -
2514 338 2672 399 CAP.
2701 339 2815 401 III.

3443 345 3547 407 236

347 448 455 498 Ἐν
472 443 552 509 τῷ
573 441 914 509 ἀποστῆναι
938 440 1057 495 ἀπὸ
1089 442 1238 495 Θεοῦ
1263 443 1497 511 ζῶντος.
1520 444 1732 508 Ἄλλως
1766 446 1861 516 γὰρ

2053 449 2122 503 Ut
2150 452 2359 519 deﬁciat
2387 470 2419 507 a
2456 452 2566 507 Deo
2590 454 2804 508 vivente.
2831 452 2948 509 Non
2972 454 3116 510 cnim
3149 456 3309 512 aliter
3332 458 3542 516 invenit

274 540 378 608 οὐχ
400 537 647 605 εὑρίσκει
678 533 916 602 πάροδον
970 535 1003 603 ἡ
1052 535 1300 600 ἀπιστία,
1334 536 1381 586 εἰ
1434 536 1508 606 μὴ
1543 536 1757 606 ἀποστῇ
1782 553 1865 599 τις

275 633 390 684 ἀπὸ
416 627 576 682 Θεοῦ.
612 629 756 690 Ἕως
794 628 906 698 γὰρ
948 628 1014 680 ἂν
1049 625 1364 699 ᾖὲχόμενος
1426 628 1520 682 τοῦ
1562 628 1720 695 Θεοῦ,
1774 630 1866 682 καὶ

280 721 564 783 πεποιθὼς
591 720 680 773 ἐπ’
709 719 883 790 αὐτῷ,
908 719 982 784 ὡς
1008 721 1182 774 πάντα
1208 719 1513 792 δυναμένῳ,
1541 719 1692 773 οὐδὲν
1716 722 1866 790 ἡγεῖ-

275 830 370 867 ται
412 811 697 865 ἀδύνατον.

359 989 554 1047 Ἀλλὰ
572 988 974 1056 παρακαλεῖτε
998 988 1252 1055 ἑαυτοὺς
1276 990 1402 1043 καθ’
1428 989 1701 1056 ἑκάστην
1720 990 1864 1059 ἡμέ-

262 1098 414 1150 ραν,
447 1081 618 1149 ἄχρις
654 1074 726 1133 οὗ
757 1078 826 1131 τὸ
873 1078 1138 1148 σήμερον
1189 1079 1481 1132 καλεῖται.
1535 1080 1860 1141 Τουτὲστιν,

271 1173 614 1241 οἰκοδομεῖτε
664 1171 952 1237 ἀλλήλους,
989 1172 1083 1222 καὶ
1138 1170 1558 1241 ὑποστηρίζετε,
1603 1169 1742 1222 ὥστε
1790 1170 1865 1241 μὴ

275 1268 491 1317 πεσεῖν.
518 1264 581 1316 Εἰ
604 1262 659 1314 δὲ
687 1266 780 1315 καὶ
806 1263 946 1334 πέσῃ
1007 1279 1113 1327 τις,
1154 1261 1467 1330 διορθοῦσθε
1516 1261 1678 1314 αὐτὸν
1703 1261 1866 1331 ἄχρις

272 1352 341 1409 οὗ
370 1354 438 1427 ζῇ
464 1373 477 1386 ·
504 1350 664 1407 τοῦτο
685 1356 794 1424 γὰρ
842 1353 995 1422 δηλοί
1049 1353 1131 1418 τὸ,
1174 1353 1346 1421 ἄχρις
1370 1348 1441 1408 οὗ
1465 1353 1530 1404 τὸ
1559 1348 1828 1421 σήμερον
1847 1369 1862 1384 ο

274 1448 437 1511 ἐλπὶς
464 1448 573 1516 γάρ
602 1448 737 1499 ἐστι.
776 1445 1026 1498 Μάλιστα
1053 1444 1151 1514 μὲν
1180 1444 1293 1507 οὖν,
1331 1443 1464 1513 μηδὲ
1494 1442 1633 1494 ἔστω
1667 1442 1862 1511 καρδία

275 1537 499 1609 πονηρᾶ
530 1536 589 1589 ἐν
615 1553 723 1588 τινι
750 1551 763 1564 ·
800 1536 848 1587 εἰ
877 1534 933 1587 δὲ
959 1535 1055 1587 καὶ
1079 1535 1310 1601 γένοιτο,
1338 1536 1411 1605 μὴ
1438 1536 1517 1598 εἰς
1549 1536 1862 1602 ἀπόγνωσιν

276 1630 552 1696 πιπτέτω,
581 1628 717 1683 ἀλλὰ
743 1627 1114 1701 παρακαλεῖτε
1156 1628 1318 1681 αὐτὸν
1369 1627 1412 1659 ⁸⁸
1470 1628 1565 1682 καὶ
1617 1626 1863 1698 ἀναλαμ-

274 1716 498 1776 seum.

350 1816 490 1868 Ἵνα
512 1812 601 1882 μὴ
642 1811 1001 1881 σκληρυνθῇ
1052 1830 1142 1879 τις
1193 1812 1262 1878 ἐξ
1309 1811 1476 1883 ὑμῶν
1517 1813 1716 1883 ἀπάτη
1755 1812 1864 1881 τῆς

271 1903 593 1971 ἁμαρτίας.
645 1902 962 1966 Τουτέστιν,
993 1902 1082 1956 ἵνα
1137 1903 1212 1973 μὴ
1254 1905 1318 1956 ὲκ
1350 1904 1451 1974 τῆς
1500 1904 1867 1973 ἀπογνώσεως

275 1997 365 2057 εἰς
388 1994 648 2063 πώρωσιν
676 1992 824 2065 ἔλθῃ,
853 1995 949 2046 καὶ
999 1993 1218 2056 ἀνίατος
1285 1995 1464 2068 μείνῃ.
1506 1997 1715 2068 Ὥσπερ
1755 1997 1865 2067 γὰρ

274 2088 351 2140 τὰ
379 2085 765 2157 πεπωρωμένα
795 2086 1022 2155 σώματα
1052 2088 1148 2139 καὶ
1181 2087 1395 2157 σκληρὰ
1427 2088 1527 2141 οὐκ
1567 2090 1705 2143 εἴκει
1740 2091 1863 2153 ταῖς

272 2180 398 2231 τῶν
458 2179 650 2249 ἰατρῶν
707 2177 939 2249 χερσίν*
1006 2176 1151 2231 οὕτω
1188 2178 1281 2232 καὶ
1328 2181 1383 2231 αἰ
1444 2180 1862 2249 σκληρυνθεῖσαι

271 2271 463 2340 ψυχαὶ
492 2272 585 2324 οὐκ
638 2270 849 2323 εἴκουσι
896 2269 974 2340 τῷ
999 2269 1141 2340 λόγῳ
1164 2268 1258 2321 τοῦ
1312 2269 1469 2323 Θεοῦ.
1520 2270 1762 2340 Ἀπάτην
1804 2270 1861 2324 δὲ

275 2362 563 2432 ἁμαρτίας
586 2363 763 2426 καλεῖ,
798 2360 833 2432 ἢ
864 2362 964 2430 τὴν
995 2362 1212 2431 ἀπάτην
1269 2360 1362 2413 τοῦ
1390 2358 1657 2424 διαϐόλου,
1676 2398 1683 2401 «
1703 2378 1859 2414 τουτ-

274 2455 421 2519 έστι,
452 2453 513 2507 τὸ
554 2453 913 2539 μὴδέλπίζειν
967 2454 1048 2506 ὅτι
1104 2453 1257 2507 ἔσται
1290 2452 1667 2516 ἁντατὸδοσις,
1697 2451 1730 2520 ἢ
1762 2452 1860 2521 τὴν

270 2546 641 2617 ἀναλγησίαν.
662 2546 735 2598 Τδ
754 2547 861 2616 γὰρ
884 2543 1088 2614 λέγειν,
1106 2545 1189 2597 ὅτι
1203 2544 1402 2596 Λοιπὸν
1420 2542 1567 2607 ἅπαξ
1588 2543 1855 2614 ἥμαρτον,

266 2642 381 2694 οὐκ
448 2640 560 2709 ἔχω
622 2637 865 2702 ἐλπίδας,
921 2636 1106 2707 ἀπάτη
1132 2635 1299 2697 ὅντως
1360 2636 1509 2687 ἐστὶν
1559 2634 1855 2704 ἁμαρτίας.

282 2731 590 2787 ’Δπατῶσα
619 2730 730 2800 γὰρ
754 2731 786 2798 ἡ
812 2728 1076 2799 ἁμαρτία,
1105 2726 1352 2797 καὶπρὸς
1374 2726 1572 2796 ἑαυτὴν
1606 2726 1856 2778 ἐπισπω-

269 2826 455 2896 μένη,
478 2823 702 2876 τοιαῦτα
726 2818 1039 2890 λογίζεσθαι
1072 2821 1237 2882 ποιεῖ,
1267 2818 1407 2870 κατὰ
1436 2818 1497 2870 τὸ
1530 2817 1815 2886 εἰρημένον
1841 2832 1854 2846 ·

282 2917 558 2984 Ἀσεϐὴς
597 2917 681 2980 εἰς
700 2913 892 2979 βάθος
919 2910 1122 2965 κακῶν
1139 2909 1440 2979 ἐμπεσὼν,
1478 2906 1854 2975 καταφρονεῖ.

279 3009 351 3062 Ὅ
390 3008 451 3061 δὲ
496 3004 872 3076 καταφρονῶν,
929 3003 1050 3055 οὐδὲ
1094 3000 1368 3053 πιστεύειν
1414 2998 1688 3067 ἀνέχεται.
1767 2998 1855 3060 ἘΞ

268 3101 555 3170 ἁμαρτίας
576 3100 684 3169 ἄρα
712 3098 747 3167 ἡ
776 3093 1026 3149 ἀπιστία.
1043 3088 1209 3145 Εἶπον
1239 3093 1371 3161 γὰρ,
1396 3089 1587 3161 φησιν,
1617 3089 1699 3143 ὅτι
1737 3092 1859 3143 Οὐκ
1884 3104 1928 3166 C
1963 3091 2039 3143 nit
2066 3091 2114 3148 ⁸.

267 3192 494 3260 ὄψεται
523 3190 755 3257 Κύριος,
789 3186 934 3240 οὐδὲ
954 3186 1214 3251 συνήσει
1244 3186 1276 3237 ό
1312 3183 1454 3249 Θεὸς
1472 3182 1580 3236 τοῦ
1624 3182 1856 3237 Ἰακώϐ.

269 3284 392 3337 Καὶ
412 3279 604 3332 πάλιν·
635 3276 782 3332 Eius
825 3276 934 3345 γὰρ
960 3277 1030 3329 ἐν
1058 3274 1267 3344 καρδίᾳ
1296 3272 1504 3339 αὑτοῦ,
1534 3275 1655 3327 Οὐκ
1689 3271 1853 3339 ἐκζη-

268 3374 484 3442 nives“
514 3373 631 3437 καὶ,
674 3370 1105 3441 Ἑπιλέλησται
1166 3372 1199 3423 ό
1249 3367 1422 3432 Θεός·
1468 3367 1565 3420 καὶ
1601 3366 1701 3419 ὅσα
1746 3383 1859 3419 τοι·

266 3479 438 3518 αντα.

350 3644 610 3711 Μέτοχοι
637 3639 748 3709 τὰρ
768 3638 1098 3709 γεγόναμεν
1116 3635 1222 3690 τοῦ
1244 3634 1517 3703 Χριστοῦ.
1546 3634 1855 3697 Τουτέστιν,

270 3737 339 3789 ἓν
365 3734 666 3804 ἐγενόμεθα
701 3733 862 3803 ἡμεῖς
891 3731 986 3783 καὶ
1015 3727 1179 3789 αὐτός
1202 3741 1215 3754 ⁸
1251 3727 1345 3779 καὶ
1379 3726 1521 3779 οὕτω
1556 3726 1859 3796 μετέχομεν

269 3824 475 3889 αὐτοῦ,
509 3824 585 3887 ὡς
610 3823 768 3894 σῶμα
797 3819 1062 3890 κεφαλῆς.
1109 3816 1372 3871 Ἐνταῦθα
1410 3816 1467 3869 δὲ
1511 3814 1731 3879 ἐλπίδας
1767 3816 1862 3869 αὐ-

272 3919 393 3980 τοῖς
417 3916 711 3984 ἐντίθησιν,
744 3913 946 3967 ὡσανεὶ
973 3909 1144 3963 ταῦτα
1178 3909 1350 3978 λέγων
1374 3924 1388 3938 ·
1437 3907 1494 3961 Ὀ
1524 3906 1695 3970 οὕτως
1725 3908 1862 3976 ἁγα-

269 4013 469 4080 πήσας
518 4011 687 4079 ἡμᾶς,
738 4007 878 4060 ὥστε
921 4002 1033 4057 ’καὶ
1078 4002 1237 4072 σῶμα
1280 3999 1447 4054 αὐτοῦ
1493 4000 1736 4069 ποιῆσαι,
1759 4001 1860 4054 οὐκ

270 4107 437 4158 ἐάσει
490 4104 636 4174 ἡμᾶς
685 4096 1077 4171 ἀπορραγῆναι
1131 4092 1326 4157 αὑτοῦ,
1359 4092 1453 4145 ἐὰν
1506 4090 1665 4162 μόνον
1699 4093 1860 4163 ἡμεῖς

271 4198 551 4267 θέλωμεν.
576 4194 724 4264 ’Δμα
751 4192 807 4245 δὲ
836 4193 933 4245 καὶ
962 4191 1138 4243 έκεῖνο
1160 4186 1452 4241 αἰνίττεται
1479 4184 1539 4238 τὸ
1573 4184 1859 4255 εἰρημένον

269 4288 508 4359 ἑτέρωθι
533 4305 548 4318 ·
583 4290 650 4340 Εἰ
679 4283 1060 4353 ὑπομένομεν
1082 4321 1096 4347 ,
1127 4280 1226 4333 καὶ
1266 4276 1855 4346 συμϐασιλεύσομεν.

272 4379 406 4432 Τῶν
430 4377 609 4432 αὐτῶν
629 4376 736 4446 γὰρ
770 4374 1094 4446 μετέχοντες
1145 4369 1263 4434 νῦν,
1311 4362 1386 4421 ὧν
1413 4370 1507 4420 καὶ
1544 4367 1572 4419 ὁ
1600 4367 1853 4436 Χριστὸς,

272 4471 391 4522 τῶν
419 4467 651 4537 θλίψεων
703 4465 927 4536 δηλαδὴ,
961 4461 1355 4530 σπουδάσωμεν
1401 4459 1494 4512 καὶ
1531 4457 1654 4510 τότε
1686 4473 1856 4528 μετα-

277 4561 436 4630 σχεῖν
458 4559 561 4627 τῆς
593 4557 774 4627 δόξης.

362 4737 616 4806 Ἐ’ἀνπερ
646 4736 762 4805 τὴν
799 4735 998 4804 ἀρχὴν
1025 4734 1135 4803 τῆς
1176 4731 1572 4797 ὑποστάσεως
1609 4730 1867 4795 βεϐαίαν

276 4831 680 4899 γατάσχωμεν
706 4828 881 4899 μέχρι
914 4827 1149 4891 τέλους.
1189 4826 1231 4877 Τ
1235 4824 1470 4889 ουτέστι,
1528 4824 1628 4892 τὴν
1662 4824 1863 4878 πίστιν·

272 4920 349 4972 δι’
390 4921 560 4989 αὐτῆς
586 4920 698 4989 γὰρ
723 4919 1039 4988 ὑπέστημεν
1084 4915 1177 4969 καὶ
1206 4913 1551 4983 οὐσιώθημεν
1575 4912 1674 4983 τὴν
1707 4913 1859 4967 θείαν

276 5012 384 5064 καὶ
408 5011 783 5080 πνευματικὴν
839 5010 1117 5071 οὐσίωσιν,
1167 5006 1264 5059 καὶ
1315 5002 1698 5073 ἁναγέννησιν.
1748 5004 1858 5057 Καὶ

278 5099 523 5155 ἐνταῦθα
545 5100 601 5153 δὲ
654 5100 716 5152 τὸ
770 5098 932 5169 μέχρι
967 5097 1152 5159 τέλους
1182 5094 1377 5164 στῆναι
1433 5090 1668 5162 βεὸαίως
1701 5093 1760 5144 ὲν
1789 5094 1853 5162 τῇ

278 5192 466 5245 πίστει
495 5191 737 5243 ἀπαιτεῖ.
1130 5232 1135 5235 λ

245 5275 263 5345 l
368 5280 471 5333 ‘Er
493 5276 574 5343 τῷ
598 5277 912 5346 λέγεσθαι·
955 5273 1227 5344 Σήμερον
1246 5273 1356 5329 ἐὰν
1380 5273 1490 5343 τῆς
1512 5269 1719 5345 φωνῆς
1749 5271 1856 5325 ab—

283 5370 395 5425 τοῦ
420 5370 742 5437 ἀκούσητε,
759 5368 844 5439 μὴ
862 5367 1249 5435 σκληρύνητε
1273 5367 1375 5434 τὰς
1398 5366 1645 5435 καρδίας
1664 5362 1852 5434 ὑμῶν,

1971 540 2182 596 aditum
2244 543 2620 606 incredulitas,
2672 544 2777 599 nisi
2831 545 2954 614 quis
3009 561 3038 599 a
3095 547 3205 601 Deo
3248 548 3541 607 desciscat.

1969 631 2236 697 Quamdiu
2294 633 2439 687 enim
2527 634 2726 704 aliquis
2801 633 2913 690 Deo
2979 637 3303 702 adhaesu-it,
3383 650 3546 711 atque

1976 720 2034 774 in
2095 721 2273 790 ipsum
2342 738 2493 792 spem
2552 738 2705 777 suam
2783 726 3106 789 collocarit,
3168 737 3423 798 tanquam
3489 732 3544 786 iu

1949 828 2098 867 .eum
2152 813 2243 881 qui
2277 814 2463 867 omnia
2494 815 2692 883 possit,
2747 814 2879 869 nihil
2940 816 3241 871 arbitratur
3289 820 3545 890 impossi-

1971 906 2100 961 bile.

2039 994 2207 1050 νεεδ.
2250 996 2335 1049 13.
2374 995 2567 1050 Verum
2591 996 2954 1051 adhortamini
2979 1000 3208 1068 vosipsos
3234 1017 3326 1070 per
3355 1002 3540 1071 singu-

1966 1087 2043 1141 los
2066 1088 2198 1149 dies,
2231 1087 2392 1142 donec
2422 1088 2573 1142 hodie
2601 1099 2840 1143 vocatur.
2886 1088 2999 1145 Hoc
3029 1100 3132 1156 est,
3153 1092 3418 1147 :cdilicate
3445 1111 3541 1149 vos

1967 1187 2178 1244 mutuo,
2213 1192 2269 1234 et
2314 1183 2641 1234 contirinate
2691 1196 2757 1235 ac
2806 1180 3019 1249 fulcite,
3078 1198 3144 1237 ne
3192 1185 3422 1241 cadatis.
3484 1185 3540 1241 Si

1967 1267 2091 1336 quis
2120 1276 2304 1321 autem
2328 1269 2610 1333 ceciderit,
2645 1270 2905 1338 corrigite
2971 1272 3148 1340 ipsum
3190 1273 3369 1342 quoad
3394 1276 3542 1331 vixe-

1967 1356 2072 1422 rit;
2110 1357 2213 1410 hoc
2239 1357 2383 1410 enim
2419 1357 2686 1428 signiﬁcat
2723 1361 2864 1429 quod
2914 1363 3031 1425 ait,
3062 1361 3236 1416 Donec
3272 1364 3421 1417 hodie
3453 1383 3540 1418 ro-

1965 1457 2140 1502 catur.
2177 1448 2314 1517 Spes
2356 1450 2500 1503 enim
2531 1462 2800 1520 superest.
2830 1450 3065 1507 Maxime
3096 1470 3224 1509 vero
3272 1470 3370 1509 cur
3414 1472 3540 1525 pra-

1963 1553 2087 1592 vum
2116 1538 2277 1593 alicui
2313 1556 2417 1593 non
2462 1540 2590 1593 insit
2619 1540 2750 1594 :Sin
2774 1539 2958 1607 fuerit,
2989 1560 3055 1597 ne
3086 1544 3245 1599 cadat
3278 1556 3529 1614 prapter-

1964 1647 2026 1687 ea
2070 1632 2123 1686 in
2148 1632 2609 1702 desperationem,
2640 1649 2831 1689 verum
2881 1636 3246 1691 adhortamiui
3272 1639 3449 1707 ipsum
3479 1645 3533 1695 et

1967 1727 2254 1796 suscipite.

2048 1820 2115 1874 Ut
2144 1838 2246 1876 non
2279 1820 2560 1875 induretur
2580 1822 2697 1892 quis
2742 1835 2807 1876 ex
2838 1821 2980 1875 vobis
3036 1821 3260 1890 fallacia
3314 1826 3535 1891 peccati.

1968 1909 2082 1965 Hoc
2110 1920 2216 1975 est,
2248 1926 2316 1966 ne
2340 1926 2405 1964 ex
2452 1911 2833 1982 desperatione
2868 1913 2921 1965 in
2955 1913 3384 1967 excaecationem
3442 1928 3537 1967 ve-

1967 2003 2106 2069 niat,
2134 2012 2188 2057 et
2214 2002 2414 2057 callum
2468 2003 2715 2069 inducat,
2747 2012 2911 2075 atque
2950 2004 3272 2060 insanabilis
3300 2014 3535 2059 maneat.

1964 2091 2435 2159 Quemadmodum
2487 2096 2634 2149 enim
2688 2110 2919 2161 corpora
2992 2095 3257 2151 obdurata
3319 2097 3382 2155 et:
3418 2112 3539 2167 qua:

1963 2186 2166 2241 callum
2242 2185 2616 2254 induxerunt,
2704 2188 3041 2243 medicorum
3103 2187 3354 2241 manibus
3425 2200 3535 2241 non

1962 2272 2166 2328 cedunt
2198 2289 2217 2327 :
2249 2275 2395 2328 hunc
2427 2274 2492 2328 ad
2530 2274 2748 2329 modum
2779 2273 3050 2327 induratae
3090 2275 3286 2327 animae
3306 2287 3413 2325 non
3444 2287 3538 2323 ce-

1961 2362 2096 2417 dunt
2123 2365 2285 2418 verbo
2315 2364 2428 2419 Dei.
2461 2362 2754 2419 Fallaciam
2783 2373 2963 2418 autem
2992 2362 3197 2434 peccati
3230 2370 3410 2425 vocat,
3450 2363 3536 2415 vel

1962 2452 2342 2522 de'ceptioncm
2378 2454 2606 2516 diaboli,
2636 2454 2928 2519 nimirum,
2988 2468 3101 2507 non
3134 2467 3356 2522 sperare
3389 2453 3536 2506 l'utu—

1962 2560 2077 2597 ram
2113 2544 2560 2607 retributionem,
2594 2544 2677 2598 vel
2719 2542 3101 2599 indolentiam.
3133 2542 3322 2597 Dicere
3345 2543 3490 2597 enim
3519 2580 3535 2603 ,

1961 2636 2193 2691 Prorsus
2214 2637 2460 2705 relapsus
2483 2651 2603 2690 sunt
2633 2635 2893 2704 deinceps
2944 2635 2997 2689 in
3031 2642 3334 2704 peccatum,
3387 2635 3536 2686 nulla

1961 2727 2093 2781 mihi
2126 2743 2252 2798 spes
2290 2728 2465 2782 venia:
2500 2745 2513 2781 :
2556 2743 2745 2782 revera
2803 2738 2886 2781 εει
2943 2727 3149 2794 peccati
3210 2726 3531 2793 itnposttna.

1960 2820 2253 2873 Peccatum
2314 2822 2461 2871 cnim
2516 2819 2645 2872 dum
2704 2818 2909 2885 decipit
2976 2827 3028 2870 ct
3060 2822 3125 2870 ad
3160 2831 3218 2869 se
3246 2818 3534 2885 pertraltit,

1959 2909 2084 2961 talia
2128 2910 2369 2979 cogitare
2394 2908 2539 2970 facit,
2568 2908 2721 2977 juxta
2751 2907 2803 2961 id
2834 2905 2979 2976 quod
3017 2907 3226 2961 dictum
3264 2916 3347 2961 est
3375 2926 3388 2961 :
3425 2905 3536 2959 lm-

1959 2998 2074 3064 pius
2108 3013 2225 3050 cum
2257 2997 2312 3050 in
2333 2996 2669 3066 profundum
2700 2995 2964 3049 malorum
2992 2990 3264 3060 inciderit,
3296 3004 3535 3048 contem-

2209 3087 2310 3155 Qui
2345 3097 2521 3142 autem
2553 3087 2874 3151 contemnit,
2910 3088 2955 3141 is
2981 3102 3158 3154 neque
3187 3086 3412 3141 credere
3444 3102 3536 3139 su-

1963 3184 2155 3239 stinet.
2211 3182 2286 3234 Ex
2332 3187 2558 3250 peccato
2613 3178 2779 3249 igitur
2833 3178 3217 3231 incredulitas.
3255 3174 3538 3230 .Dixerunt

1961 3272 2108 3329 enim
2150 3292 2164 3327 :
2204 3270 2325 3325 Non
2351 3270 2541 3324 videbit
2575 3268 2855 3334 Dominus,
2888 3285 3048 3338 neque
3097 3268 3356 3340 intelliget
3393 3268 3535 3323 Deus

1959 3361 2203 3420 Iacob".
2238 3364 2300 3418 Et
2325 3379 2522 3419 rursus
2559 3363 2748 3418 :Dixit
2773 3365 2910 3418 enim
2933 3365 2987 3416 in
3027 3365 3183 3418 corde
3234 3380 3351 3428 suo,
3410 3365 3532 3418 Non

1960 3455 2197 3525 exquiret
2222 3455 2242 3485 ⁸
2273 3470 2289 3508 :
2323 3462 2397 3519 et,
2435 3454 2645 3509 Oblitus
2673 3465 2750 3508 est
2777 3453 2938 3518 Deus,
2965 3461 3017 3508 et
3043 3468 3381 3525 quaecunque
3408 3461 3538 3510 sunt

1960 3547 2295 3615 hujusmodi.

2032 3636 2199 3693 Vens.
2232 3639 2317 3692 M.
2356 3637 2650 3707 Participes
2682 3637 2820 3691 enim
2866 3635 3070 3691 Christi
3112 3637 3283 3705 e/fecti
3329 3654 3534 3693 smnus.

1964 3726 2077 3782 Hoc
2100 3738 2203 3793 est,
2227 3744 2393 3781 unum
2421 3728 2545 3781 facti
2581 3743 2771 3781 sumus
2801 3742 2902 3781 nos
2932 3736 2987 3781 et
3023 3729 3137 3797 ipse
3172 3747 3185 3782 :
3221 3736 3274 3782 et
3309 3728 3387 3782 sic
3412 3744 3534 3798 par-

1962 3818 2256 3887 ticipamus
2284 3818 2424 3886 ejus,
2462 3826 2518 3871 ut
2549 3832 2756 3887 corpus
2787 3817 3005 3888 capitis.
3040 3816 3141 3872 llic
3170 3827 3353 3873 autem
3381 3835 3533 3890 spem

1961 3910 2041 3963 eis
2094 3908 2240 3973 facit,
2295 3907 2523 3977 perinde
2554 3907 2712 3979 quasi
2762 3908 2842 3963 sic
2870 3907 3023 3963 dicat
3060 3925 3075 3962 :
3112 3908 3213 3974 Qui
3275 3924 3374 3965 nos
3400 3911 3538 3965 adeo

1961 3998 2172 4064 dilexit,
2211 4007 2269 4052 ut
2322 4013 2422 4053 nos
2480 4014 2639 4053 suum
2696 4012 2898 4067 corpus
2932 3996 3158 4060 faceret,
3198 3997 3343 4052 haud
3391 3998 3536 4053 sinet

1961 4104 2064 4143 nos
2090 4104 2115 4140 a
2146 4103 2204 4143 se
2237 4086 2447 4151 divelli,
2484 4090 2530 4143 si
2584 4088 2744 4142 modo
2782 4086 2951 4158 669
2988 4102 3089 4142 nos
3141 4088 3386 4143 velimus.
3447 4088 3534 4142 Si-

1961 4178 2074 4233 mul
2111 4184 2291 4231 autem
2315 4185 2372 4233 et
2403 4178 2534 4231 illud
2564 4178 2725 4232 tacite
2752 4178 2985 4243 indicat,
3017 4176 3163 4247 quod
3192 4177 3300 4232 alio
3326 4178 3380 4232 in
3410 4179 3533 4234 loco

1960 4269 2167 4323 dictum
2207 4278 2293 4321 est
2331 4285 2345 4321 :
2396 4264 2456 4322 Si
2490 4252 2925 4330 sustinuerinus,
2985 4277 3034 4320 et
3075 4269 3531 4337 conregnabimus.

1961 4358 2415 4427 Quandoquidem
2445 4360 2589 4415 enim
2624 4359 2945 4414 earumdem
2976 4354 3276 4414 etiamnum
3312 4362 3532 4431 partici-

1962 4460 2058 4524 pes
2083 4468 2298 4516 sumus,
2332 4466 2562 4521 quarum
2587 4461 2640 4507 et
2665 4451 2942 4515 Christus,
2976 4452 3332 4508 amictionutn
3367 4454 3528 4509 vidc-

1962 4547 2107 4612 licet,
2163 4546 2484 4603 Studeamus
2534 4547 2699 4603 etiam
2757 4553 2870 4601 tum
2927 4557 3213 4604 consortes
3260 4563 3382 4605 esse
3416 4550 3532 4621 glo-

1962 4638 2078 4694 riae.
2118 4700 2123 4705 η

2034 4729 2093 4784 Si
2126 4740 2303 4781 tamen
2354 4729 2568 4783 initium
2607 4729 2925 4784 substantia:
2956 4729 3025 4782 ad
3053 4728 3208 4797 ﬁnem
3238 4745 3402 4800 usque
3437 4731 3535 4800 ﬁre

1966 4836 2110 4874 mum
2142 4823 2487 4875 retineamus.
2524 4819 2638 4876 Hoc
2671 4834 2778 4886 est,
2810 4822 2993 4877 ﬁdem.
3047 4820 3150 4877 Per
3180 4821 3354 4890 ipsam
3382 4824 3532 4878 enim

1967 4913 2345 4975 subsistitnus,
2379 4919 2434 4967 et
2479 4911 2661 4966 divina
2691 4926 2904 4966 necnon
2963 4912 3232 4982 spirituali
3292 4918 3531 4971 essentia

1966 5001 2180 5058 fundati
2211 5019 2430 5069 sumus,
2459 5010 2624 5073 atque
2642 5003 3070 5072 regeneratioue.
3104 5001 3203 5057 Hic
3230 5004 3417 5074 itaque
3444 5004 3535 5058 ﬁr-

1962 5095 2124 5149 miter
2166 5095 2233 5148 ad
2264 5096 2423 5150 linem
2476 5082 2650 5166 usque
2699 5094 2753 5149 in
2813 5094 2918 5148 tide
2960 5096 3255 5163 persistere
3294 5097 3460 5167 exigit
3498 5111 3528 5149 ιι

1964 5186 2145 5242 nobis.
3324 5192 3329 5195 '

2038 5273 2204 5330 Vens.
2241 5276 2330 5332 15.
2359 5276 2496 5330 Dum
2524 5276 2747 5341 dicitur,
2778 5274 2953 5332 Hodie
2996 5278 3044 5333 si
3082 5292 3256 5332 vocem
3284 5275 3400 5344 ejus
3429 5289 3530 5326 au-

1963 5363 2190 5433 dieritis,
2209 5369 2371 5424 nolite
2390 5369 2653 5424 obdurare
2671 5368 2833 5423 corda
2867 5379 3059 5433 vestra,
3083 5364 3528 5435 queinadmodvns

413 5543 435 5575 ⁸
475 5548 632 5602 Prov.
668 5566 822 5617 xvtn,
847 5552 902 5607 3.
967 5550 1347 5617 "Psal.xcnt,
1383 5552 1434 5605 7.
1513 5553 1533 5583 ⁸
1564 5552 1706 5606 Psal.
1753 5567 1827 5618 ιχ,
1865 5549 1954 5606 54.

1638 5648 1837 5709 Varia:
1866 5646 2191 5709 lectiones.

403 5743 449 5775 ⁸⁸
472 5746 713 5806 ἐαυτους.
