4014 6208
400 408 506 473 221

1244 389 1821 456 THEOPHYLACTI
1854 381 2268 449 BULGARI/E
2294 379 2650 442 ARCHIEP.

3538 376 3648 439 2'28

405 523 461 573 in
495 513 917 572 exacerbatione.
984 506 1283 564 Conﬁrmat
1325 504 1596 574 quomodo
1643 501 1870 566 dixerit,
1909 511 1967 553 aa

2082 495 2162 560 ὡς
2191 493 2261 546 ἐν
2299 491 2378 556 τῷ
2412 485 2910 558 παραπικρασμῷ.
2943 484 3358 548 Κατασκευάζει
3391 483 3507 551 πῶς
3529 482 3652 540 εἷπε

402 608 559 678 ﬁnem
593 620 778 674 usque,
807 613 861 656 et
888 601 991 654 hoc
1016 596 1378 667 signiﬁcatur,
1414 595 1610 663 inquit,
1633 607 1748 661 per,
1781 585 1972 645 Hodie.

403 699 540 751 Nam
594 695 777 754 hodie.
821 704 1038 760 semper
1084 685 1208 754 est;
1243 687 1386 742 sicut
1425 700 1589 754 supra
1630 684 1768 738 dixit
1811 700 1825 737 :
1864 684 1975 736 Ad-

403 785 691 841 hortamini
728 798 814 837 vos
848 792 1054 846 mutuo,
1078 778 1242 832 donec
1271 776 1422 830 hodie
1452 785 1686 829 vocatur.
1711 773 1806 829 Vel
1827 772 1972 844 quod

408 876 584 948 magis
624 870 964 944 probandum
994 878 1098 934 est,
1132 878 1318 940 utpote
1350 885 1378 922 a
1415 869 1540 922 diro
1573 868 1970 936 Chrysostomo

402 966 630 1029 dictum,
674 962 1012 1033 hyperbaton
1053 967 1139 1016 est
1180 977 1194 1014 :
1247 958 1390 1011 Dum
1447 957 1666 1022 dicitur,
1726 954 1976 1010 Hodie’si

401 1072 573 1111 vocem
612 1054 725 1122 ejus
790 1051 1094 1118 audieritis,
1157 1058 1264 1105 etc.
1321 1049 1599 1102 timeamus
1656 1062 1718 1100 ne
1754 1043 1967 1116 quando

403 1145 587 1199 relicta
622 1142 971 1211 promissione
1011 1140 1056 1204 ⁷,
1118 1147 1172 1194 et
1225 1153 1346 1209 quae
1405 1137 1663 1204 deinceps
1722 1147 1967 1203 sequun-

402 1245 513 1290 tur.

475 1325 642 1379 Vsus.
694 1321 780 1377 16.
832 1319 1068 1393 Quidam
1114 1318 1253 1372 enim
1313 1315 1586 1371 audientes
1631 1315 1976 1369 exacerbave-

399 1425 547 1468 runt.
603 1414 825 1471 Audita.
883 1410 1084 1480 inquit,
1122 1408 1484 1481 promissione
1535 1407 1652 1472 Dei,
1687 1406 1973 1468 nimirum,

405 1506 554 1559 Dabo
576 1505 737 1558 vobis
792 1511 996 1556 terram
1033 1499 1496 1563 Cliananmorum,
1561 1511 1670 1550 non
1705 1492 1971 1547 adhibue’é

398 1604 525 1648 runt
554 1595 602 1648 ei
642 1593 822 1654 ﬁdem,
851 1600 1108 1644 czeterum
1137 1594 1537 1658 exasperaruut
1565 1586 1734 1641 Deum
1760 1584 1854 1654 per
1876 1583 1969 1637 in-

399 1685 800 1739 credulitatem.
837 1679 1031 1735 Videte
1077 1680 1244 1750 igitur
1293 1695 1360 1734 ne
1414 1690 1466 1734 et
1520 1693 1619 1733 vos
1681 1676 1969 1748 promissis

399 1792 508 1830 non
544 1774 808 1829 credatis.
849 1772 969 1827 Non
996 1773 1140 1826 enim
1186 1771 1431 1841 proderit
1459 1770 1616 1825 vobis
1640 1769 1834 1824 audire
1881 1784 1973 1824 so-

2084 586 2166 650 τὸ,
2196 582 2370 653 μέχρι
2403 581 2615 646 τέλους
2638 595 2650 608 ·
2678 578 2771 632 καί
2801 575 3103 648 φησιν,ίὸτι
3128 580 3284 645 τοῦτο
3313 577 3567 648 δηλοῦται
3595 579 3654 632 ἐν

2083 677 2161 747 τῷ
2194 675 2470 745 λέγεσθαι,
2496 673 2780 742 σήμερον.
2817 669 2892 724 To
2919 673 3030 740 γὰρ
3078 673 3335 742 σήμερον,
3357 671 3443 724 ἀεί
3464 672 3612 725 ἐστιν
3636 687 3651 703 ο

2086 767 2273 838 ὥσπερ
2301 767 2396 821 καὶ
2423 765 2679 836 ἀνωτέρω
2709 758 2854 816 εἶπε·
2886 761 3290 830 Παρακαλεῖτε
3318 760 3654 830 ἀλλήλους,

2084 859 2260 929 ἄχρις
2286 855 2358 915 οὗ
2413 859 2479 912 τὸ
2531 856 2800 926 σήμερον
2827 852 3114 910 καλεῖται.
3141 853 3232 916 Ἦ,
3277 852 3314 904 ὃ·
3333 853 3424 904 καὶ
3453 851 3656 922 μᾶλλον

2085 951 2388 1023 ἐγκριτέον,
2420 948 2660 1020 ὡςπαρὰ
2682 947 2778 1001 τοῦ
2832 947 2892 1001 ὲν
2942 945 3120 1014 ἁγίοις
3173 944 3419 997 Ἰωάννου
3466 943 3654 1014 ῥηθὲν,

2085 1050 2206 1103 καθ’
2238 1046 2546 1118 ὑπερϐατόν
2565 1047 2711 1098 ἐστιν
2743 1061 2758 1076 ο
2798 1043 2903 1098 Ἐν
2931 1039 3012 1107 τῷ
3039 1038 3339 1110 λέγεσθαι,
3387 1037 3658 1108 Σήμερον

2085 1139 2195 1192 ἐὰν
2213 1135 2324 1206 τῆς
2346 1133 2552 1206 φωνῆς
2577 1133 2896 1200 ἀκούσητε,
2925 1131 3111 1185 καὶτὰ
3131 1128 3282 1198 ἑξῆς,
3305 1127 3656 1198 φοϐηθῶμεν

2070 1227 2308 1297 μήποτε
2331 1221 2852 1292 καταλειπομένης
2876 1219 3261 1289 ἐπαγγελίας,
3287 1217 3383 1271 καὶ
3407 1217 3477 1271 τὰ
3501 1217 3653 1287 ἑξῆς.

2159 1317 2324 1384 Τινὲς
2351 1317 2464 1386 γὰρ
2519 1315 2895 1379 ἀκούσαντες
2940 1311 3408 1381 παρεπίκραναν.
3464 1309 3656 1362 Ἀκού-

2087 1424 2302 1472 σαντες,
2335 1407 2493 1478 φησὶ,
2521 1406 2620 1474 τῆς
2651 1404 2983 1474 ἐπαγγελίας
3023 1401 3118 1456 τοῦ
3156 1401 3314 1466 Θεοῦ,
3363 1402 3446 1455 ὅτι
3485 1400 3654 1454 Δώσω

2081 1499 2210 1568 ὑμῖν
2233 1497 2332 1570 τὴν
2364 1497 2466 1566 γῆν
2492 1496 2602 1550 τῶν
2647 1495 2991 1559 Χαναναίων,
3020 1494 3349 1564 ἠπίστησαν,
3389 1493 3483 1546 καὶ
3506 1510 3652 1563 παρ-

2079 1587 2382 1659 επίκραναν
2412 1586 2502 1640 τδν
2528 1586 2662 1640 Θεὸν
2689 1586 2776 1640 διὰ
2795 1587 2895 1656 τὴν
2945 1584 3225 1640 ἀπιστίαν.
3283 1582 3517 1638 Βλέπετε
3556 1577 3653 1636 οὖν

2085 1681 2160 1752 μὴ
2187 1682 2282 1734 καὶ
2319 1679 2479 1750 ὑμεῖς
2503 1677 2505 1679 ’
2532 1675 2894 1750 ἀπιστήσητε
2921 1677 3033 1742 τοῖς
3088 1675 3543 1747 ἐπηγγελμένοις.
3576 1673 3651 1728 σὺ

2079 1771 2190 1840 γὰρ
2227 1769 2498 1839 ὠφελήσει
2525 1769 2668 1839 ὑμᾶς
2707 1767 2769 1821 τὸ
2805 1766 3036 1821 ἀκοῦσαι
3063 1766 3245 1838 μόνον,
3299 1766 3395 1819 ἐὰν
3441 1765 3517 1836 μὴ
3557 1764 3654 1818 καὶ

398 1867 532 1929 lum,
569 1866 682 1919 nisi‘
711 1874 766 1918 et
796 1861 1146 1919 credideritis
1184 1879 1198 1916 :
1233 1861 1461 1932 perinde
1515 1877 1580 1916 ac
1624 1875 1802 1931 neque
1857 1862 1967 1916 illis

2077 1861 2435 1931 πιστεύσητε.
2457 1862 2666 1930 Ὠσπερ
2688 1858 2809 1912 οΰδὲ
2845 1857 3088 1922 ἐκείνους
3115 1855 3402 1929 ὠφέλησεν
3424 1857 3457 1927 ἡ
3487 1845 3652 1927 ἀκοὴ,

401 1956 610 2026 profuit
687 1952 909 2010 auditus
973 1971 988 2008 :
1058 1955 1191 2023 quin
1265 1953 1452 2024 potius
1514 1953 1584 2007 ob
1644 1953 1698 2007 id
1762 1952 1968 2022 justius

401 2047 750 2113 interierunt,
793 2045 1053 2116 quoniam
1108 2043 1204 2100 Dci
1230 2037 1587 2100 sermonibus
1633 2058 1743 2116 non
1791 2043 1971 2099 credi-

397 2138 615 2192 derunt.

469 2226 574 2280 Sed
603 2243 704 2279 non
739 2226 975 2280 universi
996 2226 1088 2295 qui
1117 2225 1343 2295 profecti
1371 2235 1494 2281 sunt
1521 2227 1584 2280 ab
1607 2214 1857 2297 'zEgypto
1875 2227 1978 2296 'pe'r'

397 2314 639 2385 Moysen.
671 2315 838 2371 Caleb
871 2316 1015 2369 enim
1047 2327 1102 2369 et
1159 2315 1320 2371 Jesus
1375 2332 1483 2371 non
1515 2315 1738 2371 fuerunt
1793 2318 1971 2372 incre'o'

394 2407 542 2460 duli:
571 2423 687 2460 eam
719 2407 789 2460 ob
823 2421 1046 2461 causam
1075 2409 1314 2463 assecuti
1356 2417 1486 2463 sunt
1514 2407 1964 2479 promissionem,

396 2498 740 2568 ingressique
768 2507 898 2553 sunt
930 2499 982 2553 in
1019 2498 1391 2554 Palaestinam.

469 2587 628 2644 VERS.
664 2589 751 2644 17.
795 2589 997 2654 Quibus
1023 2598 1200 2643 autent
1231 2592 1478 2660 ,infensus
1514 2600 1591 2645 est
1615 2594 1971 2662 quadraginta

397 2680 552 2731 annis
576 2680 601 2731 Ζ)
629 2694 800 2732 nonne
826 2679 891 2732 iis
922 2681 1012 2747 qui
1038 2693 1406 2747 peccaverant,
1433 2700 1661 2752 quorum
1712 2684 1971 2738 cadavera

389 2778 663 2838 prostrata
708 2777 831 2822 sunt
891 2769 946 2822 in
999 2770 1209 2826 deserto
1241 2774 1266 2826 Ξ)
1314 2771 1420 2828 Per
1486 2774 1967 2845 interrogationem

394 2874 706 2915 sermonem
763 2859 920 2923 texit,
964 2876 1075 2930 quo
1106 2861 1310 2916 clarior
1363 2863 1458 2928 sit,
1510 2865 1804 2932 minusque
1835 2879 1971 2920 con-

395 2950 739 3006 tradictiouis
794 2952 1011 3006 habeat.
1053 2997 1064 3006 .
1099 2937 1562 3024 lnterrogatioues
1632 2971 1865 3024 namque
1914 2957 1969 3010 in

395 3042 665 3098 confessis
689 3051 853 3111 atque
884 3043 1054 3098 certis
1076 3053 1377 3112 ponuntur.
1408 3043 1672 3114 Proponit
1707 3054 1886 3100 autem
1917 3054 1971 3101 et

402 3145 643 3199 pmuam.
696 3130 979 3185 Prostrata
1031 3141 1163 3184 sunt
1189 3132 1359 3197 enim,
1393 3133 1591 3201 inquit,
1643 3133 1698 3186 in
1754 3135 1970 3188 deserto

2070 1952 2207 2007 ἀλλὰ
2253 1951 2459 2023 μᾶλλον
2503 1951 2595 2005 διὰ
2648 1949 2809 2004 τοῦτο
2847 1947 3130 2006 ἀπώλοντο
3169 1948 3531 2020 δικαιότερον,
3569 1951 3654 2002 δτι

2069 2045 2204 2098 Θεοῦ
2232 2045 2410 2114 λόγοις
2441 2043 2772 2114 ἠπίστησαν.

2144 2223 2300 2280 Ἀλλ’
2331 2225 2404 2278 οὐ
2440 2222 2670 2290 πάντες
2719 2224 2774 2277 al
2803 2201 3172 2287 ’ἐξελθόντες
3235 2220 3307 2286 ἐξ
3348 2221 3651 2290 Λίτύκτου

2069 2314 2168 2369 διὰ
2190 2306 2507 2378 Μωῢσέως.
2542 2313 2601 2368 '0
2620 2314 2728 2385 γὰρ
2753 2311 2933 2367 Χαλὲϐ
2957 2311 3053 2366 καὶ
3079 2309 3284 2382 Ἰησοῦς
3298 2309 3399 2366 οὔκ
3417 2309 3656 2384 ἠπίστηέ

2073 2424 2192 2462 σαν.
2222 2405 2314 2459 Διὸ
2337 2405 2432 2459 καὶ⁵
2459 2405 2648 2475 ἔτυχον
2674 2407 2718 2440 ⁸⁸
2748 2406 2848 2476 τῆς
2888 2404 3241 2474 ἐπαγγελίας,
3275 2406 3371 2460 καὶ
3400 2407 3652 2477 εἰσῆλθον

2072 2499 2152 2562 είς
2186 2497 2575 2565 Παλαιστίνην.
3345 2523 3354 2534 -

2145 2588 2272 2642 Τίσι
2300 2585 2777 2656 δὲπροσώχθισε
2804 2587 3285 2656 τεσσαράκοντα
3317 2589 3462 2656 Ern;
3499 2589 3649 2658 Οὐχὶ

2071 2677 2194 2743 τοῖς
2224 2678 2668 2747 ἁμαρτήσασιν,
2717 2672 2935 2733 ὤν’τὰ
2984 2678 3149 2733 κῶλα
3192 2679 3416 2734 ἔπεσον
3462 2680 3533 2733 ἐν
3573 2680 3652 2748 τῇ

2070 2768 2270 2838 ἐρήμῳ
2285 2773 2308 2835 ;’
2327 2769 2464 2824 Κατ’
2493 2768 2764 2841 ἐρώτησιν
2810 2766 3176 2824 ποιεῖταιτὺν
3219 2770 3411 2841 λόγον,
3458 2772 3548 2826 διὰ
3589 2776 3652 2828 τὸ

2074 2859 2412 2930 σαφέστερον
2437 2861 2530 2912 καὶ
2555 2860 3098 2932 ἁναντιρῤητότερον.
3128 2861 3211 2915 Τὰ
3230 2863 3337 2932 γὰρ
3366 2863 3486 2915 κατ’
3513 2863 3651 2928 ὲρὼ-

2070 2953 2252 3019 τησιν,
2290 2949 2518 3003 ἐπὶτῶν
2557 2948 3010 3019 ὁμολογουμένων
3049 2948 3309 3005 τίθενται.
3353 2950 3651 3023 Προτίθησι

2071 3041 2129 3094 δὲ
2154 3042 2250 3093 καὶ
2274 3039 2373 3111 τὴν
2392 3040 2688 3111 τιμωρίαν.
2754 3041 2990 3093 Ἐπεσον
3043 3042 3176 3111 γὰρ,
3206 3039 3362 3113 φησι,
3396 3042 3464 3096 τὰ
3489 3041 3650 3095 κῶλα

2074 3132 2255 3186 αὐτῶν
2297 3132 2356 3184 ἐν
2407 3134 2474 3202 τῇ
2522 3132 2735 3202 ἐρήμῳ,
2773 3130 3042 3197 τουτέστι,
3073 3131 3144 3184 τὰ
3183 3130 3517 3201 μεγάλακαὶ
3545 3149 3652 3205 μη-

396 3221 641 3290 ipsorum
695 3219 867 3285 κῶλα,
899 3221 1004 3276 hoc
1047 3229 1154 3289 est,
1213 3237 1409 3292 magna
1459 3223 1684 3280 femoris
1721 3227 1870 3280 ossa.
1922 3225 1967 3281 A

2079 3227 2227 3294 ριαῖα
2251 3195 2836 3294 ὀστᾶξίλπθημέρους
2873 3222 2942 3276 ’δὲ
2988 3195 3056 3276 τὰ
3099 3195 3196 3278 ὅλα
3243 3195 3471 3293 σώματα
3525 3195 3646 3292 ἐδέ-

395 3320 552 3382 parte
585 3321 767 3364 autem
807 3320 916 3365 tota
949 3327 1183 3381 corpora
1216 3314 1570 3382 signiﬁcavit.

471 3401 637 3459 Vens.
675 3403 882 3467 18,19.
929 3403 1135 3470 Quibus
1181 3415 1359 3459 autem
1408 3407 1616 3474 juravit
1667 3425 1770 3463 non
1799 3409 1968 3462 intra-

395 3505 542 3548 turos
596 3499 652 3548 in
709 3495 939 3565 requiem
998 3513 1150 3551 suam
1179 3536 1195 3563 ,
1260 3499 1368 3552 nisi
1411 3499 1523 3552 illis
1573 3501 1664 3570 qui
1705 3500 1968 3555 increduli

395 3587 660 3654 (uerunt?
692 3586 760 3639 Et
789 3587 1024 3656 videmus
1077 3590 1218 3656 quod
1267 3608 1371 3646 non
1422 3601 1706 3657 potuerunt
1745 3595 1966 3648 introire

391 3684 605 3743 propter
655 3676 1109 3732 incredulitatem.
1144 3678 1314 3735 Paulo
1367 3691 1492 3736 ante
1527 3681 1687 3748 dixit,
1750 3685 1815 3738 iis
1876 3684 1966 3754 qui

391 3763 736 3833 peccaverant
763 3784 781 3822 :
810 3783 957 3824 nunc
988 3779 1194 3836 autem,
1230 3772 1297 3826 iis
1317 3773 1410 3842 qui
1451 3789 1556 3827 non
1603 3774 1961 3830 crediderunt.

393 3852 628 3910 Videtur
685 3857 856 3927 igitur
915 3859 1161 3915 indicare
1211 3859 1466 3917 ﬁdelibus
1524 3863 1646 3918 istis
1698 3862 1962 3929 chrmis,

392 3945 543 4010 quod
573 3946 626 4001 in
648 3949 753 4000 alia
779 3948 945 4003 etiam
980 3957 1207 4020 peccata
1260 3967 1367 4007 non
1407 3953 1567 4023 pauci
1606 3967 1797 4009 eorum
1851 3956 1964 4010 sint

390 4035 552 4106 lapsi,
593 4045 794 4107 praeter
817 4039 1328 4107 pusillanimitatem
1359 4052 1413 4098 et
1433 4043 1746 4098 futurorum
1773 4045 1959 4100 incre-

385 4127 696 4183 dulitatem.
745 4127 910 4202 67o
959 4131 1220 4190 Videmus
1271 4134 1459 4206 igitur,
1513 4135 1661 4206 quod
1717 4135 1962 4192 inﬁdeles

390 4233 499 4274 non
534 4221 645 4275 sint
685 4221 922 4292 ingressi
979 4222 1033 4278 in
1075 4227 1344 4297 requiem,
1381 4227 1485 4280 hoc
1527 4233 1634 4291 est,
1671 4226 1744 4282 ob
1772 4225 1960 4283 oculos

387 4311 548 4367 nobis
575 4313 754 4383 posita
784 4326 869 4369 est
889 4325 946 4370 et
971 4316 1025 4370 in
1054 4316 1309 4373 confesso
1329 4319 1532 4388 peccati
1563 4333 1744 4388 postia.

984 4441 1215 4500 CAPUT
1252 4444 1341 4498 IV.

2072 3317 2234 3370 λωσε.

2147 3408 2275 3460 Τίσι
2297 3406 2366 3461 δὲ
2392 3408 2592 3479 ὤμοσε
2618 3415 2704 3482 μὴ
2737 3401 3195 3470 εἰσελεύσεσθαι
3218 3418 3305 3481 εἰς
3333 3413 3446 3481 τήν
3468 3409 3653 3466 κατ’ἀ-

2069 3511 2300 3550 παυσιν
2323 3499 2533 3567 αὐτοῦ,
2565 3505 2618 3556 εί
2630 3503 2717 3572 μὴ
2754 3505 2877 3572 τοῖς
2905 3506 3272 3574 ἀπειθήσασι
3298 3519 3317 3567 ;
3355 3502 3462 3556 Kal
3494 3490 3664 3566 ,θάμ’

2067 3604 2260 3658 πομεν
2289 3591 2380 3646 ὅτι
2439 3593 2552 3647 οὐκ
2606 3596 3006 3666 ἠδυνήθησαν
3057 3595 3352 3650 εἰσελθεῖν
3387 3593 3488 3649 διὰ
3531 3592 3650 3660 τὴν

2066 3681 2374 3764 ἀπιστίαν.
2415 3684 2696 3756 ’Δνωτὲρω
2725 3687 2844 3758 μὲν,
2877 3686 3318 3757 ἁμαρτήσασιν,
3340 3680 3507 3764 »εἴπεο
3547 3683 3647 3737 νῦν

2065 3761 2146 3838 δὲ,
2179 3772 2606 3841 ἀπειθήσασιν.
2636 3774 2854 3832 Ἔοικεν
2905 3780 2998 3834 οὖν
3048 3761 3379 3834 αἰνίττεσθαι
3413 3778 3534 3842 τοῖς
3579 3776 3646 3841 ἐξ

2078 3852 2346 3934 Ἐϐραίων
2364 3865 2574 3929 τούτοις
2610 3867 2842 3935 πιστοῖς,
2864 3869 2944 3922 ὅτι
2977 3869 3072 3923 καὶ
3088 3872 3168 3933 είς
3188 3867 3353 3933 ἄλλας
3368 3863 3653 3940 ἁμάρτῖας

2066 3953 2252 4007 πολλοὶ⁵
2287 3955 2470 4010 αὐτῶν
2499 3955 2908 4022 ὲξωλίσθαινον,
2939 3960 3078 4029 μετά
3115 3960 3212 4013 τοῦ
3245 3960 3340 4014 καὶ
3373 3957 3646 4031 μικροψυ-

2065 4047 2180 4116 χεῖν
2203 4048 2298 4102 καὶ
2353 4049 2606 4106 ἀπιστεῖν
2631 4053 2746 4115 τοῖς
2779 4051 3085 4122 μέλλουσιν.
3117 4053 3180 4106 Οί
3212 4053 3392 4106 τοίνυν
3408 4051 3645 4120 ἀπειθή-

2067 4156 2283 4206 σαντες,
2322 4140 2595 4213 βλέπομεν
2640 4143 2724 4197 ὃτι
2771 4142 2880 4197 ὀὐκ
2905 4143 3485 4215 είσῆλθονῚούτςέστι,
3530 4141 3640 4213 πρὸ

2062 4230 2356 4300 ὀφθαλμῶν
2415 4237 2547 4305 ἡμῖν
2613 4235 2738 4290 ἐστι’
2801 4237 2896 4292 καὶ
2941 4235 3485 4309 ὡμολογη’μένον”τδ’
3537 4227 3641 4306 τῆξ

2064 4325 2337 4396 ἁμαρτίας
2375 4325 2666 4396 ἐπιτίμιον.

2654 4457 2906 4511 ΚΕΦΔΛ.
2946 4459 3020 4528 Δί,

455 4554 712 4608 νεπεπι.
751 4556 1044 4612 Timeamus
1075 4575 1197 4630 ergo
1222 4563 1494 4631 nequando
1528 4566 1715 4620 relicta
1744 4565 1956 4636 pollici-

2136 4571 2489 4640 Φοϐηθῶμεν
2519 4567 2633 4627 οὖν
2654 4572 2888 4641 μήποτε
2925 4573 3640 4644 καταλειπομένης-ἐπαγ·-

276 4721 285 4724 _
389 4646 587 4698 tatione
613 4645 917 4699 introeundi
949 4650 1003 4701 in
1037 4653 1265 4720 requiem
1297 4654 1434 4721 ejus.
1483 4655 1581 4711 llic
1614 4665 1698 4712 est
1728 4657 1962 4712 redditio

389 4733 551 4798 illius.
581 4734 720 4789 Dum
745 4736 1163 4807 dicitnrjllodie
1182 4744 1228 4796 si
1251 4757 1423 4798 vocem
1442 4748 1555 4815 ejus
1583 4749 1886 4814 audieritis,
1908 4757 1962 4801 et

2029 4662 2271 4730 ·γε.2ίας
2331 4662 2629 4716 εἰσελθεῖν
2683 4667 2771 4730 εὶς
2823 4664 2938 4731 τὴν
2999 4664 3382 4718 κατάπαυσιν
3424 4662 3637 4720 αὑτοῦ.

2076 4751 2406 4822 Ἐνταῦθανὴ
2439 4754 2700 4819 ἀπόδοσις
2728 4755 2843 4820 τοῦ,
2864 4755 2966 4810 Ἐν
3003 4755 3088 4822 τῷ
3108 4755 3412 4826 λέγεσθαι,
3443 4755 3641 4824 Σήμε-

387 4839 507 4916 quin
533 4835 838 4897 sequuntur
874 4847 890 4884 :
915 4839 1228 4891 metuamus
1256 4853 1324 4892 ne
1351 4847 1405 4892 et
1430 4839 1587 4894 nobis
1609 4841 1798 4895 eadem
1830 4855 1961 4894 con-

2077 4858 2170 4896 Dor
2191 4843 2305 4898 έέὰν
2331 4843 2445 4913 τῆς
2478 4846 2683 4914 φωνῆς
2704 4847 2891 4902 αὐτοῦ
2917 4848 3239 4915 ἀκούσητε,
3269 4849 3366 4902 καὶ
3393 4849 3460 4902 τὰ
3483 4846 3632 4916 ἑξῆς·

389 4915 619 5009 tingant.
652 4917 948 5009 Caeterum,
992 4925 1161 4993 Ergo.
1209 4927 1332 4982 ideo
1367 4931 1603 4999 positum
1649 4943 1754 4993 est,
1805 4933 1952 5000 quod

2077 4934 2386 5006 Ιιοϐηθῶμεν
2415 4939 2608 5005 μήπως
2636 4939 2730 4991 καὶ
2780 4939 2911 5008 ἡμῖν
2939 4939 3006 4992 τὰ
3045 4939 3188 4992 αὐτὰ
3221 4936 3424 5009 συμΰῇ.
3445 4939 3526 4991 -Τὸ
3552 4915 3632 5002 δὲ,

387 5004 604 5075 longius
635 5007 706 5062 sit
731 5009 895 5065 dilata
918 5015 1117 5081 oratio,
1149 5019 1466 5088 priusquam
1491 5019 1732 5076 redditio
1758 5035 1950 5092 seque-

386 5105 556 5152 retur.

469 5185 721 5243 Videntur
747 5192 940 5264 aliquis
958 5196 1156 5254 deesse.
1184 5199 1298 5256 Hoc
1317 5210 1422 5263 est,
1445 5215 1512 5256 ne
1538 5217 1648 5272 quo
1668 5203 1829 5258 modo
1857 5204 1951 5259 de-

387 5277 554 5344 ﬁciat,
588 5296 652 5335 ac
685 5283 1348 5355 lrustretur-ingressuin
1380 5293 1621 5363 requiem
1655 5294 1796 5349 hanc
1825 5310 1954 5365 pro-

390 5368 636 5426 missam.
667 5373 991 5433 Hilariorcm
1011 5388 1201 5436 autem
1237 5392 1291 5438 et
1323 5383 1502 5440 minus
1526 5383 1810 5442 molestam
1834 5401 1961 5442 ora-

457 5536 478 5567 '
506 5536 670 5594 llebr‘.
703 5557 776 5610 l“,
803 5544 859 5600 5.

2065 5021 2199 5090 οὖν,
2223 5027 2380 5097 ἐτέθη
2402 5027 2492 5080 διὰ
2519 5028 2579 5081 τὸ
2600 5029 2687 5082 διὰ
2722 5030 2934 5102 μακροῦ
2961 5030 3312 5086 ἀποδεδόσθαι
3335 5031 3427 5083 τὸν
3452 5029 3631 5096 λόγον,

2058 5116 2454 5187 ἐπαναλήψεως
2484 5121 2805 5191 γενομένης.

2129 5207 2284 5276 Δοκῇ
2327 5225 2420 5274 τις
2447 5211 2870 5280 ὑστερηκέναιο
2914 5212 3196 5280 Τουτέστι,
3252 5215 3448 5284 μήπως
3475 5213 3634 5267 ὕστε-

2061 5300 2207 5372 ρήσῃ
2233 5302 2328 5353 καὶ
2353 5300 2657 5373 ἀπολειφθῇ
2693 5301 2788 5355 τοῦ
2818 5302 3081 5358 εἰσελθεῖν
3107 5306 3188 5368 εἰς
3221 5305 3320 5376 τὴν
3342 5305 3632 5359 κατάπαυε

2062 5404 2148 5440 σιν
2193 5388 2398 5460 ταύτην
2438 5389 2538 5462 τὴν
2592 5391 3027 5466 ἐπηγγελμένην.
3061 5393 3412 5466 ἰλαρώτερον
3439 5393 3496 5448 δὲ
3533 5393 3632 5447 καὶ

1756 5671 1956 5734 Variae
1985 5671 2312 5737 lectiones.

458 5752 503 5784 ⁶⁹
533 5752 798 5823 ἐπέτυχον
837 5770 890 5810 o.
