4014 6208
341 464 410 479 δι’

1070 412 1476 475 EXPOSITIO
1509 413 1592 474 IN
1634 412 1869 473 EPIST.
1909 414 2008 472 AD
2049 414 2438 474 HEBRIEOS.
2470 439 2538 449 --
2563 415 2721 477 CAP.
2764 416 2864 476 IV.

3479 415 3590 481 230

341 519 816 596 ἀνεπαχθέστερον
857 521 949 574 τὶν
997 521 1156 590 λόγον
1207 522 1382 576 ποιῶν
1407 563 1421 586 ,
1466 523 1568 600 οὐκ
1625 518 1746 576 εἷπε
1773 539 1784 552 ·
1823 521 1916 592 Μὴ

2024 523 2222 578 tionem
2273 525 2499 589 faciens,
2551 539 2661 581 non
2709 525 2865 592 dixit,
2919 523 2997 580 Nc
3036 523 3290 594 deﬁciat;
3330 525 3424 582 sed
3456 546 3469 582 :
3505 527 3587 584 Ne

342 612 652 681 ὕστερήσῃ,
685 611 844 675 ἀλλὰ,
880 612 975 678 Μὴ
1014 612 1168 680 δοκῇ
1195 613 1615 681 ὑστερηκέναι.

412 703 520 756 Καὶ
546 702 656 772 γάρ
679 702 866 770 ἐσμεν
879 701 1368 773 εὐηγγελισμένοι
1394 703 1657 772 καθάπερ
1676 703 1914 759 ἐκεῖνοι·

339 794 486 849 ἀλλ’
519 796 630 849 οὐκ
659 794 976 863 ὠφέλησεν
1010 799 1042 850 ό
1087 797 1269 866 λόγος
1287 796 1391 864 τῆς
1413 795 1602 862 ἀκοῆς
1622 796 1914 862 ἐκείνους.

343 885 838 956 Εὐηγγελίσθημεν
902 887 994 939 καὶ
1041 889 1204 957 ἡμεῖς
1262 889 1392 957 περὶ
1444 887 1554 942 τῶν
1612 887 1917 958 μελλόντων

339 977 588 1045 ἀγαθῶν,
617 975 809 1047 ὥσπερ
833 979 1029 1030 ἐκεῖνοι
1050 977 1292 1041 τυπικῶς
1319 979 1449 1051 περὶ
1483 981 1582 1050 τῆς
1613 979 1736 1050 γῆς.
1777 979 1916 1032 Ἀλλ’

343 1069 535 1133 ἁπλῶς
564 1070 666 1123 οὐκ
687 1069 963 1140 ὠφελήσει
1012 1071 1155 1139 ἡμᾶς
1193 1071 1374 1132 τοῦτο.
1430 1071 1527 1124 ἐὰν
1589 1072 1664 1141 μὴ
1699 1070 1792 1127 καὶ
1825 1090 1917 1125 πι-

343 1159 648 1230 στεύωμεν,
663 1161 760 1216 καὶ
780 1162 961 1214 πᾶσαν
980 1161 1345 1232 μικροψυχίαν
1359 1161 1712 1233 ἀποθώμεθα,
1728 1163 1917 1233 ὥσπερ

343 1249 466 1302 οὐδὲ
514 1249 758 1314 ἐκείνους
803 1253 835 1321 ἡ
874 1251 1014 1322 ἀκοὴ
1068 1253 1368 1322 ὠφέλησεν.
1399 1254 1545 1324 Ὅρα
1574 1254 1631 1307 δὲ
1675 1254 1792 1318 πῶς
1831 1255 1918 1324 ἐφ’

338 1341 503 1410 ἡμῶν
536 1343 637 1411 μὲν
678 1342 1077 1412 εὐαγγελισμδν
1124 1344 1186 1396 τὸ
1237 1346 1474 1415 πρᾶγμα
1505 1346 1787 1410 ἐκάλεσεν,
1840 1347 1918 1410 ὡς

338 1433 615 1501 ἀληθινῶν
657 1434 875 1503 ἀγαθῶν
921 1435 1234 1504 ὑπόσχεσιν,
1271 1437 1367 1490 καὶ
1408 1436 1482 1502 ὡς
1513 1439 1620 1491 ἀπὸ
1655 1438 1918 1508 τροπαίου

342 1524 439 1577 καὶ
468 1524 632 1596 νίκης
658 1524 948 1595 διδομένων
971 1542 985 1556 ’
1022 1527 1112 1581 ἐπ’
1135 1526 1357 1582 ἐκείνων
1381 1526 1460 1592 δὲ,
1489 1528 1676 1598 λόγον
1701 1528 1915 1600 ἀκοῆς.

413 1790 511 1858 Μὴ
541 1791 1064 1860 συγκεκραμέ-νους
1093 1793 1168 1862 τῇ
1205 1795 1404 1850 πίστει
1439 1795 1563 1863 τοῖς
1588 1797 1911 1852 ἀκούσασι.

344 1884 626 1946 Τουτέστι,
653 1883 728 1954 μὴ
760 1884 1058 1948 ἑνωθέντας
1087 1860 1220 1954 μηδὲ
1242 1860 1728 1958 συμφρονήσαντας
1758 1890 1844 1944 διὰ
1871 1892 1916 1923 ⁷ο
1947 1860 1993 1919 Β

347 1974 453 2042 τῆς
500 1975 738 2038 πίστεως
788 1977 901 2038 τοῖς
949 1976 1267 2041 ἀκούσασιν,
1314 1979 1452 2040 ἀλλὰ
1495 1980 1914 2052 άποῤῥαγέντας

346 2063 548 2116 αὐτῶν.
579 2065 912 2134 Θαυμασίως
936 2065 994 2117 δὲ
1014 2066 1113 2118 οὐκ
1141 2063 1283 2129 εἷπε,
1302 2068 1394 2138 Μὴ
1423 2071 1912 2140 συμφωνήσαντας.

347 2155 612 2222 ἀλλὰ,Μή
644 2155 1194 2226 συγκεκραμένους.
1232 2157 1319 2210 ἵνα
1348 2157 1445 2227 τὴν
1489 2159 1668 2228 ἄκραν
1719 2160 1915 2214 ἕνωσιν

347 2244 587 2315 δηλώσῃ.
618 2244 984 2306 Ἀκούσαντας
1013 2246 1071 2298 δὲ
1105 2245 1338 2301 ἐνταῦθα
1367 2246 1515 2311 λέγει
1542 2249 1670 2312 τοὺς
1691 2248 1916 2302 πιστεύ-

350 2352 551 2398 σαντας
573 2351 587 2366 ·
626 2333 774 2390 οὗτοι
799 2337 908 2406 γὰρ
940 2337 1016 2406 τῷ
1046 2336 1158 2389 ὅντι
1187 2336 1521 2402 ἀκούσαντες
1553 2339 1620 2391 ἀν
1650 2339 1913 2407 λέγοιντο.

357 2428 416 2480 '0
473 2427 530 2480 δὲ
586 2428 646 2480 ὲν
713 2427 890 2497 ἁγίοις
944 2427 1218 2498 Ἰωάννης,
1294 2428 1368 2499 μὴ
1442 2429 1914 2499 συγκεκραμένους

345 2518 536 2589 ὺνόησε
591 2520 719 2582 τοὺς
753 2519 881 2589 περὶ
919 2518 1099 2572 Χαλὲῦ
1156 2520 1250 2574 καὶ
1315 2519 1542 2588 Ἰησοῦν.
1590 2515 1750 2574 Οὗτοι
1805 2523 1914 2591 γὰρ

347 2612 702 2665 ἀστασίαστοι
755 2612 1014 2681 ἔμειναν,
1072 2611 1191 2665 οὐδὲ
1237 2612 1741 2683 συνανεκράθησαν,
1791 2613 1915 2666 οὐδὲ

347 2702 693 2773 συνέστησαν
741 2703 837 2756 καὶ
897 2701 1315 2773 συνεφθάρησαν
1344 2705 1456 2766 τοῖς
1486 2702 1664 2767 ἄλλοις
1693 2704 1916 2756 στασιά-

343 2795 524 2858 ζουσι,
558 2794 650 2848 καὶ
681 2793 810 2864 μίαν
844 2797 976 2848 πᾶσι
1029 2793 1256 2863 γνώμην
1310 2792 1522 2864 σχοῦσι.
1556 2795 1678 2847 Τίσι
1705 2796 1760 2848 δὲ
1790 2796 1915 2849 τού-

344 2901 498 2949 τοις;
530 2885 652 2948 Τοῖς
681 2884 944 2953 ἀκούσασι
968 2887 1060 2938 καὶ
1087 2885 1252 2956 μηδὲν
1287 2884 1632 2955 ὡφεληθεῖσι.
1661 2885 1832 2939 Τοῦτο
1857 2887 1914 2938 δὲ

346 2975 494 3029 κατά
519 2977 619 3043 τὴν
653 2977 892 3044 μεγάλην
922 2974 1085 3028 αὑτοῦ
1117 2975 1208 3029 καὶ
1235 2974 1458 3044 βαθεῖαν
1484 2975 1676 3042 σοφίαν
1704 2975 1732 3028 ὁ
1758 2975 1914 3042 ἆγιος

345 3059 503 3129 οὗτος
541 3064 733 3130 είπιῖιν,
761 3066 882 3135 ἐμοὶ
903 3064 1032 3133 γοῦν
1067 3063 1144 3136 τῷ
1171 3064 1374 3136 ἀναξίῳ
1403 3067 1501 3119 οὐκ
1521 3067 1689 3120 ἔδωκε
1719 3066 1912 3136 νοῆσαι

347 3158 469 3220 ’.τῶς
489 3158 618 3212 αὐτὸ
648 3154 821 3211 εἶπεν.

423 3251 829 3319 Εἰσερχόμεθα
873 3247 982 3318 γὰρ
1017 3250 1105 3313 εἰς
1161 3247 1276 3314 τὴν
1323 3247 1701 3303 κατάπαυσιν
1735 3253 1789 3304 οι
1821 3264 1922 3304 m-

349 3343 744 3406 στεύσιιντες,
776 3339 968 3404 καθὼς
1009 3339 1252 3408 εἴρηκεν
1277 3354 1292 3370 ’
1341 3338 1441 3405 Ὠς
1476 3338 1683 3408 ὤμοσα
1707 3341 1804 3402 ,μὲν
1850 3341 1925 3410 τῇ

349 3433 497 3503 ὀργῇ
520 3450 665 3502 μου,
713 3434 766 3484 εί
808 3431 1258 3484 εἰσελεύσονται
1283 3433 1370 3496 είς
1403 3431 1515 3498 τὴν
1538 3429 1927 3486 κατάπαυσίν

343 3544 486 3595 μου.
520 3525 690 3578 Πόθεν
719 3523 875 3593 δῆλον
924 3523 1007 3575 ὅτι
1043 3522 1461 3591 εἰσελευσόμεθα
1491 3522 1572 3584 είς
1615 3522 1714 3593 τὴν
1758 3525 1928 3578 κατὰ..

351 3632 554 3669 παυσιν
571 3615 1025 3675 οἱπιστεὺσαντες
1051 3630 1067 3678 ;
1111 3613 1208 3666 Ἐκ
1227 3612 1320 3666 τοῦ
1342 3615 1516 3666 εἰπεῖν
1545 3614 1636 3666 τὸν
1663 3614 1817 3681 Θεὸν,
1843 3617 1926 3668 ὅτι

350 3708 452 3760 οὐκ
481 3705 878 3759 εἰσελεύσονται
904 3705 952 3757 οε
1000 3704 1422 3774 ἀπιστήσαντες.
1475 3703 1568 3768 Ἐξ
1594 3704 1926 3766 ἀντιδιαστοε-

348 3800 447 3870 λῆς
481 3799 592 3869 γὰρ
620 3797 782 3851 τοῦτο
809 3799 1032 3862 νοεῖται,
1061 3796 1155 3850 καί
1180 3795 1368 3864 ὥσπερ
1406 3797 1520 3859 τοῖς
1554 3796 1926 3865 ἁπιστήσασιν

349 3889 670 3961 ἀντιμισθία
690 3890 789 3960 τῆς
811 3887 1071 3950 ἀπιστίας
1099 3886 1161 3940 τὸ
1204 3885 1280 3956 μὴ
1316 3885 1615 3939 εἰσελθεῖν·
1655 3886 1942 3950 οὕτωκαὶ.

349 3986 512 4053 ἡμεῖς
544 3985 608 4036 ἐκ
639 3980 734 4034 τοῦ
779 3981 1022 4035 ἐναντίου
1079 3978 1491 4045 πιστεύσαντες,
1545 3979 1782 4049 ἀμοιϐὴν
1824 3981 1924 4050 τῆς

351 4073 590 4137 πίστεως
618 4071 907 4142 ληψόμεθα
960 4071 1022 4124 τὸ
1063 4069 1344 4126 εἰσελθεῖν.

423 4267 624 4321 Καίτοι
645 4262 765 4317 τῶν
778 4265 965 4331 ἔργων
986 4261 1105 4317 ἀπὸ
1140 4260 1252 4330 τῆς
1312 4227 1648 4330 καταϐολῆς
1695 4261 1928 4329 κόσμου

349 4354 750 4426 γενηθέντων.
784 4354 1000 4420 Εἵρηκε
1040 4350 1154 4422 γάρ
1197 4365 1316 4406 που
1347 4351 1480 4420 περὶ
1531 4351 1642 4420 τῆς
1675 4352 1931 4423 ἑϐδόμης

2022 614 2261 668 videntur
2291 616 2534 683 deficere.

2092 704 2258 760 Vsus.
2291 705 2347 760 2.
2377 705 2592 761 Etenim
2614 718 2665 763 et
2695 707 3179 764 nobisnuntiatum
3205 719 3304 774 est,
3337 711 3586 780 quemad-

2024 803 2232 852 modum
2257 799 2434 862 etilli,
2462 799 2554 854 sed
2602 816 2704 855 non
2747 801 2949 870 proluit
2994 802 3070 856 eis
3104 817 3301 856 ’sermo
3343 802 3580 858 auditus.

2017 888 2416 945 Aununtiatum
2453 901 2555 958 est,
2599 893 2800 963 inquit,
2838 893 3065 962 perinde
3093 893 3251 948 nobis
3277 892 3344 948 de
3384 893 3585 949 futuris

2019 980 2200 1047 bonis,
2252 990 2420 1052 atque
2448 983 2556 1038 illis
2611 985 2792 1054 typice
2821 984 2890 1038 de
2924 991 3070 1038 terra
3107 998 3336 1039 :verum
3371 984 3422 1039 id
3453 985 3586 1039 sim-

2021 1075 2236 1143 pliciter
2265 1076 2425 1130 nobis
2457 1089 2564 1128 non
2590 1075 2851 1145 proderit,
2888 1074 2996 1130 nisi
3043 1076 3209 1130 etiam
3268 1076 3584 1140 credamus.
3683 1121 3688 1128 .

2016 1181 2345 1236 omnemque
2379 1165 2884 1236 pusillanimitatem
2929 1163 3288 1234 dcponamns,
3319 1172 3376 1218 ut
3408 1180 3587 1234 neque

2019 1258 2130 1314 illis
2193 1257 2403 1328 profuit
2454 1257 2720 1313 audiisse.
2776 1257 3166 1312 Animadverte
3218 1267 3396 1310 autem
3448 1271 3587 1325 quo-

2021 1351 2184 1405 modo
2243 1352 2309 1406 de
2386 1349 2547 1405 nobis
2607 1349 2857 1419 loquens.
2911 1363 3025 1404 rem
3102 1348 3274 1416 ipsam
3349 1346 3586 1414 εὐαγγε-

2017 1440 2214 1511 λισμδν
2275 1439 2586 1510 appellavit,
2663 1447 2922 1508 tanquam
2997 1451 3252 1492 verorum
3315 1435 3584 1490 bonorum

2019 1531 2680 1600 promissionem,acqum
2700 1531 2868 1584 veluti
2899 1536 3022 1599 post
3060 1529 3299 1598 traphma
3329 1537 3381 1582 et
3413 1528 3586 1580 victo-

2019 1624 2158 1677 riam
2197 1622 2400 1676 dantur
2429 1639 2444 1678 :
2479 1637 2602 1676 cum
2637 1620 2704 1676 de
2725 1621 2832 1676 illis
2865 1627 3046 1674 autem
3090 1620 3354 1688 loquitur,
3381 1634 3584 1673 sermo-

2020 1732 2137 1769 nem
2170 1715 2386 1768 auditus
2416 1714 2577 1768 dixit.

2095 1804 2218 1858 Non
2249 1804 2505 1857 admixtis
2521 1803 2624 1871 ﬁde
2654 1802 2720 1855 iis
2741 1801 2834 1872 qui
2867 1800 3170 1854 audierant.
3202 1798 3316 1854 Hoc
3336 1807 3444 1866 est,
3474 1814 3584 1854 non

2023 1897 2192 1952 unitis
2219 1911 2398 1964 neque
2427 1894 2904 1950 consentientibus
2931 1908 3028 1963 per
3052 1893 3211 1948 ﬁdem
3239 1908 3362 1947 cum
3391 1893 3457 1948 iis
3494 1892 3584 1962 qui

2020 1988 2363 2052 audiverant,
2399 1987 2493 2041 sed
2538 1985 2608 2040 ab
2638 1986 2771 2055 ipsis
2812 1984 3035 2039 avulsis.
3073 1983 3208 2038 Mire
3256 1993 3434 2038 autem
3479 1997 3586 2036 non

2016 2080 2177 2146 dixit,
2212 2079 2685 2135 consentientibus
2715 2094 2730 2142 ;
2757 2078 2874 2141 sed,
2904 2093 3006 2131 non
3042 2075 3318 2140 admixtis,
3349 2082 3406 2128 ut
3435 2074 3588 2129 enin-

2017 2186 2162 2226 mam
2198 2172 2455 2225 unionem
2483 2169 2780 2240 significet.
2810 2167 2913 2234 Qui
2942 2167 3229 2221 audierant
3251 2175 3454 2229 autem,
3491 2178 3588 2217 eos

2017 2263 2108 2318 hic
2134 2261 2292 2325 dicit,
2319 2261 2411 2331 qui
2432 2260 2782 2316 crediderant
2817 2276 2832 2312 :
2864 2257 2954 2312 isti
2983 2257 3127 2312 enim
3153 2269 3340 2308 revera
3366 2253 3588 2308 audisse

2015 2352 2124 2408 dici
2159 2359 2385 2422 queant.
2432 2349 2598 2403 Divus
2631 2357 2812 2402 autem
2860 2345 3104 2401 Joannes
3161 2344 3588 2412 Cbrysostomus

2017 2457 2127 2497 non
2166 2441 2432 2495 admistos
2487 2439 2754 2493 intellexit
2805 2437 2973 2491 Caleb
3007 2445 3061 2490 et
3091 2434 3298 2490 Jesum.
3333 2434 3412 2488 Illi
3438 2435 3586 2489 enim

2014 2543 2168 2588 extra
2200 2533 2518 2588 seditionem
2543 2539 2976 2600 permanserunt,
3003 2543 3180 2598 neque
3201 2528 3414 2582 czeteris
3436 2543 3590 2582 coui-

2019 2624 2169 2681 misti
2203 2633 2354 2685 sunt,
2389 2637 2569 2691 neque
2599 2620 2761 2675 simul
2801 2621 3220 2673 insurrexerunt
3241 2627 3295 2672 et
3324 2632 3590 2672 consum-

2017 2717 2093 2786 pti
2136 2723 2264 2770 sunt
2292 2718 2416 2766 eum
2470 2710 2593 2765 aliis
2621 2707 2925 2770 seditiosis,
2956 2707 3211 2762 omnibus
3237 2721 3399 2761 unam
3454 2721 3589 2761 sen-

2016 2805 2239 2860 tentiam
2313 2802 2655 2857 habentibus.
2743 2800 2952 2866 Quibus
3009 2807 3188 2852 autem
3249 2798 3375 2852 his?
3426 2797 3590 2851 nimi-

2017 2893 2239 2948 rumhis
2268 2891 2358 2960 qui
2398 2892 2709 2955 audierunt,
2758 2890 3068 2956 nullamque
3121 2889 3405 2941 utilitatem
3442 2902 3590 2940 rece

2014 2993 2229 3056 perunt.
2254 2983 2366 3037 Iloc
2387 2985 2513 3036 vero
2537 2983 2689 3050 juxta
2717 2994 2963 3048 magnam
2995 2987 3048 3032 et
3070 2976 3392 3049 profundam
3432 2991 3587 3030 suam

2014 3077 2335 3146 sapientiam
2355 3084 2576 3128 sanctus
2594 3071 2695 3124 iste
2709 3071 2873 3134 dixit;
2896 3068 3024 3122 milii
3044 3075 3224 3122 autem
3249 3067 3466 3136 indigno
3481 3081 3588 3120 non

1946 3183 1994 3246 ρ
2023 3168 2171 3223 dedit
2198 3167 2531 3221 intellectum
2591 3159 2864 3230 quomodo
2889 3159 3015 3211 illud
3044 3157 3266 3210 dixerit.

2095 3255 2265 3312 Vens.
2297 3256 2352 3309 '5.
2385 3252 2750 3322 lugrediemur
2787 3250 2926 3301 enim
2960 3249 3015 3300 in
3043 3248 3272 3316 requiem
3303 3247 3395 3317 qui
3423 3246 3594 3301 credi.

2025 3365 2162 3410 mus,
2188 3341 2623 3416 quemadmodum
2654 3339 2790 3392 dixit
2817 3353 2836 3391 :
2863 3336 3016 3392 Sicut
3037 3337 3219 3404 juravi
3247 3340 3308 3390 in
3343 3339 3426 3390 ira
3455 3353 3592 3400 utea,

2025 3440 2074 3494 si
2101 3435 2397 3492 introibant
2422 3435 2474 3487 in
2505 3431 2734 3501 requiem
2769 3444 2959 3483 meam.
3023 3425 3178 3482 Unde
3239 3427 3590 3497 perspicuum

2025 3534 2111 3582 est
2140 3524 2285 3596 quod
2327 3521 2700 3590 ingrediemur
2744 3519 2798 3573 in
2842 3517 3085 3586 requiem
3140 3531 3241 3574 nos
3288 3517 3380 3586 qui
3427 3517 3588 3587 671

2025 3615 2401 3674 credidimus?
2443 3628 2536 3670 ex.
2563 3626 2629 3666 eo
2662 3611 2792 3680 quia
2813 3609 2948 3664 dicit
2983 3607 3274 3673 Deus,_non
3309 3608 3594 3676 ingressu-

2025 3723 2120 3763 ros
2153 3722 2246 3762 eos
2269 3706 2360 3775 qui
2391 3719 2501 3759 non
2523 3701 2893 3758 crediderunt.
2931 3699 2973 3753 E
3003 3699 3285 3753 contrario
3315 3699 3459 3752 enim
3489 3698 3594 3753 hoc

2027 3799 2369 3867 intelligitur,
2421 3804 2476 3852 et
2530 3792 3009 3865 quemadmodum.
3043 3791 3112 3846 iis
3145 3790 3238 3862 qui
3273 3805 3381 3845 non
3415 3789 3597 3845 credi-

2028 3892 2227 3947 derunt
2259 3903 2470 3945 merces
2500 3886 2919 3943 incredulitatis
2975 3892 3117 3951 erat,
3153 3883 3299 3953 quod
3350 3881 3595 3952 requiem

2027 3999 2139 4040 non
2197 3980 2656 4054 ingrederentur;
2717 3977 2792 4032 ita
2843 3983 3153 4034 econtra.
3188 3988 3289 4027 nos
3329 3973 3432 4041 qui.
3471 3986 3596 4025 creo

2027 4077 2289 4141 didimus,
2336 4087 2437 4129 ceu
2497 4070 2622 4126 fidei
2679 4067 2983 4124 mercedem
3031 4063 3314 4119 introitum
3350 4061 3598 4131 accipie-

2029 4185 2174 4226 nius.

2101 4273 2272 4329 Vatis.
2331 4273 2453 4328 5-5.
2497 4269 2565 4324 Et
2615 4268 2824 4338 quidem
2875 4263 3115 4333 operibus
3165 4259 3232 4315 ab
3267 4256 3600 4314 institutione

2032 4365 2214 4419 mundi
2245 4362 2512 4431 perfectis.
2545 4359 2691 4412 Dixit
2721 4356 2855 4410 enim
2889 4355 2945 4408 in
2988 4350 3218 4422 quodam
3267 4349 3380 4403 loco
3413 4347 3479 4401 de
3515 4348 3601 4400 die

349 4446 511 4501 οὕτω
547 4463 562 4476 ⁸
593 4443 704 4498 Καὶ
728 4442 1108 4498 κατέπαυσεν
1135 4445 1168 4496 ό
1204 4441 1347 4509 Θεὸς
1383 4442 1452 4496 ἐν
1491 4442 1568 4510 τῇ
1606 4443 1797 4512 ἡμέρᾳ
1853 4443 1923 4512 τῇ

2032 4458 2252 4525 septima
2270 4456 2345 4509 sic
2375 4469 2394 4506 :
2428 4452 2495 4506 Et
2523 4447 2770 4519 requievit
2789 4446 2931 4500 Deus
2969 4444 3054 4498 die
3075 4443 3296 4511 septima
3333 4439 3396 4494 ab
3427 4438 3601 4493 omni-

349 4539 576 4608 ἐϐδόμῃ
623 4535 744 4592 ἀπὸ
789 4534 1031 4588 πάντων
1089 4533 1206 4588 τῶν
1241 4532 1436 4603 ἔργων
1495 4535 1701 4589 αὐτοῦ.
1730 4535 1923 4590 Καὶὲν

2035 4516 2128 4602 bus
2153 4545 2391 4616 operibus
2428 4544 2560 4598 suis.
2592 4516 2676 4596 ἘΙ
2708 4540 2763 4593 in
2796 4540 2901 4592 isto
2939 4551 3128 4590 rursus
3160 4550 3179 4588 :
3219 4531 3280 4588 Si
3303 4529 3601 4585 introibant

351 4630 546 4694 τούτῳ
574 4628 766 4681 πάλιν
793 4642 808 4658 ο
845 4627 914 4678 ει
955 4625 1409 4679 εἰσελεύσονται
1454 4627 1539 4689 εἰς
1582 4625 1697 4693 τὴν
1741 4626 1912 4679 κατά·

352 4720 585 4773 παυσίν
600 4735 741 4787 μου.
767 4719 922 4770 Δοκεῖ
948 4716 1306 4780 ἁνακόλουθος
1347 4715 1487 4771 εἶναι
1517 4719 1545 4771 ό
1595 4717 1771 4785 λόγος,
1825 4717 1926 4770 οὐκ

355 4812 476 4864 ἐστι
507 4810 565 4864 δέ
611 4826 625 4839 ·
651 4809 788 4862 ἀλλὰ
818 4807 976 4862 τοῦτό
1001 4825 1185 4878 φησιν,
1213 4809 1296 4868 ὅτι
1322 4809 1434 4862 Οὐκ
1457 4807 1571 4878 ἔχει
1609 4825 1691 4872 τις
1726 4809 1923 4872 εἰπεῖν,

360 4903 448 4954 ὅτι
485 4900 646 4954 Δαὸὶδ
698 4900 826 4968 περὶ
885 4899 983 4968 τῆς
1047 4898 1442 4962 καταπαύσεως
1504 4898 1651 4968 λέγει
1698 4899 1799 4966 τῆς
1835 4896 1929 4950 τοῦ

362 4991 673 5045 Σαϐϐάτου·
705 4991 823 5054 πῶς
851 4989 977 5059 γὰρ,
1014 4990 1135 5059 ἥτις
1192 4989 1360 5044 πάλαι
1418 4990 1682 5060 γεγένητο
1713 4990 1779 5055 ⁷⁸,
1839 4989 1934 5042 καὶ

360 5084 455 5138 ὅτε
479 5085 593 5136 κατ’
625 5084 801 5153 ἀρχὰς
817 5084 845 5135 ὁ
879 5083 1082 5152 κόσμος
1107 5083 1206 5152 τὴν
1229 5082 1486 5137 σύστασιν
1509 5083 1702 5137 ἐλαϐεν
1727 5100 1742 5149 ;
1770 5083 1932 5137 Ἀλλὰ

360 5177 519 5247 δῆλον
541 5178 623 5230 ὅτι
663 5177 790 5246 περὶ
818 5174 984 5245 ἄλλης
1014 5175 1155 5239 τινὸς
1183 5175 1330 5243 λέγει
1372 5177 1401 5229 ό
1451 5175 1616 5230 Δαόὶδ
1648 5175 1932 5228 καταπαύ-

365 5285 540 5332 σεως·
594 5269 716 5339 ἥτις
737 5266 833 5322 καὶ
877 5268 958 5330 εἰς
1011 5271 1102 5319 τὸν
1159 5267 1421 5336 μέλλοντα
1469 5266 1800 5335 ἐγκέκλιται,
1853 5266 1928 5329 ὡς

2035 4637 2087 4690 in
2124 4633 2352 4698 requiem
2407 4645 2600 4682 meam.
2665 4625 2888 4680 Videtur
2928 4620 3103 4676 oratio
3148 4619 3264 4673 haec
3310 4630 3434 4671 esse
3490 4630 3602 4669 non

2035 4723 2324 4779 admodum
2357 4733 2724 4788 consequens,
2766 4716 2860 4770 sed
2897 4728 3061 4768 secus
3089 4719 3213 4766 est:
3255 4707 3352 4763 sed
3389 4707 3492 4762 hoc
3519 4704 3602 4758 di-

2036 4822 2130 4882 cit,
2163 4817 2305 4889 quod
2337 4831 2446 4868 non
2482 4813 2654 4882 possit
2697 4809 2898 4878 aliquis
2939 4806 3212 4860 aliirmare
3244 4798 3502 4856 Davidem
3535 4795 3603 4848 de

2039 4909 2258 4965 Sabbati
2295 4905 2483 4973 requie
2513 4901 2681 4968 loqui.
2714 4899 2993 4964 Qulenim
3025 4896 3093 4950 de
3124 4895 3226 4949 hac
3263 4893 3603 4960 loqueretur,

2040 5017 2163 5056 cum
2197 5014 2260 5055 ea
2283 4999 2392 5067 jam
2416 4994 2542 5048 olim
2567 4990 2748 5052 fuerit,
2782 4988 3038 5042 nimirum
3071 5001 3194 5039 cum
3223 4984 3460 5039 mundus
3489 4978 3606 5048 pri-

2039 5105 2129 5144 mo
2159 5065 2525 5142 conderetur?
2568 5080 2674 5134 Sed
2719 5074 3067 5131 manifestum
3102 5081 3186 5128 est
3219 5069 3364 5142 quod
3399 5067 3466 5120 de
3498 5065 3602 5119 alia

2039 5178 2295 5250 quapiam
2327 5172 2509 5244 quiete
2546 5167 2712 5224 David
2747 5165 2912 5221 verba
2953 5162 3136 5224 faciat,
3170 5171 3362 5250 nempe
3395 5155 3606 5250 ingres-

2041 5240 2106 5324 su
2140 5240 2190 5322 in
2214 5240 2442 5334 regnum
2475 5260 2735 5315 caelorum
2763 5273 2779 5323 ;
2809 5253 2954 5325 quod
2988 5247 3326 5320 ingrediendi
3364 5240 3602 5296 vocabu-

365 5337 689 5428 ὀφειλόντων
717 5358 917 5430 δηλαδή
947 5373 1110 5410 τινων
1152 5358 1289 5427 μετά
1318 5357 1489 5410 ταῦτα
1520 5357 1803 5412 εἰσελθεῖν.
1827 5359 1923 5410 Kal

2045 5361 2155 5413 lum
2189 5358 2244 5411 in
2280 5355 2468 5410 futuro
2502 5351 2826 5412 declinatur,
2867 5354 3126 5413 tanquam
3160 5337 3433 5430 deberent-
3457 5343 3606 5430 non-

368 5451 556 5520 ὥσπερ
577 5451 638 5504 τὸ
663 5449 941 5503 Σάὁϐατον
999 5446 1338 5511 κατάπαυσις
1396 5448 1612 5515 λέγεται
1651 5447 1805 5518 παρὰ
1867 5449 1934 5518 τῇ

368 5540 579 5613 Γραφῇ,
609 5543 704 5598 καὶ
734 5541 885 5614 οὐδὲν
905 5537 1145 5594 ἐκώλυσε
1185 5540 1530 5596 κατάπαυσιν
1573 5540 1712 5610 μετά
1763 5540 1935 5595 ταῦτα

2044 5449 2180 5505 nulli
2211 5455 2336 5517 post
2380 5446 2496 5500 haec
2527 5439 2760 5517 ingredi.
2791 5438 2871 5492 Ac
2895 5424 3352 5517 quemadmodum
3379 5416 3605 5517 .Salib-a-

2047 5549 2164 5597 tum
2196 5505 2414 5609 requies
2452 5505 2653 5590 dicitur
2680 5514 2744 5587 in
2793 5524 3180 5593 Scriptura,.et
3209 5511 3346 5572 nihil
3378 5505 3606 5579 impedi-

1725 5715 1926 5776 Variae
1962 5711 2289 5776 lectiones.

447 5818 492 5851 '°
517 5818 648 5889 περὶ
680 5832 734 5872 0.
809 5817 854 5851 "
874 5817 1064 5886 γέγονε
1081 5831 1138 5872 0.
