4014 6208
368 388 465 452 231

1241 393 1815 457 THEOPHYLACTI
1849 398 2257 459 BULGARI/E
2292 384 2649 462 ARClilEP.

3504 406 3618 471 232

373 503 447 551 vit
474 499 770 567 quominus
826 502 1051 572 posthac
1085 501 1344 557 introitus
1372 504 1423 556 in
1466 514 1662 560 terram
1703 510 1927 576 promis

2032 511 2303 583 ,λεχθῆναι
2334 513 2379 544 ⁷³
2442 515 2536 567 καὶ
2598 513 2693 585 τὴν
2757 514 2834 578 εἰς
2865 516 2965 585 τὴν
3012 515 3114 586 γῆν
3149 517 3246 588 τῆς
3284 517 3619 588 ἐπαγγελίας

369 590 542 646 sionis
588 592 750 646 etiam
784 593 1059 650 diceretur
1091 595 1308 663 requies
1341 610 1356 649 :
1387 596 1467 650 sic
1511 596 1623 666 jam
1659 598 1792 652 nihil
1816 615 1940 667 pro-

370 682 521 736 hibet
553 692 675 752 post
725 684 866 739 hanc
922 701 1114 742 rursus
1152 686 1397 755 requiem
1449 688 1630 742 vocari
1677 688 1937 757 futuram,

368 789 592 844 regnum
620 775 876 831 videlicet
900 778 1184 844 malorum,
1218 777 1271 832 in
1299 780 1440 848 quod
1475 779 1512 833 ii
1543 780 1635 849 qui
1682 795 1793 836 non
1822 798 1938 837 cre-

365 864 643 932 diderunt,
672 881 782 920 non
807 868 1203 935 ingredientur.

439 954 604 1010 Vens.
631 956 664 1009 6
694 957 748 1011 8.
794 957 1060 1021 Quoniam
1109 975 1231 1027 ergo
1274 971 1505 1027 superest
1536 961 1757 1015 introire
1778 976 1936 1028 quos-

364 1043 490 1097 dam
546 1047 599 1098 in
629 1047 803 1111 illaut,
837 1058 888 1101 et
925 1050 987 1112 ii,
1037 1049 1224 1118 quibus
1262 1050 1527 1115 prioribus
1562 1053 1935 1104 annuntiatum

362 1144 462 1195 est,
522 1153 622 1189 non
680 1137 1020 1203 introierunt,
1079 1149 1292 1206 propter
1327 1138 1786 1205 incredulitatem,
1841 1143 1938 1194 ite-

363 1239 474 1274 rum
505 1226 746 1277 terminat
771 1228 908 1279 diem
946 1227 1227 1295 quemdam
1257 1242 1275 1280 :
1310 1227 1505 1292 Hodie,
1554 1228 1606 1281 in
1640 1228 1806 1283 Dauid
1852 1230 1937 1282 di-

361 1318 543 1378 cendo,
570 1324 686 1384 post
715 1326 919 1369 tantum
960 1319 1227 1384 temporis,
1267 1317 1703 1385 quemadmodum
1738 1320 1936 1373 dictum

360 1416 441 1457 est
479 1422 496 1457 :
531 1405 709 1459 Hodie
738 1408 783 1459 si
819 1423 991 1461 vocem
1010 1408 1126 1475 ejus
1153 1408 1455 1473 audieritis,
1485 1410 1645 1464 nolite
1675 1409 1936 1466 obdurare

359 1496 521 1548 corda
553 1507 743 1550 uestra.
780 1496 924 1550 Nam
954 1499 1002 1551 si
1030 1500 1105 1551 eis
1134 1498 1292 1553 Jesus
1316 1500 1544 1569 requiem
1576 1503 1931 1574 pra'stitisset,

360 1602 625 1655 nunquam
654 1586 717 1640 de
745 1588 855 1640 alia
885 1589 1185 1655 loqueretur
1210 1589 1427 1655 posthac
1468 1592 1572 1644 die.
1606 1589 1931 1646 Universum

363 1677 464 1729 hoc
514 1684 747 1728 conatur
802 1677 1116 1739 ostendere,
1162 1683 1309 1746 quod
1354 1677 1515 1732 Jesus
1571 1679 1741 1736 Filius
1786 1681 1935 1737 Nave

2043 605 2250 658 εἴσοδον
2269 623 2285 638 ·
2318 606 2488 670 οὕτως
2509 605 2631 661 οὐδὲ
2660 606 2755 661 νῦν
2791 608 2991 661 κωλύει
3025 609 3166 680 μετά
3225 609 3428 681 ταύτην
3456 612 3618 666 πάλιν

2041 700 2384 754 κατάπαυσιν
2407 699 2672 772 κληθῆναι
2696 700 2798 770 τὴν
2852 700 3174 769 μέλλουσαν,
3218 702 3320 772 τὴν
3360 703 3468 757 τῶν
3518 706 3616 757 οὐ·

2042 790 2222 860 ρανῶν
2247 809 2390 863 φημι
2418 791 2714 860 βασιλείαν,
2745 793 2825 856 εις
2866 793 2932 862 ἢν
2958 795 3007 847 οἱ
3049 793 3450 862 ἀπιστήσαντες
3514 795 3616 848 οὐκ

2039 881 2459 936 εἰσελεύσονται.

2108 974 2264 1027 Ἐπεὶ
2293 969 2410 1029 οὖν
2436 974 2828 1029 ἀπολείπεται
2856 991 3024 1040 τινας
3044 976 3343 1030 εἷσε-λθειν
3370 978 3459 1043 εἰς
3501 978 3613 1030 αὐ-

2038 1064 2172 1131 τὴν,
2207 1065 2304 1118 καὶ
2333 1066 2387 1119 οἱ
2418 1066 2708 1133 πρότερον
2737 1066 3270 1135 εὐαγγελισθέντες
3318 1068 3429 1120 οὐκ
3483 1069 3612 1120 εισ-

2037 1156 2230 1221 ῆλθον
2260 1156 2334 1210 δι’
2357 1157 2695 1215 ἀπείθειαν.
2731 1156 2917 1211 πάλιν
2953 1156 3086 1210 τινὰ
3138 1156 3312 1222 ὁρίζει
3360 1157 3609 1226 ἡμέραν,

2040 1247 2326 1317 Σήμερον,
2347 1249 2417 1300 ἐν
2434 1247 2612 1301 Δαὸιδ
2638 1246 2849 1316 λέγων,
2874 1247 3024 1315 μετὰ
3054 1248 3349 1302 τοσοῦτον
3365 1249 3608 1315 χρόνον.

2039 1339 2233 1404 καθὼς
2256 1339 2484 1406 εἴρηται
2517 1355 2530 1367 ⁸
2564 1337 2836 1406 Σήμερον
2861 1336 2971 1391 ἐὰν
3018 1336 3130 1405 τῆς
3181 1337 3388 1406 φωνῆς
3422 1339 3608 1391 αὐτοῦ

2036 1429 2359 1496 ἀκούσητε,
2403 1427 2488 1496 μὴ
2546 1428 2931 1495 σκληρύνητε
2973 1426 3081 1493 τὰς
3131 1426 3377 1494 καρδίας
3418 1426 3605 1495 ὑμῶν.

2033 1523 2101 1573 Et
2127 1519 2237 1589 γὰρ
2274 1520 2490 1585 αὐτοὺς
2521 1519 2764 1585 Ἰησοῦς
2792 1518 3198 1584 κατέπαυσεν,
3234 1519 3344 1572 οὐκ
3366 1517 3443 1571 ἃν
3472 1519 3603 1583 περὶ

2036 1612 2235 1680 ἄλλης
2260 1612 2467 1665 ἐλάλει
2494 1610 2646 1680 μετὰ
2675 1610 2859 1664 ταῦτα
2897 1609 3144 1679 ἡμέρας.
3187 1611 3261 1662 Τὸ
3298 1610 3418 1662 ὄὶον
3446 1609 3607 1661 τοῦτο

2040 1703 2256 1756 σπεύδει
2315 1701 2506 1766 δεῖξαι,
2560 1702 2643 1754 ὅτι
2710 1699 2917 1771 Ἰησοῦς
2965 1700 3240 1770 μὲνότοῦ
3298 1699 3454 1764 Ναυῆ
3504 1700 3606 1753 οὐκ

363 1777 469 1818 non
500 1765 736 1833 potuerit
771 1764 1121 1819 introducere
1153 1765 1208 1819 in
1240 1765 1381 1819 hanc
1416 1768 1682 1837 requiem,
1728 1769 1798 1824 de
1826 1786 1927 1841 qua

2038 1795 2277 1866 ἠδυνήθη
2330 1764 2642 1863 εἰσαγαγεῖν
2710 1764 2791 1854 sle
2839 1764 3044 1864 ταύτην
3075 1794 3172 1865 τὴν
3219 1794 3601 1855 κατάπαυσιν,

361 1851 529 1909 David
567 1855 782 1909 loeutus
816 1863 921 1920 est,
951 1868 1116 1926 atque
1160 1872 1259 1911 nos
1305 1858 1603 1913 etiamnum
1642 1861 1933 1930 loquimur.
1970 1860 2010 1913 Β

361 1946 630 2008 Quoniam
665 1959 795 1999 vero
832 1947 924 2000 ille
962 1959 1071 2000 non
1132 1945 1483 2013 introduxit,
1532 1947 1699 2002 David
1753 1960 1934 2005 autem

361 2049 571 2094 rursus.
597 2043 724 2103 post
774 2045 853 2090 tot
891 2050 1066 2091 annos
1100 2037 1237 2092 dicit
1273 2054 1287 2090 :
1333 2036 1411 2092 Ne
1446 2038 1717 2095 induratis
1766 2045 1930 2096 corda

361 2131 561 2187 vestra,
596 2125 1056 2193 quemadmodum
1082 2136 1268 2195 patres
1295 2128 1389 2196 qui
1422 2137 1645 2198 propter
1679 2129 1935 2185 incredu-

361 2211 569 2265 litatem
619 2229 722 2267 non
756 2222 885 2267 sunt
926 2215 1180 2284 ingressi,
1213 2216 1415 2284 datque
1452 2219 1615 2272 nobis
1651 2234 1681 2273 e
1708 2229 1933 2274 contra-

360 2304 442 2356 rio
468 2303 789 2374 intelligere,
822 2306 971 2374 quod
1006 2306 1051 2361 si
1078 2305 1496 2370 crediderimus,
1538 2308 1929 2375 ingrediemur;

362 2379 711 2463 pérSpieuum
744 2407 825 2450 est
853 2396 999 2465 quod
1028 2398 1131 2451 ista
1170 2400 1387 2467 requies
1415 2399 1598 2452 futura
1630 2408 1736 2468 est,
1768 2408 1932 2470 atque

359 2497 459 2537 nos
481 2492 775 2560 exspectat.
805 2484 876 2538 De
897 2484 1182 2541 Palaestina
1198 2488 1343 2542 enim
1370 2488 1555 2558 utique
1578 2505 1684 2543 non
1706 2491 1933 2560 promit-

359 2573 502 2626 tebat
535 2558 700 2627 David
734 2592 748 2627 :
783 2589 903 2627 eam
933 2577 1081 2629 enim
1119 2584 1251 2631 tunc
1275 2578 1539 2646 temporis
1564 2558 1925 2648 occupabant.

367 2667 473 2720 Sed
509 2682 686 2736 neque
722 2669 789 2722 de
813 2666 1047 2737 septimo
1081 2669 1169 2724 die
1217 2669 1434 2725 locutus
1463 2680 1548 2725 est
1580 2688 1593 2724 :
1633 2686 1756 2725 nam
1806 2688 1869 2726 ea
1902 2689 1931 2727 a

357 2756 749 2812 constitutione
784 2756 973 2812 mundi
1001 2758 1199 2814 fuerat.
1230 2758 1416 2815 Tertia
1441 2762 1607 2832 igitur
1635 2763 1793 2831 quies
1824 2772 1929 2828 est,

358 2860 548 2915 nempe
582 2862 806 2916 regnum
835 2847 1126 2914 caelorum,
1158 2850 1214 2903 in
1246 2852 1390 2921 quod
1424 2866 1586 2907 verus
1630 2852 1791 2909 Jesus
1833 2869 1931 2910 nos

356 2936 684 3005 introducit,
715 2938 967 3008 adeoque
993 2939 1126 2994 lides
1163 2941 1217 2995 in
1251 2941 1452 3011 ipsum.

427 3051 590 3106 Vsus.
643 3053 699 3106 9.
755 3052 942 3122 Itaque
975 3053 1293 3122 relinquitur
1322 3053 1693 3109 Sabbatismns
1738 3056 1929 3123 populo

360 3142 473 3195 Dei.
524 3141 643 3193 Non
686 3141 846 3205 dixit,
884 3141 1147 3209 requies;
1195 3144 1311 3203 sed,
1361 3142 1750 3207 Sabbatismus,
1804 3161 1929 3214 pro-

354 3234 535 3301 prium
593 3246 790 3285 nomen
852 3244 1106 3300 ponens,
1162 3233 1325 3302 672
1366 3242 1421 3288 et
1479 3234 1533 3287 in
1572 3250 1679 3304 quo
1725 3238 1930 3305 gaude-

357 3324 506 3384 bant,
535 3331 590 3374 et
619 3321 687 3375 ad
728 3321 871 3390 quod
914 3322 1297 3377 accurrcbant.
1334 3326 1425 3379 Sic
1471 3335 1654 3381 autem
1692 3327 1931 3394 appellat

357 3428 582 3481 regnum
623 3413 911 3467 cwlorum.
936 3411 1404 3476 Quemadmodum
1436 3416 1578 3469 enim
1612 3418 1663 3469 in
1690 3414 1929 3472 Sahbato

356 3509 424 3557 ab
450 3502 711 3557 Ollllliblls
742 3501 1003 3572 operibus
1044 3503 1358 3558 carnalibus
1406 3504 1610 3560 crassis
1656 3506 1930 3562 abstinere

355 3592 436 3644 lex
466 3584 713 3659 jubebat,
751 3604 815 3644 ac
843 3590 1158 3647 sacerdotes
1191 3607 1256 3647 ea
1306 3594 1423 3647 sola
1479 3594 1738 3662 perlicere
1775 3611 1923 3649 man-

351 3683 515 3735 dabat
567 3697 689 3752 qnze
721 3680 786 3735 ad
818 3683 1025 3737 cultum
1067 3681 1157 3739 Dei
1191 3685 1554 3754 pertinebant,
1586 3694 1641 3741 et
1665 3702 1927 3757 quaecun-

351 3790 456 3842 que
483 3776 681 3830 animae
716 3776 1136 3831 commodabunt
1171 3796 1187 3833 :
1212 3778 1286 3832 ita
1312 3786 1425 3832 tum
1448 3781 1630 3833 omnia
1659 3781 1922 3850 spiritua-

352 3865 421 3918 lia
446 3873 611 3919 erunt
639 3880 703 3920 ac
735 3866 943 3933 divina,
980 3867 1117 3922 nihil
1145 3868 1390 3933 carnale,
1412 3869 1920 3936 nihillaboriosum,

351 3954 439 4007 ubi
468 3953 877 4026 auiugitdolor,
899 3972 1123 4025 maeror,
1154 3968 1319 4029 atque
1349 3959 1609 4029 gemitus.
1638 3959 1781 4016 Audi
1807 3962 1921 4030 jam

347 4044 631 4114 quidipse
661 4044 828 4102 dicat.

418 4153 586 4209 Vsus.
629 4155 717 4212 10.
770 4154 877 4223 Qui
932 4158 1072 4211 enim
1129 4158 1395 4228 ingressus
1445 4168 1522 4213 est
1579 4161 1634 4214 in
1694 4163 1919 4233 requiem

344 4248 481 4315 ejus,
516 4251 678 4303 etiam
700 4252 810 4318 ipse
839 4253 1090 4321 requievit
1115 4252 1181 4306 ab
1212 4252 1452 4323 operibus
1477 4253 1610 4322 suis,
1643 4256 1781 4309 sicut
1807 4265 1855 4310 et
1884 4273 1916 4310 a

350 4336 460 4389 suis
487 4337 645 4391 Deus.
691 4338 1086 4410 Interpretatur
1131 4343 1409 4410 quomodo
1459 4346 1622 4399 talem
1673 4347 1913 4415 requiem

352 4425 758 4483 Sabbatismum
812 4433 1144 4501 appellavit:
1181 4435 1476 4505 Propterea
1513 4438 1679 4506 quod,
1714 4439 1910 4508 inquit,

2041 1888 2169 1957 περὶ
2194 1883 2261 1957 ἦς
2289 1888 2383 1940 καὶ
2414 1884 2492 1955 τῷ
2516 1885 2680 1938 Δασὶδ
2715 1888 2743 1939 6
2768 1885 2945 1953 λόγος,
2976 1885 3072 1939 καὶ
3104 1886 3236 1954 ἡμῖν
3275 1884 3389 1937 νῦν.
3419 1885 3605 1938 Ἐπει-

2036 1977 2102 2047 δὴ
2133 1976 2190 2030 δὲ
2211 1978 2415 2040 ἐκεῖνος
2445 1977 2542 2047 μὲν
2565 1978 2665 2029 οὐκ
2698 1978 3011 2047 εισήγαγεν,
3071 1979 3099 2031 6
3153 1977 3209 2029 δὲ
3238 1976 3404 2029 Δαϐὶδ
3452 1975 3603 2042 λέγει

2038 2071 2199 2124 πάλιν
2235 2069 2371 2140 μετὰ
2392 2069 2629 2123 τοσαῦτα
2653 2069 2747 2142 ἐτη
2775 2086 2789 2101 ·
2826 2071 2916 2141 Μὴ
2945 2069 3281 2142 σκληρύνητε
3310 2072 3409 2131 τὰς
3457 2086 3604 2139 καρ-

2033 2162 2149 2225 δίας
2177 2161 2353 2230 ὑμῶν,
2384 2161 2461 2224 ὡς
2484 2163 2533 2214 ol
2564 2160 2820 2232 πατέρες,
2847 2163 2897 2215 οἱ
2931 2159 3021 2215 διὰ
3072 2161 3170 2233 τὴν
3197 2142 3455 2215 ἀπιστίαν
3525 2162 3602 2233 μὴ

2035 2254 2385 2317 εἰσελθόντες,
2418 2255 2511 2307 καὶ
2531 2252 2744 2307 δίδωσιν
2775 2255 2907 2324 ἡμῖν
2934 2257 3075 2309 νοεῖν
3101 2257 3164 2308 ὲκ
3187 2253 3280 2307 τοῦ
3333 2253 3602 2320 ἐναντίου,

2034 2349 2116 2402 ὅτι
2169 2348 2263 2400 ἐὰν
2314 2346 2682 2415 πιστεύωμεν,
2737 2347 3175 2417 εἰσελευσόμεθα·
3221 2346 3402 2417 δῆλον,
3444 2348 3528 2400 ὅτι
3568 2348 3601 2417 ἡ

2035 2438 2384 2499 κατάπαυσις
2462 2435 2601 2506 αὕτη
2663 2435 2931 2506 μέλλουσά
2980 2436 3096 2488 ἐστι
3124 2474 3140 2500 ,
3186 2436 3278 2489 καὶ
3315 2438 3602 2506 περιμένει

2034 2531 2200 2602 ἡμᾶς.
2233 2531 2368 2600 Περὶ
2407 2528 2516 2600 γὰρ
2540 2528 2641 2597 τῆς
2671 2527 3036 2598 Παλαιστίνης
3069 2528 3169 2581 οὐκ
3234 2526 3601 2597 ἐπηγγέλλετο

2032 2621 2205 2689 δήπου
2229 2620 2256 2670 6
2278 2618 2439 2671 Aa6i6
2463 2636 2477 2649 '
2511 2620 2717 2690 ταύτην
2741 2619 2850 2688 γὰρ
2888 2621 3138 2688 κατεῖχον
3163 2617 3303 2672 τότε.
3337 2617 3476 2670 Ἀλλ’
3499 2618 3594 2669 ού-

2031 2712 2089 2765 δὲ
2121 2712 2251 2784 περὶ
2279 2711 2375 2782 τῆς
2410 2711 2646 2781 ἑϐδόμης
2681 2727 2696 2741 ·
2724 2708 2865 2781 αὕτη
2888 2709 2997 2782 γὰρ
3024 2709 3131 2764 ἀπὸ
3153 2708 3452 2778 καταϐολῆς
3498 2709 3595 2760 κό-

2034 2820 2171 2871 σμου
2210 2797 2300 2873 ἦν.
2341 2804 2484 2872 Ἀρα
2524 2798 2616 2856 οὖν
2643 2802 2800 2873 τρίτη
2829 2817 2914 2864 τις
2946 2800 3118 2867 ἐστὶν,
3150 2802 3182 2870 ἡ
3216 2800 3458 2870 βασιλεία
3483 2798 3596 2852 τῶν

2031 2889 2297 2958 οὐρανῶν,
2328 2890 2408 2952 εἰς
2436 2889 2505 2960 ἥν
2542 2891 2569 2944 6
2605 2889 2856 2961 ἀληθινὸς
2896 2890 3105 2956 εἰσάγει
3148 2889 3389 2959 Ἰησοῦς,
3429 2891 3523 2943 καὶ
3560 2890 3594 2959 ἡ

2031 2980 2110 3040 εἰς
2140 2978 2301 3032 αὐτὸν
2334 2979 2535 3042 πίστις.

2104 3069 2243 3135 Ἀρα
2266 3070 2658 3125 ἀπολείπεται
2714 3074 3127 3146 Σαϐϐατισμύς
3180 3072 3262 3139 τῷ
3308 3071 3437 3139 λαῷ
3486 3071 3591 3125 τοῦ

2033 3160 2202 3214 Θεοῦ.
2241 3162 2355 3215 Οὐκ
2385 3158 2527 3227 εἷπε,
2565 3166 2945 3231 Κατάπαυσις,
2994 3169 3131 3223 ἀλλὰ
3167 3166 3594 3236 Σαϐϐατισμός,

2031 3252 2091 3304 τὸ
2122 3254 2321 3307 οἰκεῖον
2352 3253 2523 3323 ὄνομα
2555 3256 2690 3319 θεὶς,
2715 3259 2809 3311 καὶ
2832 3251 2875 3327 ᾧ
2902 3257 3119 3330 εχαιρον
3152 3262 3246 3312 καὶ
3272 3259 3590 3329 ἐπέτρεχον.

2031 3341 2257 3396 Οὓτωδὲ
2294 3344 2453 3397 καλεῖ
2470 3344 2568 3416 τὴν
2595 3345 2871 3416 βασιλείαν
2908 3349 3018 3402 τῶν
3043 3349 3310 3419 οὐρανῶν.
3382 3349 3596 3417 Ὥσπερ

2029 3432 2137 3498 γὰρ
2157 3433 2216 3485 ὲν
2243 3432 2321 3504 τῷ
2355 3435 2615 3509 Σαϐϐάτῳ
2646 3439 2866 3493 πάντων
2923 3441 3024 3510 μὲν
3080 3441 3257 3512 ἔργων
3314 3440 3596 3512 σαρκικῶν

2028 3527 2120 3577 καὶ
2143 3528 2361 3596 παχέων
2389 3528 2686 3600 ἀπέχεσθαι
2710 3531 2959 3586 ἐκέλευεν
3005 3535 3034 3587 6
3081 3534 3265 3604 νόμος,
3321 3535 3502 3586 ἐκεῖνα
3535 3532 3596 3585 δὲ

2030 3613 2166 3683 μόνα
2202 3615 2379 3670 τελεῖν
2429 3622 2557 3684 τοὺς
2611 3621 2797 3692 ἱερεῖς,
2844 3625 2946 3678 ὅσα
2980 3625 3111 3696 πρδς
3148 3625 3403 3697 λατρείαν
3432 3624 3590 3690 Θεοῦ,

2026 3706 2119 3758 καὶ
2152 3705 2251 3759 ὅσα
2278 3707 2458 3779 ψυχὴν
2494 3711 2693 3780 ὠφελεί
2723 3731 2738 3745 ο
2761 3714 2905 3770 οὕτω
2936 3717 3029 3770 καὶ
3058 3717 3179 3771 τότε
3209 3718 3385 3771 πάντα
3430 3734 3594 3770 πνευ-
3700 3791 3704 3795 θ

2027 3796 2233 3863 ματικά
2272 3798 2369 3850 καὶ
2390 3799 2510 3853 θεῖα
2538 3800 2690 3856 ἔσται
2731 3817 2749 3833 ⁶
2779 3805 2930 3858 οὐδὲν
2988 3806 3254 3880 σαρκικδν
3275 3847 3291 3872 ,
3317 3808 3470 3861 οὐδὲν
3497 3806 3592 3873 ἐγ-

2026 3900 2213 3949 κοπον,
2266 3888 2395 3942 ἔνθα
2426 3891 2637 3962 ἀπέδρα
2701 3894 2887 3965 ὀδύνη,
2933 3896 3077 3966 λύπη
3127 3900 3221 3952 καὶ
3264 3897 3590 3968 στεναγμός.

2026 3975 2223 4031 "Ancus
2256 3978 2313 4035 δὲ
2330 3979 2382 4034 τί
2407 3982 2503 4036 καὶ
2530 3983 2691 4048 αὐτός
2724 4002 2911 4057 φησιν.

2101 4152 2155 4205 '0
2187 4155 2297 4223 γὰρ
2331 4157 2623 4212 εισελθὼν
2664 4162 2751 4226 εἰς
2796 4161 2910 4230 τὴν
2952 4164 3335 4220 κατάπαυσιν
3375 4167 3586 4227 αὐτοῦ.

2018 4245 2117 4301 καὶ
2161 4248 2343 4314 αὐτὸς
2399 4251 2785 4305 κατέπαυσεν
2819 4251 2939 4306 ἀπὸ
2971 4252 3090 4308 τῶν
3141 4257 3333 4324 ἔργων
3373 4258 3581 4323 αὑτοῦ,

2015 4336 2217 4405 ὥσπερ
2270 4340 2391 4394 ἀπὸ
2445 4338 2562 4393 τῶν
2614 4342 2780 4397 ὶδίων
2810 4348 2844 4399 ό
2897 4349 3060 4412 aede.
3103 4347 3424 4417 Ἐρμηνεύει
3468 4349 3589 4411 πῶς

2016 4428 2392 4498 Σαδδατισμδν
2443 4431 2695 4502 ὠνόμασε
2754 4435 2854 4506 τὴν
2902 4437 3155 4509 τοιαύτην
3221 4439 3584 4494 κατάπαυσιν.

349 4531 629 4571 cessamus
669 4527 724 4573 et
756 4535 859 4574 nos
888 4523 956 4577 ab
985 4525 1243 4593 operibus
1275 4526 1501 4593 nostris,
1554 4531 1905 4596 quemadmo-

2031 4521 2188 4586 Διότι,
2223 4524 2376 4605 φησι,
2408 4526 2801 4595 καταπαύομεν
2838 4529 2932 4580 καὶ
2956 4530 3114 4598 ἡμεῖς
3144 4529 3252 4582 ἀπὸ
3274 4530 3379 4582 τῶν
3403 4529 3584 4598 ἔργων

350 4608 481 4659 dum
516 4616 571 4662 et
625 4608 791 4674 Deus,
845 4620 1138 4681 postquam
1187 4615 1486 4684 quievisset
1537 4617 1606 4671 ab
1655 4619 1912 4687 operibus

344 4698 461 4752 suis
486 4699 538 4751 in
575 4698 860 4753 condenda
896 4702 1082 4756 mundi
1116 4704 1389 4773 machina,
1422 4704 1717 4761 Sabbatum
1747 4709 1910 4762 'diem

342 4787 489 4843 illam
518 4790 828 4861 appellavit.
862 4791 996 4848 Nam
1054 4794 1145 4849 hic
1171 4797 1334 4849 etiam
1371 4796 1539 4865 justis
1568 4797 1798 4853 multum
1829 4800 1905 4852 ln-

343 4879 490 4935 boris
519 4891 572 4935 et
617 4884 931 4938 certaminis
956 4884 1222 4951 imminet,
1265 4896 1376 4943 tum
1404 4898 1622 4958 prapter
1645 4890 1751 4945 alia
1780 4905 1905 4945 cum

343 4982 561 5039 propter
587 4972 802 5029 virtutis
827 4976 1055 5031 sudores
1089 4994 1103 5031 :
1127 4978 1237 5033 illic
1269 4994 1416 5046 vero,
1446 4995 1515 5035 ne
1538 4981 1754 5035 virtutis
1783 4982 1904 5051 qni-

343 5057 464 5113 dem
492 5065 714 5120 moralis
733 5067 980 5136 operatio
997 5079 1102 5129 est,
1121 5070 1216 5125 sed
1234 5070 1324 5127 Dei
1347 5071 1684 5141 inexplebilis
1704 5072 1911 5128 fruitio.

315 5150 497 5225 .Quod
528 5153 693 5223 igitur
725 5158 918 5214 audire
968 5160 1316 5229 expetebant,
1367 5164 1620 5219 videlicet
1657 5166 1798 5234 quod
1845 5166 1914 5220 ab

345 5240 504 5308 hujus
532 5246 719 5298 mundi
746 5246 1029 5302 laboribus
1054 5248 1322 5305 liberandi
1347 5262 1553 5318 essent,
1573 5254 1803 5324 idipsum
1827 5254 1911 5308 di-

342 5331 436 5390 xit.
467 5340 525 5385 ut
557 5334 816 5392 reiocillet
846 5353 959 5394 eos.
1632 5386 1639 5393 ο

412 5419 575 5478 Vens.
628 5425 716 5481 ‘ll.
752 5425 1080 5485 Festinemus
1112 5447 1235 5502 ergo
1270 5432 1472 5503 ingredi
1518 5436 1572 5489 in
1626 5434 1775 5490 illaut
1826 5452 1908 5489 re-

342 5510 531 5580 quiem.
558 5512 852 5586 Postquam
888 5522 1185 5578 ostenderit
1214 5526 1429 5580 tertiam
1468 5527 1754 5597 quamdam
1788 5540 1911 5582 esse

2015 4611 2123 4665 τῶν
2149 4613 2431 4684 ἡμετέρων
2452 4615 2642 4688 ὥσπερ
2666 4617 2761 4669 καὶ
2809 4618 2838 4669 6
2891 4616 3025 4682 Θεὸς
3056 4619 3416 4681 καταπαύσας
3474 4620 3586 4673 ἀπὸ

2013 4703 2121 4757 τῶν
2141 4703 2318 4774 ἔργων
2342 4704 2451 4759 τῶν
2482 4708 2563 4769 εἰς
2586 4707 2844 4763 σύστασιν
2887 4710 2984 4762 τοῦ
3031 4711 3263 4781 κόσμου,
3308 4710 3585 4764 Σάϐϐατον

2015 4796 2114 4866 τὴν
2166 4798 2379 4868 ἡμέραν
2433 4800 2714 4870 ὠνόμασεν
2744 4801 2810 4855 ⁷³.
2878 4801 3143 4857 Ἐνταῦθα
3199 4804 3298 4871 μὲν
3353 4804 3583 4874 γὰρκαὶ

2016 4890 2126 4951 τοῖς
2152 4888 2380 4955 δικαίοις
2405 4891 2572 4955 πολὺς
2607 4895 2636 4946 6
2668 4892 2836 4956 κόπος
2866 4894 2961 4946 καὶ
2990 4896 3019 4946 6
3051 4893 3220 4962 ἀγὼν,
3250 4895 3317 4948 τά
3346 4911 3406 4946 τε
3442 4895 3583 4948 ἄλλα

2018 4980 2111 5032 καὶ
2137 4979 2225 5032 διὰ
2251 4981 2375 5044 τοὺς
2403 4982 2504 5051 τῆς
2526 4984 2726 5055 ἀρετῆς
2755 4984 2982 5056 ἱδρῶτας
3005 5000 3022 5016 θ
3050 4987 3168 5038 ἐκεῖ
3198 4984 3255 5037 δὲ
3283 4984 3403 5037 οὐδὲ
3448 4986 3586 5054 ἀρε-

2018 5071 2119 5139 τῆς
2169 5072 2367 5142 ἠθικῆς
2432 5075 2581 5128 ἐστιν
2637 5075 2890 5146 ἐργασία,
2942 5076 3078 5131 ἀλλὰ
3123 5074 3259 5128 Θεοῦ
3308 5076 3584 5145 ἄπληστος

2017 5160 2340 5226 ἀπόλαυσις.
2409 5164 2588 5236 Ὅπερ
2647 5160 2743 5219 οὖν
2798 5164 3107 5236 ἐπεθύμουν
3181 5163 3438 5228 ἀκοῦσαι,
3497 5166 3582 5218 ὅτι

2017 5253 2489 5322 ἀπαλλαγήσονται
2515 5257 2615 5327 τῆς
2649 5256 2745 5312 νῦν
2778 5257 3060 5328 ὲργωδίας,
3090 5257 3249 5310 τοῦτο
3270 5252 3423 5311 εἶπεν
3450 5257 3584 5311 ἁνα-

2017 5343 2295 5415 κτώμενος
2319 5347 2536 5412 αὐτούς.

2087 5438 2531 5508 Σπουδάσωμεν
2546 5435 2659 5495 οὖν
2688 5440 2986 5495 εἰσελθεῖν
3035 5445 3122 5509 εις
3173 5440 3416 5510 ἐκείνην
3465 5440 3584 5505 τὴν

2019 5527 2425 5588 κατάπαυσιν.
2455 5530 2675 5602 Ἐπειδὴ
2693 5532 2939 5600 ἀπέδειξε
2978 5538 3070 5589 καὶ
3101 5534 3289 5606 τρίτην
3318 5530 3456 5587 εἶναι
3482 5550 3581 5588 κα-

1686 5702 1885 5767 Varia:
1911 5700 2252 5785 lectiones.

423 5788 470 5819 "
500 5789 729 5860 ῥηθῆναι
758 5806 813 5846 ο.
895 5792 939 5826 ⁷³
971 5793 1230 5852 ἐκάλεσεν
1270 5815 1325 5854 0.
