4014 6208
396 225 501 287 235

1279 215 1853 278 THEOPIIYLACTI
1905 213 2308 276 BULGARUE
2347 218 2703 280 ARCHIEP.

3524 226 3632 286 233

470 341 633 396 Vens.
671 339 756 394 15.
791 337 855 391 Et
889 353 990 390 nou
1030 344 1106 389 est
1139 334 1248 386 ulla
1297 342 1540 385 creatura
1582 330 1862 384 invisibilis
1911 330 1938 381 it

2144 331 2254 384 Καὶ
2289 333 2399 386 οὐκ
2448 334 2581 387 ἐστι
2617 333 2813 398 κτίσις
2861 333 3103 402 ἀφανὴς
3151 333 3405 388 ἐνώπιον
3429 340 3640 392 αὑτοῦ.

394 445 669 499 conspectu
691 433 827 502 ejus.
862 429 978 482 Non
1012 427 1210 488 solum,
1253 427 1445 492 inquit,
1482 422 1760 476 hominum
1798 419 1964 474 corda

395 528 643 596 explorat
677 535 729 579 et
768 527 1066 577 scrutatur.
1099 531 1285 570 verum
1313 514 1529 568 etiamsi
1565 510 1789 582 angelos
1812 509 1964 565 dicas

395 628 446 672 et
477 613 854 683 archangelos,
897 618 951 664 et
981 606 1299 670 Cherubizn,
1331 615 1382 660 et
1426 604 1732 674 Seraphim,
1779 600 1962 656 omnia

401 708 478 762 illi
516 715 642 761 sunt
677 702 986 774 perspicua.
1016 697 1160 752 Nihil
1203 710 1285 752 est
1315 697 1458 767 quod
1490 695 1708 751 oculum
1731 693 1849 763 ejus
1880 693 1961 745 la-

393 813 507 856 tere
547 799 719 870 possit

465 893 656 949 Omnia
692 897 864 942 autent
899 894 1020 939 sunt
1053 885 1195 938 nuda
1221 894 1269 937 et
1301 891 1485 951 aperta
1517 880 1683 934 oculis
1717 879 1849 948 ejus.
1890 877 1961 932 Ut

391 983 592 1037 clarius
649 975 936 1047 patefaciat
993 972 1266 1042 quomodo
1319 972 1429 1026 sint
1467 968 1649 1024 omnia
1705 967 1849 1022 nuda
1907 974 1961 1020 et

391 1084 574 1144 aperta
609 1084 791 1124 coram
823 1069 935 1121 Deo
967 1065 1162 1130 Verbo,
1191 1063 1431 1118 dictione
1457 1077 1591 1116 usus
1615 1067 1698 1114 est
1728 1073 1825 1128 per
1846 1072 1959 1112 me-

387 1166 667 1234 taphoram
695 1167 964 1228 sumptam
1001 1159 1071 1211 ab
1115 1155 1311 1210 ovibus
1333 1153 1534 1223 quibus
1571 1149 1726 1220 pellis
1752 1155 1837 1204 est
1867 1146 1959 1201 de-

388 1268 581 1311 tracta.
616 1253 747 1306 Nam
772 1253 915 1306 sicut
942 1248 1048 1304 illis
1075 1247 1130 1301 in
1160 1246 1428 1301 cervicem
1462 1241 1815 1312 resupinatis,
1843 1239 1959 1295 sive

388 1349 621 1404 cultrum
656 1360 752 1414 per
792 1341 1054 1398 cervicem
1092 1336 1504 1408 recipientibus,
1545 1343 1708 1404 atque
1739 1331 1956 1404 jugula-

388 1440 476 1502 tis,
508 1437 751 1491 detracta
803 1431 1001 1487 dehinc
1033 1429 1173 1500 pelle
1213 1427 1394 1482 omnia
1431 1425 1690 1480 interiora
1712 1423 1958 1478 revelan-

388 1540 474 1583 tur
512 1546 526 1582 :
559 1527 638 1582 sic
664 1533 718 1581 et
746 1525 855 1578 Deo
885 1530 1080 1576 cuncta
1107 1527 1236 1574 sunt
1257 1518 1566 1588 perspicua.
1595 1514 1828 1582 Quidam
1855 1530 1954 1568 au-

387 1631 516 1686 tem,
541 1612 1027 1688 τετραχηλισμένα,
1043 1618 1363 1666 ornamenta
1385 1624 1450 1662 cx
1476 1607 1637 1675 collo,
1660 1608 1742 1662 vel
1771 1607 1953 1677 potius

387 1713 453 1766 de
497 1709 638 1765 collo
669 1704 961 1777 pendentia
996 1702 1402 1757 intellexerunt.
1459 1700 1563 1752 Alii
1595 1707 1800 1764 autem,
1857 1715 1950 1751 τε-

382 1798 817 1874 τραχηλισμένα,
855 1810 974 1867 pro,
1015 1795 1164 1848 humi
1200 1792 1518 1863 spectantia,
1549 1792 1790 1860 adeoque
1835 1806 1954 1846 cer-

385 1896 558 1948 vicem
581 1890 896 1945 inclinantia
922 1894 1272 1958 acceperunt,
1304 1900 1369 1940 eo
1410 1883 1555 1953 quod
1587 1897 1696 1937 non
1730 1889 1951 1952 possent

385 1987 550 2056 ligare
578 1983 770 2038 oculos
802 1981 856 2034 in
904 1980 1130 2050 gloriam
1157 1978 1360 2048 jndicis
1395 1985 1450 2031 et
1481 1975 1573 2031 Dei
1607 1977 1777 2030 nostri
1819 1975 1948 2030 Jesu

383 2074 609 2130 Christi.
642 2073 685 2128 ἰ’
692 2088 724 2128 ιι
765 2086 892 2126 vero
928 2085 1163 2140 pr.mum
1187 2069 1538 2135 amplectere.

450 2167 533 2220 Ad
552 2181 703 2236 quem
756 2163 904 2218 nobis
942 2177 1137 2216 sermo.
1180 2161 1310 2231 Ipsi,
1355 2159 1552 2230 inquit,
1581 2173 1806 2228 operum
1853 2172 1948 2213 no-

381 2269 620 2315 strorum
653 2257 918 2313 rationem
963 2254 1193 2310 reddere
1226 2254 1508 2309 debemus.
1544 2251 1947 2306 Animadvertis

379 2352 650 2424 quomodo
683 2365 794 2406 rem
832 2348 997 2421 674
1023 2345 1477 2418 exaggeraverit?
1519 2344 1598 2400 Ne
1629 2345 1775 2400 enim
1815 2358 1940 2399 cum

378 2447 559 2511 audis,
593 2444 659 2500 In
707 2443 885 2500 eodem
937 2440 1170 2510 exemplo
1211 2438 1618 2501 incredulitatis,
1659 2435 1945 2491 arbitreris

377 2534 622 2606 eamdem
657 2547 874 2606 pinnam
907 2547 1030 2589 esse
1053 2540 1106 2586 et
1133 2531 1290 2586 nobis
1307 2541 1358 2586 et
1392 2529 1677 2593 lsraelitis,
1703 2526 1941 2583 ostendit

377 2640 471 2695 per
493 2623 626 2690 haec,
658 2627 847 2678 nostra
879 2619 1040 2690 longe
1081 2632 1205 2674 esse
1241 2616 1609 2674 horribiliora.

439 2806 602 2864 Vens.
637 2805 726 2860 ﬂ.
774 2800 1040 2860 Habentes
1088 2801 1253 2876 igitur
1305 2801 1616 2871 Ponti/irent
1669 2817 1939 2872 magnum,

369 2905 765 2976 quipenetravit
806 2903 985 2968 celos,
1027 2899 1211 2953 Jesum
1243 2893 1446 2950 Filium
1495 2895 1615 2949 Dei.
1643 2893 1809 2960 Quasi
1842 2894 1942 2946 ali-

2069 425 2143 477 Ού
2173 425 2354 495 μόνον,
2391 427 2577 494 φησὶν,
2612 426 2912 496 ἀνθρώπων
2951 429 3130 492 ἐτάζει
3162 432 3254 481 καὶ
3284 432 3483 500 ἐρευνᾷ
3510 450 3638 502 καρ·

2066 516 2206 581 δίας,
2247 517 2384 572 ἀλλὰ
2427 517 2529 571 κάν
2560 518 2847 587 ἀγγέλους,
2885 518 2987 573 κᾶν
3032 521 3403 589 ἀρχαγγέλους
3430 524 3493 586 ⁷⁸,
3538 524 3638 576 κᾶν

2066 607 2346 679 Χερουϐὶμ
2373 609 2465 662 καὶ
2511 611 2783 682 Σεραφὶμ,
2815 610 2992 664 πάντα
3033 611 3166 678 δῆλά
3222 614 3369 666 ἐστιν
3398 616 3634 684 ἐκείνῳ.

2068 697 2235 751 Οὐδέν
2260 699 2408 752 ἐστιν
2440 698 2468 751 ὃ
2506 699 2685 752 λαϐεῖν
2721 700 2929 753 ἐκείνου
2967 700 3058 754 τὸν
3081 701 3356 773 ὀφθαλμὸν
3387 703 3632 760 δύναται.

2134 882 2338 936 Πάντα
2386 883 2456 936 δὲ
2514 883 2711 953 γυμνὰ
2776 883 2874 936 καί
2932 886 3448 955 τετραχηλισμένα
3513 889 3638 954 τοῖς

2061 975 2391 1046 ὀφθαλμοῖς
2427 975 2638 1030 αὑτοῦ.
2674 976 2794 1030 Ἵνα
2825 976 3214 1048 ἐναργέστερον
3275 979 3486 1050 δηλώσῃ
3518 983 3635 1043 πῶς

2061 1067 2166 1120 είσι
2201 1068 2376 1120 πάντα
2411 1067 2596 1138 γυμνὰ
2617 1067 2710 1121 καὶ⁵
2744 1070 2954 1141 φανερά
2983 1068 3217 1124 ἐνώπιον
3240 1072 3334 1124 τοῦ
3363 1071 3497 1124 Θεοῦ
3529 1075 3633 1126 A6-

2059 1177 2181 1228 γου,
2217 1159 2358 1227 λέξει
2394 1162 2666 1232 ἐχρήσατο
2693 1163 2800 1215 ἀπὸ
2832 1165 3148 1233 μεταφορᾶς
3197 1164 3304 1216 τῶν
3342 1164 3634 1236 έκδερομέ-

2059 1269 2165 1306 νων
2191 1252 2500 1322 προϐάτων.
2527 1254 2736 1322 Ὥσπερ
2753 1259 2863 1324 γὰρ
2887 1255 3108 1308 ἐκείνων
3137 1255 3626 1326 τραχηλισθέντων,

2059 1347 2177 1417 ἦτοι
2206 1346 2347 1399 κατὰ
2385 1346 2482 1399 τοῦ
2528 1347 2808 1419 τραχήλου
2835 1348 2933 1416 τὴν
2998 1347 3276 1418 μάχαιραν
3320 1347 3627 1418 δεξαμένων

2059 1437 2155 1491 καὶ
2183 1437 2517 1505 σφαγέντων,
2552 1439 2690 1508 μετά
2728 1437 2789 1490 τδ
2847 1437 3280 1509 καθελκυσθῆναι
3330 1439 3392 1491 τὸ
3447 1439 3625 1510 δέρμα

2057 1528 2234 1583 πάντα
2266 1527 2460 1586 καὶτὰ
2485 1528 2633 1581 ἔνδον
2683 1527 3088 1582 ὲκκαλύπτεται
3123 1570 3139 1595 ,
3196 1528 3340 1583 οὕτω
3395 1532 3490 1585 καὶ
3545 1531 3626 1600 τῷ

2056 1618 2176 1688 Θεῷ
2206 1619 2378 1672 πάντα
2403 1618 2558 1689 δῆλα.
2593 1620 2749 1702 Τινὲς
2780 1619 2858 1686 δὲ,
2887 1619 3378 1692 τετραχηλισμένα,
3427 1621 3495 1675 τὰ
3559 1623 3624 1674 ἐκ

2055 1708 2151 1763 τοῦ
2213 1709 2507 1781 τραχήλου,
2559 1710 2591 1781 ἢ
2626 1711 2826 1779 μᾶλλον
2853 1710 2994 1765 κατὰ
3039 1709 3134 1763 τοῦ
3163 1711 3433 1781 τραχήλου
3493 1729 3625 1782 κρε-

2061 1799 2281 1869 μάμενα
2298 1799 2550 1871 ἐνόησαν.
2575 1800 2757 1854 Ἄλλοι
2777 1801 2854 1865 δὲ,
2871 1801 3360 1872 τετραχηλισμένα,
3380 1803 3450 1855 τά
3473 1803 3627 1856 κάτω

2055 1891 2351 1958 κύπτοντα,
2381 1892 2591 1946 καὶτὸν
2618 1893 2890 1963 τράχηλον
2939 1894 3359 1958 ὑποκεκλικότα,
3426 1895 3517 1950 διὰ
3563 1896 3628 1949 τὸ

2055 1983 2131 2052 μὴ
2175 1983 2379 2053 ἰσχύειν
2409 1984 2653 2038 ἀτενίσαι
2673 1987 2738 2055 τῇ
2792 1984 2917 2055 δόξῃ
2961 1985 3057 2042 τοῦ
3088 1985 3276 2055 κριτοῦ
3341 1986 3438 2040 καὶ
3485 1986 3624 2041 Θεοῦ

2052 2074 2209 2144 ἡμῶν
2261 2073 2434 2145 Ἰησοῦ
2462 2075 2718 2145 Χριστοῦ.
2740 2075 2813 2128 Σὺ
2839 2075 2895 2129 δὲ
2926 2075 2988 2128 τὸ
3008 2076 3221 2146 πρῶτον
3249 2076 3418 2144 δέξαι.

2122 2164 2280 2233 Πρὸς
2304 2165 2376 2219 δν
2406 2166 2548 2235 ἡμῖν
2577 2168 2611 2220 d
2644 2168 2846 2236 λόγος.
2914 2167 3096 2239 Αὐτῷ,
3139 2169 3292 2240 φησὶ,
3353 2168 3621 2240 μέλλομεν

2049 2259 2231 2314 δοῦναι
2255 2261 2380 2323 τοὺς
2398 2260 2589 2329 λόγους
2617 2263 2712 2314 καὶ
2750 2261 2850 2324 τὰς
2866 2259 3098 2323 εὐθύνας
3127 2260 3236 2313 τῶν
3291 2261 3618 2330 πεπραγμέ-

2049 2369 2175 2405 νων.
2222 2345 2386 2422 Ὀρᾷς
2442 2351 2547 2404 ποῦ
2594 2350 2912 2422 ἐκορύφωσε
2943 2351 3002 2404 τὸ
3036 2351 3307 2422 πρᾶγμα;
3340 2351 3457 2404 Ἵνα
3507 2349 3616 2420 γὰρ

2052 2443 2125 2512 μὴ
2188 2441 2446 2505 ἀκούσας,
2474 2441 2559 2494 ὅτι
2609 2442 2714 2496 Ἐν
2746 2441 2827 2505 τῷ
2873 2439 3033 2505 αὐτῷ
3081 2438 3466 2509 ὑποδείγματι
3506 2436 3616 2509 τῆς

2045 2533 2368 2597 ἀπειθείας,
2395 2532 2620 2604 νομίσῃς
2648 2531 2747 2600 τὴν
2776 2531 2945 2601 αὐτὴν
2974 2531 3196 2584 κόλασιν
3241 2532 3336 2585 καὶ
3363 2532 3496 2601 ἡμῖν
3520 2533 3616 2584 καὶ

2044 2628 2154 2689 τοῖς
2222 2622 2586 2696 Ἰσραηλίταις
2636 2617 2795 2686 εἶναι,
2851 2620 3094 2674 δείκνυσι
3153 2620 3242 2673 διὰ
3269 2620 3494 2684 τούτων,
3526 2620 3607 2682 ὡς

2045 2716 2225 2786 πολλῷ
2251 2715 2583 2787 φρικτὸτερα
2612 2715 2681 2769 τὰ
2707 2713 2976 2786 ἡμέτερα.

2117 2810 2395 2879 Ἔχοντες
2448 2805 2564 2866 οὖν
2607 2809 2883 2879 ἀρχιερέα
2929 2811 3121 2878 μέγαν
3142 2848 3156 2874 ,
3219 2807 3615 2876 διεληλυθότα

2043 2903 2183 2970 τοὺς
2237 2903 2552 2973 οιίρανοὺς,
2618 2905 2863 2972 Ἰησοῦν
2911 2904 3019 2958 τὸν
3083 2904 3220 2958 Υίὸν
3263 2904 3372 2958 τοῦ
3429 2903 3596 2958 Θεοῦ.

369 2999 492 3067 quis
516 3001 896 3066 interrogaret,
920 2993 996 3047 Da
1030 2991 1196 3060 igitur
1234 2990 1392 3043 nobis
1409 2988 1724 3049 consilium,
1747 2994 1802 3038 ιιι
1838 3001 1934 3040 ne-

2044 2995 2252 3066 Ὦσπερ
2275 2995 2418 3060 τινὸς
2445 2996 2844 3066 ἐρωτήσαντος,
2882 2996 3008 3058 Πῶς
3063 2990 3155 3049 οὖν
3209 2994 3283 3065 μὴ
3333 2996 3608 3064 πέσωμεν,

368 3107 474 3160 quc
503 3088 785 3151 cadamus,
818 3100 993 3155 neque
1022 3083 1409 3152 desperemus:
1435 3078 1716 3144 Poterant,
1740 3078 1938 3147 inquit,

366 3198 430 3238 ea
487 3196 610 3253 qua:
643 3181 786 3236 dicta
816 3184 946 3234 sunt
978 3177 1196 3232 erudire
1224 3189 1324 3230 nos
1375 3187 1482 3241 pra:
1517 3175 1732 3235 timore,
1775 3179 1940 3241 atque

366 3273 676 3331 securiores
725 3269 954 3326 reddere
986 3285 1000 3322 :
1040 3281 1223 3322 verum
1261 3267 1540 3321 enimvero
1577 3276 1774 3335 praeter
1824 3263 1939 3317 haec

367 3378 599 3436 magnus
627 3370 712 3420 est
740 3361 900 3417 nobis
939 3357 1212 3423 Pontifex,
1241 3358 1334 3427 qui
1380 3356 1540 3411 nobis
1577 3371 1700 3412 esse
1733 3355 1936 3410 auxilio

317 3463 324 3474 '
364 3464 554 3527 queat,
579 3455 625 3509 si
658 3453 817 3508 modo
843 3460 1130 3507 teneamus
1159 3447 1586 3504 confessionem.
1630 3445 1750 3502 Non
1789 3447 1933 3502 enim

362 3554 447 3603 est
502 3559 708 3618 parvus
757 3550 814 3598 et
854 3539 1096 3610 vulgaris
1168 3538 1486 3610 quispiam,
1551 3537 1645 3592 sed
1702 3552 1933 3606 magnus

363 3651 418 3696 et
446 3637 788 3710 praeclarus:
823 3634 994 3692 Filius
1047 3633 1192 3688 cnim
1230 3631 1325 3687 Dei
1371 3639 1476 3686 est.
1510 3628 1622 3686 Nec
1647 3629 1772 3684 talis
1825 3638 1929 3693 est,

361 3730 539 3802 qualis
583 3727 783 3784 Moses.
818 3727 913 3783 ille
959 3726 1104 3782 enim
1145 3740 1320 3795 neque
1371 3725 1486 3795 ipse
1533 3723 1814 3795 ingressus
1846 3730 1932 3778 est

359 3825 415 3878 in
443 3823 707 3893 requiem,
737 3834 916 3891 neque
953 3818 1215 3890 populum
1255 3815 1578 3884 introduxit;
1610 3816 1714 3872 iste
1744 3823 1926 3871 autem

357 3915 526 3970 celos
543 3912 916 3985 pertransiens
937 3909 1189 3967 considet
1209 3908 1352 3980 apud
1376 3909 1616 3972 Patrem,
1641 3914 1928 3979 potestque

361 4006 519 4061 nobis
565 4007 621 4060 in
652 4003 823 4060 editos
863 4001 1184 4080 ingressum
1230 4000 1385 4066 dare,
1442 4006 1608 4072 atque
1643 3997 1927 4070 promissa:

356 4098 560 4171 quietis
587 4097 828 4154 hauedes
855 4093 1052 4152 facere.

427 4188 715 4246 Teneomus
743 4187 1148 4257 confessionem.
1174 4185 1298 4240 Non
1325 4192 1502 4240 totum
1539 4184 1781 4255 pontifici
1825 4183 1925 4238 tri-

354 4281 492 4348 buit,
516 4295 706 4336 verum
727 4280 893 4336 etiam
925 4287 1113 4336 nostra
1143 4276 1376 4349 requirit
1414 4293 1428 4331 :
1453 4285 1632 4348 potest
1669 4276 1919 4346 equidem

356 4373 468 4438 ille,
501 4375 595 4430 sed
627 4373 674 4428 si
721 4388 824 4429 nos
855 4372 1019 4428 etiam
1049 4372 1196 4443 digni
1232 4371 1516 4427 fuerimus.
1549 4369 1772 4437 Qualem
1817 4386 1919 4424 au-

353 4474 462 4522 tem
495 4464 896 4520 confessionem
928 4465 1017 4518 hic
1063 4464 1232 4519 dicit?
1261 4463 1418 4531 Quod
1457 4471 1542 4520 est
1591 4463 1920 4519 resurrectio

351 4556 586 4621 scilicet,
618 4554 765 4626 quod
793 4555 1108 4621 retributio,
1145 4555 1291 4626 quod
1320 4555 1606 4612 innumera
1653 4557 1764 4611 sint
1809 4556 1919 4610 illic

351 4646 590 4714 reposita
613 4647 779 4712 bona,
809 4646 955 4717 quod
989 4645 1244 4705 Christus
1275 4648 1348 4703 sit
1395 4647 1559 4704 Deus.
1600 4647 1752 4703 Hanc
1780 4661 1915 4702 con-

351 4728 644 4791 fessionem
667 4743 973 4800 teneamus,
1005 4753 1185 4808 neque
1206 4739 1450 4795 sinamus
1479 4742 1653 4808 ipsam
1678 4738 1918 4794 defluere

346 4841 378 4881 a
410 4826 566 4881 nobis
598 4843 612 4880 :
641 4842 831 4882 verum
864 4843 986 4899 qua:
1022 4829 1262 4886 confessi
1316 4845 1510 4886 sumus
1545 4831 1599 4884 in
1643 4829 1915 4900 principio

349 4917 496 4983 fidei,
531 4919 644 4973 haec
666 4917 896 4975 ﬁrmiter
925 4921 1285 4989 retineamus,
1309 4936 1374 4976 ac
1402 4929 1514 4974 tum
1535 4921 1716 4975 omnia
1747 4921 1914 4976 terri-

348 5011 476 5067 bilia
516 5025 737 5081 pessum
773 5012 950 5068 ibunt.

415 5100 581 5159 Vens.
633 5103 724 5160 i5.
757 5101 882 5160 Non
904 5107 1044 5161 enim
1073 5107 1325 5162 habemus
1359 5104 1658 5176 pontiﬁcem
1683 5108 1774 5178 qui
1805 5121 1909 5162 non

339 5195 506 5262 possit
533 5197 762 5266 compati
781 5197 1182 5268 inﬁrmitatibus
1205 5201 1424 5256 nostris.
1458 5201 1779 5257 Admonens
1810 5215 1907 5258 eos

341 5293 395 5339 ut
431 5284 730 5352 confidant,
753 5288 988 5342 orationi
1012 5304 1124 5343 sum
1148 5289 1302 5344 fidem
1325 5292 1596 5356 conciliat,
1629 5293 1904 5364 inquiens:

339 5374 458 5432 Non
483 5387 566 5434 est
603 5377 850 5449 pontifex
881 5381 972 5452 qui
1005 5391 1193 5438 nostra
1246 5385 1478 5454 ignoret,
1517 5387 1708 5458 quales
1745 5389 1901 5444 multi

2045 3088 2179 3158 μηδὲ
2197 3088 2701 3160 ὀλιγοψυχὴσωμεν,
2758 3086 3164 3157 συμϐούλευσαι
3207 3089 3338 3157 ἡμῖν
3379 3103 3395 3118 ·
3446 3089 3612 3158 φησιν

2039 3180 2121 3232 ὅτι
2161 3180 2346 3233 Ἱκανὰ
2381 3181 2480 3249 μὲν
2512 3181 2607 3234 καὶ
2636 3179 2705 3232 τὰ
2734 3179 2966 3251 ρηθέντα
3013 3177 3302 3233 παιδεῦσαι
3344 3180 3491 3249 ἡμᾶς
3533 3179 3610 3247 τῷ

2041 3269 2211 3341 φόϐῳ,
2252 3272 2346 3323 καὶ
2379 3270 2818 3341 ἀσφαλεστέρους
2850 3270 3074 3340 ποιῆσαι
3108 3285 3122 3300 ·
3160 3269 3301 3341 πλὴν
3343 3271 3482 3324 ἀλλὰ
3513 3273 3608 3323 καὶ

2051 3362 2336 3434 ’Λρχιερέα
2367 3360 2588 3431 ἔχομεν,
2619 3361 2918 3432 δυνάμενον
2952 3359 3219 3432 βοηθῆσαι
3252 3363 3408 3432 ἡμῖν,
3446 3362 3610 3431 μόνον

2036 3453 2134 3508 ἐὰν
2196 3453 2490 3524 κρατῶμεν
2539 3454 2637 3524 τῆς
2685 3453 2993 3524 ὁμολογίαςι
3040 3453 3101 3506 οὐ
3137 3454 3245 3524 γάρ
3268 3457 3382 3506 ὲστι
3413 3452 3608 3522 μικρὸς

2035 3548 2129 3600 καὶ
2159 3547 2187 3600 ὁ
2216 3543 2414 3616 τυχὼν,
2447 3545 2582 3600 ἀλλὰ
2614 3545 2784 3615 μέγας
2807 3562 2822 3577 ·
2849 3547 2879 3600 ὁ
2901 3545 3028 3608 Υἱὸς
3059 3544 3168 3614 γὰρ
3193 3543 3286 3598 τοῦ
3318 3543 3475 3597 Θεοῦ.
3496 3545 3607 3596 Καὶ

2031 3640 2091 3692 ού
2108 3636 2366 3703 τοιοῦτος,
2389 3631 2500 3702 οἷος
2527 3637 2786 3708 Μωῦσῆς.
2831 3637 3068 3700 Ἐκεῖνος
3099 3636 3199 3706 μὲν
3225 3636 3333 3706 γὰρ
3357 3635 3481 3688 οὔτε
3510 3637 3610 3688 αύ-

2031 3731 2122 3795 τὸς
2147 3729 2394 3802 εἰσῆλθεν
2416 3731 2494 3794 είς
2525 3730 2624 3801 τὴν
2649 3729 3017 3796 κατάπαυσιν,
3037 3728 3159 3783 οὔτε
3199 3729 3292 3783 τὸν
3312 3729 3440 3782 λαὸν
3492 3731 3608 3782 εἰσ-

2029 3824 2234 3895 ήγαγεν
2267 3841 2282 3854 ·
2311 3814 2466 3885 οὗτος
2504 3821 2560 3875 δὲ
2588 3821 2912 3892 διεληλυθὼς
2952 3823 3078 3885 τοὺς
3131 3822 3428 3893 οὐρανοὺς,
3480 3839 3606 3876 συν·

2029 3914 2268 3984 εδριάζει
2292 3913 2369 3982 τῷ
2395 3913 2588 3981 Πατρὶ,
2617 3912 2712 3966 καὶ
2747 3910 2971 3965 δύναται
3001 3911 3132 3981 ἡμῖν
3172 3910 3272 3981 τὴν
3303 3912 3382 3973 είς
3437 3911 3605 3981 οὐραο

2027 4008 2149 4068 νοὺς
2177 4005 2380 4059 εἴσοδον
2403 4003 2608 4069 δοῦναι,
2643 4004 2737 4056 καὶ
2759 4003 2860 4072 τῆς
2906 4003 2964 4056 ὲν
3019 4001 3375 4071 ἐπαγγελίαις
3433 4019 3606 4056 κατα-

2027 4097 2282 4160 παύσεως
2314 4096 2687 4167 κληρονόμους
2717 4094 2963 4164 ποιῆσαι.

2092 4186 2410 4257 Κρατῶμεν
2439 4183 2548 4253 τῆς
2569 4185 2911 4254 ὁμολογίας.
2981 4183 3056 4236 Οὐ
3075 4181 3258 4236 δίδωσι
3288 4179 3348 4235 τὸ
3383 4182 3492 4235 πᾶν
3519 4181 3599 4251 τῷ

2022 4281 2290 4352 ἀρχιερεῖ,
2321 4277 2460 4334 ἀλλά
2482 4279 2578 4331 καὶ
2611 4275 2682 4328 τὰ
2705 4273 2832 4344 παρ’
2853 4274 3010 4345 ἡμῶν
3038 4272 3309 4344 ἐπιζητεῖ.
3362 4273 3597 4326 Δύναται

2028 4377 2125 4445 μὲν
2171 4375 2280 4442 γὰρ
2327 4373 2554 4436 ἐκεῖνος,
2609 4368 2728 4423 ἀλλ’
2773 4368 2868 4424 ἐὰν
2919 4369 3014 4422 καὶ
3041 4369 3202 4440 ἡμεῖς
3235 4367 3372 4432 ἄξιοι
3419 4361 3595 4436 ὦμεν.

2023 4467 2191 4519 Ποίαν
2221 4464 2278 4517 δὲ
2305 4462 2598 4531 ὁμολογίαν
2622 4460 2862 4514 ἐνταῦθα
2889 4459 3037 4528 λέγει
3073 4477 3088 4526 ;
3130 4461 3250 4512 Ὅτι
3296 4459 3594 4521 ἀνάστασίς
3648 4476 3663 4489 τ

2021 4559 2158 4619 ἐστι,
2193 4555 2276 4607 ὅτι
2337 4552 2628 4618 ἀντίδοσις,
2675 4549 2758 4604 ὅτι
2809 4550 2976 4622 μυρία
3035 4547 3218 4618 ἀγαθά
3282 4549 3420 4611 ἐκεῖ,
3452 4548 3536 4600 ὅτι
3568 4549 3597 4600 ὁ

2020 4647 2252 4720 Χριστὸς
2276 4644 2563 4707 Θεόςὲστι.
2599 4641 2818 4714 Ταύτης
2866 4643 2965 4712 τῆς
3019 4639 3311 4711 ὁμολογίας
3377 4640 3598 4709 κρατῶ-

2022 4758 2142 4810 μεν,
2171 4739 2246 4809 μὴ
2281 4736 2460 4808 ἐῶμεν
2485 4735 2655 4806 αὐτὴν
2693 4733 3042 4807 ἀπορρυῆναι
3071 4734 3228 4804 ἡμῶν
3263 4747 3276 4762 ·
3302 4732 3418 4786 ἀλλ’
3445 4733 3550 4786 ἀπε
3562 4749 3596 4800 ρ

2017 4834 2451 4903 ὡμολογήσαμεν
2477 4832 2534 4882 ὲν
2555 4830 2699 4900 ἀρχῇ
2733 4829 2833 4898 τῆς
2864 4826 3118 4890 πίστεως,
3151 4825 3325 4880 ταῦτα
3356 4824 3593 4895 βεϐαίως

2016 4923 2513 4996 παρακατέχωμεν,
2543 4921 2641 4973 καὶ
2673 4918 2851 4972 πάντα
2873 4920 2943 4972 τὰ
2971 4917 3178 4990 φοϐερὰ
3209 4917 3517 4987 οἰχήσεται.

2075 5111 2300 5180 οὐγὰρ
2328 5110 2547 5177 ἔχομεν
2584 5105 2862 5175 ἀρχιερέα
2904 5103 2990 5173 μὴ
3045 5101 3389 5170 δυνάμενον
3428 5115 3589 5167 συμο

2015 5201 2283 5273 ποθῆσαι
2304 5201 2433 5268 ταῖς
2471 5201 2812 5264 ἀσθενείαις
2847 5195 3034 5266 ἡμῶν.
3093 5191 3433 5264 Παρακαλῶν
3483 5191 3588 5244 αὺε

2011 5297 2138 5357 τοὺς
2167 5295 2309 5348 ὥστε
2336 5289 2680 5352 πεποιθέναι,
2707 5287 3019 5354 ἀξιόπιστον
3061 5282 3152 5337 τὸν
3191 5282 3350 5335 λόγον
3405 5279 3588 5332 ποιεῖς

2012 5406 2121 5454 ται,
2143 5386 2234 5440 καί
2264 5401 2447 5456 φησιν,
2475 5385 2556 5438 ὅτι
2587 5383 2701 5437 Οὐκ
2721 5381 2868 5436 ἐστιν
2890 5382 2918 5434 ὁ
2949 5375 3237 5450 ἀρχιερεὺς
3273 5372 3486 5444 ἀγνοῶν
3513 5371 3588 5426 τὰ

1681 5566 1883 5630 Varini
1927 5564 2257 5628 lectiones.

405 5656 454 5690 ⁷⁸
481 5658 857 5730 ἀρχαγγέλους
877 5661 1039 5732 εἴπῃς
1079 5679 1152 5716 m.
