4014 6208
364 345 469 409 231

1132 343 1533 406 EXPOSITIO
1563 346 1644 406 IN
1676 345 1910 406 EPIST.
1948 346 2046 405 AD
2074 348 2464 410 HEiBR/EOS.
2501 375 2570 385 -
2605 351 2762 411 CAP.
2799 353 2861 410 ν.

3517 361 3623 424 2‘38

361 457 633 530 ἡμέτερα,
668 450 782 510 οἷον
803 455 855 508 οἱ
895 455 1084 510 πολλοὶ
1113 456 1222 508 τῶν
1246 457 1572 527 ἀρχιερέων,
1599 457 1648 510 οἳ
1675 457 1776 510 οῦκ
1819 456 1942 508 ἴσα-

2058 467 2173 512 sunt
2225 461 2532 528 pontiﬁces,
2565 463 2655 532 qui
2687 477 2792 516 non
2827 471 3098 544 noverunt
3137 464 3396 533 quidnam
3434 471 3504 522 sit
3537 474 3620 524 af-

366 569 454 604 σιν
504 549 628 602 οὐδὲ
667 549 696 600 ὅ
726 567 776 600 τι
813 549 944 601 ποτέ
982 549 1095 600 ἐστι
1122 547 1302 617 θλίψις
1330 560 1346 581 ο
1375 548 1459 600 διδ
1502 548 1625 600 οὐδὲ
1674 546 1946 618 πρόθυμοί

2058 548 2219 604 dictio
2252 570 2264 607 :
2297 567 2468 622 quare
2503 570 2678 623 neque
2703 554 2859 623 proni
2918 561 3046 609 sunt
3090 556 3156 609 ad
3187 562 3620 614 succurrendum

365 646 474 697 εἰσι
507 642 724 710 βοηθεῖν
744 641 860 703 τοῖς
887 639 1230 708 θλιϐομένοις
1258 654 1274 668 ⁸
1300 638 1437 692 ἀλλὰ
1469 637 1652 692 πάντα
1677 639 1888 708 ὑπέστη
1918 640 1947 691 ὁ

2058 640 2263 696 ηίιιίριὶς
2293 660 2305 695 :
2334 659 2517 698 verum
2545 643 2791 699 Pontifex
2824 653 3012 701 noster
3041 647 3224 701 omnia
3255 650 3517 706 sustinuit
3538 671 3550 706 :
3571 662 3624 708 ct

365 736 635 804 ἡμέτερος
664 733 1008 802 Ἀρχιερεὺς,
1033 731 1131 785 καὶ
1175 730 1317 800 μετὰ
1372 731 1434 785 τὸ
1469 731 1772 801 ὑποστῆναι
1824 731 1945 783 τότε

363 825 557 894 ἀνέϐη,
593 826 680 877 ἵνα
711 823 935 892 δύνηται
959 821 1290 892 συμπαθεῖν.

440 914 927 984 Πεπειρασμένον
949 914 1018 967 δὲ
1057 914 1208 967 κατὰ
1231 913 1428 968 πάντα
1470 914 1608 968 καθ’
1631 913 1951 982 ὁμοιότητα

366 1009 548 1080 χωρὶς
597 1007 911 1076 ἁμαρτίας.
954 1005 1264 1068 Τουτέστιν,
1316 1004 1570 1076 ἐδιώχθη,
1612 1005 1942 1073 ὲνεπτῦσθη,

364 1096 804 1166 ἐσυκοφαντήθη,
847 1094 1122 1164 ἀπηλάθη,
1176 1094 1328 1158 τέλος
1378 1094 1724 1165 ἐσταυρώθη.
1769 1095 1953 1148 Πάντα

363 1190 539 1243 ταῦτα
553 1189 812 1258 ὑπέμεινε
829 1189 950 1240 καθ’
965 1187 1366 1258 ὀμοιότητατὴν
1382 1186 1949 1262 ᾑμετέραν,τουτέστι,

367 1280 766 1352 παραπλησίως
793 1281 946 1350 ἡμῖν,
970 1278 1140 1349 χωρὶς
1169 1279 1351 1349 μέντοι
1377 1279 1670 1349 ἁμαρτίας·
1698 1275 1822 1331 οὔτε
1845 1279 1953 1349 γὰρ

348 1374 559 1435 ’ἁπλῶς
594 1372 866 1441 ἁμαρτίαν
897 1371 1213 1441 εἰργάσατο,
1233 1371 1357 1424 οὔτε
1393 1373 1484 1424 ὅτε
1513 1371 1687 1424 ταῦτα
1717 1369 1956 1440 ἔπασχεν

368 1463 750 1535 ἁμαρτητικόν
774 1481 826 1515 τι
853 1463 886 1532 ἢ
918 1458 1074 1516 εἶπεν
1104 1462 1138 1533 ἢ
1166 1462 1408 1533 ἔδρασεν.
1435 1463 1597 1516 Ὥστε
1613 1461 1845 1516 δύνασθε
1861 1463 1956 1516 καὶ

367 1556 532 1622 ὑμεῖς
568 1556 626 1605 ὲν
655 1555 774 1615 ταῖς
802 1551 1016 1620 θλίψεσι
1045 1553 1217 1622 χωρὶς
1258 1552 1532 1622 ἁμαρτίας
1587 1552 1954 1620 διαγενέσθαι.

371 1642 499 1705 Πῶς
528 1639 933 1695 οὖνέκλέλυσθε
971 1642 1064 1694 καὶ
1123 1643 1444 1713 παρειμένοι
1496 1641 1660 1708 me;
1702 1642 1857 1706 Τινὲς
1900 1642 1956 1696 δὲ

367 1735 453 1796 τὸ,
484 1733 666 1802 χωρ’ὶς
698 1732 1006 1800 ἁμαρτίας,
1043 1729 1218 1796 οὕτως
1243 1727 1510 1800 ἐνόησαν,
1535 1733 1619 1785 ὅτι
1640 1733 1740 1804 οὐχ
1772 1734 1955 1805 ἀμαρ-

365 1825 527 1892 τιῶν,
563 1825 724 1894 φασὶ,
748 1823 980 1878 τιννύων
1005 1823 1163 1888 δίκας
1190 1822 1369 1878 ταῦτα
1421 1825 1650 1895 ἔπασχε.

444 2103 912 2174 Προσερχώμεθα
931 2097 1045 2158 οὖν
1072 2101 1224 2173 μετὰ
1285 2104 1721 2173 παρρησίαςτῷ
1763 2107 1954 2176 θρόνῳ

372 2195 488 2262 τῆς
519 2196 772 2264 χάριτος.
810 2195 1050 2267 Ἐπειδὴ,
1093 2197 1284 2267 φησιν,
1332 2198 1718 2269 ἀναμάρτητον
1757 2199 1953 2270 ἔχομεν

386 2287 671 2356 ’Λρχιερέα
705 2287 1223 2356 καταγωνισάμενοι)
1254 2289 1345 2341 τδν
1405 2289 1610 2357 κόσμον
1641 2305 1654 2318 ·
1680 2288 1956 2356 Θαρῤεῖτε

373 2382 508 2446 γὰρ,
546 2380 714 2447 φησὶν
743 2417 758 2441 ,
790 2376 907 2443 ἐγὼ
935 2379 1220 2444 νενίκηκα
1256 2380 1363 2431 τὸν
1390 2380 1640 2448 κόσμον·
1667 2379 1954 2446 ὀφείλομεν

377 2469 518 2536 μετὰ
553 2467 876 2538 παρρησίας
906 2467 1331 2537 προσέρχεσθαι,
1358 2468 1626 2530 τουτέστι,
1661 2466 1738 2535 μὴ
1778 2483 1954 2519 συνει-

373 2558 460 2620 δὸς
532 2559 752 2627 ἔχοντες
787 2558 1104 2628 nemo}.in
1139 2559 1213 2628 μὴ
1258 2557 1626 2624 διστάζοντες,
1679 2560 1814 2612 ἀλλὰ
1857 2575 1954 2611 πε-

374 2648 626 2711 ποιθότες
660 2649 752 2701 ἐπὶ
771 2648 848 2717 τῷ
889 2647 1186 2719 Ἀρχιερεῖ.
1216 2650 1276 2702 Εἰ
1298 2649 1406 2719 γὰρ
1433 2651 1526 2702 καὶ
1555 2651 1717 2719 ἡμεῖς
1771 2652 1953 2720 ἀμαρ-

370 2739 497 2798 sia;
519 2738 742 2806 ἔχομεν,
765 2737 899 2790 ἀλλὰ
927 2739 1088 2799 αὐτὸς
1118 2739 1507 2808 ἀναμάρτητος
1552 2741 1721 2791 ἐστιν.
1790 2737 1956 2791 Ἀλλὰ

373 2832 470 2880 καὶ
520 2827 708 2894 θρόνος
757 2829 999 2898 χάριτος,
1049 2829 1111 2881 οὐ
1178 2830 1412 2898 κρίσεως
1443 2846 1456 2860 ·
1505 2827 1646 2881 ὥστε
1697 2829 1779 2882 δεῖ
1819 2829 1956 2898 μετὰ

375 2918 702 2987 παρρησίας
763 2918 1068 2986 προσιέναι,
1118 2919 1487 2988 θαρροῦντες,
1533 2919 1613 2972 ὅτι
1673 2919 1955 2991 χαρίσεται

375 3010 513 3078 ἡμῖν
540 3007 578 3061 ει
612 3007 928 3078 squama.
960 3010 1066 3063 Δύο
1086 3009 1194 3078 γάρ
1226 3009 1404 3080 θρόνοι
1443 3009 1602 3072 είσὶν,
1631 3011 1660 3062 ὁ
1708 3009 1809 3077 μὲν
1859 3010 1955 3065 νῦν

374 3101 626 3170 χάριτος,
667 3093 710 3166 ᾧ
733 3101 782 3152 οἱ
815 3099 1241 3170 προσερχόμενοι
1260 3099 1595 3170 λαμόάνουσι
1623 3099 1742 3172 θείᾳ
1772 3101 1956 3173 χάριτι
1985 3137 2029 3199 C

373 3189 477 3261 τὴν
532 3191 912 3260 ἀπολύτρωσιν
942 3191 1052 3244 τῶν
1094 3191 1381 3262 ἁμαρτιῶν
1411 3206 1425 3222 °
1463 3191 1579 3245 δ’δὲ
1623 3192 1725 3263 τῆς
1774 3194 1960 3247 δευτέ-

379 3301 482 3354 ρας
517 3284 818 3353 παρουσίας
843 3283 1052 3353 θρόνος,
1083 3283 1143 3336 οῦ
1172 3284 1417 3354 χάριτος,
1455 3284 1637 3347 οὐδεὶς
1673 3283 1784 3356 γὰρ
1837 3287 1960 3340 τότε

377 3374 651 3444 λαμϐάνει
680 3375 896 3444 ἄφεσιν,
926 3375 1068 3428 ἀλλὰ
1101 3374 1354 3445 κρίσεως.
1381 3375 1582 3446 Θρόνου
1607 3375 1665 3430 δὲ
1691 3377 1958 3449 ἐμνήσθη,

379 3465 471 3517 ἵνα
503 3465 580 3535 μὴ
599 3465 838 3528 ἀκούσας
869 3465 924 3518 Ἀ
938 3465 1175 3535 ρχιερέα,
1208 3465 1436 3536 νομίσῃς
1483 3466 1566 3519 ὅτι
1620 3465 1854 3520 ἵσταται.
1900 3468 1963 3520 Et

378 3563 490 3627 γὰρ
517 3557 592 3620 ὡς
613 3556 904 3627 ἄνθρωπος
922 3555 1141 3624 λέγεται
1181 3558 1500 3629 Ἀρχιερεὺς
1531 3558 1619 3613 διὰ
1672 3559 1770 3628 τὴν
1824 3561 1961 3629 πρὸς

375 3651 533 3720 ἡμᾶς
555 3651 719 3718 χάριν
739 3649 832 3702 καὶ
870 3649 1302 3716 συγκατάδισιν,
1326 3649 1441 3705 ἀλλ’
1485 3647 1579 3705 οὖν
1612 3653 1708 3704 καὶ
1733 3651 1828 3705 ἐπὶ
1868 3651 1962 3705 τοῦ

381 3741 569 3796 Osi.on
607 3741 802 3813 θρόνου
832 3741 1090 3814 κάθηται.

455 3928 582 3981 Ἵνα
631 3928 906 3997 λάϐωμεν
954 3929 1154 3994 ἔλεον,
1234 3932 1334 3985 καὶ
1370 3931 1547 4002 χάριν
1588 3934 1852 4002 εὕρωμεν
1877 3951 1965 3999 εις

379 4021 670 4088 εὔκαιρον
713 4019 1027 4087 βοήθειαν.
1076 4022 1192 4076 Νῦν
1261 4023 1370 4094 γὰρ
1409 4024 1506 4076 ἐὰν
1552 4025 1963 4095 προσέλθωμεν,

383 4112 534 4164 ἔλεον
559 4112 865 4182 εὑρήσομεν
901 4112 996 4164 καὶ
1021 4113 1203 4183 χάριν⁹
1231 4114 1504 4185 εὐκαίρως
1525 4115 1634 4186 γὰρ
1664 4117 1967 4187 προσερχόε

387 4202 551 4272 μεθα·
583 4203 649 4255 ἂν
675 4201 732 4254 δὲ
761 4203 906 4265 τότε,
941 4203 1124 4256 οὐκέτι
1151 4218 1165 4232 ο
1195 4204 1255 4256 οῦ
1309 4206 1420 4276 γάρ
1464 4205 1582 4259 ἐστι
1620 4208 1741 4260 τότε
1778 4208 1966 4277 θρόνος

385 4293 636 4363 χάριτος.
682 4292 798 4346 Νῦν
867 4294 1106 4365 κάθηται
1185 4295 1540 4366 χαριζόμενος
1597 4299 1626 4350 ὁ
1678 4299 1964 4368 βασιλεῦς*

384 4384 510 4436 τότε
571 4384 844 4454 ἐγείρεται
888 4385 970 4446 εἰς
1000 4385 1202 4454 κρίσιν.
1266 4386 1516 4441 Ἀνάστα
1575 4391 1707 4461 γάρ,
1775 4391 1964 4462 φησὶν,

388 4476 421 4526 ό
451 4473 597 4538 Θεὸς
622 4512 638 4538 ,
671 4475 882 4541 κρίνον
905 4474 1022 4543 τὴν
1041 4474 1180 4544 γῆν.

998 4657 1252 4714 ΚΕΦΑΛ.
1285 4658 1360 4713 ιε’.
1448 4711 1456 4717 .

460 4747 589 4816 Πᾶς
615 4750 726 4819 reip
781 4751 1096 4821 ἀρχιερεὺς
1132 4751 1203 4816 ἐξ
1231 4753 1559 4822 ἀνθρώπων
1593 4759 1964 4830 λαμϐανόμε-

391 4853 522 4903 νος,
571 4840 728 4909 ὑπὲρ
765 4841 1095 4910 ἀνθρώπων
1157 4844 1508 4899 καθίσταται
1541 4848 1613 4900 τὰ
1644 4850 1796 4917 πρὸς
1859 4852 1966 4905 τὸν

397 4931 567 4984 Θεόν.
594 4931 747 4985 Θίλει
778 4933 967 4988 λοιπὸν
1000 4932 1170 5000 δεῖξαι
1209 4935 1290 4988 ὅτι
1321 4936 1501 5008 πολλῷ
1538 4939 1814 5013 βελτίωνή
1846 4943 1959 4996 Νέα

397 5022 649 5092 Διαθήκη
679 5024 771 5094 τῆς
823 5025 1090 5089 Παλαιᾶςο
1111 5027 1206 5079 καὶ
1227 5027 1456 5098 ἄρχεται
1488 5031 1702 5102 πρῶτον
1731 5037 1961 5106 συγκρῖ-

396 5130 503 5166 ven.
532 5115 632 5176 τάς
660 5115 979 5185 ἱερωσύνας,
1009 5119 1108 5189 τήν
1129 5135 1192 5170 τε
1219 5119 1326 5172 τῶν
1350 5119 1597 5175 παλαιῶν
1623 5123 1836 5194 ἱερέων,
1865 5127 1963 5180 καὶ

396 5205 494 5274 τὴν
518 5205 609 5259 τοῦ
636 5206 874 5276 Χριστοῦ
895 5223 909 5238 '
941 5209 1306 5286 καὶλδείκνυσι
1333 5211 1533 5281 πολλὴν
1568 5213 1664 5284 τήν
1693 5214 1965 5287 ὑπεροχὴν

389 5296 492 5362 ei};
529 5295 623 5348 τοῦ
678 5297 941 5368 Χριστοῦ.
1003 5298 1152 5363 Τέως
1180 5300 1224 5352 δ’
1259 5299 1352 5355 οὖν
1411 5303 1597 5373 ἐπειδὴ
1636 5306 1966 5362 ἀντέπιπτεν

383 5384 564 5456 αὐτῷ,
593 5387 674 5440 ὃτι
704 5388 876 5442 πολλὰ
901 5388 1011 5443 τῶν
1033 5393 1145 5454 τοῖς
1181 5392 1387 5463 ἱερεῦσι
1412 5398 1692 5466 προσεῖναι
1721 5397 1970 5466 ὀφειλόν-

373 5492 505 5528 των
533 5478 596 5530 οῦ
631 5480 889 5548 πρόσεστι
937 5481 1015 5550 τῷ
1049 5483 1291 5553 Χριστῷ,
1342 5484 1465 5538 οὔτε
1505 5487 1853 5562 γὰρηφυλῆς
1901 5487 1971 5563 ἦν

377 5568 416 5617 ι
434 5569 708 5639 ερατικῆς,
740 5570 864 5626 οὔτε
886 5572 982 5626 ἐπὶ
1009 5574 1110 5645 τῆς
1141 5575 1242 5647 γῆς
1269 5579 1466 5649 ἱερεὺς,
1492 5581 1614 5633 οὔτε
1643 5582 1746 5635 ὑπὸ
1763 5583 1971 5654 ἀνθρὼ-

476 5753 672 5812 ’Joan.
700 5773 818 5825 ιιι,
855 5759 954 5816 55.
1032 5760 1078 5793 ³⁸
1106 5759 1255 5816 Psal.
1281 5772 1398 5815 vut.
1439 5761 1494 5815 5.

2049 739 2338 803 postquam
2365 735 2672 801 tolerasset,
2705 743 2834 790 tunc
2864 736 3129 801 ascendit,
3162 746 3218 791 ut
3249 751 3435 808 posset
3467 743 3624 800 nobis

2049 827 2309 894 compati.

2124 915 2405 971 Tentatum
2439 936 2555 974 vero
2583 937 2674 989 per
2699 922 2876 975 omnia
2905 939 3001 992 pro
3050 923 3400 980 similitudine
3429 927 3624 998 absque

2050 1018 2282 1076 peccato.
2320 1009 2434 1066 [Ioc
2472 1019 2577 1077 est,
2627 1023 3063 1083 persecutionem
3117 1031 3312 1086 passus
3357 1026 3463 1081 est,
3493 1034 3624 1074 con-

2053 1109 2250 1168 sputus
2284 1110 2391 1168 est,
2422 1103 2752 1157 calumniam
2791 1105 3075 1172 sustinuit,
3109 1115 3264 1161 actus
3295 1116 3400 1174 est,
3421 1117 3474 1163 et
3503 1111 3625 1179 pul-

2057 1206 2174 1251 sus,
2229 1207 2291 1245 ac
2323 1193 2540 1246 tandem
2579 1195 2898 1251 crucifixus.
2948 1195 3142 1251 Omnia
3196 1199 3312 1254 hanc
3361 1201 3625 1255 sustinuit

2053 1297 2154 1352 pro
2196 1283 2556 1338 similitudine
2593 1293 2800 1351 nostra,
2851 1288 2954 1341 hoc
2984 1295 3086 1353 est,
3130 1288 3291 1342 simili
3338 1292 3623 1346 nobiscum

2055 1374 2286 1436 ratione,
2317 1373 2453 1429 citra
2487 1384 2664 1430 tamen
2691 1387 2991 1446 peceatum.
3015 1377 3203 1449 Neque
3228 1381 3370 1435 enim
3401 1383 3624 1437 omnino

2058 1475 2338 1534 peccaturo
2377 1467 2523 1533 fecit,
2565 1483 2741 1538 neque
2795 1475 2918 1525 “eum
2969 1472 3083 1527 haec
3140 1485 3440 1543 pateretur,
3469 1475 3628 1545 quid-

2056 1572 2218 1628 quam
2248 1557 2377 1613 feeit
2403 1559 2486 1614 vel
2517 1559 2653 1613 dixit
2675 1560 2818 1630 quod
2867 1571 3147 1630 peccatum
3180 1565 3464 1621 redoleret.
3516 1567 3628 1621 Ita-

2057 1665 2163 1719 que
2193 1649 2426 1719 potestis
2463 1659 2519 1704 et
2563 1665 2660 1703 vos
2706 1650 2759 1703 iu
2792 1649 3178 1708 amictionibus
3229 1653 3347 1707 sine
3401 1664 3627 1724 peccato

2055 1753 2427 1808 perseverare.
2459 1739 2641 1805 Quare
2693 1740 2863 1810 igitur
2893 1740 3058 1797 soluti
3107 1757 3171 1797 ac
3210 1745 3422 1799 remissi
3459 1747 3630 1802 estis?

1983 1799 2319 1883 BNonnulli
2375 1839 2580 1892 autem,
2647 1831 2759 1884 sine
2811 1842 3045 1898 peccato,
3076 1833 3154 1887 sic
3219 1833 3628 1903 intellexerunt,

2058 1930 2253 1988 nempe
2278 1917 2422 1988 quod
2457 1918 2570 1973 hmc
2599 1935 2793 1990 passus
2826 1922 2919 1988 sit,
2952 1937 3060 1976 non
3097 1923 3252 1978 luens
3280 1933 3628 1993 peccatorum

2057 2023 2270 2080 pinnas.

2125 2099 2290 2156 Vsus.
2317 2101 2404 2156 16.
2437 2101 2700 2157 Adeamus
2721 2120 2844 2173 ergo
2890 2120 3008 2158 cum
3055 2105 3252 2172 ﬁducia
3279 2108 3348 2161 ad
3386 2107 3628 2162 thronum

2053 2185 2216 2257 675
2252 2189 2461 2254 gratim.
2511 2189 2674 2254 Quia,
2733 2189 2932 2260 inquit,
2991 2189 3313 2246 Pontilicem
3364 2193 3631 2250 habemus

2058 2277 2261 2346 peccati
2297 2285 2596 2345 expertem,
2629 2279 2720 2346 qui
2771 2279 2885 2348 ipse
2934 2280 3196 2334 mundum
3223 2281 3511 2337 debellarit
3543 2296 3628 2338 at-

2054 2381 2162 2436 que
2188 2366 2451 2422 devicerit
2481 2367 2782 2434 :Conﬁdite
2803 2370 2969 2436 enim,
3006 2372 3200 2442 inquit,
3225 2389 3317 2444 ego
3347 2375 3446 2428 vici
3481 2392 3632 2429 mun-

2055 2459 2237 2530 dum},
2273 2461 2532 2515 debemus
2558 2461 2897 2516 cumﬂducia
2934 2465 3212 2524 accedere,
3253 2465 3353 2520 hoc
3387 2474 3490 2533 est,
3521 2482 3630 2521 non

2058 2565 2277 2620 pravam
2305 2550 2506 2606 habere
2536 2551 2952 2616 conscientiam,
2981 2568 3078 2607 nec
3119 2553 3392 2614 hazsitare.
3445 2556 3539 2611 sed
3575 2558 3630 2610 iu

2055 2641 2368 2698 Pontilicem
2409 2643 2702 2700 conlidere.
2745 2643 2854 2700 Etsi
2905 2644 3049 2699 enim
3099 2660 3196 2699 nos
3228 2649 3629 2716 peccatumha-

2054 2731 2266 2796 bemus,
2325 2733 2441 2802 ipse
2476 2742 2654 2788 tamen
2715 2734 2922 2804 absque
2969 2743 3193 2803 peccato
3245 2745 3347 2792 est.
3401 2737 3632 2807 Insuper

2059 2824 2291 2878 thronus
2324 2831 2407 2878 est
2454 2825 2662 2894 gratiae,
2715 2839 2823 2878 non
2874 2824 3100 2894 judicii;
3142 2827 3371 2895 proinde
3418 2836 3632 2897 Oportet

2056 2927 2158 2968 nos
2193 2927 2315 2968 cum
2347 2912 2544 2969 liducia
2584 2915 2867 2978 accedere,
2912 2907 3253 2971 conﬁdentes
3293 2931 3418 2972 eum
3468 2917 3632 2973 datu-

2059 3018 2179 3058 rum
2238 3002 2399 3058 nobis
2427 3018 2550 3074 qua:
2582 3003 2889 3074 cupiamus.
2926 3004 3041 3059 Duo
3070 3007 3216 3061 enim
3250 3001 3430 3062 ibroni
3481 3015 3631 3072 sunt,

2062 3109 2303 3164 praesens
2342 3095 2560 3165 quidem
2601 3103 2686 3152 est
2736 3095 2943 3167 gratiae,
2997 3097 3062 3151 ad
3103 3113 3263 3168 quem
3311 3098 3634 3154 accedentes

2063 3187 2342 3256 accipiunt
2376 3201 2470 3256 per
2505 3187 2750 3242 divinam
2781 3189 3008 3260 gratiam
3035 3203 3063 3241 a
3088 3189 3325 3259 peccatis
3355 3190 3470 3245 suis
3499 3190 3633 3244 libe-

2060 3278 2364 3346 rationein;
2400 3279 2535 3335 alter
2584 3287 2763 3336 autem
2803 3279 3024 3336 secundi
3085 3280 3350 3337 adventus
3379 3281 3628 3346 thronus,

2063 3386 2171 3424 non
2203 3377 2288 3425 est
2316 3371 2519 3441 gratiae,
2575 3386 2734 3424 nemo
2772 3371 2915 3425 enim
2948 3379 3060 3425 tum
3098 3371 3328 3442 accipiet
3353 3372 3634 3428 remissio-

2065 3477 2210 3521 nem.
2246 3461 2339 3517 sed
2371 3461 2586 3530 judicii.
2617 3461 2824 3516 Turoni
2872 3473 3053 3518 autem
3109 3462 3378 3528 meminit,
3424 3478 3492 3516 ne
3539 3478 3636 3516 au-

2065 3555 2221 3609 diens
2248 3553 2581 3618 Pontiticem,
2611 3553 2894 3609 existimes
2925 3569 3048 3608 eum
3071 3564 3234 3609 stare.
3259 3552 3392 3608 Nam
3417 3554 3630 3610 etiamsi

2064 3651 2335 3714 quatenus
2389 3644 2552 3699 homo
2600 3644 2816 3706 dicatur
2852 3643 3102 3700 Pontifex
3135 3643 3204 3699 ob
3241 3646 3468 3715 gratiam
3505 3660 3631 3716 erga

2065 3751 2167 3792 nos
2204 3745 2259 3792 et
2284 3735 2730 3802 submissiouem,
2784 3750 2948 3806 super
2997 3735 3183 3791 divino
3233 3745 3410 3792 tamen
3439 3739 3634 3792 throno

2067 3829 2242 3882 sedet.
2333 3894 2337 3898 _

2142 3917 2208 3973 Ut
2257 3919 2678 3975 misericordiam
2721 3937 3124 3991 consequamur,
3157 3931 3205 3975 et
3228 3921 3460 3990 gratiam
3496 3921 3637 3974 inve-

2067 4011 2276 4065 niamus
2311 4011 2363 4065 in
2392 4009 2596 4064 auxilio
2644 4021 2958 4080 opportuno.
2993 4008 3148 4065 hunc
3170 4011 3314 4065 enim
3353 4009 3399 4064 si
3446 4023 3634 4064 acces-

2067 4103 2324 4167 serimus,
2387 4102 2820 4158 misericordiam
2865 4101 3206 4157 inveniemus
3255 4110 3308 4156 et
3356 4102 3633 4171 gratiam:

2068 4204 2374 4263 Opportune
2401 4192 2546 4246 enim
2578 4191 2917 4247 accedimus.
2941 4190 2996 4245 Si
3023 4205 3154 4246 vero
3195 4200 3332 4255 tum,
3365 4205 3473 4245 nou
3513 4193 3585 4243 ita
3622 4207 3637 4244 :

2068 4293 2201 4340 tunc
2227 4286 2369 4338 enim
2405 4285 2591 4352 gratiae
2639 4286 2871 4339 thronus
2921 4299 3028 4337 non
3076 4292 3179 4340 est.
3212 4285 3372 4339 Nunc
3401 4284 3552 4339 sedet
3580 4293 3641 4339 ut

2069 4391 2165 4430 rex
2197 4375 2454 4437 clemens,
2489 4386 2542 4430 et
2581 4376 2812 4444 gratiam
2846 4375 3208 4446 impertiens:
3241 4383 3353 4430 tum
3391 4391 3518 4431 vero
3542 4391 3640 4428 ex-

1989 4466 2046 4527 D
2070 4467 2272 4522 citatur
2297 4468 2361 4522 ad
2383 4467 2668 4538 judicium.
2699 4469 2945 4526 Aiteniut
2981 4489 2993 4524 :
3030 4469 3218 4541 Surge,
3259 4470 3417 4536 Deus,
3453 4471 3641 4540 judico

2073 4570 2270 4614 terram
2295 4560 2358 4616 ¹⁰.

2686 4652 2911 4709 CAPUT
2965 4653 3028 4709 ν.

2144 4743 2308 4801 νεπς.
2337 4745 2385 4798 Ι.
2407 4744 2591 4800 Omnis
2619 4743 2756 4795 enim
2777 4744 3014 4813 pontifex
3035 4757 3098 4799 ea:
3117 4744 3410 4798 hominum;
3447 4761 3643 4800 assum-

2071 4847 2212 4906 ptus,
2233 4853 2327 4906 pro
2360 4835 2658 4892 hominibus
2692 4835 3034 4890 constituitur
3063 4839 3118 4889 in
3143 4837 3208 4890 iis
3251 4853 3370 4906 qua!
3414 4845 3538 4891 sunt
3579 4835 3646 4888 ad

2071 4930 2259 4985 Deum.
2277 4927 2401 4986 Vult
2417 4927 2674 4998 deinceps
2691 4925 2976 4982 ostendere
2998 4927 3206 4981 Novum
3240 4927 3646 4983 Testamentum

2069 5038 2192 5080 esse
2236 5023 2394 5092 longe
2438 5021 2785 5092 prmstantius
2821 5017 3023 5074 Veteri.
3050 5020 3127 5074 Ac
3160 5021 3394 5091 primum
3431 5019 3644 5077 orditur

2071 5131 2389 5188 comparare
2424 5115 2724 5171 sacerdotia
2769 5123 3010 5170 veterum
3048 5114 3392 5170 sacerdotum
3411 5125 3465 5170 et
3489 5103 3644 5168 Chri-

2073 5211 2164 5274 sti,
2188 5217 2242 5263 et
2274 5207 2507 5263 ostendit
2538 5207 2742 5263 Christi
2774 5206 3140 5263 sacerdotium
3175 5221 3296 5263 esse
3330 5207 3484 5275 longe
3507 5215 3646 5273 prae-

2075 5301 2335 5357 stantius.
2356 5301 2573 5354 Interim
2604 5301 2900 5369 vero,quin
2940 5299 3041 5370 ipsi
3074 5298 3483 5359 adversabatur,
3503 5292 3648 5363 quod

2079 5393 2245 5447 multa
2273 5407 2395 5462 quae
2427 5393 2800 5448 sacerdotibus
2831 5392 3022 5447 adesse
3058 5391 3274 5450 debent,
3308 5386 3647 5440 Christouou

2079 5493 2453 5554 competerent
2476 5484 2675 5556 (neque
2708 5485 2853 5538 enim
2875 5498 2940 5537 ex
2974 5481 3115 5534 tribu
3147 5476 3480 5533 sacerdotali
3510 5483 3647 5538 erat,

2081 5595 2256 5648 neque
2273 5592 2435 5648 super
2448 5577 2589 5629 hanc
2607 5582 2804 5629 terram
2833 5572 3109 5634 sacerdos,
3125 5582 3301 5639 neque
3317 5568 3387 5623 ab
3412 5566 3637 5624 homini-
