4014 6208
375 294 483 354 2έ9

1261 285 1306 342 Τ
1313 279 1835 342 l-lEOPI-IYIACTI
1873 279 2284 340 BULGARUE
2324 280 2677 341 ARCHIEP.

3519 276 3625 338 2m

379 410 477 458 Ιιιις
508 406 716 456 «ιιι-«ειυς
753 400 804 452 in
847 396 1180 457 Pontiliecm,
1217 408 1413 462 neque,
1449 402 1505 446 ut
1546 392 1712 447 semel
1741 392 1942 454 dicam,

2062 409 2167 442 πων
2201 390 2754 462 προκεχειρισμένος,
2795 388 2937 447 οὒτε.
2969 387 3151 452 ἁπλῶς
3210 388 3408 454 εἰπεῖν,
3438 405 3628 460 σωμα-

376 499 610 564 aliquam
667 488 1004 559 corporafem
1063 485 1295 550 speciem
1356 483 1586 537 habebat
1641 482 1812 540 forma
1858 496 1950 537 sa-

375 589 599 644 ccrdnlii
658 586 796 655 ejus,
847 580 1013 634 veluti
1056 575 1424 632 tintinnabula
1455 585 1510 631 et
1571 576 1824 641 laminas,
1855 575 1950 629 sed

374 681 555 734 uumia
581 672 884 746 spiritualia
912 668 1109 742 erant),
1130 669 1363 740 primum
1414 673 1662 722 recenset
1694 680 1815 736 qua:
1841 664 1950 720 sint

377 766 688 824 emrununia
722 764 943 819 Christo
963 777 1083 816 cum
1115 759 1340 830 reliquis
1364 757 1734 830 pontiﬁcibus,
1757 755 1951 814 deinde

381 861 530 930 ponit
561 874 621 912 ca
655 857 708 910 in
745 854 946 926 quibus
978 853 1215 907 excellit.
1268 851 1408 905 Tum
1443 850 1588 905 enim
1623 863 1814 904 revera
1849 863 1950 902 ex-

377 954 578 1008 cellens
627 964 725 1019 per
775 944 1236 1016 comparationem
1287 942 1558 1014 quispiam
1616 939 1947 1003 ostenditur,

375 1044 594 1115 quando
647 1042 700 1097 in
738 1038 858 1094 aliis
915 1037 1132 1107 quidem
1188 1032 1697 1095 communicaverit,
1747 1033 1800 1084 in
1826 1029 1949 1086 aliis

377 1151 507 1191 vero
537 1132 894 1190 excellentior
929 1129 1114 1191 fuerit.
1159 1127 1234 1182 Ex
1280 1124 1595 1180 hominibus
1646 1123 1832 1193 itaque
1858 1137 1949 1178 as-

381 1226 547 1289 sumi,
577 1235 867 1279 commune
908 1227 994 1275 est
1022 1218 1244 1274 Christo
1279 1230 1402 1270 cmn
1441 1213 1707 1284 reliquis:
1739 1228 1862 1268 nam
1895 1220 1950 1267 et

379 1321 495 1388 ipse
554 1315 718 1370 homo
767 1327 889 1368 cum
941 1318 1108 1370 esset.
1143 1309 1318 1363 factus
1367 1313 1452 1362 est
1490 1303 1763 1362 Pontifex.
1809 1304 1947 1360 Tum
1988 1373 2004 1381 _

378 1409 520 1479 quod
543 1422 641 1478 pro
669 1403 984 1461 hominibus
1007 1400 1359 1456 constituitur
1379 1399 1432 1452 in
1462 1398 1529 1452 iis
1545 1411 1665 1467 quae
1685 1395 1751 1450 ad
1780 1395 1948 1450 Deum

380 1503 676 1572 pertinent,
727 1498 830 1551 hoc
861 1502 964 1559 est,
994 1501 1054 1548 ut
1082 1492 1247 1564 676
1278 1505 1375 1560 pro
1425 1487 1586 1544 nobis
1617 1486 1945 1558 interpellet,

379 1602 434 1648 et
463 1592 643 1646 isthuc
671 1595 755 1642 est
781 1599 1074 1640 commune
1098 1582 1201 1658 ipsi
1232 1597 1354 1635 cum
1389 1579 1634 1648 reliquis.

460 1682 527 1738 Ut
563 1681 751 1751 offerat
799 1692 1016 1731 munera
1057 1683 1104 1729 et
1148 1672 1415 1742 sacriﬁcia
1441 1688 1536 1742 pro
1575 1669 1828 1740 peccatis.
1861 1667 1948 1726 ln-

382 1748 720 1840 terpretattts
758 1775 843 1824 est
869 1764 1000 1835 quid
1037 1763 1128 1830 sit,
1172 1762 1235 1816 ab
1274 1760 1570 1814 hominibus
1609 1754 1866 1814 constitui
1897 1759 1950 1813 in
1985 1748 2026 1807 Β

383 1866 449 1918 iis
485 1878 598 1932 quia
624 1870 746 1914 sunt
778 1857 845 1912 ad
886 1857 1078 1922 Deum,
1111 1869 1303 1926 nempe
1338 1869 1436 1924 pro
1465 1854 1704 1924 peccatis
1747 1853 1954 1910 nostris

384 1958 600 2026 placare
631 1953 828 2007 Deum.
861 1949 927 2002 Et
962 1949 1064 2002 hoc
1090 1946 1259 2017 igitur
1289 1959 1581 2000 commune
1611 1952 1696 2000 cst
1731 1943 1952 2000 Christo

384 2063 510 2104 cum
545 2045 686 2111 aliis,
715 2041 809 2098 sed
851 2057 957 2097 non
989 2047 1163 2093 totum
1205 2057 1219 2091 :
1256 2051 1378 2091 nam
1424 2036 1540 2106 ipse
1570 2036 1812 2105 scipsum
1853 2033 1950 2090 0b-

387 2138 528 2200 tulit,
569 2135 645 2190 illi
669 2149 798 2189 vero
831 2133 932 2185 alia
979 2129 1248 2200 quaedam.
1278 2129 1472 2183 Munus
1503 2135 1682 2187 autem
1706 2133 1760 2182 et
1785 2125 1954 2180 sacri-

387 2232 567 2286 ﬁcium
599 2225 874 2298 quomodo
911 2224 1154 2292 quidem.
1183 2222 1229 2276 si
1254 2229 1502 2278 exactam
1537 2229 1754 2290 spectes
1780 2219 1954 2274 ratio-

386 2339 532 2388 nem,
574 2321 924 2388 discrepant,
970 2317 1021 2368 iu
1057 2313 1354 2384 scripturis
1389 2320 1568 2368 autem
1608 2311 1725 2368 sine
1752 2308 1951 2366 discri-

385 2413 532 2468 mine
566 2415 869 2481 ponuntur,
907 2403 1047 2460 infra
1079 2403 1283 2460 disces.

454 2499 621 2556 Vens.
655 2499 708 2552 2.
754 2496 857 2565 Qui
892 2494 1169 2548 condolere
1199 2493 1367 2563 possit
1411 2493 1479 2546 iis
1511 2493 1598 2562 qtti
1625 2493 1869 2564 ignorant
1903 2498 1951 2545 et

382 2601 587 2648 errant.
618 2591 737 2643 Hoc
787 2597 891 2650 est,
933 2586 1024 2654 qui
1088 2585 1262 2653 possit
1310 2583 1590 2638 moderate
1622 2582 1782 2646 allici,
1811 2596 1956 2635 com-

383 2684 522 2756 pali,
550 2677 1018 2740 condescendere,
1057 2691 1120 2730 ac
1147 2675 1456 2729 condonare
1488 2674 1555 2729 iis
1587 2675 1675 2742 qui
1699 2688 1764 2728 ex
1796 2673 1951 2740 igno-

387 2773 561 2828 rantia
598 2775 848 2841 peccant.
893 2764 1276 2819 Animadverte
1323 2770 1504 2816 autem
1553 2776 1714 2817 omne
1761 2774 1955 2830 pecca-

384 2872 500 2918 tum
550 2876 617 2918 ex
653 2856 961 2930 ignorantia
1003 2863 1058 2910 et
1118 2867 1306 2908 errore
1343 2851 1538 2908 nasci;
1582 2865 1708 2904 nam
1740 2848 1953 2904 etiamsi

383 2953 633 3008 videatur
657 2948 794 3020 quis.
813 2945 1031 3001 novisse
1060 2943 1187 3013 quid
1232 2943 1433 2996 malum
1470 2943 1562 3006 sit,
1598 2951 1842 3010 tempore
1871 2948 1954 2994 ta-

384 3058 509 3098 men
563 3035 952 3093 trausactionis
997 3034 1204 3105 peccati
1252 3033 1494 3092 tenebris
1544 3031 1949 3097 circumfusus,

387 3127 700 3202 ignorantia
737 3135 791 3180 et
819 3137 1010 3179 errore
1056 3123 1300 3194 languet,
1340 3121 1637 3193 voluptatis
1683 3121 1952 3178 illecebris

384 3217 778 3291 praecipitatus.
1988 3283 1989 3286 η

459 3307 725 3373 Quoniam
745 3313 795 3358 et
822 3305 932 3374 ipse
952 3301 1312 3356 circumdatus
1341 3309 1416 3356 est
1447 3300 1778 3370 inﬁrmitate.
1816 3301 1958 3356 Sim-

385 3395 661 3465 pliciorem
683 3405 747 3446 ac
779 3389 1047 3445 veriorem
1073 3390 1396 3444 sententiam
1429 3405 1552 3444 esse
1576 3389 1714 3445 hanc
1740 3391 1954 3460 opinor,

392 3494 679 3558 pr0pterea
711 3483 961 3538 videlicet
1003 3483 1383 3554 ignorantibus
1421 3483 1709 3539 condolere
1734 3482 1958 3538 Pontiﬁ-

388 3594 530 3640 cem,
559 3576 704 3648 quod
733 3584 789 3632 et
812 3576 929 3647 ipse
958 3574 1276 3631 inﬁrmitate
1309 3574 1381 3631 sit
1411 3575 1664 3641 amictus,
1691 3583 1744 3632 et
1771 3575 1960 3632 huma-

390 3684 475 3725 nae
509 3667 903 3724 imbecillitatis
949 3682 1264 3723 mensuram
1304 3683 1369 3722 ex
1417 3667 1599 3738 seipso
1629 3683 1954 3738 agnoscens,

391 3761 604 3816 veniam
632 3775 849 3829 quoque
882 3759 1199 3815 admetitur.
1238 3758 1495 3814 Nonnulli
1537 3771 1717 3816 tamen
1759 3763 1838 3839 sic
1867 3779 1958 3820 ac-

388 3859 675 3922 ceperunt,
703 3852 847 3922 quod
878 3851 933 3905 in
956 3851 1059 3906 hoc
1090 3852 1208 3907 solo
1235 3851 1514 3925 discrepat
1543 3869 1571 3905 a
1606 3853 1809 3924 populo
1831 3869 1960 3924 pon-

387 3942 542 4006 tifex,
575 3942 719 4012 quod
750 3941 1024 3998 condonet
1057 3960 1070 3998 :
1114 3941 1554 4016 quandoquidem
1592 3943 1710 4014 ipse
1749 3943 1804 3999 in
1836 3945 1959 4001 aliis

384 4049 497 4088 non
525 4034 680 4088 aliter
711 4048 776 4087 ac
805 4032 1022 4103 reliqui,
1052 4033 1365 4090 inﬁrmitate
1394 4033 1762 4094 circumfusus
1795 4036 1885 4092 sit.

466 4217 629 4275 Vens.
671 4220 726 4274 3.
765 4218 831 4276 Et
860 4229 1134 4290 propterea
1177 4220 1345 4287 debet,
1389 4221 1830 4292 quemadmodum
1863 4240 1958 4294 pro

389 4312 604 4379 populo,
646 4313 724 4364 ita
753 4313 913 4366 etiam
957 4323 1006 4366 et
1047 4329 1141 4381 pro
1171 4314 1338 4380 seipso
1368 4313 1554 4383 o/Ierre
1589 4330 1683 4383 pro
1705 4319 1956 4383 peccatis.

2050 484 2214 551 τικήν
2271 499 2392 536 τινα
2443 480 2744 550 φαντασίαν
2791 474 2905 549 εἶχε
2961 478 3023 532 τὸ
3077 481 3262 549 σχῆμα
3317 481 3416 548 τῆς
3457 479 3627 533 αὑτοῦ

2054 574 2380 645 ἱερωσύνης,
2429 569 2541 635 οἷον
2584 573 2863 640 κώδωνας,
2895 573 2992 626 καὶ
3017 571 3248 637 πέταλα,
3277 571 3412 626 ἀλλά
3447 573 3627 626 πάντα

2051 670 2453 737 πνευματικὰ),
2506 667 2802 734 καταλέγει
2846 667 3064 736 πρῶτον
3093 664 3130 718 ἃ
3168 664 3324 720 κοινά
3385 665 3499 717 ἐστι
3549 664 3628 734 τῷ

2050 759 2271 830 Χριστῷ
2296 758 2433 829 πρὸς
2453 759 2579 822 τοὺς
2606 758 2827 821 λοιποὺς
2849 757 3148 829 ἀρχιερεῖς,
3177 751 3299 808 εἶτα
3322 754 3504 826 τίθησι
3531 756 3630 809 καὶ

2051 851 2120 904 τὰ
2141 849 2422 920 ἐξαίρετα.-
2436 851 2570 904 Τότε
2595 849 2890 920 γάρδντως
2916 850 2950 918 ἡ
2980 847 3122 902 κατά
3147 847 3438 919 σύγκρισιν
3460 845 3630 917 ὑστερ-

2053 942 2154 1012 οχή
2195 958 2342 1005 τινος
2394 941 2633 1010 γίνεται,
2659 941 2787 994 ὅταν
2818 941 2876 996 ὲν
2907 941 3005 1010 μὲν
3039 942 3149 1005 τοῖς
3181 941 3435 1009 κοινωνῇ,
3482 940 3540 992 ὲν
3572 938 3630 990 δὲ

2051 1032 2162 1093 τοῖς
2193 1028 2467 1100 ὑπερέχῃ.
2492 1028 2566 1082 Τὸ
2593 1029 2774 1086 τοίνυν
2803 1028 2863 1094 ἐξ
2895 1027 3198 1100 ἀνθρώπων
3229 1027 3628 1098 λαμϐάνεσθαι,

2051 1122 2228 1177 κοινὸν
2258 1122 2335 1191 τῷ
2361 1121 2584 1193 Χριστῷ
2637 1121 2773 1196 πρὸς
2814 1121 2943 1184 τοὺς
2994 1121 3238 1184 λοιπούς.
3269 1121 3384 1175 Kai.
3408 1120 3631 1191 γὰρκαὶ

2050 1211 2211 1274 αὐτὸς
2270 1211 2555 1282 ἄνθρωπος
2583 1211 2680 1276 ὣν,
2737 1212 2963 1280 γέγονεν
3001 1211 3343 1282 Ἀρχιερεύς.
3398 1211 3506 1264 Καὶ
3567 1212 3629 1263 τὸ

2051 1303 2191 1374 ὑπὲρ
2251 1302 2556 1374 ἀνθρώπων
2619 1303 2980 1358 καθίστασθαι
3037 1304 3106 1360 τὰ
3159 1303 3297 1373 πρὸς
3338 1304 3428 1357 chr
3471 1301 3626 1366 Θεδν,

2050 1397 2320 1463 τουτέστι,
2359 1396 2687 1464 αεσιτεύειν,
2715 1397 2814 1450 καὶ
2845 1391 3004 1452 τοῦτο
3037 1395 3238 1452 κοινόν.

2124 1671 2248 1726 Ἵνα
2282 1669 2595 1739 προσφέρῃ
2617 1667 2776 1736 δῶρά
2803 1687 2866 1727 τε
2891 1671 2991 1725 καὶ
3009 1669 3228 1736 θυσίας
3256 1671 3411 1736 ὑπὲρ
3439 1670 3629 1739 ἀμαρ-

2053 1762 2214 1817 τιῶν.
2284 1763 2637 1834 Ἥρμήνευσε
2711 1764 2765 1818 τι
2843 1764 2961 1816 ἐστι
3043 1765 3104 1817 τὸ
3138 1803 3154 1829 ,
3227 1762 3628 1816 καθίστασθαι

2052 1855 2206 1923 ὑπὲρ
2250 1854 2578 1921 ἀνθρώπων
2617 1855 2767 1922 πρὸς
2833 1854 3002 1920 Θεὸν,
3038 1855 3098 1908 τδ
3131 1855 3272 1923 ὑπὲρ
3302 1853 3409 1906 τῶν
3443 1854 3628 1924 ἁμαρ-

2053 1947 2202 2012 τιῶν,
2245 1946 2435 2016 φησὶν,
2497 1945 2816 2000 ἱλάσκεσθαι
2857 1945 2948 2000 τδν
3008 1946 3164 1999 Θεόν.
3211 1947 3320 1998 Καὶ
3379 1945 3540 2000 τοῦτο
3569 1945 3631 2000 δὲ

2053 2038 2235 2094 κοινὸν
2259 2037 2338 2107 τῷ
2360 2037 2585 2110 Χριστῷ
2610 2037 2746 2108 πρὸς
2777 2037 2906 2100 τοὺς
2939 2036 3155 2101 ἄλλους·
3187 2036 3329 2104 πλὴν
3359 2037 3458 2107 οὐχ
3483 2037 3628 2090 ὅλον·
3675 2067 3688 2079 -

2054 2131 2213 2195 αὐτὸς
2244 2130 2341 2202 μὲν
2388 2129 2498 2200 γὰρ
2523 2129 2721 2183 ἑαυτὸν
2749 2130 3152 2202 προσήνεγκεν·
3182 2131 3383 2183 ἰκτῖνοι
3415 2128 3472 2182 δὲ
3492 2127 3629 2184 ἀλλα

2052 2223 2192 2277 τινά.
2234 2221 2416 2292 Δῶρον
2441 2221 2498 2274 δὲ
2535 2221 2631 2275 καὶ
2663 2220 2824 2274 θυσία
2856 2221 2974 2285 πῶς
3004 2221 3147 2275 κατά
3176 2221 3275 2290 μὲν
3302 2221 3397 2273 τὸν
3421 2220 3627 2292 ἀκριδῆ

2053 2315 2209 2384 λόγον
2265 2313 2613 2384 διαφέρουσι,
2671 2313 2825 2384 παρὰ
2869 2313 2926 2366 δὲ
2968 2316 3036 2384 τῇ
3083 2314 3273 2384 Γραφῇ
3321 2313 3631 2386 ἀδιαφόρως

2054 2410 2285 2471 κεῖνται,
2319 2404 2538 2477 μαθήσῃ
2562 2404 2880 2475 κατωτέρω.

2124 2496 2551 2567 Μετριοπαθεῖν
2604 2496 2945 2566 δυνάμενος
2995 2496 3123 2564 τοῖς
3177 2499 3469 2568 ἀγνοοῦσι
3526 2501 3625 2555 καὶ

2054 2592 2488 2660 πλανωμένοις.
2539 2591 2804 2645 Τουτέστι
2867 2595 3232 2663 συμμετρεῖν,
3296 2596 3628 2663 συμπαθεῖν,

2055 2683 2529 2750 συγκαταϐαίνειν,
2578 2683 2675 2735 καὶ
2721 2683 3120 2752 συγγινώσκειν
3150 2687 3263 2747 τοῖς
3296 2685 3354 2749 ἔξ
3405 2687 3631 2754 ἀγνοίας

2055 2775 2478 2845 ἁμαρτάνουσιν.
2509 2774 2652 2844 Ὅρα
2681 2773 2739 2827 δὲ
2772 2775 2856 2828 δτι
2913 2775 3020 2828 πᾶν
3079 2776 3385 2847 ἁμάρτημα
3435 2778 3630 2846 ἀγνοια

2056 2863 2151 2916 καὶ
2173 2863 2350 2931 πλάνη
2372 2864 2556 2934 γεννᾷ.
2585 2863 2704 2917 Κᾶν
2726 2863 2834 2933 γὰρ
2856 2863 2986 2936 δοκῇ
3017 2883 3102 2929 τις
3124 2866 3324 2920 ειδέναι
3351 2867 3412 2920 τὸ
3436 2867 3626 2931 κακὸν,

2057 2954 2171 3008 ἀλλ’
2200 2953 2294 3014 οὖν
2323 2957 2380 3007 ὲν
2419 2954 2498 3026 τῷ
2532 2955 2634 3024 τῆς
2659 2957 2914 3025 πράξεως
2983 2957 3162 3028 καιρῷ
3221 2958 3624 3029 σκοτιζόμενος,

2061 3046 2285 3115 ἄγνοιαν
2314 3049 2409 3103 καὶ
2434 3047 2640 3118 πλάνην
2665 3050 2832 3115 νοσεῖ,
2857 3047 2936 3120 τῷ
2965 3047 3094 3120 λείῳ
3121 3051 3221 3120 τῆς
3249 3051 3442 3122 ἡδονῆς
3461 3068 3633 3106 καταο

2061 3154 2168 3208 κρη
2177 3136 2518 3209 μνιζόμενος.

2147 3321 2305 3375 Ἐπεὶ
2343 3321 2442 3376 καὶ
2470 3321 2656 3387 αὐτὸς
2677 3323 3000 3392 περίκειται
3027 3324 3140 3392 τὴν
3179 3324 3522 3380 ἀσθένειαν.
3569 3325 3634 3380 ’11

2061 3413 2159 3484 μὲν
2214 3413 2560 3485 ἁπλουστέρα
2613 3413 2828 3485 ἐκδοχὴ.
2861 3410 3016 3485 οἶμαι
3052 3415 3107 3471 δὲ
3149 3417 3245 3470 καὶ
3268 3417 3631 3489 ἀληθεστέρα,

2058 3504 2198 3576 αὕτη
2225 3504 2395 3571 ἐστὶν,
2441 3505 2522 3560 ὅτι
2550 3504 2640 3560 διὰ
2660 3505 2818 3560 τοῦτο
2853 3508 3211 3578 μετριοπαθεί
3243 3511 3271 3563 ὁ
3318 3509 3637 3580 Ἀρχιερεὺς

2056 3597 2171 3658 τοῖς
2192 3594 2469 3664 ἀγνοοῦσι,
2489 3595 2756 3651 διότικαὶ
2780 3597 2944 3660 αὐτὸς
2973 3597 3266 3652 ἀσθένειαν
3295 3601 3635 3668 περίκειται,

2058 3683 2152 3736 καὶ
2187 3683 2341 3746 εἰδὼς
2374 3685 2435 3736 τὸ
2463 3684 2662 3756 μέτρον
2687 3685 2786 3754 τῆς
2824 3685 3177 3757 ἀνθρωπίνης
3221 3686 3510 3749 ἀσθενείας
3549 3687 3636 3754 ἐφ’

2067 3773 2269 3844 ἑαυτῷ,
2315 3776 2602 3846 ὲπιμετρεῖ
2623 3777 2716 3828 καὶ
2744 3775 2844 3845 τὴν
2865 3778 3201 3848 συγγνώμην
3222 3794 3235 3808 ⁸
3271 3779 3415 3841 τινὲς
3448 3780 3638 3848 μέντοι

2058 3867 2231 3930 οὕτως
2288 3865 2626 3935 ἐξεδέξαντοο
2659 3868 2740 3921 ὅτι
2763 3867 3019 3938 ἐντούτῳ
3063 3869 3212 3939 μόνῳ
3263 3870 3510 3940 διαφέρει
3539 3871 3636 3924 τοῦ

2059 3958 2189 4013 λαοῦ
2219 3961 2246 4011 ὁ
2287 3960 2601 4030 ἀρχιερεὺς,
2643 3961 2701 4016 ὲν
2724 3959 2803 4028 τῷ
2837 3959 3238 4028 συγγινώσκειν
3263 3978 3278 3992 ·
3319 3965 3444 4016 Επεὶ
3499 3964 3635 4030 τάγε

2060 4050 2196 4104 ἄλλα
2244 4051 2337 4107 καὶ
2383 4051 2543 4116 αὐτὸς
2591 4050 2878 4107 ἀσθένειαν
2903 4051 3034 4116 ἴσως
3062 4054 3175 4116 τοῖς
3224 4053 3441 4116 πολλοῖς
3474 4054 3636 4125 περί-

2061 4158 2260 4195 κειται.

2132 4233 2241 4286 Καὶ
2273 4233 2369 4290 διὰ
2388 4235 2614 4300 ταύτην
2646 4234 2895 4308 ὀφείλει,
2931 4235 3128 4302 καθὼς
3159 4236 3293 4304 περὶ
3321 4238 3429 4291 τοῦ
3456 4237 3634 4300 λαοῦ,

2063 4323 2215 4377 οὕτω
2237 4323 2336 4377 καὶ
2365 4323 2498 4392 περὶ
2522 4323 2743 4380 ἑαυτοῦ
2762 4325 3131 4395 προσφέρειν
3147 4327 3300 4397 ὑπὲρ
3317 4328 3635 4398 ἁμαρτιῶν.

391 4405 516 4455 [nec
547 4403 730 4455 omnia
759 4419 867 4457 non
901 4404 1066 4463 habet
1087 4404 1398 4458 communia
1437 4404 1688 4462 Christus
1714 4423 1838 4463 cum
1870 4423 1958 4464 re-

2070 4413 2254 4466 Ταῦτα
2303 4414 2482 4468 πάντα
2525 4414 2711 4467 οὐκέτι
2767 4417 2924 4470 κοινά
2964 4417 3044 4486 τῷ
3073 4417 3296 4489 Χριστῷ
3334 4419 3469 4489 πρὸς
3511 4421 3639 4482 τοὺς

390 4494 576 4562 liquis,
609 4509 794 4548 verum
827 4496 883 4548 in
918 4495 1004 4550 his
1034 4496 1272 4550 excellit.
1298 4495 1486 4569 Neque
1513 4500 1661 4554 enim
1695 4499 1964 4556 Dominus

390 4591 738 4650 peccatorum
773 4582 1143 4640 inﬁrmitatem
1169 4585 1425 4652 habebat,
1453 4603 1630 4658 neque
1657 4604 1758 4660 pro
1779 4590 1963 4660 seipso

394 4672 614 4738 obtulit,
643 4672 739 4727 sed
771 4688 873 4743 pro
912 4674 1138 4748 reliquis
1166 4675 1502 4736 hominibus.

466 4854 634 4912 Vens.
664 4857 718 4912 ι.
764 4857 875 4914 Nec
913 4876 1188 4932 quisquam
1221 4865 1382 4919 sumit
1427 4865 1527 4920 sibi
1560 4866 1831 4930 honorem,
1872 4867 1964 4922 sed

394 4949 483 5018 qui
515 4959 733 5004 vocatur
759 4968 792 5004 a
826 4951 959 5006 Deo.
994 4954 1152 5009 Aliud
1181 4957 1458 5025 pontilicis
1495 4956 1756 5012 indicium
1785 4959 1960 5028 ponit,

393 5041 536 5109 quod
571 5055 823 5110 peraeque
867 5041 1086 5098 Christo
1127 5046 1402 5113 convenit,
1436 5060 1632 5116 nempe
1677 5048 1823 5118 quod
1855 5065 1965 5106 non

393 5133 509 5201 ipse
535 5131 600 5185 ad
629 5120 1001 5201 pontiﬁcatum
1027 5135 1255 5202 assiliat,
1279 5138 1371 5193 sed
1407 5145 1631 5192 vocetur
1653 5154 1681 5192 a
1715 5138 1842 5204 Deo,
1878 5151 1965 5194 at-

393 5240 497 5291 que
528 5224 602 5276 ita
631 5227 923 5296 acceperit.
956 5225 1285 5298 Pcrstringit
1320 5236 1503 5282 autem
1540 5229 1628 5284 hic
1653 5229 1962 5288 Judaeorutn

393 5321 508 5366 tum
542 5316 801 5384 temporis
832 5316 1135 5385 pontiﬁces,
1165 5319 1254 5386 qui
1281 5319 1381 5388 ipsi
1429 5320 1749 5376 assiliebant
1778 5322 1843 5378 ad
1864 5326 1966 5378 ho-

393 5417 615 5468 norem,
653 5407 958 5473 emptitium
1010 5407 1170 5462 istum
1217 5409 1580 5479 possidentes,
1629 5413 1798 5483 legem
1845 5429 1965 5472 cor-

395 5503 728 5561 rumpentes.

453 5580 903 5645 Quemadmodum
926 5595 973 5640 et
997 5588 1199 5645 Aaron.
1225 5588 1437 5647 Etenim
1471 5593 1652 5650 Aaron
1671 5596 1906 5666 primum
1933 5614 1963 5654 a

397 5670 510 5726 Deo
532 5689 628 5742 per
664 5675 846 5731 Mosen
874 5689 1119 5745 vocatus,
1157 5683 1236 5736 sic
1259 5682 1480 5739 functus
1510 5695 1597 5742 est
1627 5689 1957 5758 sacerdotio,

2064 4504 2304 4570 λοιποὺς,
2345 4504 2458 4559 ἀλλ’
2490 4508 2546 4559 ὲν
2581 4507 2790 4571 τούτοις
2841 4509 3120 4581 ὑπερέχει.
3167 4510 3302 4566 Οὔτε
3331 4512 3440 4583 γὰρ
3470 4513 3632 4566 ἀσθέ-

2065 4612 2213 4651 νειαν
2258 4592 2404 4667 εῖχεν
2422 4599 2450 4650 ὁ
2471 4597 2697 4668 Κύριος,
2726 4599 2828 4666 τὴν
2873 4599 2982 4654 τῶν
3009 4602 3315 4671 ἁμαρτιῶν.
3342 4601 3466 4656 οὔτε
3500 4604 3640 4674 ὑπὲρ

2065 4687 2259 4742 ἑαυτοῦ
2304 4690 2700 4761 προσήνεγκεν,
2761 4689 2878 4744 ἀλλ’
2939 4692 3081 4762 ὑπὲρ
3131 4690 3240 4747 τῶν
3288 4693 3493 4748 λοιπῶν
3541 4696 3644 4749 ἁνι-

2067 4779 2321 4850 θρώπων.

2136 4872 2246 4927 Καὶ
2279 4875 2392 4942 οὐχ
2427 4873 2618 4940 ἑαυτῷ
2645 4892 2734 4942 τις
2762 4877 3051 4946 λαμϐάνει
3102 4878 3217 4945 τὴν
3242 4879 3423 4947 τιμὴν
3444 4921 3458 4940 ,
3479 4879 3642 4933 ἀλλὰ

2065 4966 2098 5018 ό
2131 4967 2506 5035 καλούμενος
2567 4969 2686 5026 ὑπὸ
2741 4970 2850 5024 τοῦ
2901 4972 3074 5027 Θεοῦ.
3128 4973 3241 5026 Καὶ
3277 4973 3468 5043 ἕτερον
3495 4972 3642 5039 γνώι

2070 5071 2240 5126 ρισμα
2292 5056 2504 5127 τίθησιν
2551 5059 2853 5128 ἀρχιερέως
2884 5101 2898 5126 ,
2943 5063 3351 5132 ἐμφαινόμενον
3401 5063 3493 5115 καὶ
3561 5061 3642 5129 τῷ

2066 5146 2310 5216 Χριστῷ,
2346 5147 2424 5211 τὸ,
2460 5148 2535 5218 μὴ
2565 5149 2757 5205 ἑαυτὸν
2777 5151 3048 5222 ἑπιπηδᾷν
3077 5156 3144 5224 τῇ
3177 5153 3466 5224 ἱερωσύνῃ,
3501 5151 3647 5205 ἀλλὰ

2066 5237 2400 5309 καλούμενον
2431 5241 2534 5293 ὑπὸ
2563 5239 2655 5294 τοῦ
2686 5241 2843 5308 Θεοῦ,
2875 5243 3017 5298 οὕτω
3038 5245 3242 5314 ταύτην
3261 5245 3644 5313 ἀναδέχεσθαι.

2066 5327 2372 5382 Αῑνίττεται
2410 5330 2467 5383 δὲ
2503 5330 2738 5388 ἐνταῦθα
2764 5335 2892 5396 τοὺς
2912 5337 3036 5387 τότε
3069 5337 3345 5407 ἀρχιερεῖς
3366 5336 3477 5391 τῶν
3511 5338 3644 5389 ἰου-

2066 5417 2253 5484 δαίων,
2275 5421 2324 5473 οἳ
2354 5422 2644 5493 ἐπεπήδων
2669 5425 2736 5494 τῇ
2767 5429 2924 5495 τιμῇ,
2951 5427 3167 5497 ὠνητὴν
3195 5427 3402 5498 ταύτην
3428 5424 3653 5496 κτώμεο

2068 5526 2169 5576 νοι,
2205 5511 2411 5566 καὶτὸν
2435 5513 2599 5584 νόμον
2626 5514 3052 5585 διαφθείροντες.

2137 5600 2414 5670 Καθάπερ
2436 5602 2534 5656 καὶ
2572 5603 2815 5672 Ἀαρών.
2848 5608 2958 5660 Καὶ
2981 5607 3090 5676 γὰρ
3135 5607 3347 5677 Ἀαρὼν
3383 5607 3501 5660 κατ’
3535 5611 3656 5677 ἁρ-

2067 5693 2166 5762 χάς
2197 5691 2302 5745 ὑπὸ
2328 5691 2463 5747 Θεοῦ
2481 5694 2568 5749 διὰ
2603 5695 2842 5762 Μωσέως
2862 5699 3103 5769 κληθεὶς,
3136 5699 3311 5766 οὕτως
3336 5699 3659 5773 ιερεύοατο,
