4014 6208
393 456 498 524 ειι

1146 458 1552 521 EXPOSITIO
1586 460 1663 521 IN
1691 458 1929 521 EPIST.
1960 460 2061 521 AD
2092 458 2487 527 HEBREOS.
2511 488 2583 500 -
2614 454 2772 525 CAP.
2810 467 2879 528 V.

3557 475 3666 539 249.

390 570 494 624 οὒκ
530 569 696 632 αὐτὸς
746 568 1114 640 ἐπιπηδήσας.
1164 568 1273 624 Καὶ
1304 565 1371 625 αὖ
1391 568 1484 625 ὅτε
1516 572 1557 642 ἡ
1588 570 1785 643 ῥάϐδος
1817 572 1978 627 e616-

2092 588 2264 642 neque
2286 575 2404 643 ipse
2436 574 2654 630 assiliit.
2686 576 2764 631 Ae
2797 584 2994 633 rursus
3025 578 3245 649 quando
3270 580 3419 654 virga
3461 584 3663 645 llornit.

394 677 620 731 στησεν,
656 660 875 731 ἐδείχθη
896 662 979 715 ὅτι
1009 661 1412 733 Θεοπρόόλητος
1426 659 1515 735 ἦν·
1553 666 1649 718 καὶ
1675 665 1764 718 ὅτε
1789 663 1851 719 τὸ
1869 663 1978 735 πῦρ

389 755 677 822 κατέφαγε
711 754 837 816 τοὺς
862 753 1312 824 ἐπιπηδήσαντας
1334 751 1402 828 τῇ
1428 755 1728 833 ἱερωσύνῃ.

468 937 636 990 Οὕτω
665 934 766 991 καί
791 940 825 991 ό
850 934 1134 1005 Χριστὸς,
1165 939 1280 1007 οὐχ
1315 938 1538 996 ἑαυτὸν
1601 940 1860 1007 ἐδόξασε
1891 959 1982 1012 γε·

387 1028 657 1097 νηθῆναι
698 1030 1022 1099 Ἀρχεερέα,
1049 1030 1188 1084 ἀλλ’
1218 1034 1253 1085 ό
1276 1032 1562 1100 λαλήσας
1595 1034 1748 1103 πρὸς
1768 1037 1977 1090 αὐτόν’

389 1127 524 1186 Υἱός
543 1144 662 1195 μου
694 1122 869 1189 eiut,
892 1125 1007 1196 ἐγὼ
1054 1126 1325 1196 σήμερον
1373 1128 1703 1198 γεγέννηκά
1733 1145 1826 1184 σε.
1863 1132 1980 1184 Κα-

391 1219 510 1284 θὼς
536 1219 632 1272 καί
661 1219 733 1272 ἐν
760 1218 944 1288 ἑτέρῳ
982 1217 1169 1285 λέγει’
1204 1219 1290 1273 Σὺ
1326 1221 1519 1289 ἱερεὺς
1543 1222 1633 1288 εις
1659 1221 1768 1276 τὸν
1795 1222 1981 1279 αἰῶνα

387 1310 547 1366 πατὰ
612 1311 731 1377 τὴν
790 1310 970 1376 τάξιν
1028 1311 1430 1380 Μελχισεδέκ.
1463 1310 1644 1384 Ὅπερ
1684 1311 1713 1366 6
1742 1314 1981 1386 Χριστὸς

389 1400 675 1473 παντρχοῦ
719 1400 931 1470 ἔλεγεν,
988 1403 1074 1456 ὅτι
1118 1402 1500 1471 Ἀπεστάιιην
1527 1407 1688 1474 παρὰ
1714 1403 1824 1461 τοῦ
1860 1411 1979 1461 Πα-

386 1495 558 1561 τρός,
590 1495 682 1548 καὶ
703 1493 800 1548 ἀπ’
828 1492 1069 1565 ἐμαυτοῦ
1099 1495 1202 1550 οὐκ
1225 1494 1481 1568 ἐλήλυθα,
1517 1497 1679 1552 τοῦτο
1709 1500 1805 1553 καὶ
1830 1499 1980 1554 Παῦ-

388 1588 483 1650 λος
517 1586 615 1638 νῦν
664 1586 960 1650 δείκνυσιν,
1015 1587 1097 1641 ὅτι
1126 1588 1237 1642 ἀπὸ
1269 1586 1408 1642 Θεοῦ
1446 1589 1808 1657 ἀπέσταλται,
1881 1593 1979 1645 καὶ

388 1679 497 1733 οὐκ
550 1678 715 1742 αὐτὸς
772 1678 1028 1744 ἐδόξασεν
1088 1679 1274 1744 αὐτὸν,
1324 1680 1444 1734 ἀλλ’
1471 1682 1500 1735 6
1529 1681 1775 1754 λαλήσας
1836 1683 1975 1754 πρὸς

390 1768 586 1834 αὐτὸν,
619 1767 920 1831 τουτέστιν,
955 1758 1164 1832 ἐκεῖνος
1189 1767 1444 1833 ἐδόξασεν
1467 1770 1652 1822 αῶτόνο
1683 1769 1847 1822 τοῦτο
1869 1772 1980 1840 γὰρ

391 1860 550 1926 δέξαι
579 1859 719 1912 κατά
757 1858 965 1914 κοινοῦ.
1013 1852 1165 1914 Ἐπεὶ
1193 1859 1293 1914 οῦν
1315 1863 1347 1915 ό
1378 1861 1518 1932 μετά
1560 1856 1774 1932 Ἃαρὼν
1807 1861 1979 1915 πολλὰ

2089 674 2585 720 eommonstratum
2631 677 2719 723 est
2757 669 2904 739 quod
2957 664 3229 727 divinitus
3266 674 3471 730 missus
3500 685 3663 733 erat:

2086 766 2141 810 et
2171 757 2394 825 quando
2427 756 2571 828 ignis
2606 758 2891 816 devoravit
2918 776 3017 817 eos
3053 764 3146 832 qui
3174 766 3542 821 sacerdotium
3574 785 3670 839 per

2089 864 2150 904 se
2190 848 2543 905 invasissent.
2960 876 2966 882 ί

2159 939 2325 995 Vens.
2351 942 2406 1003 5.
2439 942 2491 997 6.
2535 943 2625 997 Sic
2660 953 2711 997 et
2749 943 2993 999 Christus
3020 958 3124 1002 non
3147 948 3376 1015 seipsum
3399 950 3670 1021 glori/ica-

2087 1028 2160 1082 oit
2185 1038 2244 1083 ut
2264 1032 2411 1098 ﬁeret
2445 1030 2717 1102 Pontifex,
2746 1034 2839 1088 sed
2873 1037 2963 1105 qui
2986 1035 3196 1091 locutus
3230 1047 3308 1092 est
3348 1041 3417 1093 ad
3442 1042 3612 1109 ipsum
3648 1059 3668 1096 :

2088 1118 2263 1176 Fih'tta
2294 1137 2437 1178 meus
2463 1139 2518 1180 es
2574 1136 2652 1190 tu,
2676 1142 2770 1198 ego
2812 1127 2968 1182 hodie
2994 1131 3151 1199 genui
3202 1136 3271 1187 te‘.
3311 1131 3668 1199 Quemadmo-

2086 1212 2215 1268 dum
2243 1223 2294 1269 et
2322 1216 2379 1269 in
2410 1215 2577 1288 6³17
2608 1219 2718 1273 alio
2755 1221 2871 1274 loco
2912 1222 3041 1275 dicit
3077 1239 3095 1277 :
3134 1222 3210 1278 Tu
3248 1242 3301 1279 es
3333 1225 3591 1282 Sacerdos
3617 1229 3668 1282 in

2088 1316 2346 1362 retentum
2403 1309 2690 1364 secundum
2766 1314 3005 1368 ordinem
3080 1314 3449 1373 Melchisedec.
3512 1319 3668 1386 Quod

2086 1399 2338 1455 Christus
2370 1402 2573 1471 passim
2598 1403 2816 1460 dicebat
2848 1405 3089 1462 :Misstts
3123 1424 3241 1461 sum
3273 1425 3306 1462 a
3344 1409 3528 1475 Patre,
3562 1421 3615 1465 et
3639 1429 3667 1465 a

2087 1492 2300 1563 meipso
2336 1508 2443 1549 non
2478 1497 2626 1563 veni,
2658 1497 2763 1552 hoc
2784 1505 2838 1553 et
2863 1496 3066 1554 Paulus
3097 1510 3243 1554 tmuc
3266 1501 3490 1567 iudiCat,
3523 1508 3668 1572 quod

2086 1596 2117 1636 ο
2150 1581 2260 1637 Deo
2284 1584 2488 1641 missus
2511 1585 2581 1639 sit
2608 1601 2622 1639 :
2656 1601 2757 1641 nec
2785 1587 2902 1656 ipse
2928 1588 3250 1657 gloriﬁcavit
3280 1592 3543 1661 seipsum,
3573 1593 3667 1648 sed

2086 1674 2180 1744 qui
2212 1670 2428 1733 locutus
2482 1686 2566 1733 est
2616 1678 2682 1733 ad
2710 1694 2874 1745 eum,
2926 1681 3029 1734 hoc
3073 1690 3176 1747 est,
3221 1681 3312 1737 ille
3348 1685 3669 1752 glorificarit

2085 1778 2211 1821 eum
2251 1784 2265 1821 :
2304 1769 2411 1824 hoc
2435 1770 2581 1824 enim
2615 1779 2700 1826 est
2722 1775 3100 1842 repetendum.
3126 1773 3265 1841 Quia
3294 1776 3459 1847 igitur
3486 1782 3667 1832 Aaron

2087 1858 2258 1913 multa
2291 1857 2497 1915 indicia
2545 1860 2831 1917 sensibilia
2872 1864 3106 1920 habebat
3138 1866 3287 1936 quod
3321 1878 3347 1921 ο
3398 1870 3506 1924 Deo
3537 1870 3671 1925 mis-

390 1951 677 2023 τεκμήρια
700 1949 940 2020 αίσθητα
955 1946 1072 2021 εἶχε
1102 1950 1202 2004 τοῦ
1219 1951 1619 2023 Θεοπρόσλητος
1649 1947 1815 2019 εἶναι,
1846 1951 1982 2006 καθὸ

2092 1960 2178 2003 sus
2206 1958 2380 2016 esset,
2405 1957 2464 2005 ut
2490 1951 2696 2008 dictum
2724 1960 2833 2019 est,
2861 1954 3120 2012 Christus
3149 1966 3332 2013 autem
3372 1960 3510 2015 nihil
3542 1975 3669 2017 sen-

392 2044 748 2114 προείρηται,
780 2042 809 2094 6
829 2042 889 2096 δὲ
912 2042 1149 2112 Χριστὸς
1181 2040 1336 2096 οὐδὲν
1362 2036 1644 2113 αἰσθητὸν,
1670 2043 1808 2097 ἀλλὰ
1841 2041 1981 2114 μᾶλ-

394 2138 491 2191 λον
511 2138 607 2190 καὶ
635 2137 685 2189 οἱ
718 2134 1138 2192 ἐναντιωθέντες
1178 2132 1349 2204 αὐτῷ,
1409 2136 1503 2188 καὶ
1532 2133 1979 2199 ἀποκτείναντες,

402 2230 541 2293 τέως
587 2227 936 2298 εὐδοκίμουν,
980 2227 1075 2279 καὶ
1106 2226 1285 2281 πάντα
1317 2222 1457 2299 ἦγον
1490 2228 1586 2281 καὶ
1616 2227 1834 2299 ἔφερον,
1873 2227 1985 2280 δει-

403 2337 563 2374 κνυσι
603 2320 667 2374 τὸ
706 2319 916 2390 μεῖζον,
980 2318 1093 2372 ἀπὸ
1132 2318 1476 2391 προφητείας
1532 2317 1984 2390 μαρτυρούμενον

395 2412 564 2467 αὐτὸν
584 2413 669 2467 ὅτι
706 2408 1108 2481 Θεοπριίσλητός
1164 2412 1304 2466 ἐστι.
1373 2412 1532 2464 Δοκεῖ
1547 2411 1605 2463 δὲ
1638 2411 1984 2481 ἀνάρμοστος

393 2500 541 2558 εἶναι
572 2500 611 2574 ἡ
636 2503 703 2556 ὲκ
733 2500 829 2555 τοῦ
870 2500 1130 2571 δευτέρου
1156 2498 1375 2570 ψαλμοῦ
1406 2497 1719 2570 προφητεία
1742 2497 1894 2570 ’πρὸς
1924 2496 1983 2549 τὸ

393 2594 786 2667 προκείμενον.
844 2592 1145 2665 Προῦκειτο
1203 2591 1305 2663 μὲν
1335 2592 1446 2662 γὰρ
1499 2589 1774 2662 δήπουθεν
1844 2591 1982 2643 ἀπο-

392 2682 679 2759 δειχθῆναι
711 2683 1111 2757 θεοπρόόλητον
1136 2681 1404 2755 ἀρχιερέα
1432 2681 1529 2736 τὸν
1557 2683 1820 2755 Χριστὸν,
1844 2681 1981 2754 αῦτη

394 2782 459 2837 δ’
487 2781 523 2851 ἡ
551 2779 827 2851 μαρτυρία
849 2779 911 2832 τὸ
940 2780 1005 2832 ὲκ
1033 2774 1129 2831 τοῦ
1176 2775 1389 2847 Πατρδς
1418 2772 1780 2845 γεγεννῆσθαι
1809 2774 1981 2844 δηλοῖ.

394 2871 661 2926 Μάλιστα
713 2870 814 2941 μὲν
862 2863 982 2932 οῦν,
1019 2864 1203 2921 καὶτὸ
1244 2865 1355 2919 ὕπὸ
1391 2864 1529 2918 Θεοῦ
1597 2863 1982 2933 γεγεννῆσθαι,

396 2963 828 3035 προκατασκευή
885 2964 1003 3015 ἐστι
1053 2958 1150 3013 τοῦ
1184 2958 1295 3013 ὑπὸ
1341 2957 1481 3012 Θεοῦ
1514 2958 1981 3029 χειροτονηθῆναι.

400 3055 643 3110 Ἔπειτα
672 3056 770 3109 καὶ
793 3054 910 3109 τόδε
935 3051 1319 3122 προσλογίζου,
1362 3052 1446 3105 ὅτι
1479 3050 1665 3122 ἐπειδὴ
1700 3051 1794 3104 καὶ
1822 3052 1881 3104 ὲν
1906 3049 1985 3121 τῷ

398 3142 690 3219 ἑκατοστῷ
723 3147 931 3217 ὲννάτῳ
947 3144 1164 3215 Ψαλμῷ
1185 3144 1429 3215 είρηκενο
1447 3143 1551 3197 Ἐκ
1582 3142 1844 3213 γαστρὸς
1869 3142 1984 3211 πρὸ

408 3242 763 3311 Ἐωσςοόρσυ
790 3235 1126 3312 γεγέννηκὰ
1167 3250 1263 3291 σε.
1303 3228 1438 3291 Είτα
1472 3236 1611 3308 μετὰ
1643 3235 1821 3308 βραχὺ
1846 3238 1983 3307 ἔπη·

396 3349 569 3406 γαγε’
624 3333 712 3389 Σὺ
762 3333 957 3402 ιερεὺς
998 3334 1087 3397 εὶς
1134 3329 1243 3384 τὸν
1299 3327 1486 3383 αὶῶνα
1512 3328 1663 3384 κατὰ
1683 3329 1799 3396 τὴν
1813 3328 1990 3394 τάξιν

399 3423 782 3497 Μελχισεδέκ
802 3441 815 3455 '
848 3424 1063 3496 ἥνωσεν
1104 3423 1132 3476 6
1171 3420 1386 3484 Παῦλος
1429 3420 1666 3475 ἐνταῦθα
1694 3421 1762 3475 τὰ
1787 3421 1846 3474 ὲν
1876 3422 1987 3491 ἀμ-

399 3518 659 3590 φοτέροις
711 3519 827 3580 τοῖς
872 3516 1113 3587 ψαλμοῖς
1184 3514 1312 3587 περὶ
1354 3517 1666 3585 γεννήσεως
1693 3514 1984 3585 λεγόμενα,

397 3611 612 3667 ὡσανεὶ
652 3605 816 3663 τοῦτο
862 3607 1070 3677 λέγων’
1107 3605 1201 3678 Μὴ
1232 3605 1512 3679 ὑπολάϐῃς
1543 3606 1626 3658 ὅτι
1661 3606 1792 3677 περὶ
1826 3603 1988 3658 ἀλλου

396 3705 547 3768 τινος
568 3698 790 3772 λέγεται
815 3700 895 3762 to.
931 3700 1016 3755 Σὺ
1042 3698 1255 3769 Ἶερεὺς
1278 3699 1331 3752 εί
1372 3700 1460 3765 εὶς
1488 3699 1597 3753 τὸν
1638 3695 1844 3762 αἰῶνα,
1874 3695 1989 3751 ἀλλ’

399 3798 436 3869 ἢ
463 3792 708 3868 περὶτοῦ
739 3793 1095 3865 γεννηθέντος
1125 3791 1231 3861 πρὸ
1261 3789 1600 3863 Ἑωσφόρου·
1630 3783 1787 3854 οὗτος
1812 3789 1869 3843 δὲ
1889 3788 1991 3843 οὐκ

400 3890 568 3954 ἄλλος
627 3889 802 3955 ἐστὶν,
828 3887 863 3959 ἢ
892 3886 921 3939 ό
947 3886 1007 3939 ὲν
1034 3882 1114 3954 τῷ
1140 3881 1382 3953 δευτιρῳ
1445 3880 1652 3952 ψαλμῷ
1694 3880 1992 3952 λεγόμενος

401 3982 677 4051 σήμερον
704 3977 1091 4051 τεννηθῆναι’
1141 3974 1203 4029 τό
1222 3991 1280 4028 τε
1307 3973 1439 4045 γὰρ,
1469 3973 1584 4042 πρὸ
1624 3973 1989 4043 Ἑωσφόρου,

399 4077 469 4129 τ),
499 4075 726 4145 ἄχρονον
757 4070 911 4143 δηλοῖ
933 4087 947 4102 ο
997 4069 1094 4123 καὶ
1121 4067 1203 4133 τδ,
1246 4064 1536 4136 σήμερον,
1568 4065 1629 4119 τὸ
1660 4064 1758 4120 ἀπ’
1792 4063 1986 4136 ἀρχῆς,

400 4166 679 4231 τουτέστι,
738 4163 834 4235 ἀφ’
864 4152 929 4216 οῦ
956 4158 988 4212 6
1014 4160 1229 4231 Πατήρ.
1277 4156 1338 4212 '0
1378 4156 1436 4211 δὲ
1464 4157 1719 4230 δεύτερος
1775 4156 1992 4228 eurus;

403 4258 674 4329 πρόδηλον
713 4258 794 4312 ὅτι
850 4255 1031 4310 πάντα
1081 4252 1163 4317 εἰς
1222 4251 1463 4322 Χριστὸν
1507 4249 1795 4320 ἀναφέρει.
1853 4249 1992 4321 Περὶ

400 4352 647 4423 Χριστοῦ
672 4351 782 4422 ἀρα
811 4347 1003 4413 καὶτὸ,
1032 4345 1115 4401 Σὺ
1151 4344 1376 4415 ’Ῑερεὺς
1409 4344 1496 4411 εις
1527 4342 1637 4397 τὸν
1660 4340 1867 4398 αἰῶνα.
1902 4340 1993 4394 Εἰ-

398 4447 673 4503 πάτωσαν
708 4445 768 4497 δι
807 4441 1074 4506 Ἰουδαῖοι,
1141 4438 1226 4502 τίς
1260 4436 1449 4508 ἔτερος
1478 4436 1661 4508 ἱερεὺς
1717 4433 1863 4489 κατὰ
1892 4433 1991 4506 τὴν

399 4536 568 4602 τάξιν
593 4531 933 4605 Μελχισεδὲκ
959 4530 1201 4599 ἐγένετο,
1226 4527 1275 4581 εί
1306 4526 1424 4599 μὴὸ
1440 4526 1697 4598 Χριστός.
1749 4526 1825 4580 Οὐ
1848 4520 1989 4580 πάν-

397 4646 499 4694 τες
528 4627 634 4682 ὑπὸ
658 4626 824 4695 νόμον
842 4619 985 4696 ἦσαν
1006 4639 1020 4683 ;
1055 4621 1131 4676 Οὐ
1150 4619 1351 4684 πάντες
1383 4616 1746 4682 ὲσαῦϐἀτιζον
1777 4614 1991 4682 καὶτὰς
2016 4639 2062 4698 C

399 4720 602 4782 θυσίας
654 4716 1037 4790 προσέφερονς
1080 4712 1468 4786 Προδηλότατα
1517 4708 1613 4766 οὖν
1642 4712 1724 4775 εἰς
1754 4709 1993 4782 Χριστὸν

400 4810 592 4866 ταῦτα
644 4808 886 4879 εἴρηται,
923 4809 1082 4879 μόνος
1102 4806 1213 4878 γὰρ
1247 4802 1403 4867 οὗτος
1434 4804 1587 4877 ἄρτῳ
1609 4804 1706 4857 καὶ
1734 4802 1862 4875 οϊνῳ
1893 4805 1993 4873 τὴν

405 4904 605 4956 θυσίαν
641 4899 1026 4971 ἀφωσιώσατο,
1064 4898 1138 4963 ὡς
1177 4898 1273 4952 καὶ
1309 4899 1338 4952 6
1375 4895 1731 4969 Μελχισεδέκ.
1768 4893 1896 4960 Πῶς
1934 4890 1993 4948 δὲ

409 4991 537 5049 εἷπε
563 4996 644 5059 τὸ,
662 4997 752 5061 εις
793 4994 904 5047 τόν
945 4990 1170 5057 αἱῶνα;
1212 4990 1295 5044 ὅτι
1351 4990 1447 5043 καὶ
1476 4988 1573 5044 νῦν
1603 4988 1743 5060 μετά
1772 4987 1865 5042 τοῦ
1890 4986 1995 5075 σιξ)-

409 5104 606 5160 ματος,
639 5086 669 5141 ὃ
703 5086 844 5156 ὑπὲρ
871 5083 1029 5156 ἡμῶν
1059 5082 1275 5145 ἔθυσεν,
1313 5081 1634 5152 ἐντυγχάνει
1670 5080 1810 5152 ὑπὲρ
1837 5078 1994 5151 ἡμῶν

409 5179 493 5249 τῷ
548 5177 669 5247 Θεῷ
730 5177 826 5232 καὶ
880 5174 1058 5247 Πατρί
1089 5191 1103 5204 ·
1170 5172 1469 5237 τουτέστιν,
1523 5171 1665 5226 αῦτά
1724 5169 1794 5225 τά
1854 5168 1996 5240 ὑπὲρ

410 5270 572 5344 ἡμῶν
602 5270 751 5341 πάθη
786 5269 1031 5339 μεγάλην
1058 5266 1338 5322 δυσωπίαν
1378 5266 1765 5336 προϐάλλεται,
1796 5264 1998 5336 ἀλαλή-

409 5381 525 5429 τως
563 5362 744 5418 λαλῶν
771 5359 850 5431 τῷ
885 5360 1080 5431 Πατρὶ,
1137 5359 1222 5413 ὅτι
1280 5355 1461 5428 ’Υπὲρ
1502 5359 1603 5431 τῆς
1645 5354 1997 5428 ἀνθρωπίνης
2032 5396 2035 5399 .

416 5456 633 5526 φύσεως
672 5450 702 5508 6
731 5452 822 5518 σὸς
849 5452 977 5515 Υίὺς
1001 5451 1212 5521 ὑπέστη
1241 5448 1417 5504 ταῦτα
1439 5465 1453 5478 ⁸
1480 5449 1707 5522 ἐλέησον
1732 5447 1829 5504 οὖν
1864 5442 1994 5502 τοῦ-

412 5569 539 5615 τους
578 5551 723 5622 ὑπὲρ
747 5540 824 5603 ὧν
847 5546 1162 5618 ἀνεσχόμην
1211 5544 1323 5615 εγὼ
1360 5544 1574 5601 παθεῖν.
1598 5543 1669 5598 Ἦ
1705 5545 1787 5599 ὅτι
1814 5544 1848 5615 ἠ
1871 5542 1997 5599 καθ’

415 5644 657 5715 ῑκάστην
713 5641 974 5713 γινομένη
1026 5640 1121 5694 καὶ
1172 5637 1519 5709 γενησομένη
1570 5638 1652 5702 είς
1680 5638 1773 5692 τὸν
1821 5636 1997 5690 αἰῶνα

417 5733 730 5807 προσφορὰ,
747 5732 840 5788 διὰ
861 5731 970 5786 τῶν
998 5730 1092 5785 τοῦ
1119 5728 1255 5784 Θεοῦ
1291 5726 1648 5802 λειτουργῶν,
1685 5727 1849 5784 αὐτὸν
1881 5729 1997 5799 ἔχει

433 5826 725 5901 ’Δρχιερέα
761 5824 859 5880 καὶ
884 5822 1061 5895 Ἰερὲα
1090 5821 1184 5876 τδν
1210 5820 1443 5892 Κύριον,
1491 5822 1587 5875 καὶ
1622 5823 1840 5891 ἱερεῖον,
1870 5820 1999 5874 ὲαυυ

421 5918 513 5974 τὶν
546 5917 691 5988 ὑπὲρ
717 5914 879 5988 ἡμῶν
920 5912 1245 5984 ἀγιάζοντα,
1274 5913 1369 5969 καὶ
1403 5909 1706 5984 κλώμενον,
1744 5910 1840 5967 καὶ
1862 5910 1999 5966 διδό-

2086 2039 2249 2096 sibile
2300 2040 2555 2108 habebat,
2599 2044 2731 2114 quin
2764 2046 2950 2116 potius
3001 2047 3095 2118 qui
3133 2049 3566 2106 adversabantur
3599 2053 3669 2118 ei,

2085 2141 2140 2186 et
2187 2134 2535 2199 occidebant,
2567 2134 2623 2190 in
2656 2136 2830 2207 pretio
2856 2145 2973 2194 tum
3015 2150 3194 2205 erant,
3228 2150 3283 2197 et
3314 2157 3413 2212 pro
3445 2143 3672 2198 arbitrio

2085 2227 2339 2293 agebant.
2367 2242 2430 2283 ac
2459 2229 2755 2284 versabant
2779 2232 2964 2287 omnia
2999 2250 3014 2287 :
3046 2235 3302 2304 producit
3337 2234 3450 2306 jam
3494 2236 3671 2305 majus

2087 2318 2458 2371 testimonium
2492 2333 2557 2373 ex
2588 2321 2891 2390 prophetia,
2917 2323 3061 2394 quod
3088 2331 3318 2381 testetur
3342 2341 3465 2380 cum
3499 2342 3529 2380 a
3562 2326 3670 2381 Deo

2091 2417 2360 2460 vocatum.
2424 2405 2655 2463 Videtur
2701 2416 2884 2462 autem
2935 2412 3332 2468 inconveniens
3384 2427 3671 2472 esseese-

2086 2497 2269 2553 eundo
2307 2497 2519 2565 pSaImo
2547 2500 2715 2569 petita
2748 2502 3034 2572 prophetia
3069 2504 3135 2559 ad
3169 2505 3506 2562 insritutum.
3542 2508 3673 2562 Pro-

2086 2589 2326 2657 positum
2382 2592 2527 2645 enim
2584 2601 2701 2647 erat
2752 2601 2812 2647 ut
2869 2593 3345 2651 demonstraretur
3391 2596 3670 2654 Christum

2088 2677 2404 2736 Pontiﬁcem
2435 2696 2560 2739 ess».
2596 2700 2625 2737 ιι
2664 2684 2774 2740 Deo
2798 2695 3051 2741 vocatum
3090 2697 3144 2741 et
3190 2688 3424 2744 electura
3465 2708 3479 2744 :
3514 2689 3671 2745 testi-

2086 2771 2330 2825 monium
2361 2783 2541 2829 autem
2569 2777 2711 2830 istud
2744 2794 2772 2830 a
2805 2778 2966 2833 Patre
2986 2789 3172 2833 natum
3200 2782 3419 2837 asserit.
3442 2781 3674 2838 Maxime

2088 2870 2272 2917 autem
2312 2879 2341 2917 a
2376 2866 2488 2920 Deo
2531 2875 2718 2921 natum
2759 2883 2901 2933 esse,
2940 2872 3268 2940 praeparatio
3302 2884 3385 2927 est
3428 2872 3495 2927 ad
3545 2873 3672 2937 hoc,

2088 2961 2204 3009 uta
2226 2955 2338 3011 Deo
2375 2959 2537 3011 etiam
2570 2959 2858 3016 ordinatus
2890 2962 2985 3017 sit.
3020 2960 3247 3032 Insuper
3273 2976 3328 3019 et
3351 2964 3454 3019 hoc
3492 2972 3671 3018 tecum

2090 3061 2303 3120 reputa,
2335 3052 2480 3120 quod
2512 3062 2808 3125 postquam
2843 3057 2898 3110 in
2939 3061 3247 3114 centesimo
3279 3076 3425 3115 nono
3454 3059 3674 3115 PSulmo

2087 3142 2286 3198 dixerit
2313 3162 2326 3199 :
2364 3142 2448 3198 Ea:
2483 3153 2628 3199 utero
2662 3156 2786 3202 ante
2834 3146 3138 3219 Luciferum
3168 3152 3322 3222 genui
3350 3163 3398 3205 te
3429 3167 3448 3205 :
3476 3151 3674 3207 deinde

2093 3232 2255 3303 paulo
2284 3242 2407 3302 post
2441 3234 2623 3289 intulit
2657 3254 2673 3288 :
2714 3236 2792 3291 Tu
2826 3254 2881 3292 es
2922 3238 3181 3294 Sacerdos
3221 3242 3273 3294 in
3306 3250 3562 3296 wteruum
3592 3258 3676 3297 se-

2091 3325 2330 3381 cundum
2368 3328 2609 3383 ordinem
2649 3328 2996 3386 Melchisedec
3028 3347 3047 3389 .'
3078 3333 3371 3403 conjunxit
3416 3334 3503 3391 hic
3533 3332 3675 3391 Pau-

2092 3415 2180 3472 lus
2222 3432 2345 3488 ηοω
2380 3418 2435 3473 in
2473 3427 2707 3491 utroque
2740 3421 2959 3477 Psalmo
2987 3426 3051 3479 de
3093 3424 3450 3496 generatione
3477 3427 3673 3484 dicun-

2093 3516 2183 3564 tur
2217 3531 2230 3567 :
2269 3510 2494 3582 perinde
2537 3528 2601 3569 ac
2655 3515 2705 3570 si
2757 3515 2901 3572 dicat
2941 3536 2954 3572 :
3002 3518 3083 3573 Ne
3132 3518 3415 3577 existimes
3458 3520 3527 3576 de
3566 3518 3675 3577 aiio

2091 3604 2347 3675 quopiam
2380 3606 2513 3672 dici,
2554 3600 2628 3661 Tu
2665 3623 2718 3662 es
2764 3607 3023 3665 Sacerdos
3065 3613 3121 3666 in
3156 3623 3435 3678 a’ternum,
3480 3613 3583 3669 nisi
3608 3615 3675 3669 de

2092 3711 2159 3752 eo
2181 3697 2275 3767 qui
2308 3707 2470 3753 natus
2507 3709 2591 3754 est
2634 3710 2759 3757 ante
2792 3698 3129 3760 Luciferum.
3164 3702 3214 3759 is
3259 3720 3423 3776 porro
3450 3721 3559 3759 non
3591 3714 3674 3760 est

2093 3787 2256 3854 alius,
2291 3802 2454 3858 quam
2492 3790 2585 3860 qui
2618 3788 2672 3845 in
2700 3793 2946 3849 secundo
2997 3794 3209 3863 psalmo
3236 3794 3461 3861 dicitur,
3504 3793 3674 3851 Hodie

2091 3875 2294 3944 genitus
2319 3890 2452 3931 esse.
2485 3877 2645 3945 Quod
2674 3880 2819 3936 enim
2853 3880 2949 3948 ait,
2990 3893 3112 3938 ante
3161 3882 3486 3953 Luciferum,
3512 3898 3673 3944 aeter-

2093 3964 2319 4021 nitatem
2352 3966 2597 4040 designat
2623 3975 2886 4043 tempOris
2917 3984 3222 4045 expertem.
3255 3976 3427 4032 llodie
3456 3994 3605 4045 vero,
3642 3997 3670 4033 a

2095 4056 2365 4128 principio
2418 4059 2709 4131 signiﬁcat,
2761 4063 2863 4119 hoc
2910 4074 3016 4130 est,
3057 4076 3121 4119 ex
3172 4081 3282 4137 quo
3333 4065 3495 4121 Pater
3530 4079 3672 4125 erat.

2093 4147 2263 4205 Porro
2293 4150 2513 4220 planum
2542 4162 2627 4209 est
2661 4154 2809 4223 quod
2836 4155 3114 4213 secundus
3137 4158 3385 4229 psalmus
3415 4157 3482 4212 ad
3515 4157 3672 4213 Chri-

2093 4249 2239 4296 stum
2285 4242 2471 4298 omnia
2520 4245 2742 4301 referat.
2784 4245 2862 4302 De
2899 4246 3120 4303 Christo
3167 4249 3352 4319 itaque
3382 4252 3548 4306 etiam
3586 4251 3673 4306 di-

2093 4343 2242 4390 ctum
2269 4345 2373 4403 est,
2401 4334 2479 4392 Tu
2506 4355 2559 4393 es
2594 4337 2855 4394 Sacerdos
2872 4341 2925 4393 in
2956 4349 3231 4399 teternum.
3262 4340 3453 4396 Dicant
3484 4354 3666 4400 autem

2092 4425 2284 4496 Judmi,
2316 4431 2568 4500 quisnam
2599 4432 2761 4488 fuerit
2803 4431 2942 4487 alius
2966 4432 3223 4489 sacerdos
3249 4436 3550 4491 secundum
3581 4452 3673 4492 or-

2093 4520 2276 4578 dinem
2338 4516 2778 4590 Melchisedech,
2832 4536 3032 4596 praeter
3096 4525 3401 4584 Christum.
3484 4527 3674 4587 Nonne

2094 4627 2286 4670 omnes
2311 4615 2415 4669 sub
2448 4614 2564 4687 iege
2595 4617 2858 4674 luerunt?
2888 4614 3084 4673 Nonne
3132 4635 3324 4676 omnes
3373 4621 3673 4677 Sabbatum

2096 4708 2469 4773 celebrabant,
2502 4718 2557 4764 et
2579 4711 2828 4768 victimas
2861 4711 3675 4772 oli‘crcbant?Manifestissime

2097 4798 2265 4869 igitur
2290 4800 2358 4857 de
2386 4801 2606 4857 Christo
2641 4804 2746 4859 hoc
2798 4802 3007 4861 dictum
3041 4817 3162 4864 est:
3198 4809 3350 4864 Solus
3403 4810 3551 4863 enim
3586 4808 3676 4863 ille

2094 4907 2237 4963 pane
2276 4902 2332 4948 et
2379 4892 2506 4949 vino
2555 4894 2883 4951 sacriﬁcium
2929 4899 3296 4964 consecravit,
3344 4899 3572 4969 perinde
3612 4912 3676 4953 ac

2097 4981 2482 5042 Mclcliisedcc.
2513 4985 2618 5053 Qui
2652 5002 2783 5042 vero
2804 4989 2963 5054 dixit,
2983 4989 3036 5044 in
3071 4998 3325 5044 wteruum
3349 4993 3374 5048 7
3401 4991 3671 5058 Quoniam

2097 5078 2400 5133 etiamnum
2432 5096 2538 5133 una
2573 5095 2698 5135 cum
2729 5095 2961 5150 corpore
2992 5084 3137 5154 quod
3166 5100 3264 5154 pro
3298 5084 3455 5140 nobis
3482 5086 3673 5136 inuno-

2097 5170 2248 5237 lavit,
2273 5170 2416 5242 apud
2465 5166 2632 5227 Deum
2666 5171 2885 5228 Patrem
2920 5175 3228 5238 intercedit,
3260 5176 3369 5229 hoc
3397 5181 3500 5237 est,
3526 5172 3674 5241 ipsas

2096 5279 2236 5335 quas
2260 5279 2360 5335 pro
2377 5264 2535 5321 nobis
2561 5266 2784 5337 pertulit
2809 5264 3147 5334 amictiones,
3181 5277 3239 5322 ut
3264 5268 3493 5322 multum
3525 5282 3678 5320 cum-

2099 5365 2337 5422 moveat,
2373 5358 2648 5430 proponit,
2679 5359 2800 5415 sine
2832 5375 2968 5414 voce
3000 5354 3152 5415 Patri
3182 5359 3253 5411 ita
3277 5357 3504 5424 loquens
3532 5375 3544 5411 :
3573 5354 3679 5412 Pro

2100 5452 2338 5510 humana
2364 5462 2563 5510 natura
2598 5452 2771 5509 Filius
2799 5460 2925 5508 tuus
2955 5450 3217 5508 sustinuit
3242 5450 3355 5502 liter:
3378 5467 3392 5503 :
3414 5449 3677 5507 miserere

2100 5547 2267 5619 igitur
2291 5547 2513 5611 horum,
2545 5561 2645 5618 pro
2673 5546 2874 5615 quibus
2895 5558 2996 5615 ego
3023 5544 3133 5613 pati
3158 5550 3213 5598 et
3240 5541 3379 5598 mori
3409 5544 3675 5601 sustinui.

2099 5639 2195 5695 Vel
2228 5636 2355 5710 quia
2393 5651 2515 5708 qua:
2562 5637 2618 5690 in
2649 5634 2899 5703 singulos
2922 5633 3041 5689 dies
3090 5632 3150 5688 iit
3186 5643 3243 5691 et
3276 5631 3464 5689 futura
3506 5634 3676 5691 estin

2098 5731 2420 5795 perpetuum
2464 5719 2668 5776 oblatio
2695 5734 2793 5790 per
2822 5715 2922 5773 Dei
2964 5718 3267 5789 ministros,
3301 5720 3483 5793 ipsum
3515 5721 3680 5779 habet

2099 5813 2418 5869 Pontiﬁcem
2451 5820 2509 5868 et
2549 5808 2903 5867 Sacerdotem
2948 5810 3264 5880 Dominum,
3306 5822 3470 5885 atque
3511 5812 3680 5884 678

2099 5907 2236 5964 adeo
2267 5906 2439 5979 ipsam
2480 5903 2739 5972 hostiam,
2782 5902 2880 5979 qui
2925 5905 3169 5980 sclpsum
3219 5921 3317 5979 pro
3355 5905 3515 5961 nobis
3545 5919 3677 5961 san-
3712 5967 3719 5971 _
