4014 6208
344 434 452 498 241

1239 430 1814 496 THEOPHYLACTI
1844 429 2256 490 BULGARI/E
2281 405 2644 487 ARCHIEP.

3493 414 3599 480 244

347 555 574 624 etin-:at,
609 564 662 612 et
703 552 995 625 frangitur,
1024 563 1080 609 et
1105 552 1474 610 distribuitur.
1515 553 1742 620 Quoties
1771 553 1916 608 enim

2041 565 2207 601 tevov.
2254 544 2474 609 Ὁσάκις
2529 541 2643 612 γὰρ
2699 536 2875 592 ταῦτα
2926 535 3158 604 γίνεται,
3185 534 3214 587 6
3241 530 3470 596 θάνατος
3496 533 3592 585 τοῦ

347 653 468 704 hinc
496 649 654 714 fiunt,
683 662 830 704 mors
855 646 1069 702 Domini
1103 650 1486 702 annuutiatnr.

433 738 592 794 Vsus.
624 738 676 792 7.
718 737 826 804 Qui
856 737 914 790 in
935 735 1116 790 diebus
1147 737 1324 790 carnis
1363 753 1492 791 sure.
1528 735 1632 791 Per
1660 738 1776 793 dies
1799 752 1923 792 car-

351 829 438 883 nis
483 841 618 892 suaa,
659 835 874 896 tempus
921 839 1030 895 quo
1065 825 1152 878 hic
1204 824 1358 889 vixit,
1410 826 1495 879 vel
1539 826 1657 883 dies
1701 842 1839 897 quos
1867 827 1922 881 in

349 920 459 972 vita
516 920 617 972 hac
671 916 878 972 carnali
939 916 1225 987 transegit.
1271 918 1584 988 signiﬁcat:
1619 934 1726 973 non
1777 920 1922 988 quod

350 1025 499 1064 nunc
555 1023 778 1063 carnem
832 1007 1201 1078 deposuerit:
1258 1024 1602 1078 nequaquam
1650 1027 1664 1062 :
1726 1011 1928 1066 retinet

349 1105 494 1158 enim
519 1118 658 1167 eam,
687 1102 783 1158 sed
815 1101 1289 1170 incorruptibilem
1331 1117 1394 1155 ac
1438 1103 1776 1172 superiorem
1802 1119 1923 1160 car-

351 1195 571 1250 nalibus
623 1201 678 1249 ct
731 1194 1156 1263 inculpabilibus
1210 1195 1584 1263 passiouihus,
1642 1199 1926 1268 nimirum,

351 1286 515 1347 l‘anw,
568 1285 682 1346 siti,
729 1287 938 1351 labore,
973 1285 1137 1352 idque
1167 1301 1341 1354 genus
1369 1287 1515 1343 aliis.
1553 1290 1711 1344 Hunc
1745 1303 1926 1348 autem

351 1386 559 1431 textum
589 1379 882 1446 Apostolus
913 1393 944 1431 a
984 1375 1184 1431 Davide
1220 1377 1557 1447 desumpsit,
1583 1383 1674 1452 qui
1708 1384 1841 1439 dicit
1872 1385 1925 1439 in

351 1467 564 1534 psalmo
587 1469 888 1522 centesimo
907 1467 1122 1522 decimo
1141 1479 1336 1537 quarto
1372 1487 1385 1524 :
1419 1468 1485 1522 Et
1516 1473 1570 1525 in
1599 1471 1780 1528 diebus
1802 1479 1931 1532 meis
1977 1500 2002 1513 ι

348 1557 600 1612 invocabo
629 1558 696 1613 “.
723 1557 933 1615 Totum
959 1560 1102 1613 enim
1139 1565 1408 1630 psalmum
1442 1563 1506 1616 ad
1537 1564 1818 1621 Christum
1849 1584 1933 1624 re-

352 1646 459 1700 fert
486 1649 806 1717 Apostolus.

423 1739 613 1794 Preces
643 1751 693 1794 et
737 1743 1151 1811 supplicationes
1195 1743 1264 1797 ad
1297 1760 1416 1799 eum
1443 1744 1534 1814 qui
1569 1756 1740 1813 posset
1781 1745 1934 1800 illum

352 1830 560 1883 salvum
597 1831 772 1899 facere
797 1850 830 1886 a
866 1844 1033 1896 morte
1071 1851 1189 1888 cum
1220 1835 1451 1891 clamore
1481 1835 1658 1890 valido
1681 1844 1730 1890 et
1760 1837 1933 1904 lacry-

352 1920 451 1972 mis
487 1920 728 1989 oﬂ’erens.
770 1921 899 1979 Haec
941 1924 1008 1980 de
1038 1938 1203 1980 carne
1243 1924 1389 1980 dicta
1425 1933 1593 1980 sunt:
1640 1939 1749 1979 non
1781 1924 1926 1979 enim

353 2018 416 2063 ut
446 2007 592 2065 Deus
623 2011 972 2080 precabatur.
1022 2013 1152 2068 Esto
1189 2021 1367 2069 autem
1398 2013 1544 2085 quod
1587 2020 1924 2082 precaretur,

351 2113 461 2151 non
492 2108 669 2154 tamen
699 2116 820 2156 cmn
845 2103 1086 2159 clamore
1103 2114 1156 2160 et
1183 2104 1437 2175 lacrymis
1464 2121 1478 2160 :
1513 2104 1614 2160 ista
1641 2105 1786 2159 enim
1819 2119 1926 2160 non

352 2202 482 2243 sunt
514 2190 603 2245 Dei
641 2211 655 2248 :
689 2203 944 2248 caeterum
971 2195 1420 2264 irret'ragabiliter
1444 2195 1694 2250 humana:
1720 2203 1927 2250 natura:

357 2285 520 2338 unius
549 2285 748 2340 Christi
785 2286 901 2341 haec
942 2287 1228 2342 tribuenda
1269 2297 1417 2354 sunt,
1451 2288 1648 2358 partim
1683 2287 1925 2356 quidem,

357 2383 416 2429 ut
445 2383 740 2446 assumpta:
775 2384 986 2432 natura:
1028 2377 1229 2435 veritas
1260 2380 1690 2444 demonstretur,
1727 2380 1924 2448 partim

354 2477 507 2528 vero,
541 2471 602 2518 ut
623 2475 678 2520 et
715 2480 847 2520 cura
877 2468 1052 2537 ipsius
1081 2482 1209 2540 erga
1234 2485 1355 2534 nos,
1385 2484 1449 2526 ac
1479 2469 1791 2526 dilectionis
1826 2487 1924 2524 es-

355 2555 606 2612 cellentia
664 2558 958 2613 iudicetur.
1010 2561 1116 2615 Pro
1166 2561 1328 2617 nobis
1361 2560 1508 2616 enim
1553 2561 1667 2617 haec
1711 2562 1924 2626 orabat,

353 2647 500 2716 quod
546 2657 791 2702 nostrum
826 2660 910 2703 est
949 2650 1054 2705 sibi
1095 2651 1402 2716 vindicans,
1436 2662 1493 2705 ut
1535 2654 1588 2706 in
1624 2654 1740 2721 scip
1773 2666 1925 2706 oua-

354 2746 494 2791 turze
521 2735 772 2793 humanm
801 2737 1174 2802 formidinem.
1205 2757 1312 2811 qua
1341 2749 1569 2796 mortem
1603 2746 1814 2806 metuit,
1833 2743 1928 2796 ah-

356 2837 620 2884 sumeret.
679 2826 890 2897 Reputa
941 2830 1087 2883 enim
1135 2839 1338 2896 tecum,
1378 2831 1522 2900 quod
1577 2847 1840 2899 nusquam
1872 2833 1925 2885 in

354 2915 666 2986 Evangeliis
709 2919 978 2990 scriptum
1006 2921 1100 2986 sit,
1141 2922 1285 2990 quod
1328 2922 1570 2976 oraverit
1610 2938 1704 2991 pro
1741 2938 1925 2977 resur-

355 3010 602 3065 rectione
645 3010 754 3074 sui,
800 3009 894 3066 sed
942 3022 1132 3066 contra
1184 3012 1388 3082 potius,
1441 3028 1504 3068 ex
1544 3015 1781 3082 potentia
1829 3030 1925 3068 sua

355 3100 556 3155 dixerit
604 3110 785 3171 aperte
839 3119 853 3155 :
914 3100 1112 3157 Solvite
1156 3103 1410 3170 templum
1462 3105 1558 3156 hoc
1593 3113 1641 3158 et
1686 3105 1925 3157 excitabo

357 3190 533 3258 ipsum
567 3189 652 3254 ¹²;
705 3200 758 3245 ct
811 3190 1129 3247 Potestutem
1191 3191 1356 3246 habeo
1403 3193 1639 3247 sumendi
1692 3195 1923 3248 animam

357 3296 528 3334 meam
554 3281 618 3336 ⁸³.

431 3373 598 3430 Vens.
648 3375 698 3437 7,
733 3374 786 3429 8.
833 3374 898 3430 Et
938 3376 1220 3432 exauditus
1263 3393 1357 3447 pro
1413 3378 1700 3432 reverentia
1727 3418 1739 3440 ,
1799 3388 1934 3430 tant-

356 3467 458 3522 etsi
485 3466 652 3520 Filius
671 3478 824 3524 esset.
859 3467 975 3524 Ποο
1004 3472 1163 3526 etiam
1191 3479 1408 3541 propter
1441 3486 1661 3526 carnem
1701 3477 1754 3524 et
1783 3471 1938 3524 audi-

357 3567 539 3613 torum
564 3559 988 3616 imbecillitatem
1021 3560 1156 3616 dixit
1184 3577 1197 3615 :
1228 3561 1470 3615 nondum
1500 3561 1646 3616 enim
1680 3575 1931 3630 magnam

358 3647 427 3704 de
453 3665 520 3704 eo
562 3653 876 3723 opinionem
930 3653 1226 3708 habebant.
1266 3651 1424 3719 Quod
1466 3653 1632 3722 igitur
1662 3653 1814 3715 dicit,
1851 3658 1934 3704 est

360 3740 673 3810 huiusmodi
710 3763 723 3796 :
761 3743 938 3797 Tanta
991 3745 1167 3814 ipsius
1217 3755 1302 3799 est
1347 3743 1672 3804 reverentia,
1727 3751 1783 3795 ut
1813 3741 1934 3810 ejus

362 3833 546 3899 potius
580 3849 720 3903 opus
753 3843 918 3902 esset,
951 3849 1113 3904 quam
1163 3839 1349 3906 gratiae
1377 3836 1494 3898 Dei,
1535 3837 1678 3906 quod
1706 3835 1935 3890 exaudi'

363 3931 514 3977 retur
545 3923 658 3994 ipse
681 3911 708 3990 ;’
737 3934 903 3995 atque
941 3941 1004 3980 ex
1047 3927 1146 3981 hac
1201 3927 1503 3983 reverentia
1558 3925 1823 3982 reveritus
1853 3933 1938 3980 est

360 4032 486 4069 cum
532 4016 691 4081 Deus,
723 4027 778 4071 et
809 4018 977 4082 veluti
1018 4023 1228 4089 pudore
1264 4029 1447 4077 motus
1482 4019 1761 4075 exaudivit
1788 4035 1934 4081 euut,

361 4123 672 4177 quanquam
705 4105 872 4163 Filius
896 4117 1064 4176 esset,
1107 4110 1441 4180 haberetque
1473 4125 1599 4180 erga
1633 4111 1810 4179 ipsum
1844 4125 1940 4161 na-

364 4200 596 4255 turalem
653 4200 902 4256 ﬁduciam
954 4221 966 4255 :
1033 4203 1169 4257 adeo
1229 4219 1423 4273 magna
1465 4213 1584 4258 erat
1639 4212 1691 4256 et
1735 4201 1940 4270 pudore

363 4291 547 4362 digna.
574 4290 652 4349 Ne
687 4293 853 4362 igitur
892 4295 1215 4364 desperatis,
1248 4310 1375 4349 cum
1415 4295 1700 4348 Dominum
1736 4285 1942 4347 habea-

365 4383 457 4445 tis,
505 4385 597 4452 qui
645 4399 672 4435 a
720 4385 878 4439 Patre
934 4386 1282 4440 exaudiatur.
1331 4385 1386 4438 Si
1432 4386 1596 4455 igitur
1640 4385 1939 4454 quidquam

367 4478 546 4544 ipsum
578 4479 868 4547 petieritis,
901 4479 1052 4533 dahit
1084 4480 1276 4534 vobis:
1303 4479 1450 4548 quod
1474 4477 1942 4548 etipse.Christus

2026 639 2231 708 Κυρίου
2271 635 2728 705 καταγγέλλεται.

2101 731 2206 795 ‘Oc
2228 730 2298 782 ἐν
2325 727 2456 792 ταῖς
2491 727 2736 795 ἡμέραις
2769 720 2879 788 τῆς
2913 715 3141 786 σαρκὸς
3177 711 3398 780 αὑτοῦ,
3437 712 3606 781 Ἦμέυ

2028 837 2126 890 ρας
2154 819 2254 888 τῆς
2287 816 2491 888 σαρκὸς
2517 815 2709 877 αὑτοῦ,
2730 812 2828 875 τὰς
2854 811 2911 863 ὲν
2933 811 2999 880 τῇ
3029 808 3266 878 σαρκικῇ
3300 803 3466 857 αὐτοῦ
3491 803 3605 872 ζωῇ

2027 911 2239 981 ἡμέρας
2268 910 2436 980 δηλοῖο
2453 909 2550 979 οὐχ
2574 908 2657 960 ὅτι
2680 903 2779 958 νῦν
2802 902 3039 957 ἀπέθετο
3057 899 3156 969 τὴν
3177 898 3374 968 σάρκα·
3399 896 3606 962 ἄπαγε·

2028 1001 2144 1072 ἔχει
2180 1003 2290 1072 γὰρ
2318 999 2510 1068 αὐτὴν,
2542 999 2592 1050 εί
2618 997 2711 1051 καὶ
2761 992 3040 1064 ἄφθαρτον
3068 990 3162 1044 καὶ
3189 987 3470 1058 ἁνωτέραν
3512 984 3609 1038 καὶ

2029 1091 2210 1146 αὐτῶν
2265 1091 2376 1143 τῶν
2429 1087 2712 1160 σαρκικῶν
2743 1086 2793 1118 ⁷⁶
2845 1085 2942 1138 καὶ
2989 1081 3329 1149 ἀδιαϐλήτων
3375 1077 3606 1136 παθῶν,

2031 1183 2243 1253 πείνης,
2283 1180 2466 1250 δίψης,
2505 1179 2698 1242 κόπου,
2746 1175 2839 1230 καὶ
2872 1173 2981 1226 τῶν
3005 1169 3284 1224 τοιούτων.
3309 1165 3528 1236 Ταύτην
3551 1165 3609 1217 δὲ

2030 1274 2129 1344 τὴν
2155 1275 2350 1344 χρῆσιν
2373 1272 2402 1324 6
2443 1270 2764 1333 Ἀπόστολος
2790 1265 2899 1321 ἀπὸ
2939 1263 3103 1317 Δαὸὶδ
3141 1259 3320 1323 ελαὸε,
3352 1259 3606 1324 λέγοντος

2032 1363 2383 1431 ὲνὲκατοστῷ
2441 1357 3021 1433 τεσσαρεσκαιδεκάτῳ
3073 1352 3296 1425 ψαλμῷ,
3333 1351 3430 1402 Ἑν
3480 1346 3608 1412 ταῖς

2033 1459 2280 1527 ἡμέραις
2301 1472 2421 1525 μου
2441 1453 2898 1520 ἑπικαλέσομαι.
2929 1451 3111 1503 Πάντα.
3136 1447 3246 1516 γὰρ
3277 1444 3368 1497 τὸν
3396 1440 3607 1511 ψαλμὸν

2034 1551 2112 1612 είς
2136 1547 2371 1620 Χριστὸν
2400 1544 2736 1614 ἐκλαμεάνει
2759 1546 2785 1595 ὁ
2820 1539 3163 1602 Ἀπόστολος.

2104 1737 2351 1804 Δεήσεις
2372 1733 2471 1789 καί
2503 1733 2800 1800 ἱκετηρίας
2833 1730 2982 1799 πρὸς
2999 1728 3105 1783 τὸν
3138 1726 3478 1794 δυναμενον
3506 1721 3609 1774 αὑ-

2040 1830 2146 1883 τὸν
2176 1827 2384 1890 σώζειν
2406 1828 2475 1882 ἐκ
2509 1825 2769 1883 θανάτου
2822 1823 2974 1893 μετὰ
3034 1818 3303 1889 κραυγῆς
3356 1812 3608 1884 Ισχυίᾶς

2034 1920 2134 1974 καί
2164 1919 2439 1988 δακρύων
2465 1915 2896 1985 προσενέγκας.
2927 1911 3109 1966 Ταῦτα
3135 1907 3384 1979 περὶτῆς
3410 1905 3610 1975 σαρκὸς

2034 2016 2270 2086 εἴρηται,
2294 2013 2354 2065 οὐ
2370 2011 2482 2082 γὰρ
2510 2011 2576 2080 δὴ
2601 2006 2835 2071 ὡςΘεδς
2865 2005 3059 2060 ἐδεῖτο.
3103 2002 3286 2056 Ἔστω
3316 1998 3374 2051 δὲ
3400 1998 3481 2049 ὅτι
3515 1995 3610 2048 καὶ

2035 2107 2225 2169 ἐδεῖτο,
2251 2104 2312 2156 οὗ
2347 2103 2518 2172 δήπου
2560 2100 2657 2154 καὶ
2713 2100 2854 2167 μετὰ
2897 2094 3146 2168 κραυγῆς
3179 2093 3271 2147 καὶ
3314 2089 3566 2160 δακρύων
3594 2102 3606 2116 ·

2033 2197 2206 2253 ταῦτα
2239 2196 2345 2264 γὰρ
2371 2195 2432 2247 οὗ
2459 2191 2618 2257 Θεοῦ,
2662 2190 2778 2245 ἀλλ’
2811 2187 3228 2258 ἀναντιρῤήτως
3281 2181 3358 2250 τῷ
3396 2180 3610 2249 ἀνθρω-

2035 2290 2174 2359 πίνῳ
2203 2288 2294 2340 τοῦ
2321 2287 2438 2348 ἑνὸς
2465 2283 2702 2354 Χριστοῦ
2749 2280 2926 2335 ταῦτα
2960 2274 3400 2349 προσαναθετέον
3428 2290 3442 2303 ο
3491 2271 3609 2340 ἅμα

2039 2379 2136 2448 μὲν
2167 2379 2253 2430 ἶνα
2277 2376 2462 2445 δειχθῇ
2484 2374 2544 2428 τὸ
2563 2369 2763 2441 ἀληθὲς
2791 2371 2889 2440 τῆς
2913 2365 3357 2440 προσληφθείσης
3373 2361 3606 2430 φύσεως,

2034 2469 2150 2539 ἅμα
2176 2467 2232 2521 δὲ
2251 2467 2337 2520 ἵνα
2368 2466 2462 2519 καὶ
2489 2465 2550 2517 τὸ
2587 2463 2723 2534 πρὸς
2779 2461 2926 2532 ἡμᾶς
2961 2455 3338 2529 κηδεμονικὸν,
3387 2452 3484 2504 καὶ
3511 2450 3611 2518 τῆς

2035 2559 2253 2626 ἀγάπης
2278 2559 2310 2626 ὴ
2353 2553 2632 2626 ὑπερϐολὴ
2672 2554 2816 2621 φανῇ
2839 2551 2912 2588 ⁷⁷·
2946 2548 3086 2618 ὑπὲρ
3114 2546 3223 2616 γὰρ
3253 2542 3409 2615 ἡμῶν
3435 2539 3611 2594 ταῦτα

2032 2648 2252 2719 ηὔχετο,
2283 2647 2344 2698 τὸ
2371 2645 2639 2716 ἡμέτερον
2671 2641 3068 2710 οἰκειούμενος,
3099 2638 3188 2691 ἵνα
3223 2639 3280 2690 ὲν
3305 2631 3482 2702 ἑαυτῷ
3508 2631 3605 2684 δαε-

2035 2741 2255 2810 πανὴσῃ
2307 2737 2407 2808 τὴν
2433 2737 2566 2807 πρὸς
2600 2735 2692 2789 τὸν
2721 2733 2950 2786 θάνατον
3003 2728 3204 2783 δειλίαν
3235 2728 3330 2797 τῆς
3363 2723 3602 2794 φύσεως.

2047 2832 2198 2884 Ἐπεὶ
2253 2831 2443 2882 σκόπει
2494 2828 2578 2882 ὅτι
2629 2823 2934 2895 οίοδαμοῦτ⁸
2964 2822 3073 2875 τῶν
3127 2816 3470 2888 Εὐαγγελίων
3517 2814 3611 2882 γέ-

2034 2942 2278 2996 γραπται
2327 2922 2625 2991 εὐξάμενος
2675 2919 2806 2990 περὶ
2859 2916 2954 2971 τοῦ
3000 2913 3431 2978 ἀναστήσεσθαι,
3472 2905 3608 2960 ἀλλὰ

2035 3015 2358 3084 τούναντίον]
2393 3013 2515 3067 κατ’
2566 3011 2818 3076 ἐξουσίαν
2859 3006 3225 3077 ἀποφαίνεται
3251 3004 3426 3070 λέγων
3491 2997 3608 3054 Λύ-

2034 3126 2184 3164 dare
2239 3106 2348 3160 τὸν
2404 3105 2556 3159 ναὸν
2618 3101 2857 3163 τοῦτον,
2891 3101 2990 3154 καί
3022 3096 3205 3167 ἐγερῶ
3237 3096 3451 3149 αὐτόν·
3493 3092 3608 3156 καὶ,

2048 3200 2368 3263 Ἐξουσίαν
2397 3197 2515 3265 ἔχω
2546 3195 2754 3250 λαϐεῖν
2780 3193 2892 3261 τὴν
2918 3192 3128 3262 ψυχήν
3143 3207 3284 3261 μου.

2114 3389 2217 3444 Καὶ
2256 3382 2681 3447 είσακουσθεὶς
2708 3380 2826 3434 ἀπὸ
2854 3377 2964 3446 τῆς
2992 3376 3331 3441 εὐλαϐείας,
3398 3372 3614 3438 καίπερ

2035 3484 2120 3535 ὢν
2162 3480 2311 3543 Υίός.
2368 3477 2477 3530 Καὶ
2505 3475 2661 3527 τοῦτο
2707 3474 2795 3525 διὰ
2830 3470 2929 3541 τὴν
2967 3471 3180 3538 σάρκα,
3231 3468 3326 3520 καὶ
3376 3464 3466 3519 διὰ
3513 3463 3615 3533 τὴν

2037 3573 2322 3628 ἀσθένειαν
2360 3569 2469 3621 τῶν
2515 3565 2822 3620 ἀκουόντων
2845 3579 2858 3593 ·
2891 3563 3046 3615 οὔπω
3069 3561 3178 3631 γὰρ
3210 3559 3453 3629 μεγάλην
3485 3558 3616 3626 περὶ

2039 3663 2205 3718 αὑτοῦ
2235 3662 2391 3728 δόξαν
2416 3656 2584 3730 εἶχον.
2638 3659 2704 3710 Ὃ
2727 3653 2820 3710 οὖν
2845 3655 3020 3724 λέγει,
3055 3651 3294 3706 τοιοῦτόν
3326 3652 3496 3712 ἐστιν,
3533 3648 3616 3701 ’ότι

2050 3755 2300 3822 Τοσαύτη
2333 3751 2497 3805 αὑτοῦ
2523 3752 2555 3818 ἡ
2585 3749 2864 3812 εὐλάϐεια,
2892 3747 3034 3799 ὥστε
3062 3745 3231 3814 αὐτῆς
3255 3739 3395 3795 εἶναι
3421 3740 3619 3810 κατόρ-

2041 3844 2201 3912 θωμα
2263 3840 2465 3911 μᾶλλον
2495 3839 2527 3909 ἢ
2564 3840 2661 3906 τῆς
2699 3838 2923 3908 χάριτος
2961 3835 3055 3888 τοῦ
3080 3833 3238 3896 Θεοῦ,
3275 3833 3336 3885 τὸ
3365 3833 3619 3884 εἰσακου-

2043 3933 2233 4001 σθῆναι
2261 3929 2420 3984 αὐτόν
2444 3944 2458 3959 ο
2493 3929 2587 3980 καὶ
2611 3928 2718 3980 ἀπὸ
2743 3924 2948 3992 ταύτης
2983 3921 3184 3992 ’ᾐδέσθη
3209 3921 3374 3975 αὐτὸν
3399 3921 3427 3972 6
3461 3919 3615 3982 Θεὸς,

2040 4025 2134 4078 καὶ
2185 4021 2640 4090 κατεδυσωπήθη,
2700 4018 2942 4084 καίτοιγε
2997 4015 3127 4067 ὄντα
3159 4014 3254 4066 καὶ
3301 4012 3458 4074 Υἱδν,
3519 4010 3616 4062 καὶ

2043 4117 2234 4187 ἔχοντα
2285 4113 2423 4184 πρὸς
2477 4112 2639 4165 αὑτὸν
2694 4110 2794 4180 τὴν
2821 4107 3054 4178 φυσικὴν
3081 4104 3416 4178 παρῤησίαν·
3443 4100 3618 4162 οὕτως

2040 4205 2111 4278 ἦν
2141 4206 2309 4277 πολλὴ
2343 4205 2440 4259 καὶ
2459 4204 2584 4266 ἀξία
2622 4201 2823 4262 αἰδοῦς.
2853 4201 3015 4252 Ὥστε
3053 4199 3126 4268 μὴ
3167 4195 3379 4253 ἀλύετε.
3411 4192 3621 4246 Δεσπόσ-

2043 4316 2144 4359 την
2189 4297 2406 4369 ἔχοντες
2441 4293 2861 4361 εἰσακουὸμενον
2895 4290 3045 4358 παρὰ
3078 4289 3173 4341 τοῦ
3206 4287 3438 4357 Πατρός.
3494 4283 3619 4335 Ἐὰν

2045 4385 2138 4442 οὖν
2162 4406 2212 4440 τι
2233 4385 2534 4457 αἰτήσησθε
2566 4384 2752 4446 αὑτὸν,
2785 4383 3004 4452 ποιήσει
3048 4381 3195 4450 ὑμῖν·
3233 4381 3368 4449 ὅπερ
3404 4379 3498 4430 καὶ
3519 4377 3620 4429 αὑ-

2046 4479 2136 4541 τὸς
2154 4464 2432 4548 ὁΧριστὸς
2464 4477 2521 4527 ἐν
2544 4474 2621 4544 τῷ
2651 4472 2970 4542 Εὑαγγελίῳ
2993 4471 3126 4541 φησὶ
3153 4473 3266 4533 τοῖς
3299 4467 3569 4538 μαθηταῖς
3605 4481 3619 4494 ·

367 4567 654 4633 discipulis
698 4569 750 4622 in
783 4568 1077 4638 Evangelia
1107 4570 1226 4624 ait:
1261 4569 1323 4623 Si
1347 4568 1638 4641 diligeretis
1684 4586 1786 4636 me,
1811 4586 1946 4640 gau-

2048 4570 2118 4622 Εί
2143 4563 2411 4637 ἀγαπᾶτέ
2445 4580 2541 4634 με,
2594 4561 2847 4630 ἐχάρητε
2874 4561 2972 4623 ἂν,
3010 4561 3098 4613 ὅτι
3323 4555 3471 4625 πρὸς
3513 4553 3624 4607 τὸν

365 4650 557 4703 deretis
591 4650 787 4719 utique,
819 4652 1069 4719 quoniam
1104 4668 1195 4722 ego
1227 4652 1295 4706 ad
1329 4651 1547 4706 Patrem
1579 4670 1751 4708 meum
1785 4654 1943 4720 uado,

364 4743 616 4812 quoniam
649 4741 808 4796 Pater
844 4759 988 4797 meus
1028 4744 1201 4816 major
1230 4761 1310 4799 me
1342 4754 1421 4800 est
1465 4744 1543 4814 u;
1580 4755 1654 4814 et,
1691 4745 1949 4812 Quaena-

365 4851 464 4904 que
505 4834 759 4901 petieritis
792 4838 845 4889 in
886 4836 1093 4891 nomine
1133 4854 1267 4904 meo,
1292 4837 1440 4893 dabit
1470 4838 1629 4893 vobis.

440 4925 636 4981 Didicit
667 4943 732 4980 ex
761 4927 827 4981 iis
859 4943 976 4996 quae
1004 4943 1194 4996 passus
1224 4940 1336 4995 est,
1384 4928 1754 4984 obedientiam.
1800 4923 1950 4979 Didi-

369 5018 465 5082 cit,
493 5019 687 5088 inquit,
715 5018 824 5074 Deo
849 5018 998 5074 Patri
1022 5019 1262 5086 obedire,
1292 5037 1355 5074 ex
1389 5017 1776 5073 atllictionibus
1807 5016 1940 5071 illud

369 5114 616 5167 edat-tus.
671 5112 899 5169 Videtur
958 5126 1140 5172 autem
1188 5117 1414 5171 omnino
1450 5113 1746 5170 absurdum
1793 5114 1943 5183 quod

365 5204 534 5274 679
561 5204 782 5260 dicitur.
819 5203 924 5271 Qui
953 5206 1100 5262 enim
1145 5206 1336 5261 didicit
1380 5203 1742 5259 obedientiam
1781 5204 1944 5259 exiis

368 5311 490 5364 quae
519 5313 711 5364 passus
741 5305 845 5360 est.
877 5314 1002 5354 cum
1062 5299 1379 5367 priusquam
1437 5304 1738 5366 pateretur,
1792 5295 1942 5350 Patri

369 5397 516 5441 esset
552 5389 688 5444 adeo
736 5391 1038 5455 obediens,
1089 5398 1145 5442 ut
1189 5389 1272 5443 vel
1319 5389 1465 5458 ipsas
1512 5386 1833 5442 alllictioues
1878 5405 1946 5443 ex

367 5479 681 5534 obcdicntia
715 5481 1053 5551 susciperet?
1079 5478 1282 5536 Factus
1303 5490 1379 5533 est
1404 5479 1563 5540 enim,
1594 5479 1790 5548 inquit,
1829 5479 1937 5536 obe-

441 5659 482 5690 “
515 5657 660 5715 Psal.
691 5677 832 5719 (λιν.
873 5662 921 5714 2.

2041 4659 2273 4727 Πατέρα
2303 4675 2422 4728 μου
2462 4656 2806 4726 πορεύομαι,
2841 4653 2931 4708 ὅτι
2964 4656 2996 4708 ό
3027 4652 3227 4720 Πατήρ
3259 4667 3376 4719 μου
3409 4646 3625 4718 μείζων

2037 4769 2158 4822 μου
2207 4751 2374 4804 ἐστι·
2407 4749 2523 4812 καὶ,
2556 4749 2707 4802 Ὅσα
2739 4745 2817 4801 ἂν
2852 4744 3139 4812 αἰτήσητε
3163 4743 3233 4795 ὲν
3263 4740 3341 4806 τῷ
3375 4737 3626 4808 ὀνόματί

2041 4861 2184 4915 μου,
2213 4840 2393 4897 δώσει
2415 4839 2577 4910 ὑμῖν.

2121 4934 2402 5004 Ἔμαθεν,
2425 4930 2526 5000 ἀφ’
2563 4923 2650 4984 ὧν
2673 4929 2878 4994 ἔπαθε,
2909 4925 3025 4995 τὴν
3057 4924 3357 4994 ὑπακοήν.
3387 4921 3621 4994 Ἔμαθε,

2051 5025 2235 5096 φησὶν,
2271 5021 2567 5076 ὑπακούειν
2599 5019 2676 5092 τῷ
2703 5018 2822 5089 Θεῷ
2843 5018 2938 5071 καὶ
2967 5016 3160 5086 Πατρὶ,
3193 5016 3298 5069 ἀπὸ
3314 5015 3421 5068 τῶν
3451 5013 3620 5084 παθη-

2055 5118 2240 5188 μάτων
2267 5113 2427 5168 τοῦτο
2455 5111 2744 5182 διδαχθείς.
2766 5110 3021 5163 Φαίνεται
3033 5110 3090 5162 δὲ
3117 5109 3303 5170 ἁπλῶς
3329 5107 3529 5161 ἄτοπον
3562 5104 3621 5157 τὸ

2051 5206 2364 5276 λεγόμενον.
2395 5205 2517 5266 Πῶς
2543 5201 2837 5273 γὰρίέμαθε
2862 5200 2959 5272 τὴν
2989 5200 3236 5267 ὑπακοὴν
3263 5199 3354 5268 ἀφ’
3385 5192 3456 5252 ὧν
3482 5197 3620 5249 επα-

2052 5296 2163 5361 θεν,
2195 5298 2255 5360 ὃς
2280 5312 2344 5365 γε
2378 5295 2472 5348 καὶ
2496 5295 2625 5365 πρὶν
2654 5293 2870 5362 παθεῖν,
2903 5292 3155 5346 τοσοῦτον
3182 5290 3420 5360 ὑπήκοος
3455 5285 3524 5360 ἦν
3544 5288 3620 5355 τῷ

2053 5389 2252 5458 Πατρὶ,
2312 5386 2454 5441 ὥστε
2517 5387 2611 5440 καὶ
2643 5386 2783 5440 αὐτὰ
2839 5386 2907 5438 τὰ
2939 5385 3085 5452 παθη
3117 5383 3205 5435 διὰ
3232 5381 3328 5452 τὴν
3369 5379 3621 5450 ὑπακοὴν

2054 5477 2446 5544 ἀναδέξασθαι;
2479 5475 2750 5548 Ἐγένετο
2770 5478 2900 5549 γὰρ,
2929 5477 3116 5548 φησιν,
3147 5471 3420 5541 ὑπήκοος
3444 5470 3618 5541 μέχρι

1023 5661 1066 5692 ι’
1094 5658 1253 5717 Joan.
1288 5676 1348 5725 ιι,
1389 5660 1468 5716 l‘J.
1548 5661 1594 5692 ⁸³
1616 5657 1772 5713 Joau.
1812 5674 1867 5722 κ,
1899 5658 1985 5713 18.
2064 5657 2108 5688 ⁸⁸
2139 5654 2298 5713 Joan.
2337 5671 2450 5724 xlv,
2478 5658 2570 5715 28.

1677 5753 1873 5816 Varire
1908 5750 2232 5816 lectiones.

444 5853 490 5886 π
519 5855 765 5922 φυσικῶν
788 5874 839 5911 υ.
920 5856 962 5886 ⁷⁷
1003 5856 1187 5928 δειχθῇ
1221 5873 1275 5916 o.
1355 5855 1399 5892 ⁷⁸
1430 5854 1606 5912 οὐδενί
1628 5871 1680 5910 0.
