4014 6208
451 443 558 506 2ξ5
1196 447 1598 505 EXPOSlTiO
1652 447 1731 504 ΙΝ
1768 447 2005 506 EPIS’I“
2045 450 2142 507 AD
2178 449 2563 510 llEBR/EQS.
2606 476 2672 484 —
2707 451 2863 512 CAP.
2904 453 2972 512 ν.

3593 427 3705 515 sta

451 555 732 610 θανάτου.
767 557 1019 611 Μάνθσινε
1062 552 1154 610 οὖν
1181 558 1262 612 ὅτι
1307 557 1495 627 ἐπειδὴ
1527 558 1855 628 ἀφηνιὰζειν
1880 553 2024 612 οὗτοι

2142 559 2290 613 diens
2314 561 2381 612 ad
2409 570 2627 614 mortem
2653 577 2834 628 usque.
2867 561 3024 616 Disce
3060 561 3238 629 igitur,
3274 562 3416 631 quod
3451 579 3573 618 cum
3612 567 3702 619 isu

451 648 670 700 ὲδᾶκουν
699 645 776 709 ὡς
824 647 1186 718 μικρόψυχοι,
1222 645 1372 715 λέγει
1426 648 1598 702 ταῦτα
1652 652 1718 704 τὰ
1789 651 2022 704 ταπεινὰ

451 737 580 806 περὶ
636 734 730 788 τοῦ
793 735 924 788 Flor}
956 737 1050 789 τοῦ
1096 723 1254 802 Θεοῦ,
1289 739 1376 792 ἵνα
1412 738 1476 792 ὲκ
1510 741 1828 808 περιουσίας
1862 741 2022 812 πεὶσῃ

449 827 652 888 αὑτοὺς
714 824 1002 881 πείθεσθαι
1036 828 1129 881 καὶ
1182 829 1484 883 ὑπακούειν
1514 831 1590 901 τῷ
1614 831 1705 885 τοῦ
1735 833 1872 886 θεοῦ
1897 833 2021 902 βου-

447 920 676 986 λήματι,
742 917 946 988 καὶμὴ
1007 920 1144 990 πρὸς
1183 921 1286 985 τὰς
1342 923 1554 992 θλίψεις
1603 925 2020 988 ἀποδυσπετεῖν,

447 1010 566 1062 ἀλλ’
621 1009 910 1078 ἀναμένειν
976 1011 1078 1080 τὴν
1127 1011 1336 1067 ἄνωθεν
1369 1015 1709 1082 ὲπικουρῐαν.
1755 1015 1863 1069 Καὶ
1892 1017 2022 1084 γὰρ,

447 1104 601 1171 φησι.
641 1105 730 1154 καὶ
759 1103 789 1154 ὁ
827 1102 953 1168 Υἱὸς
987 1104 1292 1174 ὑπομείνας
1313 1105 1374 1158 τὸ
1408 1107 1596 1170 πάθος,
1641 1107 1728 1160 διὰ
1779 1107 1876 1176 τὴν
1923 1108 2025 1160 ὑπ·

445 1195 617 1264 ακοὴν
650 1193 980 1264 εἰσηκούσθη
1027 1195 1180 1267 παρὰ
1209 1196 1302 1250 τοῦ
1333 1197 1568 1266 Πατρὺς,
1598 1198 1690 1250 καὶ
1723 1198 1953 1268 ἐξῃρέθη
1991 1200 2022 1268 ἡ

443 1285 589 1356 ψυχὴ
624 1284 786 1338 αὑτοῦ
824 1287 885 1337 ἐκ
917 1287 1014 1338 τοῦ
1046 1287 1302 1342 θανάτου.
1347 1290 1454 1342 Καὶ
1485 1289 1668 1342 ἔκτοτε
1686 1288 1862 1359 ἔμαθε
1902 1307 2024 1342 συν-

441 1377 585 1444 εχῶς
635 1375 930 1430 ὑπακούειν
967 1376 1044 1447 τῷ
1077 1377 1218 1448 Θεῷ,
1274 1378 1350 1442 ὡς
1403 1379 1572 1432 πολλά
1621 1380 1720 1448 τῆς
1776 1380 2023 1451 ὑπακοῆς

441 1469 770 1539 δυναμένης.
803 1469 866 1521 Ei
899 1465 991 1523 οὖν
1019 1472 1226 1535 ἐκεῖνος
1253 1473 1541 1542 ἐκέρδανεν
1578 1475 1686 1528 άπὸ
1709 1475 1819 1527 τῶν
1848 1477 2024 1546 παθη-

445 1561 654 1628 μάτων,
719 1558 899 1628 πολλῷ
960 1560 1163 1629 μᾶλλον
1221 1563 1401 1630 ὑμεῖς.
1454 1562 1608 1626 Bibe;
1650 1565 1768 1627 πῶς
1805 1566 1895 1620 διὰ
1924 1568 2023 1638 τὴν

439 1653 552 1702 τῶν
579 1653 866 1722 ἀκροατῶν
906 1651 1175 1718 ὠφέλειαν
1235 1654 1379 1710 οὕτω
1433 1656 1743 1724 συγκατέϐη
1785 1657 2018 1723 Παῦλος,

443 1743 587 1796 ὥστε
651 1746 744 1796 καὶ
803 1743 983 1798 ἆτοπὰ
1011 1763 1134 1799 τινα
1168 1747 1344 1816 λέγων
1385 1748 1695 1817 φαίνεσθαι.
1725 1749 1927 1802 ’Δκουε
1967 1750 2022 1803 δὲ

444 1836 665 1889 καὶτῶν
690 1837 838 1906 ἑξῆς.

511 1929 617 1981 Καὶ
682 1936 1032 2001 “lamiae.
1094 1937 1238 2005 Ἀρα
1283 1931 1379 1985 οὖν
1439 1933 1720 1998 τελείωσις
1767 1933 1855 1988 διὰ
1918 1932 2102 1989 τῶνΒ

447 2018 782 2089 παθημάτων
807 2027 1036 2092 γῖνεταιο
1072 2025 1188 2088 πῶς
1215 2023 1308 2078 οὖν
1338 2025 1495 2094 ὑμεῖς
1523 2024 1904 2093 δυσχεραίνετε
1937 2026 2030 2078 ἐπὶ

448 2108 560 2169 ταῖς
610 2110 964 2177 τελειοποιοῖς
995 2113 1258 2177 θλίψεσιν.

529 2198 797 2269 Ἐγένετο
851 2203 1000 2258 πᾶσι
1052 2202 1175 2268 τοῖς
1199 2204 1614 2259 ὑπακούουσιν
1650 2207 1807 2278 αὐτῷ
1839 2207 2031 2272 αἴτιος

449 2294 738 2360 σωτηρίας
784 2295 1046 2350 αἰωνίου.
1092 2294 1406 2357 Τουτέστιν,
1461 2295 1522 2348 οὑ
1577 2295 1736 2365 μόνον
1775 2299 1936 2360 αὑτὸς
1981 2299 2034 2351 ὲ’

444 2377 609 2450 σώθη,
640 2381 776 2434 ἀλλὰ
811 2381 904 2436 καὶ
945 2383 1152 2452 ἑτέροις
1201 2383 1475 2452 σωτηρίαν
1523 2385 1878 2455 προεξένησε·
1936 2385 2030 2438 καὶ

441 2468 500 2520 οὐ
528 2472 884 2543 πρόσκαιρον,
914 2468 1026 2526 οἷον
1055 2473 1119 2526 ἐκ
1160 2474 1431 2539 πολέμων,
1459 2473 1573 2527 ἀλλ’
1614 2475 1852 2530 αἰώνιον.
1898 2476 2020 2529 Τίσι

443 2559 677 2626 τούτοιςς
713 2565 828 2628 τοῖς
875 2565 1232 2619 ὑπακούουσι.
1273 2565 1392 2627 Πῶς
1439 2561 1533 2619 οὖν
1564 2567 1719 2635 ὑμεῖς
1751 2567 2029 2620 άπειθεῖτε

442 2651 537 2703 καὶ
589 2653 932 2707 κινδυνεύετε
979 2655 1080 2724 τῆς
1105 2657 1377 2726 σωτηρίας
1419 2657 1706 2720 ὲκπεσεῖνς
1751 2656 1910 2728 Ὁρᾷς
1950 2659 2030 2710 δτι

445 2742 505 2795 τὸ
555 2745 661 2796 πᾶν
691 2745 784 2799 τοῦ
814 2746 972 2815 λόγου
1017 2748 1191 2812 οὕτως
1223 2749 1626 2818 ἐσχημάτισται
1665 2747 1754 2803 διὰ
1791 2749 1888 2818 τὴν
1923 2748 2032 2803 τῶν

450 2833 749 2888 ἀκουόντων
787 2837 1184 2908 μικροψυχίανς
1222 2838 1365 2908 Πλὴν
1419 2839 1520 2908 ὅρα
1561 2838 1838 2890 κάνταῦθα
1879 2840 1937 2890 τὸ
1971 2839 2032 2891 ὑ-

448 2923 869 2993 ψη).ὀν.Αἷτιος
914 2929 1021 3000 γὰρ
1084 2929 1383 2997 σωτηρίας
1444 2929 1700 2996 ἐγένετο,
1756 2929 1890 2998 ὅπερ
1933 2929 2034 2998 τῆς

446 3015 719 3084 θεότητος.
756 3020 945 3083 Οὐδεὶς
973 3020 1079 3091 γὰρ
1122 3021 1302 3086 ἄλλος,
1351 3021 1399 3072 εἰ
1452 3019 1526 3089 μὴ
1577 3019 1732 3084 Θεὸς,
1779 3019 2034 3091 τοιαύτης

447 3109 649 3176 σωτηρῖ
655 3126 718 3170 ας
750 3109 938 3162 αἴτιος.

513 3291 1021 3360 Προσαγορευθεὶς
1049 3292 1166 3348 ὑπὸ
1202 3293 1351 3348 Θεοῦ
1379 3293 1707 3364 Ἀρχιερεὺς
1723 3295 1871 3349 κατὰ
1899 3294 2014 3362 τὴν
2047 3274 2091 3330 c
2124 3309 2126 3311 '

441 3378 614 3444 τάξιν
638 3382 1036 3451 Μελχισεδέκ.
1071 3383 1234 3443 Διότι,
1278 3385 1465 3455 φησιν,
1517 3385 1708 3449 ἔπαθε,
1761 3384 1848 3438 διὰ
1877 3384 2030 3438 τοῦτο

443 3470 733 3541 ἀρχιερεὺς
779 3472 1221 3543 προσηγορεύθη,
1271 3473 1346 3536 ὡς
1397 3473 1586 3526 ἑαυτὸν
1631 3474 2026 3544 προσενέγκας.

443 3560 589 3627 Πλὴν
621 3562 670 3612 εὶ
703 3562 797 3613 καὶ
823 3556 960 3630 αἷμα
986 3563 1380 3634 προσήνεγκεν,
1414 3564 1529 3617 ἀλλ’
1553 3560 1644 3617 οὖν
1673 3566 1732 3616 οὑ
1768 3565 1908 3618 κατὰ
1932 3564 2030 3633 τὴν

442 3650 593 3714 τάξιν
617 3650 725 3703 τῶν
766 3651 1067 3704 Ἰουδαῖκῶν
1100 3654 1433 3724 ἀρχιερέων,
1467 3654 1602 3706 ἀλλὰ
1625 3655 1767 3706 κατὰ
1800 3653 1898 3724 τὴν
1935 3653 2029 3706 τοῦ

445 3741 801 3811 Μελχισεδέκ.
827 3744 1039 3814 Ὥσπερ
1068 3744 1178 3814 γὰρ
1212 3747 1416 3809 ἐκεῖνος
1463 3747 1560 3816 οὑχ
1605 3746 1709 3799 ὑπδ
1741 3746 2027 3817 ἀνθρώπου

441 3833 690 3903 ἐχρίσθη·
744 3833 917 3896 οὕτως
941 3835 1062 3888 οὐδὲ
1108 3836 1415 3906 ὁΧριστὺς,
1462 3835 1576 3889 ἀλλ’
1618 3837 1722 3890 ὑπὸ
1747 3836 1904 3898 Θεοῦ.
1953 3837 2032 3908 τῷ

441 3922 712 3994 ὑμοουσίῳ
755 3923 919 3976 αὑτοῦ
946 3923 1245 3993 Πνεύματι.
1301 3924 1513 3994 Ὠσπερ
1560 3925 1670 3994 γὰρ
1719 3923 1927 3988 ἐκεῖνος
1968 3928 2029 3979 οὑ

447 4012 677 4078 νομικὰς
704 4013 955 4082 προσῆγε
987 4012 1198 4076 Θυσίας,
1238 4012 1410 4075 οὕτως
1439 4014 1558 4066 οὑδὲ
1584 4010 1738 4076 οὗτος
1769 4030 1783 4044 ·
1827 4015 2033 4078 ἐκεῖνος

447 4101 726 4168 βασιλεὺς,
764 4102 910 4156 οὕτω
935 4105 1028 4157 κα)⁸
1061 4097 1236 4166 οὗτοςο
1269 4105 1360 4157 καὶ
1389 4105 1558 4175 μυρία
1593 4104 1748 4167 ἄλλα.

521 4285 654 4350 Περὶ
688 4279 762 4337 οὗ
795 4283 988 4349 πολὺς
1015 4283 1160 4352 ἡμῖν
1187 4288 1219 4338 ό
1247 4284 1448 4352 λόγος,
1486 4282 1583 4336 καὶ
1621 4282 2029 4351 δυσερμήνευ-

447 4391 550 4437 τος
590 4375 812 4443 λέγειν·
864 4375 994 4428 ἐπεὶ
1038 4374 1250 4442 νωθροὶ
1302 4377 1581 4445 γεγόνατε
1623 4373 1752 4439 ταῖς
1800 4373 2029 4440 ἀκοαῖς.

445 4461 674 4514 Μέλλων
703 4463 784 4523 εἰς
827 4461 925 4529 τὴν
972 4462 1239 4529 διαφοράν
1286 4461 1385 4530 τῆς
1432 4460 1733 4530 ἱερωσύνης
1785 4461 2032 4514 καθεῖναι

442 4555 537 4604 τὶν
566 4553 745 4621 λόγον,
786 4557 1051 4625 πρότερον
1079 4557 1264 4618 αὐτοῖς
1291 4557 1539 4625 ἐπιτιμᾷ,
1582 4555 1796 4614 δεικνὺς
1819 4557 1902 4608 ὃτι
1943 4554 2031 4607 διὰ

441 4645 506 4697 τὸ
544 4646 814 4715 νηπιῶδες
843 4646 1024 4699 αὑτῶν
1055 4645 1293 4700 τοσαῦτα
1323 4647 1554 4700 ταπεινὰ
1583 4647 1904 4715 ἐφθέγξατο.
1940 4651 2034 4701 καὶ

443 4736 525 4804 τῷ
560 4737 704 4789 κατὰ
735 4737 916 4806 σάρκα
953 4736 1095 4807 λόγῳ
1125 4736 1478 4808 ἐνδιέτριψεν.
1530 4738 1590 4789 Ei
1627 4738 1739 4808 γὰρ
1770 4739 1844 4808 μὴ
1896 4733 2036 4807 ἦσαν

447 4824 718 4888 ἀσθενεῖς,
766 4825 932 4878 πάλαι
979 4825 1044 4880 ἂν
1089 4827 1198 4880 τῶν
1241 4826 1593 4896 ὑψηλοτέρων
1624 4829 1888 4898 ἐμνήσθη.
1937 4830 2038 4881 Διὰ

448 4912 546 4979 τὴν
596 4913 871 4983 ὑμετέραν
912 4913 1006 4968 οὖν
1053 4914 1340 4986 νωθρείαν,
1396 4917 1552 4985 φησι,
1605 4916 2035 4986 δυτερμηνευτός

450 5002 593 5054 ἐστιν
617 5004 646 5055 6
679 5003 836 5072 λόγος
875 5005 904 5056 ὁ
934 5007 1065 5073 περὶ
1095 5005 1210 5068 τοῦ,
1254 5005 1371 5066 πῶς
1399 5008 1545 5058 ἐστιν
1579 5007 1608 5058 ὁ
1642 5008 1873 5077 Χριστὸς
1907 5008 2036 5076 ’Δρ-

445 5096 663 5166 χιερεὺς
705 5099 847 5150 κατὰ
880 5098 977 5166 τὴν
1016 5099 1174 5162 τάξιν
1217 5097 1579 5168 Μελχισεδέκ.
1631 5101 1739 5152 Καὶ
1794 5101 1928 5154 διότι
1973 5105 2033 5155 οὑ

448 5187 659 5239 συνίετε
695 5189 872 5257 ὑμεῖς,
910 5189 1000 5242 διὰ
1026 5188 1184 5242 τοῦτο
1217 5188 1328 5257 ἐγὼ
1363 5189 1542 5251 καλῶς
1593 5191 1927 5259 ἑρμηνεῦσαι
1972 5195 2034 5246 οὑ

443 5277 700 5346 δύναμαι.
737 5281 862 5341 Τοῖς
892 5282 988 5350 μὲν
1019 5281 1111 5334 οὖν
1146 5281 1468 5352 Κορινθίοις,
1511 5281 1586 5352 μὴ
1632 5282 1890 5336 δύνασθαι
1917 5284 2036 5336 δια-

444 5371 699 5439 λεχθῆναι
730 5374 858 5443 περι⁵
892 5374 1272 5442 πκευματικῶν
1336 5390 1522 5444 φησιν,
1575 5373 1673 5427 ἅτε
1719 5376 1783 5444 δὴ
1841 5375 2036 5446 ζήλους

446 5460 545 5512 καὶ
585 5463 700 5530 Ege:
731 5461 933 5532 ἔχουσι·
989 5463 1069 5516 διὸ
1119 5463 1213 5516 καὶ
1266 5464 1562 5534 σαρκικοὺς
1606 5464 1803 5529 αὐτοὺς
1858 5468 2030 5522 καλεῖ.

445 5550 683 5607 τούτους
711 5553 768 5605 δὲ
793 5554 980 5624 ἐπειδὴ
1026 5554 1085 5608 τὸ
1112 5553 1320 5624 ἀμαθὲς
1363 5554 1472 5607 ἀπὸ
1509 5553 1618 5608 τῶν
1657 5556 1890 5626 θλίψεων
1935 5561 2035 5610 ἐπ-

447 5643 688 5711 εγένετο,
733 5645 793 5696 οὑ
830 5646 1145 5713 σαρκικοὺς,
1190 5644 1326 5698 ἀλλὰ
1364 5646 1606 5717 νωθροὺς
1645 5649 1817 5701 καλεῖ.
1852 5651 2034 5702 Εἰπὼν

449 5732 506 5785 δὲ
532 5733 610 5798 τὸ,
644 5736 935 5804 γεγόνατε,
967 5735 1234 5789 δείκνυσιν
1263 5736 1456 5800 αὐτοὺς
1487 5740 1652 5792 πάὶαι
1679 5739 2033 5807 ὑγιαίνοντας,

452 5824 680 5890 ὕστερον
707 5824 763 5877 δὲ
791 5827 1058 5891 τοιούτους
1093 5825 1400 5897 γεγονότας.

2126 665 2236 718 prae
2270 650 2715 718 pusillanimitate
2750 643 3052 718 repugnare
3083 650 3418 714 riderentur,
3453 653 3566 705 here
3603 653 3705 710 ltu~

2125 737 2278 790 milia
2319 739 2384 792 dc
2431 739 2568 792 Filio
2615 738 2705 790 Dei
2753 740 3026 806 loquatur.
3065 750 3122 791 ut
3157 754 3220 792 ex
3259 741 3555 795 abundanti
3587 759 3708 810 pcr-

2122 827 2352 881 suadeat
2379 829 2459 881 eis
2492 829 2876 897 obtetttpet‘are
2907 830 3176 881 voluntati
3210 830 3329 890 Dei,
3369 846 3470 885 nec
3517 833 3702 886 statim

2126 918 2190 970 ad
2254 919 2641 974 trilmlationes
2695 919 2935 972 animum
3013 919 3386 988 despondere,
3434 923 3542 975 sed
3608 939 3702 974 stt-

2126 1025 2354 1078 pernum
2381 1010 2644 1064 auxilium
2680 1021 3018 1080 exspectare.
3053 1009 3185 1064 Nam
3207 1009 3468 1074 etFilius,
3500 1013 3701 1080 inquit,

2126 1115 2247 1152 cum
2294 1103 2650 1155 sustinuisset
2699 1101 3029 1169 passionem,
3073 1109 3295 1171 propter
3333 1102 3702 1156 obedientiam

2126 1191 2417 1246 exauditus
2458 1201 2542 1246 est
2595 1209 2623 1246 a
2673 1192 2874 1254 Patre.
2923 1201 3089 1262 atque
3150 1202 3333 1262 eri-pta
3391 1203 3474 1247 est
3519 1194 3701 1247 anima

2126 1285 2296 1352 ipsius
2323 1299 2388 1338 ex
2434 1294 2630 1340 morte.
2683 1288 2856 1355 Atque
2902 1286 3028 1339 hinc
3075 1296 3336 1355 perpetuo
3377 1301 3581 1339 morem
3612 1303 3704 1354 ge-

2128 1391 2244 1427 rere
2279 1374 2473 1428 didicit
2528 1374 2656 1436 Deo,
2708 1376 2915 1445 quippe
2948 1375 3071 1442 quia
3106 1375 3416 1428 obcdientia
3465 1377 3697 1429 multum

2128 1479 2331 1535 posset.
2379 1463 2435 1519 Si
2478 1467 2644 1537 igitur
2676 1467 2768 1520 ille
2808 1484 2871 1521 ex
2899 1467 3286 1521 afﬂictionibus
3326 1468 3573 1520 lucratus
3596 1475 3719 1530 est,-

2126 1573 2221 1612 vos
2261 1559 2432 1611 multo
2465 1559 2654 1627 magis.
2691 1557 2889 1613 Vidisti
2921 1558 3198 1627 quomodo
3232 1558 3436 1612 Pautus
3484 1567 3706 1628 propter

2125 1650 2438 1701 auditorum
2465 1650 2751 1703 utilitatem
2784 1650 2856 1702 ita
2886 1648 3360 1712 condescenderit,
3387 1658 3440 1702 ut
3468 1649 3703 1702 absurda

2125 1740 2373 1808 quzedam
2401 1740 2582 1793 dicere
2608 1738 2876 1793 videatur.
2901 1738 3038 1792 Audi
3067 1753 3194 1792 vero
3224 1753 3345 1809 qua:
3369 1747 3700 1809 sequuntur.

2209 1927 2370 1982 Vens.
2400 1928 2453 1982 9.
2493 1926 2554 1980 Et
2575 1935 2999 1982 consummatus.
3043 1926 3482 1994 gConsummatio
3542 1925 3708 1995 igitur

2137 2019 2193 2071 fit
2227 2034 2322 2088 per
2375 2019 2716 2073 aﬂlictiones.
2741 2017 3029 2084 Quomodo
3057 2016 3224 2085 igitur
3273 2032 3369 2071 vos
3407 2031 3551 2084 πει-ο
3573 2015 3702 2069 estis

2133 2111 2319 2161 ani'uo
2348 2109 2401 2161 in
2445 2108 2620 2170 malis,
2655 2123 2776 2176 quin
2800 2123 2895 2161 vos
2951 2117 3365 2162 consummatos
3427 2105 3704 2158 reddunt?

2196 2196 2395 2252 Factus
2446 2209 2524 2252 est
2575 2197 2816 2252 omnibus
2872 2196 3350 2265 obtemperantibus
3395 2195 3494 2248 sibi
3546 2211 3710 2247 causa

2133 2288 2323 2341 salutis
2355 2298 2586 2342 ceterum.
2627 2286 2738 2342 [ioc
2762 2298 2868 2351 εει,
2899 2287 3099 2342 nedum
3130 2286 3246 2355 ipse
3301 2293 3550 2338 servatus
3602 2294 3706 2344 est,

2133 2380 2487 2434 verumetiam
2521 2380 2644 2434 aliis
2669 2381 2900 2435 salutem
2935 2377 3248 2432 conciliavit
3281 2395 3292 2428 :
3363 2390 3536 2444 neque
3587 2389 3706 2427 eam

2134 2468 2535 2536 temporariam,
2592 2469 2816 2538 perinde
2881 2483 2942 2522 ac
2998 2483 3060 2520 ex
3123 2466 3302 2527 hellis,
3383 2465 3477 2518 sed
3547 2472 3707 2516 aiter-

2134 2575 2281 2614 nam.
2312 2559 2525 2625 Quibus
2554 2559 2705 2615 hisce
2733 2558 3178 2614 Tobedienh‘hus.
3216 2555 3507 2622 Quomodo
3542 2556 3709 2625 igitur

2134 2665 2231 2705 ros
2263 2651 2636 2706 inobedientes
2665 2651 2820 2711 estis,
2855 2651 2991 2703 adeo
3030 2657 3084 2702 ut
3117 2664 3145 2702 a
3182 2652 3359 2702 salute
3401 2663 3497 2701 vos
3559 2649 3708 2701 exci-

2133 2742 2263 2796 dere
2298 2743 2599 2812 periculum
2627 2743 2747 2798 sit?
2778 2741 3014 2797 Videsne
3062 2745 3372 2795 universam
3411 2740 3550 2792 hanc
3578 2753 3708 2793 ora-

2135 2833 2335 2885 tionem
2371 2833 2441 2886 ita
2504 2833 2789 2886 formatam
2822 2847 2942 2886 esse
3005 2839 3225 2899 propter
3263 2830 3570 2882 auditorum
3609 2842 3708 2893 pu-

2134 2920 2566 2974 sillanimitatem
2596 2919 2893 2973 tAttamen
2929 2918 3016 2971 hic
3072 2931 3269 2970 rursus
3315 2915 3704 2969 sublimitatem

2133 3011 2399 3064 orationis
2431 3011 2668 3064 intuere.
2705 3009 2907 3074 Causa,
2939 3009 3137 3077 inquit,
3166 3005 3355 3062 salutis
3387 3005 3563 3072 [actus
3585 3011 3706 3057 est:

2135 3102 2276 3172 quod
2311 3118 2443 3157 sane
2467 3103 2768 3158 divinitatis
2793 3112 2900 3157 cst.
2935 3101 3110 3155 Nemo
3140 3101 3284 3156 enim
3318 3099 3456 3153 alius
3518 3096 3709 3167 hujus-

2136 3193 2279 3246 modi
2316 3195 2516 3248 salutis
2543 3202 2740 3247 auctor
2768 3203 2964 3262 prater
2999 3193 3185 3246 Deum.

2197 3281 2360 3338 Vens.
2388 3284 2476 3337 l0.
2542 3284 2851 3351 Appellatus
2883 3299 2914 3336 a
2954 3281 3060 3336 Deo
3123 3281 3374 3351 Pontifex
3423 3279 3706 3334 secundum

2132 3374 2364 3429 ordinem
2398 3374 2766 3430 Melchisedec.
2798 3373 2934 3440 Quia
2968 3388 3166 3444 passus
3199 3382 3304 3437 est,
3340 3373 3537 3442 inquit,
3579 3387 3712 3442 pro-

2131 3473 2313 3534 pterea
2333 3466 2636 3534 appellatus
2652 3475 2736 3521 est
2763 3464 3034 3528 Pontifex,
3057 3465 3218 3519 veluti
3246 3464 3537 3535 semetipso
3565 3462 3700 3518 olfe-

2131 3572 2278 3613 rens.
2313 3556 2698 3610 Verumtamen
2729 3557 2831 3612 etsi
2887 3557 3206 3627 sanguinem
3271 3557 3492 3616 obtulit.
3555 3555 3702 3611 istud

2131 3658 2309 3702 tamen
2340 3662 2448 3702 non
2501 3647 2628 3701 fecit
2675 3647 2830 3716 juxta
2878 3648 3122 3702 ordinem
3174 3645 3529 3703 «Iudaicarum
3564 3662 3706 3716 pon-

2133 3737 2360 3803 tificum,
2394 3753 2580 3794 verum
2611 3739 2912 3793 seetmdum
2935 3739 3184 3794 ordinem
3221 3739 3600 3793 Melchisedec.
3637 3735 3705 3791 Ut

2132 3829 2278 3884 enim
2310 3829 2400 3884 ille
2416 3830 2485 3883 ah
2517 3829 2737 3885 homine
2767 3845 2877 3884 non
2906 3839 2990 3886 est
3044 3832 3327 3896 inunctus,
3385 3830 3464 3885 sic
3521 3843 3700 3898 neque

2132 3919 2410 3984 Christus,
2440 3919 2532 3975 sed
2565 3936 2595 3974 a
2631 3919 2762 3987 Deo,
2800 3937 2896 3990 per
2934 3921 3180 3990 ejusdem
3217 3935 3402 3976 serum
3459 3919 3710 3974 essentia:

2135 4009 2423 4079 Spiritum.
2452 4009 2924 4078 Quemadmodum
2977 4012 3122 4065 enim
3153 4011 3242 4064 ille
3270 4011 3405 4077 legis
3439 4009 3710 4063 sacrificia

2133 4115 2242 4155 non
2265 4102 2485 4166 obtulit,
2517 4103 2598 4158 sic
2622 4117 2802 4172 neque
2839 4102 2962 4156 iste.
2984 4102 3078 4155 Ille
3110 4099 3219 4154 Bc:
3254 4108 3373 4154 erat
3408 4115 3424 4162 ;
3459 4098 3711 4153 similiter

2133 4200 2186 4244 et
2213 4191 2336 4253 iste,
2377 4191 2596 4261 aliaque
2627 4191 2937 4246 innumera.

2201 4281 2391 4335 VERSJ
2408 4283 2454 4335 ι.
2473 4281 2550 4336 De
2565 4298 2664 4352 quo
2683 4281 2879 4335 multus
2895 4289 2972 4334 est
2990 4281 3135 4334 nobis
3152 4278 3711 4347 sermo,e.rplicatuque

2133 4372 2361 4442 difﬁcilis
2382 4391 2400 4439 ;
2419 4375 2668 4444 quoniam
2696 4389 2875 4445 segnes
2900 4372 3033 4441 facti
3053 4373 3178 4426 estis
3205 4372 3444 4425 auribus.
3469 4368 3708 4424 Perdue-

2138 4473 2191 4517 tu
2203 4479 2296 4519 rus
2317 4467 2620 4537 orationem
2646 4465 2713 4520 ad
2735 4464 3024 4520 sacerdotii
3045 4464 3364 4529 discrimen,
3379 4463 3531 4533 prius
3561 4463 3710 4531 ipsos

2135 4553 2406 4623 objurgat,
2428 4555 2678 4610 indicans
2705 4555 2853 4625 quod
2879 4564 3101 4626 propter
3125 4554 3408 4609 infantiam
3464 4555 3708 4623 ipsorum

2143 4640 2286 4697 adeo’
2307 4645 2530 4700 humilia
2587 4647 2895 4716 protulerit,
2936 4655 3102 4714 atque
3166 4645 3490 4699 immoratus
3544 4645 3614 4699 sit
3656 4642 3711 4696 in

2141 4737 2391 4790 oratione
2419 4737 2487 4791 de
2523 4737 2862 4792 humanitate
2886 4737 3116 4793 Christi.
3148 4736 3264 4792 Nisi
3295 4737 3442 4790 enim
3502 4733 3706 4790 infirmi

2139 4827 2392 4888 fuissent,
2407 4828 2726 4896 jamdudum
2747 4829 3128 4884 sublimiorum
3144 4844 3322 4884 rerum
3346 4827 3708 4883 meminisset.

2137 4916 2218 4972 Ob
2243 4929 2482 4974 vestrum
2522 4918 2686 4989 igitur
2743 4927 3044 4990 torporem,
3107 4919 3274 4990 680
3324 4920 3523 4989 inquit,
3567 4917 3710 4972 haud

2142 5011 2297 5065 facile
2349 5009 2695 5080 explicabilis
2739 5017 2826 5065 cst
2885 5027 3066 5067 sermo
3131 5012 3200 5066 de
3282 5025 3369 5075 co,
3438 5007 3712 5080 quomodo

2137 5103 2387 5157 Christus
2408 5103 2481 5157 sit
2509 5102 2766 5159 Pontifex
2809 5104 3117 5160 secundum
3153 5101 3403 5158 ordinem
3428 5100 3710 5155 Melchiscv

2139 5192 2256 5248 dcc.
2287 5193 2352 5246 Et
2385 5195 2510 5264 quia
2551 5211 2659 5249 non
2691 5197 3014 5268 intelligitis,
3074 5206 3362 5268 propterea
3405 5207 3506 5260 ego
3558 5206 3708 5244 com-

2141 5284 2296 5336 mode
2325 5284 2674 5354 intcrpretari
2705 5303 2818 5342 non
2856 5304 3107 5359 possum.
3139 5287 3302 5340 Certe
3341 5281 3562 5348 quidem
3594 5281 3707 5336 Co-

2141 5375 2356 5431 rintliiis
2393 5377 2470 5430 ait
2502 5391 2562 5432 se
2613 5393 2720 5433 non
2751 5394 2914 5449 posse
2973 5379 3123 5444 loqui
3179 5376 3247 5430 de
3309 5373 3706 5442 spiritualihus.

2139 5465 2339 5534 quippe
2364 5466 2508 5535 quod
2540 5470 2920 5524 aemulationes
2953 5478 3008 5522 et
3037 5463 3420 5521 contentiones
3479 5463 3620 5519 inter
3648 5481 3708 5520 se

2140 5555 2384 5610 foverent
2418 5573 2433 5611 :
2471 5570 2752 5630 propterea
2813 5569 2866 5612 et
2897 5558 3145 5613 carnales
3206 5570 3303 5610 eos
3347 5566 3528 5611 vocat.
3597 5555 3706 5612 llos

2140 5655 2339 5712 autem,
2370 5648 2499 5715 quia
2539 5648 2780 5702 discendi
2835 5647 3123 5702 difﬁcultas
3191 5663 3257 5701 ex
3314 5648 3702 5704 afﬂictionibus

2138 5738 2449 5801 obvenerat,
2477 5755 2581 5790 non
2621 5739 2888 5802 carnales,
2913 5754 3098 5793 verum
3127 5755 3325 5809 segnes
3356 5748 3529 5795 vocat.
3563 5739 3700 5792 Cum

2139 5836 2317 5880 autem
2339 5828 2432 5886 ait.
2449 5828 2575 5895 facti
2591 5830 2737 5894 estis,
2757 5830 2996 5892 ostendit
3020 5829 3168 5900 ipsos
3192 5833 3426 5902 primum
3449 5830 3586 5886 bene
3608 5841 3705 5880 ra-

2141 5919 2331 5986 luissc,
2359 5929 2548 5990 postea
2588 5938 2714 5977 vero
2745 5925 2883 5981 tales
2908 5923 3105 5980 factos.
