4014 6208
310 406 417 469 2'7

1204 405 1784 468 THEOPHYI.ACTI
1826 404 2238 467 BULGARIIE
2264 410 2623 472 ARCHIEP.

3441 406 3550 478 218

384 522 544 577 Vnus.
578 521 669 577 19..
724 521 934 577 Etenim
996 538 1112 576 cum
1169 522 1422 577 deberetis
1476 536 1587 576 esse
1643 519 1873 572 doctores

2058 523 2169 575 Kal
2202 524 2311 592 γὰρ
2357 523 2702 592 ὀφείλοντες
2739 524 2891 579 εἶναι
2933 523 3289 583 διδάσκαλοι
3321 523 3421 581 διὰ
3458 524 3569 579 τὸν

315 622 525 677 propter
559 622 780 682 tempus.
810 612 1234 667 Accusationem
1287 611 1540 667 encomio
1570 609 1782 671 miscet,
1808 608 1891 662 in-

315 707 548 775 quiens:
610 706 857 760 Aliorum
920 720 1018 760 vos
1094 705 1376 760 debebatis
1425 719 1549 760 esse
1612 702 1887 757 doctores.

314 797 563 853 Ostendit
589 798 735 854 enim
768 798 881 867 jam
915 798 1044 852 olim
1081 798 1206 853 illos
1233 796 1556 862 credidisse,
1580 808 1889 864 arcanaque

316 890 597 959 religionis
619 888 887 945 audiisse.
921 889 1097 943 Ambo
1126 898 1307 942 autem
1345 888 1462 943 haec
1511 886 1676 942 laude
1699 886 1886 955 digna,

317 982 362 1030 si
396 977 558 1032 modo
589 978 654 1031 ad
687 979 994 1033 socordiam
1028 995 1135 1034 non
1194 986 1375 1035 essent
1424 979 1681 1050 prolapsi.
1725 974 1887 1032 Tem-

320 1084 446 1136 pus,
481 1068 678 1138 inquit,
703 1068 957 1125 fortiores
993 1070 1219 1125 reddit:
1284 1087 1383 1125 vos
1447 1086 1573 1126 vero
1631 1068 1885 1126 dissoluti

317 1158 424 1211 hoc
453 1156 656 1212 frustra
685 1157 839 1213 abusi
882 1161 1038 1215 estis.

388 1248 590 1303 Rursus
643 1249 888 1321 indigetis
932 1261 987 1305 ut
1035 1268 1124 1307 vos
1183 1254 1475 1306 doceamini
1502 1252 1884 1323 qulemntele-

316 1350 486 1393 menta
509 1341 714 1395 exordii
763 1359 1065 1397 sermonum
1101 1344 1219 1399 Dei.
1274 1344 1575 1409 Elementa,
1641 1360 1705 1401 ea
1762 1360 1884 1415 quae

316 1437 444 1480 sunt
476 1429 543 1483 de
569 1430 911 1488 humanitate
938 1432 1147 1489 Christi
1179 1444 1362 1490 vocat.
1398 1434 1467 1490 Ut
1524 1435 1669 1491 enim
1707 1436 1763 1490 in
1788 1451 1883 1491 ex-

315 1519 486 1573 ternis
519 1519 716 1575 litteris
739 1523 911 1591 prima
940 1524 1210 1579 elementa
1259 1525 1522 1581 discenda
1553 1533 1701 1590 sunt,
1736 1526 1883 1581 hunc

314 1608 378 1661 ad
404 1612 622 1664 modum
666 1613 754 1667 hic
809 1615 1041 1682 primum
1083 1616 1277 1691 doceri
1299 1626 1515 1686 Oportet
1573 1618 1641 1672 de
1686 1617 1880 1673 huma-

312 1701 485 1755 nitate
532 1702 766 1767 Christi,
827 1711 996 1772 atque
1063 1706 1365 1763 humilibus
1428 1708 1880 1773 assuescendum,

312 1788 510 1842 deinde
539 1791 909 1846 accedendum
940 1804 1023 1849 est
1065 1794 1134 1848 ad
1180 1810 1243 1850 ea
1286 1810 1408 1866 quae
1446 1804 1574 1852 sunt
1625 1796 1877 1862 Deitatis,

313 1892 436 1947 quae
461 1880 774 1950 perfectiori
808 1883 1116 1940 intellectus
1145 1901 1287 1955 opus
1322 1887 1543 1943 habent.
1590 1887 1731 1944 Ecce
1761 1889 1873 1960 jam

313 1971 384 2026 ab
421 1973 538 2043 ipso
565 1972 739 2030 Paulo
779 1978 1072 2034 manifeste
1105 1980 1559 2051 didicisti,quam
1614 1984 1685 2036 ob
1745 1997 1875 2038 cau-

310 2075 428 2116 sam
480 2064 533 2117 in
590 2064 894 2124 humilibus
950 2070 1302 2126 sermonibus
1356 2072 1700 2139 immoratur,
1752 2087 1877 2130 raro

307 2163 488 2209 autem
529 2158 761 2214 sublime
793 2160 995 2230 aliquid
1032 2163 1293 2232 loquitur,
1323 2171 1376 2217 et
1408 2163 1555 2233 quod
1601 2164 1670 2220 ob
1719 2165 1876 2220 infir-

308 2247 550 2301 mitatem
584 2248 895 2305 eruditorum
931 2253 1035 2308 ista
1075 2254 1260 2308 faciat.
1288 2254 1430 2310 Ecce
1472 2257 1640 2327 igitur
1679 2265 1734 2313 et
1763 2259 1878 2314 h'ec

312 2331 554 2403 Epistula
599 2337 897 2398 humilibus
926 2351 1011 2397 est
1058 2342 1282 2399 referta.
1313 2344 1372 2399 Si
1429 2355 1614 2401 autem
1667 2347 1872 2418 aliquid

308 2425 540 2483 sublime
565 2427 749 2496 habet,
773 2431 876 2487 hoc
890 2434 1080 2503 paucis
1108 2436 1449 2508 transigitur.

363 2515 428 2570 Et
465 2518 596 2585 facti
628 2525 754 2575 estis
787 2524 975 2592 quibus
1015 2525 1151 2581 lacte
1209 2544 1338 2598 opus
1389 2531 1484 2593 sit,
1540 2547 1647 2586 non
1670 2532 1874 2590 isolido

302 2605 439 2661 cibo.
461 2605 583 2665 Non
615 2611 776 2679 dixit,
813 2612 962 2683 Opus
993 2616 1232 2682 habetis.
1269 2620 1389 2686 sed,
1409 2621 1542 2690 facti
1567 2625 1714 2690 estis,
1770 2625 1874 2680 hoc

303 2706 411 2759 est,
435 2700 640 2770 vosipsi
667 2704 918 2774 vosipsos
956 2721 1023 2762 eo
1078 2708 1436 2778 perduxistis,
1468 2723 1644 2770 vestra
1680 2726 1874 2786 sponte

303 2788 439 2844 tales
467 2789 619 2846 facti.
656 2792 765 2849 Lac
785 2803 993 2862 autem,
1031 2799 1287 2857 humilem
1321 2806 1624 2863 orationem
1689 2810 1877 2878 appel-

301 2878 379 2933 lat
410 2881 596 2948 etbic,
629 2884 767 2940 etin
805 2884 1048 2957 Epistola
1109 2892 1175 2945 ad
1227 2891 1582 2952 Corinthios:
1634 2898 1869 2953 solidum

302 2988 435 3027 vero
457 2974 672 3041 cibum,
703 2982 1030 3048 perfectiora
1055 2994 1111 3039 et
1148 2985 1366 3041 altiora.
1414 2987 1532 3044 Non
1588 2994 1872 3059 oportebat

301 3061 488 3132 igitur,
517 3065 716 3134 inquit,
753 3084 898 3123 nunc
926 3071 1270 3129 introducere
1298 3076 1510 3143 legalia,
1559 3088 1613 3132 et
1643 3079 1713 3133 ab
1747 3080 1870 3136 istis

302 3154 768 3220 comparationem
803 3156 983 3212 facere
1044 3160 1491 3231 incomparabilis
1531 3166 1754 3230 Christi,
1785 3172 1867 3225 ni-
1897 3187 1940 3248 ρ

301 3240 499 3297 mirum
523 3245 669 3314 quod
697 3245 770 3301 sit
798 3245 1065 3313 Pontifex,
1083 3254 1225 3320 quod
1255 3268 1470 3309 sacrum
1498 3255 1704 3319 fecerit,
1722 3261 1868 3330 quod

300 3344 427 3385 cum
464 3331 702 3389 clamore
735 3350 991 3406 precatus
1026 3344 1118 3405 sit,
1153 3359 1219 3398 ac
1249 3346 1673 3414 supplicationes
1727 3350 1871 3407 fece-

300 3419 374 3473 rit
404 3436 419 3473 :
450 3429 691 3479 attamen
711 3426 839 3496 quia
868 3442 966 3483 vos
997 3430 1147 3487 hisce
1178 3433 1411 3499 alimini,
1444 3452 1699 3508 prapono
1730 3440 1866 3497 haec.

300 3506 542 3567 Observa
570 3522 751 3571 autem
791 3522 939 3587 quod
969 3535 1090 3590 quae
1135 3539 1282 3579 nunc
1334 3526 1494 3585 nobis
1549 3506 1772 3597 adsunt,
1805 3549 1868 3589 ea

300 3614 419 3658 tum
454 3605 679 3661 alebant
712 3607 858 3674 illos,
898 3619 953 3665 et
978 3614 1124 3682 quod
1162 3630 1345 3671 verum
1387 3627 1518 3674 sunt
1548 3621 1865 3679 alimentum

298 3692 514 3761 eloquia
548 3693 660 3751 Dei.
686 3696 831 3754 Dabo
854 3701 1023 3767 enim,
1053 3704 1251 3775 inquit,
1265 3706 1460 3776 [autem
1485 3709 1594 3765 illis
1617 3713 1868 3769 audiendi

295 3782 505 3836 uerbum
527 3784 759 3842 Domini.

366 3875 652 3935 “5113.15.
700 3880 885 3937 Omnis
908 3885 1046 3938 enim
1103 3888 1193 3956 qui
1250 3887 1405 3945 lactis
1448 3900 1529 3946 est
1580 3895 1864 3964 particeps,

295 3969 598 4039 inexpertus
628 3982 709 4027 est
737 3977 996 4030 sermonis
1052 3978 1282 4046 justitia:
1312 3996 1330 4033 :
1395 3982 1557 4053 681
1612 3985 1864 4051 parvulus

291 4063 434 4116 enim
465 4074 564 4118 est.
603 4063 906 4132 Justitiam,
938 4068 1025 4124 hic
1056 4070 1135 4124 vel
1195 4081 1442 4127 exactam
1503 4074 1723 4130 vivendi
1780 4092 1868 4132 ra-

295 4157 496 4210 tionem
539 4161 796 4228 appellat,
824 4169 1082 4231 tanquam
1137 4163 1242 4219 hoc
1297 4165 1508 4232 dicens,
1563 4168 1712 4238 quod
1767 4169 1866 4224 im-

293 4247 602 4317 perfectus,
663 4250 985 4322 inexpertus
1041 4262 1125 4310 est
1179 4271 1432 4327 supernae
1477 4259 1862 4330 philosophiae,

293 4354 397 4392 ncc
430 4348 608 4409 potest
653 4342 900 4414 recipere
947 4359 1220 4400 summam
1271 4356 1327 4401 et
1368 4357 1613 4403 exactam
1668 4352 1861 4417 vitam;

293 4430 447 4498 quod
472 4442 526 4487 et
551 4431 803 4489 Christus
836 4436 1107 4506 exigebat,
1164 4437 1396 4494 dicens:
1452 4439 1579 4495 Nisi
1623 4440 1864 4497 abunda-

1990 612 2232 678 χρόνον.
2278 611 2568 683 Ἑγκωμίῳ
2608 613 2824 682 μίγνυσι
2860 612 2958 685 τὴν
2990 612 3343 684 κατηγορίαν,
3373 609 3564 676 εἰπὼν,

1989 700 2094 767 ὅτι,
2131 703 2243 756 Καὶ
2285 702 2466 766 ἄλλοις
2502 703 2610 756 ἔδει
2647 704 2791 773 ὑμᾶς
2824 698 2977 757 εἶναι
3011 703 3380 765 διδασκάλους.
3416 701 3570 753 Δεικ-

1989 808 2109 845 νυσι
2135 792 2242 864 γὰρ
2271 794 2335 846 ὲκ
2361 793 2555 847 πολλοῦ
2581 793 3011 855 πεπιστευκότας
3037 792 3255 856 αὐτοὺς,
3303 791 3398 846 καὶ
3464 807 3569 860 μυ-

1988 884 2224 955 στηρίων
2261 885 2618 949 ἀκούσαντας·
2659 886 2827 956 ἄμφω
2870 883 3125 939 δὲταῦτα
3171 884 3390 937 ἐπαίνου
3416 881 3565 946 ἄξια,

1986 976 2144 1047 εἴπερ
2173 975 2327 1030 αὐτοὶ
2357 977 2434 1046 μὴ
2461 975 2876 1047 ὲρρᾳθύμησαν.
2920 976 2981 1028 '0
3009 975 3221 1045 χρόνος,
3246 974 3400 1044 φησὶ,
3429 974 3567 1042 μᾶ).-

1984 1066 2075 1119 λον
2111 1066 2358 1136 ἰσχυροὺς
2387 1069 2542 1119 ποιεῖ·
2573 1068 2726 1136 ὑμεῖς
2754 1066 2806 1118 δὲ
2836 1066 3015 1136 μάτην
3074 1064 3244 1134 τούτῳ
3296 1062 3568 1133 κατεχρή·
3596 1114 3611 1123 ,,

1987 1156 2153 1210 σασθε
2193 1156 2527 1220 ἐκλυθέντες.
2880 1222 2884 1225 γ

2054 1245 2249 1301 Πάλιν
2271 1246 2483 1315 χρείαν
2516 1248 2685 1316 ἔχετε
2710 1247 2817 1302 τοῦ
2865 1246 3177 1299 διδάσκειν
3227 1244 3384 1312 ὑμᾶς
3429 1246 3566 1299 τινα

1983 1340 2055 1392 τὰ
2101 1338 2368 1407 στοιχεῖα
2425 1337 2535 1404 τῆς
2591 1337 2784 1407 ἀρχῆς
2831 1338 2949 1391 τῶν
2990 1339 3212 1406 λογίων
3242 1337 3349 1390 τοῦ
3392 1337 3561 1391 Θεοῦ.

1983 1430 2249 1501 Στοιχεῖα,
2292 1429 2359 1483 τὰ
2404 1429 2534 1498 περὶ
2576 1429 2676 1500 τῆς
2716 1428 3131 1500 ἀνθρωπότητος
3180 1428 3274 1480 τοῦ
3325 1425 3561 1497 Χριστοῦ

1983 1538 2167 1591 φησιν.
2203 1520 2413 1591 Ὥσπερ
2445 1521 2553 1593 γὰρ
2581 1520 2672 1573 ἐπὶ
2704 1519 2810 1572 τῶν
2858 1517 3057 1584 ἔξωθεν
3098 1518 3439 1588 γραμμάτων
3492 1515 3560 1568 τὰ

1985 1611 2221 1679 στοιχεῖα
2271 1606 2485 1678 πρῶτον
2526 1607 2610 1660 δεῖ
2660 1604 2874 1677 μαθεῖν,
2927 1603 3070 1657 οὕτω
3102 1603 3166 1675 δὴ
3199 1602 3294 1655 καὶ
3328 1598 3565 1655 ἐνταῦθα

1981 1699 2199 1769 πρῶτον
2229 1698 2357 1768 περὶ
2389 1698 2486 1767 τῆς
2517 1696 2936 1766 ἁνθρωπότητος
2966 1696 3073 1748 ἔδει
3102 1692 3434 1763 διδαχθῆναι,
3466 1690 3562 1743 καὶ

1984 1793 2096 1853 τοῖς
2120 1791 2392 1852 ταπεινοῖς
2435 1789 2797 1860 ὲνεθισθῆναι,
2842 1782 2961 1841 εἶτα
3004 1788 3117 1850 τοῖς
3167 1786 3266 1854 τῆς
3310 1782 3561 1850 θεότητος

1986 1882 2312 1953 προσϐῆναι,
2354 1880 2692 1952 τελειοτέρας
2721 1879 2955 1942 διανοίας
2981 1877 3277 1948 δεομένοις·
3329 1875 3461 1928 Ἰδοὺ
3503 1874 3567 1926 ἁ-

1985 1974 2215 2046 ριδήλως
2248 1972 2453 2042 ἔμαθες
2491 1974 2620 2044 παρ’
2649 1972 2813 2025 αὑτοῦ
2856 1970 2950 2025 τοῦ
2985 1969 3220 2032 Παύλου,
3265 1967 3410 2029 τίνος
3444 1965 3563 2017 ἓνε-

1982 2083 2077 2119 κεν
2104 2068 2217 2128 τοῖς
2254 2065 2351 2132 μὲν
2381 2066 2657 2128 ταπεινοῖς
2688 2064 2866 2133 λόγοις
2897 2061 3242 2133 ἐνδιατρίϐει,
3273 2057 3565 2120 σπανιάκις

1982 2156 2038 2210 δὲ
2070 2155 2270 2226 ὑψηλόν
2296 2173 2346 2208 τι
2377 2154 2545 2223 λέγει,
2576 2155 2669 2207 καὶ
2692 2155 2773 2207 ὅτι
2792 2153 2894 2220 τῆς
2923 2150 3201 2213 ἀσθενείας
3243 2148 3354 2202 τῶν
3403 2149 3567 2200 ἀκου-

1983 2248 2149 2302 όντων
2205 2246 2365 2300 τοῦτο
2404 2247 2565 2317 χάριν
2619 2248 2780 2299 ποιεῖ.
2855 2244 2988 2297 Ἰξοῦ
3044 2242 3174 2310 γοῦν
3209 2240 3303 2294 καὶ
3345 2239 3486 2308 αὕτη
3530 2238 3562 2307 ή

1994 2336 2281 2409 Ἐπιστολὴ
2308 2337 2413 2391 τῶν
2448 2339 2546 2408 μὲν
2579 2335 2850 2390 ταπεινῶν
2881 2335 3127 2404 γέμειτν.
3164 2333 3228 2385 El
3261 2331 3319 2385 δέ
3365 2347 3420 2383 τι
3467 2327 3562 2382 καὶ

1982 2429 2182 2500 ὑψηλὸν
2223 2428 2358 2501 ἔχει,
2406 2429 2579 2501 βραχὺ
2606 2430 2781 2485 τοῦτο.

2018 2517 2127 2573 Καὶ
2162 2520 2443 2588 γεγόνατε
2475 2520 2685 2589 χρείαν
2718 2518 2963 2588 ἔχοντες
2986 2518 3299 2586 γάλακτος,
3344 2513 3442 2568 καί
3488 2514 3559 2567 οὗ

1981 2609 2231 2679 στερεᾶς
2254 2609 2500 2680 τροφῆς.
2517 2609 2631 2666 Ούκ
2654 2607 2827 2677 εἶπεν,
2851 2611 2955 2674 ὃτι,
2980 2608 3185 2681 Χρείαν
3207 2610 3376 2678 ἔχετε,
3400 2605 3556 2671 ἀλλὰ,

1981 2703 2283 2772 γεγόνατε,
2321 2703 2617 2769 τουτέστιν,
2653 2703 2810 2772 ὑμεῖς
2842 2703 2996 2756 αύτοὶ
3039 2702 3264 2763 ἑαυτοὺς
3295 2703 3370 2763 είς
3400 2697 3557 2752 τοῦτο

1980 2797 2370 2863 κατεστήσατε,
2432 2795 2495 2846 ἐκ
2545 2795 2917 2865 προαιρέσεως
2967 2795 3199 2847 τοιοῦτοι
3253 2789 3555 2859 γεγονότες.

1980 2887 2125 2942 Γάλα
2162 2887 2220 2941 δὲ
2246 2887 2335 2941 τὸν
2370 2888 2624 2940 ταπεινὸν
2654 2887 2810 2956 λόγον
2844 2887 2997 2940 καλεῖ
3028 2888 3121 2940 καὶ
3159 2883 3417 2949 ἐνταῦθα,
3465 2882 3558 2936 καὶ

1980 2981 2036 3033 ἐν
2075 2981 2141 3052 τῇ
2181 2979 2316 3051 πρὸς
2361 2978 2701 3048 Κορινθίους·
2749 2981 2974 3051 στερεὰν
3010 2979 3066 3033 δὲ
3102 2978 3327 3050 τροφὴν.
3358 2976 3427 3029 τὰ
3470 2991 3548 3027 τε-

1978 3071 2224 3141 λειότερα
2244 3070 2337 3122 καὶ
2352 3069 2674 3139 ὑψηλότερα.
2694 3070 2806 3122 Οὐκ
2823 3068 2933 3122 ἔδει
2952 3067 3064 3134 οὖν,
3089 3070 3243 3137 φησι,
3258 3066 3353 3118 νῦν
3374 3067 3555 3117 ἐπεισ-

1979 3163 2134 3230 άγειν
2170 3160 2237 3213 τὰ
2264 3161 2482 3228 νομικὰ,
2503 3159 2597 3210 καὶ
2637 3160 2744 3212 ἀπὸ
2771 3160 2977 3212 τούτων
3007 3157 3276 3211 ποιεῖσθαι
3303 3155 3400 3225 τὴν
3429 3155 3548 3223 σύγ.

1974 3269 2155 3322 κρισιν
2191 3249 2284 3303 τοῦ
2331 3250 2664 3320 ἀσύγκριτον
2709 3248 2969 3320 Χριστοῦ,
3008 3250 3088 3302 ὅτι
3117 3266 3176 3301 τε
3218 3246 3552 3319 Ἀρχιερεὺς,

1970 3347 2065 3400 καλ⁸
2090 3345 2171 3397 ὅτι
2205 3345 2384 3408 ἔθυσε,
2415 3344 2509 3396 καὶ
2538 3344 2618 3396 ὃτι
2656 3344 2796 3413 μετὰ
2833 3341 3081 3413 κραυγῆς
3107 3340 3299 3412 ἐδεήθη
3328 3341 3420 3392 καὶ
3449 3340 3530 3392 ius

1969 3438 2185 3507 τηρῐας·
2229 3437 2342 3491 ἀλλ’
2380 3439 2528 3507 ὅμως
2570 3435 2760 3503 ἐπειδὴ
2807 3433 3070 3505 τρέψεσθε
3116 3432 3327 3494 τούτοις
3372 3430 3552 3502 ὑμεῖς,

1971 3530 2268 3601 προτίθημι
2317 3530 2409 3583 καὶ
2454 3529 2646 3583 ταῦτα.
2697 3527 3011 3597 Σημείωσαι
3052 3526 3110 3579 δὲ
3150 3526 3234 3578 ὅτι
3269 3524 3303 3578 ἆ
3330 3523 3376 3556 ⁸ο
3421 3524 3547 3593 ἡμῖι

1970 3622 2329 3691 προτίσταται
2381 3621 2498 3684 νῦν,
2544 3618 2784 3680 ἐκείνους
2829 3617 2951 3670 τότε
2980 3617 3024 3649 ⁸¹
3072 3616 3290 3687 ἔτρεφε.
3324 3615 3419 3668 καὶ
3465 3614 3549 3666 ὃτι

1967 3713 2140 3785 τροφὴ
2171 3711 2375 3782 ἀληθὴς
2420 3711 2488 3763 τὰ
2516 3710 2674 3776 λόγια
2699 3709 2794 3763 τοῦ
2825 3708 2981 3762 Θεοῦ.
3016 3707 3192 3761 Δώσω
3220 3707 3350 3777 γὰρ,
3391 3706 3547 3775 φησὶ,

1966 3806 2147 3873 λιμὸν
2172 3803 2375 3870 αὐτοῖς
2400 3803 2505 3857 τοῦ
2529 3802 2787 3857 ἀκοῦσαι
2810 3804 2998 3869 λόγον
3023 3800 3263 3867 Κυρίου.

2040 3893 2165 3961 Πᾶς
2210 3895 2321 3964 τὰρ
2359 3898 2393 3948 ό
2432 3892 2702 3963 μετέχων
2733 3892 3037 3963 γάλακτος,
3072 3892 3315 3960 ἄπειρος
3357 3891 3547 3958 ,λόγου

1965 3986 2376 4055 δικαιοσύνης*
2423 3985 2641 4053 νήπιος
2682 3985 2792 4054 γάρ
2845 3986 2995 4038 ἐστι.
3049 3981 3402 4051 Δικαιοσύνην
3459 3982 3547 4033 ἑν-

1970 4078 2145 4133 ταῦθα
2178 4078 2210 4149 ἢ
2249 4079 2345 4132 τὸν
2388 4077 2502 4149 βίον
2547 4077 2639 4130 τὸν
2676 4076 3054 4148 ἠκριϐωμένον
3110 4077 3295 4146 φησὶν,
3345 4073 3545 4127 ὡσανεὶ

1967 4171 2126 4225 τοῦτο
2144 4170 2340 4239 λέγων,
2358 4171 2461 4233 ὅτι,
2477 4170 2537 4222 '0
2556 4169 2749 4237 ἀτελὴς
2769 4168 2992 4237 ἄπειρός
3015 4170 3131 4221 ἐστι
3147 4167 3244 4235 τῆς
3257 4167 3370 4220 ἄνω
3391 4164 3543 4235 φιλο-

1970 4263 2182 4333 σοφίας,
2228 4263 2324 4317 καὶ
2367 4263 2428 4315 ού
2472 4261 2694 4315 δύναται
2728 4259 3130 4328 παραδέξασθαι
3171 4257 3284 4328 βίον
3328 4259 3498 4328 ἄκρον
3525 4273 3540 4286 ·

1964 4355 2102 4425 ὅπερ
2131 4353 2227 4408 καὶ
2259 4356 2287 4407 ό
2313 4351 2542 4422 Χριστὸς
2569 4351 2786 4423 ἀπῄτει,
2823 4350 3017 4418 λέγων·
3061 4350 3205 4404 Ἐὰν
3226 4348 3313 4420 μὴ
3337 4364 3544 4418 περισ-

1963 4447 2160 4513 σεύσῃ
2207 4444 2246 4512 ἡ
2282 4443 2633 4511 δικαιοσύνη
2679 4440 2848 4511 ὑμῶν
2884 4441 3078 4496 πλέον
3118 4440 3239 4496 τῶν
3267 4444 3541 4511 Γραμμα-

293 4521 422 4574 verit
434 4520 651 4588 justitia
689 4534 860 4580 uestra
890 4525 1013 4593 plus
1037 4543 1197 4595 quam
1228 4527 1532 4585 Scribarum
1583 4512 1862 4587 οιῬΙιανὶρ

1981 4535 2116 4590 τέων
2140 4533 2239 4586 καί
2261 4530 2600 4600 Φαρισαίων
2623 4546 2636 4561 ·
2672 4529 2705 4600 ἢ
2734 4530 3103 4601 δικαιοσύνην,
3147 4530 3256 4584 τὸν
3282 4530 3542 4600 Χριστόν

289 4628 518 4668 sworum
555 4614 633 4681 ¹⁸;
665 4615 747 4669 vel
777 4616 1071 4683 justitiam.
1113 4618 1291 4688 ipsum
1358 4620 1623 4679 Christum
1677 4638 1858 4691 vocat,

291 4703 398 4764 hoc
430 4704 658 4766 dicens;
695 4706 801 4772 Qui
859 4709 1136 4780 particeps
1192 4717 1279 4767 cst
1312 4711 1600 4769 humilium
1653 4715 1722 4772 de
1779 4715 1863 4770 in-

292 4795 612 4850 carnatione
630 4812 972 4865 sermonum,
1016 4800 1179 4857 verba
1210 4803 1469 4859 sublimia
1530 4804 1861 4875 Christoque

288 4887 451 4957 iligna
476 4902 582 4941 non
620 4888 882 4955 admittit,
939 4899 1127 4963 utpote
1169 4893 1264 4966 qui
1319 4895 1504 4951 infans
1533 4903 1636 4962 est,
1696 4903 1861 4966 atque

289 4981 392 5034 ista
409 4994 604 5051 capere
628 4984 835 5053 nequit.

360 5071 529 5130 Vsus.
563 5074 652 5131 14.
690 5075 1058 5148 Perfectorum
1116 5089 1294 5138 autem
1338 5089 1415 5135 est
1469 5079 1670 5135 solidus
1690 5078 1859 5135 cibus.

288 5166 404 5222 lloc
434 5178 540 5235 est,
577 5170 845 5227 sublimes
872 5172 1251 5228 institutiones
1282 5172 1351 5227 de
1377 5171 1667 5228 divinitate
1696 5170 1860 5227 Chri-

288 5261 377 5315 sti.
420 5258 587 5318 Vides
612 5261 901 5320 infantiam
938 5264 1169 5321 alteram
1245 5277 1368 5332 qua:
1413 5271 1467 5318 et
1517 5262 1573 5318 in
1614 5262 1857 5333 grandae-

285 5351 370 5406 vis
404 5359 509 5417 est,
538 5354 738 5410 mentis
767 5354 1016 5411 videlicet
1042 5372 1057 5408 :
1080 5369 1146 5409 ac
1177 5351 1586 5424 perfectionem,
1607 5367 1770 5421 quant
1802 5363 1861 5408 et

285 5440 515 5512 iuvenes
550 5444 755 5501 habere
784 5446 924 5501 nihil
954 5444 1201 5516 impellit.

355 5532 462 5600 Qui
475 5540 578 5602 pro”
597 5537 713 5606 ipsa
741 5538 1114 5595 consuetudine
1138 5537 1449 5594 exercitatos
1474 5534 1662 5593 habent
1674 5551 1857 5590 sensus

359 5648 403 5680 "
433 5647 624 5703 Matth.
657 5666 710 5714 v,
736 5650 827 5704 20.

1969 4642 2135 4695 φησιν
2170 4624 2358 4689 αὑτὸν,
2388 4622 2548 4677 τοῦτο
2578 4622 2777 4690 λέγων,
2817 4623 2899 4676 ὃτι
2942 4622 3003 4675 Ὃ
3038 4621 3283 4692 μετέχων
3306 4621 3415 4674 τῶν
3439 4637 3542 4673 τα-

1967 4716 2168 4768 πεινῶν
2210 4715 2302 4768 καὶ
2339 4714 2467 4783 περὶ
2496 4713 2594 4783 τῆς
2624 4710 2953 4782 σαρκώσεως
2995 4710 3201 4779 λόγων,
3236 4713 3360 4775 τοὺς
3403 4710 3541 4781 ὑψη-

1966 4806 2091 4870 λοὺς
2122 4806 2218 4859 καὶ
2246 4803 2428 4869 ἀξίους
2452 4801 2691 4872 Χριστοιζι
2719 4802 2909 4871 λόγους
2942 4802 3002 4855 οὐ
3048 4801 3283 4872 δέχεται,
3327 4796 3416 4856 οἷα
3446 4804 3538 4872 νή-

1967 4913 2089 4961 πιος
2117 4895 2212 4952 καὶ
2253 4894 2456 4948 τούτων
2481 4892 2879 4963 ἀπαράδεκτος.

2044 5080 2295 5137 Τελείων
2320 5078 2389 5134 δέ
2436 5078 2611 5134 ἐστιν
2637 5077 2678 5148 ἠ
2729 5077 2946 5149 στερεὰ
2987 5077 3200 5150 τροφή.
3246 5077 3534 5141 Τουτέου,

1965 5173 2037 5228 τὰ
2060 5171 2240 5243 ὑψηλὰ
2285 5171 2556 5242 δόγματα,
2590 5169 2659 5225 τὰ
2688 5172 2819 5241 περὶ
2856 5170 2954 5240 τῆς
2981 5169 3232 5240 θεότητος
3264 5167 3359 5221 τοῦ
3396 5167 3536 5237 Χρι-

1969 5264 2120 5319 στοῦ.
2162 5263 2327 5334 Ὁρᾷς
2367 5262 2672 5332 νηπιότητα
2720 5261 2953 5331 ἑτέραν,
3002 5260 3072 5330 ἢν
3128 5261 3223 5314 καὶ
3276 5259 3535 5331 γέροντες

1968 5360 2175 5430 ἔχουσι,
2222 5357 2325 5426 τὴν
2372 5356 2483 5411 τῶν
2515 5353 2765 5427 φρενῶν*
2801 5356 2896 5411 καὶ
2941 5355 3277 5427 τελειότητα,
3314 5353 3382 5426 ἢν
3435 5352 3533 5406 καὶ

1964 5449 2119 5511 νέους
2143 5447 2289 5516 ἔχειν
2327 5446 2480 5500 οὐδὲν
2512 5445 2818 5514 ἐμποδίζει.

2043 5538 2165 5594 Τῶν
2186 5537 2284 5592 διὰ
2322 5535 2435 5607 τὴν
2461 5536 2596 5603 ἕξιν
2633 5536 2708 5592 τὰ
2750 5536 3104 5608 αἰσθητήρια
3131 5537 3396 5609 ἐχόντων·
3434 5550 3529 5607 γε·

1584 5711 1784 5776 Variee
1817 5710 2145 5785 lectiones.

354 5823 398 5854 "
434 5823 705 5894 μέμνηται
737 5838 789 5880 o.
865 5825 913 5858 “
940 5828 968 5880 ὃ
994 5843 1027 5883 o
1143 5827 1187 5861 ⁸¹
1218 5828 1375 5883 τοῦτο
1403 5844 1457 5886 o.
