4014 6208
277 350 391 413 249

1010 357 1419 424 EXPOSJTIO
1456 364 1545 426 ΙΝ
1575 367 1815 431 EPIS’I‘.
1856 372 2384 460 ADﬂEBR/EOS.
2413 398 2487 413 ε·-
2518 377 2677 439 CAP.
2715 379 2820 439 Vl.

3434 381 3541 447 250

281 465 685 534 γυμνησμένα
714 466 864 535 πρὸς
889 468 1192 539 διάκρισιν
1212 475 1402 530 καλοῦ
1427 492 1489 529 τε
1522 477 1622 531 καί
1652 482 1861 537 κακοῦ.

1970 487 2038 537 ad
2068 486 2433 544 discretionem
2462 490 2583 546 boui
2631 501 2682 546 et
2714 491 2864 547 mali.
2910 491 3394 558 Consuetudinem,
3455 498 3544 551 hie

280 558 470 623 Ἐξιν,
500 558 602 626 τὴν
632 556 949 628 τελειότητα
981 563 1076 614 καὶ
1107 565 1416 636 παγιότητα
1445 567 1555 622 τῶν
1583 569 1732 640 ἠθῶν
1762 589 1870 642 φης

283 668 392 704 ειν.
443 650 501 702 '0
524 650 706 703 τοίνυν
740 652 937 719 πάτιος
963 653 1023 705 τὸ
1058 648 1213 723 ἦθος,
1244 650 1402 721 οὗτος
1434 660 1530 712 καὶ
1570 660 1642 715 τὰ
1680 662 1875 734 αἰσθη-

281 743 459 812 τήρια
514 742 618 811 τῆς
681 742 861 813 ψυχῆς
918 745 1029 816 ἔχει
1072 751 1499 820 γεγυμνασμένα
1537 755 1658 819 ταῖς
1698 754 1871 822 θείαις

281 834 559 904 Γραφαῖς,
596 836 735 907 πρὸς
765 834 1040 906 διάκρισιν
1076 837 1364 910 δογμάτων
1392 843 1614 915 ὑψηλῶν
1654 847 1750 901 καὶ
1776 865 1874 902 ταη

281 927 512 989 πεινῶν,
552 927 723 996 ὑγιῶν
753 929 849 983 καὶ
871 928 1308 1003 διεφθαρμένων.
1342 935 1415 989 οὐ
1451 936 1561 1008 γὰρ
1593 939 1722 1007 περὶ
1752 937 1870 1009 βίου

280 1019 529 1074 ἐνταῦθά
559 1036 727 1091 φησιο
758 1020 947 1078 τοῦτον
974 1024 1083 1092 γὰρ
1113 1025 1225 1103 πᾶς
1262 1025 1554 1098 διακρίνει,
1592 1028 1687 1083 καὶ
1729 1026 1870 1086 οἶδεν

279 1109 367 1163 ὅτι
398 1110 613 1180 φαῦλον
646 1114 680 1183 ὴ
709 1112 903 1179 κακία,
948 1114 1042 1167 καὶ
1084 1114 1348 1188 ἀγαθὸνή
1381 1119 1577 1192 ἀρετή.
1627 1120 1773 1194 Ὅρα
1812 1123 1868 1178 δὲ

280 1202 365 1253 ὅτι
393 1182 711 1270 γυμνασίας
753 1203 933 1273 χρεία,
971 1206 1067 1260 καὶ
1098 1182 1552 1280 ἀσκήσεωςίκαὶ.
1572 1182 1868 1284 ἐμπειρίας

278 1289 391 1343 τῶν
415 1291 681 1376 Γραφῶν,
712 1295 760 1346 εί
795 1295 1085 1366 μέλλοιμεν
1112 1297 1409 1372 διακρίνειν
1433 1301 1557 1357 τίνα
1584 1303 1688 1357 τῶν
1714 1306 1867 1376 αἱρε-

278 1370 475 1443 τικῶν,
509 1381 609 1433 καὶ
629 1381 749 1434 τίνα
768 1380 830 1434 οὗ
848 1398 863 1413 ⁸
890 1386 986 1439 καὶ
1006 1385 1054 1417 ⁸⁸
1087 1387 1164 1457 μὴ
1195 1370 1382 1452 ἁπλῶς
1410 1392 1575 1445 πᾶσιν
1601 1370 1866 1447 ἐκδιδόναι

279 1468 345 1524 τὰ
373 1467 515 1525 ὦτα.
546 1472 771 1543 Λάρυγξ
826 1477 928 1546 μὲν
962 1476 1073 1549 γὰρ
1129 1480 1251 1533 σῖτα
1299 1481 1556 1549 γεύεται·
1610 1482 1757 1555 ψυχὴ
1808 1484 1865 1538 δὲ

280 1561 577 1630 δοκιμάζει
608 1561 823 1632 λόγους.

880 1795 1131 1851 nscas.
1177 1799 1269 1866 ς’.

1977 583 2504 641 consummationem
2528 591 2584 638 et
2640 583 2950 639 ﬁrmitatem
3006 599 3220 639 morum
3270 587 3539 643 nominat.

1974 668 2263 741 Quiigitur
2298 675 2543 731 moribus
2592 677 2816 744 vitaque
2869 677 3062 731 ﬁrmus
3110 686 3217 740 est,
3275 678 3322 733 is
3374 680 3540 733 etiam

1973 764 2170 820 animae
2197 766 2451 821 sensoria
2482 767 2649 823 habet
2702 769 3001 824 exercitata
3034 770 3088 823 iu
3124 769 3329 824 divinis
3388 769 3542 825 Scri-

1930 872 1931 875 ‘
1973 855 2171 923 pturis,
2193 855 2261 910 ad
2319 856 2769 925 dijudicationem
2826 860 3110 914 humilium
3137 867 3192 915 et
3228 860 3542 916 sublimium

1971 946 2306 1018 dogmatum,
2343 963 2605 1004 sanorum
2665 950 2792 1005 item
2841 959 2898 1005 et
2957 959 3363 1022 corruptorum.
3424 952 3541 1008 Non

1970 1039 2116 1093 enim
2149 1038 2218 1093 de
2244 1038 2353 1095 vita
2392 1040 2482 1097 hic
2514 1042 2797 1111 loquitur:
2831 1057 2953 1099 eam
2982 1043 3128 1098 enim
3159 1045 3544 1115 unusquisque

1972 1129 2266 1200 diiudicat,
2293 1145 2359 1186 ac
2398 1134 2550 1186 novit
2583 1133 2727 1202 quod
2758 1148 2848 1188 res
2906 1146 3075 1204 prava
3105 1134 3174 1189 sit
3204 1134 3436 1197 malitia,
3489 1143 3545 1191 et

1971 1220 2233 1291 resbona
2287 1221 2485 1276 virtus.
2552 1223 2941 1279 Animadverte
2986 1233 3169 1279 autem
3221 1240 3362 1296 opus
3418 1241 3543 1282 esse

1968 1311 2384 1378 exercitatione,
2415 1325 2471 1369 et
2501 1316 2879 1382 meditatione,
2913 1326 2967 1373 et
2994 1318 3191 1389 peritia
3223 1317 3541 1388 Scriptura-

1968 1392 2115 1471 rum,
2147 1404 2193 1460 si
2219 1405 2573 1474 dijudicaturi
2594 1406 2768 1463 simus
2814 1424 3065 1479 quaenam
3118 1409 3233 1465 sint
3262 1409 3540 1476 haeretica,

1967 1502 2022 1549 ct
2073 1511 2193 1565 quae
2224 1512 2359 1562 non,
2400 1506 2593 1552 etnon
2642 1499 2961 1569 simpliciter
3006 1501 3262 1556 omnibus
3320 1516 3544 1555 accom-

1965 1584 2190 1639 modare
2219 1599 2405 1640 aures.
2437 1585 2637 1641 Guttur
2660 1587 2806 1641 cnim
2859 1588 3040 1643 cibum
3082 1597 3314 1658 gustat:
3361 1589 3542 1643 anima

1970 1690 2099 1730 vero
2128 1690 2413 1732 sermones
2445 1677 2659 1745 probat.

2534 1812 2767 1870 CAPUT
2818 1812 2909 1869 Vl.

344 1914 447 1967 Διὸ
462 1914 720 1984 ἀφέντες
746 1913 854 1968 τὸν
881 1914 992 1981 τῆς
1012 1915 1207 1986 ἀρχῆς
1239 1918 1349 1977 τοῦ
1369 1920 1629 1988 Χριστοῦ
1646 1923 1854 1993 λόγον,

2017 1927 2214 1983 γωδ
2229 1969 2243 1983 .
2264 1929 2596 1998 Quapropter
2610 1930 3005 1984 intermittentes
3024 1929 3372 1985 inchoatiouis
3389 1931 3544 1987 Chri-

273 2007 378 2060 ἐπι
414 2007 533 2075 τὴν
559 2007 908 2075 τελειότητα
933 2007 1259 2077 φερώμεθα.
1292 2006 1460 2064 Εἶπεν
1489 2011 1750 2084 ἀνωτέρω
1777 2014 1858 2067 ὄτι

272 2098 488 2169 νωθροὶ
543 2100 824 2167 γεγόνατε,
884 2100 979 2152 καὶ
1011 2100 1094 2152 ὅτι
1145 2100 1365 2172 νήπιοι,
1396 2103 1489 2156 καὶ
1544 2103 1626 2167 είς
1668 2106 1858 2176 χρείαν

275 2193 590 2263 κατέστητι
616 2191 711 2245 τοῦ
745 2192 909 2247 πάλιν
923 2193 992 2246 τὰ
1018 2193 1211 2265 πρῶτα
1242 2198 1477 2265 στοιχεῖα
1494 2195 1594 2267 τῆς
1622 2199 1860 2264 πίστεως

277 2282 582 2352 μανθάνειν
603 2302 618 2316 ο
645 2286 741 2338 καὶ
778 2284 874 2338 νῦν
898 2282 991 2339 οὖν
1024 2302 1209 2355 φησιν,
1236 2288 1341 2352 ὅτι,
1370 2288 1463 2341 Δεῖ
1484 2289 1629 2360 ὑμᾶς
1658 2291 1732 2353 ὡς
1771 2309 1863 2345 τε-

274 2371 462 2436 λείους
488 2374 678 2427 λοιπδν
710 2377 951 2446 φρονεῖν,
983 2377 1076 2429 καὶ
1105 2376 1411 2448 ὑπερϐῆναι
1435 2379 1527 2433 τὸν
1559 2379 1657 2450 τῆς
1687 2384 1861 2451 ἀρχῆς

273 2462 373 2516 τοῦ
407 2463 650 2534 Χριστοῦ
683 2463 860 2532 λόγον,
884 2465 1149 2532 τουτέστι,
1182 2467 1279 2529 τὰς
1310 2466 1531 2539 πρώτας
1559 2471 1732 2540 ἀρχὰς
1763 2473 1864 2541 τῆς

276 2555 547 2618 πίστεως,
607 2556 700 2608 καὶ
751 2558 843 2609 ἐπὶ
872 2558 971 2628 τὴν
1021 2558 1336 2629 τελειότητα
1390 2559 1671 2630 φέρεσθαι,
1707 2579 1861 2615 τουτ-

271 2648 420 2712 έστι,
451 2648 567 2700 τῶν
588 2647 933 2721 ὑψηλοτέρων
971 2643 1107 2703 εἶναι
1138 2650 1437 2716 δεκτικούς.
1472 2654 1540 2705 Ἦ
1592 2655 1683 2707 καὶ
1719 2654 1862 2708 οὕτω

271 2740 448 2795 τοῦτο
490 2743 739 2811 νοήσεις*
772 2744 855 2796 ὅτι
904 2742 1093 2814 ἐπειδὴ
1131 2743 1391 2814 χωλεύειν
1424 2747 1553 2817 περὶ
1588 2746 1686 2818 τὴν
1714 2747 1864 2800 πολι-

272 2832 441 2886 τείαν
473 2824 975 2896 ⁸¹⁶οὖτοιιδόκουν,
1004 2834 1154 2904 λέγει
1198 2835 1295 2889 νῦν
1336 2837 1523 2901 αὐτοῖς
1571 2840 1698 2909 περὶ
1744 2840 1862 2910 βίου

274 2924 694 2990 ἁνεπιλήπτου,
764 2925 969 2979 ὡσανεί¹
1035 2918 1441 2997 τοῢτολέγων,
1499 2931 1602 2994 ὅτι,
1657 2932 1731 2985 Οὐ
1783 2932 1866 2986 δεῖ

274 3012 429 3082 ὑμᾶς
455 3014 504 3046 ⁸³
552 3014 639 3065 ἀεὶ⁸
674 3014 801 3084 περὶ
836 3014 937 3086 τὴν
983 3016 1157 3088 ἀρχὴν
1189 3018 1540 3087 στρέφεσθαι,
1593 3020 1860 3084 τουτέστι,

277 3107 425 3177 περὶ
484 3106 724 3171 πίστεως
765 3109 1158 3178 διδάσκεσθαι,
1213 3111 1404 3183 ὥσπερ
1465 3116 1864 3185 είσαγωγικούς

275 3215 460 3262 τινας,
490 3197 628 3252 ἀλλὰ
657 3199 753 3252 καὶ
787 3201 881 3254 ἐπὶ
912 3201 1014 3270 τὴν
1045 3201 1357 3271 τελειότητα
1380 3203 1662 3275 φέρεσθαι,
1708 3223 1861 3260 τουτ-
1888 3233 1928 3288 C

277 3292 456 3353 ἐστιν,
486 3291 581 3344 ἐπὶ
603 3292 699 3345 τὸν
731 3292 958 3362 ἄριστον
988 3292 1123 3363 βίον.
1153 3293 1370 3356 Τέλειος
1402 3295 1511 3366 γὰρ
1543 3298 1771 3362 ἐκεῖνος,
1798 3298 1857 3361 ὃς

276 3384 424 3452 μετὰ
448 3386 547 3453 τῆς
582 3383 820 3447 πίστεως
865 3385 963 3438 καὶ
993 3383 1113 3454 βίον
1153 3384 1267 3455 ἔχει
1313 3385 1499 3457 ὀρθόν.
1547 3386 1713 3458 Ἀρχὴ
1757 3388 1859 3456 μὲν

270 3475 387 3546 γὰρ
427 3473 526 3528 καὶ
573 3473 823 3544 θεμέλιος
862 3475 897 3545 ἡ
939 3476 1142 3540 πίστις,
1180 3477 1274 3530 καὶ
1302 3476 1432 3531 ἄνευ
1472 3477 1679 3548 ταύτης
1705 3480 1857 3533 οὐδὲν

272 3563 703 3635 ἑδρασθήσεται,
728 3564 920 3637 ῶσπερ
956 3567 1076 3619 οὐδὲ
1098 3566 1228 3620 ἄνευ
1255 3568 1537 3638 στοιχείων
1566 3569 1763 3636 γένοιτ’
1791 3569 1858 3624 ἄν

272 3672 360 3719 τις
408 3655 677 3728 ἔμπειρος
718 3658 1091 3729 γραμμάτων.
1128 3657 1278 3729 Πλὴν
1321 3657 1446 3711 οὕτε
1499 3644 1605 3713 ἀεί’
1630 3661 1760 3730 περὶ
1788 3661 1861 3716 τὰ

272 3751 526 3818 στοιχεῖα
573 3747 905 3819 στρέφεσθαι
953 3748 1054 3814 δεῖ,
1091 3746 1216 3801 οὔτε
1262 3750 1352 3803 ἀεὶ
1380 3748 1456 3814 ὡς
1483 3751 1713 3823 νηπίους
1761 3753 1858 3807 καὶ

271 3839 493 3903 ἀτελεῖς
572 3843 703 3910 περὶ
776 3840 1013 3903 πίστεως
1068 3840 1444 3895 διδάσκεσθαι.
1524 3842 1587 3899 Et
1674 3844 1733 3897 δέ
1772 3860 1856 3909 τις

271 3932 379 4002 τὴν
414 3932 516 4000 μὲν
569 3930 851 4002 προτέραν
888 3931 1115 4002 ἐκδοχὴν
1161 3933 1541 4005 παραδέχοιτο,
1569 3934 1774 4006 ταύτην
1798 3937 1858 3991 δὲ

274 4023 676 4094 ἀποδοκιμάζει
728 4022 806 4086 ὡς
851 4024 1215 4079 ἀνακόλουθον
1241 4025 1421 4080 οὖσαν
1463 4029 1574 4091 τοῖς
1606 4031 1855 4101 προρρη-

272 4117 456 4171 θεῖσιν
486 4117 595 4171 ὑπὸ
623 4118 718 4172 τοῦ
754 4118 996 4185 Παύλου,
1025 4120 1281 4173 ἐννοείτω
1303 4120 1378 4184 ὡς
1406 4118 1528 4185 ἔθος
1555 4123 1707 4192 αὐτῷ
1740 4124 1855 4177 ἐστι

272 4212 415 4282 περὶ
441 4211 620 4265 ἄλλων
655 4211 873 4280 λέγοντι
918 4212 1001 4275 είς
1032 4210 1167 4265 ἄλλα
1201 4213 1557 4285 μεταπηδᾷνο
1583 4213 1748 4285 ῶςπὲν
1786 4218 1853 4286 τῇ

272 4301 419 4373 πρὸς
465 4303 809 4373 Κορινθίους,
839 4304 970 4374 περὶ
1001 4303 1113 4357 τῶν
1139 4303 1373 4360 δείπνων
1416 4304 1612 4372 λέγων,
1642 4306 1723 4369 είς
1762 4306 1857 4361 τὸν

272 4394 409 4463 περὶ
441 4393 553 4447 τῶν
581 4393 899 4465 μυστηρίων
924 4395 1086 4463 λόγον
1106 4394 1384 4450 ἐνέϐαλεν.
1418 4394 1606 4459 οὕτως
1637 4392 1731 4449 οὖν
1759 4397 1855 4451 καὶ

272 4484 375 4539 νῦν
406 4485 681 4548 ὀνειδίζων
712 4488 771 4538 ἐν
799 4486 941 4557 ἀρχῇ
973 4485 1184 4551 τούτοις
1220 4486 1539 4557 νωθρότητα
1566 4487 1662 4540 καὶ
1689 4486 1855 4540 ἀσθέ-

1964 2020 2365 2084 stisermonem,
2396 2020 2465 2074 ad
2487 2020 2860 2089 perfectionem
2885 2020 3140 2090 feramur.
3168 2021 3344 2092 Supra
3359 2022 3495 2076 dixit
3524 2041 3538 2078 :

1962 2111 2172 2181 Segnes
2203 2111 2330 2166 facti
2359 2113 2516 2179 estis,
2553 2123 2606 2167 et
2638 2112 2899 2176 infantes,
2950 2120 3114 2183 atque
3169 2117 3235 2166 ad
3268 2129 3385 2167 eam
3409 2115 3541 2168 ada-

1961 2204 2034 2258 cti
2064 2204 2196 2258 estis
2233 2204 2639 2272 necessitatem,
2667 2215 2725 2258 ut
2756 2205 2867 2273 jam
2909 2204 3029 2260 sitis
3054 2205 3108 2258 in
3145 2204 3266 2259 ﬁdei
3298 2206 3540 2259 elemen-

1961 2294 2034 2350 tis
2074 2295 2431 2360 instituendi;
2478 2311 2626 2350 nunc
2684 2311 2838 2362 vero,
2899 2296 3150 2367 Oportet,
3208 2296 3405 2367 inquit,
3442 2311 3541 2351 vos

1961 2383 2220 2453 deinceps
2263 2401 2360 2438 ccu
2401 2383 2676 2454 perfectos
2732 2399 2949 2454 sapere,
3005 2399 3070 2439 ac
3137 2386 3532 2440 transcendere

1963 2489 2269 2531 sermonem
2301 2475 2583 2545 primordii
2626 2475 2853 2542 Christi,
2881 2475 2984 2532 hoc
3032 2485 3138 2542 est,
3193 2477 3366 2547 prima
3410 2478 3533 2533 ﬁdei

1964 2562 2293 2631 rudimenta,
2319 2575 2373 2620 et
2401 2566 2466 2619 ad
2506 2567 2904 2636 perfer-tionem
2936 2567 3091 2635 ferri,
3112 2568 3217 2622 hoc
3238 2578 3340 2632 est,
3382 2570 3542 2622 altio-

1964 2669 2083 2706 rum
2111 2670 2231 2710 esse
2256 2670 2507 2724 capaces.
2545 2653 2638 2710 Vel
2673 2657 2815 2710 hunc
2837 2656 2901 2710 ad
2934 2657 3153 2709 modum
3184 2657 3328 2711 lnmc
3354 2659 3537 2712 locum

1966 2744 2274 2814 intelligere
2303 2745 2546 2816 poteris:
2578 2746 2716 2811 Quia
2757 2747 2833 2800 illi
2878 2748 2929 2800 in
2966 2748 3090 2801 vitae
3123 2748 3540 2802 conversatione

1963 2837 2272 2890 claudicare
2318 2837 2667 2901 videbantur,
2700 2839 2865 2892 verba
2897 2838 3002 2905 iam
3055 2838 3137 2893 cis
3171 2824 3298 2893 facit
3326 2841 3392 2893 de
3427 2841 3539 2893 vita

1965 2926 2449 2995 irreprchensibili,
2477 2927 2701 2995 perinde
2717 2928 2871 2996 quasi
2903 2926 3003 2981 hoc
3028 2926 3210 2980 dicat:
3241 2926 3355 2980 Non
3375 2942 3540 2997 opor-

1967 3024 2043 3071 tet
2067 3033 2162 3072 vos
2195 3033 2411 3087 semper
2437 3019 2582 3071 circa
2613 3018 2877 3087 principia
2933 3019 3165 3082 versari,
3201 3019 3303 3072 hoc
3333 3026 3439 3082 est,
3468 3016 3537 3072 de

1965 3109 2069 3164 ﬁde
2091 3110 2299 3174 doceri,
2325 3119 2583 3179 tanquam
2615 3110 2851 3165 novitios
2872 3111 3170 3180 quosdam;
3196 3110 3290 3165 sed
3319 3110 3384 3164 ad
3414 3125 3539 3180 per-

1965 3196 2256 3253 fectiouern
2278 3198 2441 3253 etiam
2468 3208 2550 3253 est
2568 3199 2920 3277 perge/udum,
2938 3199 3044 3254 hoc
3066 3210 3172 3264 est,
3187 3199 3253 3253 ad
3274 3199 3537 3269 optimam

1966 3290 2157 3346 vitam.
2189 3287 2469 3345 Perfectus
2497 3292 2645 3345 enim
2677 3292 2768 3346 ille
2789 3300 2891 3358 est,
2919 3292 3013 3361 qui
3063 3305 3187 3346 cum
3223 3292 3328 3347 ﬁde
3369 3292 3537 3345 vitam

1963 3391 2170 3436 rectam
2200 3381 2382 3438 habet.
2449 3381 2580 3436 Nam
2635 3382 2964 3452 principium
3018 3389 3075 3436 et
3126 3377 3537 3436 lundamentun't

1964 3473 2096 3530 ﬁdes
2126 3482 2230 3536 est,
2257 3474 2397 3528 citra
2427 3489 2590 3544 quam
2624 3476 2762 3528 nihil
2795 3474 2902 3529 erit
2922 3474 3181 3538 solidum,
3216 3474 3444 3544 perinde
3472 3488 3539 3528 ac

1962 3579 2140 3634 neque
2160 3565 2280 3619 sine
2295 3564 2580 3621 elementis
2593 3567 2863 3637 quispiam
2875 3581 3081 3637 gnarus
3101 3566 3191 3621 ﬁat
3209 3569 3537 3622 litterarum.

1958 3657 2124 3728 682
2156 3658 2321 3727 Atqui
2347 3674 2456 3713 non
2479 3674 2695 3728 semper
2726 3659 2874 3713 circa
2926 3660 3196 3715 elementa
3257 3672 3358 3713 nos
3415 3672 3540 3712 ver-

1961 3748 2080 3801 sari
2118 3755 2356 3816 oportet,
2396 3763 2574 3817 neque
2602 3762 2817 3816 semper
2842 3748 2893 3801 in
2915 3746 3020 3803 ﬁde
3048 3747 3283 3813 institui,
3344 3755 3404 3800 ut
3455 3746 3541 3801 in-

1960 3837 2137 3894 fantes
2166 3847 2222 3893 et
2252 3838 2626 3908 imperfectos.
2671 3837 2766 3892 Sin
2804 3852 2938 3894 vero
2966 3840 3258 3911 quisquam
3297 3839 3536 3909 priorem

1959 3931 2289 3986 sententiam
2327 3930 2572 3999 recipere
2617 3931 2791 3995 malit,
2829 3931 2973 3986 hanc
3010 3946 3141 3986 vero
3195 3931 3427 4000 rejiciat,
3476 3938 3537 3984 ut

1958 4039 2082 4094 qua:
2108 4024 2182 4079 sit
2212 4023 2623 4091 inconsequens
2667 4022 2880 4092 iisquae
2922 4037 2953 4077 ιι
3009 4023 3178 4077 Paulo
3216 4035 3537 4091 praememo-

1959 4128 2074 4170 rala
2098 4125 2248 4180 sum,
2292 4114 2507 4168 noverit
2528 4119 2675 4183 quod
2707 4114 2798 4169 ille
2820 4114 2952 4169 dum
2980 4114 3048 4169 de
3083 4127 3192 4167 uno
3214 4113 3399 4181 aliquo
3425 4110 3540 4166 dis-

1957 4208 2111 4271 serit,
2139 4205 2206 4260 ad
2229 4206 2335 4260 alia
2374 4206 2653 4263 transilire
2683 4206 2864 4262 solet:
2920 4214 2981 4260 ut
3034 4205 3089 4259 in
3142 4203 3389 4275 Epistula
3453 4202 3522 4256 ad

1956 4297 2293 4363 Corinthios,
2324 4296 2394 4353 de
2412 4297 2588 4353 caenis
2611 4308 2664 4353 et
2689 4297 2960 4353 conviviis
2988 4296 3246 4367 loquens,
3305 4295 3361 4348 in
3415 4307 3537 4350 ser-

1956 4402 2174 4445 monem
2219 4389 2288 4444 de
2316 4390 2594 4460 mysteriis
2638 4389 2856 4444 incidit.
2917 4386 3073 4443 Hane
3135 4388 3201 4442 ad
3262 4386 3531 4442 rationem

1957 4481 2121 4536 etiam
2156 4496 2306 4537 nunc
2333 4483 2388 4535 in
2421 4481 2696 4552 principio
2743 4481 3013 4552 objiciens
3040 4481 3123 4535 eis
3155 4481 3445 4551 segnitiem
3480 4489 3534 4534 et

272 4592 431 4629 νειαν
480 4578 619 4647 πρὸς
661 4576 731 4630 τὰ
757 4576 1069 4647 τελειότερα
1098 4576 1534 4648 παραδέξασθαι,
1582 4578 1855 4633 είσόάλλει

1964 4571 2399 4628 imbecillitatem
2451 4573 2508 4627 in
2563 4571 2990 4641 perfectioribus
3072 4570 3423 4639 recipiendis,
3476 4568 3531 4622 in

273 4668 355 4730 είς
410 4666 509 4718 τὸν
545 4666 676 4738 περὶ
720 4668 821 4736 τῆς
868 4667 1147 4730 πολιτείας
1201 4668 1383 4735 λόγον,
1412 4666 1625 4734 ἀτελεῖς
1666 4667 1850 4723 καλῶν

274 4758 497 4820 αὐτοὺς,
524 4758 622 4811 καὶ
637 4756 728 4811 διὰ
757 4756 938 4824 τοῦτο,
979 4759 1062 4813 ὅτι
1091 4758 1166 4830 μὴ
1200 4758 1379 4812 πίστει
1408 4759 1501 4813 τὸν
1532 4759 1647 4831 βίον
1679 4776 1850 4832 προσ-

280 4847 498 4904 ἑθεσαν.

349 4939 445 5006 Μὴ
470 4938 659 4994 πάλιν
683 4940 963 5010 θεμέλιον
988 4943 1503 5012 καταϐαλλόμενοι
1528 4946 1851 5014 μετανοίας

279 5031 395 5086 ἀπὸ
420 5032 654 5100 νεκρῶν
679 5033 889 5103 ἔργων,
931 5035 1031 5089 καὶ
1056 5035 1316 5099 πίστεως
1352 5035 1451 5089 ἐπὶ
1480 5038 1650 5094 Geor.
1679 5038 1853 5092 Τουτο

281 5120 418 5183 ἐστι,
473 5121 549 5192 μὴ
600 5124 767 5177 πάλιν
816 5124 879 5189 ἐξ
914 5125 1090 5195 ἀρχῆς
1136 5124 1362 5179 τοιαῦτα
1411 5128 1710 5192 ποιοῦντες,
1766 5124 1853 5183 οἷα

280 5210 512 5263 εποιεῖτε
554 5214 798 5282 ὁπηνίκα
850 5214 1108 5284 ἐμέλλετε
1160 5214 1550 5282 βαπτίζεσθαι,
1597 5212 1710 5272 οἷον
1750 5220 1850 5293 τὴν

279 5297 385 5353 ἀεὶ
403 5304 616 5373 νεκρῶν
644 5303 824 5375 ιργων
859 5305 1172 5375 μετάνοιαν,
1200 5306 1470 5372 τουτέστι,
1500 5307 1600 5377 τὴν
1642 5309 1849 5363 ἀποτα-

281 5391 383 5463 ﬁs
405 5392 515 5446 τῶν
546 5393 728 5465 ἔργων
749 5393 846 5449 τοῦ
876 5395 1111 5456 Σατανᾶ.
1152 5396 1236 5453 Ὃ
1273 5395 1384 5465 γὰρ
1413 5398 1850 5469 προσερχόμενος

283 5483 356 5554 τῷ
384 5485 625 5559 Χριστῷ,
662 5487 928 5558 πρόδηλον
957 5489 1040 5543 ὅτι
1067 5488 1344 5559 μετανοῶν
1369 5489 1462 5542 ἐπὶ
1488 5489 1566 5561 τῷ
1596 5490 1852 5563 προτέρῳ

1958 4679 2270 4720 sermonem
2303 4664 2371 4720 de
2405 4665 2649 4720 moribus
2667 4675 2720 4720 et
2745 4665 3172 4719 conversatione
3199 4662 3393 4723 fertur,
3434 4665 3536 4715 im-

1960 4756 2229 4827 perfectos
2253 4769 2349 4811 eos
2375 4770 2598 4822 vocans,
2627 4766 2910 4827 propterea
2931 4755 3075 4826 quod
3096 4755 3216 4811 ﬁdei
3236 4771 3349 4812 sua:
3372 4758 3532 4810 vitam

1960 4863 2067 4904 non
2098 4848 2427 4918 adjecerint.

2030 4939 2152 4994 Non
2171 4956 2384 4996 rursum
2407 4941 2665 5010 facientes
2689 4940 3087 5008 fundamentum
3117 4939 3433 5009 paenitentia:
3466 4937 3531 4991 ab

1957 5034 2198 5102 operibus
2220 5034 2465 5099 mortuis,
2495 5040 2547 5087 et
2602 5032 2727 5102 ﬁdei
2753 5032 2822 5085 ad
2852 5032 3035 5087 Deum.
3076 5030 3205 5089 :Hoe
3260 5039 3368 5096 est,
3423 5045 3529 5084 non
3558 5032 3578 5110 ι’

1958 5139 2153 5181 rursus
2176 5139 2243 5179 ex
2275 5125 2487 5195 integro
2520 5123 2789 5180 iacientes
2818 5139 2938 5195 quae
2962 5123 3253 5180 faciebatis
3312 5121 3529 5191 quando
3562 5114 3566 5118 Α

1955 5216 2283 5287 baptismate
2316 5218 2573 5273 abluendi
2604 5219 2796 5283 eratis,
2835 5234 3030 5290 nempe
3084 5214 3465 5289 paenitentiam
3497 5228 3529 5268 e

1960 5307 2191 5363 mortuis
2217 5308 2500 5378 operibus,
2535 5308 2641 5364 hoc
2671 5317 2778 5377 est,
2805 5309 3268 5365 renuntiationem
3300 5317 3527 5372 operum

1957 5396 2192 5454 Satanae.
2218 5398 2323 5465 Qui
2355 5401 2502 5455 enim
2527 5400 2751 5457 Christo
2770 5401 3003 5465 accedit,
3031 5398 3250 5467 planum
3272 5401 3357 5450 est
3381 5395 3530 5466 quod
3594 5430 3600 5436 -

1959 5491 2281 5559 pmnitentia
2310 5491 2512 5566 prioris
2549 5490 2823 5563 dogmatis
2880 5499 2936 5546 et
2991 5487 3117 5545 vita:
3165 5484 3388 5554 ductus,
3447 5486 3531 5545 sic

1511 5697 1525 5708 ο
1588 5669 1790 5734 νει-ιω
1835 5669 2166 5736 lectiones.

368 5764 414 5798 "
442 5764 578 5822 ἀλλὰ
596 5782 652 5823 ο.
727 5766 797 5800 ⁸⁸⁸
823 5767 1003 5822 πίστιν
1038 5781 1090 5824 o.
1168 5768 1214 5801 ⁸³
1242 5767 1387 5839 ἡμᾶς
1408 5783 1462 5824 o.
