4014 6208
448 367 547 431 ΞΜ

1357 365 1929 428 THEOPHYLACTI
1963 363 2370 424 BULGARIJE
2405 361 2761 423 ARCHIEP.

3583 359 3693 425 252

447 483 669 535 accedat
705 501 717 536 :
753 481 857 534 nisi
910 480 1054 533 enim
1115 477 1496 532 eondemnarit
1562 479 1824 548 priorem,
1875 492 2010 545 quo-

2131 474 2206 526 :a‘.
2239 474 2471 543 δόγματι
2516 474 2610 526 καὶ
2653 472 2773 543 βίῳ,
2813 470 2955 524 οὕτω
3005 469 3323 540 πρόσεισιν·
3370 470 3418 522 εί
3452 472 3526 540 μὴ
3583 476 3693 542 γὸρ

451 573 615 623 modo
650 585 842 623 novant
885 571 1047 623 vitam
1075 569 1369 623 ordiet'ur?
1403 570 1533 622 Eam
1593 569 1665 623 ob
1690 583 1801 622 rem
1832 565 2016 632 infert,

445 661 649 730 et/idei
699 661 752 712 in
817 659 1000 714 Deum.
1062 660 1444 714 Pmnitentiam
1495 659 1638 714 enim
1698 674 1728 712 a
1787 657 2022 711 mortuis

447 753 704 820 operibus
732 751 864 806 lides
897 751 1169 820 sequitur.
1225 751 1315 804 Ait
1363 752 1569 820 itaque,
1629 748 1750 803 Non
1806 755 2020 817 oportet

443 846 554 912 jam
589 859 686 896 vos
715 843 765 896 in
797 844 900 898 lide
923 843 1154 900 institui.
1191 852 1451 914 tanquam
1481 843 1592 910 jam
1649 843 1882 912 primum
1937 840 2017 893 in-

449 934 706 1002 ciperetis
740 935 1104 1004 :jampridem
1154 937 1297 990 enim
1363 936 1699 991 credidistis.
1764 932 1868 986 Per
1908 933 2020 985 haec

446 1037 627 1078 autetu
660 1027 858 1090 innuit,
883 1026 1025 1095 quod
1086 1027 1566 1090 concutiebantur,
1618 1041 1682 1080 ac
1732 1032 2017 1094 propterea

447 1115 804 1171 fundamento
837 1120 1176 1186 indigebant.

499 1229 744 1285 Vens.2.
813 1231 1448 1300 Baptismumdoclriuw.
1513 1233 1629 1286 Non
1679 1249 1780 1287 ceu
1852 1234 2018 1286 multa

449 1321 557 1373 sint
588 1320 936 1388 baptismata,
980 1323 1030 1375 in
1076 1323 1272 1390 plurali
1309 1337 1538 1375 numero
1567 1323 1670 1376 ltoc
1701 1321 1906 1376 Paulus
1931 1323 2017 1376 di-

447 1410 525 1462 xit
558 1427 764 1472 ;ununt
793 1412 937 1466 enim
971 1424 1054 1467 est
1088 1413 1357 1481 baptisma
1386 1414 1429 1444 ¹⁶
1460 1430 1474 1466 :
1532 1412 1627 1467 sed
1694 1413 1835 1480 quod
1876 1414 2023 1466 vt-lut

447 1515 511 1555 ex
546 1505 910 1572 consequenti
953 1504 1054 1556 hoc
1085 1504 1390 1572 contingat.
1421 1504 1476 1558 Si
1513 1503 1656 1559 enim
1692 1504 1887 1557 iterum
1928 1520 2022 1560 eos

448 1594 503 1646 in
531 1595 846 1660 primordiis
914 1597 1195 1665 religionis
1259 1597 1592 1667 institueret,
1664 1611 1858 1652 rursus
1925 1597 2022 1651 ba-

449 1685 679 1753 ptizaret
711 1694 800 1750 ;et
822 1699 1108 1756 postquam
1141 1687 1278 1756 lapsi
1325 1698 1509 1741 essent
1555 1689 1884 1758 baptizaret,
1939 1697 2022 1742 at-

448 1791 554 1844 que
588 1777 808 1840 iterum,
843 1793 937 1844 per
967 1777 1280 1846 bujusmodi
1326 1778 1727 1834 reiterationem
1763 1794 2018 1834 necessa-

447 1868 530 1922 rio
549 1869 1003 1939 essentbaptismi
1030 1871 1182 1924 tnulti
1212 1888 1437 1925 :verntn
1466 1870 1568 1926 hoc
1594 1879 1678 1924 est
1697 1871 2020 1927 absurdum.

447 1957 564 2014 Non
595 1970 808 2029 oportet
833 1962 996 2032 igitur
1023 1978 1118 2018 vos
1167 1965 1429 2017 reiterare
1481 1963 1775 2033 baptisma,
1827 1964 1920 2018 sed
1966 1965 2021 2018 in

449 2053 617 2118 priori
663 2055 987 2122 baptismate
1014 2069 1387 2124 perseverare.
1439 2055 1698 2111 Fortasse
1753 2065 1933 2110 autem
1968 2065 2028 2109 et.

450 2143 548 2205 iiii,
585 2145 751 2212 utqui
785 2145 882 2215 legi
909 2146 1085 2200 adhuc
1107 2146 1246 2200 aliixi
1278 2157 1455 2208 erant,
1482 2148 1684 2202 multos
1719 2149 2022 2218 baptismos

448 2234 680 2288 Iudaico
712 2252 860 2291 more
888 2238 1046 2292 etiam
1103 2239 1207 2294 sub
1241 2239 1411 2308 gratia
1467 2240 1856 2310 praedicabant.
1910 2239 2022 2294 Ob-

454 2337 608 2375 serva
641 2331 823 2376 autem
851 2324 995 2393 quod
1025 2328 1402 2394 paenitentiam
1432 2327 1740 2397 baptismus
1784 2330 2022 2398 excipie-

451 2417 561 2470 bat.
595 2416 867 2482 Quoniam
893 2418 1036 2472 enim
1069 2420 1392 2490 paenitentia
1448 2420 1564 2490 ipsa
1620 2437 1714 2490 per
1752 2437 1873 2476 sese
1915 2439 2023 2476 non

448 2505 621 2573 possit
660 2522 826 2575 puros
851 2508 1100 2571 reddere,
1169 2518 1455 2578 propterea
1541 2509 1905 2580 baptizamur,
1967 2519 2026 2566 ut.

449 2599 766 2652 universum
822 2598 893 2652 sit
923 2600 1111 2667 gratiae
1143 2600 1371 2655 Christi.

522 2685 883 2756 Impositianis
908 2705 1108 2758 quoque
1138 2707 1415 2744 manuum.
1451 2691 1555 2746 Per
1576 2709 1715 2763 quas
1753 2694 2021 2763 Spiritum

447 2778 818 2848 accipiebant,
858 2791 916 2834 ut
950 2781 1349 2850 pr0pltctarent
1387 2792 1442 2839 et
1489 2786 1754 2839 miracula
1780 2786 2022 2841 ederent.

449 2869 585 2924 Nam
617 2888 740 2925 cum
777 2872 1129 2942 imposuisset
1158 2875 1265 2928 illis
1295 2891 1488 2932 manus
1535 2875 1765 2943 Paulus,
1799 2893 2027 2945 accepe-

449 2971 597 3026 runt,
633 2964 827 3033 inquit.
855 2965 1114 3034 Spiritum
1145 2976 1419 3020 sanctum.

518 3074 586 3128 Et
610 3079 1005 3131 resurrectionis
1039 3089 1387 3134 marmorum.
1419 3079 1530 3134 Hoc
1557 3081 1700 3135 enim
1757 3083 1808 3136 in
1844 3084 2025 3153 bapti-

2123 563 2376 632 καταγνῷ
2415 562 2509 615 τοῦ
2550 564 2838 634 προτέρου,
2874 561 2993 624 πῶς
3032 559 3128 614 τοῦ
3160 559 3415 630 δευτέρου
3459 559 3694 628 adferat;

2121 656 2212 709 Διὺ
2239 657 2454 723 ἐπάγει,
2480 657 2578 708 καὶ
2621 657 2881 721 πίστεως
2916 655 3017 708 ἐπὶ
3051 654 3218 708 Θεόν.
3275 654 3429 708 Μετὰ
3453 653 3562 723 γὰρ
3595 653 3695 724 τὴν

2121 748 2212 800 ἐπὶ
2259 750 2372 810 τοῖς
2414 751 2629 818 νεκροῖς
2664 747 2849 818 ἔργοις
2897 746 3210 817 μετάνοιαν,
3249 745 3370 798 τότε
3401 746 3435 814 ἡ
3487 746 3691 808 πίστις.

2119 842 2288 911 Φησὶν
2316 837 2430 905 οὖν,
2463 842 2566 904 ὃτι,
2610 841 2685 894 Οὐ
2720 840 2802 892 δεῖ
2831 839 2977 909 ὑμᾶς
3005 839 3131 906 περὶ
3161 825 3395 898 πίστεως
3419 836 3696 890 διδάσκειν

2122 933 2194 993 ὡς
2231 933 2604 1002 ἀρχομένους·
2653 932 2752 1002 ἤδη
2801 931 2908 1000 γὰρ
2948 928 3330 984 ἐπιστεύσατε.
3385 927 3694 981 Αἱνίττεται

2121 1024 2176 1075 δὲ
2217 1024 2304 1077 διὰ
2333 1023 2559 1085 τούτων,
2612 1024 2694 1076 ὅτι
2741 1023 2836 1076 καὶ
2884 1019 3228 1086 ὲσαλεύοντο,
3259 1018 3356 1072 xui.
3406 1018 3493 1072 διὰ
3534 1018 3695 1073 τοῦτο

2121 1115 2331 1167 ἐδέοντο
2363 1114 2640 1183 θεμελίου.

2189 1229 2550 1298 Βαπτισμῶν
2578 1227 2851 1297 διδαχῆς.
2886 1230 2997 1297 Οὐχ
3029 1228 3103 1291 ὡς
3143 1226 3351 1280 πολλῶν
3383 1226 3550 1279 ὅντων
3580 1225 3696 1279 τῶν

2123 1323 2445 1393 βαπτισμῶν
2484 1322 2859 1393 πληθυντικῶς
2889 1322 3047 1375 τοῦτο
3088 1317 3240 1374 εἶπεν
3271 1321 3299 1372 ὀ
3343 1317 3588 1382 Παῦλοςο
3630 1316 3694 1370 ἓν

2121 1416 2227 1487 γάρ
2259 1419 2374 1469 ἐστι
2405 1416 2691 1486 βάπτισμα
2712 1429 2726 1444 ·
2751 1414 2867 1468 ἀλλ’
2901 1415 2977 1477 ὡς
3005 1414 3070 1467 ὲκ
3088 1411 3184 1466 τοῦ
3209 1410 3504 1465 ἀκολούθου
3528 1409 3692 1464 τοῦτο

2125 1507 2443 1576 συμϐαῖνον.
2483 1509 2544 1559 Εἰ
2575 1507 2684 1577 γάρ
2723 1505 2885 1559 πάλιν
2923 1506 3174 1576 κατήχει,
3210 1505 3306 1558 καὶ
3349 1502 3510 1556 πάλιν
3557 1500 3692 1555 ἐϐά-

2125 1599 2280 1660 πτιζε
2303 1616 2314 1628 ·
2345 1601 2437 1650 καὶ
2468 1598 2628 1651 πάλιν
2651 1597 3072 1668 παραπεσόντας
3099 1595 3389 1658 ἐϐάπτιζε·
3411 1593 3504 1646 καὶ
3531 1592 3694 1645 πάλιν

2124 1691 2308 1743 πολλοὶ
2335 1691 2384 1742 οἱ
2420 1690 2720 1758 βαπτισμοὶ
2749 1688 3064 1756 ἀναγκαίως
3084 1703 3099 1716 ·
3130 1687 3264 1740 ἀλλὰ
3287 1685 3445 1739 τοῦτο
3472 1684 3693 1738 ἄτοπον.

2124 1780 2237 1849 Οὐχ
2292 1780 2398 1849 ἄρα
2431 1779 2512 1832 δεῖ
2563 1778 2958 1842 ἀναϐατιτίζειν
3009 1777 3175 1848 ὑμᾶς,
3203 1775 3342 1829 ἀλλὰ
3374 1775 3555 1845 μένειν
3599 1773 3698 1824 ἐπὶ

2123 1868 2216 1922 τοῦ
2245 1869 2513 1939 προτέρου
2542 1867 2939 1939 βαπτίσματος.
2969 1869 3130 1932 Ἴσως
3144 1867 3208 1899 ⁸³⁸
3234 1866 3292 1919 δὲ
3322 1859 3469 1919 οὗτοι
3493 1863 3570 1927 ὡς
3611 1863 3697 1916 ἔτι

2123 1958 2216 2012 τοῦ
2265 1951 2430 2026 νόμου
2487 1959 2836 2028 ἀντεχόμενοι
2887 1958 3116 2021 πολλοὺς
3164 1955 3506 2027 βαπτισμοὺς
3559 1954 3700 2008 Ἰου-

2123 2050 2323 2112 δαϊκῶς
2361 2052 2457 2104 καὶ
2499 2051 2558 2103 ὲν
2605 2053 2669 2120 τῇ
2716 2050 2898 2121 χάριτι
2936 2047 3291 2120 ἐπρέσϐευον.
3323 2046 3465 2116 Ὅρα
3511 2043 3569 2098 δὲ
3611 2045 3696 2098 ὅτι

2127 2145 2265 2211 μετὰ
2312 2143 2410 2212 τὴν
2453 2142 2745 2210 μετάνοιαν
2796 2141 2858 2195 τὸ
2909 2140 3214 2210 βάπτισμα.
3266 2135 3484 2206 Ἐπειδὴ
3520 2135 3628 2208 γὰρ
3661 2137 3696 2206 ἡ

2127 2233 2386 2302 μετάνοια
2419 2232 2557 2302 αὐτὴ
2612 2231 2732 2285 καθ’
2764 2232 2936 2301 αὐτὴν
2988 2232 3089 2284 ούκ
3140 2231 3366 2299 ὲπίσχυε
3422 2227 3698 2296 καθαροὺς

2123 2323 2314 2389 δεῖξαι,
2343 2323 2432 2377 διά
2469 2323 2626 2376 τοῦτο
2657 2323 3052 2395 βαπτιζόμεθα,
3079 2324 3164 2377 ἵνα
3187 2322 3287 2391 τῆς
3313 2320 3410 2375 τοῦ
3457 2316 3700 2391 Χριστοῦ

2124 2414 2343 2483 χάριτος
2362 2415 2422 2466 τὸ
2456 2415 2559 2467 πᾶν

2197 2693 2555 2763 Ἐπιθέσεὼς
2581 2714 2646 2751 τε
2686 2695 2923 2767 χειρῶν.
2971 2699 3049 2751 Δι’
3079 2692 3154 2752 ὧν
3183 2698 3244 2750 τὸ
3274 2695 3499 2766 Πνεῦμα
3527 2693 3708 2765 sup-

2127 2789 2313 2850 6ανον,
2341 2789 2483 2843 ὣστε
2515 2790 2902 2861 προφητεύειν,
2931 2789 3026 2844 καὶ
3048 2789 3300 2860 θαύματα
3322 2790 3515 2842 ποιεῖν.
3548 2787 3704 2840 Ἐπιο

2127 2878 2311 2940 θέντος
2344 2879 2474 2949 γὰρ,
2509 2879 2696 2949 φησὶν,
2727 2881 2912 2943 αὐτοῖς
2947 2879 3160 2934 Παύλου
3197 2880 3296 2942 τὰς
3329 2880 3538 2949 χεῖρας,
3573 2875 3706 2930 ἐλαο

2128 2969 2219 3022 6ον
2243 2970 2466 3039 Πνεῦμα
2500 2972 2676 3038 ἆγιον.

2215 3083 2632 3147 Ἀναστάσεὼς
2663 3099 2727 3137 τε
2771 3082 3018 3151 νεκρῶν.
3053 3081 3225 3136 Τοῦτο
3251 3081 3362 3151 γὰρ
3389 3081 3483 3134 καὶ
3524 3081 3582 3132 ὲν
3617 3078 3698 3147 τῷ

451 3176 624 3221 amate
657 3167 888 3221 edicitur
919 3186 1015 3237 per
1045 3172 1274 3236 {ignaram
1319 3173 1688 3229 immersionis
1715 3175 1768 3229 itt
1795 3191 2017 3246 aquam,

2131 3173 2465 3243 βαπτίσματι
2510 3173 2727 3242 γίνεται
2770 3174 2858 3227 διὰ
2890 3173 2983 3227 τοῦ
3021 3175 3300 3244 σχήματος
3349 3170 3454 3240 τῆς
3505 3169 3704 3224 ἀναδύο

453 3256 581 3308 etin
604 3257 953 3314 confessione
975 3261 1332 3315 conﬁrmatur
1356 3282 1370 3317 :
1397 3263 1717 3318 confitemur
1737 3269 1879 3319 enim
1903 3282 2025 3320 cre-

450 3347 581 3401 dere
613 3352 1071 3405 resurrectionem
1096 3362 1457 3408 mortuorum.

519 3441 684 3510 683
714 3442 778 3494 Et
799 3442 995 3510 judicii
1025 3446 1229 3499 retenti.
1259 3445 1371 3500 Hoc
1397 3457 1506 3508 est,
1539 3447 1682 3516 quod
1734 3450 2026 3518 sempiter-

451 3547 521 3585 na
549 3533 662 3588 sive
692 3533 860 3596 bona,
906 3535 1021 3589 sive
1050 3537 1315 3605 supplicia
1342 3538 1589 3607 largitur.
1671 3537 1792 3593 Haec
1846 3550 2025 3593 autem

453 3621 638 3677 dicere
689 3622 922 3690 videtur,
973 3627 1100 3695 quia
1166 3629 1466 3694 verisimile
1513 3640 1630 3683 erat
1664 3645 1760 3684 eos
1783 3633 2028 3695 concuti,

451 3714 666 3768 etiamsi
721 3715 834 3783 jam
893 3717 1024 3773 olim
1080 3720 1450 3785 crediderant,
1507 3720 1588 3774 vel
1626 3721 1847 3774 minime
1873 3721 2030 3775 Citri-

452 3805 628 3861 stiane
661 3807 861 3873 vivere,
895 3824 957 3862 ac
982 3809 1228 3879 signiter,
1292 3811 1546 3881 Vigilate,
1572 3813 1850 3881 inquiens.
1909 3812 2027 3868 Non

453 3897 596 3952 enim
625 3899 898 3954 allii-mare
934 3901 1080 3964 licet,
1110 3902 1254 3970 quod
1287 3906 1332 3956 si
1363 3904 1602 3973 segniter
1631 3901 1900 3970 vivamus,
1937 3920 2030 3980 aut

453 3987 560 4042 fide
585 3988 925 4054 excidatnus,
959 3990 1284 4060 rcbaptizari
1315 3993 1473 4047 nobis
1518 3992 1757 4057 dabitur,
1788 4003 1878 4046 aut
1911 4008 2033 4062 pec-

452 4088 572 4134 cata
610 4080 791 4135 denuo
817 4082 1040 4138 abluere
1073 4085 1398 4153 poterimus,
1425 4100 1488 4139 ac
1527 4085 1714 4140 eadem
1765 4087 2027 4154 consequi

453 4186 574 4242 quae
598 4174 771 4241 prius.
804 4173 1015 4230 Erratis
1044 4175 1189 4230 enim
1215 4176 1331 4232 haec
1355 4177 1748 4232 existimantes.

525 4349 692 4408 Vens.
722 4354 775 4408 3.
813 4352 884 4407 Et
945 4355 1044 4408 hoc
1102 4317 1397 4424 faciemus,
1428 4356 1476 4409 si
1501 4356 1711 4426 quidem
1739 4357 2030 4424 permiserit

460 4443 621 4497 Deus.
679 4443 791 4498 Hoc
847 4445 1140 4501 faciemus:
1193 4445 1494 4516 quale?Ut
1549 4447 1615 4501 ad
1640 4447 2028 4518 perfectionem
2066 4485 2108 4539 υ

459 4531 728 4592 feramur,
791 4531 837 4585 si
872 4533 1012 4586 Deus
1048 4534 1196 4588 velit.
1225 4533 1341 4588 Hoc
1372 4541 1550 4589 autem
1584 4537 1742 4598 dixit,
1779 4552 1886 4589 non
1911 4543 2034 4588 tan-

458 4631 622 4684 quam
667 4617 808 4672 Deus
847 4619 960 4673 haec
984 4637 1093 4675 non
1125 4622 1481 4690 permitteret,
1506 4640 1692 4679 verum
1722 4627 1946 4695 perinde
1975 4641 2039 4680 ac

465 4704 649 4760 dicere
685 4709 922 4763 solemus
963 4728 977 4764 :
1019 4710 1075 4764 Si
1105 4711 1248 4766 Deus
1274 4713 1423 4778 velit,
1456 4714 1559 4770 hoc
1587 4715 1806 4770 faciam.
1863 4717 2037 4771 Simul

461 4806 641 4850 autem
669 4799 797 4852 hinc
819 4799 979 4854 docet
1003 4817 1124 4866 nos,
1157 4819 1371 4858 omnem
1404 4822 1517 4861 rem
1545 4823 1610 4861 ex
1641 4809 1815 4877 ipsius
1839 4809 2036 4861 volun-

463 4898 574 4942 tate
601 4890 930 4962 depeudere,
993 4909 1171 4962 neque
1197 4898 1360 4951 etiam
1403 4899 1455 4952 in
1519 4900 1791 4954 confessis
1855 4900 2034 4966 bonis,

463 4982 686 5048 proprio
719 4982 884 5038 fidere
899 4985 1113 5052 judicio
1157 4997 1321 5059 atque
1363 4992 1647 5060 potentiae.
1676 4991 1823 5046 -Hoc
1852 5001 2033 5048 autem

461 5081 646 5141 aperte
674 5072 792 5144 ipse
816 5079 980 5131 etiam
1013 5077 1192 5136 ludas
1224 5083 1509 5152 ap0stolus
1542 5083 1816 5137 admouet.

530 5248 694 5307 Vens.
720 5252 775 5307 4.
799 5253 1129 5323 [inpossibile
1143 5259 1280 5312 enim
1297 5270 1471 5314 esteos
1491 5262 1580 5330 qui
1601 5260 1758 5315 semel
1775 5272 1894 5315 sunt
1918 5261 2038 5314 illu-

459 5341 671 5397 minari.
694 5343 810 5400 Non
841 5347 998 5413 dixit,
1018 5349 1212 5406 inutile
1240 5351 1656 5417 acindecoruut,
1681 5354 1796 5418 seJ,
1826 5353 2031 5421 impos-

535 5523 578 5556 ¹⁶
621 5525 821 5595 prcs.
879 5545 952 5594 tv,
1000 5528 1053 5583 5.

2130 3281 2290 3328 σεως,
2326 3263 2422 3317 καὶ
2455 3265 2512 3316 ἐν
2555 3267 2621 3336 τῇ
2649 3265 2913 3336 ὁμολογίᾳ
2962 3263 3300 3335 βεϐαιοῦται,
3329 3260 3704 3332 ὁμολογοῦμεν

2129 3355 2237 3426 γὰρ
2267 3356 2548 3409 πιστεύειν
2577 3357 2877 3411 ἀνάστασιν
2915 3356 3148 3427 νεκρῶν.

2200 3445 2311 3500 Καὶ
2363 3447 2614 3514 κρίσεως
2645 3447 2694 3480 ⁸⁸
2722 3447 2986 3501 αἰωνίου.
3022 3445 3304 3511 Τουτέστι,
3335 3445 3436 3511 τῆς
3466 3443 3704 3515 κρίσεως

2129 3537 2226 3607 τῆς
2257 3538 2482 3589 αἰνώνια
2510 3537 2756 3606 διδούσης
2804 3536 2837 3608 ἢ
2895 3537 3078 3611 ἀγαθὰ
3119 3538 3153 3605 ἢ
3199 3537 3468 3598 κολάσεις.
3513 3532 3707 3586 Ταῦτα

2130 3628 2278 3681 δοκεῖ
2329 3628 2535 3696 λέγειν,
2577 3628 2766 3698 ἐπειδὴ
2810 3628 2955 3691 εἰκὸς
2995 3624 3063 3696 ἦν
3101 3628 3296 3690 αὐτοὺς
3326 3623 3707 3698 παρασαλεύεφ

2134 3718 2279 3786 σθαι,
2313 3719 2490 3772 καίτοι
2513 3719 2612 3789 ἤδη
2641 3719 3094 3784 πεπιστευκότας,
3122 3718 3155 3788 ἢ
3181 3717 3366 3781 κακῶς
3400 3717 3574 3787 βιοῦν,
3605 3717 3706 3770 καὶ

2133 3809 2415 3880 ῥᾳθύμως,
2462 3810 2707 3881 Νήψατε,
2764 3810 2958 3879 λέγων.
3017 3811 3129 3863 Οὐκ
3161 3809 3307 3862 ἐστιν
3361 3807 3563 3871 εἰπεῖν,
3616 3808 3706 3860 δτι

2132 3900 2225 3954 ἐὰν
2258 3901 2824 3972 ῥᾳθύμως-ζήσωμεν,
2867 3903 2899 3972 ἢ
2938 3902 3038 3972 τῆς
3074 3902 3312 3966 πίστεως
3348 3901 3696 3970 ἐκπέσωμεν,

2133 3989 2294 4045 πάλιν
2325 3991 2824 4060 βαπτισθησόμεθα,
2842 3991 3003 4045 πάλιν
3034 3991 3374 4062 δυνησόμεθα
3420 3990 3492 4044 τὰ
3513 3991 3705 4059 ἅμαρ-

2133 4082 2353 4151 τήματα
2397 4081 2822 4161 ἀπολούσασθαι,
2878 4083 2974 4136 καὶ
3014 4081 3122 4135 τῶν
3166 4082 3350 4136 αὐτῶν
3393 4082 3578 4152 τυχεῖν
3623 4073 3705 4134 ὧν

2135 4168 2228 4222 καὶ
2269 4168 2556 4239 πρότερον.
2613 4167 2921 4238 Σιράλλεσθε
2967 4168 3096 4237 γὰρ,
3136 4167 3290 4239 φησὶ,
3327 4167 3500 4220 ταῦτα
3539 4164 3710 4238 ,νομε-

2135 4261 2340 4322 ζοντες.

2208 4352 2312 4405 Kal
2343 4351 2518 4405 τοῦτο
2540 4350 2896 4421 ποιήσομεν,
2920 4351 3143 4421 ἐάνπερ
3168 4351 3452 4420 ἐπιτρέπῃ
3476 4352 3511 4405 ὁ
3536 4348 3710 4414 Bede.

2137 4441 2309 4496 Τοῦτο
2335 4443 2635 4512 ποιήσομεν
2655 4460 2670 4476 ο
2707 4446 2896 4510 ποῖον;
2923 4443 2984 4496 τὸ
3006 4443 3100 4498 ἐπὶ
3137 4443 3237 4514 τὴν
3265 4443 3578 4512 τελειότητα
3611 4441 3714 4509 φέ-

2137 4534 2350 4605 ρεσθαι,
2377 4534 2474 4587 ὲὰν
2505 4536 2596 4587 καὶ
2615 4535 2644 4586 ὁ
2669 4533 2802 4598 Θεὸς
2828 4535 2978 4606 θέλῃ.
3015 4533 3186 4588 Τοῦτο
3217 4535 3274 4588 δὲ
3303 4528 3478 4598 εἶπεν,
3509 4532 3608 4601 οὐχ
3630 4530 3713 4594 ὡς

2133 4625 2227 4678 τοῦ
2264 4625 2400 4678 Θεοῦ
2429 4625 2504 4697 μὴ
2539 4626 2929 4696 ἐπιτρέποντος
2958 4624 3151 4690 ταῦτα,
3187 4623 3302 4679 ἀλλ’
3336 4624 3410 4686 ὡς
3433 4620 3710 4692 εἰώθαμεν

2133 4715 2333 4784 λέγειν,
2377 4719 2483 4781 ότι,
2525 4716 2654 4769 Ἐὰν
2699 4717 2794 4768 καὶ
2838 4719 2868 4769 ὁ
2903 4717 3035 4780 Θεὸς
3087 4716 3240 4786 θέλῃ,
3281 4716 3403 4769 τόδε
3443 4714 3710 4784 βούλομαι

2135 4810 2360 4879 ποιῆσαι
2379 4824 2394 4838 '
2420 4809 2538 4880 ἅμα
2555 4809 2612 4862 δὲ
2638 4809 2734 4862 καὶ
2756 4808 2994 4863 διδάσκει
3031 4809 3179 4878 ἡμᾶς
3209 4807 3478 4870 ἐντεῦθεν,
3509 4805 3570 4860 τὺ
3596 4805 3708 4858 πᾶν

2134 4898 2235 4968 τῆς
2287 4899 2500 4952 ἐκείνου
2548 4897 2784 4968 ὲξαρτᾷν
2831 4896 3122 4967 θελήσεως,
3162 4897 3257 4949 καὶ⁵
3287 4893 3423 4965 μηδὲ
3461 4893 3555 4946 ἐπὶ
3597 4890 3712 4944 τῶν

2137 4989 2586 5059 ὁμολογουμένως
2621 4987 2802 5041 καλῶν
2840 4989 2906 5057 τῇ
2946 4987 3124 5056 οἰκείᾳ
3155 4986 3375 5056 θαρρεῖν
3407 4983 3502 5038 καὶ
3527 4980 3716 5060 κρίσει

2140 5079 2236 5133 καὶ
2261 5080 2513 5148 δυνάμει.
2543 5079 2716 5132 Τοῦτο
2739 5079 2797 5132 δὲ
2829 5076 3009 5148 ῥητῶς
3052 5077 3145 5130 καὶ
3173 5077 3202 5128 ὁ
3241 5074 3533 5137 ἀπόστολος
3571 5070 3719 5126 Ἰού-

2139 5169 2236 5232 δας
2266 5171 2310 5201 ⁸⁸
2339 5172 2619 5241 παραινεῖ.
2979 5180 2983 5184 ’

2225 5265 2553 5319 Ἀδύνατον
2589 5264 2699 5334 γὰρ
2728 5264 2871 5328 τοὺς
2913 5260 3076 5325 ἅπαξ
3118 5258 3545 5334 φωτισθέντας.
3589 5255 3712 5310 Οὐκ

2141 5353 2293 5410 εἶπεν
2345 5359 2423 5411 ὅτι
2460 5358 2797 5426 ἀσύμφορον,
2837 5355 2871 5425 ἢ
2917 5353 3186 5425 ἀπρεπὲς,
3220 5350 3378 5417 ἀλλὰ,
3417 5349 3710 5414 ἀδύνατον,

1773 5649 1972 5711 Varia)
2001 5647 2335 5713 lectiones.

535 5770 607 5802 ιι·
638 5771 810 5826 ἰστέον
837 5789 890 5828 ο.
968 5772 1302 5844 ιικριματος
1340 5789 1394 5828 ο,
1474 5772 1518 5804 ³⁸
1569 5773 1822 5840 Ἰάκωὸος
1855 5791 1908 5830 o.
