4014 6208
423 367 522 430 ρει

1332 362 1904 426 THEOPHYLACTI
1938 361 2345 422 BULGARIE
2382 359 2736 421 ARCHIEP.

3558 358 3667 423 252

423 482 692 534 accedat:
729 479 832 533 nisi
885 479 1028 533 enim
1091 477 1471 532 condcmnarit
1539 478 1799 547 priorem,
1851 491 1986 544 quo-

2107 473 2182 525 :ui
2215 472 2446 542 δόγματι
2491 473 2585 524 καὶ
2628 471 2748 542 βίῳ,
2789 468 2931 523 οὕτω
2980 467 3298 539 πρόσεισιν⁶
3345 468 3394 520 ei
3426 469 3501 538 μὴ
3557 473 3669 539 γὰρ

425 571 590 622 modo
625 584 817 622 novam
860 570 1022 621 vitam
1050 568 1344 621 ordiet‘ur?
1379 569 1508 621 Eam
1569 568 1640 622 ob
1665 582 1777 620 rem
1807 564 1992 630 infert,

421 660 625 729 etﬁdei
674 660 728 711 in
792 658 974 712 Deum.
1037 659 1419 713 Paenitentiam
1471 659 1614 712 enim
1674 673 1703 711 a
1763 655 1998 710 mortuis

423 751 679 819 operibus
707 749 840 804 fides
872 751 1144 819 sequitur.
1201 750 1290 804 Ait
1337 751 1544 819 itaque,
1604 747 1724 801 Non
1781 754 1996 816 oportet

418 845 529 911 jam
565 858 661 894 vos
690 842 740 895 in
772 843 876 896 fide
899 843 1129 899 institui.
1166 851 1427 913 tanquam
1456 843 1568 909 jam
1625 842 1857 912 primum
1912 839 1992 892 in-

424 933 681 1001 ciperetis
715 933 1080 1003 :jampridem
1129 936 1272 988 enim
1338 935 1674 990 credidistis.
1740 931 1842 986 Per
1883 932 1995 984 lucc

422 1035 602 1077 autem
636 1025 833 1088 innuit,
859 1025 1000 1093 quod
1061 1026 1542 1089 concutiebantur,
1593 1040 1658 1078 ac
1708 1030 1992 1093 propterea

423 1115 780 1170 fundamento
813 1118 1152 1186 indigebant.

476 1229 720 1283 Vens.2.
789 1230 1117 1299 Baptismnm
1145 1232 1424 1285 doctrinae.
1488 1231 1604 1284 Non
1655 1247 1755 1286 ceu
1827 1233 1993 1284 multa

423 1319 532 1372 sint
564 1319 911 1387 baptismata,
955 1321 1006 1374 in
1051 1322 1247 1388 plurali
1284 1335 1513 1374 numero
1543 1322 1645 1374 hoc
1676 1319 1881 1375 Paulus
1906 1321 1993 1375 di-

423 1409 501 1460 xit
533 1425 546 1471 ;
575 1426 740 1462 unum
768 1411 914 1465 enim
947 1423 1028 1465 est
1063 1412 1332 1480 baptisma
1361 1413 1404 1442 ‘°
1435 1429 1448 1465 :
1507 1411 1602 1466 sed
1669 1411 1810 1479 quod
1851 1413 1998 1465 velut

422 1514 486 1553 ex
521 1503 886 1572 consequenti
928 1503 1028 1555 hoc
1060 1503 1366 1571 contingat.
1395 1503 1450 1556 Si
1488 1501 1632 1558 enim
1667 1503 1862 1556 iterum
1903 1519 1997 1559 eos

423 1592 478 1645 in
507 1594 822 1659 primordiis
889 1595 1170 1664 religionis
1235 1595 1567 1655 institueret.
1639 1610 1834 1650 rursus
1900 1595 1998 1650 ba-

424 1684 655 1752 ptizaret
686 1693 776 1748 ;et
799 1698 1084 1755 postquam
1116 1686 1253 1755 lapsi
1301 1697 1485 1740 essent
1530 1688 1859 1756 baptizaret,
1915 1697 1997 1741 at-

423 1791 529 1844 que
563 1775 783 1838 iterum,
819 1792 913 1844 per
943 1776 1255 1846 lmjusmodi
1302 1777 1702 1832 reiterationem
1739 1793 1994 1833 necessa-

422 1868 506 1921 rio
524 1875 709 1921 essent
727 1869 979 1938 baptismi
1005 1870 1157 1923 multi
1188 1887 1413 1924 :verum
1443 1869 1544 1924 hoc
1569 1870 1996 1926 estabsnrdnm.

423 1957 540 2013 Non
571 1969 783 2028 oportet
809 1961 971 2031 igitur
999 1977 1094 2016 vos
1144 1963 1405 2016 reiterare
1455 1962 1751 2032 baptisma,
1803 1963 1896 2016 sed
1942 1963 1996 2016 in

425 2052 592 2118 priori
638 2053 963 2121 baptismate
989 2068 1363 2124 perseverare.
1415 2053 1675 2110 Fortasse
1729 2063 1908 2109 autem
1944 2063 2003 2108 et.

425 2141 524 2203 iiii,
560 2144 726 2212 utqui
760 2144 858 2214 legi
884 2145 1061 2200 adhuc
1083 2145 1221 2198 allixi
1253 2156 1430 2207 erant.
1458 2147 1660 2201 multos
1694 2147 1998 2216 baptismos

423 2233 656 2288 Jmlaico
687 2251 836 2290 more
864 2238 1021 2291 etiam
1078 2239 1182 2292 sub
1217 2238 1388 2307 gratia
1443 2238 1832 2309 przedicabant.
1887 2237 1998 2293 Ob-

429 2336 584 2374 serva
617 2331 798 2375 autem
826 2323 970 2392 quod
1001 2327 1378 2393 paenitentiam
1408 2326 1716 2396 baptismus
1760 2328 1999 2397 excipie-

427 2416 536 2469 bat.
570 2415 842 2481 Quoniam
869 2417 1012 2472 enim
1045 2419 1368 2488 pmnitcntia
1425 2419 1539 2489 ipsa
1595 2436 1690 2488 per
1727 2435 1848 2475 sese
1890 2437 1998 2475 non

425 2504 596 2572 possit
635 2521 801 2574 puros
827 2507 1075 2570 reddere,
1144 2517 1431 2577 propterea
1517 2508 1880 2579 baptizamur,
1942 2518 2010 2565 ut.

425 2598 741 2651 universum
798 2597 868 2651 sit
899 2599 1086 2666 gratia:
1118 2599 1346 2654 Christi.

497 2684 858 2755 Impositionis
884 2705 1084 2758 quoque
1114 2707 1391 2744 manuum.
1427 2690 1530 2746 Per
1552 2708 1691 2762 quas
1729 2693 1996 2762 Spiritum

423 2777 794 2848 accipiebant,
834 2790 891 2833 nt
925 2781 1324 2850 prOphetarent
1363 2791 1417 2838 et
1465 2785 1728 2838 miracula
1756 2785 1998 2839 ederent.

424 2869 561 2923 Nam
593 2887 716 2924 cum
753 2871 1106 2941 imposuisset
1134 2874 1240 2928 illis
1271 2891 1464 2931 manus
1510 2875 1740 2942 Paulus,
1775 2892 2002 2944 accepe-

424 2970 573 3025 runt,
609 2963 803 3032 inquit.
831 2964 1090 3033 Spiritum
1121 2975 1394 3020 sanctum.

494 3073 562 3126 Et
586 3078 981 3130 resurrectionis
1015 3088 1362 3133 marmorum.
1395 3078 1506 3132 lloc
1532 3079 1675 3134 enim
1733 3082 1785 3135 in
1820 3082 2002 3152 bapti-

2098 561 2352 631 καταγνῷ
2389 561 2484 614 τοῦ
2525 562 2814 632 προτέρου,
2850 559 2968 622 πῶς
3008 558 3102 613 τοῦ
3135 558 3390 628 δευτέρου
3434 558 3670 627 ἅψεταις

2096 655 2187 708 Διὸ
2215 655 2429 722 ἐπάγει,
2456 655 2554 706 καὶ
2597 655 2856 720 πίστεως
2891 653 2991 706 ἐπὶ
3025 653 3193 707 Θεόν.
3250 652 3404 706 Μετὰ
3429 651 3537 721 γὰρ
3570 651 3670 723 τὴν

2097 746 2188 798 ἐπὶ
2234 748 2347 809 τοῖς
2389 748 2604 816 νεκροῖς
2639 745 2823 817 ἔργοις
2872 745 3186 815 μετάνοιαν,
3224 744 3345 796 τότε
3376 744 3410 814 ἠ
3462 744 3667 807 πίστις.

2094 840 2263 909 Φησὶν
2291 836 2406 904 οὖν,
2438 841 2542 903 ὅτι,
2585 840 2660 892 Οὐ
2695 839 2778 891 δεῖ
2806 838 2952 907 ὑμᾶς
2979 837 3106 904 περὶ
3136 835 3370 896 πίστεως
3394 835 3669 888 διδάσκειν

2097 932 2170 992 ὡς
2206 931 2580 1001 ἀρχομένους·
2629 931 2726 1000 ἤδη
2775 929 2883 999 γὰρ
2923 927 3305 982 ἐπιστεύσατε.
3360 926 3668 980 Δίνίττεται

2096 1023 2150 1074 δὲ
2192 1023 2278 1075 διὰ
2309 1022 2534 1084 τούτων,
2587 1022 2669 1074 ὅτι
2716 1020 2811 1074 καὶ
2859 1017 3200 1085 ὲσαλεύοντο,
3234 1017 3332 1071 καὶ
3381 1016 3469 1071 διὰ
3509 1017 3670 1071 τοῦτο

2096 1114 2306 1166 ἐδέοντο
2338 1112 2616 1182 θεμελίου.

2165 1227 2526 1297 Βαπτισμῶν
2553 1226 2826 1296 διδαχῆς.
2861 1228 2972 1295 Οὐχ
3004 1226 3079 1289 ὡς
3119 1225 3327 1278 πολλῶν
3359 1225 3526 1278 ὄντων
3556 1223 3670 1277 τῶν

2099 1322 2420 1392 βαπτισμῶν
2459 1321 2834 1390 πληθυντικῶς
2865 1320 3022 1373 τοῦτο
3064 1315 3216 1372 εἶπεν
3247 1319 3275 1370 ὁ
3319 1316 3564 1380 Παῦλος·
3607 1314 3668 1368 ἓν

2097 1415 2202 1485 γάρ
2235 1417 2350 1467 ἐστι
2381 1415 2666 1484 βάπτισμα
2687 1428 2701 1443 ·
2727 1412 2842 1466 ἀλλ’
2876 1413 2952 1475 ὡς
2980 1413 3045 1466 ἐκ
3064 1409 3160 1464 τοῦ
3184 1409 3480 1463 ἀκολούθου
3503 1408 3669 1462 τοῦτο

2100 1505 2418 1574 συμϐαῖνον.
2460 1507 2519 1558 Ei
2550 1506 2659 1575 γὰρ
2699 1503 2860 1558 πάλιν
2899 1505 3149 1574 κατήχει,
3185 1503 3282 1557 καὶ
3324 1500 3486 1555 πάλιν
3534 1499 3667 1553 ἐϐά-

2100 1599 2255 1659 πτιζε
2279 1615 2289 1626 ο
2320 1599 2412 1650 καὶ
2443 1597 2603 1650 πάλιν
2626 1596 3047 1667 παραπεσόντας
3074 1593 3333 1656 ἐϐάπτιζε
3350 1611 3363 1624 ·
3385 1591 3480 1646 καὶ
3507 1590 3670 1644 πάλιν

2100 1690 2284 1742 πολλοὶ
2309 1690 2358 1741 οἱ
2395 1689 2696 1758 βαπτισμοὶ
2725 1687 3040 1755 ἀναγκαίως
3059 1701 3074 1715 ⁶
3106 1685 3240 1739 ἀλλὰ
3263 1683 3422 1737 τοῦτο
3447 1683 3668 1736 ἄτοπον.

2100 1778 2212 1847 Οὐχ
2267 1779 2373 1848 ἄρα
2407 1778 2487 1831 δεῖ
2539 1777 2933 1840 ἀναϐατιτίζειν
2984 1776 3150 1846 ὑμᾶς,
3179 1773 3318 1828 ἀλλὰ
3350 1773 3532 1843 μένειν
3575 1772 3672 1823 ἐπὶ

2097 1867 2191 1921 τοῦ
2221 1868 2488 1937 προτέρου
2517 1866 2914 1937 βαπτίσματος.
2944 1868 3106 1930 Ἴσως
3119 1865 3184 1898 ⁸³⁸
3210 1864 3268 1917 δὲ
3298 1857 3446 1917 οὗτοι
3469 1862 3547 1926 ὡς
3587 1862 3671 1915 ἔτι

2098 1957 2192 2010 τοῦ
2241 1949 2405 2025 νόμου
2462 1958 2812 2027 ἀντεχόμενοι
2862 1956 3091 2019 πολλοὺς
3139 1953 3482 2026 βαπτισμοὺς
3535 1952 3674 2006 Ἰου-

2097 2048 2298 2111 δαϊκῶς
2337 2051 2432 2102 καὶ
2475 2050 2534 2101 ὲν
2581 2052 2645 2119 τῇ
2691 2049 2874 2120 χάριτι
2912 2046 3266 2118 ἐπρέσϐευον.
3298 2045 3442 2114 Ὅρα
3487 2042 3545 2096 δὲ
3587 2043 3670 2096 ὅτι

2103 2143 2241 2210 μετὰ
2287 2141 2386 2211 τὴν
2429 2141 2721 2208 μετάνοιαν
2772 2140 2834 2193 τὸ
2885 2139 3190 2209 βάπτισμα.
3242 2133 3460 2204 Ἐπειδή
3496 2133 3603 2207 γὰρ
3635 2135 3669 2204 ἡ

2103 2231 2361 2300 μετάνοια
2396 2231 2533 2301 αὐτὴ
2587 2230 2708 2283 καθ’
2740 2231 2912 2299 αὐτὴν
2964 2231 3064 2283 οὐκ
3115 2229 3342 2298 ὲπίσχυε
3397 2225 3670 2295 καθαροὺς

2099 2321 2290 2388 δεῖξαι,
2319 2322 2406 2375 διὰ
2445 2322 2601 2375 τοῦτο
2633 2321 3028 2393 βαπτιζόμεθα,
3055 2322 3140 2375 ἵνα
3163 2321 3263 2390 τῆς
3289 2319 3385 2373 τοῦ
3434 2315 3673 2389 Χριστοῦ

2099 2412 2318 2482 χάριτος
2337 2413 2398 2464 τὸ
2431 2414 2534 2466 πᾶν

2173 2692 2531 2762 Ἐπιθέσεώς
2556 2713 2622 2751 τε
2662 2694 2898 2766 χειρῶν.
2947 2697 3025 2749 Δι’
3055 2690 3130 2750 ὧν
3159 2697 3220 2748 τὸ
3250 2692 3474 2764 Πνεῦμα
3501 2691 3682 2762 ὲλάμο

2103 2788 2289 2849 6ανον,
2317 2788 2459 2842 ὥστε
2491 2789 2878 2859 προφητεύειν,
2907 2789 3002 2842 καὶ
3024 2788 3276 2858 θαύματα
3297 2788 3491 2840 ποιεῖν.
3523 2785 3676 2838 Ἐπιο

2102 2877 2287 2939 θέντος
2320 2878 2450 2948 γὰρ,
2485 2879 2672 2948 φησιν,
2703 2879 2889 2941 αὐτοῖς
2923 2877 3136 2933 Παύλου
3173 2878 3271 2940 τὰς
3305 2878 3514 2947 χεῖρας,
3549 2873 3679 2927 ελα-

2103 2968 2195 3021 6ον
2219 2969 2442 3038 Πνεῦμα
2475 2971 2652 3037 ἅγιον.

2191 3081 2608 3146 Ἀναστάσεώς
2640 3098 2704 3135 τε
2747 3080 2994 3149 νεκρῶν.
3029 3080 3201 3134 Τοῦτο
3227 3079 3338 3150 γὰρ
3365 3078 3459 3131 καὶ
3499 3079 3558 3130 ὲν
3592 3075 3672 3145 τῷ

427 3175 600 3220 amate
632 3166 864 3220 eliicitnr
895 3185 991 3236 per
1021 3171 1250 3235 figuram
1295 3172 1664 3228 immersionis
1691 3174 1744 3227 in
1771 3190 1993 3245 aquam,

2107 3171 2441 3242 βαπτίσματι
2485 3172 2703 3240 γίνεται
2746 3172 2834 3225 διὰ
2866 3172 2959 3225 τοῦ
2996 3173 3275 3244 σχήματος
3325 3169 3430 3239 τῆς
3481 3167 3678 3222 ἀναδύ-

429 3255 557 3307 etin
580 3256 929 3312 confessione
951 3260 1308 3314 conﬁrmatur
1332 3281 1346 3316 :
1372 3263 1693 3316 confitemur
1713 3267 1856 3318 enim
1880 3280 2001 3320 crc-

427 3346 556 3400 derc
589 3351 1047 3404 resurrectionem
1072 3361 1433 3406 mortuorum.

450 3473 452 3478 ι
495 3439 660 3509 683
690 3441 753 3493 Et
774 3441 971 3509 judicii
1000 3445 1205 3498 mterni.
1235 3444 1347 3499 Hoc
1373 3455 1481 3506 est,
1515 3445 1659 3515 quod
1710 3449 2002 3517 sempiter-

427 3546 496 3584 na
525 3532 638 3586 sive
667 3532 836 3595 bona,
881 3533 997 3588 sive
1025 3535 1291 3604 supplicia
1317 3537 1565 3606 largitur.
1647 3536 1768 3592 lianc
1822 3547 2000 3591 autem

429 3619 614 3676 dicere
665 3621 898 3689 videtur,
949 3626 1076 3694 quia
1142 3627 1441 3692 verisimile
1489 3639 1607 3682 erat
1640 3643 1736 3682 eos
1759 3631 2004 3694 concuti,

426 3713 642 3768 etiamsi
697 3713 809 3782 jam
869 3716 1000 3771 olim
1055 3718 1425 3783 crediderant,
1483 3719 1565 3774 vel
1601 3719 1823 3774 minimc
1849 3719 2006 3775 Chri-

428 3804 604 3860 stiane
638 3806 837 3871 vivere,
871 3823 933 3861 ac
957 3808 1204 3878 signiter,
1268 3809 1522 3880 Vigilate,
1548 3812 1826 3880 inquiens.
1885 3811 2002 3868 Non

428 3895 572 3950 enim
600 3898 874 3954 allirmare
909 3899 1056 3963 licet,
1087 3901 1230 3969 quod
1263 3904 1307 3954 si
1339 3903 1578 3972 segniter
1607 3899 1876 3969 vivamus,
1913 3919 2006 3979 aut

429 3985 536 4040 ﬁde
561 3987 901 4053 excidatnns,
935 3990 1259 4059 rebaptizari
1291 3991 1449 4046 nobis
1494 3991 1733 4056 dabitur,
1764 4002 1855 4046 aut
1887 4007 2008 4060 pec-

428 4087 548 4132 cata
585 4079 767 4134 denuo
793 4081 1016 4137 abluere
1049 4083 1374 4152 poterimus,
1401 4099 1464 4138 ac
1503 4083 1690 4138 eadem
1741 4085 2003 4153 consequi

428 4186 550 4241 quae
573 4173 748 4240 prius.
779 4172 990 4229 Erratis
1020 4175 1165 4228 enim
1191 4175 1308 4230 lucc
1331 4175 1724 4230 existimantes.

501 4348 668 4407 Vens.
699 4353 752 4407 5.
790 4351 860 4406 Ει
921 4353 1020 4408 hoc
1077 4354 1357 4423 faciemus,
1404 4354 1687 4426 siquidem
1716 4355 2006 4423 permiserit

2106 3279 2265 3327 σεως,
2302 3261 2398 3315 καὶ
2431 3264 2489 3314 ἐν
2531 3265 2597 3334 τῇ
2625 3263 2888 3334 ὁμολογία
2938 3261 3275 3333 βεϐαιοῦται,
3304 3258 3680 3330 ὁμολογοῦμεν

2105 3353 2212 3425 γὰρ
2243 3354 2524 3407 πιστεύειν
2553 3355 2853 3409 ἀνάστασιν
2891 3355 3123 3425 νεκρῶν.

2175 3444 2288 3499 Καὶ
2340 3445 2590 3512 κρίσεως
2621 3445 2670 3477 ⁸⁵
2698 3445 2961 3499 αἰωνίου.
2997 3443 3280 3511 Τουτέστι,
3311 3443 3412 3508 τῆς
3442 3441 3678 3512 κρίσεως

2104 3536 2201 3606 τῆς
2232 3536 2458 3588 αἰνώνια
2486 3535 2732 3605 διδούσης
2781 3534 2814 3606 ἢ
2871 3534 3052 3602 ἀγαθὰ
3095 3537 3128 3604 ἢ
3176 3535 3444 3597 κολάσεις.
3490 3531 3680 3584 Ταῦτα

2105 3627 2254 3679 δοκεῖ
2305 3625 2511 3694 λέγειν,
2553 3625 2742 3696 ἐπειδὴ
2785 3626 2931 3688 εἰκὸς
2970 3621 3039 3695 ἦν
3077 3627 3272 3689 αὐτοὺς
3301 3622 3681 3697 παρασαλεύε-

2110 3717 2254 3783 σθαι,
2289 3717 2467 3770 καίτοι
2489 3717 2589 3787 ἤδη
2617 3717 3069 3782 πεπιστευκότας,
3098 3717 3132 3786 ἢ
3159 3716 3344 3780 κακῶς
3377 3715 3551 3785 βιοῦν,
3581 3715 3680 3768 καὶ

2109 3808 2391 3878 ῥᾳθύμως,
2438 3809 2684 3880 Νήψατε,
2740 3809 2934 3877 λέγων.
2993 3810 3105 3862 Οὐκ
3138 3807 3283 3861 ἔστιν
3337 3805 3540 3870 εἰπεῖν,
3593 3806 3679 3859 ὅτι

2107 3899 2201 3952 ἐὰν
2233 3899 2800 3970 ῥᾳθύμωςιξήσωμεν,
2843 3900 2875 3970 ἢ
2914 3900 3014 3971 τῆς
3051 3900 3288 3964 πίστεως
3325 3900 3670 3969 ἐκπέσωμεν,

2109 3988 2270 4043 πάλιν
2300 3990 2800 4059 βαπτισοησόμεθα,
2818 3990 2979 4043 πάλιν
3010 3990 3350 4060 δυνησόμεθα
3397 3988 3467 4042 τὰ
3490 3989 3678 4058 ἁμαρ·

2109 4081 2329 4150 τήματα
2373 4080 2799 4159 ἀπολούσασθαι,
2854 4082 2950 4134 καὶ
2989 4080 3098 4133 τῶν
3142 4080 3326 4134 αὐτῶν
3369 4081 3554 4150 τυχεῖν
3599 4071 3678 4132 ὧν

2110 4167 2204 4220 καὶ
2245 4166 2531 4238 πρότερον.
2590 4165 2896 4235 Σφάλλεσθε
2942 4166 3072 4236 γὰρ,
3113 4166 3266 4237 φησι,
3303 4165 3476 4218 ταῦτα
3517 4162 3682 4236 νομε-

2111 4259 2315 4321 ζοντες.

2184 4351 2288 4404 Kal
2319 4349 2494 4403 τοῦτο
2515 4348 2871 4419 ποιήσομεν,
2896 4349 3118 4419 ἐάνπερ
3145 4349 3429 4418 ἐπιτρέπῃ
3453 4351 3487 4403 ό
3513 4347 3684 4412 Bede.

435 4441 597 4496 Deus.
654 4443 767 4497 lloc
823 4444 1116 4500 faciemus:
1167 4445 1470 4514 quale?Ut
1524 4446 1590 4500 ad
1616 4446 2001 4516 perfectionem

2114 4440 2284 4495 Τοῦτο
2311 4441 2611 4511 ποιήσομεν
2631 4459 2645 4474 ο
2683 4444 2873 4508 ποῖον;
2899 4441 3077 4525 velut
3113 4441 3213 4513 τὴν
3240 4441 3554 4511 τελειότητα
3587 4439 3688 4508 φέ-

435 4531 703 4591 l'eramur,
767 4530 813 4584 si
848 4532 988 4586 Deus
1024 4533 1172 4587 velit.
1201 4532 1318 4586 Hoc
1349 4541 1527 4588 autem
1560 4535 1719 4598 dixit,
1756 4551 1862 4588 non
1889 4543 2010 4587 tan-

433 4629 597 4683 quam
643 4616 783 4671 Dens
822 4618 936 4672 inec
960 4637 1069 4674 non
1101 4621 1456 4689 permitteret,
1482 4639 1668 4678 verum
1698 4625 1922 4694 perinde
1951 4640 2016 4678 ac

441 4703 625 4760 dicere
661 4707 898 4762 solemus
939 4727 952 4764 :
995 4709 1051 4764 Si
1081 4709 1223 4765 Deus
1250 4712 1398 4776 velit,
1431 4713 1535 4769 hoc
1563 4713 1782 4769 faciam.
1838 4715 2013 4770 Simul

437 4805 617 4849 autem
645 4798 771 4851 hinc
795 4799 956 4854 docet
979 4816 1100 4866 nos,
1133 4818 1347 4857 omnem
1380 4821 1493 4860 rem
1521 4821 1586 4870 ex
1617 4807 1791 4875 ipsius
1815 4808 2012 4860 volun-

439 4897 549 4941 tate
577 4889 906 4962 dependere,
969 4909 1146 4962 neque
1173 4897 1337 4950 etiam
1378 4897 1431 4951 in
1495 4898 1768 4953 confessis
1831 4899 2010 4965 bonis,

439 4981 662 5048 proprio
696 4981 1089 5052 fiderejudicio
1133 4997 1296 5058 atque
1339 4991 1623 5059 potentiae.
1652 4989 1800 5044 -Hoc
1829 4999 2010 5046 autem

437 5080 621 5140 aperte
650 5071 768 5143 ipse
792 5077 956 5130 etiam
989 5077 1169 5134 Jntlas
1200 5081 1485 5150 ap0stolus
1518 5081 1792 5136 admonet.

507 5247 671 5305 Vsus.
696 5250 751 5306 4.
775 5251 1106 5322 lmpossibile
1119 5258 1255 5311 enim
1273 5268 1448 5312 esteos
1467 5260 1556 5328 qui
1577 5258 1734 5313 semel
1751 5270 1870 5313 sunt
1893 5259 2014 5312 illu-

435 5339 647 5395 minati.
670 5341 786 5399 Non
816 5347 974 5412 dixit,
994 5348 1188 5404 inutile
1216 5349 1632 5416 aciudccorum,
1657 5352 1772 5416 sei,
1802 5351 2008 5420 impos-

511 5522 554 5554 ¹⁶
598 5524 797 5594 Ephcs.
856 5543 928 5593 tv,
977 5527 1029 5582 5.

2113 4532 2326 4604 ρεσθαι,
2353 4532 2450 4585 ἐὰν
2480 4534 2572 4586 καὶ
2591 4533 2620 4584 ὁ
2645 4532 2778 4596 Θεὸς
2803 4522 3163 4604 θέλῃζΤοῢτο
3193 4533 3250 4586 δὲ
3279 4526 3454 4597 εἶπεν,
3485 4531 3585 4599 οὐχ
3606 4528 3687 4592 ὡς

2109 4624 2202 4677 τοῦ
2239 4623 2376 4677 Θεοῦ
2405 4623 2480 4695 μὴ
2515 4624 2906 4694 ἐπιτρέποντος
2935 4622 3127 4688 ταῦτα,
3163 4622 3278 4677 ἀλλ’
3311 4621 3386 4684 ὡς
3409 4618 3684 4690 εἰώθαμεν

2109 4714 2309 4782 λέγειν,
2353 4717 2459 4779 ὁτι,
2500 4715 2629 4768 Ἐὰν
2675 4715 2769 4767 καὶ
2813 4717 2843 4768 ὁ
2879 4715 3011 4778 Θεὸς
3063 4714 3216 4784 θέλῃ,
3257 4713 3379 4767 τόδε
3419 4712 3684 4782 βούλομαι

2111 4808 2336 4877 ποιῆσαι.
2356 4822 2371 4837 ⁶
2397 4808 2514 4878 ἅμα
2531 4809 2587 4860 δὲ
2614 4808 2709 4861 καὶ
2732 4806 2970 4860 διδάσκει
3007 4807 3154 4876 ἡμᾶς
3184 4805 3454 4868 ἐντεῦθεν,
3485 4803 3546 4857 τὸ
3572 4803 3682 4856 πᾶν

2110 4897 2212 4967 τῆς
2263 4897 2476 4951 ἐκείνου
2524 4896 2759 4967 ὲξαρτᾷν
2807 4895 3098 4964 θελήσεως,
3137 4895 3233 4946 καὶ
3262 4891 3398 4962 μηδὲ
3437 4891 3532 4944 ἐπὶ
3574 4888 3684 4941 τῶν

2113 4987 2562 5057 ὁμολογουμένως
2597 4985 2777 5040 καλῶν
2815 4988 2883 5055 τῇ
2921 4984 3098 5054 οἰκείᾳ
3130 4983 3351 5055 θαρρεῖν
3383 4981 3478 5035 καὶ
3503 4979 3688 5058 κρίσει

2117 5078 2212 5131 καὶ
2237 5079 2489 5148 δυνάμει.
2519 5077 2690 5131 Τοῦτο
2715 5076 2772 5130 δὲ
2805 5074 2985 5146 ῥητῶς
3028 5076 3120 5128 καὶ
3149 5075 3178 5126 ὁ
3216 5072 3510 5135 ἀπόστολος
3549 5068 3689 5124 Ἰού-

2115 5167 2212 5231 δας
2242 5169 2286 5199 ⁸⁵
2315 5170 2594 5239 παραινεῖ.
2954 5177 2959 5182 ’

2202 5263 2529 5317 Ἀδύνατον
2565 5262 2675 5333 γὰρ
2704 5263 2847 5326 τοὺς
2890 5259 3052 5324 ἅπαξ
3094 5257 3521 5327 φωτισθέντας.
3565 5253 3684 5308 Οόιι

2117 5351 2270 5408 εἶπεν
2321 5357 2400 5409 ὅτι
2437 5356 2773 5424 ἀσύμφορον,
2813 5353 2846 5424 ἢ
2893 5352 3162 5423 ἀπρεπὲς,
3195 5348 3352 5415 ἀλλὰ,
3393 5347 3682 5413 ἀδύνατον,

1749 5647 1948 5710 Variae
1977 5646 2312 5712 lectiones.

511 5769 584 5802 n-
614 5770 786 5825 ιπέον
814 5788 866 5827 ο,
944 5771 991 5804 ³⁸
1011 5770 1277 5842 κρίματος
1317 5787 1370 5826 o.
1450 5771 1494 5803 ⁸⁸
1546 5771 1799 5838 Ὶάκωὸος
1831 5789 1884 5828 ο.
