4014 6208
325 347 451 411 253

1124 354 1532 419 EXPOSITIO
1563 359 1655 423 IN‘
1674 360 1915 424 EPIST.
1944 363 2045 425 AD
2072 364 2463 429 HEBRIEOS.
2489 369 2731 433 -ΟᾹΡ,
2764 371 2866 434 VI.

3370 371 3609 441 .255

328 463 487 517 ὥστε
519 465 600 528 εἰς
636 465 952 535 ἀπόγνωσιν
1006 466 1209 536 αὐτοὺς
1234 475 1499 544 ἐμϐαλεῖν
1532 477 1628 531 τοῦ
1677 479 1897 551 δεύτερο

2035 481 2217 550 sibile,
2253 493 2310 539 ut
2352 485 2421 541 ad
2451 486 2891 558 desperationem
2925 502 3019 544 eos
3054 488 3282 558 injicist,
3313 504 3384 547 ne
3422 493 3605 548 omni-

324 556 587 622 ἐλπίζειν
613 557 862 630 λουτρόν.

402 652 847 721 Γευσαμένους
877 671 945 709 τε
974 655 1084 725 τῆς
1113 656 1353 727 δωρεᾶς
1377 661 1490 732 τῆς
1531 664 1918 735 ἐπουρανίου.

2027 585 2102 626 no
2131 583 2355 640 sperent
2383 589 2445 630 se
2469 575 2649 631 denuo
2681 576 2948 645 baptisma
2974 591 3135 645 posse
3171 579 3457 647 consequi.

2095 661 2453 719 Gustaueruut
2475 668 2637 720 etiam
2650 666 2848 722 donum
2878 667 3107 722 caeleste.
3138 667 3249 722 lloc
3271 677 3376 735 est,
3408 672 3604 726 remis-

324 743 629 807 Τουτέστι,
669 747 772 815 τῆς
802 747 1049 818 ἀφέσεως
1090 751 1201 805 τῶν
1233 753 1540 826 ἁμαρτιῶν.
1574 757 1766 823 Οὐδεὶς
1809 759 1899 831 γὰι

2022 752 2234 809 sionem
2265 764 2616 825 peccatorum
2643 776 2658 820 ;
2689 772 2852 814 nemo
2878 759 3026 814 enim
3063 759 3192 813 talia
3224 761 3356 816 dare
3422 772 3604 832 potest

322 835 567 891 δύναται
591 838 819 893 τοιαῦτα
842 840 1067 908 διδόναι,
1101 846 1151 897 εἰ
1178 844 1254 916 μὴ
1282 842 1364 911 εἷς
1390 849 1419 902 ὁ
1449 847 1605 913 Θεός.

405 925 520 980 Kal
565 930 868 998 μετόχους
913 932 1275 1002 γενηθέντας
1331 939 1681 1008 Πνεύματος
1721 941 1915 1011 ἁγίου.

322 1017 494 1071 Μετᾶ
520 1019 621 1088 τὴν
655 1019 851 1089 ἄφεσιν
887 1023 998 1077 τῶν
1024 1025 1335 1095 ἁμαρτιῶν,
1369 1030 1491 1084 τότε
1517 1032 1550 1102 ὴ
1588 1034 1793 1103 μετοχὴ
1820 1028 1918 1087 τοῦ

322 1109 497 1176 ἁγίου
541 1111 897 1181 Πνεῦματοςο
946 1117 1010 1170 οὐ
1042 1118 1152 1189 γὰρ
1201 1123 1340 1174 οἰκεῖ
1382 1124 1441 1174 ἐν
1494 1122 1706 1194 σώματι
1742 1142 1915 1180 κατα-

321 1197 480 1267 χρέῳ
515 1199 837 1270 ἁμαρτίαις.
863 1204 963 1258 Διὰ
992 1205 1049 1259 δὲ
1089 1207 1190 1277 τῆς
1235 1210 1534 1278 ἐπιθέσεως
1563 1213 1676 1267 τῶν
1710 1213 1915 1287 χειρῶν

322 1288 540 1342 ἐδίδοτο
569 1291 645 1354 ὼς
674 1293 767 1347 καὶ
789 1295 1049 1366 ἀνωτέρω
1071 1298 1308 1368 εἴρηται.

305 1384 312 1411 ³
397 1382 515 1436 Καὶ
541 1383 734 1438 καλὸν
755 1388 1167 1456 γευσαμένους
1196 1391 1344 1446 Θεοῦ
1384 1392 1569 1462 ῥῆμα.
1607 1394 1721 1449 Οὐκ
1758 1392 1913 1451 εἶπεν

319 1473 876 1546 ἀνακεκαλυμμένως
902 1479 955 1531 τί
984 1482 1101 1533 ἐστι
1124 1482 1283 1536 τοῦτο
1301 1499 1316 1513 ⁸
1345 1484 1553 1539 δίδωσι·
1564 1486 1747 1556 μέντοι
1776 1489 1909 1559 ἡμῖν

316 1568 512 1630 νοεῖν,
555 1569 639 1621 ὅτι
700 1569 827 1641 περὶ
882 1574 1067 1644 πάσης
1115 1578 1498 1649 πνευματικῆς
1559 1578 1907 1645 διδασκαλίας

317 1658 487 1712 τοῦτό
518 1674 676 1730 φησι.

396 1750 696 1822 Δυνάμεις
720 1771 785 1807 τε
815 1754 1155 1825 μέλλοντος
1192 1754 1428 1828 αιῶνος.
1459 1764 1529 1816 Ἦ
1567 1764 1627 1817 τὸ
1653 1763 1904 1836 θαύματα

314 1844 599 1898 ἐπιτελεῖν
619 1844 764 1898 οὕτω
786 1846 961 1911 καλεῖ,
995 1847 1028 1918 ἦ
1064 1849 1121 1902 τὸ
1153 1849 1255 1919 ζῇν
1283 1852 1609 1919 ἀγγελικῶς,
1636 1854 1714 1926 τῷ
1740 1858 1905 1926 μηδε-

315 1936 413 1999 νὸς
439 1936 650 1989 δεῖσθαι
692 1938 802 1990 τῶν
834 1939 1140 2007 παρόντων,
1183 1941 1319 1996 ἀλλὰ
1364 1944 1499 2015 πρὸς
1539 1945 1605 2000 τὰ
1641 1948 1904 2018 μέλλοντα

316 2025 680 2087 ἀποϐλέπειν,
716 2026 812 2079 καὶ
841 2026 939 2096 ήδη
973 2029 1271 2098 ἀρραϐῶνα
1300 2031 1444 2101 ἔχειν
1472 2033 1572 2103 τῆς
1600 2033 1904 2106 μελλοόσης

319 2114 479 2184 ζωῆς
500 2113 595 2185 τὴν
626 2114 865 2168 ἐνταῦθα
896 2115 1060 2170 ᾰῦλον
1080 2118 1177 2171 καὶ
1210 2122 1613 2192 πνευματικήν.

394 2205 508 2258 Καὶ
563 2206 1032 2275 παραπεσόντας
1090 2207 1283 2262 πάλιν
1348 2210 1751 2273 ἀνακαινίζειν
1812 2216 1903 2281 εὶς

310 2295 665 2365 μετάνοιαν.
698 2296 981 2361 Τουτέστι,
1011 2298 1099 2353 διὰ
1144 2304 1453 2371 μετανοάς.
1488 2305 1554 2357 Tt
1583 2304 1699 2373 οὖνς
1736 2307 1898 2360 ἐκσέ-

315 2387 514 2457 ὄληται
541 2388 576 2459 ἡ
602 2387 900 2458 μετάνοιας
929 2389 1016 2462 Μὴ
1046 2390 1283 2459 γένοιτο*
1317 2394 1435 2447 ἀλλ’
1472 2397 1501 2449 ὁ
1528 2397 1617 2451 διὰ
1654 2397 1750 2451 τοῦ
1779 2399 1900 2452 δευ-

312 2481 481 2550 τέρου
507 2481 740 2553 λουτροῦ
770 2482 1184 2555 ἁνακαινισμός.
1207 2485 1314 2539 Τοῦ
1340 2488 1568 2561 λουτροῦ
1595 2490 1704 2563 γὰρ
1731 2491 1897 2562 μόνου

313 2572 435 2627 ἐστὶ
478 2572 543 2625 es
593 2573 986 2640 ἀνακαινίζειν,
1035 2575 1109 2639 ὡς
1140 2578 1237 2631 καὶ
1278 2579 1307 2632 ὁ
1341 2580 1665 2652 προφήτηςο
1726 2584 1897 2637 Ἀνα-

311 2665 776 2732 καινισθήσεται
812 2668 894 2732 ὡς
922 2667 1101 2723 ἀετοῦ
1156 2670 1195 2738 ἡ
1240 2671 1458 2738 νεότης
1510 2687 1648 2738 σου,
1694 2676 1797 2747 τῆς
1835 2677 1895 2731 δὲ

317 2756 617 2827 μετανοίας
650 2755 788 2819 ἐστὶ,
816 2755 881 2810 τὸ
918 2757 1020 2829 τῆς
1051 2758 1416 2831 παλαιότητος
1445 2763 1771 2833 ἀπαλλάξαι,
1801 2769 1895 2822 καὶ

318 2847 594 2918 στερροὺς
631 2846 985 2919 ἐργάζεσθαι.
1017 2847 1117 2915 El;
1161 2852 1379 2923 ἐκείνην
1410 2853 1595 2923 μέντοι
1621 2855 1720 2928 τὴν
1751 2857 1893 2930 λαμ-

314 2940 569 3009 πρότητα
627 2941 925 3011 ἀναγαγεῖν
950 2941 1054 2997 οὐκ
1097 2942 1199 2997 ενι.
1240 2944 1390 2999 Ἐκεῖ
1434 2945 1543 3018 γὰρ
1580 2948 1643 3002 τὸ
1685 2949 1805 3004 ὅλον
1858 2952 1892 3023 ἡ

313 3035 482 3102 χάρις
511 3027 600 3103 ἦν.
634 3033 728 3096 Εἰς
759 3034 1057 3102 μετάνοιαν
1088 3034 1208 3103 οὖν,
1250 3037 1404 3107 φησῖ,
1450 3038 1550 3110 τὴν
1570 3040 1663 3094 τοῦ
1696 3040 1894 3112 βαπτί-

2021 842 2128 899 nisi
2152 860 2294 901 unus
2322 846 2489 903 Deus.

2092 934 2163 990 Et
2213 938 2498 1008 participes
2526 939 2659 1009 facti
2693 950 2815 995 sunt
2842 941 3072 1012 Spiritus
3092 944 3286 998 sancti.
3345 944 3473 1001 Post
3510 948 3603 1001 di-

2021 1027 2339 1084 missionem
2372 1041 2746 1100 peccatorum,
2784 1041 2899 1088 tum
2967 1045 3050 1089 est
3083 1036 3432 1106 participatio
3465 1039 3590 1109 Spi-

2019 1116 2163 1172 ritus
2191 1119 2406 1173 sancti:
2439 1134 2547 1173 non
2578 1121 2732 1175 enim
2783 1122 2994 1177 habitat
3027 1123 3082 1177 in
3116 1138 3349 1193 corpore
3375 1126 3595 1181 subdito

2019 1209 2283 1279 peccatis.
2331 1208 2435 1264 Per
2469 1210 2873 1281 impositionem
2929 1222 3107 1269 autem
3140 1229 3400 1269 manuum
3427 1216 3595 1271 daba-

2015 1310 2127 1370 tur,
2151 1303 2230 1357 uti
2256 1318 2420 1373 supra
2449 1303 2658 1358 dictum
2688 1314 2791 1360 est.

2091 1390 2256 1449 Vsus.
2284 1392 2340 1449 5.
2377 1390 2828 1463 Gustaveruatque
2845 1395 3037 1449 bonum
3069 1397 3161 1450 Dei
3204 1396 3436 1454 verbum.
3473 1400 3591 1454 Non

2012 1480 2149 1536 dixit
2178 1490 2366 1551 aperte
2392 1483 2521 1552 quid
2553 1484 2625 1538 sit
2653 1484 2758 1537 hoc
2792 1502 2806 1538 :
2836 1484 3053 1538 interim
3079 1493 3263 1542 tamen
3297 1503 3401 1543 nos
3434 1490 3589 1542 colli-

2009 1584 2137 1642 gere
2160 1568 2313 1637 facit,
2334 1586 2394 1627 se
2420 1571 2487 1627 de
2516 1571 2665 1627 omni
2698 1571 2971 1641 spirituali
3001 1575 3248 1629 doctrina
3273 1576 3445 1647 loqui.

2083 1742 2151 1800 Et
2180 1747 2398 1801 uirtutes
2426 1744 2597 1816 futuri
2630 1747 2837 1801 swculi.
2866 1740 2963 1802 Vel
2993 1748 3259 1806 miracula
3291 1751 3469 1809 facere
3507 1756 3587 1810 sic

2010 1839 2269 1909 appellat,
2313 1839 2397 1893 vel
2427 1839 2675 1910 angelice
2704 1840 2912 1905 vivere,
2948 1841 3023 1896 ita
3057 1853 3118 1898 ut
3150 1844 3302 1898 nullo
3351 1860 3591 1914 praesen-

2008 1931 2145 1985 tium
2204 1929 2468 2001 indigeat,
2537 1931 2633 1985 sed
2669 1930 2735 1985 ad
2765 1931 2953 1987 futura
2991 1935 3273 2004 respiciat,
3305 1952 3367 1990 ac
3392 1936 3590 1992 futura:

2005 2023 2129 2079 vitae
2154 2023 2373 2078 arrham
2394 2022 2614 2088 habeat,
2634 2031 2959 2093 praesentem
2987 2040 3019 2081 a
3048 2028 3277 2082 materia
3308 2028 3585 2099 rebusque

2005 2117 2215 2171 crassis
2245 2125 2512 2170 semotum
2550 2122 2605 2168 et
2633 2113 3003 2183 spiritualem.

2073 2204 2238 2259 Vnus.
2262 2205 2313 2259 6.
2343 2207 2411 2258 Et
2438 2204 2674 2275 prolapsi
2707 2214 2854 2272 sunt,
2897 2221 3083 2260 rursus
3116 2208 3359 2262 renovari
3372 2209 3442 2262 ad
3468 2224 3580 2278 pa:-

2002 2299 2306 2354 nitentium.
2340 2298 2457 2354 lloc
2486 2310 2593 2364 est,
2627 2316 2725 2370 per
2753 2299 3154 2370 pmoitentiam.
3185 2299 3325 2366 Quid
3378 2300 3585 2369 igitur?

2002 2391 2177 2460 ejecta
2203 2398 2288 2445 est
2318 2391 2644 2461 pteuitentia
2667 2391 2691 2445 ?
2714 2390 3176 2460 Haudquaquam,
3231 2392 3326 2446 sed
3364 2407 3458 2459 per
3485 2407 3577 2446 se-

1995 2484 2234 2541 cundum
2269 2486 2540 2554 baptisma
2571 2486 2856 2541 renovatio
2882 2494 2966 2540 est
3003 2486 3229 2553 reiecta.
3273 2484 3561 2540 Rmuware

1999 2594 2239 2650 namque
2299 2578 2477 2636 solius
2523 2586 2610 2634 est
2670 2579 2897 2639 lavacri,
2926 2578 3152 2648 perinde
3206 2594 3270 2633 ac
3303 2577 3576 2646 PrOpheta

1998 2670 2133 2727 dicit
2163 2686 2178 2725 :
2215 2669 2571 2726 Renovabitur
2610 2681 2667 2725 ut
2695 2670 2887 2741 aquin
2919 2669 3160 2740 iuventus
3199 2669 3585 2739 tua":pmni-

2001 2762 2185 2818 tentia:
2219 2773 2403 2817 autem
2439 2770 2546 2830 est,
2572 2778 2602 2816 a
2656 2769 2929 2819 vetustate
2981 2762 3238 2827 liberare,
3298 2759 3581 2830 fortesque

1996 2852 2208 2910 facere:
2273 2852 2340 2908 ad
2400 2853 2550 2908 illum
2604 2862 2784 2908 tamen
2842 2852 3417 2922 spiendoremducere
3466 2866 3579 2909 non

1994 2945 2126 3004 licet
2150 2963 2163 2999 :
2194 2944 2306 2999 illic
2329 2945 2474 3000 enim
2502 2952 2676 2999 totum
2703 2943 2878 3014 gratia
2906 2950 3050 2999 erat.
3079 2941 3162 2996 Ad
3194 2942 3571 3013 prenitentiam

1995 3038 2160 3109 igitur
2182 3036 2338 3103 dicit,
2363 3050 2557 3104 nempe
2575 3034 2945 3105 baptismatis.
2970 3032 3216 3088 Primum
3245 3032 3390 3088 enim
3423 3032 3582 3101 quis-

321 3139 551 3192 σματος.
588 3124 862 3195 Πρότερον
886 3127 995 3196 γάρ
1027 3143 1112 3190 τις
1143 3131 1396 3197 μετανοεῖ
1423 3131 1516 3183 seu
1539 3131 1614 3202 τῷ
1645 3136 1896 3209 προτέρῳ

2009 3130 2144 3199 piam
2175 3128 2396 3184 ducitur
2423 3126 2741 3197 ptenitentia
2765 3124 2835 3180 ob
2857 3131 3191 3181 transactam
3206 3120 3591 3194 ἡμιωϐθῷ

315 3214 439 3284 βίῳ,
474 3213 597 3270 εἶτα
631 3216 978 3287 βαπτίζεται,
1003 3219 1079 3281 ὡς
1104 3221 1199 3272 καὶ
1230 3220 1393 3284 αὐτὸς
1430 3225 1898 3294 προεῖπε,ξΜετα-

312 3306 482 3371 νοίας
512 3305 624 3374 τῆς
657 3308 779 3362 ἀπὸ
808 3307 1038 3376 νεκρῶν
1063 3309 1272 3394 ἔργων.
1322 3311 1494 3382 Δῆλον
1547 3315 1604 3370 δὲ
1640 3319 1746 3372 καὶ.
1785 3320 1895 3374 ἀπὸ

312 3398 422 3449 τῶν
447 3398 596 3469 ἑξῆς,
622 3399 706 3453 δτι
731 3400 792 3454 τὸ
816 3400 1070 3473 δεύτερον
1092 3401 1318 3473 λουτρδν
1339 3403 1702 3478 ἀπαγερεύων
1719 3411 1896 3469 ταῦτα

314 3506 505 3558 φησιν.

396 3583 946 3652 Ἅνασταυροῦντας
984 3586 1221 3656 ἑαυτοῖς
1252 3591 1361 3645 τὸν
1399 3593 1539 3647 Υίὸν
1578 3593 1687 3649 τοῦ
1719 3595 1888 3649 Θεοῦ.

311 3673 385 3725 τὸ
424 3674 708 3743 βάπτισμα
735 3678 972 3747 σταυρὸς
1015 3682 1152 3733 ἔστι.
1194 3683 1668 3754 Συνεσταυρώθη
1699 3688 1811 3756 γὰρ
1858 3690 1892 3742 ὁ

310 3764 571 3829 παλαιὸς
598 3763 770 3833 ἡμῶν
801 3764 1133 3835 ἄνθρωπος,
1163 3772 1261 3824 καὶ
1304 3773 1609 3842 σύμφυτοι
1640 3778 1891 3845 γεγόνα-

305 3868 423 3920 μεν
449 3850 530 3916 τῷ
558 3852 877 3924 ὁμοιώματι
907 3856 1015 3911 τοῦ
1040 3858 1303 3915 θανάτου
1326 3862 1534 3917 αὑτοῦ.
1555 3864 1665 3916 Καὶ
1695 3863 1889 3918 πάλινο

310 3944 743 4015 Συνετάφημεν
764 3945 926 4013 αὐτῷ
949 3947 1047 4004 διὰ
1081 3949 1190 4004 τοῦ
1204 3952 1645 4022 βαπτίσματος.
1681 3955 1893 4026 Ὠσπερ

312 4034 418 4104 γὰρ
443 4038 651 4101 ἐκεῖνος
674 4038 950 4093 ἀπέθανεν
977 4041 1034 4094 ἑν
1066 4042 1288 4113 σταυρῷ
1319 4046 1505 4114 σαρκὶ,
1526 4044 1701 4109 οὕτως
1729 4048 1894 4117 ἡμεῖς

312 4129 368 4180 ὲν
391 4127 468 4196 τῷ
501 4129 840 4201 βαπτίσματι
868 4135 935 4204 τῇ
959 4133 1206 4206 ἁμαρτία
1223 4136 1591 4205 ἀπεθάνομεν.
1623 4139 1683 4192 Ὀ
1710 4140 1892 4194 τοίνυν

308 4220 562 4294 δεύτερον
600 4222 1016 4293 βαπτιζόμενος,
1043 4228 1167 4280 ὅσον
1198 4227 1260 4281 τδ
1288 4228 1372 4297 ἐφ’
1403 4230 1606 4302 ἑαυτῷ,
1639 4231 1891 4301 δεύτερον

313 4315 540 4382 σταυροῖ
560 4313 655 4367 τὸν
674 4315 932 4386 Χριστόν.
963 4318 1125 4372 ’Δλλὰ
1158 4320 1263 4391 μὴν
1284 4320 1445 4375 τοῦτο
1461 4321 1683 4377 ἄτοπον.
1707 4323 1895 4392 "Attae

308 4405 417 4474 γὰρ
442 4403 684 4458 ἀπέθανε
711 4408 803 4459 καὶ
837 4407 1069 4478 ἀνέστη,
1104 4413 1200 4464 καὶ
1237 4411 1466 4475 θάνατος
1512 4414 1677 4468 αὑτοῦ
1705 4414 1893 4469 οὐκέτι

2001 3218 2199 3275 deinde
2236 3217 2572 3289 baptizatur,
2604 3217 2747 3272 sicut
2776 3226 2831 3270 et
2854 3216 2972 3284 ipse
2998 3214 3273 3285 praedixit,
3306 3212 3577 3268 Paeniten-

1997 3315 2084 3369 tice
2116 3312 2180 3367 ab
2233 3313 2476 3379 operibus
2507 3301 2760 3366 mortuis.
2816 3309 3166 3365 Manifestum
3190 3317 3373 3363 autem
3399 3317 3481 3362 cst
3509 3324 3578 3363 cx

1996 3405 2384 3474 sequentibus,
2406 3403 2553 3473 quod
2582 3400 2927 3473 baptismatis
2954 3399 3356 3455 reiterationcm
3384 3398 3577 3468 prohi-

1995 3495 2140 3552 bens
2176 3496 2291 3551 haec
2316 3493 2478 3548 dicit.

2070 3586 2300 3641 Rursum
2333 3585 2695 3656 cruciﬁgentes
2721 3583 2957 3650 sibiipsis
2983 3581 3174 3636 Filium
3211 3582 3326 3637 Dei.
3360 3579 3576 3651 Baptis-

1994 3696 2081 3735 tua
2110 3694 2243 3734 crux
2288 3685 2391 3732 est.
2424 3676 2596 3732 Simul
2614 3678 2755 3730 enim
2787 3676 3079 3746 cruciﬁxus
3111 3684 3193 3729 est
3218 3686 3365 3730 uetus
3400 3684 3578 3728 uoster

1998 3771 2178 3832 homo,
2233 3786 2296 3823 ac
2335 3768 2494 3824 simul
2524 3768 2676 3821 insiti
2738 3783 2925 3822 sumus
2990 3766 3335 3821 similitudini
3390 3766 3576 3820 mortis

1991 3862 2127 3931 eius.
2166 3862 2233 3916 Et
2258 3875 2449 3914 rursus
2475 3877 2488 3914 :
2515 3857 2556 3914 C
2570 3858 2833 3926 ousepulti
2847 3873 3030 3912 sumus
3058 3857 3162 3925 ipsi
3183 3872 3275 3925 per
3291 3858 3578 3926 baptisma.

1999 3951 2244 4010 Perinde
2272 3966 2512 4021 namque
2535 3956 2595 4004 ut
2615 3959 2868 4004 mortuus
2896 3948 3086 4005 estille
3115 3949 3170 4002 in
3203 3962 3368 4002 cruce
3398 3948 3573 4012 carni,

1996 4046 2079 4104 sic
2109 4052 2165 4100 et
2222 4059 2324 4099 nos
2384 4044 2438 4097 in
2479 4041 2810 4112 baptismate
2867 4039 3065 4094 mortui
3094 4053 3291 4093 sumus
3323 4047 3573 4108 peccato.

1995 4137 2100 4205 Qui
2130 4137 2298 4207 igitur
2326 4133 2569 4191 secunda
2599 4135 2722 4214 vice
2751 4131 3083 4202 baptizatur,
3117 4140 3381 4199 quantum
3426 4129 3482 4184 in
3513 4145 3574 4185 se

1993 4238 2102 4293 est,
2137 4243 2336 4284 rursus
2392 4226 2550 4282 cruci
2610 4223 2891 4280 Christum
2926 4220 3117 4294 afﬁgit.
3146 4222 3315 4291 Atqui
3347 4221 3450 4277 hoc
3476 4224 3573 4277 ab-

1991 4321 2219 4377 surdum
2249 4330 2365 4374 est:
2399 4317 2568 4375 semel
2595 4316 2741 4373 enim
2776 4324 3026 4371 mortuus
3073 4321 3183 4379 est,
3214 4325 3269 4369 et
3322 4330 3571 4378 resurre-

1992 4411 2097 4477 xit,
2152 4420 2208 4465 et
2265 4424 2417 4465 mors
2472 4409 2526 4464 in
2558 4423 2682 4464 cum
2742 4419 2906 4478 porro
2934 4420 3045 4461 non
3069 4405 3402 4461 dominatur.
3451 4405 3571 4461 Non

309 4496 579 4567 κυριεύει.
607 4499 723 4551 Οὐκ
744 4499 852 4570 ἄρα
880 4502 998 4554 ἐστὶ
1026 4501 1280 4573 δεύτερον
1302 4502 1608 4575 βάπτισμα,
1636 4506 1720 4560 ὅτι
1754 4505 1892 4576 μηδὲ

2009 4503 2165 4574 igitur
2190 4510 2274 4558 est
2291 4500 2594 4557 secundum
2610 4498 2902 4568 baptisma,
2931 4498 3376 4569 quandoquidem
3395 4513 3573 4568 nequo

309 4588 560 4657 δεύτερος
615 4590 872 4662 σταυρός.
918 4590 986 4645 Τι
1037 4592 1147 4664 γὰρ
1182 4594 1382 4646 κωλύει
1424 4596 1518 4649 καὶ
1555 4594 1740 4664 τρίτον
1792 4596 1891 4650 καὶ

2009 4595 2231 4653 secunda
2259 4608 2394 4650 crux
2435 4594 2526 4649 sit.
2563 4590 2709 4659 Quid
2732 4591 2878 4647 enim
2930 4591 3262 4662 prohiberet,
3298 4592 3343 4647 si
3371 4605 3572 4646 secun-

310 4681 591 4750 τέταρτον,
624 4683 722 4736 καὶ
752 4684 912 4737 τοῦτο
936 4685 1024 4737 ἐπ’
1052 4685 1310 4758 ἄπειρον;
1346 4687 1463 4741 Οὐκ
1487 4682 1609 4741 εἷπε
1630 4688 1707 4752 δὲ,
1740 4689 1892 4744 dra-

2009 4688 2118 4742 Ium
2146 4685 2577 4757 permitteretur,
2598 4684 2895 4754 quominus
2962 4682 3181 4737 tertium
3211 4689 3267 4737 et
3312 4692 3571 4753 quartum

313 4775 753 4843 σταυροῦντας,
793 4778 887 4832 καὶ
917 4778 1047 4851 ἔστη
1069 4795 1085 4813 ο
1120 4780 1260 4834 ἀλλὰ
1302 4782 1638 4853 προσέθηκε,
1668 4784 1762 4838 καὶ
1801 4784 1888 4851 τὸ,

2009 4777 2413 4839 :onccderetur,
2452 4783 2620 4845 atque
2650 4776 2727 4832 ita
2762 4779 2821 4832 in
2884 4774 3203 4830 inﬁnitum?
3259 4774 3377 4830 Non
3432 4776 3571 4830 dixit

310 4867 566 4935 ἑαυτοῖς,
603 4869 693 4924 ἴνα
719 4869 890 4942 δείξῃ,
926 4871 1011 4924 δτι
1046 4872 1305 4945 ῥᾳθύμως
1331 4873 1424 4927 τὸν
1458 4874 1579 4928 καθ’
1600 4876 1748 4944 ἡμᾶς
1775 4874 1891 4945 βίον

2009 4879 2197 4936 tutem,
2225 4884 2440 4924 rursum
2473 4867 2860 4938 cruci/igeutes,
2890 4882 2954 4922 ac
2988 4866 3236 4933 destitit,
3268 4868 3367 4923 sed
3414 4866 3567 4936 adje-

311 4959 746 5029 οῑκονομοῦντες,
793 4960 983 5034 ὥσπερ
1039 4962 1193 5026 ὄντος
1234 4964 1425 5034 ἐτέρου
1473 4963 1887 5035 βαπτίσματος,

312 5049 452 5105 οὕτω
492 5052 674 5106 πάντα
724 5053 1198 5125 διαπραττόμεθα,
1228 5056 1303 5119 ὼς
1351 5055 1418 5111 ἂν
1458 5057 1518 5111 ὲν
1546 5056 1760 5121 ἑαυτοῖς
1789 5073 1889 5112 πο-

312 5141 479 5213 νηρὰν
500 5141 660 5206 δόξαν
685 5142 1148 5214 ὑποστησάμενοι.

1992 4965 2093 5023 cit.
2146 4964 2249 5018 sibi
2283 4962 2440 5032 ipsis,
2507 4970 2569 5015 ut
2625 4961 2877 5016 ostendat
2930 4963 3076 5030 quod
3107 4962 3272 5016 vitam
3315 4970 3559 5016 nostram

1990 5056 2188 5125 ignave
2221 5053 2609 5123 transigentes,
2640 5045 2799 5121 quasi
2839 5052 2978 5106 alter
3033 5052 3335 5122 baptistnus
3382 5039 3599 5128 esseni

1994 5146 2070 5199 ita
2104 5145 2290 5199 omnia
2317 5143 2659 5214 perticimus,
2690 5156 2789 5198 ceu
2817 5141 3018 5197 malam
3048 5142 3362 5214 opinionem
3387 5143 3440 5197 in
3464 5157 3564 5197 no-

1993 5234 2081 5291 bis
2107 5233 2243 5291 insis
2270 5233 2633 5289 sustinentes.

379 5319 487 5372 Kal
531 5318 1199 5390 παραδειγματίζοντας.
1249 5321 1507 5377 Tauris-st
1529 5364 1546 5389 ,
1583 5322 1888 5394 θριαμϐεύ-

2009 5250 2081 5291 νιε
2107 5248 2243 5303 tpsts
2270 5248 2633 5289 susunentes.

2065 5324 2132 5379 Et
2200 5325 2430 5378 ostentui
2488 5323 2758 5379 habentes.
2822 5323 2937 5379 Hoc
2996 5332 3100 5390 est,
3141 5322 3559 5393 triumphantes,

314 5426 489 5474 οντας,
519 5411 982 5483 καταισχύνοντας
1003 5428 1019 5445 ο
1069 5417 1229 5468 τοῦτο
1254 5413 1313 5466 δὲ
1355 5412 1521 5485 διχῶς
1558 5416 1806 5486 νοήσεις·
1842 5415 1876 5485 ἤ

2009 5417 2289 5487 gnominia
2311 5415 2628 5472 allicientes.
2660 5415 2774 5471 Hoc
2789 5428 2969 5470 autem
2991 5414 3245 5471 bifariam
3262 5413 3555 5484 intelliges:
3617 5425 3622 5431 '

313 5500 390 5552 ὅτι
426 5498 552 5552 τότε
588 5500 638 5551 οἱ
674 5499 1089 5572 σταυρώσαντες
1117 5502 1208 5555 τὸν
1241 5501 1467 5572 Κύριον,
1510 5504 1602 5557 ἐπὶ
1646 5505 1878 5574 αἰσχύνῃ

2009 5509 2072 5564 tcl
2100 5509 2226 5580 quia
2266 5509 2358 5578 qui
2388 5516 2501 5562 tum
2529 5507 2918 5563 crttciiixerunt
2955 5506 3269 5573 Dominum,
3316 5506 3380 5561 ad
3408 5507 3561 5578 iguo~

314 5589 473 5643 αὐτοῦ
502 5590 745 5655 τοιοῦτον
772 5594 973 5665 τρόπον
1009 5594 1242 5650 θανάτου
1273 5594 1595 5666 ἐπενόησαν,
1622 5596 1717 5650 τὸν
1756 5596 1879 5650 ἐπι-

2009 5599 2219 5653 niniam
2247 5599 2367 5669 ejus
2400 5597 2561 5653 talem
2597 5597 2791 5653 mortis
2846 5596 3112 5651 rationem
3151 5597 3552 5670 escogitarunt,

381 5767 422 5800 "
448 5765 592 5823 Psal.
624 5783 721 5834 cn,
756 5764 809 5823 5.
