4014 6208
339 257 446 323 259

1304 240 1883 309 TIIEOPIIYLACTI
1911 239 2326 334 BULGARME
2359 240 2713 301 ARCIIIEP.

3476 237 3584 301 5.60

342 371 475 426 delis
508 370 560 424 in
597 368 791 424 marito
820 368 886 422 ".
919 366 1080 424 Fides
1098 366 1264 438 igitur
1290 363 1376 416 hic
1413 357 1904 416 sanctificationem

2025 333 2166 421 ruri;
2203 356 2242 422 ὴ
2280 353 2537 419 ἄπιστος
2587 353 2656 407 ἐν
2688 351 2768 419 τῷ
2817 333 3011 421 ἀνδρί.
3061 351 3121 405 Ἢ
3152 350 3336 413 πίστις
3374 349 3467 404 οῦν
3501 355 3586 404 ὲνο

345 461 494 516 facit.
531 459 607 517 Ne
633 461 796 530 igitur
835 474 962 528 erga
1013 456 1274 512 eremitas
1322 448 1696 505 tantummodo
1722 460 1908 500 curam

2012 442 2194 496 ταῦθα
2238 442 2330 494 τὸν
2391 441 2663 511 ἁγιασμὺν
2716 443 2884 494 ποιεῖ.
2909 440 3072 492 Ὥστε
3108 438 3183 508 μὴ
3208 436 3343 506 πρὸς
3369 437 3494 500 τοὺς
3526 436 3586 489 ἐν

339 553 742 623 impendamus.
779 558 1036 618 tanquam
1077 555 1323 610 sanctos,
1373 544 1564 596 verum’
1595 540 1757 594 ctiam
1785 549 1911 606 erga

2025 535 2210 605 ἐρήμῳ
2245 534 2438 604 μόνους
2473 533 2752 587 σπουδαῖοι
2779 524 2950 602 ὦμεν,
2978 529 3052 594 ὡς
3086 530 3298 597 ἁγίους,
3330 528 3464 582 ἀλλὰ
3492 529 3589 581 καὶ

339 642 673 698 mundanas.
712 640 900 694 Sancti
935 639 1080 693 enim
1116 638 1191 690 illi
1243 641 1454 691 suntet
1511 631 1610 686 fide
1648 638 1702 685 et
1761 628 1910 681 vita:

341 748 505 802 porro
537 733 634 800 ipsi
670 730 791 783 laici
831 729 1004 786 sancti
1041 739 1170 784 sunt
1200 727 1252 781 in
1300 724 1426 786 fide,
1473 721 1716 792 plerique
1749 717 1911 772 etiam

341 824 396 875 in
432 822 558 874 vita.
608 819 850 874 Observa
913 827 1092 871 autem
1149 812 1424 884 quomodo
1469 823 1566 863 eos
1623 807 1793 860 leniat
1851 815 1915 854 ac

343 913 572 981 mitiget.
604 908 725 964 Non
786 909 932 962 enim
969 907 1129 969 dixit,
1196 903 1287 975 qui
1342 899 1714 960 ministrastis,
1751 904 1804 950 ct
1841 893 1913 944 ita

343 1001 582 1070 quievit:
621 1013 809 1052 verum
864 997 1085 1066 adjecit,
1149 1004 1199 1049 et
1257 990 1602 1054 ministratis,
1652 988 1754 1042 hoc
1807 993 1912 1048 est,

341 1093 528 1148 eadem
553 1090 824 1159 hodieque
875 1087 1079 1143 facitis.

417 1181 576 1235 Vens.
618 1179 701 1234 li.
738 1178 994 1248 Cupimus
1029 1185 1201 1229 autem
1240 1185 1660 1242 unumquemque
1688 1178 1916 1223 rostrum

343 1275 579 1327 eamdem
611 1271 876 1324 ostendere
903 1268 1318 1323 sollicitudinem
1341 1264 1409 1317 ad
1439 1262 1783 1331 expletionem
1810 1261 1919 1329 spei

350 1380 510 1433 usque
533 1364 587 1415 in
613 1361 791 1431 ﬁnem.
819 1359 1051 1413 Perinde
1106 1373 1168 1410 ac
1225 1356 1270 1409 si
1323 1352 1448 1424 quis
1489 1352 1692 1406 ‘dicat:
1743 1348 1917 1414 Quam

344 1472 476 1524 ergo
511 1454 580 1507 ob
614 1466 863 1514 causam,
888 1466 920 1505 ο
970 1449 1156 1510 Paule.
1202 1448 1316 1502 hac
1347 1443 1555 1508 dixisti,
1589 1442 1637 1497 si
1692 1441 1918 1496 noluisti

350 1562 451 1601 nos
486 1545 651 1599 ferire
683 1551 736 1598 et
777 1541 1098 1610 increpare?
1135 1540 1256 1593 Ilarc
1286 1538 1421 1603 dixi,
1461 1535 1658 1605 inquit,
1693 1531 1922 1603 cupiens

349 1640 494 1693 utin
560 1637 804 1692 futurum
869 1636 1034 1688 etiam
1087 1642 1233 1686 recte
1289 1630 1564 1684 curratis:
1612 1641 1722 1682 non
1773 1624 1918 1696 quod

349 1730 533 1800 priora
620 1728 1018 1785 condemnem,
1097 1737 1284 1776 verum
1361 1721 1507 1789 quod
1571 1719 1639 1773 de
1718 1717 1920 1772 futuris

350 1830 610 1874 metuam.
637 1818 743 1872 Nec
777 1817 938 1877 dixit,
971 1814 1133 1879 Volo,
1161 1814 1305 1885 quod
1337 1822 1449 1866 erat
1474 1812 1638 1883 687
1677 1826 1920 1882 pratccp-

350 1915 506 1964 toria:
536 1908 881 1963 auctet-italis
916 1926 929 1962 :
968 1907 1084 1972 sed,
1125 1905 1315 1974 Cupio,
1369 1905 1514 1974 quod
1569 1911 1652 1956 est
1711 1902 1920 1973 paterni

349 2002 600 2056 aﬂ‘ectus.
643 1997 763 2054 Non
803 1999 946 2053 enim
966 1997 1162 2075 verbis
1206 2002 1419 2050 tantum
1472 1993 1578 2048 hoc
1641 1993 1918 2058 desidero,

353 2094 448 2149 sed
501 2092 719 2148 animus
769 2105 925 2144 meus
968 2105 1066 2159 pro
1115 2088 1270 2142 vobis
1317 2095 1535 2141 aestuat.
1590 2085 1721 2139 Tale
1775 2089 1920 2139 enitn

352 2185 612 2254 quiddam
674 2182 913 2250 intellige
965 2195 1060 2250 per
1093 2177 1368 2248 ἐπιθυμῶ.
1435 2175 1545 2231 Nec
1602 2175 1924 2245 simpliciter

349 2297 448 2350 pro
501 2278 677 2340 vobis,
723 2277 840 2339 sed,
895 2290 993 2344 pro
1041 2286 1376 2342 unoquoque
1441 2278 1738 2324 vestrum:
1788 2265 1924 2321 adeo

346 2371 590 2427 omnium
625 2369 740 2424 sive
769 2367 1036 2435 majorum
1072 2365 1189 2420 sive
1227 2364 1500 2416 minorum
1563 2374 1697 2413 cura
1730 2367 1922 2427 tange-

350 2461 528 2520 batur.
559 2473 861 2528 omnesque
892 2465 1072 2512 norat.
1109 2453 1179 2510 Ut
1213 2454 1332 2508 sitis
1355 2452 1603 2514 solliciti,
1638 2449 1706 2504 ad
1743 2449 1923 2518 exple-

351 2553 543 2605 tionem
575 2552 706 2618 spei,
730 2551 836 2605 hoc
857 2557 962 2613 est,
997 2557 1055 2601 ut
1082 2549 1297 2617 plenam
1334 2555 1387 2600 et
1425 2545 1723 2614 perfectam
1762 2542 1920 2595 ﬁdem

348 2641 679 2704 ostendatis,
721 2646 776 2693 et
805 2655 914 2694 non
982 2635 1406 2706 perturbémiui.
1449 2633 1692 2687 Observa
1739 2638 1920 2683 autem

350 2735 625 2802 quomodo
652 2745 760 2784 non
797 2735 984 2798 aperte
1038 2726 1190 2791 ferit,
1230 2740 1409 2794 neque
1442 2725 1597 2787 dicit,
1663 2722 1923 2790 Despera-

353 2827 476 2888 stis,
511 2823 811 2892 recolligite
838 2811 934 2875 vos
959 2820 1248 2888 deinceps:
1301 2833 1489 2872 verum
1544 2825 1756 2868 tantum
1811 2829 1919 2866 non

352 2916 458 2972 hoc
479 2913 642 2968 dicit:
664 2911 927 2982 Equidem
951 2909 1073 2966 volo
1107 2918 1157 2964 te
1196 2923 1414 2978 semper
1445 2907 1746 2962 sollicitum
1778 2919 1919 2964 esse.

2016 627 2152 698 πρὸς
2189 627 2315 690 τοὺς
2375 626 2679 697 κοσμικούς
2707 645 2719 658 ·
2761 625 2907 694 ἅγιοι
2961 625 3058 693 μὲν
3099 623 3208 692 γὰρ
3257 623 3459 675 ἐκείνοι
3493 623 3590 676 καὶ

2019 717 2201 770 πίστει
2261 717 2354 770 καὶ
2409 717 2541 788 βίῳ’
2575 717 2722 784 ἅγιοι
2771 715 2827 768 δὲ
2883 715 2978 768 καὶ
3008 713 3258 766 οίλαῖκοὶ
3287 715 3352 783 τῇ
3381 712 3586 774 πίστει,

2018 807 2207 861 πολλοὶ⁵
2230 809 2285 862 δὲ
2320 810 2414 862 καὶ
2448 808 2569 879 βίῳ.
2604 809 2745 878 Ὅρα
2784 805 2842 860 δὲ
2893 804 3010 868 πῶς
3045 804 3340 874 θεραπεύει
3368 799 3588 864 αὐτούς.

2017 900 2091 953 Οὐ
2113 900 2220 970 γὰρ
2241 895 2381 965 εἷπε,
2405 899 2900 965 διακονήσαντες,
2940 898 3034 951 καὶ
3063 896 3192 968 ἔστη
3215 912 3227 924 ·
3262 894 3398 949 ἀλλὰ
3428 911 3596 966 προσ·

2017 991 2203 1059 ἔθηκε,
2265 992 2367 1046 καὶ
2417 991 2829 1057 διακονοῦντες
2858 1008 2871 1020 ·
2908 989 3179 1055 τουτέστι,
3239 989 3334 1041 καὶ
3385 987 3466 1041 ἔτι
3530 987 3594 1040 τὸ

2019 1086 2150 1139 αὐτὸ
2181 1088 2484 1149 ποιοῦντες.

2104 1177 2536 1247 Ἐπιθυμοῦμεν
2570 1177 2640 1230 δὲ
2690 1177 2958 1232 ἕκαστον
3031 1174 3198 1246 ὑμῶν
3241 1176 3357 1242 τὴν
3398 1173 3596 1242 αὐτὴν

2019 1267 2437 1324 ἐνδείκνυσθαι
2489 1267 2774 1334 σπουδὴν
2832 1267 2983 1336 πρὸς
3021 1267 3136 1333 τὴν
3180 1266 3595 1334 πληροφορίας·

2020 1357 2132 1425 τῆς
2161 1360 2410 1426 ἐλπίδος
2445 1360 2581 1428 ἄχρι
2616 1359 2853 1425 τέλους.
2899 1359 3108 1429 Ὥσπερ
3132 1357 3277 1419 τινος
3309 1355 3552 1418 εἰπόντος
3577 1371 3590 1385 ·

2012 1451 2179 1514 Τίνος
2199 1450 2292 1506 οὖν
2317 1452 2502 1506 ἕνεκεν
2525 1451 2697 1506 ταῦτα
2730 1448 2910 1516 εἴπας,
2944 1444 2989 1504 ὧ
3016 1450 3214 1514 Παῦλε,
3249 1450 3295 1502 εί
3330 1449 3403 1518 μὴ
3429 1448 3593 1517 ἔμελε

2022 1543 2111 1605 λες
2136 1546 2285 1615 ἡμᾶς
2315 1545 2603 1616 πλήττεινς
2633 1544 2819 1615 φησὶν,
2851 1544 2956 1606 ὅτι,
2991 1541 3176 1595 Ταῦτα
3201 1537 3376 1604 εἷπον,
3403 1540 3597 1593 ἐπιῆυο

2028 1635 2144 1706 μῶν
2179 1637 2266 1690 ’ίνα
2297 1638 2390 1690 καὶ
2421 1637 2554 1708 πρὸς
2587 1637 2647 1689 τὸ
2675 1635 2869 1707 μέλλον
2896 1634 3228 1704 εὖδρομῆτε·
3258 1633 3356 1702 ούχ
3376 1631 3450 1694 ὡς
3486 1633 3598 1684 τῶν

2023 1727 2310 1799 προτέρων
2332 1727 2783 1794 καταγινώσκων,
2819 1725 2936 1780 ἀλλ’
2975 1725 3117 1796 ὑπὲρ
3150 1724 3258 1777 τῶν
3299 1723 3601 1793 μελλόντων

2021 1819 2293 1882 δεδοικώς.
2331 1819 2442 1873 Καὶ
2485 1819 2584 1871 οὐκ
2633 1813 2774 1883 εἷπε,
2820 1817 2997 1880 Θέλω,
3046 1816 3181 1886 ὅπερ
3237 1810 3306 1886 ἦν
3351 1815 3599 1868 διδασκα-

2021 1909 2180 1980 λικῆς
2218 1911 2506 1974 αύΘεντίας
2533 1909 2696 1975 an;
2740 1906 3056 1978 Ἐπιθυμῶ,
3115 1907 3142 1960 ὂ
3179 1906 3448 1976 πατρικῆς
3485 1907 3602 1957 ἐστι

2025 2004 2430 2074 φιλοστοργίας.
2467 2005 2542 2056 Ού
2577 2003 2685 2074 γὰρ
2731 2003 2888 2071 μέχρι
2943 2000 3204 2070 ῥημάτων
3233 1999 3391 2051 τοῦτο
3425 1997 3605 2068 βούλο-

2027 2113 2146 2163 μαι.
2177 2094 2290 2149 ἀλλ’
2322 2097 2354 2163 ἡ
2379 2093 2526 2164 ψυχή
2564 2110 2664 2162 μου
2711 2095 2924 2145 καίεται
2960 2092 3102 2160 ὑπὲρ
3137 2090 3312 2161 ὑμῶν.
3350 2090 3602 2142 Τοιοῦτον

2023 2187 2131 2257 γάρ
2161 2205 2212 2240 τι
2243 2187 2352 2239 νόει
2382 2185 2754 2254 τὸ,ὲπιθυμῶ.
2779 2186 2885 2238 Καὶ
2917 2183 3016 2253 οὐχ
3038 2183 3223 2244 ἁπλῶς
3258 2183 3396 2251 ὑπὲρ
3423 2181 3599 2251 ὑμῶν,

2024 2280 2139 2333 ἀλλ’
2172 2278 2314 2349 ὑπὲρ
2345 2278 2460 2340 ἑνὸς
2491 2277 2720 2330 ἑκάστου
2745 2293 2758 2307 ·
2795 2275 2936 2328 οὕτω
2977 2275 3196 2328 πάντων
3231 2275 3474 2343 ὲκήδετο,
3508 2273 3603 2326 καὶ

2028 2370 2242 2441 μικρῶν
2277 2370 2367 2423 καὶ
2401 2369 2674 2438 μεγάλων,
2719 2369 2811 2421 καὶ
2848 2368 3052 2427 πάντας
3084 2366 3370 2436 ἠπίστατο.
3417 2365 3503 2427 Ὠς
3536 2366 3602 2418 ἂν

2026 2459 2364 2528 σπουδάζητε
2417 2459 2567 2526 πρὸς
2608 2457 2724 2525 τὴν
2755 2459 3170 2527 πληροφορίαν
3203 2456 3311 2522 τῆς
3331 2455 3600 2521 ἐλπίδος,

2023 2550 2320 2614 τουτέστιν,
2354 2552 2438 2602 ἵνα
2491 2550 2671 2620 πλήρη
2733 2555 2824 2603 καὶ
2863 2549 3070 2602 τελείαν
3106 2548 3204 2619 τὴν
3237 2549 3421 2601 ἐλπίδα
3443 2548 3488 2580 ⁸³
3519 2548 3607 2599 ὲν-

2023 2626 2293 2709 δείξηιεῖυε,
2346 2639 2441 2692 καὶ
2488 2637 2564 2708 μὴ
2615 2638 2971 2708 σκυλευθῆτε.
3036 2639 3180 2710 ’Ὅρα
3229 2638 3284 2690 δὲ
3303 2639 3350 2669 ⁹⁰
3393 2637 3510 2699 πῶς
3537 2637 3601 2688 οὐ

2026 2729 2254 2799 πλήττει
2297 2732 2567 2802 φανερῶς,
2602 2730 2722 2782 οὐδὲ
2771 2730 2919 2798 λέγει
2943 2731 3048 2794 ὅτι,
3077 2729 3468 2800 Ἀπηλπίσατε,
3507 2727 3606 2780 καὶ

2026 2816 2412 2887 άνακτήσασθε
2458 2817 2682 2878 ἑαυτοὺς
2729 2817 2938 2882 λοιπὸν,
2980 2818 3093 2870 ἀλλ’
3127 2818 3333 2871 ὠσανεὶ
3366 2815 3594 2869 τοιαῦτα

2025 2907 2203 2974 λέγει’
2231 2905 2380 2959 Θέλω
2443 2923 2500 2959 σε
2552 2907 2872 2972 σπουδάζειν
2903 2909 3011 2972 ἀεὶ,
3045 2909 3135 2961 καὶ
3162 2901 3272 2972 οἷος
3307 2903 3374 2978 ἧς
3405 2908 3598 2978 πρότε-

350 3014 407 3062 et
441 3013 499 3059 ut
524 3006 701 3075 qualis
730 3004 880 3058 fuisti
916 3003 1170 3063 antehac,
1211 3003 1374 3056 talem
1423 3001 1585 3054 etiam
1651 2999 1703 3052 in
1737 3007 1919 3067 poste-

2033 3015 2124 3068 ρον
2144 3037 2160 3064 ,
2193 2997 2437 3050 τοιοῦτον
2476 2991 2615 3049 εἶναι
2651 2999 2744 3051 καὶ
2776 2997 2870 3051 νῦν
2896 2999 2992 3052 καὶ¹
3020 3000 3100 3062 εἰς
3133 2999 3198 3052 τὸ
3234 2999 3449 3069 μέλλον.

355 3112 474 3152 rum
511 3106 561 3148 te
588 3093 871 3148 exhibeas.

426 3185 594 3240 Vens.
626 3184 713 3238 ιε.
747 3183 814 3237 Ut
849 3199 949 3236 non
986 3197 1167 3251 segnes
1217 3181 1534 3250 eﬁiciamini.
1579 3178 1692 3234 Hoc
1729 3178 1916 3234 itidem

350 3278 416 3332 ad
455 3275 844 3346 mitigationcm
899 3289 1088 3328 eorum
1129 3272 1294 3326 dicit:
1339 3271 1405 3325 ad
1469 3271 1711 3325 futurum
1771 3273 1920 3325 enim

350 3377 569 3436 tempus
599 3367 700 3420 boc
749 3365 922 3420 ducit.
981 3364 1145 3434 Atqui
1185 3379 1350 3433 supra
1405 3363 1545 3418 dixit
1585 3381 1598 3418 :
1653 3362 1920 3428 Quoniam

349 3473 530 3528 ετξ-πει
583 3457 714 3526 [acti
742 3456 910 3510 estis:
969 3454 1062 3510 sed
1117 3453 1328 3516 auditu,
1359 3453 1424 3507 ad
1477 3452 1722 3506 auditum
1773 3453 1916 3507 enim

355 3564 528 3618 usque
559 3531 844 3618 segnitiem
870 3545 1102 3601 Statuit:
1136 3543 1254 3598 Jam
1287 3559 1437 3610 vero,
1491 3544 1688 3614 inquit,
1730 3559 1919 3599 curam

356 3654 506 3709 gero,
545 3653 613 3692 ne
645 3639 887 3691 animum
926 3645 1167 3690 vestrum
1196 3633 1458 3704 segnities
1510 3633 1613 3688 ista
1665 3632 1918 3703 attingat.

354 3733 428 3788 Ut
461 3731 604 3784 enim
638 3744 834 3798 corpus
859 3728 1032 3781 otium
1069 3737 1121 3780 et
1154 3724 1510 3779 immobilitas
1553 3723 1720 3788 lmdit,
1761 3723 1842 3778 sic
1869 3732 1924 3778 et

354 3821 590 3873 animam
622 3834 652 3872 a
690 3819 849 3874 bonis
879 3817 1140 3888 oneribus
1172 3815 1434 3878 cessatio,
1463 3815 1716 3886 supinam
1746 3816 1920 3883 magis

351 3910 535 3966 edicit.

434 4002 622 4056 Verum
658 4003 954 4056 imitatores
985 4015 1168 4055 eorum
1188 4000 1282 4074 qui
1333 4014 1422 4064 per
1466 3997 1623 4068 ﬁdem
1659 4007 1709 4051 et
1744 3997 1925 4068 longa-

353 4094 644 4146 nimt’tatem
683 4093 1057 4158 promissiones
1107 4089 1414 4144 htereditate
1463 4091 1696 4157 cupiunt.
1747 4088 1923 4158 Supra

351 4182 772 4238 commonefecit
802 4184 952 4254 ipsos
988 4196 1330 4251 eorumque
1357 4189 1516 4235 antea
1571 4181 1674 4250 ipsi
1732 4194 1923 4249 gesse-

353 4284 499 4340 rant,
530 4275 890 4329 domesticum
931 4273 1401 4344 ipsis'exemplum
1426 4272 1744 4343 proferens:
1780 4286 1924 4324 nunc

2096 3179 2230 3232 Ἵνα
2269 3177 2348 3248 μὴ
2370 3181 2580 3249 νωθροὶ
2611 3180 2893 3249 γένησθε.
2930 3181 3038 3234 Καὶ
3087 3180 3246 3234 τοῦτο
3275 3180 3410 3250 πρὸς
3442 3180 3605 3250 θερα-

2026 3273 2188 3325 πείαν
2220 3272 2433 3326 αὐτῶν·
2475 3275 2558 3336 είς
2602 3275 2714 3345 γάρ
2762 3274 2855 3327 τὸν
2903 3274 3166 3343 μέλλοντα
3199 3275 3387 3346 χρόνον
3417 3274 3603 3342 ἐξάγει

2022 3363 2178 3417 aia-.6.
2220 3363 2411 3416 Καίτοι
2445 3364 2703 3433 ἀνωτέρω
2731 3359 2887 3416 εἶπεν
2909 3381 2921 3393 ·
2962 3362 3207 3430 Ἐπειδὴ
3239 3363 3453 3430 νωθροὶ
3487 3380 3554 3432 γε
3576 3391 3604 3404 -

2024 3455 2257 3522 γὸνατε,
2300 3453 2438 3506 ἀλλὰ
2489 3451 2609 3516 ταῖς
2649 3455 2874 3516 ἁκοαῖς’
2937 3453 3097 3524 μέχρι
3157 3453 3266 3524 γὰρ
3300 3455 3397 3523 τῆς
3430 3454 3604 3521 ἀκοῆς

2027 3546 2226 3614 ἔστησε
2253 3545 2353 3616 τὴν
2386 3545 2723 3616 νωθρότηταο
2758 3544 2854 3599 νῦν
2878 3545 2954 3608 δὲ,
2987 3546 3140 3616 φησὶ,
3190 3545 3600 3616 προνοοῦμαιθι

2025 3639 2112 3690 ἵνα
2140 3639 2217 3709 μὴ
2247 3639 2345 3709 τῆς
2377 3638 2558 3708 ψυχῆς
2601 3638 2756 3708 ὑμῶν
2808 3638 3016 3709 ἅψηται
3065 3637 3229 3706 αὕτη.
3269 3639 3357 3700 Ὠς
3400 3637 3510 3708 γὰρ
3540 3637 3604 3690 τὸ

2027 3729 2187 3799 σῶμα
2227 3732 2259 3799 ἡ
2292 3731 2461 3800 ἀργία
2491 3731 2586 3783 καὶ
2611 3729 2871 3800 ἀκινησία
2905 3729 3153 3800 βλάπτει,
3188 3729 3332 3782 οὕτω
3361 3730 3458 3783 καὶ⁸
3501 3729 3602 3801 τὴν

2023 3820 2259 3892 ψυχὴνή
2299 3822 2409 3874 τῶν
2444 3819 2664 3888 ἀγαθῶν
2705 3820 2873 3893 ἀργία
2911 3822 3253 3894 ύπτιωτέραν
3277 3819 3594 3893 ἐργάζεται.

2101 4002 2354 4072 Μιμηταί
2385 4001 2453 4055 δὲ
2482 4002 2601 4056 τῶν
2636 4002 2734 4056 διὰ
2763 4003 3023 4068 πίστεως
3052 4003 3150 4057 καὶ
3186 4005 3602 4073 μακροθυμίας

2029 4096 2566 4164 κληρονομούντων
2589 4096 2694 4159 τὰς
2716 4096 3094 4164 ἐπαγγελίας.
3141 4077 3470 4167 Ἀνέμνησεν
3499 4097 3601 4148 αὐ·-

2029 4185 2156 4248 τοὺς
2213 4187 2491 4253 ἀνωτέρω,
2548 4179 2623 4238 ὧν
2684 4187 2840 4239 αὐτοὶ
2882 4187 3254 4256 κατώρθωσαν
3313 4189 3598 4258 πρότερον,

2029 4275 2241 4329 οἴκοθεν
2285 4277 2467 4337 αὐτοῖς
2502 4276 2683 4345 φέρων
2728 4277 2797 4328 τά
2842 4277 3235 4348 ὑποδείγματα.
3268 4279 3381 4331 Νῦν
3410 4279 3466 4332 δὲ
3506 4281 3603 4332 καὶ

353 4383 480 4422 vero
518 4367 583 4420 ad
613 4368 977 4436 patriarcliam
1029 4381 1124 4420 eos
1169 4364 1443 4419 subvehit.
1499 4363 1576 4418 Ne
1615 4363 1919 4419 existiment

2033 4369 2126 4420 ἐπὶ
2163 4368 2255 4419 τὸν
2312 4367 2670 4438 πατριάρχην
2716 4368 2910 4429 αὐτοὺς
2951 4368 3165 4435 ἀνάγει.
3197 4369 3315 4422 Ἵνα
3373 4369 3482 4439 γὰρ
3521 4371 3597 4441 μὴ

351 4462 497 4514 enim
534 4475 592 4514 se
621 4460 770 4513 nullo
802 4474 924 4513 esse
953 4473 1182 4512 numero
1213 4457 1436 4526 dignos,
1491 4470 1554 4510 ac
1589 4456 1754 4512 veluti
1788 4471 1922 4509 con-

356 4558 591 4617 temptos
618 4564 738 4603 sese
764 4563 792 4600 a
828 4547 938 4603 Deo
970 4549 1194 4603 relictos
1223 4561 1366 4609 esse,
1403 4547 1623 4615 planum
1659 4546 1922 4616 facitjam

355 4639 498 4705 quod
532 4638 715 4691 isthuc
744 4637 982 4690 ntaxime
1015 4637 1088 4690 sit
1119 4635 1340 4690 fortium
1397 4635 1664 4701 virorum,
1723 4634 1921 4691 tentari

354 4730 586 4789 scilicet.
653 4735 708 4782 et
762 4725 909 4796 quod
966 4740 1195 4796 magnos
1261 4724 1548 4794 viros.sic
1612 4728 1922 4781 exercuerit

355 4818 519 4873 Deus.
557 4816 612 4871 Si
641 4818 785 4872 enim
819 4817 1003 4871 statim
1029 4819 1182 4871 daret
1216 4816 1359 4885 quod
1399 4817 1760 4887 promisisset,
1791 4816 1923 4871 lides

352 4925 544 4964 eorum
599 4909 742 4963 baud
797 4907 1287 4964 demonstraretur.
1323 4907 1478 4962 Nunc
1524 4917 1707 4962 autem
1745 4906 1923 4961 differt

354 5001 497 5055 dena
541 5016 660 5063 sua,
690 5011 749 5054 ut
785 4998 920 5054 fides
950 4999 1193 5070 ipsorum
1229 5016 1328 5071 per
1375 4993 1693 5070 patientiam
1749 4997 1923 5052 incla-

353 5099 551 5147 rescat.
588 5090 724 5144 Tum
756 5091 920 5146 etiam
965 5093 1185 5163 planum
1222 5097 1278 5145 lit
1329 5091 1639 5163 quempiam
1698 5091 1922 5146 credere

353 5184 401 5236 ei
438 5183 526 5252 qui
585 5183 856 5253 promisit,
921 5184 1143 5256 quando
1196 5195 1317 5253 post
1375 5185 1606 5238 multum
1657 5185 1920 5252 temporis

352 5274 596 5342 elapsum
635 5289 744 5328 non
785 5273 1082 5343 acceperit,
1124 5282 1181 5326 et
1229 5283 1406 5326 tamen
1452 5288 1512 5328 se
1561 5280 1916 5341 accepturum

455 5453 500 5484 '°
537 5451 556 5504 l
581 5451 709 5506 Cor.
751 5468 848 5517 vn,
875 5451 962 5506 14.

2031 4455 2328 4524 νομίσωσιν
2363 4455 2446 4507 ὅτι
2498 4454 2572 4517 ὡς
2614 4455 2829 4520 οὐδενὸς
2871 4454 3012 4521 ἄξιοι
3044 4457 3206 4527 λόγου
3253 4476 3602 4530 καταφρονη-

2032 4546 2218 4608 Οέντες
2270 4545 2375 4598 ὑπὸ
2412 4545 2548 4598 Θεοῦ
2615 4547 3141 4619 ἐγκατελείφθησαν,
3192 4551 3462 4603 δείκνυσιν
3515 4551 3599 4603 ὅτι

2031 4637 2265 4707 μάλιστα
2290 4639 2398 4690 τῶν
2426 4638 2691 4705 γενναίων
2711 4640 2919 4708 ἀνδρῶν
2950 4640 3109 4695 τοῦτό
3143 4644 3280 4704 ἐστι,
3301 4643 3364 4694 τὸ
3401 4641 3600 4713 πειρά-

2031 4728 2242 4792 ζεσθαι,
2278 4729 2372 4781 καὶ
2397 4730 2479 4783 ὃτι
2513 4732 2626 4794 τοῖς
2658 4729 2917 4800 μεγάλοις
2939 4732 3194 4801 ἀνδράσιν
3219 4732 3361 4787 οὕτω
3393 4736 3599 4806 κέχρη-

2031 4835 2120 4870 ται
2149 4819 2177 4870 ὁ
2209 4819 2360 4884 Θεός.
2402 4820 2463 4873 Et
2501 4821 2600 4892 μὲν
2632 4822 2743 4894 γὰρ
2776 4823 2937 4885 εὐθὺς
2966 4823 3185 4877 ἐδίδουᾶ
3209 4824 3594 4893 ἑπηγγείλατο,

2027 4911 2128 4962 ούκ
2152 4909 2219 4964 ἃν
2258 4914 2290 4980 ὴ
2319 4914 2505 4974 πίστις
2545 4913 2724 4968 αὐτῶν
2755 4915 3081 4968 διεδείκνυτο
3101 4930 3115 4945 ⁶
3143 4915 3237 4970 νῦν
3267 4917 3322 4970 δὲ
3360 4918 3598 4971 ἀναϐάλ-

2027 4998 2182 5053 λεται
2208 5001 2310 5064 τὰς
2337 5002 2534 5064 δόσεις,
2575 5004 2660 5056 ἵνα
2709 5008 2851 5076 φανῇ
2886 5007 2919 5075 ὴ
2954 5005 3136 5069 πίστις
3173 5006 3356 5060 αὐτῶν
3379 5007 3468 5060 διὰ
3498 5008 3597 5075 τῆς

2030 5093 2331 5164 ὑπομονῆς.
2361 5095 2494 5148 Τότε
2526 5096 2633 5168 γάρ
2682 5111 2764 5161 τις
2824 5096 3090 5166 φαίνεται,
3122 5098 3204 5152 ὅτι
3246 5098 3490 5152 πιστεύει
3519 5097 3598 5168 τῷ

2028 5187 2499 5257 ἐπαγγειλαμένη),
2537 5188 2626 5242 ὅτε
2663 5187 2858 5242 πολλοῦ
2908 5188 3100 5259 καιροῦ
3169 5188 3460 5252 διελθόντος
3517 5191 3594 5258 μὴ

2028 5276 2344 5346 λαμϐάνων,
2397 5278 2546 5349 ὅμως
2597 5278 2841 5332 πιστεύει
2899 5279 2982 5333 ὅτι
3029 5280 3278 5352 λήψεται,
3334 5281 3428 5333 καὶ
3488 5280 3593 5333 οὐκ

1668 5541 1870 5602 Varite
1902 5542 2230 5606 lectiones.

419 5645 467 5677 ‘"
489 5644 668 5700 πίστιν
691 5662 744 5701 ο.
821 5648 868 5681 ⁵⁸
898 5646 1110 5700 σύνεσιν
1136 5661 1188 5699 o.
1301 5645 1343 5677 "
1375 5645 1761 5717 προθυμοῦμαι
1785 5663 1838 5698 o.
