4014 6208
275 198 389 265 261

1072 193 1481 257 EXPOSITIO
1513 196 1589 258 IN
1624 196 1860 258 EPIST.
1895 198 1997 259 AD
2033 194 2428 264 HEBRIEOS.
2449 204 2690 267 —-CAP.
2711 205 2808 268 VI.

3457 212 3564 274 962

278 310 580 384 ἁ-υονξιρκᾷ
595 311 665 363 ⁹¹.
693 307 791 363 Διὰ
814 306 972 373 τοῦτο
993 303 1087 361 οὗν
1115 307 1285 362 ταῦτα
1315 309 1386 363 τὰ
1425 311 1703 382 πληκτικὰ
1729 312 1876 380 λέγω

1990 312 2181 378 credit,
2205 322 2260 369 et
2292 331 2397 370 non
2429 327 2627 388 torpst.
2662 318 2954 389 Propterea
2985 319 3153 390 igitur
3205 322 3317 377 ltntc
3368 325 3561 396 objur-

284 405 438 471 ὑμῖν,
471 403 562 456 ἵνα
600 399 951 471 διαναστήσω
998 399 1167 470 ὑμᾶς,
1213 401 1306 452 καὶ
1356 402 1591 472 γένησθε
1643 403 1882 472 μιμηταὶ

282 494 398 548 τῶν
427 489 966 562 κληρονομησάντων
1000 488 1106 554 τὰς
1129 491 1466 560 ἐπαγγελίας
1498 492 1587 546 διὰ
1645 494 1882 557 πίστεως

283 585 385 639 καὶ
418 581 836 654 μακροθυμίας.
885 580 1043 644 Τίνες
1066 580 1122 634 δέ
1164 582 1303 635 εἰσιν
1332 575 1501 648 οὗτοι,
1529 582 1667 653 μετὰ
1707 581 1882 637 ταῦτα

284 677 424 748 ἐρεῖ.
457 676 604 747 Ὅρα
649 674 706 727 δὲ
745 672 865 737 πῶς
913 672 1134 745 πρῶτον
1179 671 1302 728 εἶπε
1348 674 1448 746 τὴν
1497 677 1705 741 πίστιν,
1759 669 1882 730 εἶτα

289 768 706 841 μακροθυμίαν,
755 769 841 821 ὅτι
887 767 995 821 ἀπὸ
1041 767 1281 832 πίστεως
1314 770 1348 838 ἡ
1385 768 1758 839 μακροθυμία.
1816 770 1880 823 Ei

291 862 368 931 pi;
399 860 512 931 γὰρ
546 859 793 914 πιστεύει
828 876 914 923 τις
956 858 1039 914 ὅτι
1084 858 1303 924 πάντως
1331 859 1494 913 δώσει
1539 862 1567 915 6
1612 863 1879 931 ἐπαγγει-

289 948 552 1020 λάμενος,
597 948 721 1002 οὐδέ
757 948 1131 1019 μακροθυμεῖ.

366 1142 455 1208 τῷ
486 1141 599 1213 γὰρ
634 1141 893 1211 Ἀϐραὰμ
932 1141 1440 1213 ἐπαγγειλάμενος
1480 1147 1513 1199 ό
1556 1144 1721 1212 Θεὸς,
1751 1145 1883 1201 ἐπεὶ

290 1236 425 1288 κατ’
454 1233 710 1301 οὐδενὸς
745 1229 874 1302 εἶχε
915 1235 1185 1305 μείζονος
1214 1237 1454 1306 ὀμόσαι,
1485 1237 1685 1308 ὤμοσε
1748 1240 1879 1294 καθ’

288 1326 518 1382 ἑαυτοῦ
565 1326 792 1396 λέγων’
824 1322 899 1381 Ἦ
934 1326 1082 1395 μὴν,
1116 1327 1390 1398 εὐλογῶν
1429 1329 1746 1399 εὐλογήσω
1782 1345 1879 1397 σε,

293 1420 391 1471 καὶ
449 1420 791 1485 πληθύι-ων
827 1418 1122 1484 πληθυνῶ
1183 1438 1278 1475 σε.
1313 1420 1531 1476 Πολλῶν
1581 1424 1751 1477 ὄντων
1772 1423 1881 1479 τῶν

291 1511 381 1565 διὰ
412 1512 514 1580 τῆς
545 1510 788 1575 πίστεως
830 1512 1367 1583 κληρονομησάντων
1390 1515 1490 1579 τὰς
1520 1515 1878 1586 ἐπαγγελίας,

293 1606 418 1667 τοὺς
442 1603 641 1667 ἄλλους
675 1603 775 1673 μὲν
800 1603 938 1667 τέως
970 1604 1066 1657 νῦν
1092 1607 1333 1677 παρῆκε,
1356 1610 1470 1673 τοῖς
1502 1608 1630 1679 ἑξῆς
1679 1610 1880 1674 αὐτοὺς

295 1696 597 1764 ταμιεύων,
634 1696 796 1764 μόνον
830 1694 889 1749 δέ
922 1695 1017 1749 τοῦ
1059 1697 1315 1770 Ἀϐραὰμ
1366 1699 1666 1771 μέμνηται,
1698 1702 1790 1758 διά
1821 1720 1881 1756 τε

292 1791 352 1840 τὸ
386 1788 609 1856 ἀξίωμα
641 1789 737 1842 τοῦ
770 1788 1093 1861 προσώπου,
1151 1793 1246 1844 καὶ
1294 1792 1377 1845 ὅτι
1441 1792 1680 1864 μάλιστα
1728 1786 1883 1859 οὗτος

294 1880 392 1934 καὶ
425 1881 765 1950 ἐπαγγελίας
800 1881 1011 1954 ἠξιώθη
1036 1884 1132 1936 καὶ
1169 1884 1432 1957 ἐπέτυχε.
1471 1885 1585 1940 Καὶ
1614 1885 1702 1940 διὰ
1724 1886 1884 1942 τοῦτο

294 1974 573 2027 δείκνυσιν
635 1974 718 2028 ὅτι
768 1974 831 2028 οὐ
886 1975 967 2028 δεῖ
1022 1976 1403 2048 μικροψυχεῖν,
1441 1978 1557 2033 ἀλλ’
1591 1981 1884 2050 ἀναμένειν

293 2067 390 2119 τδν
423 2065 577 2131 Θεὸν,
616 2064 737 2132 ἔθος
766 2064 959 2138 ἔχοντα
1009 2069 1085 2139 μὴ
1116 2070 1325 2140 ταχέως
1349 2071 1576 2139 ἐπάγειν
1605 2075 1675 2128 τὰ
1707 2074 1883 2144 ἐπηγ-

295 2158 563 2229 γελμένα,
604 2157 744 2213 ἀλλὰ
800 2159 891 2213 διὰ
941 2159 1154 2230 μακροῦ
1217 2162 1313 2215 τοῦ
1363 2164 1583 2234 χρόνου.
1636 2165 1771 2219 Πότε
1826 2164 1884 2218 δέ

294 2252 488 2323 ὤμοσε
522 2252 644 2305 καθ’
679 2253 885 2307 ἑαυτσῦ
913 2255 940 2307 ὁ
964 2253 1126 2323 θεόςς
1161 2256 1234 2309 Ἦ
1263 2256 1321 2308 ἐν
1345 2257 1529 2320 αὐτοῖς
1556 2260 1668 2321 τοῖς
1701 2257 1882 2326 λόγοις

295 2341 383 2409 οἷς
415 2362 603 2416 φησιν,
630 2347 717 2399 ὅτι
752 2346 890 2400 Κατ’
920 2346 1184 2417 ἐμαυτοῦ
1211 2347 1420 2418 ὤμοσα
1447 2366 1461 2380 ·
1504 2347 1635 2413 ἴσως
1684 2349 1740 2403 δὲ
1792 2349 1886 2401 καὶ

295 2437 377 2502 τὸ,
420 2436 460 2506 ἦ
483 2435 633 2506 μὴν,
665 2437 812 2491 εἴποι
858 2438 924 2493 ἄν
955 2455 1039 2501 τις
1073 2437 1237 2492 ὄοκον
1274 2433 1414 2491 εἶναι
1462 2438 1557 2491 τοῦ
1600 2437 1733 2491 Θεοῦ
1763 2438 1886 2492 καθ’

297 2528 498 2584 ἐαυτοῦ
528 2546 543 2561 ο
585 2529 647 2582 τὺ
687 2529 797 2600 γὰρ
824 2527 863 2601 ἦ
896 2529 1046 2600 μὴν,
1089 2531 1209 2584 αντὶ
1251 2531 1345 2583 τοῦ
1384 2528 1570 2595 ὄντως
1590 2528 1737 2598 μὴν,
1778 2548 1879 2600 ση-

302 2623 508 2693 μαίνει.
541 2623 720 2693 Ὀπερ
750 2622 903 2676 οὐδὲν
948 2621 1078 2677 ἄλλο
1103 2622 1254 2677 ἐστὶν
1302 2622 1335 2694 ἦ
1396 2622 1758 2693 βεϐαιωτικὸν
1786 2622 1888 2692 τῆς

298 2713 602 2782 ἁληθείας’
639 2714 873 2786 ἀλήθεια
911 2714 967 2767 δὲ
1000 2715 1081 2778 τίς
1111 2714 1179 2768 ἂν
1216 2715 1302 2786 εἴη
1353 2715 1515 2778 ἄλλος
1538 2756 1551 2779 ,
1590 2716 1624 2786 ἦ
1657 2716 1684 2767 ὁ
1720 2714 1886 2784 Θεόςς

296 2806 454 2860 οὕτω
495 2807 593 2861 καί
642 2809 701 2862 ἐν
746 2811 863 2873 τοῖς
910 2805 1271 2877 Εὐαγγελίοις
1321 2809 1349 2861 6
1402 2808 1628 2879 Κύριος,
1685 2809 1885 2878 Ἀμὴν,

297 2896 495 2968 ἀμὴν,
530 2898 722 2967 λέγων,
755 2899 848 2954 τδν
880 2901 1043 2953 αὐτὸν
1068 2900 1232 2970 ὅρκον
1287 2897 1500 2969 ὀμνύει,
1559 2899 1624 2952 ἐκ
1676 2898 1768 2951 τοῦ
1809 2898 1886 2971 μὴ

299 2990 451 3061 ἔχειν
482 2989 628 3043 κατὰ
658 2991 904 3062 μείζονος
934 2991 1180 3061 ὀμῶσαι,
1204 2988 1327 3043 καθ’
1362 2990 1557 3044 ἑαυτοῦ
1585 2989 1776 3060 ὀμνὺς,
1813 2989 1887 3053 ὡς
1914 3021 1957 3077 c

298 3082 395 3134 καὶ
422 3081 453 3134 6
479 3081 693 3151 Πατήρ.
742 3082 937 3136 Καίτοι
981 3082 1127 3145 τινὲς
1183 3080 1281 3136 καὶ
1312 3081 1390 3151 τῷ
1434 3081 1685 3153 Ἀϐραὰμ
1718 3082 1886 3134 αὑτὸν

294 3173 423 3225 τότε
471 3171 563 3224 τὸν
589 3170 719 3225 Υἰὺν
759 3172 1020 3242 ὁμιλῆσαι
1064 3172 1297 3243 ἐνόησαν
1322 3188 1336 3202 ·
1370 3170 1519 3238 λέγει
1557 3171 1716 3240 γὰρὴ
1748 3171 1887 3240 Γρα·

297 3263 397 3335 φὴ,
442 3264 546 3327 ὅτι,
607 3258 757 3318 Eine
786 3262 864 3333 δὴ
919 3263 1071 3333 πρὸς
1128 3263 1372 3333 Ἀϐραὰμ
1417 3266 1449 3317 ό
1505 3264 1779 3332 ἅγγελος.
1813 3263 1887 3315 Οὐ

295 3354 475 3424 δήπου
505 3354 588 3421 δέ,
628 3356 816 3424 φασὶν,
862 3357 892 3410 6
941 3354 1135 3427 Πατὴρ
1185 3356 1274 3426 εἴη
1330 3354 1397 3409 ἂν
1428 3355 1677 3425 ἄγγελος,
1715 3355 1831 3408 ἀλλ’
1861 3359 1888 3407 6

299 3445 429 3508 1'66;
456 3447 486 3498 6
509 3445 613 3517 τῆς
657 3445 903 3518 μεγάλης
933 3445 1154 3518 βουλῆς.

368 3638 481 3693 Καὶ
516 3637 694 3702 οὕτω,
711 3638 1189 3708 μακροθυμήσας
1213 3636 1467 3707 ἐπέτυχε
1496 3636 1603 3704 τῆς
1632 3640 1885 3709 ἐπαγγε-

294 3731 461 3796 λίας.
493 3728 620 3792 Πῶς
652 3727 789 3797 πρὸς
821 3728 923 3798 μὲν
948 3727 1028 3799 τῷ
1060 3727 1210 3781 τέλει
1239 3727 1340 3797 τῆς
1374 3728 1695 3800 Ἐπιστολῆς
1716 3729 1885 3795 λέγει,

297 3821 381 3873 ὄτι
423 3814 577 3874 οὗτοι
621 3820 822 3884 πάντες
863 3820 965 3873 οὐκ
1016 3817 1346 3891 ἐκομίσαντο
1383 3820 1483 3884 τὰς
1530 3820 1887 3889 ἐπαγγελίας,

297 3910 443 3963 ἀλλὰ
482 3909 773 3983 πόρῥωθεν
817 3909 992 3973 αὑτὰς
1021 3905 1160 3964 είδον
1218 3911 1312 3964 καὶ
1337 3910 1679 3979 ἠσπάσαντω
1714 3910 1807 3964 νῦν
1830 3910 1888 3964 δέ

298 4018 501 4073 φησιν,
537 4002 679 4056 suo
728 4000 986 4075 Ἀϐραὰμ
1036 4000 1269 4074 ἐπέτυχε
1320 4003 1421 4073 τῆς
1479 4002 1887 4071 ἐπαγγελλίας;

298 4097 375 4148 Οὐ
423 4096 557 4165 περὶ
609 4094 723 4150 τῶν
770 4094 954 4148 αὐτῶν
983 4094 1139 4164 λέγει
1170 4094 1408 4148 ἐνταῦθα
1459 4096 1640 4159 κάκεῖ,
1667 4094 1892 4148 ἁλλ’ἐν-

295 4187 476 4240 ταῦθα
509 4187 611 4258 μὲν
643 4187 775 4259 περὶ
800 4187 913 4240 τῶν
948 4188 1007 4241 ἐν
1030 4187 1108 4258 τῷ
1136 4186 1238 4260 βίῳ
1263 4186 1436 4258 τούτῳ
1462 4186 1891 4257 ἐπηγγελμένων

295 4281 489 4347 φησὶν.
513 4270 590 4333 ὧν
618 4278 885 4349 ἐπέτυχεν
904 4280 934 4332 6
975 4277 1229 4350 Ἀϐραὰμ
1260 4279 1399 4349 μετά
1431 4279 1645 4349 μακρὸν
1673 4280 1886 4350 χρόνοψ

1982 406 2192 476 gatoria
2220 408 2374 462 vobis
2409 408 2554 474 dico,
2588 419 2647 464 ut
2671 412 2905 466 excitem
2938 429 3054 479 vos,
3082 424 3134 469 ct
3176 424 3231 469 ut
3256 432 3561 474 connume-

1986 496 2180 550 rctnini
2245 498 2388 552 inter
2449 499 2695 557 [Heredes
2748 503 3137 572 promissionis
3169 522 3266 575 per
3321 508 3477 562 [idem
3510 521 3563 565 ct

1985 584 2479 656 longanimitatem.
2543 588 2781 656 Quinam
2818 608 2945 649 vero
3002 596 3115 649 sint
3169 597 3268 661 illi,
3332 600 3561 668 posthac

1983 688 2242 747 exponet.
2308 678 2552 734 Observa
2604 694 2784 736 autem
2850 687 3129 754 quomodo
3214 688 3391 758 primo
3440 692 3563 748 loco

1986 768 2145 824 (idem
2179 770 2489 837 collocarit,
2520 772 2719 828 deinde
2753 774 3255 845 longanimitatem,
3299 783 3561 849 quoniam

1982 874 2047 916 ex
2078 860 2183 915 title
2210 872 2294 915 est
2320 862 2733 931 longanimitas.
2793 864 2906 920 Nisi
2944 868 3090 921 enim
3140 872 3327 925 credat
3362 872 3563 943 aliquis

1984 954 2213 1008 omnino
2247 954 2505 1008 daturum
2540 971 2664 1010 eum
2691 957 2783 1027 qui
2814 959 3093 1029 promisit,
3135 978 3420 1032 nunquam
3459 966 3564 1020 erit

1985 1045 2334 1115 longanimis.

2056 1136 2226 1194 Vens.
2257 1139 2344 1207 15,
2390 1141 2477 1195 Η.
2509 1141 2739 1197 Abrahtv
2770 1162 2993 1215 namque
3039 1148 3354 1215 promittens
3390 1149 3525 1205 Deus
3545 1159 3588 1216 ,'

1981 1235 2232 1301 quoniam
2265 1234 2519 1288 neminem
2543 1235 2728 1288 habeat
2754 1253 2846 1307 per
2874 1255 3024 1307 quem
3047 1238 3259 1308 juraret
3285 1242 3561 1311 majorem,

1980 1336 2073 1389 per
2127 1324 2464 1391 semetipsum
2516 1325 2750 1394 juravit,
2803 1329 2980 1383 dicens
3012 1346 3030 1383 :
3098 1330 3221 1385 Vere
3260 1331 3563 1389 benedicens

1983 1414 2287 1469 benedicam
2324 1425 2392 1478 te,
2421 1425 2470 1470 et
2499 1416 2859 1487 multiplicans
2922 1422 3289 1490 multiplicabo
3323 1434 3388 1478 te.
3426 1424 3563 1480 Cum

1982 1506 2231 1578 plerique
2260 1506 2351 1562 alii
2374 1519 2556 1563 essent
2597 1512 2689 1580 qui
2729 1528 2826 1581 per
2874 1512 3032 1567 ﬁdem
3065 1515 3239 1586 688
3270 1517 3566 1573 lucu-dita.

1982 1596 2096 1652 rint
2125 1598 2543 1669 promissiones,
2578 1601 2718 1657 alios
2752 1602 2972 1672 quidem
3010 1620 3158 1660 nunc
3192 1608 3566 1676 praetermisit,

1986 1705 2262 1760 reponens
2299 1706 2396 1747 eos
2420 1690 2565 1746 inter
2597 1707 2693 1748 eos
2717 1694 2808 1763 qni
2850 1705 3180 1766 sequuntur;
3207 1697 3377 1753 solius
3400 1699 3568 1754 Abrao

1986 1777 2131 1832 bami
2161 1788 2343 1834 auten:
2387 1781 2658 1846 meminit,
2692 1790 2808 1837 tum
2852 1786 2920 1841 ob
2950 1800 3199 1856 personm
3221 1775 3565 1859 dignitatem,

1985 1872 2271 1942 tumquod
2312 1873 2398 1927 bic
2443 1889 2554 1943 prae
2605 1877 2822 1932 t-mteris
2882 1880 3252 1948 promissione
3309 1881 3567 1951 dignatus

1985 1959 2079 2025 sit,
2115 1976 2347 2032 eamque
2372 1962 2445 2017 sit
2476 1972 2832 2020 consecutus.
2858 1965 2962 2021 Per
2983 1966 3084 2022 hoc
3129 1968 3335 2038 pariter
3364 1970 3566 2022 indicat

1989 2067 2097 2106 non
2149 2069 2272 2109 esse
2322 2053 2725 2124 desperandum
2782 2057 2963 2122 nobis,
3027 2059 3120 2114 sed
3156 2060 3325 2115 Deum
3386 2062 3565 2130 potius

1985 2144 2437 2214 exspectandum,
2460 2147 2545 2201 cui
2579 2148 2629 2200 in
2657 2164 2809 2203 more
2840 2159 2924 2204 est
2949 2165 3055 2204 non
3080 2152 3264 2206 statim
3306 2162 3568 2223 prtestare

1986 2254 2108 2307 qnze
2140 2238 2416 2306 promisit,
2446 2241 2540 2295 sed
2577 2251 2699 2310 post
2724 2242 2952 2297 multum
2999 2246 3287 2315 temporis.
3335 2226 3566 2312 Quando

1988 2342 2170 2384 autem
2196 2331 2405 2401 jnravit
2434 2348 2530 2401 per
2557 2334 2803 2404 scipsum
2844 2335 3022 2390 Deus?
3079 2337 3169 2392 Vel
3204 2339 3339 2408 ipsis
3379 2340 3566 2395 verbis

1987 2424 2190 2493 quibus
2219 2424 2294 2477 ait
2323 2440 2338 2478 :
2386 2422 2491 2479 l’er
2519 2427 2878 2496 memetipsnm
2902 2427 3107 2497 jurat-i.
3144 2429 3348 2485 Forsan
3380 2441 3566 2486 autent

1987 2522 2042 2571 et
2074 2517 2427 2587 particulam,
2454 2512 2490 2586 ἦ
2525 2519 2655 2590 μήν,
2693 2519 2967 2589 quispiam
3027 2522 3228 2595 dixerit
3287 2524 3571 2593 iuramen-

1990 2618 2105 2665 tnm
2146 2609 2241 2665 Dei
2272 2627 2367 2680 per
2403 2627 2545 2668 sese.
2583 2611 2717 2667 Nam
2769 2608 2805 2684 ἦ
2843 2616 2974 2685 μήν,
3033 2632 3233 2682 rerera,
3267 2619 3565 2688 signiﬁcat.

1989 2700 2145 2769 Quod
2178 2703 2312 2757 nihil
2345 2719 2477 2759 sane
2509 2715 2594 2759 est
2621 2705 2790 2771 aliud,
2825 2721 2988 2777 quam
3048 2708 3396 2765 conﬁrmatio
3420 2728 3571 2780 qua:-

1990 2794 2115 2848 datn
2142 2795 2408 2849 veritatis.
2443 2795 2657 2851 Veritas
2688 2809 2892 2864 autem,
2926 2800 3179 2867 quisnam
3216 2802 3358 2858 alios
3398 2804 3570 2860 fuerit

1991 2885 2427 2957 praeter‘Dcnm?
2458 2888 2552 2943 Sic
2579 2897 2631 2943 ct
2662 2888 2716 2942 in
2741 2887 3032 2959 Evangelia
3064 2890 3350 2958 Dominus,
3377 2897 3565 2960 Amen,

1990 2964 2165 3044 amen,
2191 2979 2406 3044 dlcens,
2440 2980 2583 3035 idem
2627 2980 3004 3049 juramentntn
3056 2980 3230 3051 jurat,
3289 3000 3413 3040 cum
3448 3002 3558 3042 non

1995 3072 2290 3140 possitpcr
2324 3068 2584 3139 majorem
2639 3071 2851 3142 jurare,
2909 3087 3007 3142 per
3060 3073 3304 3143 scipsnm
3348 3074 3571 3143 jurans,

1992 3162 2217 3232 pcr'nnlc
2253 3177 2317 3217 ac
2353 3161 2534 3216 Pater.
2566 3160 2828 3217 Nonnulli
2852 3174 3033 3217 tamen
3075 3174 3338 3232 putarunt
3388 3167 3566 3237 ipsum

1994 3252 2186 3307 Filium
2225 3262 2338 3307 tum
2383 3270 2505 3307 cum
2538 3255 2848 3309 Abraltamn
2874 3257 3207 3311 Conventum
3261 3259 3394 3313 :sait
3415 3262 3561 3313 enim

1991 3343 2304 3415 St-riptma:
2376 3346 2526 3400 Dixit
2599 3356 2775 3402 autent
2834 3350 2903 3402 ad
2982 3350 3256 3404 Abrxham
3324 3351 3566 3423 angelus.

1994 3438 2347 3506 Nt‘qnnqumtt
2379 3439 2549 3503 enim,
2604 3438 2885 3510 inquiunt,
2924 3438 3089 3496 Pater
3159 3443 3390 3512 angelus
3443 3458 3569 3499 esse

1990 3537 2227 3596 poterat,
2260 3528 2354 3583 scd
2393 3528 2590 3595 Filius,
2619 3532 2799 3600 magni
2832 3532 3049 3585 consilii
3087 3533 3333 3603 angelus.

2061 3620 2231 3679 Vens.
2269 3623 2355 3677 15.
2388 3620 2457 3676 Et
2491 3624 2592 3691 sic,
2653 3622 3032 3695 longanimiter
3064 3625 3255 3694 ferens,
3297 3637 3571 3683 assecutus

1990 3727 2066 3769 est
2092 3716 2519 3783 promissionem.
2554 3715 2665 3782 Qui
2701 3717 2870 3787 igitur
2910 3716 2965 3771 in
2988 3716 3096 3772 ﬁne
3126 3716 3386 3789 Epistulae
3409 3720 3569 3786 dicit,

1991 3810 2134 3872 quod
2173 3808 2260 3864 isti
2296 3824 2487 3863 attines
2512 3824 2619 3864 non
2653 3818 2990 3880 acceperunt
3012 3812 3435 3881 promissiones,
3472 3814 3567 3871 sed

1994 3901 2213 3956 eminus
2248 3916 2341 3955 cas
2381 3900 2568 3955 intuiti
2594 3913 2719 3955 sunt
2743 3913 2799 3956 et
2831 3903 3210 3961 salutaverunt
3239 3944 3256 3968 ,
3318 3906 3406 3960 hic
3440 3921 3571 3962 vero

1992 3993 2070 4048 ait
2119 3993 2494 4047 Abraliamum
2551 4002 2910 4049 consecutum
2946 3997 3571 4064 esserromissionemt

1991 4083 2108 4140 Non
2142 4084 2209 4140 de
2233 4084 2427 4139 iisdem
2462 4083 2549 4139 hic
2583 4093 2637 4140 et
2676 4085 2789 4140 illic
2829 4085 3094 4156 loquitue,
3152 4100 3337 4141 verum
3382 4087 3472 4142 hic
3499 4087 3569 4142 de

1994 4175 2064 4231 iis
2104 4191 2225 4245 qua:
2255 4175 2309 4230 in
2373 4176 2483 4229 vita
2516 4177 2564 4231 ei
2617 4176 2891 4246 promissa
2922 4185 3081 4232 erant
3125 4177 3393 4248 loquitur,
3444 4194 3570 4250 qua:

1992 4268 2267 4323 Abraham
2310 4285 2442 4325 sane
2476 4270 2636 4341 longo
2673 4280 2796 4340 post
2836 4279 3084 4341 tempore
3120 4282 3411 4327 assecutus
3440 4283 3564 4329 est:

293 4369 417 4420 ἐκεῖ
468 4367 531 4420 δὲ
586 4367 719 4438 περὶ
768 4367 878 4421 τῶν
914 4367 1206 4438 οὐρανίων,
1251 4360 1327 4420 ὧν
1382 4366 1537 4421 οὔπω
1595 4368 1881 4438 ἐπέτυχεν.

1996 4361 2136 4440 illic.
2173 4375 2354 4423 autem
2429 4361 2498 4416 de
2556 4361 2914 4427 ctelcstibus,
2973 4378 3097 4431 quae
3152 4366 3395 4421 nondum
3446 4374 3566 4419 erat

305 4458 627 4530 ‘Ap;6:spa
663 4459 869 4528 μέντοι,
900 4460 997 4513 καὶ
1043 4459 1106 4513 τὸ
1143 4459 1425 4531 ἐπιτυχεῖν
1474 4461 1658 4524 αὑτὸν,
1689 4461 1786 4513 καὶ
1821 4460 1883 4514 τὸ

297 4550 468 4619 μήπω
501 4550 809 4619 ἐπιτυχεῖν,
836 4551 916 4613 είς
950 4549 1295 4621 παράκλησίν
1331 4552 1448 4604 ἐστι
1486 4553 1594 4614 τοῖς
1622 4550 1878 4621 ὀλιγοψύ-

291 4656 447 4712 χοιςο
483 4641 546 4693 τὸ
581 4641 706 4709 μὲν,
749 4642 831 4693 ὅτι
865 4645 956 4692 καί
987 4643 1171 4712 ἡμεῖς,
1201 4641 1298 4695 ἐὰν
1341 4641 1877 4714 μακροθυμήσωμενν

292 4733 630 4804 τευξόμεθω
670 4732 732 4785 τὸ
782 4732 865 4795 δὲ,
908 4732 991 4785 ὅτι
1035 4732 1248 4786 ἐκείνου
1297 4733 1464 4804 μήπω
1497 4734 1755 4804 τυχόντος
1784 4735 1879 4790 τοῦ

293 4825 406 4892 πρδ
432 4823 705 4877 τοσούτων
724 4824 864 4878 ἐτῶν
888 4822 1289 4890 τελειωθέντος,
1328 4825 1547 4895 ἀνόητοι
1576 4826 1738 4896 ἡμεῖς
1773 4826 1885 4879 λοι-

290 4916 401 4969 πὸν
433 4916 479 4967 oi
513 4914 898 4985 ἀσχάλλοντες,
941 4913 1026 4969 ὅτι
1069 4914 1216 4970 οὕτω
1260 4915 1622 4986 τυγχάνομεν.
1661 4917 1799 4988 Ὅρα
1824 4916 1883 4971 δὲ

290 5007 416 5071 πῶς
446 5001 624 5071 εἷπεν,
651 5007 735 5059 ὃτι
768 5007 1202 5079 μακροθυμήσας
1242 5006 1476 5077 ἐπέτυχε
1508 5008 1608 5075 τῆς
1641 5009 1884 5076 ἐπαγγε-

287 5100 439 5165 λίας,
480 5098 568 5152 ἵνα
598 5098 747 5172 δείξῃ
793 5100 1037 5172 μεγάλην
1064 5100 1162 5168 τὴν
1192 5098 1423 5170 δύναμιν
1470 5100 1589 5169 τῆς
1611 5097 1886 5170 μακροθυο

291 5192 451 5262 μίας,
492 5192 588 5245 καὶ
621 5192 706 5246 ὅτι
746 5192 847 5261 οὐχ
877 5194 909 5261 ὴ
950 5192 1253 5260 ἐπαγγελία
1311 5190 1448 5262 μόνη
1471 5189 1532 5243 τὸ
1557 5192 1666 5245 πᾶν
1695 5191 1884 5264 εἰργά-

290 5278 447 5341 σατο.
473 5283 612 5337 ἀλλὰ
645 5283 743 5336 καὶ
770 5284 805 5353 ὴ
824 5282 1200 5356 μακροθυμία.
1239 5283 1504 5340 Ἐνταῦθα
1526 5283 1585 5339 δὲ
1606 5286 1700 5339 καὶ
1724 5285 1883 5357 φοϐεῖ

290 5375 519 5439 αὐτοὺς,
550 5373 731 5439 διδοὺς
762 5374 967 5430 ἐννοεῖν
990 5376 1054 5429 ἐκ
1078 5372 1480 5442 τοῦέναντίου,
1502 5377 1584 5431 ὅτι
1613 5377 1881 5447 ἐγκόπτε-

1992 4464 2298 4510 assecutus.
2360 4451 2665 4524 Utrumque
2720 4468 2871 4518 vero,
2928 4462 2983 4510 et
3031 4456 3177 4525 quod
3229 4468 3566 4515 consecutus

1989 4545 2083 4608 sit,
2120 4553 2174 4598 et
2229 4544 2375 4614 quod
2416 4545 2659 4599 nondum
2696 4548 2768 4602 sit
2805 4556 3164 4614 conseCntus,
3189 4549 3257 4604 ad
3315 4553 3581 4606 consola-'

1992 4639 2198 4692 tionem
2223 4636 2670 4706 pusillanimibus
2702 4638 3042 4694 inserviunt:
3065 4644 3298 4698 alterum
3320 4645 3563 4714 quidem,

1989 4729 2136 4800 quod
2160 4737 2214 4784 et
2238 4744 2359 4793 nos,
2378 4728 2421 4783 si
2449 4731 2719 4797 patienter
2740 4746 2803 4785 ex
2814 4742 3148 4801 spectamus.
3170 4749 3563 4807 assequemur:

1991 4821 2222 4875 alterum
2254 4834 2406 4883 vero,
2433 4819 2581 4889 quod
2620 4820 2669 4874 si
2701 4821 2792 4874 ille
2829 4822 3075 4879 nondum
3132 4834 3216 4882 est
3250 4837 3564 4893 assecutus,

1992 4910 2087 4981 qui
2119 4916 2247 4964 ante
2279 4918 2356 4964 tot
2408 4923 2584 4965 annos
2634 4923 3052 4969 consummatus
3105 4925 3211 4981 est,
3267 4918 3563 4973 adtnodnm

1989 5003 2316 5073 insipientes
2349 5017 2450 5057 nos
2478 5017 2690 5069 sumus,
2714 5017 2839 5058 cum
2867 5020 3011 5076 aegre
3037 5004 3266 5062 ferimus
3294 5024 3395 5064 nos
3426 5024 3566 5063 non-

1989 5093 2120 5149 dum
2162 5094 2404 5165 assequi.
2470 5091 2714 5150 Observa
2764 5103 2947 5151 autem
3004 5099 3283 5169 quomodo
3337 5099 3561 5163 dixerit,

1988 5203 2088 5260 per
2117 5187 2589 5258 longanimitatem
2640 5203 2768 5244 eum
2824 5199 3187 5246 consecutum
3241 5190 3563 5261 promissio.

1986 5296 2136 5346 netn,
2166 5291 2229 5336 ut
2261 5279 2542 5351 ingentem
2574 5280 3014 5351 longanimitatis
3041 5283 3146 5337 vim
3178 5291 3346 5351 atque
3367 5294 3567 5353 poteno

1991 5376 2124 5429 tiam
2182 5376 2254 5429 ob
2303 5375 2498 5431 oculos
2539 5384 2726 5443 portat,
2775 5386 2830 5432 et
2885 5376 3032 5447 quod
3089 5376 3382 5445 promissio
3446 5377 3564 5431 sola

1608 5555 1807 5618 νοτίδι
1840 5554 2170 5620 lectiones.

364 5657 414 5691 υ
435 5658 727 5729 ἀποναρκᾷ
755 5660 891 5730 πρὸς
924 5657 1022 5729 τὴν
1055 5656 1239 5710 πίστιν
1269 5671 1349 5719 ιιι,
