4014 6208
454 236 561 299 263

456 442 554 496 llic
588 450 770 497 autem
804 442 967 497 etiam
1007 450 1174 497 terret
1223 457 1340 507 eos,
1382 458 1445 497 ex
1499 446 1782 501 contrario
1813 446 2027 517 signiti-

452 550 586 590 cans
619 534 1040 605 promissionem
1070 533 1322 588 abscindi
1354 548 1451 603 per
1498 536 2024 605 pusillanimitalem.

450 626 629 695 Atque
661 625 764 678 hoc
790 622 1016 694 contigit
1052 623 1249 693 populo
1283 623 1411 677 olim
1436 624 1495 679 in
1545 625 1789 692 deserto,
1818 627 1911 696 qui
1966 626 2021 681 in

451 715 959 787 pusillanimitatetn
992 714 1150 783 lapsi,
1175 715 1322 769 nulla
1361 717 1574 772 ratione
1621 728 1751 772 sunt
1785 718 2021 774 assecuti

453 806 897 877 promissionem.
937 804 1091 859 Dicat
1146 806 1310 877 igitur
1362 809 1675 879 quispiam:
1708 796 2023 876 Quomodo

451 908 631 950 autem
697 897 873 951 sancti
929 897 1150 952 etiamsi
1207 899 1546 970 longanimes
1603 900 1859 968 luerunt,
1911 918 2020 957 non

1408 235 1989 300 THEOPHYLACTI
2020 239 2435 302 BULGARUE
2465 241 2802 303 ARCHIEP

456 363 630 408 totum
663 349 768 407 hoc
808 367 915 408 non
952 350 1218 418 eﬂ'ecerit,
1260 352 1355 408 sed
1390 354 1555 408 etiam
1613 353 2003 425 longanimitas

2129 373 2218 410 ται
2249 358 2283 428 ἡ
2319 356 2624 427 ἐπαγγελία
2652 356 2721 410 δι’
2747 354 3099 429 όλιγοψυχίας
3121 356 3190 412 ⁸³.
3227 357 3340 412 Καὶ
3397 357 3558 413 τοῦτο
3591 378 3719 420 συν-
3786 419 3797 428 ,

3598 222 3715 312 ea

2140 444 2240 511 έϐη
2274 444 2351 515 τῷ
2385 459 2444 498 εν
2471 447 2539 516 τῇ
2583 446 2776 517 ἐρήμῳ
2822 445 2992 500 πάλαι
3027 445 3163 517 λαῷ,
3197 448 3247 501 οἳ
3285 447 3717 520 captiuum-

2133 552 2225 599 τες
2254 538 2354 590 οὐκ
2386 536 2577 607 ἔτυχον
2609 537 2712 609 τῆς
2741 536 3078 606 ἐπαγγελίας
3126 538 3282 606 ὅλως.
3334 538 3492 594 Εἴποι
3519 536 3614 595 οὖν
3644 544 3715 598 ἄν

2132 646 2234 693 τις’
2298 630 2407 685 Καὶ
2436 631 2552 693 πῶς
2575 632 2626 685 οἱ
2659 630 2806 701 ἅγιοι
2838 630 3016 685 καίτοι
3067 633 3590 705 μακροθυμήσαντες
3612 636 3715 692 οὐκ

2132 721 2344 793 ἔτυχον,
2397 721 2474 786 ὡς
2531 725 2666 794 πρὸς
2699 721 2777 794 τῷ
2810 723 2953 779 τέλει
2987 725 3183 795 φησίνς
3225 724 3386 779 Ἀλλὰ
3429 725 3711 792 τεύξονται

2132 813 2373 876 πάντως.
2410 815 2472 867 Oi
2505 813 2563 867 δέ
2608 813 2704 869 τοῦ
2738 812 2870 868 λαοῦ
2920 813 3286 885 γογγυσταὶθθ
3335 814 3463 871 οὔτε
3498 817 3709 891 ἔτυχον,

2128 903 2252 956 οὒτε
2281 902 2579 969 τεύξονται.
2656 948 2659 953 ν

394 1006 403 1015 '
450 1003 630 1046 tamen
663 1002 789 1049 sunt
817 992 1081 1060 assecuti,
1111 1001 1169 1048 ut
1210 995 1312 1049 sub
1348 995 1603 1065 Epistulae
1639 996 1801 1051 linem
1834 996 2007 1053 dicit?
2066 999 2135 1052 At
2174 1013 2303 1054 vero
2350 1010 2715 1070 assequentur
2740 1002 2908 1075 689
2940 1002 3188 1070 omnino,
3241 1019 3430 1060 verum
3490 1006 3587 1076 qui
3630 1010 3710 1062 ὀι

450 1087 647 1155 populo
673 1095 1111 1151 tmtrtnurarunt,
1136 1102 1309 1153 neque
1349 1088 1590 1142 assecuti
1648 1096 1799 1155 sunt,
1838 1105 2013 1160 neque
2034 1104 2417 1162 assequentur.

525 1177 687 1233 VERS.
728 1179 811 1231 l6.
859 1177 1111 1233 Homines
1153 1182 1293 1234 enim
1330 1198 1422 1250 per
1453 1182 1708 1251 majorem
1736 1183 1941 1250 iurant,
1973 1199 2022 1239 et

449 1273 618 1326 omnis
650 1271 1016 1324 controuersia:
1042 1271 1171 1341 ipsis
1201 1273 1325 1341 finis
1355 1282 1431 1327 est
1458 1274 1527 1327 ad
1556 1275 2022 1343 conﬁrmationem

450 1366 828 1426 iuramentum.
888 1364 1001 1420 lloc
1052 1373 1138 1421 est
1191 1382 1287 1436 per
1348 1368 1724 1436 iuramentum
1788 1371 2024 1425 solvitur

448 1457 626 1511 omnis
662 1456 1037 1513 contentionis
1078 1457 1478 1513 controversia.
1517 1458 1724 1513 Etenim
1762 1458 2023 1515 dicuntur

444 1547 666 1616 quidem
731 1547 924 1613 multa,
976 1554 1029 1602 et
1083 1548 1543 1603 contradicuntur
1594 1548 1876 1622 utrinque,
1923 1553 2020 1606 sed

443 1639 589 1690 enim
646 1636 1032 1707 jusjurandum
1086 1647 1366 1709 postremo
1411 1640 1702 1711 accedens,
1737 1656 1803 1696 ac
1846 1641 2021 1697 stabi-

444 1727 606 1793 liens,
640 1738 838 1783 cuncta
866 1729 1033 1783 dubia
1068 1730 1251 1786 solvit.

512 1816 680 1873 Vens.
711 1819 795 1873 17.
832 1818 897 1873 In
927 1836 1028 1890 quo
1060 1819 1419 1876 abundantius
1463 1821 1638 1876 volens
1671 1820 1809 1876 Deus
1841 1832 2021 1878 osten-

439 1908 562 1964 dere
589 1910 997 1980 pollicitationis
1028 1913 1325 1969 haeredibns
1362 1913 1787 1969 immobilitatem
1810 1914 2022 1971 consilii

442 2002 548 2067 sui,
585 2002 895 2072 juramento
922 2004 1202 2059 stabilivit.
1237 2005 1352 2060 lloc
1384 2015 1488 2073 est,
1527 2015 1817 2077 propterea
1850 2007 2018 2078 quod,

441 2095 884 2166 quandoquidem
917 2097 991 2168 ita
1029 2113 1090 2153 se
1113 2113 1201 2153 res
1225 2098 1410 2165 habet,
1444 2106 1505 2154 ut
1530 2099 2018 2170 hominibusiura-

441 2197 685 2242 mentum
729 2204 946 2242 omnem
978 2188 1137 2244 ﬁdem
1184 2189 1397 2257 all'erat,
1427 2190 1498 2246 ob
1541 2206 1661 2246 eam
1706 2206 1823 2247 rem
1877 2193 2021 2248 Deus

443 2281 607 2334 etiam
638 2281 805 2351 iurat.
837 2280 952 2348 Vel,
983 2285 1037 2336 in
1065 2299 1190 2354 quo,
1225 2284 1328 2340 hoc
1371 2293 1479 2347 est,
1509 2276 1642 2355 quia
1672 2284 1881 2355 iuravit
1922 2300 2020 2355 per

441 2371 682 2441 seipsum
703 2371 864 2438 Deus,
883 2389 948 2428 ex
982 2373 1285 2429 abundanti
1313 2378 1642 2433 monstravit
1664 2376 1849 2441 nobis,
1871 2376 2018 2447 quod

436 2462 662 2515 omnino
684 2472 739 2518 et
772 2463 1287 2533 impermutabililer
1319 2466 1565 2523 facturus
1598 2468 1672 2523 sit
1694 2483 1817 2537 quae
1859 2469 2018 2525 nobis

434 2552 771 2621 promiserit.
808 2554 945 2610 Nam
981 2556 1090 2611 Deo
1143 2558 1311 2611 etiam
1349 2559 1469 2613 sine
1510 2546 1831 2627 iuramento
1879 2561 2015 2616 ﬁdes

435 2642 743 2697 adhibenda
774 2653 918 2707 erat,
952 2660 1176 2716 prapter
1221 2664 1324 2703 nos
1351 2657 1534 2703 tamen
1582 2650 1821 2705 demittit
1870 2665 2012 2718 sese,

433 2745 537 2786 nec
563 2747 718 2787 suam
737 2733 1055 2804 dignitatem
1087 2741 1517 2809 contemplatur,
1549 2756 1736 2797 verum
1767 2750 1829 2798 ut
1853 2744 2013 2800 nobis

433 2823 783 2890 persuadeat,
822 2825 1047 2897 indigna
1082 2830 1246 2884 etiam
1284 2833 1353 2886 de
1402 2832 1584 2902 seipso
1635 2831 1743 2888 dici
1785 2834 2009 2904 patitur.

430 2911 544 2967 Nos
568 2912 716 2966 enim
754 2913 945 2970 ﬁdeles
975 2918 1361 2986 promissionis
1397 2936 1590 2977 sumus
1618 2921 1887 2991 Itast-edes,
1912 2924 2008 2995 qui

431 3000 486 3054 in
523 3003 736 3059 semine
765 3003 904 3074 ejus,
929 3006 1021 3077 qui
1054 3007 1314 3068 Christus
1345 3022 1449 3079 est,
1480 3013 1760 3069 benedicti
1789 3030 2004 3073 sumus.

428 3091 816 3150 Animadverte
839 3107 1021 3152 autem
1043 3102 1319 3170 quomodo
1348 3103 1512 3157 etiam
1555 3113 1669 3159 tum
1700 3104 1895 3161 Filium
1922 3108 2007 3164 di-

428 3189 518 3236 cat
575 3185 931 3243 mediatoreni
977 3188 1073 3245 Dei
1132 3201 1186 3248 et
1245 3192 1528 3250 hominum
1587 3195 1758 3255 fuisse
1823 3214 1840 3255 :
1909 3216 2007 3271 per

429 3274 607 3343 ipsum
655 3279 803 3332 enim
865 3287 1128 3352 tanquam
1192 3283 1429 3342 Verbum
1484 3289 1693 3358 iuravit
1752 3290 1897 3349 Deus
1951 3302 2005 3350 et

427 3365 611 3423 Pater.

499 3456 666 3514 Vrsas.
700 3459 788 3515 18.
827 3459 896 3515 Ut
925 3478 1019 3533 per
1068 3465 1202 3519 duas
1234 3482 1318 3520 res
1371 3466 1684 3534 immobiles,
1721 3472 1776 3525 in
1815 3474 2002 3541 quibus

424 3548 753 3617 impossibile
802 3555 1015 3609 mentiri
1071 3554 1258 3612 Deum.
1294 3558 1496 3624 Quales
1541 3573 1595 3616 ct
1650 3564 2005 3634 cuiusmodi?

424 3635 581 3705 Quod
610 3643 931 3714 simpliciter
959 3646 1163 3703 diceret
1210 3663 1274 3703 ac
1310 3652 1669 3719 promitteret,
1708 3664 1819 3709 tum
1855 3659 1999 3727 quod

422 3728 805 3798 jusjurandum
825 3738 1518 3811 promissioniapponeret.
1544 3744 1816 3811 Quoniam
1852 3751 1998 3804 enim
2044 3750 2055 3757 “

425 3820 569 3889 apud
599 3823 849 3881 homines
899 3827 1003 3884 hoc
1042 3831 1261 3887 videtur
1302 3849 1426 3891 esse
1458 3836 1695 3906 ﬁrmius,
1715 3839 2001 3912 jusjuran-

424 3910 555 3969 dum
596 3915 875 3981 videlicet,
922 3928 1208 3990 propterea
1259 3926 1377 3996 ipse
1430 3928 1561 3983 illud
1613 3910 1887 4000 apposuit.
1932 3935 2001 3989 In

423 4003 770 4074 quibus,pro,
792 4022 858 4063 ex
889 4011 1091 4080 quibus
1120 4014 1206 4070 his
1226 4016 1441 4073 duabus
1473 4020 1659 4086 rebus,
1687 4025 1997 4082 certissima

425 4094 838 4155 demonstratur
866 4105 1179 4171 promissio,
1206 4122 1271 4163 ac
1297 4108 1644 4179 impossibile
1672 4123 1757 4171 est
1776 4120 1994 4175 mentiri

328 4205 332 4208 ’
425 4185 615 4242 Deum.
651 4188 1124 4254 Quemadmodum
1176 4198 1343 4268 igitur
1371 4200 1577 4275 iuravit
1606 4217 1831 4277 propter
1870 4224 1995 4275 nos,

423 4279 529 4334 etsi
575 4280 858 4353 indignum
919 4296 1037 4341 erat
1076 4290 1195 4360 ipso
1218 4291 1429 4359 iurare,
1474 4296 1546 4350 ita
1586 4295 1752 4365 istud,
1808 4300 1993 4357 didicit

2198 1189 2525 1256 Ἄνθρωποι
2550 1190 2670 1260 μὲν
2701 1208 2813 1259 ταρ
2843 1189 2993 1245 κατὰ
3021 1192 3128 1246 τοῦ
3154 1190 3423 1264 μείζονος
3455 1194 3712 1263 ὀμνύου-

2120 1297 2207 1345 σι,
2239 1282 2339 1335 καὶ
2370 1281 2575 1351 πάσης
2620 1285 2826 1350 αὐτοῖς
2857 1286 3205 1357 ἀντιλογίας
3252 1286 3437 1357 πέρας
3481 1291 3567 1355 εις
3594 1290 3709 1354 ﬂa-

2128 1377 2379 1432 σαίωσιν
2412 1378 2610 1448 ὅρκος.
2669 1380 2986 1448 Τουτέστιν,
3035 1381 3100 1434 ἐκ
3150 1381 3247 1434 τοῦ
3300 1382 3462 1459 ὅρκου
3519 1383 3707 1439 λύεται

2129 1466 2313 1537 πάσης
2346 1467 2656 1535 ἀντιλογίας
2696 1468 3134 1539 ἀμφισϐήτησις.
3176 1468 3286 1522 Καὶ
3315 1470 3422 1539 γὰρ
3457 1469 3708 1537 λέγονται

2133 1559 2232 1628 μέν
2260 1559 2456 1626 πολλὰ,
2487 1560 2582 1615 καὶ
2615 1560 2994 1630 ἀντιλέγονται
3030 1560 3089 1628 ἐξ
3118 1561 3379 1633 ἐκατέρου
3416 1562 3637 1634 μέρους,
3675 1562 3707 1617 ὁ

2128 1649 2184 1703 δέ
2216 1650 2377 1721 ὅρκος
2400 1650 2680 1716 τελευταῖς
2709 1651 2968 1707 ἐπεισιὼν
3007 1652 3101 1707 καὶ
3148 1650 3401 1723 βεϐαιῶν,
3432 1652 3503 1706 τὰ
3531 1653 3705 1725 ἀμφίε-

2057 1712 2098 1767 Β
2127 1740 2257 1795 δολα
2288 1740 2404 1797 λύει
2432 1743 2628 1799 πάντα.

2202 1834 2308 1888 -Ἐν
2324 1826 2373 1901 ᾧ
2394 1836 2828 1905 περισσότερον
2848 1836 3232 1908 ,βουλόμενος
3264 1839 3297 1892 d
3322 1836 3463 1907 Θεὸς
3487 1837 3707 1893 ἐπιδεί-

2125 1924 2346 1989 ξασθαι
2410 1926 2537 1995 τοῖς
2595 1929 2997 1997 κληρονόμοις
3056 1927 3167 1997 τῆς
3224 1928 3586 1999 ἐπαγγελίας
3637 1929 3705 1984 τὸ

2126 2015 2488 2085 ἀμετάθετον
2542 2017 2652 2086 τῆς
2700 2017 2942 2087 ,βουλῆς
3002 2018 3228 2083 αὐτοῦ,
3281 2018 3704 2072 ἐϐεϐαίωσενη

2124 2106 2298 2178 ὅρκῳ.
2335 2109 2622 2175 Τουτέστι,
2649 2109 2753 2173 διὸ,
2789 2108 2983 2180 ἐπειδὴ
3007 2093 3123 2164 ’καὶ
3172 2111 3286 2173 τοῖς
3333 2109 3642 2178 ἀνθρώποις
3673 2110 3702 2163 δ

2122 2199 2286 2270 ὅρκος
2324 2201 2510 2254 πᾶσαν
2559 2200 2743 2255 πίστιν
2772 2200 3045 2271 ἐπιφέρει,
3094 2200 3180 2255 διὰ
3209 2199 3367 2256 τοῦτο
3397 2201 3493 2256 καὶ
3517 2204 3545 2256 ὁ
3570 2202 3702 2267 Θεὸς

2121 2292 2370 2361 ὄμνυσιν.
2404 2294 2498 2355 Ἢ,
2531 2293 2602 2346 ἐν
2630 2287 2690 2361 ᾧ,
2728 2292 2849 2346 ἀντὶ
2882 2292 2997 2358 τοῦ,
3048 2293 3107 2348 ἐν
3146 2292 3224 2363 τῷ
3270 2293 3489 2363 ὀμόσαι,
3543 2295 3694 2365 φησι,

2122 2383 2245 2436 καθ’
2279 2383 2474 2437 ἑαυτοῦ
2500 2387 2527 2438 ὁ
2553 2384 2706 2449 Θεὸς,
2745 2388 2811 2440 ἐκ
2857 2387 3176 2455 περιουσίας
3197 2385 3397 2450 ἔδειξεν
3431 2387 3587 2456 ἡμῖν,
3617 2386 3700 2439 δτι

2122 2474 2342 2540 πάντως
2392 2477 2485 2529 καὶ
2534 2476 2889 2547 ἀμεταθέτως
2934 2480 3153 2545 ποιήσει
3204 2476 3240 2532 ἃ
3301 2477 3695 2546 ἐπηγγείλατο.

2125 2568 2274 2622 Ἔδει
2335 2568 2436 2637 μὲν
2487 2569 2596 2640 γὰρ
2636 2571 2730 2624 καὶ
2784 2573 2953 2642 χωρὶς
2996 2572 3164 2643 ὅρκου
3212 2570 3565 2624 πιστεύεσθαι
3602 2571 3698 2623 τὸν

2117 2656 2273 2725 Θεὸν,
2332 2660 2449 2713 ἀλλ’
2502 2661 2654 2730 ὅμως
2701 2661 2771 2716 δι’
2808 2662 2956 2732 ἡμᾶς
3012 2661 3349 2731 συγκάτεισι,
3378 2662 3469 2714 καὶ
3504 2660 3566 2713 ού
3594 2661 3699 2729 τὴν

2116 2749 2282 2804 αὑτοῦ
2320 2750 2477 2818 ἀξίαν
2507 2755 2720 2818 σκοπεῖ,
2749 2751 2865 2806 ἀλλ’
2886 2754 3035 2817 ὅπως
3078 2754 3228 2821 ἡμᾶς
3277 2751 3459 2823 πείσῃ,
3493 2748 3694 2816 ἀνάξια

2116 2842 2246 2914 περὶ
2290 2842 2457 2896 αὑτοῦ
2487 2842 2741 2914 ἀνέχεται
2762 2843 3036 2913 λέγεσθαι.
3086 2841 3278 2914 Ἡμεῖς
3297 2839 3404 2913 γὰρ
3429 2842 3475 2894 οἱ
3508 2839 3693 2894 πιστοὶ

2114 2937 2214 3007 τῆς
2264 2936 2602 3005 ἐπαγγελίας
2650 2936 2821 3007 ἐσμὲν
2870 2935 3221 3008 κληρονόμοι,
3248 2936 3299 2988 οἱ
3326 2936 3384 2987 ἐν
3420 2931 3499 3003 τῷ
3521 2933 3693 3004 σπέρ-

2118 3026 2461 3096 ματιαύτοῦ,
2523 3028 2582 3093 ὃς
2620 3027 2738 3080 ἐστι
2794 3026 3050 3098 Χριστὸς,
3106 3025 3512 3097 εύλογηθέντες.
3545 3023 3691 3096 Ὅρα

2112 3117 2230 3180 πῶς
2257 3118 2353 3171 καὶ
2388 3120 2509 3172 τότε
2551 3118 2701 3188 λέγει
2734 3118 2826 3172 τὸν
2857 3118 2987 3172 Υίδν
3036 3118 3264 3188 μεσίτην
3304 3116 3440 3171 Θεοῦ
3474 3117 3567 3169 καὶ
3594 3118 3689 3170 ἀν-

2106 3208 2342 3279 θρώπων
2372 3210 2677 3279 γεγονέναι.
2708 3211 2787 3264 Δι’
2817 3210 2985 3265 αὑτοῦ
3019 3210 3128 3283 γὰρ
3154 3209 3229 3274 ὡς
3261 3211 3434 3281 Λόγου
3469 3207 3686 3281 ὤμνυεν

2103 3303 2131 3354 ὁ
2162 3300 2296 3365 Θεὸς
2328 3303 2422 3355 καὶ
2453 3302 2665 3375 Πατήρ.

2178 3480 2313 3534 Ἵνα
2358 3480 2459 3536 διὰ
2508 3482 2619 3537 δύο
2671 3482 3032 3554 πραγμάτων
3062 3483 3458 3554 ἀμεταθέτων,
3484 3484 3556 3539 ἐν
3591 3478 3687 3551 οἷς

2102 3570 2407 3626 ἀδύνατον
2448 3575 2793 3643 ψεύσασθαι
2839 3575 3006 3631 Θεόν.
3044 3578 3204 3631 ῐῐοίου
3235 3580 3328 3631 καὶ
3364 3578 3513 3632 ποίου
3535 3595 3549 3645 ;
3574 3578 3682 3633 Τοῦ

2101 3679 2160 3714 τε
2188 3663 2372 3726 ἁπλῶς
2395 3668 2567 3720 εἰπεῖν
2594 3668 2687 3721 καὶ
2706 3669 3060 3738 ὑποσχέσθαι,
3087 3672 3180 3724 καὶ
3208 3668 3298 3723 τοῦ
3326 3671 3489 3741 ὅρκον
3519 3687 3684 3741 προσ-

2103 3752 2276 3807 θεῖναι
2334 3759 2402 3825 τῇ
2444 3757 2756 3829 ὑποσχέσει.
2789 3760 3010 3832 Ἐπειδὴ
3048 3760 3157 3832 γὰρ
3191 3762 3343 3832 παρὰ
3372 3760 3683 3832 ἀνθρώποις

2100 3845 2257 3899 τοῦτο
2287 3847 2438 3901 δοκεῖ
2472 3851 2813 3921 πιστότερον,
2840 3853 2901 3906 τὸ
2931 3854 3024 3906 τοῦ
3059 3854 3248 3924 ὅρκου,
3271 3854 3359 3907 διὰ
3398 3854 3555 3908 τοῦτο
3583 3856 3681 3909 καὶ

2101 3938 2263 4000 αὐτὸς
2303 3938 2460 3993 τοῦτο
2493 3941 2856 4013 προσέθηκεν.
2915 3945 3018 3998 Ἐν
3048 3940 3159 4011 οἷς,
3193 3947 3313 4000 ἀντὶ
3348 3947 3463 4011 τοῦ,
3498 3947 3557 4013 ἐξ
3580 3941 3675 4010 ὧν,

2098 4028 2306 4081 τούτων
2334 4029 2445 4082 τῶν
2477 4030 2591 4098 δύο,
2627 4033 2926 4104 πιστοτάτη
2954 4032 3229 4089 δείκνυται
3267 4038 3299 4104 ἡ
3350 4036 3674 4104 ἐπαγγελία,

2098 4119 2195 4171 καὶ
2220 4119 2484 4174 ἀδύνατον
2511 4121 2814 4190 ψεύσασθαι
2835 4123 2926 4178 τὸν
2955 4123 3322 4198 Θεόν.Ὦσπερ
3342 4124 3434 4180 οὖν
3453 4126 3672 4198 ὤμνυσε

2096 4209 2164 4263 δι’
2201 4212 2373 4283 ἡμᾶς,
2406 4212 2584 4267 καίτοι
2610 4213 2835 4281 ἀνάξιον
2853 4216 3017 4270 αὐτοῦ
3044 4217 3105 4270 τὸ
3130 4217 3381 4289 ὀμνύναι,
3409 4218 3552 4272 οὕτω
3581 4221 3676 4273 καὶ

2096 4299 2177 4364 τὸ,
2213 4301 2437 4369 ἔμαθεν
2463 4303 2533 4368 ἐξ
2560 4296 2648 4357 ὧν
2671 4305 2875 4370 ἔπαθε,
2911 4307 3040 4364 νόει.
3071 4308 3180 4362 Καὶ
3230 4312 3338 4382 γὰρ
3375 4311 3423 4364 oi
3461 4309 3672 4382 ἄνθρω-

424 4383 490 4424 ινπ
519 4373 709 4473 quibus
733 4390 925 4444 passus
959 4391 1058 4447 est,
1089 4382 1350 4454 intellige.
1385 4384 1599 4443 Etenim
1655 4391 1905 4450 homines
1937 4395 1993 4451 id

2118 4407 2190 4445 τοι
2228 4391 2389 4445 τοῦτο
2441 4395 2752 4464 νομίζουσιν
2802 4373 3269 4472 ἀξιοπιστότερον,
3306 4373 3384 4454 ’τὸ
3429 4401 3518 4456 διὰ
3564 4373 3671 4473 ’τῆς

422 4462 743 4520 existimant
772 4482 897 4524 esse
934 4471 1253 4529 credibilius
1285 4483 1339 4528 et
1383 4478 1610 4545 certius,
1637 4481 1782 4552 quod
1822 4500 1991 4556 expe-

424 4549 620 4606 rientia
648 4561 1059 4627 comprobatum
1092 4573 1197 4618 est.

490 4640 864 4701 Fortissimum
895 4650 1146 4704 solatium
1176 4653 1486 4725 habeamus,
1533 4661 1625 4730 qni
1656 4664 1990 4735 confugimus

421 4733 491 4786 ad
540 4737 816 4792 tenendam
863 4743 1185 4810 propositam
1232 4761 1391 4815 spem.
1420 4750 1534 4807 Hoc
1594 4764 1700 4816 est.
1733 4733 1986 4826 magnam

419 4826 849 4885 admonitionem
875 4842 930 4886 et
952 4834 1415 4897 adhortationem.
1471 4842 1587 4898 Non
1635 4846 1780 4899 enim
1813 4851 1989 4918 magis

418 4928 638 4988 propter
672 4922 1073 4994 Abrahamum,
1098 4945 1260 4999 quam
1286 4944 1509 5004 prepter
1530 4951 1629 4991 nos
1659 4936 1762 4990 hoc
1781 4937 1987 4995 dictum

416 5017 523 5095 εει,
558 5010 649 5075 qui
682 5013 1030 5083 confugimus
1061 5018 1131 5072 ad
1167 5034 1312 5087 eum,
1354 5024 1458 5079 hoc
1485 5033 1590 5090 est,
1622 5027 1983 5095 speravimus.

417 5094 689 5160 Quorsum
729 5110 910 5157 autem
956 5106 1223 5164 habemus
1262 5094 1741 5170 adhortationem?
1770 5117 1837 5172 ad
1880 5119 1986 5174 hoc
2035 5143 2039 5147 θ

417 5196 478 5241 ιιι
505 5197 791 5247 teneamus
824 5198 1159 5264 propositam
1187 5217 1362 5272 spem,
1385 5206 1486 5260 hoc
1523 5214 1628 5272 est,
1677 5216 1736 5262 ιιι
1773 5211 1842 5264 ab
1877 5211 1985 5266 illis

416 5290 538 5345 quae
562 5290 693 5335 sunt
724 5281 1041 5342 Abrahamo
1064 5289 1210 5352 data,
1246 5290 1315 5346 de
1344 5293 1414 5348 iis
1442 5295 1610 5348 etiam
1641 5310 1763 5365 qua
1789 5300 1855 5354 ad
1880 5315 1984 5356 nos

417 5373 688 5437 pertinent
714 5378 975 5436 certiores
994 5381 1307 5449 reddamur,
1341 5399 1517 5456 neque
1545 5389 1839 5459 quidquam
1870 5408 1982 5450 am-

2101 4481 2295 4550 πείρας
2320 4482 2515 4538 ἐλθεῖν.

2180 4663 2469 4737 Ἰσχιιρὰν
2482 4669 2871 4740 παράκλησιν
2885 4674 3135 4745 ἕλωμεν,
3153 4680 3208 4733 οἱ
3223 4680 3662 4749 καταφυγόντες

2093 4756 2389 4827 κρατῆσαι
2416 4763 2813 4834 προκειμένης
2857 4766 3127 4837 ἐλπίδος.
3158 4772 3438 4838 Τουτέστι,
3472 4776 3669 4843 παραί-

2095 4870 2242 4908 νεσιν
2290 4858 2530 4928 μεγάλην
2581 4863 2675 4914 καὶ
2724 4867 3063 4941 προτροπὴν.
3091 4869 3168 4921 Ού
3199 4871 3399 4942 μᾶλλον
3444 4872 3553 4943 γὰρ
3579 4873 3664 4926 διὰ

2096 4944 2189 4999 τὸν
2225 4947 2497 5021 Ἀϐραὰμ,
2522 4953 2556 5023 ἢ
2584 4954 2654 5006 δι’
2681 4955 2828 5024 ἡμᾶς
2880 4957 3039 5012 τοῦτο
3073 4960 3309 5034 εἴρηται,
3341 4965 3467 5028 τοὺς
3497 4982 3657 5019 κατα⁹

2096 5037 2369 5106 φυγόντας
2418 5042 2506 5095 ἐπ’
2537 5046 2698 5098 αὐτὸν
2719 5047 2786 5114 ’⁸,
2819 5052 3115 5119 τουτέστιν,
3167 5055 3484 5124 ἠλπικότας.
3550 5055 3661 5107 Ποῦ

2094 5128 2151 5181 δὲ
2187 5127 2384 5200 ἔχομεν
2436 5134 2537 5205 τὴν
2590 5142 2938 5211 προτροπήν;
2984 5144 3079 5208 Εἰς
3114 5147 3174 5199 τὸ
3221 5147 3495 5219 κρατῆσαι
3562 5152 3663 5217 τῆς

2089 5222 2458 5292 προκειμένης
2507 5225 2758 5292 ἐλπίδοςο
2811 5234 3110 5303 τουτέστιν,
3166 5240 3253 5296 ἵνα
3289 5241 3386 5295 ἀπ’
3436 5243 3663 5295 ἐκείνων

2093 5310 2201 5405 τῷν
2231 5313 2309 5383 τῷ
2355 5314 2606 5387 Ἀϐραὰμ
2629 5319 2909 5390 δοθέντων,
2936 5327 3030 5380 καὶ
3059 5329 3186 5400 περὶ
3222 5328 3331 5386 τῶν
3362 5333 3484 5387 καθ’
3510 5336 3656 5405 ἡμᾶς

2091 5402 2616 5478 πληροφορηθῶμεν,
2686 5413 2782 5468 καὶ
2838 5417 2914 5487 μὴ
2968 5417 3306 5493 διστάζωμεν
3367 5428 3495 5496 περὶ
3529 5402 3662 5483 Ea»,

1754 5575 1953 5639 Varia;
1981 5576 2307 5646 lectiones.

491 5658 539 5690 "
562 5660 852 5734 ὀλιγωρίας
890 5681 944 5721 o.
1018 5667 1065 5702 “
1094 5669 1448 5738 γογγύζοντες
1469 5688 1523 5729 o.
1602 5678 1647 5709 “
1677 5679 2029 5748 ἐμεσίτευσεν
2048 5699 2104 5743 ο.
2179 5688 2226 5721 ’⁸
2265 5690 2434 5763 αὐτήν
2459 5710 2511 5748 o.
