4014 6208
261 210 367 273 265

986 204 1395 269 EKPOSITIO
1443 206 1520 266 ΙΝ
1568 202 1811 266 EPIST.
1852 202 1954 263 AD
1992 201 2386 264 HEBRJEOS.
2421 226 2489 241 --
2520 202 2679 264 CAP.
2721 202 2821 264 VI.

3431 201 3540 266 9.66

263 319 573 391 μελλόντων
594 316 689 372 καὶ
717 315 1009 387 οὐρανίων,
1028 316 1064 371 ἃ
1100 314 1418 386 ἐλπίζομεν,
1454 312 1590 367 ἀλλὰ
1611 312 1850 384 βεϐαίως

1976 310 2204 382 iigamus
2242 309 2310 365 de
2352 307 2570 374 futuris,
2608 309 2850 378 adeoque
2878 304 3197 364 coelestibus
3227 307 3387 363 bonis
3419 326 3541 378 qua:

263 413 365 467 καὶ
398 410 659 481 ἀσφαλῶς
692 410 988 483 κρατῶμεν
1016 409 1222 481 ταύτης
1251 410 1353 480 τῆς
1385 408 1622 472 ἐλπίδος,
1656 409 1749 461 καὶ
1781 405 1859 478 μὴ

261 504 632 574 ἁπολύσωμεν
684 506 877 574 αὐτὴν.
942 506 1050 557 Καὶ
1090 508 1199 574 γὰρ
1229 504 1264 574 ἡ
1303 502 1439 574 πρὸς
1472 504 1564 555 τὸν
1606 501 1859 572 Ἀϐραὰμ

259 596 574 665 ἐπαγγελία
622 595 884 665 καὶπρὸς
937 597 1085 666 ἡμᾶς
1120 597 1262 659 ἐστι,
1315 594 1408 647 καὶ
1460 593 1663 665 κυρίως
1719 591 1857 661 πρὸς

261 690 416 760 ἡμᾶς
471 690 598 751 τοὺς
657 688 1054 751 πιστεύσαντας
1094 686 1172 757 τῷ
1212 684 1454 767 Χριστιῖξ,
1498 685 1574 749 ὡς
1603 684 1858 756 ἀνωτέρω

261 782 505 853 εἴρηται.

337 876 451 928 Ἦν
476 874 558 941 ὡς
588 873 860 944 ἄγκυραν
920 872 1147 943 ἔχομεν
1203 874 1304 944 τῆς
1354 872 1557 944 ψυχῆς
1606 869 1858 942 ἀσφαλῆ

261 966 370 1022 καὶ
392 967 671 1032 βεϐαίαν.
714 967 818 1020 Ἦν
853 967 1045 1020 ἐλπίδα
1080 967 1280 1038 ἔχομεν
1312 968 1389 1031 ὼς
1425 969 1696 1039 ἄγκυραν.
1743 968 1856 1022 Καὶ

263 1061 592 1132 γὰρῶσπερ
622 1060 807 1131 ἐκείνη
846 1061 915 1113 τὰ
948 1059 1113 1114 πλοῖα
1148 1064 1206 1115 ὲν
1232 1060 1414 1132 καιρῷ
1446 1060 1612 1133 ζάλης
1645 1060 1857 1132 ἵστησιν

263 1155 483 1223 ὲδραῖα,
518 1152 661 1207 οὕτω
723 1154 818 1207 καὶ
846 1153 880 1222 ἡ
914 1151 1070 1216 ἐλπὶς
1111 1152 1238 1216 τοὺς
1301 1152 1702 1223 σαλευομένους
1744 1153 1857 1215 τοῖς

263 1248 648 1317 πειρασμοῖς,
719 1244 970 1314 ἑδραίους
1049 1246 1144 1299 καὶ
1211 1245 1650 1316 ὑπομονητικοὺς
1712 1240 1854 1301 εἶναι

265 1340 432 1393 ποιεῖ.
457 1338 572 1407 Οὐχ
590 1336 775 1401 ἁπλῶς
794 1338 850 1391 δὲ
880 1336 1055 1403 εἶπεν,
1107 1337 1378 1410 ἄγκυραν,
1403 1338 1537 1393 ἀλλὰ
1579 1338 1856 1409 ’ἀσφαλῆ

265 1428 369 1485 καὶ
390 1429 671 1494 βεϐαίαν.
710 1430 872 1484 Ἐστι
908 1432 1024 1507 γὰρ,
1052 1433 1272 1506 ἄγκυρα
1313 1436 1387 1505 μὴ
1425 1433 1769 1504 φυλάττουσα
1796 1434 1860 1489 τὸ

269 1523 486 1591 σκάφος
513 1522 837 1584 ἀσάλευτον,
866 1523 900 1595 ἢ
935 1525 1067 1578 ὅταν
1103 1524 1306 1597 σαθρὰ,
1359 1524 1392 1597 ἢ
1432 1527 1563 1580 ὅταν
1621 1526 1859 1599 ἐλαφρο-

265 1616 425 1685 τέρα.
463 1615 711 1680 Εἰκότως
740 1617 797 1671 δὲ
822 1617 883 1670 οὐ
918 1615 1168 1686 θεμελίου
1222 1618 1492 1687 ἐμνήσθη,
1534 1618 1648 1673 ἀλλ’
1683 1617 1857 1689 ἀγκύ-

1959 415 2270 472 speramus,
2308 399 2401 456 sed
2442 400 2674 454 firmiter
2720 416 2784 454 ac
2831 408 2947 453 tuto
3002 401 3340 456 retineamus
3401 401 3543 456 hanc

1961 508 2136 562 spem,
2167 508 2268 548 nec
2304 492 2649 547 dimittamus
2698 492 2895 562 ipsam.
2934 492 3101 563 690
3154 491 3369 549 Etenim
3423 511 3543 566 quae

1959 585 2273 641 Abrahamo
2298 584 2443 640 facta
2483 596 2569 642 εει
2606 584 2903 657 promissio
2929 625 2945 653 ,
2978 587 3046 641 ad
3080 603 3182 642 nos
3216 588 3381 643 etiam
3418 605 3546 658 spe-

1961 684 2098 741 ctat,
2132 690 2196 731 ac
2224 677 2447 747 proprie
2474 676 2544 733 ad
2572 678 2797 752 nosqui
2828 679 3049 734 Christo
3077 679 3377 742 credimus,
3407 693 3463 733 ιιιι
3489 685 3542 735 iu

1961 768 2346 839 superioribus
2379 767 2588 824 dictum
2625 777 2730 825 est.

2033 860 2202 917 Vens.
2241 860 2328 917 i9.
2367 861 2543 928 Quam
2571 864 2707 918 sicut
2738 866 3024 919 anchoram
3057 864 3307 920 habemus
3329 868 3542 932 animm,

1964 965 2133 1011 tutam
2160 972 2225 1010 ac
2270 956 2506 1026 ﬁrmam.
2543 955 2718 1023 Quam
2766 971 2915 1027 spem
2949 958 3215 1014 habemus
3248 960 3411 1014 veluti
3442 974 3545 1013 an"

1962 1046 2213 1101 choram.
2248 1043 2385 1101 Nam
2444 1046 2673 1116 perinde
2724 1054 2785 1101 ut
2841 1047 2933 1103 illa
2980 1063 3148 1105 naves
3202 1052 3544 1121 tempestatis

1962 1148 2210 1214 tempore
2243 1140 2431 1197 firmas
2464 1141 2771 1209 constituit,
2806 1142 3145 1199 consimilem
3173 1144 3241 1198 ad
3272 1147 3541 1200 rationem

1962 1249 2089 1305 spes
2114 1233 2352 1305 agitatos
2368 1243 2423 1291 et
2440 1250 2745 1294 concussos
2786 1236 3206 1303 tentationibus,
3242 1238 3465 1294 Stabiiés
3491 1248 3545 1293 et

1959 1328 2229 1397 patientes
2250 1327 2436 1385 eliicit.
2459 1326 2581 1385 Non
2616 1329 2941 1399 simpliciter
2964 1339 3167 1396 autem,
3217 1332 3540 1395 anchoram,

1961 1416 2343 1484 dixit,verum,
2379 1427 2551 1473 tutam
2577 1419 2885 1489 acﬁrmam.
2907 1415 3156 1488 Estenir’u
3174 1421 3411 1477 anchora
3424 1437 3545 1492 qua:

1963 1524 2073 1565 non
2100 1517 2389 1567 conservet
2418 1512 2678 1582 scapham
2700 1514 3109 1580 inconcussam,
3142 1513 3225 1568 vel
3248 1514 3295 1570 si
3320 1514 3540 1584 putrida

1964 1604 2150 1671 fuerit,
2182 1604 2269 1660 vel
2303 1605 2526 1675 quando
2554 1606 2679 1675 plus
2709 1620 2868 1675 aequo
2896 1604 3090 1661 levior.
3127 1604 3323 1662 Merito
3359 1619 3540 1661 autem

269 1720 401 1776 ραςο
473 1691 614 1759 διότι
667 1707 696 1759 6
736 1706 859 1777 ιμὲν
917 1705 1160 1760 ἐπὶτῶν
1216 1686 1425 1777 σφόδρα
1460 1686 1858 1780 θστερῤὦνίκαὶ

1980 1709 2071 1749 non
2129 1693 2466 1751 fundamenti
2510 1694 2783 1760 meminit,
2824 1695 2919 1752 sed
2950 1695 3225 1762 anchorae,
3272 1710 3338 1753 eo
3395 1699 3540 1768 quod

267 1797 585 1869 φιλοσόφων
638 1799 848 1854 τίθεται
892 1813 908 1830 ο
962 1800 995 1871 ή
1035 1799 1091 1853 δὲ
1144 1798 1360 1870 ἄγκυρα
1394 1800 1487 1854 ἐπὶ
1527 1801 1637 1856 τῶν
1690 1800 1860 1873 ζάλην

265 1884 528 1955 ἑχόντων,
563 1881 666 1941 οἷοι
698 1881 838 1960 ἦσαν
879 1880 1027 1942 οὗτοι
1081 1889 1193 1952 τοῖς
1248 1890 1574 1961 πετρασμοῑς
1611 1892 1861 1945 κλυδωνι-

226 1966 511 2049 ’ζόμενομ

347 2167 461 2221 Kal
487 2167 923 2239 εἰσερχομένην
945 2172 1033 2239 εις
1055 2172 1121 2227 τὸ
1145 2173 1447 2244 ἐσώτερον
1466 2176 1572 2233 τοῦ
1603 2191 1864 2233 «araxe-

270 2251 599 2323 τάσματος.
645 2252 824 2311 Εἶπεν
875 2258 1133 2330 ἀνωτέρω
1174 2260 1257 2315 ὅτι
1291 2262 1673 2336 Ἀναμείνατε·
1705 2266 1865 2336 γενή-

273 2363 429 2402 σεται
457 2348 566 2431 γαρ
595 2348 669 2403 τὰ
699 2349 1053 2423 ἐλπιζόμενα·
1086 2353 1182 2408 νῦν
1209 2354 1542 2426 τελεώτερον
1585 2356 1863 2429 πληροφο-

274 2438 406 2509 ρῶν,
440 2439 611 2510 λέγει,
649 2442 735 2496 ὅτι
780 2443 877 2498 καὶ⁸
935 2444 1036 2516 ἥδη
1086 2445 1287 2518 ἔχομεν
1339 2447 1483 2502 αὐτὰ
1539 2448 1604 2519 τῇ
1663 2448 1858 2503 ἐλπίδι.

269 2530 425 2604 Αὕτη
459 2533 573 2605 γὰρ
605 2534 926 2591 εἰσελθοῦσα
980 2536 1131 2593 ἔνδον
1181 2539 1276 2594 τοῦ
1317 2539 1569 2613 οὐρανοῦ,
1608 2540 1866 2612 ἐποίησεν

270 2625 420 2694 ἡμᾶς
454 2625 556 2697 ήδη
590 2620 732 2681 εῖναι
757 2626 816 2682 ὲν
843 2632 957 2694 τοῖς
982 2630 1436 2704 ὲπαγγελμένοις,
1466 2632 1570 2687 κᾶν
1603 2632 1683 2686 ἔτι
1717 2634 1867 2689 κάτω

270 2708 450 2785 ὦμεν,
488 2716 596 2772 κᾶν
646 2718 813 2790 μήπω
830 2720 877 2754 ³⁷
912 2721 1203 2795 ἐλάϐομεν.
1262 2724 1546 2795 Τοσαύτην
1592 2723 1706 2796 ἔχει
1757 2724 1859 2798 τὴν

272 2809 441 2878 ίσχῦν
465 2810 502 2880 ἡ
521 2809 696 2877 ἐλπὶς,
719 2810 860 2868 ὥστε
882 2814 1006 2881 τοὺς
1039 2817 1317 2887 ἐπιγείους
1346 2817 1633 2889 οὐρανίους
1666 2820 1864 2873 ποιεῖν.

272 2898 502 2972 Ὠσπερ
551 2901 608 2956 δὲ
651 2905 711 2960 ιν
741 2908 828 2978 τῇ
867 2907 1085 2981 Παλαιᾷ
1132 2908 1194 2962 τὸ
1230 2908 1633 2980 καταπέτασμα
1661 2909 1868 2981 διεῖργε

274 2993 338 3096 το
377 2994 543 3096 ἅγιον
569 2997 679 3051 ἀπὸ
703 2997 805 3070 τῆς
836 3000 1033 3073 λοιπῆς
1063 3002 1272 3073 σκηνῆς
1296 3018 1313 3035 ο
1349 3000 1493 3056 οὕτω
1527 3004 1624 3057 καὶ
1653 3005 1868 3075 όούρα-
1894 3055 1936 3096 η

276 3086 367 3150 νὸς
410 3088 549 3159 ἡμῖν
585 3091 1013 3163 καταπέτασμα,
1044 3093 1301 3166 διείργων
1323 3096 1394 3151 τὰ
1434 3095 1585 3155 κάτω
1612 3097 1725 3151 ἀπὸ
1757 3097 1868 3151 τῶν
1894 3086 1938 3111 ’⁴

276 3176 572 3251 θειοτέρων
599 3182 694 3238 καὶ
736 3184 1172 3257 ὑπερουρανίων.
1669 3192 1688 3211 ⁸

350 3269 542 3326 Ὅπου
572 3274 910 3344 πρόδρομος
935 3276 1088 3347 ὑπὲρ
1105 3274 1278 3348 ἡμῶν
1292 3276 1583 3349 εἰσῆλθεν
1616 3282 1867 3351 Ἰησοῦς.

279 3363 474 3418 εἰπὼν
515 3366 598 3421 ὅτι
645 3368 679 3440 ἠ
733 3367 890 3433 ἐλπὶς
919 3369 1079 3441 ἡμῶν
1114 3373 1195 3436 είς
1230 3372 1323 3426 τὸν
1360 3372 1591 3444 οὐρανὸν
1625 3375 1871 3445 είσέρχε-

277 3471 395 3520 ται,
432 3455 646 3528 βεσαιοί
690 3456 754 3513 τδ
806 3459 994 3532 ῥηθὲν,
1045 3460 1135 3516 διὰ
1182 3462 1295 3517 τῶν
1320 3463 1662 3536 πραγμάτων
1694 3463 1873 3519 αὐτῶν

277 3549 442 3604 τοῦτο
474 3551 859 3623 πιστούμενος.
890 3554 1000 3610 Καὶ
1029 3553 1137 3626 γὰρ
1185 3556 1213 3609 ό
1249 3555 1485 3627 Χριστὸς
1523 3556 1732 3620 ἐκεῖνος
1762 3558 1874 3610 sia-

281 3643 428 3715 ῆλθε
454 3660 467 3674 ·
526 3646 622 3699 καὶ
665 3645 766 3717 οὐχ
825 3646 1013 3713 ἁπλῶς
1057 3646 1331 3718 εἰσῆλθεν,
1375 3648 1512 3702 ἀλλὰ
1565 3647 1872 3720 πρόδρομος

280 3736 524 3806 εἰσῆλθε,
576 3738 881 3805 τουτέστιν,
928 3738 1004 3803 ὡς
1053 3736 1149 3792 καὶ
1181 3737 1355 3809 ,ἡμῶν
1392 3734 1720 3809 ὀφειλόντων
1763 3742 1876 3792 εἱσι-

280 3825 561 3882 ελθεῖν.⁹0
582 3830 695 3900 γὰρ
708 3828 1035 3900 πρόδρομος,
1062 3828 1228 3884 τινῶν
1258 3830 1407 3884 ἐστιν
1438 3829 1874 3885 ἀκολουθούντων

282 3920 595 3991 πρόδρομος
615 3961 630 3985 ,
660 3922 755 3976 καὶ
781 3921 904 3976 οὐδὲ
943 3924 1084 3978 πάνυ
1120 3922 1258 3979 πολὺ
1286 3923 1348 3977 τὸ
1397 3925 1563 3995 μέσον
1608 3922 1706 3978 τοῦ
1739 3941 1876 3996 προ-

278 4009 488 4083 δρόμου
548 4013 647 4066 καὶ
699 4013 810 4068 τῶν
865 4014 1172 4085 ἑπομένων,
1211 4013 1402 4087 ὥσπερ
1451 4015 1576 4070 οὐδὲ
1626 4015 1875 4071 Ἰωάννου

282 4103 381 4153 καὶ
441 4101 716 4171 Χριστοῦ.
778 4102 873 4174 Μὴ
927 4106 1108 4160 τοίνυν
1167 4105 1499 4176 ἀσχάλλετε·
1549 4106 1673 4160 ὅσον
1724 4107 1878 4162 οὔπω

281 4192 710 4264 είσελευσόμεθα
737 4194 871 4249 ὅπου
898 4195 928 4248 6
963 4195 1267 4267 πρόδρομος
1299 4196 1474 4268 ἡμῶν.
1527 4198 1643 4253 Οὐκ
1698 4199 1877 4270 ὴρκή-

283 4284 391 4355 σθτι
426 4284 485 4337 δὲ
519 4282 691 4339 εἰπὼν
713 4326 728 4350 ,
764 4286 1103 4357 πρόδρομος
1121 4327 1137 4353 ,
1165 4287 1299 4342 ἀλλὰ
1329 4288 1637 4361 προσέθηκε
1673 4292 1768 4345 καὶ
1793 4292 1875 4356 τὸ,

1961 1786 2378 1843 fundamentum
2414 1786 2471 1842 in
2499 1786 2657 1843 valde
2686 1787 2880 1844 solidis
2911 1803 2976 1845 ac
3010 1789 3352 1861 sapientibus
3385 1792 3545 1861 poni-

1963 1887 2053 1934 tur
2080 1897 2094 1933 :
2139 1880 2383 1936 anchora
2422 1894 2554 1938 vero
2587 1880 2641 1936 in
2674 1880 2743 1939 iis
2774 1895 2897 1953 quae
2928 1890 3255 1953 tempestate
3280 1885 3542 1955 quatiun-

1965 1983 2077 2040 tur,
2110 1976 2301 2044 quales
2326 1973 2671 2031 fuernnhisti
2704 1976 2798 2048 qui
2831 1976 3228 2033 tentationibus
3259 1978 3544 2050 agitaban-

1965 2080 2055 2126 tur
2087 2081 2140 2124 et
2169 2068 2530 2127 fluctuabant.

2036 2159 2109 2214 Et
2136 2162 2456 2217 incedentem
2477 2179 2640 2234 usque
2659 2162 2729 2217 ad
2754 2164 3011 2218 interiora
3034 2164 3332 2219 velaminis.
3357 2161 3414 2219 In
3450 2179 3548 2218 su-

1966 2254 2280 2324 perioribus
2333 2255 2493 2321 dixit,
2530 2253 2882 2325 Exspectate:
2931 2256 3185 2314 evenient
3227 2256 3373 2311 enim
3428 2272 3549 2326 qua:

1968 2357 2283 2417 sperantur.
2319 2344 2441 2402 Jam
2472 2347 2770 2419 perfectius
2799 2357 2982 2405 certos
3014 2347 3249 2413 faciens,
3284 2346 3362 2402 ait
3399 2348 3547 2419 quod

1969 2437 2270 2493 etiamnum
2306 2453 2371 2494 ea
2406 2439 2671 2495 habemus
2738 2439 2795 2495 in
2843 2454 2967 2510 spe.
3028 2439 3137 2495 lsta
3185 2452 3421 2511 namque
3466 2439 3551 2493 in-

1969 2545 2154 2599 gressa
2204 2530 2261 2585 in
2294 2531 2494 2587 caelum
2537 2531 2667 2587 fecit
2696 2531 2808 2603 jam
2852 2546 2954 2588 nos
3000 2546 3126 2589 esse
3172 2531 3227 2586 in
3259 2531 3550 2602 promissis

1972 2622 2156 2686 bonis,
2192 2623 2409 2679 etiamsi
2446 2622 2627 2679 adhuc
2663 2623 2803 2678 infra
2834 2626 2887 2678 in
2921 2626 3087 2681 terris
3111 2624 3307 2690 simus,
3333 2627 3550 2682 etiamsi

1970 2717 2213 2774 nondum
2262 2719 2658 2789 acceperimus.
2706 2717 2843 2788 Spes
2879 2728 3061 2776 tantas
3090 2718 3234 2774 vires
3276 2719 3456 2787 habet,
3494 2727 3553 2774 ut

1973 2819 2270 2868 terrestres
2299 2811 2555 2867 caelestes
2584 2810 2773 2865 faciat.
2800 2810 3272 2877 Quemadmodum
3315 2828 3442 2868 vero
3496 2815 3553 2867 in

1972 2904 2152 2959 Veteri
2175 2902 2528 2960 Testamento
2544 2905 2793 2958 velamen
2818 2903 3085 2975 disjenxit
3114 2903 3378 2959 Sanctum
3409 2919 3440 2958 a
3464 2919 3553 2961 re-

1975 2999 2125 3069 liquo
2161 2996 2547 3052 tabernaculo:
2583 2997 2657 3050 ita
2697 2997 2896 3052 cmlum
2951 2999 3110 3054 nobis
3162 2999 3411 3054 velamen
3446 3009 3554 3067 est,

1975 3090 2295 3162 disiungens
2326 3088 2587 3146 inferiora
2615 3104 2645 3143 a
2679 3089 3047 3149 divinioribus
3073 3102 3126 3148 et
3147 3093 3557 3162 supercoelesti-

1975 3184 2097 3239 bus.

2052 3274 2214 3333 Vens.
2237 3276 2328 3332 20.
2366 3274 2468 3331 Ubi
2492 3293 2795 3347 praecurror
2822 3292 2918 3348 pro
2955 3276 3103 3332 nobis
3134 3277 3342 3332 introiit
3372 3275 3554 3331 Iesus.

1974 3368 2112 3424 Cum
2148 3384 2297 3440 spem
2340 3379 2585 3427 nostram
2615 3371 2787 3428 ccelos
2816 3370 3116 3441 ingressam
3167 3369 3388 3436 dixerit,
3420 3385 3557 3425 con-

1977 3461 2157 3517 firmat
2191 3462 2337 3533 quod
2377 3463 2589 3519 dictum
2628 3469 2733 3531 est,
2773 3478 2871 3534 per
2905 3478 2995 3519 res
3038 3463 3188 3534 ipsas
3222 3463 3330 3519 hoc
3385 3463 3558 3520 stabi-

1978 3553 2137 3610 liens.
2176 3553 2388 3609 Etenim
2414 3554 2668 3612 Christus
2718 3555 2811 3612 ille
2866 3556 3148 3628 ingressus
3199 3566 3320 3614 est:
3353 3566 3407 3613 et
3449 3571 3557 3613 non

1978 3645 2303 3715 simpliciter
2329 3646 2615 3716 ingressus
2657 3654 2768 3715 est,
2793 3647 2889 3702 sed
2924 3662 3233 3717 praecursor
3272 3650 3559 3719 ingressus

1978 3746 2084 3806 est,
2133 3738 2237 3795 hoc
2291 3748 2377 3794 est
2422 3749 2683 3817 tauquam
2715 3748 2771 3822 et
2803 3756 2906 3797 nos
2940 3742 3196 3799 videlicet
3256 3744 3560 3799 debeamus

1978 3828 2213 3901 ingredi.
2254 3829 2566 3887 Praecursor
2601 3833 2747 3887 enim
2812 3834 3176 3903 quorumdam
3210 3837 3556 3904 sequentium

1979 3930 2065 3976 est
2095 3935 2425 3991 praacursor,
2460 3937 2561 3977 nec
2584 3921 2744 3979 valde
2792 3923 3023 3978 multum
3056 3932 3138 3978 est
3167 3923 3440 3979 intervalli
3476 3924 3561 3979 in-

1980 4020 2065 4067 ter
2099 4028 2497 4083 praecursorem
2528 4030 2593 4072 ac
2622 4023 2935 4086 sequentes,
2965 4014 3427 4086 quemadmodum
3459 4030 3559 4071 ne-

1980 4116 2088 4170 que
2126 4102 2270 4159 inter
2303 4102 2568 4160 Joannem
2613 4113 2668 4162 et
2709 4105 3015 4161 Christum.
3062 4103 3142 4160 Ne
3187 4104 3358 4175 igitur
3416 4121 3561 4177 aegre

1981 4192 2211 4249 feratis:
2257 4211 2383 4249 mox
2426 4194 2725 4265 ingressuri
2779 4210 2971 4251 sumus
3005 4196 3060 4250 in
3099 4211 3221 4251 eum
3267 4195 3470 4261 locum,
3503 4196 3561 4250 in

1983 4301 2091 4357 quo
2135 4302 2442 4358 praecursor
2468 4299 2656 4344 noster
2702 4296 2805 4344 est.
2850 4287 2962 4343 Nec
3015 4296 3311 4344 contentus
3344 4289 3446 4342 fuit
3478 4291 3563 4343 di-

280 4376 443 4447 ὐπὲρ
476 4378 667 4447 ἡμῶν,
716 4382 793 4444 είς
816 4380 1002 4449 ςπλείω
1040 4382 1326 4449 πίστωσιν,
1358 4384 1561 4437 ὡσανεὶ
1597 4383 1755 4438 τοῦτο
1788 4384 1870 4438 λέ-

1983 4394 2128 4443 cere,
2158 4395 2495 4450 praeurwr:
2527 4382 2619 4436 sed
2655 4381 2933 4453 apposuit,
2964 4397 3058 4452 pro
3103 4380 3274 4444 nobis,
3327 4381 3395 4434 ad
3444 4396 3563 4434 ma-

282 4488 399 4539 γων
424 4486 441 4501 ·
471 4471 587 4524 Οὐκ
618 4471 783 4536 αὐτὸς
830 4472 1002 4526 ἐδεῖτο
1038 4473 1133 4527 τοῦ
1167 4474 1343 4527 ἐκεῖσε
1372 4474 1543 4528 ἐλθεῖν
1567 4491 1582 4507 ·
1621 4473 1738 4539 πῶς
1765 4475 1870 4546 γὰρ

1982 4472 2157 4541 jorem
2208 4470 2718 4532 continuationem:
2771 4472 2997 4542 perinde
3031 4472 3188 4542 quasi
3229 4473 3333 4526 hoc
3375 4469 3558 4527 dicat:

284 4561 421 4624 Θεὸς
452 4558 569 4627 div;
606 4560 721 4614 ἀλλ’
745 4560 934 4632 ὥσπερ
972 4562 1154 4632 σάρκα
1183 4563 1250 4616 δι’
1284 4563 1429 4634 ἡμᾶς
1473 4562 1683 4628 ἔλαϐεν,
1733 4561 1870 4616 οὕτω

1985 4561 2109 4633 ipse
2137 4577 2247 4617 non
2278 4562 2515 4617 habebat
2542 4578 2680 4632 opus
2711 4578 2777 4619 eo
2807 4564 3016 4634 ingredi
3042 4585 3054 4618 :
3088 4564 3362 4636 quomodo
3390 4564 3564 4628 enim,

287 4651 386 4705 καὶ
419 4650 488 4705 δι’
523 4652 676 4721 ἡμᾶς
729 4650 981 4722 εἰσῆλθεν
1026 4651 1294 4723 ἐσώτερον
1342 4652 1436 4705 τοῦ
1486 4651 1740 4724 οὐρανοῦ,
1787 4652 1876 4706 ἴνα

288 4746 427 4815 ἡμῖν
479 4743 670 4817 ἀνοίξῃ
695 4743 795 4816 τὴν
827 4744 968 4799 ὀδόν.
1004 4743 1168 4798 ’Ὥστε
1222 4743 1537 4813 ἀναγκαίως
1574 4745 1878 4798 εισελευσό-

296 4836 437 4905 pelia
466 4842 563 4890 καὶ
584 4836 764 4894 αὐτοί.
810 4836 882 4889 Ἦ
912 4835 996 4903 τὸ,
1029 4834 1423 4907 ’Υπὲρίήμῶη
1474 4835 1597 4889 ἀντὶ
1630 4833 1753 4900 τοῦ,
1792 4835 1881 4889 ἵνα

296 4929 609 5000 ἐντυγχάνῃ
643 4929 784 5001 ὑπὲρ
834 4928 995 5000 ὴμῶν
1043 4927 1123 4999 τῷ
1156 4928 1353 5000 Πατρὶ,
1383 4926 1458 4990 ὡς
1520 4927 1613 4980 καὶ
1636 4928 1664 4979 6
1694 4928 1884 4996 ἀρχιε-

300 5023 424 5093 ρεὺς
456 5022 632 5093 είσῄει
667 5022 747 5086 είς
769 5022 829 5074 τὸ
877 5022 1066 5089 ’Λγιον
1101 5019 1251 5088 ἅπαξ
1277 5019 1372 5075 τοῦ
1408 5019 1676 5085 ἐνιαυτοῦ,
1702 5019 1883 5085 ἐξιλα-

298 5115 567 5186 σκόμενος
593 5113 747 5185 ὑπὲρ
766 5112 860 5167 τοῦ
891 5113 1046 5169 λαοῦ.

1382 5220 1413 5234 υ

362 5328 519 5386 Κατὰ
551 5327 668 5395 τὴν
697 5324 872 5391 τάξιν
895 5324 1289 5394 Μελχισεδὲκ,
1336 5321 1671 5393 Ἀρχιερεὺς
1701 5321 1872 5391 γενό-

284 5440 469 5492 μενος
502 5424 593 5489 εἰς
650 5421 760 5474 τὸν
794 5416 1002 5473 αίῶνα.
1041 5418 1152 5473 Καὶ
1186 5416 1349 5470 τοῦτο
1407 5414 1639 5487 μεγίστη
1690 5413 1873 5483 παρά-

1989 4673 2115 4713 cum
2174 4658 2318 4712 Deus
2356 4657 2542 4713 esset?
2600 4657 2817 4714 Atenim
2880 4660 3026 4715 sicut
3067 4674 3289 4715 carnem
3343 4669 3565 4729 pr0pter

1988 4766 2092 4806 nos
2126 4749 2447 4820 assumpsit,
2488 4749 2571 4805 sic
2596 4759 2649 4805 et
2698 4761 2920 4823 propter
2955 4766 3054 4806 nos
3091 4751 3323 4807 interius
3360 4752 3564 4807 coelum

1987 4843 2178 4910 subiit,
2216 4850 2275 4897 ut
2302 4842 2466 4898 nobis
2495 4842 2826 4912 patefaceret
2859 4845 2983 4898 iter.
3015 4841 3342 4900 Necessario
3380 4845 3567 4915 itaque

1983 4935 2351 5007 ingrediemur
2379 4945 2430 4990 et
2457 4935 2585 5005 ipsi.
2619 4932 2737 4999 Vel,
2768 4950 2862 5004 pro
2894 4935 3061 4997 nobis.
3113 4948 3197 4990 est
3236 4950 3356 5006 pro,
3394 4942 3453 4989 ut
3480 4937 3567 4989 in-

1983 5026 2228 5083 tercedat
2267 5042 2367 5097 pro
2423 5027 2584 5082 nobis
2625 5026 2694 5082 ad
2738 5025 2978 5092 Patrem,
3024 5027 3468 5098 quandoquidem
3513 5035 3569 5078 et

1983 5117 2225 5190 pontifex
2266 5120 2675 5192 ingrediebatur
2719 5118 2772 5174 in
2804 5102 3076 5176 Sanctum.
3108 5121 3279 5176 semel
3318 5118 3373 5173 in
3422 5129 3568 5171 anno
3627 5193 3635 5204 .

1989 5222 2046 5268 ut
2069 5230 2168 5285 pro
2206 5215 2408 5285 populo
2434 5215 2829 5286 interpellaret.

2055 5308 2355 5366 Secundum
2376 5307 2611 5364 ordinem
2643 5306 3007 5386 Melcltisedec,
3034 5302 3286 5371 Pontifex
3307 5301 3489 5371 fartus
3511 5299 3565 5352 in

1982 5418 2261 5464 (uernum.
2298 5403 2425 5460 Haec
2460 5402 2697 5457 maxima
2727 5400 2888 5473 691
2920 5401 3082 5455 etiam
3114 5396 3275 5452 nobis
3296 5402 3383 5452 est
3425 5407 3562 5449 con-

1664 5590 1867 5656 Variae
1904 5588 2234 5656 lectiones.

398 5704 443 5740 ’⁷
470 5704 551 5759 ἔτι
591 5703 668 5775 μή
692 5716 747 5756 0.

626 5790 1333 5880 rmoL.t;n._cxxv.
