4014 6208
390 171 494 233 237

1324 154 1909 220 THEOPHYLACTl
1950 153 2045 211 BU
2059 152 2204 210 LGA
2215 150 2366 209 [ΠΕ
2409 149 2612 207 ARCH
2627 148 2697 207 ιιΕ
2709 149 2767 209 Ρ.

3553 141 3663 206 ‘263

393 280 612 340 Solatia,
657 276 927 347 siquidem
978 271 1231 328 Pontifex
1269 278 1455 326 noster
1478 278 1563 324 est
1602 269 1655 321 in
1697 266 1976 337 supernis,

2093 261 2300 333 κλησις,
2328 262 2443 330 εἴγε
2481 261 2593 314 ἄνω
2620 262 2649 314 6
2691 258 3013 330 Ἀρχιερεὶις
3044 255 3223 328 ἡμῶν,
3257 256 3352 310 καὶ
3384 253 3518 308 πολὺ
3551 256 3671 324 βελο

393 388 457 427 ac
483 370 653 425 multo
694 367 1041 439 przestantior
1092 366 1159 419 iis
1219 365 1315 433 qui
1359 374 1489 416 sunt
1539 359 1683 431 apud
1731 357 1971 415 Judwos.

390 465 575 519 Primo
625 462 929 518 secundum
962 458 1219 514 modum:
1260 472 1366 509 non
1400 455 1543 511 enim
1583 454 1741 524 juxta
1773 467 1966 508 eorum

393 558 662 618 ordinem,
719 555 811 608 sed
886 551 1190 607 secundum
1248 549 1501 604 ordinem
1589 545 1975 601 Melehisedec.

395 649 599 705 Deinde
645 648 765 702 loco
799 655 856 700 et
892 644 1280 699 tabernaculo:
1313 655 1480 712 supra
1528 639 1677 694 enim
1711 638 1767 693 in
1822 638 1979 693 caelis

394 753 510 808 est;
549 751 758 812 postea,
804 737 1197 793 Testamento:
1259 735 1324 789 de
1375 732 1701 789 melioribus
1744 730 1892 787 enim
1928 738 1980 785 et

394 831 791 904 perlectoribus
825 829 1019 896 bonis;
1070 828 1198 882 item
1231 826 1559 881 duratione:
1610 825 1981 895 sempiternus

392 926 562 990 enim,
592 930 645 978 et
673 937 784 977 non
826 919 1218 990 tetnporarius.
1248 915 1557 980 Postremo,
1588 928 1858 986 persona:
1892 912 1982 967 Fi-

397 1015 501 1068 lius
543 1011 691 1067 enim
736 1009 827 1065 Dei
865 1017 971 1064 est.
1007 1006 1246 1065 Proinde
1293 1020 1361 1062 ne
1411 1004 1721 1075 langueatis
1770 1004 1977 1057 animo.

394 1106 522 1161 llaec
548 1114 730 1159 autem
764 1101 949 1157 omnia
984 1110 1208 1172 propter
1232 1114 1453 1155 carnem
1487 1098 1630 1153 dicta
1685 1106 1814 1152 sunt
1842 1114 1855 1150 :
1891 1111 1981 1153 se-

396 1197 637 1254 cundum
671 1196 817 1250 hanc
847 1195 991 1250 enim
1029 1192 1206 1247 factus
1235 1200 1319 1247 est
1352 1188 1669 1259 Pontifex;

989 1282 1222 1341 CAPUT
1268 1281 1380 1337 Vll.

465 1383 634 1440 Vsus.
673 1380 795 1435 1-5.
830 1376 933 1432 Hic
959 1380 1099 1432 enim
1128 1376 1497 1438 Melctiisedec,
1528 1389 1621 1427 rex
1658 1372 1860 1441 Salem,
1891 1389 1984 1427 sa-

398 1476 579 1530 cerdos
614 1472 710 1529 Dei
733 1470 953 1535 summi,
984 1470 1073 1538 qui
1125 1467 1353 1522 obviavit
1405 1466 1635 1522 Abraha:
1681 1482 1913 1536 regresso
1950 1482 1983 1520 α

397 1569 539 1623 crede
579 1580 782 1637 regunt,
805 1572 854 1617 et
889 1562 1154 1616 benedixit
1181 1561 1248 1614 ei.
1279 1559 1380 1615 Cui
1412 1568 1463 1613 et
1487 1557 1720 1613 decimas
1749 1559 1981 1613 omnium

398 1661 579 1715 divisit
632 1658 925 1711 Abraham.
977 1653 1194 1724 Scopas
1237 1661 1323 1709 est
1383 1654 1654 1723 apostolo,
1700 1667 1985 1708 common-

401 1769 581 1808 sarare
645 1751 943 1807 discrimen
996 1746 1208 1803 Veteris
1270 1755 1323 1802 et
1373 1745 1508 1802 Novi
1581 1744 1918 1803 Testamenti
1970 1764 1984 1801 :

402 1857 564 1919 atque
602 1847 703 1901 hoc
737 1843 920 1899 statim
972 1843 1028 1896 in
1062 1840 1290 1898 exordio
1348 1839 1632 1905 indicavit,
1681 1854 1806 1895 eum
1842 1840 1989 1894 dice-

402 1951 507 2006 ret,
557 1938 809 1993 Patribus
854 1935 1064 2010 quidem
1101 1936 1307 1989 locum:
1353 1944 1428 1989 est
1464 1933 1604 1989 Deus
1647 1949 1739 2000 per
1790 1949 1984 1997 servos,

403 2035 725 2103 prophetas:
763 2029 915 2085 nobis
946 2038 1143 2093 autent,
1171 2027 1268 2097 qui
1297 2041 1491 2083 sumus
1525 2027 1579 2081 in
1606 2024 1757 2081 Novo
1795 2024 1989 2081 Testa-

406 2130 613 2189 mento,
661 2120 867 2174 locutus
918 2127 995 2173 est
1028 2133 1118 2187 per
1160 2115 1384 2171 Filium.
1421 2114 1559 2183 Quia
1611 2130 1744 2172 vero
1789 2115 1989 2169 infirmi

405 2222 564 2268 erant
600 2212 905 2278 auditores,
930 2211 1135 2281 quippe
1163 2210 1257 2279 qui
1290 2208 1553 2279 languido
1582 2216 1774 2263 essent
1803 2207 1990 2260 animo

406 2304 463 2356 in
505 2301 926 2365 tentationibus,
957 2300 1178 2353 illorum
1212 2294 1731 2369 pusillanimitatem
1766 2296 1988 2349 interim

406 2392 752 2459 rel‘ocillavit,
805 2399 859 2448 et
891 2390 1185 2460 deinceps,
1243 2404 1367 2445 cum
1434 2389 1653 2444 abunde
1706 2402 1802 2444 eos
1845 2385 1990 2443 refe-

408 2486 596 2551 cisset,
630 2500 823 2540 rursus
848 2483 917 2539 de
948 2482 1272 2539 excellentia
1323 2480 1459 2537 Novi
1495 2479 1852 2547 TeStamenti,
1886 2493 1992 2549 qua

408 2576 577 2631 Vetus
600 2582 915 2646 exsuperat,
944 2572 1154 2630 inducit
1186 2571 1837 2629 sermonem-Considera
1864 2586 1994 2627 vero

407 2666 530 2735 ejus
580 2666 926 2736 sapientiam.
967 2663 1223 2721 Ostendit
1276 2662 1662 2729 Melchisedec,
1720 2664 1814 2734 qui
1875 2671 1993 2718 erat

406 2764 572 2827 typus
622 2753 869 2825 Christi;
918 2754 1370 2810 excellentiorem
1425 2754 1740 2810 Abrahamo
1796 2752 1989 2808 fuisse.

406 2844 522 2902 Nisi
553 2847 702 2902 enim
727 2846 925 2902 fuisset
950 2845 1320 2916 praestantior,
1358 2861 1469 2902 non
1505 2845 1881 2902 benedixisset
1918 2844 1990 2910 ei,

2079 351 2210 403 τίων
2239 351 2350 405 τῶν
2384 352 2534 421 παρὰ
2572 349 2868 410 Ἰουδαίοις.
2918 348 3028 401 Καὶ
3081 346 3158 417 τῷ
3192 346 3381 417 τρόπῳ
3402 362 3414 376 °
3448 345 3509 400 οὐ
3562 348 3670 418 γὰρ

2082 443 2224 496 κατὰ
2253 441 2351 513 τὴν
2382 442 2536 506 τάξιν
2589 441 2840 504 ἐκείνων,
2875 438 3012 493 ἀλλὰ
3041 439 3187 493 κατᾶ
3219 439 3318 509 τὴν
3342 438 3496 504 τάξιν
3523 439 3670 493 Μελ-

2080 534 2320 605 χισεδέκ.
2361 533 2469 588 Kal
2491 533 2572 586 τῶ
2601 532 2753 603 τόπῳ
2804 530 2899 584 καὶ
2944 531 3010 601 τῇ
3046 530 3253 600 σκηνῇ·
3291 528 3404 583 ἄνω
3434 526 3543 599 γὰρ
3576 528 3670 582 καὶ

2081 630 2140 682 ὲν
2164 627 2243 700 τῷ
2274 625 2511 699 οὐρανῷ.
2546 626 2658 680 Καὶ
2702 627 2768 696 τῇ
2824 623 3071 695 Διαθήκῃ
3101 639 3114 653 ’
3153 621 3248 675 ἐπὶ
3291 622 3400 693 γὰρ
3456 620 3669 692 μείζοσι

2082 724 2177 775 καὶ
2215 719 2599 790 τελειοτέροις,
2634 712 2731 772 καὶ⁸
2777 716 2856 788 τῷ
2890 714 3107 787 μονίμῳ
3129 731 3143 745 ο
3175 711 3393 776 αἰώνιος
3423 714 3554 783 γὰρ,
3577 712 3673 766 καὶ

2081 814 2140 865 οὐ
2177 814 2515 884 πρόσκαιρος
2540 830 2555 845 ο
2597 814 2693 866 καὶ
2733 811 2811 881 τῷ
2845 809 3128 882 προσώπῳ
3157 823 3171 838 ·
3199 807 3326 871 Υἱὸς
3362 806 3472 877 γὰρ
3509 804 3671 861 Θεοῦ.

2089 904 2248 958 Ὥστε
2281 906 2356 976 μὴ
2386 904 2672 975 ἀθυμεῖτε.
2710 903 2897 957 Ταῦτα
2924 902 2982 955 δὲ
3032 901 3214 956 πάντα
3239 900 3329 953 διὰ
3365 898 3466 971 τὴν
3489 899 3673 971 σάρκα

2090 994 2310 1066 εἴρηται
2338 1011 2351 1027 ·
2382 994 2524 1049 κατὰ
2552 994 2662 1067 γὰρ
2695 992 2905 1065 ταύτην
2936 991 3152 1062 ἐγένετο
3167 991 3212 1023 ’⁸
3258 988 3598 1063 ’Δρχιερεύ;.

2167 1139 2216 1150 Ἂ

2699 1271 2950 1327 ΚΕΦΑΔ.
2977 1273 3052 1326 Z'.

2159 1361 2351 1433 Οὗτος
2394 1363 2505 1433 γὰρ
2565 1366 2597 1419 ὀ
2651 1361 3029 1433 Μελχισεδὲκ
3064 1363 3369 1431 ,βασιλεὺς
3437 1364 3671 1436 Σαλήμ,

2088 1459 2280 1528 ἱερεὺς
2317 1458 2423 1514 τοῦ
2472 1457 2620 1513 Θεοῦ
2677 1456 2785 1512 τοῦ
2825 1457 3118 1525 ὑψίστου,
3183 1459 3217 1512 ό
3274 1460 3673 1528 συναντήσας

2101 1552 2347 1620 Ἀϐραὰμ
2375 1549 2824 1620 ὑποστρέφοντι
2853 1549 2973 1603 ἀπὸ
2990 1546 3099 1615 τῆς
3125 1548 3323 1619 κοπῆς
3342 1550 3458 1604 τῶν
3491 1553 3676 1617 βασι-

2087 1641 2264 1707 λέων,
2296 1640 2396 1695 καὶ
2438 1643 2794 1710 εὐλογήσας
2819 1639 3040 1695 αὐτόν’
3074 1629 3122 1707 ᾧ
3147 1641 3244 1695 καὶ
3278 1640 3542 1709 δεκάτην
3556 1643 3675 1713 dm)

2089 1734 2333 1788 πάντων
2365 1734 2652 1804 ἐμέρισεν
2685 1734 2967 1804 Ἀϐραάμ.
3011 1735 3221 1799 Σκότιος
3254 1734 3332 1806 τῷ
3390 1737 3676 1807 ἀποστόλῳ

2089 1827 2262 1891 δεῖξαι
2287 1826 2348 1878 τδ
2379 1826 2636 1900 διάφορον
2664 1828 2762 1896 τῆς
2792 1826 3035 1890 “alata;
3060 1827 3156 1882 καὶ
3187 1827 3286 1899 τῆς
3314 1828 3520 1900 Καινῆς
3543 1843 3556 1854 ·
3579 1832 3676 1884 καὶ

2088 1920 2249 1972 τοῦτο
2276 1918 2438 1981 εὐθὺς
2463 1918 2559 1988 μὲν
2590 1918 2700 1971 καὶ
2720 1921 2779 1972 ὲν
2822 1919 3132 1989 προοιμίοις
3164 1920 3210 1952 ⁹⁹
3246 1919 3447 1987 ἔδειξεν
3479 1922 3675 1985 εἰπὼν,

2089 2013 2172 2065 ὅτι
2210 2010 2336 2076 Τοῖς
2360 2011 2478 2079 μὲν
2510 2009 2699 2064 πάλαι
2743 2011 3013 2080 ὡμίλησε
3061 2010 3161 2066 διὰ
3199 2010 3319 2066 τῶν
3362 2012 3601 2067 δούλων
3644 2018 3679 2068 ὁ

2073 2103 2253 2168 ,θεύς,
2281 2100 2402 2155 τῶν
2458 2101 2810 2171 προφητῶν*
2844 2102 2990 2171 ἡμῖν
3018 2102 3088 2155 δὲ
3127 2105 3242 2165 τοῖς
3289 2106 3346 2158 ὲν
3378 2107 3444 2175 τῇ
3476 2107 3673 2174 Καινῇ,

2091 2194 2266 2260 ἐντῷ
2313 2192 2444 2260 Υὶῷ.
2502 2194 2656 2247 Ἐπεὶ
2700 2194 2756 2248 δὲ
2807 2194 3053 2255 ἀσθενεῖς
3081 2189 3222 2263 ἦσαν
3269 2196 3317 2247 οἱ
3364 2195 3675 2257 ἀκούοντες,

2094 2286 2188 2341 ἅτε
2216 2286 2717 2357 ὀλιγοψυχήσαντες
2746 2286 2804 2338 ὲν
2837 2288 2951 2348 τοῖς
2976 2287 3325 2355 πειρασμοῖς,
3343 2287 3685 2356 ἀνεκτήσατο

2093 2379 2278 2434 αὐτῶν
2310 2378 2412 2450 τὴν
2443 2377 2800 2449 ὀλιγοψυχίαν
2847 2380 2905 2431 ἐν
2959 2378 3037 2448 τῷ
3086 2378 3313 2449 μεταξὺ,
3352 2376 3449 2433 καὶ
3494 2378 3681 2433 λοιπὸν

2098 2472 2236 2543 μετὰ
2266 2470 2327 2525 τὸ
2378 2470 2579 2534 ἱκανῶς
2626 2471 2827 2533 αὐτοὺς
2877 2470 3317 2542 ἀνακτήσασθαι,
3376 2470 3539 2529 πάλιν
3586 2471 3682 2526 τὸν

2095 2561 2340 2635 περὶτοῦ
2381 2563 2673 2634 ὑπερέχειν
2699 2564 2799 2633 τὴν
2827 2562 3037 2635 Καινὴν
3064 2563 3163 2634 τῆς
3196 2562 3440 2626 Παλαιᾶς
3467 2563 3679 2632 εἰσάγει

2094 2647 2276 2720 λόγον.
2308 2655 2419 2707 Kal
2449 2654 2552 2724 δρα
2579 2653 2795 2722 σοφίαν.
2822 2655 3076 2708 Δεεκνυσι
3108 2655 3199 2708 τὸν
3231 2654 3686 2725 Μελχισεδὲκ,’ὃς

2094 2745 2264 2810 τύπος
2299 2743 2366 2817 ἧν
2396 2745 2489 2799 τοῦ
2551 2744 2810 2817 Χριστοῦ,
2859 2746 3200 2825 ὑπερέχοντα
3244 2746 3339 2801 τοῦ
3402 2746 3678 2817 Ἁϐραάμ.

2098 2843 2159 2895 Ei
2220 2841 2296 2912 μὴ
2353 2839 2464 2912 γὰρ
2500 2841 2815 2912 ὑπερεῖχεν,
2864 2840 2963 2894 οὐκ
2996 2839 3065 2894 ἂν
3113 2839 3329 2910 εὐλόγει
3370 2838 3551 2908 αὐτὸν,
3588 2840 3683 2893 καὶ

408 2954 510 2995 nec
556 2939 803 2997 decimas
845 2938 914 2994 ab
958 2953 1024 2993 eo
1076 2937 1406 3009 accepisset.
1439 2936 1710 3004 Quoniam
1752 2950 1883 2992 vero
1921 2936 1990 2991 ab

2094 2936 2329 2999 δεκάτας
2387 2933 2485 2988 ἀπ’
2543 2934 2711 2987 αὑτοῦ
2771 2932 3101 3005 ἐλάμϐανεν.
3140 2934 3295 2988 Ἐπεὶ
3351 2933 3409 2988 δὲ
3454 2933 3682 2987 ἀπὸτοῦ

407 3032 718 3087 Ahrahamo
779 3029 1195 3085 deducebantur
1252 3028 1572 3084 sacerdotes
1630 3028 1789 3099 legis,
1852 3028 1990 3083 istos

409 3137 632 3192 quoque
672 3120 1035 3175 Melehisedee
1092 3119 1379 3189 prrecellit,
1412 3126 1691 3189 quatenus
1749 3119 1888 3189 ipsis
1938 3127 1993 3173 et

411 3212 708 3277 benedixit,
736 3225 800 3265 ac
830 3211 1079 3266 decimas
1104 3211 1171 3265 ab
1201 3212 1335 3281 ipsis
1372 3211 1604 3280 accepit,
1650 3211 1994 3281 quandoqui—

411 3307 534 3359 dem
559 3313 611 3358 et
644 3300 979 3373 progenitori
1010 3315 1203 3356 eorum
1242 3301 1602 3366 benedixerit,
1646 3316 1711 3355 ac
1748 3299 1992 3357 decimas

412 3394 730 3466 sumpserit.
753 3390 910 3459 Quod
950 3394 997 3447 si
1029 3390 1202 3462 ﬁgura
1241 3391 1449 3448 Christi
1470 3392 1836 3448 Meleltisedec
1870 3405 1993 3448 tan-

412 3500 530 3544 tum
594 3486 813 3544 excellit
873 3485 1187 3549 sacerdotes
1222 3485 1380 3556 legis,
1423 3494 1632 3557 quanto
1680 3488 1865 3559 petius
1898 3504 1993 3544 ve-

412 3599 508 3637 rus
549 3579 909 3635 Melchisedee
947 3577 1245 3635 Christus?
1288 3578 1416 3634 Haec
1459 3580 1679 3649 quidem
1732 3564 1836 3637 est,
1865 3596 1994 3638 sen-

416 3676 582 3729 tentia
616 3673 783 3728 totius
829 3671 957 3728 loci.
1003 3672 1346 3729 Ahbrevians
1396 3681 1580 3728 autem
1622 3672 1995 3728 narrationem

414 3767 482 3819 de
527 3762 923 3829 Mclchisedec,
971 3762 1249 3818 suhiniert
1294 3763 1841 3834 contemplationem,
1882 3779 1998 3836 my-

414 3855 552 3910 stice
573 3854 1008 3925 etspiritualiter
1036 3854 1323 3911 historiam
1357 3856 1425 3913 ad
1459 3855 1776 3926 allegoriam
1803 3862 1990 3913 trans-

416 3944 620 3998 ferens.

493 4035 731 4089 Primum
793 4035 1003 4105 quidem
1064 4050 1130 4088 ea:
1167 4036 1599 4106 interpretatione
1647 4035 1846 4091 dicitur
1905 4052 2000 4091 rex

2108 3025 2360 3096 Ἀϐραὰμ
2392 3026 2692 3096 κατήγοντο
2718 3026 2769 3078 οἱ
2833 3025 3051 3094 νομικοὶ
3076 3025 3265 3096 ἱερεῖς,
3310 3022 3554 3094 δηλονότι
3583 3023 3685 3077 καὶ

2092 3118 2298 3172 τούτων
2318 3116 2575 3188 ὑπερέχει
2597 3118 2626 3169 6
2676 3116 3038 3186 Μελχισεδὲκ,
3065 3116 3137 3180 ὡς
3169 3115 3267 3169 καὶ
3313 3116 3511 3179 αὐτοὺς
3532 3114 3686 3168 εὐλο-

2096 3199 2209 3269 γῶν
2267 3202 2362 3254 καὶ
2418 3202 2794 3267 ἀποδεκατῶν,
2832 3206 2889 3257 ἐν
2913 3198 2997 3269 οἷς
3024 3203 3114 3257 τὸν
3145 3203 3469 3275 προπάτορα
3502 3202 3684 3257 αὐτῶν

2096 3294 2308 3363 εὐλόγει
2334 3295 2429 3348 καὶ⁵
2456 3295 2736 3350 ἐδεκάτου.
2779 3296 2842 3349 El
2881 3296 2937 3350 δὲ
2969 3297 2998 3349 6
3058 3297 3228 3361 τύπος
3270 3295 3368 3350 τοῦ
3397 3294 3636 3367 Χριστοῦ
3663 3298 3689 3348 6

2097 3385 2435 3456 Μελχισεδὲκ
2459 3387 2716 3441 τοσοῦτον
2754 3387 3004 3460 διαφέρει
3035 3388 3143 3442 τῶν
3189 3387 3432 3458 νομικῶν
3469 3387 3687 3458 ἱερέων,

2100 3478 2255 3546 πόσῳ
2288 3478 2491 3549 μᾶλλον
2521 3480 2549 3532 6
2581 3479 2837 3550 ἀληθινὸς
2866 3479 3201 3551 Μελχισεδὲκ
3230 3481 3258 3533 6
3289 3479 3523 3548 Χριστός
3548 3496 3563 3541 ;
3584 3474 3693 3533 Οὗ-

2095 3586 2190 3633 τος
2230 3570 2331 3640 μὲν
2359 3572 2387 3623 6
2415 3569 2540 3635 νοῦς
2582 3570 2732 3635 ἅπας
2765 3570 2860 3626 τοῦ
2899 3571 3126 3644 χωρίου.
3160 3568 3455 3642 Συντεμὼν
3478 3570 3548 3624 ,δὲ
3580 3570 3693 3622 τῶν

2098 3662 2230 3732 περὶ
2257 3661 2351 3716 τοῦ
2378 3661 2719 3734 Μελχισεδὲκ
2746 3662 3026 3735 διήγησιν,
3045 3663 3301 3734 ἐπιφέρει
3325 3663 3425 3735 τὴν
3453 3661 3693 3731 Θεωρίαν

2103 3755 2381 3824 μυστικῶς
2431 3754 2527 3807 καὶ
2580 3751 2975 3826 πνευματικῶς
3036 3751 3356 3825 ἁλληγορῶν
3398 3752 3498 3823 τὴν
3548 3753 3691 3805 ἱστο-

2104 3847 2251 3917 ρὶανδ

2100 4037 2113 4091 .'
2171 4029 2416 4099 Πρῶτον
2447 4031 2566 4101 μὲν
2617 4031 3092 4102 ἑρμηνευόμενος
3130 4032 3434 4098 βασιλεὺς
3468 4032 3692 4087 δικαιο-

406 4128 656 4199 justitiw.
710 4126 963 4182 Declarat
1011 4127 1112 4182 hoc
1156 4127 1279 4181 loco
1331 4141 1571 4197 quanam
1616 4128 1830 4185 ratione
1869 4128 1990 4184 Mel-

2102 4123 2323 4191 σύνης.
2357 4124 2650 4178 Δείκνυσιν
2677 4123 2915 4179 ἐνταῦθα
2959 4123 3081 4188 πῶς
3109 4127 3138 4179 6
3166 4125 3500 4195 Μελχισεδὲκ
3522 4128 3691 4189 τύπος

417 4221 668 4275 cliiscdec
698 4219 770 4274 sit
790 4217 959 4289 ﬁgura
1002 4216 1251 4274 Christi:
1295 4233 1360 4274 ac
1390 4218 1629 4290 printum
1673 4221 1897 4292 quidem
1932 4221 1990 4289 ali

2104 4214 2197 4268 τοῦ
2232 4215 2494 4286 Χριστοῦ.
2529 4215 2639 4269 Kal
2662 4216 2879 4285 πρῶτον
2912 4215 3007 4269 ἀπ’
3035 4215 3225 4282 αὐτοῦ,
3257 4219 3414 4287 φησι,
3446 4217 3541 4272 τοῦ
3567 4218 3687 4271 ὀνό-

419 4316 539 4383 ipso
567 4312 790 4368 nomine
816 4311 967 4368 disce
997 4320 1246 4369 exactam
1280 4312 1574 4367 rationem.
1603 4311 1799 4371 Melchi
1827 4298 1990 4380 enim,

2108 4322 2276 4377 ματος
2309 4305 2548 4376 μάνθανε
2577 4306 2676 4377 τὴν
2698 4306 3012 4377 ἀκρίϐειαν.
3030 4307 3206 4383 Μελχὶ
3230 4309 3330 4380 μὲν
3354 4309 3484 4380 γὰρ,
3500 4310 3689 4374 ,ϐασι-

419 4423 547 4469 rex;
592 4406 767 4462 Sedec
796 4404 1073 4474 justitiam
1109 4404 1274 4460 valet.
1313 4402 1450 4471 Quis
1489 4414 1671 4461 autem
1731 4406 1875 4461 alius
1920 4415 1990 4463 est

2102 4399 2253 4462 ,πούς
2270 4415 2284 4429 ο
2312 4397 2475 4451 Σεδὲκ
2497 4398 2574 4463 δὲ,
2608 4398 2988 4467 δικαιοσύνη.
3007 4400 3172 4464 Τις-δὲ
3199 4400 3355 4464 ἄλλος
3388 4401 3642 4471 βασιλεὺς
3668 4404 3685 4433 ¹

421 4513 515 4550 l‘t-x
535 4496 785 4565 justitiat,
819 4502 1018 4563 praeter
1042 4492 1333 4561 Dominum
1358 4502 1609 4551 nostrum
1633 4494 1823 4553 Jesum
1848 4497 1990 4553 Chri-

2103 4488 2474 4559 δικαιοσύνης,
2500 4489 2616 4543 ἀλλ’
2648 4488 2681 4560 ἢ
2705 4490 2733 4541 6
2759 4490 2966 4562 Κύριος
2990 4492 3148 4562 ἡμῶν
3184 4492 3392 4562 Ἰησοῦς
3415 4493 3690 4563 Χριστόςς

422 4597 568 4643 stum
589 4585 613 4641 ?

491 4678 692 4739 Deinde
735 4684 910 4730 autem
951 4685 1001 4732 et
1044 4690 1137 4730 rex
1180 4673 1380 4739 Satem,
1419 4678 1557 4749 qaod
1584 4687 1665 4734 est
1694 4694 1788 4735 rex
1828 4682 1990 4749 pacis.

2179 4686 2424 4742 Ἔπειτα
2460 4686 2529 4740 δὲ
2562 4686 2660 4742 καὶ
2692 4686 2998 4756 ,ϐασιλεὺς
3023 4690 3265 4760 Σαλήμσ
3296 4691 3328 4745 6
3360 4690 3493 4747 ἔστι
3515 4692 3696 4757 ,βασι-

420 4773 504 4827 Ah
534 4772 689 4827 urhis
713 4768 957 4834 nomine,
999 4767 1197 4839 inquit,
1227 4767 1281 4824 id
1312 4769 1476 4824 etiam
1508 4770 1733 4841 planum
1765 4780 1867 4828 est.
1895 4773 1990 4829 Sa-

2107 4777 2255 4844 λεὺς
2281 4776 2545 4847 εἰρήνης.
2602 4778 2714 4833 Kal
2766 4779 2875 4833 ἀπὸ
2924 4779 3025 4851 τῆς
3057 4780 3291 4847 πόλεως,
3337 4772 3492 4852 φησὶ,
3533 4781 3694 4836 τοῦτο

424 4865 530 4916 lem
568 4860 712 4914 enim
748 4872 932 4928 pacem
962 4856 1124 4922 valet,
1147 4857 1194 4912 si
1225 4858 1626 4929 interpreteris.
1654 4858 1790 4927 Quis
1813 4869 1990 4917 autem

2110 4869 2290 4939 δῆλον.
2328 4870 2519 4941 Σαλήμ
2553 4870 2659 4942 γὰρ
2684 4868 3055 4942 ὲρμηνεῦεταιι
3077 4872 3295 4945 εἰρήνη.
3326 4875 3423 4938 Τίς
3442 4873 3499 4927 δὲ
3531 4873 3694 4936 ἄλλος

422 4951 588 5025 692
624 4950 766 5006 alius
835 4948 988 5021 pacis
1046 4964 1137 5005 rex
1190 4958 1279 5005 est
1317 4960 1515 5020 praeter
1551 4947 1856 5019 Christum,
1910 4968 1982 5023 qu

2115 4959 2365 5032 βασιλεὺς
2404 4962 2629 5032 εἰρήνης
2681 4963 2714 5034 ἢ
2747 4965 2775 5017 6
2808 4964 3065 5036 Χριστὸς,
3112 4966 3142 5018 6
3175 4966 3597 5036 εἰρηνοποιήσας
3625 4965 3693 5018 τὰ

422 5042 731 5118 puelli-erit
760 5057 822 5097 ea
848 5055 968 5112 qua:
998 5051 1126 5096 sunt
1164 5042 1213 5095 in
1260 5041 1440 5107 cazlis,
1469 5049 1523 5097 et
1545 5056 1667 5110 quae
1697 5056 1868 5115 super
1895 5053 1990 5100 ter.

2113 5054 2171 5108 ὲν
2200 5055 2312 5117 τοῖς
2345 5053 2597 5123 οὐρανοῖς
2626 5053 2719 5107 καὶ
2763 5055 2832 5108 τὰ
2859 5055 2956 5108 ἐπὶ
2987 5056 3087 5126 τῆς
3110 5056 3251 5128 γῆς;
3280 5058 3469 5112 Οὐδενὶ
3482 5055 3696 5128 ἀνθρὼ-

426 5135 586 5190 ram?
618 5130 761 5187 Nulli
803 5133 1117 5189 mortalium
1171 5133 1697 5203 eonvenit,justiti;e
1741 5134 1990 5207 pacisqut

2114 5163 2231 5200 πων
2258 5145 2489 5215 ἁρμόζει
2516 5145 2599 5210 τὸ,
2628 5147 2727 5216 τῆς
2756 5145 3106 5219 δικαιοσύνης
3140 5149 3235 5203 καὶ
3279 5151 3504 5223 εἰρήνης
3531 5148 3694 5222 βασι-

425 5243 549 5284 esse
584 5241 784 5298 regem,
822 5237 1179 5298 prmterquam
1206 5225 1298 5279 uni
1331 5224 1576 5281 Christo.

2111 5238 2239 5301 λεὺς
2285 5240 2326 5301 ⁸,
2358 5239 2406 5291 εἰ
2435 5238 2510 5310 μὴ
2534 5234 2683 5310 μόνῳ
2709 5238 2953 5312 Χριστῷ.

415 5330 423 5401 ;
501 5326 666 5383 Vens.
696 5326 750 5381 5.
781 5324 907 5381 Sine
946 5334 1115 5394 patre,
1141 5322 1255 5376 sine
1287 5328 1477 5388 matre,
1517 5321 1630 5376 sine
1671 5323 1990 5395 genealogia.

2188 5326 2478 5399 ’Andrmp,
2530 5329 2789 5400 ἀμήτωρ,
2835 5332 3331 5408 ἀγενεαλόγητος.
3366 5333 3553 5407 Ἔχεις
3597 5333 3699 5388 καὶ

1777 5502 1985 5567 Variae
2029 5507 2376 5573 lectiones.

501 5607 547 5643 "
580 5607 799 5677 γέγονεν
825 5626 876 5665 o.
954 5611 1100 5687 “ﬁt;
1130 5606 1433 5680 προοιμίων
1466 5622 1522 5665 ο.
1557 5610 1618 5703 M‘
1647 5602 1790 5664 εἶναι
1820 5606 2047 5680 βασιλέα
2079 5625 2134 5667 0.
