4014 6208
375 249 449 311 εει
462 248 483 309 )

1118 245 1524 309 EXPOSITIO
1563 244 1645 306 IN
1684 243 1923 305 EPIST.
1966 245 2066 302 AD
2091 241 2481 319 HEBREDS.
2519 265 2581 274 -
2604 240 2758 300 ΕΑΓ.
2797 239 2933 302 VII.

3522 242 3631 307 270

375 359 575 428 ἑτέραν
600 356 914 427 ὁμοιότητα.
938 357 1150 430 Ὥσπερ
1178 358 1287 431 γὰρ
1309 360 1339 413 6
1359 357 1699 430 Μελχισεδὲκ
1730 357 1960 428 ἀπάτωρ

2071 356 2242 410 Aliam
2256 356 2343 412 hic
2360 353 2776 410 similitudinem
2792 354 2981 409 habes.
3007 351 3476 419 Quemadmodum
3494 360 3639 415 enim

376 449 499 503 ἐστὶ
520 446 616 500 καὶ
636 444 894 518 ἀμήτωρ,
921 445 1020 517 ούχ
1039 446 1122 519 ὅτι
1149 447 1249 500 οὐκ
1276 440 1391 518 εἶχε
1425 445 1690 517 πατέραῆ
1724 444 1958 517 μητέρα,

376 533 494 608 εἶχε
528 535 638 607 γὰρ
661 536 757 590 καὶ
789 536 974 602 αὐτὸς,
1003 538 1078 601 ὡς
1109 532 1188 601 εἷς
1219 537 1329 592 τῶν
1370 537 1699 609 ἀνθρώπων,
1724 536 1840 591 ἀλλ’
1879 536 1962 589 ὃτι

375 630 480 683 οὐκ
510 627 910 699 ὲγενεαλογήθη
952 627 1101 701 παρὰ
1126 631 1191 701 τῇ
1249 630 1463 701 Γραφῇ,
1486 628 1607 682 οὐδὲ
1638 630 1960 700 ἐμφαίνεται

374 719 551 789 ὃνομα
575 719 683 773 τῶν
721 719 918 787 γονέων
944 718 1108 773 αὐτοῦ
1142 736 1157 754 ο
1185 719 1328 773 οὕτω
1372 721 1466 772 καὶ
1497 719 1526 772 6
1555 719 1787 790 Χριστὸς
1819 719 1961 773 ἀπά-

374 828 496 881 τωρ
521 811 639 865 ἐστὶ
664 809 806 866 κατὰ
835 810 936 878 τὴν
987 810 1140 864 κάτω
1168 809 1424 881 γέννησιν
1445 824 1459 839 '
1516 810 1581 863 ὲκ
1630 811 1797 880 μόνης
1853 808 1962 878 γὰρ

372 901 479 971 τῆς
505 899 781 970 Παρθένου
833 899 1053 970 Μαρίας
1110 899 1376 973 ἐγεννήθη
1410 900 1473 953 τὸ
1531 900 1675 955 κατὰ
1734 899 1914 970 σάρκα
1943 915 1957 929 ·

370 993 608 1064 ἀμήτωρ
641 992 699 1046 δὲ
728 990 871 1047 κατὰ
910 990 1008 1055 τὴν
1053 991 1165 1046 ἄνω
1194 992 1449 1064 γέννησιν
1480 1008 1494 1023 '
1535 994 1604 1046 ὲκ
1647 993 1810 1063 μόνου
1851 990 1961 1061 γὰρ

372 1082 475 1137 τοῦ
503 1082 718 1157 Πατρὸς
772 1080 879 1152 πρὸ
936 1082 1156 1137 πάντων
1184 1082 1295 1137 τῶν
1329 1082 1547 1137 αἰώνων
1582 1083 1837 1155 ἀρρήτως
1867 1084 1962 1135 καὶ

373 1177 747 1247 ἀνεπινοήτως
776 1181 1127 1246 γεγέννηται.
1172 1176 1335 1231 Ἀλλὰ
1383 1175 1479 1230 καλ⁵
1504 1174 1956 1244 ἀγενεαλόγητος.

378 1267 502 1335 Τήν
527 1269 635 1339 γὰρ
661 1273 874 1337 γενεὰν
901 1267 1089 1323 αὐτοῦ
1124 1268 1214 1334 τίς
1236 1266 1625 1338 διηγήσεταις
1674 1266 1828 1319 Ἐπεὶ
1866 1266 1962 1320 καὶ

373 1358 540 1414 ὁᾶνω
571 1362 841 1432 γεννήσας
888 1362 1102 1433 Πατὴρ,
1136 1361 1563 1433 ἁνερμήνευτος,
1600 1360 1694 1414 καὶ
1748 1359 1909 1422 αὐτὸς
1934 1360 1962 1412 6

373 1453 579 1523 τρόπος
610 1452 712 1522 τῆς
738 1455 1068 1523 γεννήσεως.
1126 1454 1239 1511 Καὶ
1284 1455 1318 1524 ή
1359 1453 1510 1508 κάτω
1561 1452 1617 1505 δὲ
1649 1453 1961 1524 γεννήσασα

374 1545 587 1616 μήτηρ,
612 1544 755 1616 λόγῳ
779 1546 879 1616 οὐχ
912 1545 1234 1611 ὑποπίπτει,
1267 1546 1411 1599 κατά
1433 1562 1496 1615 γε
1519 1544 1610 1599 τὸν
1633 1547 1833 1616 τρόπον
1860 1544 1961 1613 τῆς

2063 446 2424 502 Melchisedec
2453 446 2573 503 sine
2593 453 2746 515 patre
2783 454 2867 500 est
2898 455 2949 501 et
2980 444 3099 501 sine
3127 452 3318 512 matre,
3347 461 3454 503 non
3495 451 3641 518 quod

2063 553 2173 593 non
2204 537 2458 593 habuerit
2503 546 2709 608 patrem
2760 548 2854 592 aut
2902 545 3153 602 matrem,
3205 538 3438 595 habebat
3490 541 3636 596 enim

2065 626 2202 696 ipse,
2238 626 2311 681 uti
2340 627 2650 681 mortalium
2684 642 2851 693 unus,
2879 625 2975 680 sed
3012 626 3139 697 quia
3168 629 3483 700 genealogis
3516 631 3638 700 ejus

2063 732 2170 772 non
2199 724 2380 772 exstat
2423 716 2478 771 in
2512 716 2813 787 Scriptura,
2849 734 3023 788 neque
3081 704 3363 789 parentum
3397 721 3517 792 ejus
3554 739 3645 776 no-

2063 824 2187 865 men
2218 816 2445 880 apparet
2479 824 2494 862 :
2525 808 2669 864 hunc
2691 808 2758 865 ad
2778 812 2996 867 modum
3025 810 3312 868 :Christus
3355 811 3473 869 sine
3490 824 3646 885 patre

2063 904 2147 955 est
2176 898 2481 955 secundum
2541 898 2856 955 inferiorem
2905 901 3355 970 generationem:
3398 918 3463 958 ex
3528 907 3644 960 sola

2064 1006 2302 1064 namque
2340 990 2561 1064 Virgine
2614 992 2779 1049 Maria
2839 993 3057 1065 genitus
3105 1003 3214 1059 est,
3267 1004 3541 1064 quatenus
3577 1000 3646 1051 all

2063 1097 2286 1138 carnem
2315 1084 2549 1139 attinet:
2589 1083 2708 1139 sine
2748 1093 2922 1138 matre
2973 1095 3155 1140 autem
3207 1097 3288 1141 est
3340 1089 3643 1143 secundum

2064 1190 2356 1245 supernam
2407 1176 2790 1232 nativitatem:
2836 1190 2902 1231 ex
2937 1176 3055 1234 solo
3104 1178 3249 1232 enim
3306 1177 3465 1234 Patre
3518 1193 3645 1236 ante

2063 1266 2249 1321 onmia
2284 1266 2483 1322 saecula
2525 1266 2877 1322 inell‘abiliter
2926 1276 2981 1321 et
3014 1267 3645 1338 incomprehensibiliter

2061 1366 2354 1429 generatus
2387 1366 2489 1412 est.
2510 1355 2777 1412 Prmterea
2798 1358 3110 1428 genealogis
3130 1362 3292 1415 etiam
3315 1368 3486 1415 vacat.
3508 1362 3642 1415 Nam

2063 1452 2449 1519 generationem
2494 1449 2608 1519 ejus
2651 1451 2769 1519 quis
2811 1451 3126 1505 euarrabit?
3187 1451 3641 1524 Quandoquidem

2063 1551 2116 1594 et
2146 1543 2236 1612 qui
2269 1556 2506 1613 superne
2553 1542 2608 1596 in
2632 1544 2788 1597 cmlis
2811 1544 2998 1611 genuit
3022 1559 3144 1598 eum
3168 1543 3348 1611 Pater,
3383 1548 3450 1601 sit
3478 1548 3640 1602 etiam

371 1638 707 1707 γεννήσεως,
737 1631 873 1702 οἷον,
901 1638 1021 1701 πῶς
1069 1637 1327 1707 ἐγέννησε
1359 1636 1648 1707 παρθένος,
1692 1636 1807 1700 πῶς
1832 1638 1959 1692 ἄνευ

2071 1635 2493 1705 inexplicabilis,
2526 1643 2690 1703 atque
2718 1634 2854 1689 adeo
2886 1635 2997 1698 ipse
3025 1635 3219 1691 modus
3249 1638 3639 1707 generationis.

369 1728 606 1791 ὠδίνων,
638 1729 733 1782 καὶ
783 1729 852 1783 τὰ
879 1728 1125 1783 τοιαῦτα.
1184 1727 1242 1782 '0
1276 1730 1378 1799 μὲν
1412 1728 1506 1783 οὖν
1548 1728 1785 1799 Χριστὸς
1829 1731 1959 1799 ἀλη-

2071 1727 2234 1782 Porro
2274 1734 2475 1797 etquae
2509 1725 2719 1780 inferne
2770 1725 2824 1780 in
2863 1725 3025 1780 terris
3064 1741 3189 1780 eum
3221 1727 3432 1797 peperit
3469 1738 3643 1786 mater

374 1821 490 1884 θῶς
513 1821 608 1874 καὶ
635 1820 868 1893 ἀμήτωρ
892 1822 985 1874 καὶ
1016 1822 1246 1890 ἀπάτωρ
1263 1822 1431 1875 ἐστίν.
1449 1820 1507 1874 Ὀ
1531 1821 1587 1875 δὲ
1624 1821 1959 1890 Μελχισεδὲκ

2071 1819 2168 1872 sub
2200 1818 2467 1872 rationem
2500 1832 2608 1873 non
2631 1816 2778 1871 cadit
2814 1816 3115 1872 secundum
3150 1818 3373 1872 modum
3411 1834 3641 1891 genera-

370 1912 607 1983 ἀπάτωρ
642 1915 738 1966 καὶ
768 1913 1025 1985 ἀμήτωρ,
1060 1911 1162 1965 οὐκ
1209 1910 1458 1983 ἀληθῶς·
1511 1901 1827 1966 ἀνένδεκτον
1851 1907 1959 1982 γᾶρ

2071 1911 2255 1978 tionis,
2299 1910 2560 1965 nimirum
2590 1910 2878 1980 quomodo
2916 1909 3069 1979 virgo
3106 1911 3331 1981 peperit,
3368 1914 3645 1982 quomodo

371 2003 534 2057 τοῦτο
552 2021 567 2036 ·
597 2003 733 2057 ἀλλὰ
760 2004 837 2075 τῷ
860 2007 935 2075 μὴ
967 2002 1306 2076 ὲμφέρεσθαι
1334 2006 1399 2074 τῇ
1428 2002 1617 2075 Γραφῇ
1636 1991 1762 2067 τοὺς
1791 2003 1955 2058 αὑτοῦ

2071 2001 2184 2056 sine
2230 2000 2531 2066 doloribus,
2571 2015 2638 2054 ac
2692 2000 2912 2056 similia.
2948 2000 3204 2056 Christus
3249 2003 3414 2073 igitur
3452 2019 3643 2060 revera

371 2098 574 2164 γονεῖς,
609 2093 751 2149 ὥστε
784 2097 866 2160 τδ,
906 2096 1403 2166 ἀγενεαλόγητος,
1469 2094 1661 2167 ὥσπερ
1709 2095 1957 2167 ὲφερμη-

2071 2090 2186 2145 sine
2225 2102 2378 2160 patre
2414 2105 2480 2147 ac
2518 2090 2636 2145 sine
2668 2099 2842 2145 matre
2870 2102 2987 2146 est:
3021 2090 3382 2149 Melchisedec
3424 2110 3553 2152 vero
3587 2107 3643 2150 et

374 2187 623 2240 νευτικόν
651 2189 771 2240 ἐστι
802 2184 921 2254 τοῦ,
957 2186 1201 2256 ἀπάτωρ
1239 2187 1337 2242 καὶ
1383 2184 1625 2257 ἀμήτωρ
1645 2186 1841 2239 ὀἱονεὶ
1871 2187 1960 2239 λέ-

2071 2182 2182 2236 sine
2224 2190 2377 2253 patre
2419 2190 2473 2237 et
2498 2181 2619 2237 sine
2677 2193 2851 2237 matre
2878 2222 2892 2247 ,
2938 2197 3046 2236 non
3091 2197 3277 2238 revera
3312 2184 3451 2251 tlicri
3493 2187 3640 2239 enim

375 2296 564 2348 γοντος
584 2279 678 2333 τοῦ
721 2279 1050 2333 ’Δποστόλου
1071 2294 1083 2307 ·
1114 2276 1303 2342 Οὕτως
1330 2275 1483 2333 εἶπον
1507 2278 1598 2333 τὸν
1625 2276 1959 2346 Μελχισεδὲκ

2071 2273 2166 2327 hoc
2190 2288 2295 2327 non
2320 2272 2544 2345 potest),
2570 2272 2665 2328 sed
2693 2282 3241 2343 quatenusparentes
3264 2273 3383 2344 ejus
3412 2276 3463 2329 in
3491 2274 3642 2330 Scri-

373 2366 628 2442 ἀπάτορα
652 2372 746 2425 καὶ
783 2370 1152 2443 ἀμήτορα,ὡς
1166 2371 1619 2442 ἀγενεαλόγητον,
1649 2369 1740 2424 καὶ
1775 2366 1850 2430 ὡς
1881 2366 1956 2437 μὴ

2071 2375 2217 2432 ptura
2254 2380 2361 2418 non
2396 2365 2800 2434 exprimuntur.
2857 2364 3038 2429 Quare
3074 2365 3220 2435 quod
3266 2367 3377 2420 ait:
3408 2368 3523 2421 sine
3550 2384 3644 2438 ge-

375 2461 849 2534 μνημονευθείσης
878 2462 975 2531 τῆς
1004 2462 1199 2531 γενεᾶς
1258 2460 1422 2515 αὐτοῦ
1456 2460 1606 2530 παρὰ
1639 2462 1704 2531 τῇ
1735 2459 1953 2528 Γραφῇ.

2071 2456 2325 2527 neatogia,
2361 2457 2522 2511 veluti
2548 2457 2936 2524 interpretatur
2966 2458 3096 2526 quid
3128 2460 3221 2523 sit,
3272 2461 3385 2513 sine
3410 2470 3560 2528 patre
3580 2477 3646 2514 ac

372 2558 489 2610 Sine
517 2565 708 2622 matre,
738 2555 964 2626 perinde
1003 2554 1157 2625 quasi
1189 2553 1483 2624 Apostolus
1518 2552 1759 2609 diceret:
1784 2551 1937 2606 Hanc
1962 2551 2028 2607 ad
2049 2552 2316 2606 rationem
2340 2550 2453 2605 dixi
2480 2548 2842 2606 Melehisedec
2893 2559 3048 2619 patre
3102 2566 3167 2606 ac
3219 2561 3395 2609 matre
3446 2570 3645 2611 vacare

374 2651 524 2716 quod
562 2649 877 2722 genealogis
919 2649 1040 2720 ejus
1069 2649 1122 2702 in
1153 2645 1439 2717 Scriptura
1467 2662 1574 2702 non
1611 2647 1973 2717 exprimatur,
2003 2660 2103 2701 nec
2135 2644 2340 2700 mentio
2368 2644 2588 2716 generis
2612 2645 2736 2711 ejus
2776 2644 2830 2698 in
2862 2644 3149 2715 Scriptura
3181 2644 3294 2699 ﬁat.

444 2740 612 2806 Μήτε
639 2739 840 2809 ἀρχὴν·
870 2737 1129 2810 ἡμερῶν,
1185 2738 1338 2812 μήτε
1363 2737 1515 2808 ζωῆς
1559 2737 1736 2806 τέλος
1762 2738 1920 2808 ἔχων
1940 2755 1954 2770 ⁸

2139 2736 2323 2808 Neque
2357 2738 2568 2791 initium
2603 2736 2833 2800 dierum,
2874 2753 3035 2807 neque
3071 2737 3195 2791 vita:
3222 2738 3381 2807 ﬁnem
3408 2739 3645 2803 habens;

374 2831 833 2902 ἀφωμοιωμένος
857 2830 927 2885 δὲ
962 2829 1044 2897 τῷ
1081 2828 1192 2897 Υἱῷ
1210 2831 1318 2887 τοῦ
1350 2831 1522 2895 Θεοῦ,
1558 2829 1729 2900 μένει
1768 2830 1963 2899 ἱερεὺς

2071 2830 2402 2886 assimilatus
2422 2840 2596 2883 autem
2622 2826 2764 2883 Filio
2800 2829 2913 2895 Dei,
2946 2838 3124 2882 manet
3153 2830 3399 2885 sacerdos
3440 2832 3494 2884 in
3524 2847 3648 2899 per-

374 2924 473 2991 εις
509 2922 575 2977 τὸ
599 2922 893 2992 διηνεκές.
949 2923 1060 2978 Καὶ
1100 2922 1261 2979 τοῦτο
1309 2922 1455 2977 οὕτω
1512 2922 1727 2994 νοήσεις
1760 2921 1835 2986 ὡς
1870 2923 1967 2976 καὶ

2071 2935 2296 2993 petuum.
2330 2921 2441 2977 lloc
2493 2925 2658 2978 etiam
2707 2922 2936 2992 perinde
2979 2920 3275 2991 intelliges,
3312 2932 3372 2977 ut
3420 2938 3649 2992 praeme-

375 3010 451 3065 τὰ
511 3012 910 3084 προειρημένα.
954 3012 1046 3076 Ὠς
1099 3012 1199 3083 μὲν
1246 3011 1357 3085 γὰρ
1411 3011 1720 3083 ἄνθρωπος,
1762 3006 1909 3082 εἶχεν
1939 3012 1968 3064 ὁ

2071 3021 2299 3068 morata.
2318 3012 2601 3078 Quatenus
2620 3015 2765 3069 enim
2792 3012 2958 3067 homo
2979 3022 3120 3077 erat,
3151 3012 3386 3070 habebat
3414 3030 3646 3086 prorsus

378 3104 719 3175 Μελχισεδὲκ
778 3105 997 3169 πάντως
1056 3108 1152 3158 καὶ
1189 3104 1370 3176 ἀρχὴν
1400 3103 1649 3177 ἡμερῶν,
1685 3105 1779 3159 καὶ
1816 3104 1968 3166 τέλος

2072 3103 2435 3160 Melchisedec
2482 3118 2606 3159 cum
2665 3105 2993 3177 principium
3046 3106 3284 3173 dierum,
3331 3115 3447 3163 tum
3482 3108 3644 3165 tinem

380 3196 530 3266 ζωῆς
562 3213 578 3228 ·
608 3196 750 3268 πλὴν
774 3196 911 3251 καθὸ
955 3199 1118 3268 ἡμεῖς
1174 3196 1273 3250 ούκ
1308 3194 1466 3267 ῐσμεν
1498 3194 1626 3250 οὔτε
1648 3195 1781 3249 πότε
1815 3196 1968 3264 ἐγεν-

2076 3195 2234 3249 vitae:
2276 3208 2462 3252 verum
2499 3205 2771 3266 quatenus
2798 3212 2900 3253 nos
2930 3198 3211 3254 nescimus
3241 3200 3461 3268 quando
3485 3208 3649 3255 natus

384 3286 543 3358 νήθη,
582 3284 712 3341 οὔτε
743 3289 873 3342 πότε
905 3276 1282 3360 ἐτελεύτησεν,
1308 3286 1385 3353 ὡς
1410 3286 1550 3361 πρὸς
1578 3286 1678 3361 τὴν
1696 3287 1968 3362 ἡμετέραν

2071 3286 2145 3344 sit
2170 3298 2265 3342 aut
2288 3295 2566 3362 mortuus.
2603 3289 2749 3359 quod
2775 3291 2972 3344 attinet
3009 3288 3078 3344 ad
3106 3300 3353 3347 nostram
3374 3292 3650 3362 cognitio-

383 3378 613 3448 γνῶσιν,
637 3378 764 3435 οὔτε
787 3378 960 3455 ἀρχὴν
982 3378 1119 3454 ἔχει,
1144 3381 1272 3437 οὔτε
1307 3380 1483 3446 τέλος.
1531 3380 1592 3435 '0
1628 3379 1814 3452 μέντοι
1836 3381 1972 3451 Χρι-

387 3472 513 3535 στὸς
545 3472 787 3541 ἀληθῶς,
856 3472 955 3528 ατε
1015 3474 1171 3539 Θεὸς,
1198 3473 1324 3528 οὔτε
1351 3473 1526 3545 ἄρχην
1561 3471 1788 3543 ἡμερῶν
1819 3470 1932 3542 ἔχει
1951 3484 1967 3501 ⁵

387 3562 626 3635 ἄναρχος
649 3563 760 3634 γὰρ
785 3565 927 3619 κατά
955 3566 1055 3636 τὴν
1087 3565 1195 3619 ἀπὸ
1235 3566 1428 3637 χρόνου
1459 3565 1656 3637 ἀρχὴν,
1682 3566 1731 3618 εἰ
1759 3566 1852 3619 καὶ
1879 3565 1971 3619 τὸν

387 3656 609 3727 Πατέρα
636 3653 750 3726 ἔχει
778 3654 953 3727 ἀρχὴν
981 3656 1057 3719 ὡς
1083 3656 1255 3709 αι’τιον
1283 3672 1297 3686 ·
1327 3654 1452 3709 οὔτε
1503 3657 1659 3720 τέλος
1689 3672 1704 3689 ο
1749 3655 1972 3710 ἀτελεύ-

384 3763 550 3818 τητος
576 3747 690 3819 γάρ
712 3764 724 3779 ο
756 3748 816 3801 τὸ
846 3748 903 3802 δὲ
935 3746 1158 3818 σύμπαν
1181 3748 1378 3812 εἰπεῖν,
1414 3747 1607 3811 ἀΐδιος.
1653 3746 1761 3801 Ποῦ
1791 3747 1972 3802 τοίνυν

388 3841 438 3893 οἱ
477 3840 786 3910 ’Δρειανεη
831 3840 1206 3895 ’Δκουέτωσαν
1268 3841 1352 3896 ὅτι
1399 3843 1428 3894 ὁ
1456 3840 1586 3905 Υἱὸς
1614 3842 1635 3873 ⁸
1665 3841 1841 3912 ἀρχὴν
1868 3841 1970 3894 ούκ

391 3931 531 4003 ἔχει.
564 3932 759 3996 Οὕτως
790 3928 884 3996 οὖν
910 3932 1126 3987 δίδωσιν
1152 3934 1285 4004 ήμῖν
1312 3935 1342 3986 6
1365 3932 1578 3997 Παῦλος
1610 3932 1758 3986 λύειν
1791 3933 1847 4007 ⁸(
1876 3934 1972 3985 καὶ

390 4024 529 4096 ὅπερ
556 4024 624 4080 ἂν
661 4025 964 4098 ἀπορήσειέ
1022 4040 1127 4090 τις,
1172 4023 1289 4089 πῶς
1342 4023 1627 4095 ὀΧριστὸς
1675 4023 1849 4094 ἱερεὺς
1891 4024 1972 4087 εις

391 4116 485 4170 τὸν
527 4117 705 4172 αἰῶνα
755 4116 898 4172 κατὰ
929 4116 1029 4189 τὴν
1079 4114 1232 4182 τάξιν
1282 4114 1641 4186 Μελχισεδὲκ,
1687 4114 1819 4169 ὅπου
1847 4132 1910 4184 γε
1942 4114 1972 4168 6

393 4207 730 4277 Μελχισεδὲκ
787 4206 1111 4278 ἐτεθνήκει,
1168 4206 1265 4260 καὶ
1313 4205 1414 4259 ούκ
1480 4206 1700 4274 ἐγένετο
1752 4206 1831 4270 εἰς
1881 4209 1973 4260 τὸν

394 4299 569 4352 αἰῶνα
611 4299 812 4370 ἱερεύς.
848 4298 1102 4370 Λύσομεν
1128 4296 1237 4370 γὰρ
1288 4294 1559 4362 ἐντεῦθεν,
1603 4298 1762 4351 τοῦτο
1783 4298 1973 4366 λέγον-

399 4400 515 4458 τες,
552 4389 637 4443 ὅτι
664 4392 693 4443 6
721 4390 823 4462 μὲν
853 4389 1088 4462 Χριστὸς
1118 4388 1334 4453 αἰώνιος
1363 4386 1440 4442 ῶν
1470 4390 1563 4443 καὶ
1589 4388 1970 4460 ἁτελεύτητος,

2071 3396 2220 3446 nem,
2251 3395 2430 3452 neque
2455 3382 2787 3453 principium
2851 3398 3026 3453 neque
3060 3383 3223 3439 tinem
3256 3384 3442 3440 habet.
3480 3367 3648 3440 Chri-

2072 3481 2192 3530 stus
2221 3479 2407 3529 tamen
2431 3488 2639 3541 revera,
2678 3484 2736 3530 ut
2770 3475 2938 3544 Deus,
2972 3491 3152 3547 neque
3184 3476 3400 3533 initium
3436 3477 3652 3535 dierum

2075 3563 2273 3619 habet:
2308 3564 2583 3634 principio
2613 3565 2759 3621 enim
2782 3573 2954 3633 caret,
2978 3566 3134 3637 juxta
3152 3568 3478 3639 principium
3502 3569 3650 3640 quod

2071 3668 2102 3709 a
2136 3664 2380 3725 tempore
2417 3656 2640 3725 dicitur,
2672 3658 2885 3713 etiamsi
2933 3656 3151 3715 Patrem
3203 3659 3402 3717 habeat
3442 3661 3649 3730 princi-

2072 3746 2221 3816 pium
2268 3754 2527 3816 tanquam
2568 3762 2790 3804 causam
2829 3765 2843 3803 :
2882 3763 3059 3820 neque
3093 3748 3291 3806 ﬁnem:
3323 3751 3653 3807 immortalis

2070 3836 2215 3893 enim
2245 3847 2349 3904 est,
2383 3848 2543 3910 atque
2581 3848 2641 3894 ut
2678 3842 2995 3895 summatim
3032 3841 3234 3909 dicam,
3258 3844 3649 3914 sempiternus.

2075 3927 2176 3984 L‘bi
2205 3939 2334 3986 sunt
2362 3929 2529 4000 igitur
2556 3930 2784 3986 Ariani?
2812 3931 3053 3988 Audiant
3089 3932 3285 3988 Filium
3320 3935 3650 4006 principium

2072 4037 2185 4077 non
2216 4022 2438 4079 habere.
2466 4023 2619 4078 Hanc
2638 4023 2705 4080 ad
2731 4024 3000 4080 rationem
3027 4024 3232 4081 Paulus
3257 4039 3361 4082 nos
3388 4027 3647 4092 instituit,

2073 4113 2346 4185 quomodo
2381 4114 2530 4172 istud
2564 4115 2638 4172 sit
2665 4114 2985 4171 diluendum
3020 4133 3036 4170 :
3077 4124 3241 4188 atque
3273 4117 3439 4173 etiam
3470 4118 3650 4174 sicubi

2072 4208 2273 4279 aliquis
2312 4209 2692 4277 dubitaverit,
2746 4209 3020 4281 quomodo
3069 4210 3324 4269 Christus
3390 4213 3649 4270 sacerdos

2075 4299 2148 4355 sit
2186 4301 2241 4354 in
2288 4310 2552 4359 aeternum
2614 4303 2915 4359 secundum
2973 4301 3222 4359 ordinem
3264 4302 3647 4371 Melchisedec.

2073 4390 2519 4463 quandoquidem
2547 4393 2907 4451 ~\lelcbisedec
2935 4404 3182 4450 mortuus
3211 4403 3316 4462 est,
3346 4410 3448 4453 nec
3468 4396 3649 4453 factus

396 4482 483 4535 ἀεί
535 4483 687 4536 ἐστιν
744 4482 923 4552 ἱερεὺς
965 4482 1033 4551 τῇ
1081 4478 1332 4551 ἀληθείᾳ.
1396 4480 1507 4550 καὶ
1565 4478 1663 4534 νῦν
1721 4480 1821 4550 μὲν
1862 4480 1968 4551 γὰρ

2077 4490 2162 4539 est
2186 4485 2443 4540 sacerdos
2467 4486 2522 4542 in
2548 4487 2962 4559 sempiternum.
2987 4487 3150 4559 693
3185 4489 3465 4545 Diluemus
3487 4491 3653 4562 igitur

394 4569 657 4628 ἑκάστοτε
700 4572 893 4629 ἑαυτὸν
924 4573 1064 4639 ὑπὲρ
1087 4572 1245 4644 ήμῶν
1284 4571 1619 4644 προσφέρειν
1658 4572 1973 4626 πιστεύεται

393 4666 481 4719 διε
508 4665 620 4720 τῶν
654 4663 986 4736 λειτουργῶν
1018 4661 1206 4727 αὑτοῦ,
1237 4663 1411 4727 ἄλλως
1451 4680 1512 4717 τε
1553 4664 1646 4718 καὶ
1672 4665 1747 4727 ὡς
1784 4666 1975 4734 ἐντυγ-

374 4755 577 4826 ’χάνων
606 4755 686 4826 τῷ
716 4755 894 4827 Πατρὶ
926 4754 1068 4826 ὑπὲρ
1091 4754 1252 4825 ήμῶν
1279 4770 1293 4786 ’
1321 4755 1415 4808 καὶ
1432 4753 1557 4807 τότε
1589 4754 1643 4807 δὲ
1686 4756 1756 4808 τὰ
1780 4755 1978 4808 τελεώ-

397 4860 535 4917 τερα
580 4847 930 4916 ἱερουργήσει
988 4846 1121 4917 ἡμῖν
1164 4844 1258 4899 καὶ
1315 4845 1716 4919 μυστικώτερα,
1784 4845 1975 4901 ἑαυτὸν

400 4939 531 5010 ήμῖν
576 4939 659 5002 εἰς
689 4937 895 5008 βρῶσιν
924 4938 1018 4991 καὶ⁵
1066 4937 1225 4992 πόσιν
1284 4937 1563 5009 προτιθεὶς
1618 4940 1820 5004 καινῶς
1880 4939 1975 4993 καὶ

398 5030 541 5100 ὑπὲρ
565 5030 749 5083 πᾶσαν
777 5027 982 5098 νόησιν.
1017 5027 1075 5083 '0
1125 5027 1183 5080 δὲ
1234 5027 1571 5103 ῌελχισεδὲκ
1618 5029 1975 5103 ἀτελεύτητον

394 5096 615 5193 λέγεται
638 5122 783 5194 ἔχειν
802 5096 899 5193 τήν
932 5096 1471 5194 ἱερωσύνηνξούγ-ὄτ,
1510 5124 1576 5195 ζῇ
1604 5124 1720 5177 ἀεί’
1753 5096 1976 5194 ιτεθννή.

397 5238 486 5276 χει
510 5218 621 5289 γάρ
647 5233 663 5249 ’
705 5214 843 5269 ἀλλὰ
893 5218 1031 5272 καθὸ
1084 5220 1188 5273 οὐκ
1249 5218 1551 5287 ἐμφέρεται
1588 5217 1655 5289 τῇ
1700 5216 1889 5292 Γραφῇ
1916 5220 1977 5274 τὸ

397 5312 550 5377 τέλος
578 5310 770 5377 αὐτοῦ,
798 5312 865 5365 ἵν’
900 5308 1154 5364 ἐντεῦθεν
1176 5308 1395 5381 ἔχοιμεν
1427 5308 1741 5379 γινώσκειν,
1768 5310 1895 5364 πότε
1936 5311 1969 5382 ή

404 5402 669 5474 ιερωσύνη
701 5398 869 5454 αὐτοῦ
888 5399 1186 5456 ἐπαύσατο.
1227 5399 1439 5471 Ὥσπερ
1490 5394 1582 5453 οὖν
1631 5398 1727 5451 καὶ
1768 5400 1824 5451 ὲν
1861 5404 1971 5464 τοῖς

2082 4576 2230 4644 hinc,
2259 4577 2526 4645 dicentes,
2563 4580 2868 4646 Christum,
2918 4594 3044 4636 cum
3092 4590 3330 4639 arternus
3361 4581 3435 4637 sit
3462 4590 3517 4637 et
3548 4584 3654 4639 im—

2079 4670 2348 4738 mortalis,
2391 4686 2582 4728 revera
2624 4689 2842 4745 semper
2870 4688 2993 4731 esse
3028 4675 3398 4732 sacerdotem.
3430 4674 3565 4730 Nam
3596 4685 3653 4733 et

2079 4777 2226 4816 nunc
2267 4762 2486 4832 quidem
2524 4779 2740 4837 semper
2757 4773 2814 4820 et
2845 4766 3048 4836 ubique
3085 4766 3330 4836 seipsum
3363 4782 3463 4837 pro
3491 4768 3654 4823 nobis

2077 4851 2274 4909 oll‘erre
2302 4853 2547 4910 creditur
2588 4870 2688 4925 per
2722 4856 3006 4913 ministros
3028 4872 3181 4919 suos.
3201 4859 3502 4927 praesertim
3523 4874 3652 4914 cum

2081 4948 2222 5019 apud
2257 4947 2471 5007 Patrem
2522 4965 2623 5022 pro
2671 4951 2829 5006 nobis
2862 4953 3185 5010 intercedit:
3213 4962 3329 5009 tum
3362 4969 3491 5010 vero
3526 4971 3653 5026 per-

2082 5037 2316 5095 tectiora
2354 5047 2410 5096 et
2431 5043 2606 5114 magis
2623 5039 2853 5112 mystica
2891 5057 3046 5098 sacra
3076 5058 3177 5114 pro
3206 5044 3366 5099 nobis
3388 5044 3650 5115 perﬁciet,

2083 5129 2324 5199 seipsum
2354 5130 2514 5186 nobis
2552 5132 2609 5186 in
2642 5129 2825 5186 cibum
2859 5137 2915 5188 et
2932 5138 3121 5201 potum
3156 5144 3487 5202 proponens,
3511 5146 3655 5187 novo

2084 5219 2321 5288 quodam
2342 5221 2502 5277 modo
2535 5235 2756 5278 omnem
2783 5221 2988 5294 ingenii
3018 5230 3240 5294 captum
3263 5230 3649 5289 exsuperante.

2080 5304 2442 5369 Mclchisedec
2485 5326 2665 5371 autem
2713 5324 2981 5371 aeternum
3037 5315 3238 5369 habere
3286 5310 3653 5370 sacerdotium

2079 5403 2310 5471 dicitur,
2331 5419 2438 5463 non
2468 5407 2616 5479 quod
2641 5408 2788 5466 vivat
2813 5422 3047 5479 semper,
3081 5410 3328 5459 mortuus
3358 5402 3505 5458 enim
3535 5413 3621 5460 est

1766 5580 1963 5642 Varias
1990 5580 2318 5645 lectiones.

473 5677 497 5710 ⁸
524 5678 761 5749 Χριστός
794 5694 848 5736 0.
890 5699 894 5703 ‘
924 5679 946 5712 ³
974 5678 1156 5747 λέγειν
1194 5693 1248 5733 o.
