4014 6208
320 339 428 402 2i9

1045 346 1450 411 EXPOSJTIO
1490 352 1579 413 ,ΙΝ
1609 355 1849 417 EPIST.
1890 359 2417 446 AD_]1EBR.’EOS.
2447 385 2518 398 ·-
2553 363 2712 425 CAP.
2751 366 2855 425 Vi.

3471 369 3577 434 250

323 455 719 522 γυμνησμένα
748 455 897 522 πρὸς
923 457 1224 526 διάκρισιν
1246 463 1436 517 καλοῦ
1461 481 1523 516 τε
1556 465 1654 518 καὶ
1685 469 1896 523 κακοῦ.

2003 475 2072 524 ad
2101 474 2466 529 discretionem
2496 477 2617 531 boni
2667 487 2716 532 et
2749 477 2899 532 mali.
2946 478 3430 546 Consuetudinem,
3492 486 3580 539 hic

323 547 504 611 Ἐξιν,
536 547 636 614 τὴν
665 546 984 617 τελειότητα
1015 552 1110 602 καὶ
1143 553 1448 623 παγιότητα
1479 556 1588 609 τῶν
1617 557 1764 627 ἠθῶν
1796 577 1904 629 φη-

325 657 430 693 σιν.
479 639 536 691 '0
561 639 740 692 τοίνυν
774 641 970 708 πάγιος
997 642 1058 693 τὸ
1093 637 1246 711 ἦθος,
1278 638 1435 709 οὗτος
1468 648 1563 701 καὶ
1604 649 1675 702 τὰ
1714 649 1908 720 αἰσθη-

324 731 494 800 τήρια
552 731 652 799 τῆς
715 731 894 801 ψυχῆς
951 733 1064 805 ἔχει
1108 740 1533 808 γεγυμνασμένα
1571 744 1691 805 ταῖς
1732 742 1904 808 θείαις

324 824 361 876 Γ
367 826 592 892 βαφαῖς,
631 825 768 894 πρὸς
800 823 1074 894 διάκρισιν
1111 826 1398 898 δογμάτων
1426 831 1647 903 ὑψηλῶν
1688 835 1784 888 καὶ
1810 853 1907 889 τα-

325 916 549 977 πεινῶν,
587 916 756 984 ὑγιῶν
787 917 883 970 καὶ
906 917 1342 990 διεφθαρμένων.
1376 923 1449 977 Οὐ
1486 924 1596 994 γὰρ
1627 927 1755 994 περὶ
1787 926 1904 996 βίου

323 1008 565 1062 ἐνταῦθά
594 1025 727 1078 φησι
747 1025 761 1040 ο
793 1009 982 1065 τοῦτον
1009 1013 1118 1080 γὰρ
1149 1013 1259 1090 πᾶς
1297 1013 1588 1085 διακρίνει,
1627 1016 1721 1069 καὶ
1765 1014 1904 1072 οἶδεν

321 1099 405 1152 δτι
438 1099 646 1168 φαῦλον
680 1103 713 1170 ἡ
744 1101 937 1167 κακία,
983 1103 1077 1155 καὶ
1120 1103 1384 1176 ἀγαθδνή
1417 1107 1611 1179 ἀρετή.
1662 1109 1808 1204 Ὅρα
1847 1111 1902 1164 δὲ

321 1192 403 1242 ὅτι
433 1192 745 1259 γυμνασίας
788 1193 968 1261 χρεία,
1007 1195 1101 1248 καὶ
1134 1195 1440 1268 ἀσκήσεως,
1478 1199 1571 1254 xui.
1608 1192 1902 1271 ἐμπειρίας

320 1279 430 1333 τῶν
455 1281 715 1350 Γραφῶν,
747 1285 794 1335 εί
831 1285 1120 1354 μέλλοιμεν
1147 1286 1443 1360 διακρίνειν
1468 1289 1591 1344 τίνα
1619 1291 1722 1344 τῶν
1749 1295 1902 1363 αἱρε-

318 1361 511 1432 τικῷν,
548 1371 644 1421 καὶ
664 1370 784 1423 τίνα
805 1369 864 1423 οὗ
883 1387 898 1402 ⁰
926 1375 1022 1427 καὶ
1042 1374 1088 1405 ⁸¹
1123 1376 1198 1445 μὴ
1231 1375 1417 1440 ἁπλῶς
1445 1380 1610 1432 πᾶσιν
1636 1361 1901 1434 ἐκδιδόναι

321 1460 384 1513 τὰ
413 1458 552 1514 ὦτα.
581 1462 804 1532 Λάρυγξ
862 1467 962 1535 μὲν
998 1465 1108 1538 γὰρ
1165 1469 1285 1521 σῖτα
1334 1469 1590 1537 γεύεταιο
1645 1469 1792 1542 ψυχὴ
1843 1471 1900 1525 δὲ

318 1550 612 1618 δοκιμάζει
644 1551 858 1621 λόγους.

916 1783 1167 1840 κΕοΑΑ.
1213 1788 1304 1853 ς’.

2011 569 2538 622 consummationem
2563 578 2618 624 et
2676 570 2984 625 ﬁrmitatem
3042 587 3254 626 morum
3307 575 3574 631 nominat.

2009 655 2296 727 Quiigitur
2333 661 2576 716 moribus
2627 663 2850 730 vitaque
2905 664 3097 718 ﬁrmus
3146 673 3252 726 est,
3311 666 3357 720 is
3410 668 3576 720 etiam

2007 751 2203 806 anima:
2231 752 2485 807 sensoria
2517 753 2683 808 habet
2738 755 3036 809 exercitata
3069 757 3122 810 iu
3161 757 3364 812 divinis
3423 758 3577 812 Scri-

2007 842 2204 910 pturis,
2227 842 2294 896 ad
2353 842 2803 910 dijudieationem
2862 847 3144 901 humilium
3173 855 3226 902 et
3263 848 3577 903 sublimium

2005 934 2340 1005 dogmatum,
2377 950 2639 990 sanorum
2700 937 2827 991 item
2877 946 2933 991 et
2992 947 3398 1008 corruptorum.
3461 940 3576 995 Non

2005 1026 2149 1079 enim
2184 1026 2251 1080 de
2279 1026 2386 1082 vita
2427 1027 2516 1082 hic
2548 1028 2832 1097 loquitur:
2867 1043 2987 1084 eam
3017 1031 3163 1084 enim
3194 1033 3579 1103 unusquisque

2006 1116 2300 1186 dijudicat,
2328 1133 2393 1172 ac
2433 1121 2583 1172 novit
2618 1119 2761 1188 quod
2793 1135 2882 1173 res
2943 1133 3110 1190 prava
3141 1121 3209 1176 sit
3240 1122 3470 1185 malitia,
3525 1132 3580 1178 et

2007 1208 2266 1274 resbona
2322 1207 2518 1262 virtus.
2587 1209 2977 1265 Animadverte
3021 1221 3202 1266 autem
3256 1229 3396 1283 opus
3453 1229 3577 1269 esse

2004 1298 2417 1364 exercitatione,
2451 1311 2505 1355 et
2536 1302 2913 1367 meditatione,
2948 1313 3001 1359 et
3030 1305 3226 1376 peritia
3258 1305 3575 1376 Scriptura-

2004 1405 2149 1457 rum,
2181 1391 2228 1446 si
2254 1391 2606 1459 dijudicaturi
2629 1393 2802 1449 simus
2849 1411 3099 1464 quzenam
3153 1397 3267 1451 sint
3296 1397 3574 1462 hmretica,

2002 1490 2056 1535 et
2107 1498 2227 1551 qua:
2260 1499 2394 1548 non,
2435 1493 2489 1538 et
2521 1499 2626 1537 non
2678 1485 2996 1556 simpliciter
3041 1489 3296 1542 omnibus
3355 1503 3578 1541 accom-

2001 1571 2224 1626 modare
2255 1586 2439 1626 aures.
2473 1573 2672 1628 Guttur
2696 1574 2841 1628 enim
2895 1576 3074 1630 cibum
3117 1585 3304 1646 gustat
3332 1593 3348 1632 :
3395 1576 3576 1630 anima

2006 1677 2133 1716 vero
2164 1678 2448 1718 sermones
2482 1665 2695 1732 probat.

2570 1801 2802 1858 CAPUT
2854 1802 2944 1857 Vl.

385 1903 483 1955 Διὸ
500 1903 756 1972 ἀφέντες
782 1902 889 1956 τὸν
916 1903 1028 1970 τῆς
1048 1903 1242 1972 ἀρχῆς
1275 1906 1384 1963 τοῦ
1405 1908 1664 1976 Χριστοῦ
1683 1912 1888 1981 λόγον,

2051 1915 2249 1972 VERSJ
2265 1958 2278 1971 .
2301 1917 2632 1986 Quapropter
2647 1919 3040 1972 intermittentes
3061 1918 3406 1973 inchoationis
3424 1919 3578 1975 Chri-

316 1995 416 2048 ἐπὶ
451 1995 568 2063 τὴν
596 1996 942 2062 τελειότητα
969 1995 1295 2065 φερώμεθα.
1329 1994 1496 2052 Εἶπεν
1525 2000 1784 2072 ἀνωτέρω
1812 2003 1892 2055 ὅτι

315 2086 519 2156 νωθροὶ
576 2088 859 2154 γεγόνατε,
921 2089 1014 2140 καὶ
1048 2088 1129 2140 ὅτι
1182 2089 1401 2160 νήπιοι,
1433 2091 1524 2144 καὶ
1580 2092 1660 2155 είς
1705 2095 1893 2164 χρείαν

317 2181 624 2250 κατέστητε
654 2179 748 2233 τοῦ
782 2181 944 2234 πάλιν
960 2181 1028 2234 τὰ
1055 2180 1246 2250 πρῶτα
1279 2186 1512 2253 στοιχεῖα
1530 2184 1628 2254 τῆς
1659 2187 1894 2251 πίστεως

321 2271 618 2340 μανθάνειν
640 2290 655 2304 ·
682 2274 777 2326 καὶ
815 2272 909 2325 νῦν
934 2269 1027 2326 οὖν
1061 2290 1244 2343 φησιν,
1272 2275 1376 2338 ὅτι,
1406 2276 1499 2328 Δεῖ
1521 2277 1663 2347 ὑμᾶς
1694 2279 1767 2340 ὡς
1807 2297 1897 2331 τε-

318 2361 499 2424 λείους
526 2362 713 2415 λοιπὸν
746 2365 987 2434 φρονεῖν,
1018 2365 1112 2416 καὶ
1141 2363 1446 2435 ὑπερὸἧναι
1471 2367 1562 2420 τὸν
1594 2367 1691 2437 τῆς
1723 2371 1896 2438 ἀρχῆς

317 2452 415 2504 τοῦ
447 2453 684 2522 Χριστοῦ
720 2452 895 2519 λόγον,
919 2453 1185 2520 τουτέστι,
1218 2456 1315 2517 τὰς
1345 2455 1566 2526 πρώτας
1595 2459 1767 2527 ἀρχὰς
1797 2461 1897 2529 τῆς

320 2544 583 2606 πίστεως,
643 2545 735 2596 καὶ
787 2547 878 2596 ἐπὶ
907 2545 1006 2615 τὴν
1059 2546 1372 2616 τελειότητα
1426 2547 1706 2617 φέρεσθαι,
1742 2567 1896 2602 τουτ-

316 2638 458 2700 έστι,
490 2636 600 2688 τῶν
624 2635 968 2708 ὑψηλοτέρων
1007 2631 1142 2691 εἶναι
1174 2639 1472 2704 δεκτικούς.
1508 2642 1576 2692 Ἢ
1627 2643 1718 2694 καὶ
1755 2642 1896 2695 οὕτω

316 2728 486 2782 τοῦτο
529 2732 774 2799 νοήσεις·
808 2732 890 2783 ὅτι
940 2731 1129 2802 ἐπειδὴ
1167 2732 1427 2802 χωλεύειν
1461 2735 1588 2804 περὶ
1624 2735 1722 2805 τὴν
1750 2735 1898 2787 πολι⁹

315 2820 478 2874 τείαν
511 2820 582 2853 ⁸¹’
607 2812 747 2874 οὗτοι
773 2821 1010 2882 ἐδόκουν,
1040 2823 1189 2891 λέγει
1235 2823 1331 2876 νῦν
1373 2825 1558 2888 αὐτοῖς
1607 2828 1733 2896 περὶ
1779 2828 1896 2897 βίου

319 2912 728 2978 ἀνεπιλήπτου,
801 2913 1005 2966 ὡσανεὶ
1072 2914 1231 2968 τοῦτο
1282 2916 1475 2984 λέγων,
1535 2919 1637 2980 ὅτι,
1693 2920 1766 2972 Οὐ
1819 2920 1899 2972 δεῖ

319 3001 466 3070 ὑμᾶς
493 3003 539 3033 ⁸³
587 3003 673 3053 ἀεὶ
710 3003 837 3072 περὶ
873 3002 973 3074 τὴν
1019 3004 1193 3075 ἀρχὴν
1225 3005 1574 3074 στρέφεσθαι,
1629 3008 1895 3071 τουτέστι,

321 3095 462 3165 περὶ
523 3095 758 3159 πίστεως
801 3097 1193 3165 διδάσκεσθαι,
1249 3099 1439 3170 ὥσπερ
1501 3104 1899 3172 είσαγωγικούς

319 3203 498 3250 τινας.
529 3186 661 3240 ἀλλὰ
692 3188 788 3240 καὶ
823 3190 916 3242 ἐπὶ
949 3189 1050 3259 τὴν
1081 3190 1392 3259 τελειότητα
1416 3192 1698 3263 φέρεσθαι,
1744 3211 1896 3247 τουτ-
1924 3221 1963 3275 C

319 3280 494 3341 ἐστιν,
525 3280 616 3332 ἐπὶ
640 3281 733 3333 τὸν
767 3282 992 3350 ἄριστον
1024 3281 1159 3351 βίον.
1189 3282 1405 3344 Τέλειος
1438 3283 1546 3354 γὰρ
1579 3287 1806 3350 ἐκεῖνος,
1834 3286 1892 3348 ὃς

318 3372 461 3441 μετὰ
486 3375 583 3442 τῆς
619 3371 855 3435 πίστεως
901 3375 998 3426 καὶ
1029 3372 1148 3442 βίον
1190 3373 1303 3443 ἔχει
1349 3373 1533 3444 ὀρθόν.
1582 3375 1748 3446 Ἀρχὴ
1794 3376 1894 3444 μὲν

312 3465 426 3534 γὰρ
465 3463 562 3516 καὶ
611 3462 858 3532 θεμέλιος
898 3464 931 3533 ἡ
975 3464 1178 3527 πίστις,
1216 3466 1309 3518 καὶ
1339 3465 1467 3520 ἄνευ
1509 3466 1713 3536 ταύτης
1741 3469 1892 3521 οὐδὲν

314 3553 738 3623 ἑδρασθήσεται,
764 3553 955 3624 ὥσπερ
992 3555 1111 3607 οὐδὲ
1135 3554 1264 3608 ἄνευ
1291 3557 1572 3626 στοιχείων
1602 3558 1798 3624 γένοιτ’
1827 3558 1893 3611 ἄν

313 3661 403 3707 τις
446 3645 712 3716 ἔμπειρος
754 3647 1126 3717 γραμμάτων.
1164 3646 1313 3716 Πλὴν
1357 3646 1481 3699 οὕτε
1535 3633 1640 3702 ἀει
1666 3651 1794 3719 περὶ
1823 3649 1894 3705 τὰ

314 3739 558 3806 στοιχεῖα
610 3736 940 3806 στρέφεσθαι
988 3737 1089 3802 δεῖ,
1127 3735 1251 3790 οὔτε
1299 3738 1386 3790 ἀεὶ
1416 3737 1492 3802 ὡς
1520 3741 1748 3810 νηπίους
1796 3742 1893 3795 καὶ

311 3827 526 3890 ἀτελεῖς
609 3831 738 3898 περὶ
813 3830 1048 3891 πίστεως
1103 3829 1480 3883 διδάσκεσθαι.
1562 3831 1624 3885 Ei
1710 3833 1768 3885 δέ.
1807 3849 1891 3896 τις

309 3920 416 3988 τὴν
449 3919 549 3988 μὲν
606 3919 884 3990 προτέραν
925 3920 1149 3990 ἐκδοχὴν
1197 3921 1576 3992 παραδέχοιτο,
1605 3922 1809 3993 ταύτην
1833 3925 1893 3978 δὲ

311 4011 713 4082 ἀποδοκιμάζει
765 4011 841 4074 ὡς
887 4013 1248 4066 ἀνακόλουθον
1277 4013 1456 4067 οὖσαν
1500 4018 1609 4078 τοῖς
1643 4018 1890 4088 προρρη-

310 4105 490 4158 θεῖσιν
521 4106 630 4160 ὑπὸ
661 4107 754 4160 τοῦ
791 4107 1030 4172 Παύλου,
1060 4108 1315 4161 ἐννοείτω
1339 4109 1412 4172 ὡς
1443 4107 1564 4172 ἔθος
1592 4110 1742 4178 αὐτῷ
1775 4111 1890 4163 ἐστι

309 4200 448 4270 περὶ
476 4200 655 4253 ἄλλων
693 4200 908 4268 λέγοντι
954 4201 1035 4263 είς
1067 4199 1202 4254 ἄλλα
1237 4201 1592 4272 μεταπηδᾷνο
1619 4201 1784 4273 ὼςσὲν
1822 4205 1887 4274 τῇ

309 4290 451 4360 πρὸς
499 4291 844 4361 Κορινθίους,
876 4292 1006 4361 περὶ
1037 4291 1148 4345 τῶν
1175 4292 1407 4348 δείπνων
1451 4293 1648 4360 λέγων,
1678 4294 1758 4356 είς
1798 4295 1892 4349 τὸν

308 4382 441 4450 περὶ
476 4383 588 4436 τῶν
618 4382 934 4453 μυστηρίων
960 4383 1120 4451 λόγον
1142 4383 1418 4438 ὲνὲὄαλεν.
1453 4382 1641 4446 Οὕτως
1673 4380 1766 4437 οὖν
1795 4385 1890 4438 καὶ

307 4473 410 4526 νῦν
441 4474 717 4537 ὀνειδίζων
749 4477 806 4527 ὲν
834 4475 976 4545 ἀρχῇ
1010 4475 1219 4539 τούτοις
1256 4475 1574 4545 νωθρότητα
1603 4476 1697 4528 καὶ
1725 4475 1890 4528 ἀσθέ-

1999 2009 2400 2072 stisermonem,
2432 2009 2500 2062 ad
2523 2009 2895 2078 perfectionem
2920 2009 3175 2079 feramur.
3204 2011 3378 2080 Supra
3394 2011 3530 2064 dixit
3559 2029 3572 2066 :

1997 2099 2206 2169 Segnes
2238 2100 2364 2155 facti
2395 2102 2551 2167 estis,
2589 2112 2642 2156 et
2673 2101 2934 2164 infantes,
2986 2109 3148 2171 atque
3205 2106 3270 2155 ad
3303 2118 3420 2156 eam
3445 2104 3577 2157 ada-

1996 2193 2068 2246 (ιιί
2099 2194 2230 2245 estis
2269 2193 2673 2259 necessitatem,
2703 2204 2760 2246 ut
2791 2194 2901 2260 jam
2944 2194 3064 2248 sitis
3090 2195 3143 2246 in
3181 2193 3302 2247 ﬁdei
3333 2195 3574 2248 elemen-

1997 2281 2068 2336 tis
2109 2283 2465 2347 instituendi;
2513 2299 2661 2337 nune
2720 2299 2873 2349 vero,
2935 2285 3184 2355 Oportet,
3243 2285 3440 2354 inquit,
3478 2300 3575 2340 vos

1995 2371 2254 2440 deinceps
2299 2388 2394 2424 ceu
2437 2371 2711 2441 perfectos
2767 2386 2984 2440 sapere,
3041 2388 3106 2426 ac
3173 2375 3567 2428 transcendere

1997 2477 2303 2518 sermonem
2337 2463 2617 2532 primordii
2662 2463 2888 2528 Christi,
2917 2463 3019 2518 hoc
3067 2473 3173 2528 est,
3229 2465 3400 2533 prima
3445 2467 3568 2521 ﬁdei

1999 2551 2327 2618 rudimenta,
2354 2563 2408 2608 et
2437 2554 2501 2606 ad
2541 2555 2711 2623 periei
2733 2555 2939 2608 tionem
2972 2555 3126 2622 ferri,
3149 2556 3251 2609 hoc
3274 2566 3374 2620 est,
3417 2559 3576 2611 altio-

1999 2657 2118 2694 rum
2146 2657 2265 2697 esse
2291 2659 2541 2711 capaces.
2581 2642 2673 2697 Vel
2709 2645 2850 2698 hunc
2873 2645 2937 2696 ad
2970 2645 3189 2697 modum
3220 2645 3364 2698 hunc
3391 2647 3571 2700 locum

2001 2732 2308 2800 intelligere
2338 2732 2579 2802 poteris:
2613 2734 2752 2799 Quia
2793 2735 2868 2788 illi
2914 2737 2965 2787 in
3003 2737 3126 2789 vita:
3159 2737 3575 2790 conversatione

1999 2825 2306 2877 claudicare
2353 2825 2701 2887 videbuntur,
2735 2826 2900 2878 verba
2933 2826 3038 2892 iatn
3091 2826 3172 2880 eis
3207 2828 3333 2880 facit
3362 2829 3427 2880 de
3463 2831 3574 2880 vita

2000 2913 2484 2982 irreprchensihili,
2513 2915 2735 2982 perinde
2752 2916 2906 2983 quasi
2938 2914 3039 2968 hoc
3064 2914 3210 2967 dicat
3234 2932 3244 2965 :
3275 2914 3390 2968 Non
3410 2929 3574 2984 opor-

2003 3012 2077 3058 tet
2101 3021 2196 3058 vos
2231 3021 2446 3074 semper
2473 3007 2616 3059 circa
2648 3006 2912 3074 principia
2970 3007 3200 3069 versari,
3237 3007 3338 3060 hoc
3368 3013 3474 3070 est,
3504 3004 3572 3059 de

2001 3097 2103 3151 ﬁde
2126 3098 2334 3161 doceri,
2361 3108 2617 3166 tanquam
2649 3098 2886 3153 novitios
2909 3099 3205 3167 quosdam;
3232 3098 3324 3152 sed
3355 3098 3420 3151 ad
3449 3113 3573 3167 per—

2001 3185 2291 3240 fectionem
2313 3187 2476 3240 etiam
2503 3197 2585 3240 est
2603 3187 2956 3264 pergendum,
2975 3187 3080 3241 hoc
3102 3198 3206 3251 est,
3223 3187 3288 3240 ad
3311 3187 3572 3256 optimam

2002 3278 2191 3334 vitam.
2224 3275 2503 3332 Perfectus
2532 3280 2680 3332 enim
2713 3280 2803 3334 ille
2825 3289 2927 3346 est,
2955 3280 3049 3349 qui
3099 3294 3223 3334 cum
3259 3280 3364 3334 ﬁde
3406 3280 3572 3332 vitam

1999 3379 2204 3423 rectam
2235 3369 2418 3424 habet.
2485 3369 2614 3424 Nam
2671 3371 3000 3440 principium
3055 3377 3110 3424 et
3162 3365 3572 3422 iundamentuu't

1999 3461 2131 3517 ﬁdes
2161 3470 2265 3524 est,
2293 3463 2432 3515 citra
2463 3477 2625 3532 quam
2660 3464 2798 3516 nihil
2831 3463 2937 3517 erit
2959 3462 3216 3526 solidum,
3251 3461 3478 3531 perinde
3509 3476 3574 3514 ac

1998 3567 2174 3621 neque
2196 3553 2315 3607 sine
2332 3553 2615 3608 elementis
2629 3555 2898 3624 quispiam
2911 3568 3116 3624 gnarus
3137 3555 3226 3608 ﬁat
3245 3556 3573 3608 litterarum.

1994 3645 2158 3716 682
2192 3646 2357 3714 Atqui
2383 3662 2492 3700 non
2515 3661 2731 3715 semper
2762 3647 2910 3701 circa
2962 3647 3231 3702 elementa
3293 3660 3392 3701 nos
3449 3661 3576 3699 ver~

1997 3737 2115 3789 sari
2153 3743 2391 3804 oportet,
2433 3751 2609 3804 neque
2638 3751 2852 3804 semper
2877 3735 3055 3790 inﬁde
3084 3735 3318 3800 institui,
3379 3742 3439 3788 ut
3491 3734 3576 3788 in-

1995 3826 2172 3882 fantes
2202 3835 2257 3881 et
2289 3826 2661 3896 imperfectos.
2707 3825 2802 3881 Sin
2841 3841 2973 3883 vero
3002 3829 3293 3898 quisquam
3333 3827 3571 3896 priorem

1995 3918 2322 3973 sententiam
2363 3920 2607 3988 recipere
2653 3921 2826 3983 malit,
2865 3921 3007 3974 hanc
3047 3935 3176 3974 vero
3231 3919 3462 3988 rcjiciat,
3511 3926 3572 3971 ut

1993 4027 2116 4080 quae
2144 4011 2216 4066 sit
2248 4011 2658 4082 inconsequens
2703 4013 2772 4067 iis
2794 4027 2915 4080 quae
2957 4027 2987 4064 a
3044 4011 3212 4065 Paulo
3251 4024 3571 4079 praememo-

1995 4115 2109 4156 rata
2134 4114 2282 4167 sunt,
2327 4105 2542 4158 noverit
2565 4110 2710 4173 quod
2743 4104 2833 4159 ille
2856 4104 2986 4158 dum
3015 4103 3082 4157 de
3119 4116 3226 4155 uno
3249 4102 3433 4170 aliquo
3461 4099 3574 4154 dis-

1993 4195 2146 4258 serit,
2175 4194 2241 4249 ad
2265 4196 2370 4250 alia
2410 4196 2688 4252 transilire
2718 4196 2898 4250 solet:
2956 4203 3015 4249 ut
3069 4195 3124 4247 in
3177 4192 3424 4262 Epistola
3489 4191 3556 4244 ad

1991 4286 2329 4352 Corinthios,
2360 4287 2428 4342 de
2449 4288 2623 4343 caenis
2646 4298 2699 4342 et
2725 4287 2994 4342 conviviis
3024 4285 3280 4355 loquens,
3341 4284 3395 4337 in
3451 4297 3572 4338 ser-

1993 4391 2209 4432 monem
2255 4378 2323 4432 de
2353 4380 2628 4449 mysteriis
2674 4378 2891 4432 incidit.
2952 4376 3108 4431 Hanc
3171 4376 3236 4430 ad
3298 4376 3565 4430 rationem

1993 4469 2156 4524 etiam
2193 4485 2340 4525 nunc
2369 4473 2422 4524 in
2457 4471 2730 4541 principio
2779 4471 3047 4540 obiiciens
3075 4469 3158 4524 eis
3191 4470 3479 4539 segnitiem
3515 4479 3568 4522 et

308 4581 464 4618 νειαν
517 4567 654 4635 πρὸς
699 4565 767 4618 τὰ
794 4564 1104 4635 τελειότερα
1134 4565 1569 4636 παραδέξασθαι,
1618 4567 1890 4621 εἰσϐάλλει

2000 4560 2434 4615 imbecillitatem
2488 4562 2542 4616 in
2599 4561 3024 4631 perfectioribus
3107 4558 3458 4628 recipiendis,
3511 4557 3566 4610 in

307 4657 393 4716 εἰς
446 4655 542 4706 τὸν
581 4655 713 4725 περὶ
756 4657 857 4723 τῆς
904 4656 1182 4718 πολιτείας
1235 4657 1416 4724 λόγον,
1447 4657 1660 4720 ἀτελεῖς
1703 4657 1885 4712 καλῶν

308 4746 530 4808 αὐτοὺς,
560 4746 658 4798 καὶ
675 4744 764 4798 διὰ
794 4745 973 4812 τοῦτο,
1015 4747 1097 4800 ὃτι
1128 4747 1200 4818 μὴ
1235 4748 1413 4801 πίστει
1443 4749 1536 4800 τὸν
1568 4748 1682 4819 βίον
1715 4765 1886 4820 προσ.

313 4836 532 4892 ἔθεσαν.

385 4929 477 4993 Μὴ
505 4927 696 4981 πάλιν
721 4929 997 4998 θεμέλιον
1025 4933 1537 5001 καταϐαλλόμενοι
1563 4935 1886 5002 μετανοίας

310 5020 428 5073 ἀπὸ
456 5037 592 5087 rex;
607 5020 692 5073 ὧν
717 5021 925 5091 ἔργων,
967 5024 1064 5077 καὶ
1091 5025 1351 5087 πίστεως
1387 5025 1485 5078 ἐπὶ
1515 5028 1684 5082 Θεόν.
1715 5027 1888 5080 Τουτ-

311 5107 453 5171 ἐστι,
509 5109 586 5180 μὴ
639 5112 802 5164 πάλιν
853 5113 915 5177 ἐξ
951 5114 1124 5183 ἀρχῆς
1171 5114 1396 5167 τοιαῦτα
1445 5116 1746 5181 ποιοῦντες,
1801 5113 1887 5172 οἵα

310 5199 547 5251 ἐποιεῖτε
593 5202 834 5269 ὁπηνίκα
887 5203 1143 5272 ἐμέλλετε
1195 5204 1584 5270 βαπτίζεσθαι,
1632 5201 1744 5260 οἷον
1786 5209 1885 5281 τὴν

308 5286 420 5340 ἀπὸ
439 5291 652 5360 νεκρῶν
682 5292 860 5362 ἔργων
896 5294 1206 5362 μετάνοιαν,
1235 5295 1504 5360 τουτέστι,
1535 5296 1635 5366 τὴν
1678 5299 1884 5351 ἀποτει-

310 5380 414 5451 γὴν
441 5381 551 5434 τῶν
586 5381 766 5453 ἔργων
785 5381 881 5436 τοῦ
913 5383 1146 5442 Σατανᾶ.
1211 5385 1271 5438 Ὀ
1309 5385 1417 5453 γὰρ
1447 5387 1884 5457 προσερχόμενος

311 5471 390 5542 τῷ
419 5473 663 5546 Χριστῷ,
700 5475 964 5546 πρόδηλον
993 5477 1076 5531 ὅτι
1103 5477 1378 5547 μετανοῶν
1404 5478 1496 5531 ἐπὶ
1523 5478 1600 5550 τῷ
1632 5479 1887 5551 προτέρῳ

1995 4668 2305 4708 sermonem
2339 4653 2406 4707 de
2441 4655 2683 4709 moribus
2703 4665 2755 4709 et
2780 4654 3206 4709 conversatione
3235 4651 3428 4710 fertur,
3470 4654 3570 4703 im-

1996 4744 2264 4814 perfectos
2289 4757 2384 4797 eos
2411 4758 2632 4810 vocans,
2663 4756 2946 4815 propterea
2965 4745 3110 4816 quod
3133 4745 3252 4799 ﬁdei
3272 4760 3383 4800 snzc
3407 4745 3567 4797 vitam

1995 4851 2102 4890 non
2134 4835 2462 4904 adjecerint.

2065 4927 2187 4982 Non
2206 4945 2419 4984 rursum
2443 4928 2700 4997 jocientes
2725 4928 3123 4995 fundamentum
3153 4928 3467 4997 poenitentia:
3502 4925 3567 4978 ab

1993 5023 2233 5090 operibus
2256 5023 2499 5088 mortuis,
2531 5029 2581 5074 et
2637 5021 2762 5090 ﬁdei
2789 5021 2857 5073 ad
2888 5021 3072 5074 Deum.
3112 5019 3240 5076 'Hoe
3296 5029 3402 5085 est,
3459 5035 3564 5073 non
3596 5024 3614 5098 ς’

1993 5128 2188 5169 rursus
2212 5129 2278 5168 ex
2311 5114 2522 5183 integro
2555 5111 2822 5168 facientes
2854 5127 2973 5182 quae
2998 5110 3288 5167 faciebatis
3347 5111 3565 5179 quando
3601 5104 3603 5107 ’

1990 5207 2318 5276 baptismate
2351 5207 2606 5261 abluendi
2638 5206 2830 5270 eratis,
2871 5221 3065 5277 nempe
3121 5204 3500 5277 ptenitentiam
3533 5218 3565 5258 e

1995 5297 2225 5352 mortuis
2252 5297 2534 5366 operibus,
2570 5297 2674 5352 hoc
2705 5306 2812 5364 est,
2839 5297 3303 5352 renuntiationcm
3337 5307 3563 5362 operum

1992 5385 2227 5442 Satanae.
2253 5387 2357 5453 Qui
2389 5390 2536 5444 enim
2560 5390 2785 5446 Christo
2805 5390 3039 5454 accedit,
3067 5387 3285 5456 planum
3309 5392 3392 5440 est
3417 5385 3566 5454 quod
3631 5421 3636 5425 ρ

1994 5479 2315 5548 paenitentia
2345 5480 2546 5554 prioris
2583 5480 2858 5552 dogmatis
2915 5489 2970 5535 ct
3027 5476 3153 5535 vitae
3201 5475 3423 5542 ductus,
3483 5475 3566 5534 sic

1546 5686 1557 5696 -
1623 5658 1824 5722 Variae
1870 5658 2200 5724 lectiones.

401 5753 448 5786 "
477 5753 614 5810 ἀλλά
633 5771 688 5811 o.
763 5755 832 5788 “‘
858 5755 1038 5810 πίστιν
1075 5770 1126 5812 o.
1203 5757 1249 5788 ⁸³
1278 5755 1422 5826 ἡμᾶς
1443 5771 1496 5812 o.
