4014 6208
422 365 522 430 251

1331 361 1905 426 THEOPHYLAC'I‘I
1937 354 2345 422 BULGARIE
2380 359 2736 421 ARCHIEP.

3557 357 3666 422 25?.

422 480 644 533 accedat
679 498 692 534 :
728 478 833 532 nisi
885 477 1029 533 enim
1090 476 1471 531 eoudcmnarit
1537 476 1799 546 priorem,
1850 489 1987 543 quo-

2106 471 2182 524 ιαι
2213 471 2446 541 δόγματι
2489 472 2584 524 καὶ.
2626 470 2748 542 βίῳ,
2788 467 2931 522 οὕτω
2979 466 3298 539 πρόσεισιν⁶
3344 467 3394 520 εἰ
3427 468 3502 537 μὴ
3557 471 3666 539 γὰρ

425 570 590 622 modo
624 582 817 622 novam
859 569 1023 621 vitam
1050 566 1344 621 ordiet‘ur?
1378 567 1508 620 Eam
1568 567 1639 621 ob
1664 580 1776 620 rem
1806 562 1992 630 infert,

420 671 470 713 et
500 659 624 728 ﬁdei
674 659 728 710 in
791 657 975 712 Deum.
1035 658 1419 713 Paenitentiam
1470 657 1613 712 enim
1673 672 1703 711 a
1762 654 1998 709 mortuis

422 750 680 819 operibus
707 748 839 804 lldes
871 749 1144 818 sequitur.
1200 749 1290 803 Ait
1337 749 1544 819 itaque,
1604 746 1724 801 Non
1781 752 1995 815 oportet

417 843 529 910 jam
564 856 661 895 vos
689 841 741 894 in
771 841 876 896 fide
897 841 1130 899 institui.
1166 850 1427 912 tanquam
1456 841 1567 908 jam
1624 841 1857 911 primum
1911 838 1992 891 in-

423 931 681 1000 ciperetis
715 932 1080 1003 :jampridem
1128 935 1272 988 enim
1337 934 1675 989 credidistis.
1739 930 1843 985 Per
1882 931 1995 984 haec

420 1034 602 1077 autent
634 1024 833 1089 innuit,
858 1024 1000 1093 quod
1060 1025 1542 1088 concutiebantur,
1593 1038 1658 1078 ac
1707 1030 1992 1093 propterea

422 1113 779 1169 fundamento
811 1116 1152 1185 indigebant.

475 1227 719 1283 Vens.2.
787 1228 1117 1298 Baptismum
1144 1231 1424 1285 doctrina.
1487 1230 1604 1284 Non
1654 1247 1755 1285 ceu
1826 1231 1993 1285 multa

422 1318 532 1371 sint
563 1317 911 1387 baptistnata,
954 1320 1006 1374 in
1051 1321 1247 1388 plurali
1283 1334 1514 1373 numero
1542 1321 1645 1374 ltoc
1674 1318 1881 1374 Paulus
1906 1320 1993 1374 di-

422 1408 500 1459 xit
532 1424 740 1470 ;unnnt
767 1410 913 1465 enim
946 1421 1029 1465 est
1063 1410 1333 1480 baptisma
1360 1412 1404 1442 ¹⁶
1435 1428 1449 1464 :
1506 1409 1603 1465 sed
1668 1410 1810 1479 quod
1850 1411 1998 1465 vt-lut

422 1511 487 1552 ex
521 1502 886 1571 consequenti
928 1502 1029 1555 hoc
1060 1501 1366 1571 contingat.
1395 1501 1451 1556 Si
1487 1500 1632 1557 enim
1666 1501 1862 1555 iterum
1902 1518 1997 1558 eos

423 1591 478 1644 in
506 1592 822 1658 primordiis
888 1594 1171 1664 religionis
1233 1594 1567 1667 institueret,
1639 1609 1834 1650 rursus
1900 1594 1998 1649 ba-

423 1683 655 1752 ptizaret
685 1691 776 1748 ;et
797 1696 1084 1755 postquam
1115 1684 1253 1755 lapsi
1300 1696 1485 1739 essent
1530 1686 1859 1756 baptizaret,
1913 1695 1997 1740 at-

422 1789 530 1843 que
562 1773 783 1839 iterum,
818 1791 913 1843 per
942 1775 1255 1845 hujusmodi
1302 1776 1702 1832 reiterationem
1739 1792 1993 1833 necessa-

421 1867 506 1921 rio
524 1874 709 1921 essent
726 1867 978 1938 baptismi
1005 1869 1157 1923 tnnlti
1186 1885 1201 1923 :
1222 1885 1413 1924 verum
1441 1868 1543 1924 hoc
1568 1877 1654 1922 est
1671 1869 1996 1925 absurdum.

422 1954 540 2012 Non
570 1967 783 2028 oportet
807 1959 971 2030 igitur
998 1975 1093 2016 vos
1142 1962 1405 2015 reiterare
1456 1960 1751 2031 baptisma,
1802 1962 1896 2016 sed
1941 1962 1996 2016 in

424 2050 593 2117 priori
636 2052 962 2121 baptismate
988 2067 1363 2122 perseverare.
1414 2052 1674 2110 Fortasse
1728 2062 1908 2109 autem
1943 2062 2005 2107 et

425 2140 524 2203 iiii,
559 2143 726 2210 utqui
760 2143 859 2213 legi
883 2143 1060 2199 adhuc
1082 2143 1221 2198 afﬁxi
1253 2154 1430 2207 erant,
1457 2146 1660 2201 multos
1694 2146 1998 2216 baptismos

423 2231 656 2287 Iudaico
687 2234 836 2289 inore
863 2236 1021 2290 etiam
1077 2237 1183 2292 sub
1217 2237 1387 2306 gratia
1442 2237 1832 2308 praedicabant.
1885 2236 2005 2292 Ob-

428 2334 583 2373 serva
615 2328 799 2374 autem
826 2322 970 2391 quod
1000 2325 1378 2392 paenitentiam
1407 2324 1716 2395 baptismus
1759 2327 1998 2396 excipie-

426 2414 536 2468 bat.
569 2414 843 2480 Quoniam
867 2416 1012 2471 enitn
1044 2417 1368 2488 paenitentia
1423 2418 1539 2489 ipsa
1594 2434 1689 2488 per
1726 2433 1848 2475 sese
1889 2436 1998 2474 non

423 2503 597 2571 possit
634 2519 801 2573 puros
825 2505 1075 2569 reddere,
1143 2515 1430 2575 propterea
1516 2506 1880 2578 baptizamur,
1941 2516 2009 2565 ut

424 2596 741 2650 universum
797 2595 868 2651 sit
897 2597 1086 2666 gratia:
1117 2598 1346 2653 Christi.

497 2682 859 2754 Impositiouis
883 2704 1084 2757 quoque
1112 2705 1390 2743 manuum.
1426 2688 1530 2745 Per
1551 2706 1690 2761 quas
1728 2691 1996 2762 Spiritum

422 2776 794 2847 accipiebant,
833 2789 891 2833 ιιι
924 2779 1325 2849 pr0pltetarent
1362 2789 1417 2837 et
1464 2784 1729 2837 miracula
1755 2784 1997 2839 ederent.

423 2867 560 2922 Nam
592 2885 716 2923 cum
752 2870 1105 2940 imposuisset
1132 2872 1241 2926 illis
1270 2888 1464 2930 manus
1509 2873 1740 2941 Paulus,
1773 2890 2002 2944 accepe—

423 2969 573 3024 runt,
607 2961 802 3031 inquit.
830 2962 1090 3033 Spiritum
1120 2974 1394 3019 sanctum.

492 3072 562 3126 Et
584 3076 981 3129 resurrectionis
1014 3085 1362 3133 mortuorum.
1394 3076 1506 3132 lloc
1531 3078 1675 3133 enim
1731 3080 1784 3134 in
1818 3081 2002 3151 bapti-

2098 560 2352 631 καταγνῷ
2388 560 2484 613 τοῦ
2525 561 2813 632 προτέρου,
2849 558 2968 622 πῶς
3007 557 3102 612 τοῦ
3134 557 3390 627 δευτέρου
3434 556 3667 626 ἅψεταις

2095 654 2188 708 Διὸ
2214 654 2429 722 ἐπάγει,
2455 654 2553 706 καὶ
2596 654 2856 719 πίστεως
2890 651 2992 706 ἐπὶ
3024 652 3193 707 om.
3249 651 3404 706 Μετὰ
3428 650 3537 720 γὰρ
3569 650 3668 723 τὴν

2096 745 2188 798 ἐπὶ
2233 747 2347 808 τοῖς
2388 748 2604 816 νεκροῖς
2638 745 2824 816 ἔργοις
2871 743 3185 815 μετάνοιαν,
3223 742 3347 826 τότε
3375 743 3410 813 ἠ
3461 743 3665 807 πίστις.

2093 839 2263 909 Φησὶν
2290 834 2406 903 οὖν,
2437 839 2541 903 ὅτι,
2585 838 2660 891 υῠ
2694 838 2777 891 δεῖ
2805 836 2952 907 ὑμᾶς
2979 836 3106 904 περὶ
3135 834 3369 897 πίστεως
3393 834 3669 888 διδάσκειν

2096 931 2169 992 ὡς
2205 930 2579 1001 ἀρχομένουςο
2628 929 2727 1000 ἤδη
2775 928 2884 999 γὰρ
2922 925 3305 981 ἐπιστεύσατε.
3359 925 3668 979 Αἱνίττεται

2094 1022 2150 1074 δὲ
2191 1021 2279 1075 διὰ
2307 1021 2534 1083 τούτων,
2586 1021 2669 1074 ὅτι
2715 1019 2811 1074 καὶ
2854 1016 3202 1084 ἒσαλεὺοντο,
3233 1016 3331 1071 καὶ
3381 1015 3469 1070 διά
3508 1015 3670 1071 τοῦτο

2095 1113 2306 1165 ἐδέοντο
2338 1111 2616 1181 θεμελίου.

2164 1226 2525 1297 Βαπτισμῶν
2553 1225 2826 1295 διδαχῆς.
2860 1227 2973 1296 Οὐχ
3003 1225 3079 1289 ὡς
3118 1223 3327 1278 πολλῶν
3358 1224 3526 1277 ὄντων
3555 1222 3669 1277 τῶν

2098 1320 2421 1391 βαπτισμῶν
2458 1319 2834 1391 πληθυντικῶς
2864 1319 3022 1373 τοῦτο
3063 1314 3216 1372 εἶπεν
3246 1318 3274 1371 ὁ
3319 1315 3564 1379 Παῦλος·
3605 1313 3668 1368 ἓν

2096 1414 2202 1485 γάρ
2233 1416 2350 1467 ἐστι
2379 1414 2666 1484 βάπτισμα
2687 1427 2702 1442 ·
2725 1411 2843 1466 ἀλλ’
2875 1412 2952 1475 ὡς
2979 1411 3046 1465 ἐκ
3064 1408 3160 1465 τοῦ
3183 1408 3480 1463 ἀκολούθου
3503 1407 3667 1462 τοῦτο

2099 1504 2418 1574 συμϐαῖνον.
2457 1506 2519 1558 Ei
2549 1505 2659 1575 γὰρ
2697 1502 2861 1558 πάλιν
2898 1504 3149 1573 κατήκει,
3185 1502 3283 1556 καὶ
3324 1499 3486 1554 πάλιν
3533 1497 3667 1553 ἐϐά-

2100 1597 2255 1658 πτιζε
2277 1613 2289 1626 ·
2318 1598 2412 1648 καὶ
2442 1596 2602 1649 πάλιν
2626 1595 3047 1666 παραπεσόντας
3074 1591 3333 1656 essent;
3349 1609 3363 1623 ·
3384 1590 3479 1645 καὶ
3505 1589 3669 1643 πάλιν

2099 1688 2284 1741 πολλοὶ
2308 1688 2358 1740 οἱ
2394 1687 2695 1757 βαπτισμοὶ
2723 1685 3040 1755 ἀναγκαίως
3059 1700 3074 1714 ·
3105 1684 3240 1739 ἀλλά
3261 1682 3421 1737 τοῦτο
3446 1681 3667 1736 ἄτοπον.

2026 1777 2212 1881 Βοὺχ
2267 1778 2373 1847 ἄρα
2406 1777 2487 1830 δεῖ
2538 1775 2934 1839 ἀναϐατιτιζειν
2983 1775 3151 1846 ὑμᾶς,
3178 1772 3532 1881 ἀλλάτμένειν
3574 1771 3673 1881 in).

2097 1865 2191 1920 τοῦ
2220 1867 2488 1937 προτέρου
2516 1865 2915 1937 βαπτίσματος.
2944 1867 3106 1930 Ἴσως
3118 1864 3184 1898 ⁸³*
3209 1863 3267 1917 δὲ
3296 1856 3445 1917 οὗτοι
3468 1860 3546 1925 ὡς
3585 1860 3670 1915 ἔτι

2097 1956 2192 2010 τοῦ
2240 1948 2405 2024 νόμου
2461 1957 2812 2027 ἀντεχόμενοι
2861 1955 3092 2018 πολλοὺς
3138 1952 3482 2025 βαπτισμοὺς
3534 1951 3674 2005 Ἰου-

2097 2047 2298 2111 δαϊκῶς
2337 2050 2433 2101 καὶ
2474 2049 2534 2101 ἐν
2580 2050 2645 2118 τῇ
2690 2048 2874 2120 χάριτι
2911 2045 3266 2118 ἐπρέσϐευον.
3297 2044 3441 2114 ’Ὅρα
3487 2041 3546 2096 δὲ
3585 2042 3670 2096 ὅτι

2102 2142 2241 2209 μετά
2287 2140 2386 2210 τὴν
2428 2140 2721 2209 μετάνοιαν
2770 2139 2834 2193 τδ
2884 2137 3190 2209 βάπτισμα.
3241 2132 3460 2204 Ἐπειδὴ
3495 2132 3602 2205 γάρ
3634 2134 3669 2203 ἡ

2102 2230 2361 2299 μετάνοια
2395 2229 2533 2301 αὐτὴ
2587 2228 2707 2283 καθ’
2739 2229 2911 2299 αὐτὴν
2963 2229 3065 2282 οὐκ
3114 2228 3342 2297 ὲπίσχυε
3397 2224 3671 2294 καθαροὺς

2097 2320 2290 2387 δεῖξαι,
2318 2320 2407 2375 διὰ
2444 2321 2601 2374 τοῦτο
2632 2320 3028 2392 βαπιξόμεθα,
3054 2321 3141 2375 ἴνα
3162 2319 3263 2388 τῆς
3289 2318 3385 2372 τοῦ
3432 2313 3673 2388 Χριστοῦ

2098 2411 2319 2481 χάριτος
2336 2412 2398 2464 τὸ
2431 2413 2534 2465 πᾶν

2171 2690 2531 2762 Ἐπιθέσεώς
2555 2711 2622 2750 τε
2660 2693 2897 2765 χειρῶν.
2946 2696 3025 2749 Δι’
3054 2689 3129 2750 ὧν
3157 2695 3219 2747 τὸ
3248 2691 3479 2764 Πνεῦμα·
3500 2689 3681 2761 ὲλάμο

2102 2786 2289 2848 σανον,
2316 2786 2458 2841 ὥστε
2489 2787 2878 2858 προφητεύειν,
2906 2787 3002 2842 καὶ
3023 2786 3275 2858 θαύματα
3296 2786 3491 2839 ποιεῖν.
3522 2783 3677 2837 Ἐπι-

2101 2876 2286 2938 θέντος
2318 2877 2450 2947 γὰρ,
2484 2877 2672 2948 φησὶν,
2702 2878 2888 2940 αὐτοῖς
2921 2876 3137 2932 Παύλου
3172 2876 3271 2940 τὰς
3304 2877 3517 2946 χεῖρας.
3549 2871 3679 2927 ελα-

2102 2967 2194 3021 6ον
2218 2967 2442 3037 Πνεῦμα
2473 2969 2653 3036 ἅγιον.

2190 3079 2608 3145 Ἀναστάσεώς
2638 3096 2703 3134 τε
2746 3079 2994 3149 νεκρῶν.
3027 3079 3200 3134 Τοῦτο
3227 3077 3337 3149 γὰρ
3364 3077 3459 3130 καὶ
3499 3077 3559 3130 ἒν
3592 3073 3671 3145 τῷ

426 3173 600 3219 amate
631 3165 863 3219 edicitur
894 3183 990 3235 per
1020 3169 1250 3235 figuram
1293 3171 1664 3227 immersionis
1690 3172 1743 3227 in
1770 3188 1993 3244 aquam,

2106 3170 2441 3241 βαπτίσματι
2484 3170 2703 3240 γίνεται
2745 3171 2833 3225 διὰ
2865 3170 2959 3224 τοῦ
2995 3171 3276 3242 σχήματος
3324 3167 3431 3238 τῆς
3480 3165 3678 3221 ἀναδύε-

428 3253 557 3307 etin
579 3254 929 3312 confessione
949 3258 1307 3313 confirmatur
1331 3279 1346 3315 :
1370 3261 1693 3316 confitemur
1711 3266 1855 3317 enim
1878 3278 2000 3319 cre-

426 3344 556 3399 dere
588 3350 1047 3403 resurrectionem
1070 3359 1433 3406 mortuorum.

450 3472 453 3479 ›
494 3438 660 3508 683
688 3439 753 3492 Et
773 3439 971 3508 judicii
999 3443 1205 3496 retenti.
1233 3442 1347 3498 Hoc
1372 3453 1481 3506 est,
1514 3444 1660 3513 quod
1709 3446 2001 3516 sempiter-

426 3544 497 3583 na
524 3531 638 3586 sive
666 3530 836 3594 bona,
881 3532 997 3588 sive
1024 3533 1291 3602 supplicia
1317 3536 1565 3605 largitur.
1645 3534 1768 3591 llaec
1820 3546 2000 3590 autem

429 3618 614 3675 dicere
665 3620 897 3688 videtur,
948 3624 1076 3693 quia
1141 3625 1441 3691 verisimile
1487 3636 1607 3682 erat
1639 3641 1735 3682 eos
1758 3630 2003 3693 concuti,

426 3711 643 3767 etiamsi
696 3712 809 3781 jam
867 3715 999 3770 olim
1054 3716 1425 3782 crediderant,
1481 3717 1564 3772 vel
1601 3717 1823 3773 minime
1848 3717 2006 3773 Clari-

427 3802 604 3859 stiane
637 3804 837 3870 vivere,
870 3821 933 3860 ac
957 3806 1204 3876 signiter,
1266 3808 1523 3879 Vigilate,
1546 3810 1826 3879 inquiens.
1884 3809 2003 3867 Non

428 3894 572 3950 enim
599 3897 874 3952 allirmare
909 3898 1056 3963 licet,
1085 3898 1230 3967 quod
1262 3902 1307 3953 si
1337 3901 1577 3970 segniter
1606 3898 1876 3968 vivamus,
1912 3916 2006 3978 aut

428 3984 536 4039 ﬁde
559 3986 901 4052 excidamus,
933 3988 1259 4058 rebaptizari
1290 3989 1449 4045 nobis
1493 3990 1733 4055 dabitur,
1763 4000 1854 4045 aut
1885 4005 2008 4059 pee-

427 4085 548 4131 cata
585 4077 767 4134 denuo
793 4079 1015 4136 abluere
1049 4082 1374 4151 poterimus,
1400 4097 1464 4136 ac
1501 4081 1690 4137 eadem
1740 4084 2002 4152 consequi

428 4184 549 4240 quae
572 4171 748 4239 prius.
778 4171 991 4228 Erratis
1019 4172 1165 4228 enim
1189 4173 1307 4229 hate
1329 4173 1724 4229 existimantes.

500 4346 668 4406 Vens.
697 4351 751 4406 3.
788 4349 860 4405 Et
920 4352 1020 4407 hoc
1077 4312 1373 4422 faciemus,
1403 4353 1451 4407 si
1477 4353 1687 4425 quidem
1715 4353 2006 4423 permiserit

2104 3278 2266 3327 σεως,
2301 3260 2398 3314 καὶ
2430 3262 2488 3314 ὲν
2529 3264 2596 3334 τῇ
2624 3262 2888 3333 ὁμολογίᾳ
2937 3260 3275 3332 βεϐαιοῦται,
3302 3257 3679 3330 ὁμολογοῦμεν

2103 3352 2212 3424 γὰρ
2242 3353 2523 3407 πιστεύειν
2552 3354 2852 3409 ἀνάστασιν
2889 3353 3123 3425 νεκρῶν.

2174 3442 2287 3498 Kai
2338 3443 2590 3511 κρίσεως
2620 3444 2670 3477 ⁸⁸
2697 3444 2961 3498 αιωνίου.
2996 3442 3280 3509 Τουτέστι,
3310 3442 3412 3508 τῆς
3441 3440 3679 3512 κρίσεως

2103 3535 2201 3605 τῆς
2231 3535 2458 3587 αἰνώνια
2484 3534 2732 3604 διδούσης
2779 3533 2813 3605 ἦ
2870 3532 3053 3602 ἀγαθά
3094 3535 3128 3603 ἢ
3174 3534 3444 3597 κολάσεις.
3488 3529 3680 3584 Ταῦτα

2104 3625 2253 3678 δοκεῖ
2304 3624 2510 3694 λέγειν,
2551 3624 2742 3696 ἐπειδὴ
2784 3624 2931 3688 εἰκὸς
2970 3620 3039 3694 ἦν
3076 3626 3272 3688 αὐτοὺς
3300 3620 3681 3697 παρασαλεῦε-

2109 3715 2254 3783 σθαι,
2287 3715 2466 3769 καίτοι
2488 3715 2588 3787 ἢδη
2615 3715 3068 3782 πεπιστευκότας,
3097 3715 3131 3786 ἢ
3157 3715 3343 3779 κακῶς
3375 3713 3550 3785 βιοῦν,
3580 3713 3679 3768 καὶ

2108 3806 2391 3878 ῥᾳθύμως,
2436 3807 2683 3879 Νήψατε,
2738 3807 2934 3876 λέγων.
2991 3809 3105 3861 Οὐκ
3136 3806 3283 3860 ἔστιν
3335 3805 3539 3870 εἰπεῖν,
3591 3805 3680 3858 δτι

2107 3897 2201 3951 ἐὰν
2232 3897 2799 3969 ῥᾳθύμωςοζήσωμεν,
2841 3899 2875 3970 ἢ
2913 3899 3013 3970 τῆς
3049 3898 3289 3963 πίστεως
3323 3899 3671 3969 ἐκπέσωμεν,

2108 3987 2269 4043 πάλιν
2300 3988 2800 4058 βαπτισθησόμεθα,
2817 3989 2978 4043 πάλιν
3009 3989 3350 4059 δυνησόμεθα
3395 3987 3467 4043 τὰ
3488 3988 3678 4057 ἀμαρ-

2108 4079 2329 4149 τήματα
2371 4079 2799 4159 ἀπολούσασθαι,
2853 4080 2950 4133 καὶ
2988 4079 3097 4133 τῶν
3141 4078 3325 4134 αὐτῶν
3369 4079 3552 4149 τυχεῖν
3598 4070 3680 4131 ὧν

2109 4165 2205 4219 καὶ
2244 4165 2532 4237 πρότερον.
2588 4164 2896 4234 Σφάλλεσθε
2941 4164 3072 4235 γὰρ,
3111 4164 3266 4236 φησὶ,
3302 4163 3476 4218 ταῦτα
3515 4161 3684 4236 νομε-

2110 4257 2316 4320 ξοντες.

2183 4349 2289 4403 Καὶ
2318 4347 2494 4403 τοῦτο
2515 4347 2871 4418 ποιήσομεν,
2895 4347 3119 4418 ἐάνπερ
3142 4348 3429 4417 ἐπιτρέπῃ
3451 4349 3486 4402 ὁ
3511 4345 3684 4411 Θεός.

434 4440 597 4495 Deus.
653 4441 766 4497 Hoc
821 4443 1115 4499 faciemus:
1167 4443 1469 4514 quale‘lUt
1523 4445 1591 4499 ad
1615 4444 2000 4516 perfectionem

2112 4438 2284 4494 Τοῦτο
2310 4440 2611 4510 ποιήσομεν
2630 4457 2645 4473 ο
2683 4442 2873 4507 ποῖον;
2898 4440 2960 4494 τὸ
2980 4441 3076 4517 ἐπὶ
3111 4439 3213 4513 τὴν
3239 4439 3554 4510 τελειότητα
3586 4438 3689 4507 φέ-

434 4530 703 4590 feramur,
766 4529 812 4583 si
846 4531 987 4585 Deus
1022 4531 1171 4586 velit.
1199 4530 1317 4585 Hoc
1347 4539 1527 4586 autem
1559 4533 1718 4596 dixit,
1754 4548 1861 4587 non
1887 4540 2009 4586 tan-

2112 4530 2325 4602 ρεσθαι,
2351 4530 2449 4584 ἐὰν
2479 4532 2572 4585 καὶ
2590 4531 2619 4583 ό
2644 4530 2778 4595 Θεὸς
2802 4531 2954 4603 θέλῃ.
2989 4530 3162 4585 Τοῦτο
3192 4532 3250 4585 δὲ
3278 4525 3454 4596 εἶπεν,
3482 4529 3584 4598 οὐχ
3605 4526 3687 4591 ὡς

433 4628 597 4682 quam
640 4615 782 4670 Deus
820 4616 935 4671 haec
958 4635 1068 4673 non
1100 4619 1456 4688 permitteret,
1480 4636 1668 4676 verum
1697 4622 1921 4692 perinde
1949 4639 2000 4677 at

2108 4622 2202 4675 τοῦ
2238 4621 2376 4676 Θεοῦ
2404 4621 2480 4694 μὴ
2514 4622 2905 4694 ἐπιτρέποντος
2933 4620 3127 4687 ταῦτα,
3162 4621 3279 4677 ἀλλ’
3311 4620 3386 4683 ὡς
3407 4616 3685 4689 εἰώθαμεν

440 4702 624 4758 dicere
660 4705 897 4761 solemus
937 4726 953 4763 :
993 4707 1050 4763 Si
1079 4707 1222 4764 Deus
1248 4710 1398 4775 velit,
1430 4710 1535 4767 hoc
1561 4710 1781 4767 faciant.
1837 4715 2000 4768 Simul

2107 4712 2309 4781 λέγειν,
2352 4715 2459 4779 ὁτι,
2500 4713 2629 4768 Ἐὰν
2674 4714 2769 4766 καὶ
2812 4715 2843 4767 ὁ
2878 4713 3010 4778 Θεὸς
3062 4713 3215 4784 θέλῃ,
3256 4712 3379 4767 τόδε
3417 4710 3684 4781 βούλομαι

435 4803 616 4848 autem
643 4796 771 4850 hinc
794 4797 955 4852 docet
977 4814 1099 4864 nos,
1132 4815 1347 4855 onmem
1379 4818 1493 4857 rem
1520 4818 1585 4857 ex
1615 4804 1791 4873 ipsius
1813 4805 2012 4859 volun-

439 4894 549 4940 tate
576 4886 905 4960 dependere,
966 4906 1146 4960 neque
1171 4895 1336 4948 etiam
1376 4895 1430 4949 in
1493 4895 1768 4951 confessis
1830 4896 2010 4964 bonis,

439 4979 661 5047 preprio
694 4978 859 5036 fidere
874 4982 1089 5050 judicio
1131 4994 1297 5056 atque
1337 4988 1622 5057 potentia).
1650 4987 1799 5043 -Hoc
1827 4996 2009 5046 autem

436 5076 621 5139 aperte
649 5068 767 5140 ipse
791 5075 957 5128 etiam
988 5074 1169 5132 Jurlas
1198 5078 1485 5148 apostolus
1517 5079 1793 5137 admouet.

507 5245 671 5304 Vens.
696 5247 751 5304 Δ.
774 5248 1105 5319 Impossibile
1119 5255 1255 5309 enim
1272 5266 1349 5310 est
1361 5273 1447 5311 eos
1466 5258 1557 5327 qui
1575 5256 1734 5312 semel
1749 5268 1870 5313 sunt
1893 5258 2015 5311 illu-

435 5337 648 5394 minari.
669 5338 787 5397 Non
816 5343 974 5411 dixit,
993 5344 1188 5403 inutile
1215 5362 1280 5401 ac
1296 5347 1632 5413 indecorum,
1656 5350 1771 5415 se-J,
1800 5349 2006 5419 impos-

512 5519 555 5553 "
598 5522 797 5593 Ephes.
855 5541 929 5592 tv,
976 5525 1029 5581 5.
1068 5516 1071 5519 ’

2110 4807 2337 4876 ποιῆσαι
2354 4820 2370 4836 ⁶
2395 4806 2513 4878 ἅμα
2531 4807 2587 4859 δὲ
2613 4806 2709 4859 καὶ
2731 4804 2970 4860 διδάσκει
3006 4806 3154 4875 ἡμᾶς
3183 4803 3453 4867 ἐντεῦθεν,
3483 4800 3545 4856 τὸ
3570 4801 3683 4856 πᾶν

2109 4894 2211 4965 τῆς
2262 4895 2476 4950 ἐκείνου
2523 4894 2759 4966 ὲξαρτᾷν
2805 4893 3097 4964 θελήσεως,
3136 4893 3233 4946 καὶ
3261 4889 3398 4962 μηδὲ
3435 4889 3530 4944 ἐπὶ
3572 4886 3686 4941 τῶν

2112 4985 2562 5056 ὁμολογουμένως
2595 4984 2777 5038 καλῶν
2814 4986 2882 5054 τῇ
2921 4983 3098 5053 οἰκείᾳ
3128 4982 3351 5054 θαρρεῖν
3381 4979 3476 5034 καὶ
3501 4977 3689 5058 κρίσει

2116 5076 2211 5130 καὶ
2235 5077 2489 5147 δυνάμει.
2517 5075 2691 5130 Τοῦτο
2713 5074 2772 5130 δὲ
2803 5072 2984 5145 ῥητῶς
3026 5074 3120 5127 καὶ
3148 5074 3177 5126 ὁ
3214 5071 3509 5134 ἀπόστολος
3546 5067 3690 5124 Ἰού-

2114 5165 2211 5230 δας
2241 5167 2286 5198 ⁸⁵
2315 5168 2593 5238 παραινεῖ.

2201 5261 2528 5316 Ἀδύνατον
2564 5260 2675 5331 γὰρ
2702 5260 2846 5326 τοὺς
2889 5257 3051 5323 ἅπαξ
3093 5255 3521 5333 φωτισθέντας.
3563 5252 3685 5308 Οὐκ

2116 5349 2269 5407 εἶπεν
2320 5355 2399 5408 δτι
2435 5354 2772 5423 ἀσύμφορον,
2811 5351 2846 5423 ἢ
2891 5351 3163 5422 ἀπρεπὲς,
3194 5347 3352 5415 ἀλλά,
3391 5346 3683 5412 ἀδύνατον.

1748 5646 1947 5709 Varias
1975 5644 2311 5711 lectiones.

512 5766 787 5824 διοιστέον
813 5785 867 5825 ο,
944 5770 991 5803 It
1010 5769 1278 5842 κρίματος
1316 5786 1370 5826 ο,
1449 5770 1494 5803 ⁸³
1544 5769 1798 5837 Ἰἀκωῆος
1830 5788 1885 5828 0.
