4014 6208
353 347 463 411 253

1134 354 1540 418 EXPOSITIO
1572 358 1664 422 IN
1683 359 1924 422 EPIST.
1953 361 2054 422 AD
2081 363 2472 434 HEBREOS.
2500 388 2566 399 —
2585 366 2741 428 CAP.
2775 367 2878 430 VI.

3513 370 3621 439 254

354 463 498 516 ὥστε
531 466 611 527 εἰς
649 465 963 535 ἀπόγνωσιν
1018 469 1219 534 αὐτοὺς
1244 475 1508 543 ἐμϐαλεῖν
1541 476 1636 529 τοῦ
1687 478 1907 549 δεύτερο

2045 479 2226 547 sibile,
2263 491 2320 536 ut
2363 483 2430 538 ad
2463 483 2902 554 desperationem
2936 499 3031 540 eos
3065 485 3294 555 injiciat,
3327 501 3397 543 ne
3435 492 3617 545 omni-

350 556 598 621 ἐλπίζειν
625 557 874 629 λουτρόν.

419 653 857 720 Γευσαμένους
889 671 954 708 τε
986 655 1094 724 τῆς
1125 655 1363 726 δωρεᾶς
1388 660 1499 730 τῆς
1541 663 1927 732 ἐπουρανίου.

348 743 639 806 Τουτέστι,
682 747 782 814 τῆς
813 747 1060 817 ἀφέσεως
1101 751 1210 804 τῶν
1244 753 1550 824 ἁμαρτιῶν.
1584 756 1775 821 Οὐδεὶς
1819 757 1932 828 γὰρ

346 835 577 890 δύναται
603 838 829 892 τοιαῦτα
854 840 1078 907 διδόναι,
1113 845 1161 897 εἰ
1189 844 1264 915 μὴ
1293 841 1374 910 εἷς
1401 848 1428 900 ὀ
1460 846 1615 912 Θεός.

421 926 529 979 Καὶ
577 929 879 997 μετόχους
925 932 1287 1000 γενηθέντας
1342 938 1691 1007 Πνεύματος
1733 939 1924 1009 ἁγίου.

346 1017 505 1070 Μετὰ
531 1020 632 1087 τὴν
667 1019 862 1088 ἄφεσιν
900 1023 1008 1076 τῶν
1037 1025 1346 1094 ἁμαρτιῶν,
1379 1029 1502 1082 τότε
1529 1031 1561 1100 ή
1600 1033 1803 1102 μετοχὴ
1831 1028 1928 1084 τοῦ

345 1109 508 1175 ἀγίου
553 1111 909 1180 Πνεῦματος’
959 1117 1020 1169 οὐ
1053 1118 1162 1188 γὰρ
1212 1122 1351 1172 οἰκεῖ
1393 1123 1451 1172 ἐν
1506 1122 1716 1193 σώματι
1754 1141 1926 1178 κατα-

344 1197 491 1266 χρὲῳ
527 1199 846 1269 ἁμαρτίαις.
875 1205 974 1257 Διά
1003 1205 1061 1257 δὲ
1101 1207 1200 1276 τῆς
1246 1209 1545 1276 ἐπιθέσεως
1575 1212 1685 1265 τῶν
1722 1212 1926 1284 χειρῶν

345 1288 551 1341 ἐδίδοτο
581 1291 656 1353 ὡς
685 1293 778 1346 καὶ
801 1295 1060 1365 ἀνωτέρω
1083 1298 1319 1367 εἴρηται.

330 1397 334 1409 ί
413 1382 525 1434 Καὶ
555 1383 745 1437 καλὸν
767 1388 1178 1455 γευσαμένους
1207 1390 1355 1444 Θεοῦ
1395 1391 1580 1460 ῥῆμα.
1619 1394 1732 1448 Οὐκ
1770 1391 1924 1449 εἶπεν

341 1474 888 1545 ἀνακεκαλυμμένως
915 1479 965 1530 τί
997 1481 1112 1532 ἐστι
1137 1482 1292 1534 τοῦτο
1313 1498 1327 1512 ⁸
1356 1483 1564 1538 δίδωσιν
1575 1486 1758 1554 μέντοι
1787 1489 1920 1558 ἡμῖν

339 1568 524 1629 νοεῖν,
568 1569 651 1620 ὅτι
711 1569 838 1639 περὶ
895 1573 1079 1642 πάσης
1127 1577 1508 1647 πνευματικῆς
1571 1578 1918 1644 διδασκαλίας

337 1658 498 1711 τοῦτό
532 1674 687 1729 φησι.

411 1750 707 1821 Δυνάμεις
731 1770 796 1806 τε
827 1753 1166 1823 μέλλοντος
1204 1757 1440 1826 αἰῶνος.
1471 1763 1541 1815 Ἢ
1580 1763 1639 1815 τὸ
1666 1763 1916 1834 θαύματα

334 1845 611 1898 ἐπιτελεῖν
632 1844 774 1897 οὕτω
798 1845 972 1909 καλεῖ,
1008 1846 1040 1917 ἢ
1075 1848 1134 1900 τὸ
1165 1848 1266 1918 ζῇν
1295 1851 1621 1918 ἀγγελικῶς,
1648 1853 1725 1925 τῷ
1753 1857 1917 1925 μηδε-

335 1937 426 1998 νὸς
451 1936 661 1988 δεῖσθαι
704 1938 813 1988 τῶν
845 1938 1151 2006 παρόντων,
1196 1940 1330 1994 ἀλλὰ
1376 1944 1511 2013 πρὸς
1551 1945 1617 1998 τὰ
1653 1948 1916 2016 μέλλοντα

335 2025 691 2085 ἀποϐλέπειν,
727 2025 822 2078 καὶ
853 2027 950 2096 ἤδη
985 2027 1282 2097 ἀρραϐῶνα
1313 2030 1456 2100 ἔχειν
1484 2033 1584 2102 τῆς
1613 2033 1916 2105 μελλοᾶσης

335 2113 490 2183 ζωῆς
513 2113 607 2184 τὴν
639 2113 876 2167 ἐνταῦθα
908 2115 1072 2168 ἄῦ).ον
1093 2117 1188 2168 καὶ
1222 2121 1624 2190 πνευματικήν.

409 2205 520 2257 Καὶ
576 2205 1044 2274 παραπεσόντας
1102 2206 1293 2260 πάλιν
1360 2209 1762 2271 ἀνακαινίζειν
1824 2215 1913 2279 εἰς

329 2294 676 2364 μετάνοιαν.
709 2296 992 2360 Τουτέστι,
1023 2298 1111 2352 διὰ
1157 2303 1464 2370 μετανοῗας.
1501 2304 1565 2355 Ti
1595 2303 1711 2371 οὒνς
1749 2307 1909 2358 ἐκδέ-

332 2387 527 2456 6ληται
554 2388 588 2456 ή
616 2387 912 2456 μετάνοια;
941 2388 1027 2461 Μὴ
1059 2390 1294 2458 γένοιτο·
1329 2393 1446 2446 ἀλλ’
1484 2396 1513 2448 ὁ
1541 2395 1628 2450 διὰ
1667 2387 1760 2449 τοῦ
1791 2397 1912 2450 δευ-

329 2481 494 2550 τέρου
521 2481 750 2551 λουτροῦ
782 2482 1196 2554 ἀνακαινισμὸς.
1218 2486 1324 2539 Τοῦ
1352 2488 1578 2559 λουτροῦ
1607 2489 1716 2562 γὰρ
1743 2490 1908 2560 μόνου

330 2573 448 2625 ἐστὶ
492 2571 554 2624 τὸ
606 2573 998 2638 ἀνακαινίζειν,
1047 2575 1120 2638 ὡς
1153 2578 1248 2630 καὶ
1290 2579 1318 2631 ὁ
1353 2580 1676 2650 προφήτης·
1738 2583 1908 2636 ‘Ara-

328 2665 788 2730 καινισθήσεται
825 2667 905 2731 ὡς
935 2667 1112 2722 ἀετοῦ
1168 2670 1206 2736 ἡ
1251 2671 1468 2736 νεότης
1522 2687 1659 2735 σου,
1706 2676 1808 2745 τῆς
1848 2677 1906 2730 δὲ

332 2755 629 2825 μετανοίας
663 2755 800 2817 ἐστὶ,
828 2755 892 2809 τὸ
929 2756 1032 2827 τῆς
1063 2758 1427 2830 παλαιότητος
1457 2763 1782 2831 ἀπαλλάξαι,
1813 2769 1906 2820 καὶ

333 2847 606 2916 οτερῤοὺς
645 2845 996 2916 ἐργάζεσθαι.
1030 2846 1128 2912 Εἰς
1174 2851 1391 2922 ἐκείνην
1422 2852 1606 2922 μέντοι
1633 2855 1732 2926 τὴν
1763 2857 1904 2928 λαμ·

327 2939 580 3008 πρότητα
641 2940 937 3009 ἀναγαγεῖν
963 2941 1065 2995 οὒκ
1109 2941 1211 2996 ενι.
1253 2943 1402 2997 Ἐκεῖ
1447 2945 1555 3016 γὰρ
1593 2948 1654 3001 τὸ
1697 2949 1817 3002 ὅλον
1871 2951 1904 3022 ἡ

326 3033 494 3100 χάρις
524 3026 613 3102 ἦν.
648 3032 741 3095 Εἰς
772 3033 1068 3101 μετάνοιαν
1101 3034 1220 3100 οὖν,
1262 3036 1416 3106 φησὶ,
1463 3037 1562 3108 τὴν
1583 3039 1674 3092 τοῦ
1709 3040 1906 3110 βαπτε.

2039 583 2112 623 no
2141 580 2364 637 sperent
2393 587 2454 626 se
2480 572 2659 627 denuo
2693 573 2958 642 baptisma
2985 588 3146 642 posse
3182 576 3469 643 consequi.

2105 659 2462 716 Gustaveruut
2486 665 2647 717 etiam
2661 664 2857 718 donum
2889 664 3118 719 cmleste.
3149 665 3260 720 Hoc
3283 675 3387 732 est,
3421 669 3616 722 remis-

2033 750 2244 806 sionem
2277 762 2626 822 peccatorum
2655 773 2669 817 ;
2701 769 2862 810 nemo
2889 757 3036 810 enim
3075 757 3203 810 talia
3236 759 3367 814 dare
3434 769 3616 830 potest

2032 841 2138 896 nisi
2163 858 2304 898 unus
2333 844 2500 900 Deus.

2103 932 2174 987 Et
2225 936 2508 1005 participes
2537 937 2669 1006 [acti
2705 947 2826 993 sunt
2854 938 3082 1009 Spiritus
3104 942 3297 996 sancti.
3356 942 3484 999 Post
3523 945 3612 998 dio

2032 1025 2350 1082 missionem
2383 1038 2758 1098 peccatorum,
2795 1038 2910 1085 tum
2979 1042 3062 1085 est
3095 1033 3443 1103 participatio
3476 1036 3600 1106 Spi-

2031 1114 2173 1170 ritus
2203 1117 2418 1170 sancti:
2451 1133 2558 1170 non
2590 1118 2742 1171 enim
2795 1119 3004 1173 habitat
3038 1121 3093 1174 in
3127 1136 3359 1190 corpore
3386 1124 3606 1178 subdito

2031 1207 2294 1277 peccatis.
2344 1206 2446 1261 Per
2481 1209 2884 1278 impositionem
2941 1219 3118 1266 autem
3152 1227 3411 1266 manuum
3439 1214 3606 1268 daba-

2027 1309 2137 1368 tur,
2166 1301 2241 1354 uti
2268 1316 2431 1370 supra
2460 1300 2668 1355 dictum
2701 1312 2802 1356 est.

2103 1389 2268 1447 Vens.
2297 1390 2351 1445 5.
2388 1388 2839 1460 Castorei-uritque
2856 1393 3048 1446 bonum
3080 1395 3172 1448 Dei
3215 1393 3447 1452 verbum.
3485 1397 3601 1451 Non

2024 1479 2161 1534 dixit
2191 1489 2379 1549 aperte
2404 1481 2532 1549 quid
2565 1481 2636 1535 sit
2665 1481 2768 1535 hoc
2804 1500 2817 1535 :
2848 1481 3063 1535 interim
3090 1491 3274 1538 tamen
3309 1501 3411 1540 nos
3446 1488 3600 1540 colli-

2021 1583 2150 1640 gere
2173 1567 2325 1634 facit,
2346 1583 2405 1624 se
2432 1569 2498 1623 de
2527 1569 2677 1624 omni
2710 1570 2982 1638 spirituali
3013 1574 3258 1626 doctrina
3285 1575 3455 1644 loqui.

2097 1742 2163 1798 Et
2192 1746 2409 1800 virtutes
2439 1744 2608 1814 futuri
2643 1747 2848 1799 swculi.
2879 1740 2975 1800 Vel
3005 1747 3270 1804 miracula
3303 1751 3480 1808 facere
3519 1755 3599 1808 sic

1951 1817 1994 1872 Β
2023 1838 2281 1908 appellat,
2325 1837 2408 1892 vel
2439 1839 2686 1908 angelice
2717 1840 2924 1903 vivere,
2961 1841 3034 1894 ita
3069 1853 3129 1896 ut
3163 1843 3314 1897 nullo
3363 1860 3600 1913 praesen-

2021 1930 2157 1984 tium
2216 1929 2480 2000 indigeat,
2549 1930 2645 1984 sed
2681 1929 2746 1984 ad
2779 1930 2964 1986 futura
3002 1935 3284 2003 respiciat,
3317 1952 3378 1988 ac
3405 1935 3600 1990 futurae

2017 2023 2141 2077 vitae
2167 2023 2384 2076 arrham
2405 2022 2626 2087 habent,
2647 2031 2970 2092 praesentem
2999 2039 3030 2078 a
3061 2027 3289 2081 materia
3321 2027 3596 2098 rebusque

2017 2116 2225 2169 crassis
2257 2124 2523 2168 semotam
2562 2122 2616 2167 et
2645 2113 3012 2182 spiritualem.

2085 2203 2248 2257 Vens.
2275 2204 2324 2258 6.
2356 2206 2422 2256 Et
2451 2203 2686 2274 prolapsi
2719 2213 2866 2270 sunt,
2910 2220 3094 2258 rursus
3128 2209 3370 2260 renovari
3384 2208 3454 2260 ad
3481 2223 3592 2276 pa:-

2014 2298 2318 2352 nitentiam.
2353 2297 2468 2353 Hoc
2498 2308 2604 2361 est,
2640 2315 2736 2368 per
2765 2298 3165 2368 pcenitentiam.
3197 2298 3336 2364 Quid
3390 2299 3596 2367 igitur?

2014 2389 2189 2458 ejecta
2215 2397 2300 2443 est
2330 2390 2656 2458 paenitentia
2680 2390 2703 2443 ?
2725 2388 3186 2459 Haudquaquam,
3242 2391 3337 2444 sed
3377 2407 3470 2457 per
3497 2406 3588 2445 se-

2008 2483 2246 2539 ctmdum
2282 2485 2551 2552 baptisma
2584 2485 2868 2540 renovatio
2895 2492 2977 2538 est
3015 2486 3241 2551 reiecta.
3285 2483 3572 2539 Renovare

2011 2593 2250 2648 namque
2312 2578 2489 2634 solius
2535 2585 2621 2633 est
2682 2578 2909 2637 lavacri.
2937 2577 3164 2646 perinde
3219 2593 3281 2630 ac
3315 2576 3587 2645 PrOpheta

2011 2669 2145 2724 dicit
2176 2685 2190 2722 :
2229 2668 2582 2724 Renovabitur
2622 2680 2678 2724 ut
2707 2669 2899 2740 aquila:
2931 2668 3171 2738 iuventus
3212 2669 3592 2738 tua":p(eni-

2014 2761 2196 2816 tentia:
2232 2772 2415 2816 autem
2452 2769 2558 2828 est,
2585 2777 2614 2814 a
2670 2768 2941 2816 vetustate
2995 2761 3249 2826 liberare,
3311 2758 3591 2829 fortesque

2009 2851 2220 2908 facere:
2286 2851 2351 2906 ad
2414 2852 2562 2906 illum
2617 2861 2796 2907 tamen
2855 2851 3200 2921 splendorem
3227 2851 3428 2904 dueere
3479 2866 3588 2906 non

2007 2944 2139 3001 licet
2163 2961 2175 2998 :
2208 2943 2318 2997 illic
2342 2943 2487 2998 enim
2515 2951 2688 2998 totmn
2715 2942 2889 3012 gratia
2919 2949 3062 2996 erat.
3091 2939 3174 2994 Ad
3207 2941 3582 3010 pcenitentiam

2008 3037 2173 3107 igitur
2195 3035 2350 3101 dicit,
2377 3049 2570 3102 nempe
2589 3033 2956 3102 baptismatis.
2983 3032 3228 3087 Primum
3258 3031 3401 3086 enim
3435 3031 3592 3099 quis-

334 3138 563 3189 σματος.
602 3123 873 3193 Πρότερον
898 3126 1006 3195 γάρ
1039 3142 1124 3188 τις
1156 3130 1408 3194 μετανοεῖ
1435 3131 1528 3181 ἐπὶ
1551 3130 1626 3200 τῷ
1657 3135 1908 3208 προτέρῳ

2016 3129 2156 3198 piam
2189 3127 2408 3182 ducitur
2436 3125 2753 3195 paenitentia
2778 3123 2846 3178 ob
2870 3119 3602 3191 transactamvitam,68&-

327 3213 452 3282 βίῳ,
487 3212 609 3268 εἶτα
645 3215 989 3284 βαπτίζεται,
1015 3218 1090 3280 ὡς
1118 3219 1212 3270 καὶ
1243 3219 1404 3283 αὐτὸς
1443 3225 1910 3292 προεῖπε,ξΜετα-ι

323 3306 494 3370 νοιάς
526 3305 638 3373 τῆς
671 3307 791 3360 ἀπὸ
821 3306 1049 3374 νεκρῶν
1075 3308 1284 3393 ἔργων.
1335 3310 1506 3380 Δῆλον
1559 3315 1615 3368 δὲ
1652 3317 1746 3370 καὶ
1797 3319 1907 3373 ἀπὸ

322 3397 435 3447 τῶν
461 3396 609 3466 ἑξῆς,
636 3398 718 3451 ὃτι
744 3399 804 3452 τὸ
828 3399 1082 3471 δεύτερον
1106 3400 1330 3471 λουτρέιν
1352 3402 1715 3476 ἀπαγερεύων
1732 3410 1908 3467 ταῦτά

323 3505 517 3556 φησιν.

410 3581 957 3651 Ἄνασταυροῦντας
997 3586 1232 3654 ἑαυτοῖς
1265 3591 1374 3644 τὸν
1411 3593 1551 3646 Υἱόν
1591 3592 1699 3647 τοῦ
1733 3595 1900 3648 Θεοῦ.

321 3673 397 3724 Τὸ
437 3674 720 3742 βάπτισμα
748 3677 984 3746 σταυρός
1028 3681 1165 3731 ἐστι.
1207 3682 1680 3752 Συνεσταυρώθη
1712 3687 1824 3754 γὰρ
1871 3689 1905 3740 ὁ

320 3764 582 3828 παλαιές
611 3762 782 3832 ἡμῶν
813 3764 1145 3834 ἅνθρωπος,
1178 3771 1274 3822 καὶ
1317 3773 1621 3840 σύμφυτοι
1654 3777 1904 3844 γεγόνα-

313 3869 434 3920 μεν
461 3851 540 3916 τῷ
571 3853 888 3923 ὁμοιώματι
921 3855 1027 3910 τοῦ
1053 3857 1315 3912 θανάτου
1340 3861 1547 3915 αὑτοῦ.
1569 3863 1677 3915 Καὶ
1708 3862 1902 3915 πάλιν·

318 3945 755 4014 Συνετὰρημεν
777 3945 938 4012 αὐτῷ
963 3947 1061 4002 διὰ
1095 3949 1202 4002 τοῦ
1217 3951 1657 4020 βαπτίσματος.
1694 3954 1904 4024 ’Ὠσπερ

320 4035 430 4103 γὰρ
455 4038 662 4100 ἐκεῖνος
687 4038 961 4092 ἀπέθανεν
990 4041 1047 4093 ὲν
1079 4041 1300 4112 σταυρῷ
1332 4045 1518 4112 σαρκὶ,
1540 4043 1713 4108 οὕτως
1742 4047 1906 4115 ἡμεῖς

320 4130 378 4178 ὲν
403 4128 480 4196 τῷ
513 4129 853 4200 βαπτίσματι
881 4135 947 4202 τῇ
973 4133 1218 4205 ἁμαρτία
1236 4136 1604 4203 ἀπεθάνομεν.
1636 4138 1694 4190 '0
1723 4138 1904 4192 τοίνυν

315 4219 573 4292 δεύτερον
613 4221 1030 4291 βαπτιζόμενος,
1057 4227 1180 4278 ὅσον
1212 4227 1273 4280 τὸ
1301 4228 1384 4296 ἐφ’
1417 4229 1618 4300 ἑαυτῷ,
1652 4229 1904 4299 δεύτερον

321 4315 551 4382 σταυροτ
573 4313 666 4366 τὸν
687 4315 945 4385 Χριστόν.
977 4317 1138 4370 Ἀλλὰ
1171 4319 1276 4389 μὴν
1298 4319 1458 4374 τοῦτο
1475 4321 1695 4375 ἄτοπον.
1721 4322 1904 4390 Ἃπαξ

315 4405 429 4473 γὰρ
455 4403 695 4458 ἀπέθανε
723 4408 817 4459 καὶ
851 4407 1082 4477 ἀνέστη,
1118 4412 1213 4462 καὶ
1251 4411 1478 4474 θάνατος
1526 4412 1689 4466 αὐτοῦ
1719 4413 1902 4468 οὐκέτι

2014 3217 2212 3272 deinde
2250 3216 2584 3287 baptizatur,
2617 3216 2759 3270 sicut
2789 3225 2844 3268 et
2866 3215 2984 3282 ipse
3011 3213 3285 3283 praedixit,
3319 3211 3588 3265 Paeniten-

2010 3314 2097 3367 tite
2129 3311 2193 3365 ab
2247 3312 2488 3378 operibus
2520 3300 2772 3364 mortuis.
2829 3308 3178 3362 Manifestum
3203 3316 3385 3360 autem
3412 3315 3494 3360 cst
3521 3322 3590 3360 ex

2010 3404 2397 3472 sequentibus,
2419 3401 2564 3471 quod
2595 3399 2939 3470 baptismatis
2966 3398 3368 3453 reiterationem
3397 3396 3588 3465 probi-

2008 3494 2152 3550 bens
2189 3494 2302 3548 llaec
2329 3492 2490 3546 dicit.

2084 3585 2312 3638 Rursum
2346 3583 2707 3653 cruciﬁgentes
2733 3581 2970 3647 sibiipsis
2997 3579 3186 3634 Filium
3223 3579 3338 3634 Dei.
3373 3577 3588 3648 Baptis-

2007 3695 2093 3733 ma
2123 3693 2256 3732 crux
2301 3684 2404 3729 est.
2437 3674 2608 3729 Simul
2627 3676 2766 3727 enim
2801 3674 3091 3743 cruciﬁxus
3125 3682 3205 3727 est
3231 3684 3376 3727 vetus
3413 3682 3590 3726 uoster

2011 3771 2190 3829 homo.
2246 3785 2308 3821 ac
2348 3767 2506 3821 simul
2538 3766 2688 3818 insiti
2751 3781 2936 3819 sumus
3003 3764 3347 3818 similitudini
3403 3764 3588 3817 mortis

2004 3861 2140 3927 eius.
2179 3860 2245 3914 Et
2271 3873 2462 3911 rursus
2489 3875 2501 3911 :
2529 3855 3042 3923 Cousepultisumus
3072 3856 3174 3924 ipsi
3195 3870 3287 3923 per
3304 3855 3590 3923 baptisma.

2012 3951 2257 4008 Perinde
2285 3964 2524 4018 namque
2548 3955 2606 4002 ut
2627 3957 2882 4001 mortuus
2909 3947 3099 4002 estille
3129 3948 3182 4000 in
3216 3960 3380 4000 cruce
3411 3945 3584 4009 carni,

2010 4044 2091 4101 sic
2122 4050 2177 4097 et
2235 4057 2336 4096 nos
2398 4042 2451 4094 in
2493 4039 2823 4109 baptismate
2881 4037 3078 4092 mortui
3109 4052 3303 4090 sumus
3337 4045 3584 4105 peccato.

2007 4136 2112 4202 Qui
2144 4136 2311 4204 igitur
2340 4132 2581 4188 secunda
2613 4134 2735 4185 vice
2765 4129 3096 4199 baptizatur,
3131 4138 3394 4196 quantum
3440 4127 3494 4181 in
3527 4143 3586 4182 se

2005 4236 2114 4291 est,
2151 4241 2349 4281 rursus
2406 4224 2562 4279 cruci
2623 4206 2904 4277 Christum
2939 4218 3130 4291 afﬁgit.
3160 4220 3328 4288 Atqui
3361 4219 3463 4274 huc
3489 4222 3586 4274 ab-

2004 4319 2231 4374 surdum
2263 4328 2378 4371 est:
2413 4316 2581 4372 semel
2609 4314 2752 4370 enim
2789 4322 3039 4368 mortuus
3087 4319 3194 4376 est,
3227 4323 3282 4366 et
3336 4327 3583 4375 resurre~

2006 4410 2109 4475 xit,
2166 4419 2220 4463 et
2280 4422 2430 4462 mors
2485 4407 2539 4461 in
2571 4421 2694 4461 cum
2755 4417 2920 4474 porro
2947 4418 3058 4458 non
3082 4403 3414 4458 dominatur.
3465 4403 3584 4456 Non

316 4497 592 4566 κυριεύει.
619 4499 734 4550 Οὐκ
757 4500 866 4569 ἄρα
894 4502 1011 4552 ἐστὶ
1040 4500 1294 4572 δεύτερον
1316 4501 1620 4572 βάπτισμα,
1650 4504 1732 4557 ὅτι
1768 4504 1904 4574 μηδὲ

2016 4502 2178 4572 igitur
2204 4509 2287 4555 est
2305 4498 2607 4555 secundum
2624 4497 2915 4565 baptisma,
2945 4495 3389 4566 quandoquidem
3409 4510 3585 4565 neque

317 4588 572 4656 δεύτερος
627 4589 884 4660 σταυρὸς.
932 4589 999 4643 Τί
1051 4591 1160 4662 γάρ
1197 4593 1395 4645 κωλύει
1438 4594 1531 4646 καί
1568 4593 1753 4662 τρίτοί
1806 4595 1902 4648 καὶ

317 4681 604 4750 τέταρτον,
637 4683 734 4734 καὶ
765 4683 926 4735 τοῦτο
950 4685 1036 4736 ἐπ’
1067 4685 1324 4757 ἀπειρον;
1359 4686 1476 4738 Οὐκ
1501 4681 1621 4738 εἷπε
1643 4686 1720 4750 δὲ,
1753 4687 1902 4740 ἁνα-

321 4775 766 4842 σταυροῦντας,
806 4778 900 4830 καὶ
931 4777 1060 4850 ἔστη
1082 4795 1098 4811 ο
1134 4779 1272 4833 ἀ).λά
1316 4781 1650 4850 προσέθηκε,
1681 4783 1775 4836 καὶ
1815 4783 1900 4848 τὺ,

319 4866 579 4934 ἑαυτοῖς,
617 4868 705 4923 ἵνα
733 4869 904 4941 δείξῃ,
939 4870 1024 4924 ὅτι
1059 4871 1318 4944 ῥᾳθύμως
1345 4872 1437 4924 τὸν
1472 4872 1592 4926 καθ’
1614 4875 1761 4942 ἡμᾶς
1789 4873 1904 4943 βίον

319 4959 758 5028 οἰκονομοῦντες,
807 4959 996 5033 ὥσπερ
1053 4963 1206 5025 δντος
1247 4963 1438 5032 ἐτέρου
1489 4962 1900 5033 βαπτίσματος,

319 5049 464 5104 οὕτω
505 5053 686 5104 πάντα
737 5053 1210 5123 διαπραττόμεθα,
1243 5055 1315 5118 ὡς
1365 5055 1431 5110 ἂν
1472 5057 1531 5110 ἐν
1559 5056 1773 5118 ἑαυτοῖς
1803 5072 1902 5110 πο-

319 5141 491 5211 νηρὰν
513 5140 672 5205 δόξαν
699 5141 1161 5212 ὑποστησάμενοι.

394 5319 498 5371 Καὶ
545 5317 1212 5389 παραδειγματίζοντας.
1263 5321 1558 5388 Τουτέστι,
1596 5321 1900 5392 θριαμϐεύο

320 5425 500 5472 οντας,
533 5410 995 5481 καταισχύνοντας
1017 5427 1032 5444 ο
1084 5417 1242 5467 τοῦτο
1269 5412 1325 5465 δὲ
1369 5412 1534 5483 διχῶς
1571 5415 1819 5484 νοήσεις*
1856 5413 1889 5483 ἢ

319 5498 403 5550 ὅτι
440 5498 565 5551 τότε
603 5499 652 5550 οἱ
689 5500 1102 5570 σταυρώσαντες
1131 5502 1222 5554 τὸν
1255 5500 1479 5571 Κύριον,
1523 5503 1615 5556 ἐπὶ
1659 5503 1890 5573 αἰσχύνῃ

321 5589 484 5641 αὑτοῦ
515 5590 759 5652 τοιοῦτον
786 5594 986 5663 τρόπον
1023 5593 1256 5648 Θανάτου
1287 5594 1608 5664 ἐπενόησαν,
1636 5595 1729 5649 τὸν
1769 5597 1892 5649 ἐπι-

394 5767 434 5800 ¹⁷
462 5766 607 5822 Psal.
639 5783 734 5832 cn,
771 5765 822 5821 5.

2004 4593 2243 4650 secunda
2273 4607 2407 4647 crux
2449 4591 2540 4646 sit.
2577 4588 2721 4656 Quid
2745 4589 2891 4644 enim
2944 4589 3274 4660 prohiberet,
3312 4589 3356 4645 si
3385 4603 3585 4642 secun-

2003 4686 2131 4740 dum
2160 4685 2590 4755 permitteretur,
2612 4682 2908 4751 quominus
2975 4681 3194 4735 tertium
3225 4687 3279 4734 et
3326 4689 3584 4750 quartum

2005 4777 2426 4837 concederetur,
2466 4781 2633 4844 atque
2664 4775 2740 4829 ita
2776 4777 2835 4830 in
2898 4772 3216 4828 inﬁnitum?
3272 4772 3390 4828 Non
3445 4773 3584 4827 dixit

2007 4878 2210 4934 autem,
2238 4883 2453 4922 rursum
2487 4865 2874 4936 cruci/igeutes,
2904 4880 2966 4919 ac
3001 4865 3248 4930 destitit,
3281 4865 3379 4920 sed
3429 4865 3580 4934 adje-

2007 4964 2106 5020 cit.
2160 4963 2262 5016 sibi
2297 4961 2452 5030 ipsis,
2521 4969 2582 5013 ut
2639 4959 2891 5013 ostendat
2944 4961 3088 5028 quod
3120 4961 3285 5014 vitam
3329 4970 3572 5014 nostram

2004 5054 2201 5123 ignave
2235 5053 2622 5121 transigentes,
2654 5050 2812 5119 quasi
2853 5050 2991 5104 alter
3047 5050 3348 5120 baptistnus
3397 5037 3612 5123 esset,f

2009 5144 2083 5198 ita
2118 5144 2304 5198 omnia
2331 5142 2672 5213 perticimus,
2703 5155 2802 5196 ceu
2831 5140 3031 5196 malam
3061 5141 3375 5211 opinionem
3401 5141 3453 5193 in
3477 5155 3576 5193 no-

2008 5232 2094 5288 bis
2121 5233 2256 5302 ipsis
2283 5233 2646 5288 sustinentes.

2081 5323 2146 5377 Et
2214 5325 2442 5376 ostentui
2501 5323 2771 5378 habentes.
2837 5321 2949 5377 Hoc
3009 5329 3112 5385 est,
3153 5318 3572 5387 triumphantes,

2003 5415 2302 5485 ignominia
2325 5414 2641 5469 atii-cientes.
2674 5414 2787 5468 Hoc
2803 5425 2980 5466 autem
3003 5409 3567 5479 bifariamintelliges:
3631 5422 3635 5426 '

1999 5508 2084 5562 vel
2114 5508 2240 5577 quia
2281 5507 2371 5576 qui
2402 5515 2514 5560 tum
2543 5505 2931 5560 eruciﬁxernnt
2969 5502 3280 5567 Dominum,
3329 5502 3393 5556 ad
3422 5504 3573 5574 ἱειιυ·

2006 5597 2233 5652 miniam
2262 5597 2381 5666 ejus
2415 5596 2574 5651 talem
2611 5594 2804 5649 mortis
2859 5592 3124 5648 rationem
3164 5593 3564 5666 excogitarunt,
