4014 6208
424 401 532 467 255

1377 390 1956 465 THEOPHYLACTI
1987 403 2394 467 BULGARLE
2429 406 2783 468 ARCHIEP.

3557 411 3667 476 27:6

427 514 770 569 maledictam
799 511 1047 567 videlicet
1074 521 1128 565 ct
1159 515 1640 583 contumeliosam,
1667 534 1732 573 ac
1758 521 1985 575 scelera-

2098 520 2406 591 κατάρατον
2450 520 2546 576 καὶ
2573 516 2936 576 ἐπονείδιστον
2977 520 3202 593 δηλαδὴ,
3249 524 3344 578 καὶ
3374 527 3486 599 τοῖς
3536 542 3676 577 κακ-

431 610 498 661 tis
525 607 852 663 destinatam
882 624 894 660 :
927 607 1006 658 vel
1041 608 1167 676 quia
1201 608 1456 666 Christus
1483 615 1649 668 sem-el
1677 617 1826 670 cruci
1881 617 1999 672 alii-

432 712 554 760 xns,
595 697 923 752 immortalis
954 698 1216 770 deinceps
1248 702 1512 758 creditur.
1544 705 1647 771 Qui
1693 707 1859 777 igitur
1912 723 2000 762 re-

423 786 694 856 cruciﬁgit
717 788 915 856 ipsum,
939 790 1278 846 mendacium
1303 794 1403 848 hoc
1433 794 1584 861 facit,
1608 799 1750 866 quod
1775 800 2002 857 Christo

427 878 815 932 contumeliam
846 880 1023 944 affert,
1047 883 1246 952 quippe
1301 887 1393 955 qui
1433 895 1552 956 post
1575 900 1804 946 mortem
1839 909 1994 948 suam

421 985 582 1035 quam
607 972 774 1024 semel
796 973 1080 1040 sustinuit,
1112 975 1584 1035 immortalitatem
1612 983 1870 1056 deinceps
1895 1001 1996 1057 gu-

424 1063 675 1116 staverit.
732 1062 989 1120 Bil‘ariam
1029 1069 1212 1138 itaque
1273 1087 1383 1126 rem
1421 1073 1813 1144 impossibilem
1873 1093 2002 1136 esse

421 1152 554 1205 dicit
583 1168 598 1205 :
635 1154 810 1223 primo
839 1158 1097 1226 quidem,
1129 1163 1274 1231 quod
1307 1164 1562 1234 indignus
1593 1177 1675 1221 est
1705 1173 1798 1238 qui
1826 1173 1993 1227 tantis

431 1243 588 1297 tionis
647 1245 884 1302 donatus
944 1251 1034 1315 sit,
1082 1262 1249 1322 atque
1284 1257 1468 1308 omnia
1503 1260 1764 1326 profudit,
1799 1278 1994 1320 rursus

421 1331 612 1388 iisdem
647 1337 753 1390 frui
784 1356 798 1391 :
867 1342 1112 1395 secundo
1145 1358 1276 1398 vero
1340 1346 1485 1414 quod
1527 1348 1850 1408 horribilius
1885 1363 1992 1419 est,

418 1425 563 1492 quod
599 1425 938 1495 impossibile
966 1433 1037 1485 sit
1089 1433 1286 1488 Filium
1329 1435 1419 1493 Dei
1455 1454 1674 1494 rursum
1726 1446 1990 1516 cruciﬁgi.

488 1511 654 1571 Vsus.
679 1518 733 1573 7.
798 1519 961 1575 Terra
1009 1526 1146 1578 enim
1207 1543 1344 1596 swpe
1381 1531 1663 1585 venientem
1720 1550 1875 1601 super
1940 1554 1997 1592 se

418 1604 594 1660 bibens
626 1608 866 1666 imbrem.
927 1612 1151 1669 Terram
1179 1619 1399 1688 quidem
1431 1622 1669 1677 animam
1694 1667 1708 1690 ,
1765 1625 1992 1682 imbrem

418 1712 546 1751 vero
597 1700 902 1758 doetrinam
973 1717 1155 1775 vocat,
1217 1719 1277 1764 ut
1312 1713 1421 1767 alio
1472 1715 1525 1767 in
1559 1715 1993 1782 loco,Handabo

420 1789 661 1854 nubibus,
685 1793 862 1862 inquit
888 1796 1054 1863 Deus,
1079 1817 1141 1853 ne
1168 1801 1356 1867 pluunt
1375 1805 1594 1859 imbrem
1618 1808 1668 1860 in
1694 1809 1901 1865 vineam
1924 1812 1988 1865 ⁸⁸.

2097 608 2318 679 ούργοις
2370 609 2750 683 ἀφωρισμένον
2801 629 2813 642 ·
2864 611 2897 682 ἢ
2941 612 3021 666 ὅτι
3059 613 3206 680 ἅπαξ
3253 615 3589 683 σταυρωθεὶς
3641 618 3672 670 ὁ

2096 700 2354 770 Χριστὸς,
2375 702 2643 767 ἀθάνατος
2666 703 2852 758 λοιπὸν
2877 701 3017 757 εἶναι
3042 704 3379 762 πιστεύεται.
3408 705 3468 759 '0
3493 707 3672 761 τοίνυν

2097 789 2454 863 άνασταυρῶν
2492 794 2677 859 αὐτὸν,
2731 795 2927 865 ψεῦδος
2973 795 3131 849 τοῦτο
3161 800 3343 850 ποιεῖ’
3394 799 3531 868 ὅπερ
3581 801 3672 853 αἱ-

2097 882 2299 952 σχύνην
2331 885 2407 954 τῷ
2429 885 2653 956 Χριστῷ
2680 888 2858 958 φέρει,
2883 887 2956 951 ὡς
2987 889 3311 960 γευσαμένῳ
3331 891 3377 924 ⁸⁸
3399 892 3498 963 τὴν
3531 893 3674 962 μετὰ

2095 972 2159 1026 τδ
2187 973 2334 1038 ἅπαξ
2361 975 2658 1028 ἀποθανεῖν
2693 975 2786 1029 τοῦ
2821 975 3010 1030 λοιποῦ
3039 976 3362 1034 ἀθανασίαν.
3393 980 3526 1034 Δυσὶ
3558 982 3669 1036 τοί·-

2096 1081 2193 1118 νυν
2222 1065 2448 1135 τρόποις
2494 1065 2555 1120 τὸ
2605 1068 2838 1138 πρᾶγμα
2870 1067 3132 1122 ἀδύνατόν
3169 1087 3333 1140 φησιν
3372 1065 3512 1123 εἶναι
3534 1088 3546 1100 ·
3587 1072 3670 1124 ἑνὶ

2099 1157 2219 1226 μὲν.
2257 1158 2340 1210 ὅτι
2365 1157 2467 1211 οὐκ
2509 1157 2663 1224 ἄξιός
2711 1159 2860 1212 ἐστιν
2898 1158 2928 1210 ὁ
2971 1159 3228 1212 τοιούτων
3287 1161 3666 1226 καταξιωθεὶς,

2098 1246 2193 1300 καὶ
2225 1247 2402 1300 πάντα
2446 1247 2773 1318 προέμενος,
2805 1247 2961 1311 αὖθις
2986 1248 3296 1302 ἀπολαῦσαι
3323 1250 3431 1303 τῶν
3461 1251 3688 1316 αὐτῶν,

2097 1335 2268 1406 έτέρῳ
2297 1337 2354 1390 δὲ
2391 1337 2468 1408 τῷ
2511 1339 2950 1410 φρικωδεστέρῳ,
2982 1341 3066 1393 ὅτι
3106 1339 3368 1394 ἀδύνατόν
3411 1342 3527 1397 ἐστι
3574 1342 3668 1396 τὸν

2097 1426 2228 1480 Υίὸν
2252 1427 2344 1481 τοῦ
2377 1429 2512 1483 Θεοῦ
2537 1431 3032 1501 ἀνασταυροῦσθαι.

2168 1515 2261 1584 Γῆ
2324 1519 2432 1586 γὰρ
2486 1518 2524 1584 τ’)
2572 1519 2797 1572 πιοῦσα
2851 1519 2956 1571 τὸν
3000 1520 3093 1572 ἐπ’
3139 1519 3330 1588 αὐτῆς
3371 1521 3672 1590 πολλάκις

2095 1603 2420 1676 ἐρχόμενον
2445 1611 2640 1663 ὑετόν.
2663 1610 2773 1678 Γῆν
2813 1611 2913 1679 μὲν
2944 1611 3042 1680 τὴν
3067 1611 3263 1682 ψυχὴν,
3295 1612 3450 1665 ὑετὸν
3489 1615 3546 1666 δὲ
3571 1614 3668 1685 τὴν

2097 1698 2447 1753 διδασκαλίαν
2497 1701 2672 1767 καλεῖ,
2717 1701 2790 1763 ὡς
2836 1702 2927 1753 καὶ
2979 1693 3237 1771 ἀλλαχοῦ,
3279 1703 3672 1772 Έντελοῦμαι

2099 1789 2227 1855 ταῖς
2259 1790 2562 1858 νεφέλαις.
2593 1792 2759 1862 φησὶν
2781 1795 2808 1845 ὁ
2838 1793 2994 1856 Θεὸς,
3020 1793 3126 1848 τοῦ
3145 1794 3230 1863 μὴ
3257 1794 3470 1861 βρέξαι
3492 1797 3672 1850 ὑετὸν

419 1881 484 1934 Et
518 1899 710 1939 rursus
744 1903 757 1940 :
792 1885 1014 1943 Flavius
1037 1891 1136 1947 Dei
1165 1895 1408 1964 impletus
1437 1907 1514 1952 est
1546 1901 1720 1969 aquis,
1753 1902 1857 1956 hoc
1885 1911 1985 1969 est,

2095 1882 2183 1944 εις
2215 1880 2322 1933 τὸν
2358 1880 2706 1950 ἀμπελῶνα.
2753 1884 2863 1936 Καὶ
2907 1885 3071 1937 πάλιν
3097 1899 3110 1915 ο
3153 1886 3217 1937 '0
3261 1888 3531 1955 ποταμὸς
3563 1888 3671 1942 τοῦ

417 1971 510 2036 qui
545 1986 572 2024 a
602 1972 712 2028 Deo
742 1985 799 2030 ut
827 1977 965 2034 alios
999 1980 1192 2037 doceat
1223 1985 1399 2052 gratia
1457 1986 1695 2044 donatus
1725 1999 1828 2054 est,
1891 1990 1996 2046 im-

421 2059 600 2126 pletus
631 2071 716 2115 est
746 2069 1004 2135 supernis
1038 2071 1215 2139 aquis,
1239 2074 1356 2128 sive
1382 2074 1558 2130 donis.
1597 2075 1778 2133 lunuit
1809 2087 1990 2136 autem

419 2151 552 2205 istos
577 2159 631 2205 et
662 2158 970 2226 suscepisse
1003 2168 1057 2214 et
1090 2161 1373 2219 imbibisse
1432 2179 1760 2236 sermonem,
1788 2178 1839 2225 et
1867 2186 1992 2226 cum

416 2255 559 2308 srepe
623 2243 799 2312 ipsum
837 2261 1022 2303 essent
1084 2253 1286 2322 adepti,
1339 2271 1412 2311 ne
1462 2258 1542 2313 sic
1569 2258 1789 2328 quidem
1844 2263 1994 2332 ipsos

417 2333 716 2400 profecisse
767 2359 780 2393 :
822 2342 966 2409 quod
1023 2352 1078 2398 et
1136 2360 1302 2416 supra
1333 2349 1470 2404 dixit
1513 2351 1691 2408 :Cum
1743 2355 1994 2411 deberetis

411 2441 525 2479 esse
540 2429 778 2485 doctores
802 2447 1010 2503 propter
1036 2446 1260 2508 tempus.

481 2613 646 2682 685
707 2615 772 2668 Et
823 2622 1124 2686 germinans
1171 2625 1384 2680 herbam
1437 2645 1807 2697 opportunam.
1872 2636 1989 2694 Hoc

417 2711 523 2763 est,
562 2707 729 2759 vitam
761 2710 1064 2770 virtutibus.
1111 2726 1410 2787 comptam.
1457 2721 1601 2778 Nihil
1653 2728 1798 2781 enim
1855 2731 1992 2786 adeo

412 2803 499 2846 est
541 2806 937 2868 Opportunum,
971 2801 1073 2859 hoc
1109 2814 1216 2872 est,
1251 2813 1585 2869 conveniens
1611 2827 1664 2872 et
1693 2827 1903 2888 aptum,
1927 2831 1988 2877 ut

410 2885 536 2938 vitae
561 2889 786 2953 puritas.

482 2973 625 3036 Illis,
661 2993 753 3045 per
782 2995 911 3049 quor
947 2992 998 3036 et
1045 2985 1260 3051 colitur.
1321 2988 1581 3059 lierbam,
1650 2995 1851 3068 inquit,
1886 3001 1990 3059 hoc

413 3074 513 3126 cst,
555 3067 753 3125 bonam
806 3080 1285 3136 conversationem
1330 3083 1440 3141 illis
1475 3089 1618 3156 parit
1678 3067 1845 3158 terra,
1893 3109 1992 3164 per

2098 1971 2246 2026 Θεοῦ
2267 1972 2586 2042 ἐπληρώθη
2626 1972 2882 2041 ὑδάτων,
2913 1975 3209 2040 τουτέστιν,
3235 1979 3263 2030 ὁ
3308 1978 3372 2029 ὲκ
3408 1977 3504 2030 τοῦ
3534 1978 3670 2031 Θεοῦ

2096 2066 2224 2136 περὶ
2252 2065 2312 2119 τὸ
2336 2066 2611 2120 διδάσκειν
2637 2067 2989 2139 χαριτωθεὶς,
3015 2065 3304 2139 ἐπληρώθη
3329 2069 3439 2120 τῶν
3466 2070 3673 2122 ἄνωθεν

2094 2154 2329 2223 ὑδάτων,
2383 2156 2503 2226 ἦτοι
2538 2158 2922 2228 χαρισμάτων.
2976 2159 3283 2212 Αἰνίττεται
3327 2158 3383 2212 δὲ
3435 2161 3668 2214 ἐνταῦθα

2093 2247 2316 2310 τούτους
2343 2249 2440 2303 καὶ
2469 2249 2798 2320 δεξαμένους
2834 2250 2930 2303 καὶ
2980 2250 3324 2320 συμπίοντας
3355 2251 3447 2304 τὸν
3490 2252 3665 2320 λόγον,

2095 2341 2184 2392 καί
2222 2340 2488 2403 πολλάκις
2515 2341 2708 2394 τούτου
2736 2340 3022 2411 τυχόντας,
3060 2342 3154 2394 καὶ
3186 2342 3308 2396 οὐδὲ
3336 2342 3510 2407 οὕτως
3533 2344 3669 2396 ἀπο-

2095 2429 2382 2497 ναμένους,
2419 2430 2447 2483 ὃ
2475 2431 2571 2484 καὶ
2595 2431 2852 2501 ἀνωτέρω
2889 2425 3046 2485 εἶπεν
3065 2448 3080 2462 ·
3123 2433 3490 2501 Ὀφείλοντες
3515 2430 3670 2488 εἶναι

2092 2518 2450 2575 διδάσκαλοι
2484 2521 2584 2576 διὰ
2615 2523 2722 2576 τὸν
2753 2522 2997 2592 χρόνον.

2161 2609 2274 2665 Καὶ
2307 2611 2597 2667 τίκτουσα
2609 2611 2885 2680 βοτάνην
2927 2615 3190 2668 εὔθετον.
3234 2613 3514 2684 Τουτέστι,
3545 2614 3664 2682 βίον

2093 2701 2366 2772 ἐνάρετον.
2394 2703 2559 2757 Οὐδὲν
2590 2704 2696 2776 γάρ
2717 2705 2888 2768 οὕτως
2917 2705 3156 2768 εὔθετον,
3185 2708 3452 2770 τουτέστι,
3483 2723 3661 2778 προσ-

2097 2793 2233 2863 ῆκον
2255 2795 2350 2848 καὶ
2375 2794 2738 2866 εὐάρμοστον,
2760 2796 2836 2862 ὡς
2871 2798 2990 2868 βίου
3021 2797 3352 2868 καθαρότης.

2188 2995 2472 3062 Eata/rato
2494 2996 2571 3052 δι’
2601 2997 2710 3063 οὓς
2738 2996 2837 3051 καὶ
2882 2997 3236 3067 γεωργεῖται.
3271 2998 3383 3066 Τὴν
3412 2998 3664 3069 βοτάνην,

2091 3089 2252 3157 φησὶ,
2277 3091 2548 3153 τουτέστι,
2571 3090 2672 3160 τὴν
2699 3089 2912 3160 ἀγαθὴν
2940 3090 3216 3144 πολιτείαν
3242 3091 3472 3154 ἐκείνοις
3490 3090 3664 3144 τίκτει

414 3171 553 3224 quos
583 3163 804 3228 colitur,
839 3175 1005 3237 atque
1041 3171 1152 3226 illis
1181 3177 1515 3233 conveniens
1541 3191 1628 3236 est
1655 3183 1770 3252 ipsa
1800 3205 1812 3240 :
1857 3163 1985 3241 nam

415 3249 492 3276 HL:
533 3252 632 3276 :..-:
690 3258 774 3276 ρης
837 3258 934 3276 νᾳη.
985 3270 997 3276 -
1194 3266 1205 3276 .
1407 3269 1427 3276 -

2094 3178 2426 3250 ηγῆ,διόὒς
2460 3180 2551 3232 καὶ
2569 3183 2917 3249 γεωργεῖται,
2941 3181 3035 3234 καὶ
3068 3181 3297 3242 ἐκείνοις
3329 3181 3478 3234 ἐστὶν
3510 3179 3666 3236 εὔθε-

415 3249 492 3303 ilii
533 3252 633 3321 ipsi
682 3258 776 3325 qui
834 3258 1088 3316 virtutem
1121 3266 1333 3330 colunt,
1403 3249 1866 3331 fruentnr'etiam
1897 3295 1983 3336 ea.

410 3339 640 3406 Quidam
707 3357 910 3415 autem,
974 3354 1115 3419 illis,
1188 3359 1253 3411 acl
1313 3359 1578 3418 doctores
1643 3369 1982 3428 retulerunt:

409 3433 610 3487 etenim
649 3450 745 3503 per
787 3439 908 3494 illos
942 3443 1147 3511 optima
1207 3450 1330 3503 vitae
1381 3459 1728 3511 conversatio
1778 3463 1988 3515 excoli-

410 3531 519 3588 tur,
557 3531 730 3595 utqui
781 3542 833 3584 ct
889 3533 991 3602 ipsi
1047 3534 1445 3608 discipulorum
1500 3560 1726 3601 suorum
1767 3549 1986 3608 virtutis

409 3615 522 3669 sint
548 3630 858 3677 consortes.

478 3711 684 3779 Accipit
747 3714 1157 3776 benedictionem
1213 3742 1246 3779 a
1306 3727 1434 3786 Deo.
1493 3729 1592 3786 llic
1651 3735 1813 3789 tacite
1859 3737 1985 3794 ferit

407 3801 648 3869 Graecos,
689 3805 872 3862 virtuti
916 3820 1074 3867 terrae
1150 3815 1368 3885 frugum
1427 3833 1751 3892 proventum
1805 3832 1984 3885 ascri-

409 3890 618 3947 luentes.
661 3894 847 3966 Neque
878 3903 1020 3956 enim
1071 3907 1394 3965 colonorum
1429 3890 1644 3972 manus
1688 3931 1817 3974 sunt
1860 3938 1982 3991 qua:

409 3982 627 4039 fructus
657 3986 878 4055 faciant,
913 4009 1100 4049 verum
1135 4008 1335 4064 totum,
1374 4004 1572 4074 inquit,
1610 4007 1718 4066 Deo
1741 3982 1982 4071 referen-

407 4077 536 4132 dum
579 4091 663 4136 est
690 4097 1011 4153 acceptum:
1043 4090 1158 4161 ipse
1187 4093 1462 4153 benedicit
1504 4108 1685 4168 terrm,
1725 4120 1789 4160 ac
1823 4106 1983 4163 ferti-

405 4167 611 4222 litatem
639 4173 685 4224 la
700 4175 776 4245 rgi
788 4183 842 4230 tu
854 4193 898 4231 r.

477 4259 640 4319 Vens.
683 4265 735 4320 8.
764 4261 1050 4338 Pro/cretis
1083 4283 1260 4331 autem
1285 4278 1465 4346 spinas
1493 4291 1544 4335 et
1582 4284 1826 4341 tribulos.
1855 4289 1975 4343 Non

404 4350 565 4420 dixit,
596 4358 933 4428 germinans,
961 4371 1202 4436 utsupra
1233 4369 1300 4424 de
1327 4371 1513 4437 herba,
1543 4376 1658 4440 sed,
1680 4379 1973 4445 proferens,

403 4444 630 4512 perinde
689 4463 755 4504 ac
825 4451 972 4507 dicat
1018 4458 1241 4527 aliquis,
1308 4460 1622 4531 ebulliens,
1679 4483 1744 4522 ac
1805 4444 1974 4526 veluti

2090 3287 2176 3331 τος
2231 3271 2389 3342 αὕτη.
2426 3271 2536 3326 Καὶ
2564 3273 2672 3342 γὰρ
2701 3271 2854 3326 αὐτοὶ
2885 3273 3078 3325 ἐκεῖνοι
3112 3274 3161 3325 οἱ
3195 3271 3666 3342 καρποφοροῦντες

2086 3361 2186 3430 τὴν
2208 3361 2432 3432 ἀρετὴν,
2474 3361 2846 3415 ἀπολαύσουσι
2875 3361 3100 3430 ταύτης.
3125 3361 3279 3423 Τινὲς
3313 3361 3369 3414 δὲ
3400 3362 3479 3423 τὸ.
3507 3361 3673 3414 ἐκεί--

2089 3471 2241 3522 νοις,
2279 3455 2399 3508 ἀντὶ
2432 3454 2551 3519 τοῦ,
2573 3457 2684 3518 τοῖς
2715 3454 3090 3519 διδασκάλοις,
3129 3454 3384 3524 ἐνόησαν·
3429 3456 3522 3507 καὶ
3554 3453 3666 3524 γὰρ

2089 3548 2183 3600 καὶ
2213 3547 2280 3599 δι’
2311 3547 2510 3610 αὐτοὺς
2565 3549 2898 3616 γεωργεῖται
2945 3549 2978 3616 ἡ
3034 3545 3228 3617 ἀρίστη
3286 3545 3552 3610 πολιτεία,
3586 3545 3663 3610 ὡς

2088 3639 2184 3692 καὶ
2213 3639 2395 3692 αὐτῶν
2436 3640 2772 3710 μετεχόντων
2830 3639 2929 3707 τῆς
2969 3637 3078 3690 τῶν
3121 3637 3381 3708 μαθητῶν
3435 3637 3660 3708 ἀρετῆς.

2157 3733 2611 3801 Μεταλαμϐάνει
2669 3730 2951 3796 εὐλογίας
2996 3730 3114 3784 ἀπὸ
3156 3729 3328 3784 Θεοῦ.
3391 3728 3661 3783 Ἐνταῦθα

2085 3821 2268 3891 ἠρέμα
2295 3821 2521 3892 πλήττει
2543 3823 2673 3884 τοῦς
2711 3819 3000 3891 Ἕλληνας,
3039 3820 3164 3882 τοὺς
3198 3823 3262 3890 τῇ
3294 3819 3520 3888 δυνάμει
3560 3820 3661 3888 τῆς

2087 3913 2189 3981 τῆς
2211 3913 2311 3981 τὴν
2340 3913 2448 3966 τῶν
2481 3913 2714 3983 καρπῶν
2749 3913 2922 3982 φορὰν
2953 3910 3530 3978 ὲπιγράφοντας.οὑδὲ
3549 3910 3660 3980 γὰρ

2084 4003 2205 4056 οὐδὲ
2234 4003 2541 4074 γεωργικαὶ
2566 4003 2747 4074 χεῖρές
2776 4005 2913 4056 εἰσιν
2945 4003 3000 4055 αἱ
3032 4002 3154 4065 τοὺς
3184 4002 3429 4072 καρποὺς
3469 3999 3658 4055 ποιοῦ-

2087 4114 2200 4155 σαι.
2235 4099 2372 4151 ἀλλὰ
2404 4098 2464 4153 τὸ
2488 4100 2616 4163 πᾶν,
2649 4098 2806 4167 φησι,
2835 4094 2932 4149 τοῦ
2977 4095 3114 4148 Θεοῦ
3159 4097 3307 4148 ἐστιν
3327 4111 3340 4125 ·
3371 4094 3533 4158 αὐτὸς
3563 4094 3659 4148 εὖ·

2081 4190 2251 4256 ).ογεῖ,
2275 4191 2369 4243 καὶ
2407 4190 2504 4260 τὴν
2534 4190 2791 4259 εὐφορίαν
2819 4188 3056 4242 δίδωσιν.

2165 4279 2540 4349 Ἐκφέρουσα
2594 4278 2662 4332 δὲ
2715 4277 2984 4344 ἀκάνθας
3019 4275 3118 4330 καὶ
3152 4277 3483 4345 τριϐόλους.
3540 4273 3657 4328 Οὐκ

2079 4369 2223 4439 εἷπε,
2257 4372 2539 4434 τίκτουσα,
2585 4369 2774 4439 ὣσπερ
2821 4369 3078 4439 ἀνωτέρω
3132 4369 3226 4421 ἐπὶ
3275 4369 3374 4436 τῆς
3401 4367 3653 4436 βοτάνης,

2078 4463 2214 4527 ἀλλ’,
2251 4461 2580 4530 ἐκφέρουσα,
2615 4459 2692 4523 ὡς
2717 4460 2784 4514 ἂν
2815 4459 2960 4512 εἴποι
2996 4476 3101 4524 τις,
3131 4457 3532 4528 ἐκϐράσσουσα.
3559 4460 3657 4512 καὶ

402 4536 836 4604 superﬂuitatem
898 4547 1177 4604 emittens.
1212 4549 1397 4620 Spinze
1438 4565 1619 4610 autem
1686 4575 1751 4614 ac
1783 4563 1974 4619 tribuli

2087 4555 2189 4612 οἷόν
2214 4575 2270 4612 τι
2305 4557 2628 4628 περίττωμα
2665 4555 3104 4627 άπορῤἰπτουσα.
3136 4553 3409 4607 Ἀκανθαι
3456 4551 3515 4604 δὲ
3557 4554 3654 4606 καὶ

402 4636 532 4680 sunt
567 4629 691 4682 vitae
723 4632 1145 4701 sollicitudines,
1197 4655 1262 4694 ac
1293 4641 1594 4712 impostura
1625 4648 1972 4719 divitiarum,

401 4725 464 4764 ac
525 4714 851 4784 simpliciter
899 4737 1064 4778 omne
1104 4738 1427 4801 peccatum;
1485 4737 1629 4793 sicut
1694 4749 1749 4795 et
1801 4741 1972 4798 David

399 4802 565 4860 dicit:
603 4807 901 4870 Conversus
949 4832 1068 4872 sum
1124 4821 1179 4874 in
1232 4837 1491 4892 wrumna,
1541 4832 1667 4886 dum
1730 4836 1974 4906 inﬁgitur

397 4893 546 4991 mihi
566 4899 720 4966 spina
750 4903 815 4957 ¹⁹.
869 4903 987 4961 Non
1023 4910 1169 4966 enim
1227 4916 1550 4986 simpliciter
1588 4893 1798 4978 accedii
1821 4893 1963 4991 {sed

398 4984 679 5057 inﬁgitur:
721 5003 774 5048 et
810 4997 916 5052 nisi
960 5007 1129 5059 totam
1175 5010 1484 5078 evellimus,
1527 5013 1623 5068 sed
1674 5016 1964 5075 minimum

396 5077 654 5144 quiddam
692 5091 1044 5156 remanserit,
1100 5099 1332 5162 cruciat,
1372 5111 1534 5172 atque
1559 5119 1696 5169 opus
1722 5108 1804 5161 est
1831 5125 1966 5164 cura

395 5183 460 5223 ac
493 5172 792 5244 diligentia.
828 5180 1059 5254 Insuper
1105 5189 1343 5245 tribuius
1381 5203 1503 5248 est:
1571 5197 1715 5252 unde
1746 5200 1791 5253 si
1845 5217 1966 5255 eam

394 5261 656 5330 retineas,
688 5269 967 5340 vulnerat,
1003 5284 1167 5344 atque
1188 5281 1335 5334 omni
1363 5298 1427 5336 ex
1454 5293 1608 5352 parte
1659 5288 1966 5356 injucunda

394 5361 498 5418 est,
528 5371 653 5410 eum
695 5360 781 5415 hic
818 5365 1169 5434 ignominiam
1199 5373 1440 5440 pariens,
1485 5387 1596 5432 tum
1655 5380 1708 5434 in
1768 5382 1954 5440 futuro

395 5448 599 5503 saeculo
639 5455 1012 5521 potissimum.

468 5624 514 5654 ’⁸
546 5625 688 5683 Psal.
722 5645 868 5697 thv,
895 5633 982 5690 i0.
1062 5638 1105 5672 "
1123 5638 1267 5696 Psal.
1298 5657 1446 5698 xxxi.
1477 5645 1532 5700 4.

2079 4649 2338 4719 τρίόολοι,
2375 4648 2517 4702 αἵτε
2558 4647 2820 4716 μέριμναι
2867 4645 2960 4699 τοῦ
2995 4644 3135 4714 βίου,
3161 4645 3312 4714 καὶὴ
3346 4644 3529 4712 ἀπάτη
3554 4642 3652 4695 τοῦ

2078 4741 2333 4807 πλούτου,
2366 4742 2460 4794 καὶ
2490 4739 2678 4803 ἁπλῶς
2713 4740 2864 4793 πᾶσα
2889 4737 3138 4810 ἁμαρτία
3157 4752 3172 4768 ·
3205 4735 3281 4798 ὡς
3313 4735 3406 4789 καὶ
3429 4737 3458 4788 ὁ
3489 4733 3655 4786 Δασίδ

2075 4851 2274 4905 φησιν·
2319 4832 2657 4902 Ἐστράφην
2687 4835 2774 4898 εις
2813 4830 3217 4896 ταλαιπωρίαν
3246 4828 3316 4882 ἐν
3348 4825 3430 4891 τῷ
3459 4826 3651 4896 ἐμπα-

2071 4925 2251 4998 γῆναί
2271 4945 2370 4996 μοι
2391 4925 2680 4980 ἄκανθαν.
2707 4925 2782 4976 (ιὺ
2816 4921 2924 4996 γάρ
2964 4920 3152 4983 ἁπλῶς
3191 4918 3505 4988 ἐπέρχεται,
3533 4916 3648 4970 ἀλλ’

2073 5018 2464 5088 ἐμπήγνυταιτ
2503 5015 2606 5070 κᾶν
2644 5015 2718 5087 μὴ
2749 5015 2926 5068 πᾶσαν
2967 5009 3413 5081 siciliam-1,613.15:
3451 5007 3647 5076 μικρόν

2072 5126 2126 5163 τι
2157 5108 2510 5178 ἑναπομεὶνῃ,
2535 5106 2721 5176 ὀδυνᾷ,
2762 5104 2857 5158 καὶ
2886 5103 2968 5156 δεῖ
2991 5100 3292 5172 θεραπείας
3325 5098 3418 5152 καὶ
3446 5099 3644 5166 ἐπιμε-

2069 5199 2237 5264 λείας.
2295 5198 2461 5253 Ἀλλὰ
2521 5198 2618 5251 καὶ
2667 5195 2913 5268 τρίδολός
2959 5197 3109 5248 ἐστιν
3148 5192 3311 5246 ’ὅθεν
3353 5191 3421 5245 ἂν
3475 5189 3648 5259 αὐτὴν

2071 5291 2374 5361 κατάσχῃς,
2417 5287 2665 5359 πλήττει,
2694 5286 2787 5340 καὶ
2817 5285 3079 5340 πάντοθέν
3116 5285 3264 5337 ἐστιν
3314 5280 3505 5352 ἀηδὴς,
3550 5282 3646 5333 καὶ

2071 5381 2306 5436 ἐνταῦθα
2344 5379 2606 5452 αἰσχύνην
2661 5379 2923 5452 φέρουσα,
2957 5379 3052 5433 καὶ
3078 5378 3138 5433 έν
3184 5374 3264 5448 τῷ
3307 5373 3557 5446 μέλλοντι
3586 5371 3644 5424 δὲ

2075 5474 2232 5528 αἰῶνι
2265 5471 2521 5545 μάλιστα.

1706 5738 1910 5800 νοτίδι
1940 5735 2272 5801 lectiones.

492 5816 538 5850 '°
571 5815 898 5895 ψευσαμένῳ
929 5840 982 5879 o.
