4014 6208
276 227 388 295 261
1071 222 1480 285 EXPOSITIO
1512 224 1588 286 ΙΝ
1623 224 1860 286 EPlST.
1894 226 1996 286 AD
2033 223 2428 291 HEBREOS.
2449 230 2690 293 -~CAP.
2711 232 2809 293 Vl.
3457 240 3565 302 962

281 340 579 413 ὀτοναρκᾷ
595 340 665 392 ’⁸.
693 336 790 392 Διὰ
813 335 971 401 τοῦτο
992 332 1087 391 οὗν
1114 335 1285 391 ταῦτα
1313 337 1384 391 τὰ
1423 339 1703 410 πληκτικὰ
1728 340 1875 408 λέγω

1991 341 2180 406 credit,
2205 349 2260 397 et
2293 359 2398 397 non
2429 354 2627 414 torpet.
2662 344 2956 416 Propterea
2987 346 3154 418 igitur
3205 350 3318 406 haec
3369 354 3562 424 objur-

286 434 438 500 ὖμῖν,
470 432 562 485 ἵνα
600 428 949 500 διαναστήσω
997 428 1167 499 ὑμᾶς,
1213 429 1304 481 καὶ
1355 430 1590 500 γένησθε
1643 430 1882 501 μιμηταὶ

284 523 397 576 τῶν
427 518 965 591 κληρονομησάντων
999 518 1098 583 τὰς
1128 519 1465 588 ἐπαγγελίας
1497 519 1586 574 διὰ
1645 522 1881 585 πίστεως

285 613 385 667 καὶ
418 610 835 683 μακροθυμίας.
884 609 1042 673 Τίνες
1065 609 1122 662 δέ
1163 611 1301 664 εἰσιν
1332 603 1500 677 οὗτοι,
1528 610 1666 681 μετὰ
1707 609 1882 665 ταῦτα

286 706 424 777 ἐρεῖ.
458 705 603 776 Ὅρα
649 703 705 756 δέ
746 701 864 767 πῶς
913 701 1133 774 πρῶτον
1178 699 1300 757 εἷπε
1346 703 1447 775 τὴν
1496 705 1705 769 πίστιν,
1759 697 1882 757 εἶτα

293 796 705 870 μακροθυμίαν,
754 798 839 850 ὅτι
886 796 995 850 ἀπὸ
1040 796 1280 860 πίστεως
1313 798 1347 867 ἡ
1385 795 1758 868 μακροθυμία.
1817 797 1880 850 El

295 891 372 959 μὴ
398 890 512 960 γὰρ
546 888 793 942 πιστεύει
828 905 914 952 τις
956 887 1038 942 ὃτι
1083 887 1302 952 πάντως
1331 887 1494 942 δώσει
1539 890 1567 943 6
1612 891 1879 959 ἐπαγγει-

292 977 552 1049 λάμενος,
596 977 721 1031 οὐδὲ
758 977 1131 1048 μακροθυμεῖ.

370 1171 458 1238 τῷ
488 1171 600 1243 γὰρ
635 1171 892 1240 Ἀϐραὰμ
931 1170 1440 1242 ἐπαγγειλάμενος
1479 1176 1513 1227 ό
1556 1173 1721 1241 Θεὸς,
1752 1174 1883 1229 ἐπεὶ

294 1265 427 1317 κατ’
456 1263 710 1330 οὐδενὸς
747 1259 873 1332 εἶχε
916 1264 1185 1334 μείζονος
1215 1266 1454 1334 ὀμόσαι,
1485 1265 1685 1337 ὤμοσε
1748 1268 1879 1322 καθ’

292 1355 519 1410 ἑαυτοῦ
567 1355 792 1426 λέγων’
824 1350 898 1410 Ἦ
933 1355 1082 1424 μὴν,
1116 1356 1389 1427 εὐλογῶν
1429 1358 1746 1427 εὐλογήσω
1782 1375 1880 1426 σε,

296 1449 394 1500 καί
453 1449 792 1514 πληθύνων
827 1447 1121 1513 πληθυνῶ
1182 1466 1278 1504 σε.
1312 1449 1532 1505 Πολλῶν
1581 1453 1751 1506 ὄντων
1772 1452 1881 1507 τῶν

293 1540 384 1595 διὰ
414 1541 515 1609 τῆς
547 1540 789 1605 πίστεως
831 1541 1368 1612 κληρονομησάντων
1390 1545 1491 1608 τὰς
1520 1544 1878 1615 ἐπαγγελίας,

294 1636 421 1696 τοὺς
446 1632 642 1695 ἄλλους
676 1632 777 1702 μὲν
801 1632 937 1696 τέως
970 1633 1065 1686 νῦν
1092 1636 1334 1706 παρῆκε,
1356 1639 1470 1702 τοῖς
1503 1637 1631 1708 ἑξῆς
1680 1639 1880 1703 αὐτοὺς

296 1725 598 1794 ταμιεύων,
635 1725 797 1792 μόνον
830 1723 889 1778 δὲ
922 1725 1017 1778 τοῦ
1059 1726 1316 1799 Ἀδραὰμ
1366 1728 1667 1800 μέμνηται,
1698 1731 1791 1786 διά
1821 1749 1881 1784 τε

295 1819 355 1870 τὸ
389 1816 609 1885 ἀξίωμα
642 1817 738 1871 τοῦ
770 1817 1093 1889 προσώπου,
1151 1821 1247 1872 καὶ
1295 1821 1378 1874 ὅτι
1442 1821 1681 1893 μάλιστα
1728 1814 1884 1888 οὗτος

296 1910 395 1963 καὶ
427 1909 765 1978 ἐπαγγελίας
800 1909 1011 1983 ἠξιώθη
1037 1913 1132 1964 καὶ
1170 1912 1434 1985 ἐπέτυχε.
1473 1914 1586 1968 Καὶ
1615 1914 1702 1969 διὰ
1725 1915 1884 1970 τοῦτο

295 2002 574 2055 δείκνυσιν
635 2003 719 2056 ὅτι
769 2003 830 2056 οὐ
886 2004 967 2057 δεῖ
1023 2004 1404 2077 μικροψυχεῖν,
1443 2007 1558 2062 ἀλλ’
1592 2009 1884 2079 ἀναμένειν

295 2096 392 2148 τὸν
422 2094 579 2160 Θεὸν,
616 2093 737 2160 ἔθος
768 2093 960 2167 ἔχοντα
1009 2098 1086 2167 μὴ
1117 2098 1326 2168 ταχέως
1351 2100 1577 2167 ἐπάγειν
1606 2103 1675 2156 τὰ
1708 2103 1883 2173 ἐπηγ-

297 2186 562 2258 γελμένα,
604 2186 744 2241 ἀλλὰ
800 2188 892 2242 διὰ
942 2187 1156 2259 μακροῦ
1219 2191 1315 2243 τοῦ
1364 2192 1584 2263 χρόνου.
1637 2193 1772 2248 Πότε
1827 2193 1885 2246 δέ

295 2280 487 2351 ὤμοσε
521 2280 645 2334 καθ’
681 2282 885 2335 ἐαυτσῦ
913 2284 941 2336 6
965 2282 1127 2351 656;;
1161 2285 1235 2337 ’Ἠ
1264 2285 1322 2336 ἐν
1347 2286 1530 2348 αὐτοῖς
1558 2289 1670 2350 τοῖς
1702 2285 1883 2355 λόγοις

296 2369 384 2437 οἷς
415 2391 603 2445 φησιν,
630 2374 717 2428 ὅτι
752 2375 891 2429 Κατ’
921 2375 1185 2445 ἐμαυτοῦ
1212 2376 1421 2446 ὤμοσα
1448 2395 1462 2408 ·
1504 2376 1636 2441 ἴσως
1685 2377 1741 2431 δὲ
1792 2378 1887 2430 καὶ

296 2466 381 2531 τὸ,
422 2464 461 2534 ἦ
486 2464 634 2534 μὴν,
665 2465 812 2519 εἴποι
858 2467 924 2521 ἄν
955 2484 1039 2530 τις
1074 2466 1238 2520 ὄοκον
1274 2461 1415 2520 εἶναι
1463 2467 1558 2519 τοῦ
1601 2465 1734 2520 Θεοῦ
1765 2467 1886 2521 καθ’

299 2556 500 2611 ἐαυτοῦ
529 2574 544 2589 ·
586 2557 648 2611 τὸ
687 2557 797 2629 γὰρ
824 2555 865 2629 ἦ
896 2557 1047 2629 μὴν,
1090 2559 1211 2612 αντὶ
1251 2560 1346 2611 τοῦ
1385 2557 1571 2623 ὅντως
1591 2556 1739 2626 μὴν,
1779 2576 1880 2629 ση-

304 2651 510 2721 μαίνει.
543 2650 721 2722 Ὀπερ
750 2650 903 2704 οὐδὲν
949 2649 1079 2706 ἄλλο
1104 2651 1255 2705 ἐστὶν
1302 2651 1336 2722 ἦ
1397 2650 1759 2722 βεϐαιωτικὸν
1787 2651 1889 2720 τῆς

301 2741 603 2811 ἀληθείας·
640 2742 873 2814 ἀλήθεια
911 2742 967 2795 δὲ
1001 2743 1082 2806 τίς
1112 2742 1180 2796 ἂν
1217 2743 1304 2814 εἴη
1354 2743 1516 2806 ἄλλος
1538 2784 1553 2807 ,
1591 2744 1624 2814 ἢ
1657 2743 1685 2795 6
1721 2742 1887 2811 626;;

298 2834 456 2888 οὕτω
498 2836 594 2889 καὶ
643 2838 700 2890 ἐν
747 2840 863 2901 τοῖς
911 2833 1272 2905 Εὐαγγελίοις
1321 2837 1349 2889 ὁ
1402 2836 1629 2907 Κύριος.
1686 2836 1886 2905 Ἀμὴν,

299 2924 498 2996 ἀμὴν,
532 2925 721 2995 λέγων,
756 2927 848 2982 τὸν
879 2928 1044 2981 αὐτὸν
1069 2929 1232 2998 ὅρκον
1287 2926 1501 2997 ὀμνύει,
1560 2927 1625 2980 ἐκ
1677 2926 1769 2979 τοῦ
1811 2926 1887 2999 μὴ

301 3018 453 3088 ἔχειν
484 3018 628 3071 κατὰ
658 3019 904 3090 μείζονος
934 3019 1179 3090 ὀμῶσαι,
1205 3017 1328 3071 καθ’
1362 3018 1559 3072 ἐαυτοῦ
1586 3018 1776 3088 ὀμνὺς,
1815 3017 1888 3081 ὡς
1915 3048 1958 3105 c

300 3109 399 3162 καὶ
424 3109 454 3161 6
482 3108 693 3179 Πατήρ.
742 3110 937 3164 Καίτοι
981 3110 1127 3174 τινὲς
1183 3108 1391 3180 καὶτῷ
1435 3109 1686 3182 Ἀϐραὰμ
1719 3110 1887 3162 αὐτὸν

294 3201 426 3253 τότε
473 3198 563 3252 τὸν
590 3198 718 3253 Υἱὸν
759 3200 1021 3270 ὁμιλῆσαι
1065 3201 1297 3272 ἐνόησαν
1322 3216 1336 3231 ·
1371 3199 1520 3267 λέγει
1558 3199 1717 3269 γὰρὴ
1750 3200 1888 3270 Γραο

296 3291 399 3362 φὴ,
442 3291 546 3354 ὅτι,
607 3286 758 3346 Elite
787 3290 864 3361 δὴ
920 3291 1071 3361 πρὸς
1128 3292 1373 3361 Ἀϐραὰμ
1418 3295 1451 3345 ό
1506 3293 1779 3361 ἅγγελος.
1814 3292 1888 3345 Οὐ

295 3381 476 3451 δήπου
506 3381 589 3450 δὲ,
628 3384 816 3452 φασὶν,
863 3385 892 3437 6
943 3382 1134 3454 Πατὴρ
1185 3384 1273 3454 εἴη
1330 3382 1398 3437 ἂν
1429 3383 1678 3453 ἄγγελος,
1716 3384 1832 3437 ἀλλ’
1863 3388 1890 3436 6

298 3472 430 3536 1‘36;
457 3474 488 3525 6
510 3473 613 3544 τῆς
656 3473 904 3545 μεγάλης
934 3472 1154 3546 βουλῆς.

371 3664 483 3720 Καὶ
516 3664 694 3730 οὕτω,
711 3665 1190 3736 μακροθυμήσας
1213 3666 1468 3737 ἐπέτυχε
1498 3664 1604 3733 τῆς
1633 3668 1885 3738 ἐπαγγε-

295 3757 463 3823 λ.ἀς.
495 3755 620 3819 Πῶς
652 3755 791 3825 πρὸς
822 3756 924 3826 μὲν
949 3755 1029 3827 τῷ
1061 3755 1211 3810 τέλει
1240 3756 1340 3826 τῆς
1374 3756 1696 3829 Ἐπιστολῆς
1717 3757 1886 3825 λέγει,

295 3848 383 3902 δτι
426 3841 578 3902 οὗτοι
621 3848 823 3912 πάντες
865 3848 966 3902 οὐκ
1017 3846 1345 3919 ἐκομίσαντο
1382 3849 1483 3913 τὰς
1530 3849 1887 3918 ἐπαγγελίας,

297 3938 445 3992 ἀλλὰ
484 3938 775 4011 πόρρωθεν
819 3938 992 4003 αὐτὰς
1021 3935 1161 3994 εἶδον
1218 3940 1312 3993 καὶ
1337 3939 1680 4009 ἠσπάσαντοο
1714 3939 1808 3993 νῦν
1831 3938 1889 3993 δέ

297 4046 503 4101 φησιν,
538 4031 680 4084 ὃτιο
730 4030 985 4103 Ἀϐραὰμ
1036 4030 1270 4103 ἐπέτυχε
1320 4032 1420 4102 τῆς
1478 4032 1888 4101 ἐπαγγελλίας;

297 4125 379 4176 Οὐ
426 4124 559 4194 περὶ
611 4122 724 4178 τῶν
771 4122 954 4177 αὐτῶν
983 4122 1140 4191 λέγει
1170 4123 1409 4177 ἐνταῦθα
1458 4125 1641 4189 κάκεῖ,
1667 4124 1787 4178 ἀλλ’
1811 4127 1892 4179 ἐν·

294 4215 478 4268 ταῦθα
511 4214 612 4286 μὲν
643 4215 775 4286 περὶ
800 4214 913 4268 τῶν
948 4216 1007 4269 ἐν
1030 4215 1109 4285 τῷ
1137 4214 1239 4288 βίῳ
1264 4215 1436 4286 τούτῳ
1462 4216 1890 4287 ἐπηγγελμένων

294 4308 491 4376 φησὶν.
514 4298 590 4361 ὧν
618 4306 885 4376 ἐπέτυχεν
904 4308 935 4360 6
976 4305 1229 4379 Ἀϐραὰμ
1261 4307 1399 4377 μετὰ
1432 4308 1645 4379 μακρὸν
1674 4309 1885 4380 χρόνον·

1982 433 2191 504 gatoria
2220 435 2374 488 vobis
2409 435 2554 501 dico,
2588 445 2647 491 ut
2671 439 2905 494 excitem
2938 457 3055 507 vos,
3083 453 3135 497 ct
3177 453 3231 498 ut
3257 460 3561 503 connume-

1985 524 2180 577 remini
2244 525 2388 579 inter
2448 526 2694 584 bmredes
2748 531 3137 599 promissionis
3170 550 3266 603 por
3321 536 3476 591 ﬁdem
3510 549 3564 594 ct

1983 612 2480 683 longanimitatem.
2543 615 2782 684 Quinam
2818 635 2945 676 vero
3003 624 3115 677 sint
3170 625 3268 689 illi,
3332 628 3561 696 posthac

1982 714 2241 774 exponet.
2307 705 2551 762 Observa
2604 721 2784 764 autem
2850 715 3129 781 quomodo
3214 717 3391 786 primo
3442 720 3563 776 loco

1984 796 2144 851 ﬁdem
2179 797 2489 864 collocarit,
2519 799 2719 855 deinde
2753 800 3255 873 longanimitatem,
3299 811 3561 878 quoniam

1981 902 2047 943 ex
2077 887 2183 943 title
2210 898 2294 943 est
2320 889 2733 958 longanimitas.
2793 891 2906 947 Nisi
2943 896 3089 949 enim
3140 900 3327 952 credat
3361 901 3562 971 aliquis

1983 981 2214 1036 munitm
2247 982 2505 1035 daturum
2540 998 2664 1037 eum
2691 984 2783 1053 qui
2814 987 3093 1055 promisit,
3134 1006 3420 1061 nunquam
3459 995 3564 1049 erit

1986 1073 2334 1143 louganimis.

2057 1164 2227 1221 Vens.
2258 1167 2344 1234 15,
2391 1168 2478 1222 14.
2509 1168 2739 1223 Abrahw
2771 1188 2994 1241 namque
3040 1176 3354 1243 promittens
3390 1178 3587 1244 Deus,‘

1982 1263 2231 1329 quoniam
2264 1261 2519 1315 nemiuem
2543 1261 2728 1315 habeat
2755 1280 2847 1333 per
2875 1282 3023 1334 quem
3047 1267 3259 1337 juraret
3284 1272 3560 1340 majorem,

1980 1364 2073 1417 per
2127 1351 2465 1418 semetipsum
2517 1351 2751 1421 juravit,
2804 1356 2981 1411 dicens
3012 1374 3030 1411 :
3098 1359 3221 1414 Vere
3259 1360 3563 1418 benedicens

1984 1442 2287 1496 benedicam
2325 1453 2392 1506 te,
2422 1452 2470 1497 et
2500 1444 2861 1514 multiplicans
2923 1450 3289 1519 multiplicabo
3323 1463 3387 1507 te.
3426 1454 3563 1509 Cum

1983 1534 2231 1606 plerique
2261 1535 2351 1589 alii
2375 1547 2557 1591 essent
2598 1539 2691 1608 qui
2730 1554 2828 1609 per
2876 1540 3033 1595 tidem
3066 1544 3237 1614 688
3270 1545 3565 1602 haeredita-

1982 1624 2097 1680 rint
2125 1626 2545 1697 promissiones,
2579 1628 2719 1685 alios
2754 1630 2974 1700 quidem
3012 1649 3159 1688 nunc
3193 1637 3566 1705 prtetcrmisit,

1987 1733 2263 1788 reponens
2300 1734 2397 1774 eos
2421 1718 2567 1775 inter
2598 1736 2695 1777 eos
2718 1723 2809 1791 qui
2851 1734 3181 1795 sequuntur;
3208 1726 3377 1782 solius
3400 1728 3568 1784 Abra-

1986 1806 2132 1861 bami
2161 1817 2344 1863 auten:
2386 1810 2660 1874 meminit,
2693 1819 2809 1866 tum
2852 1815 2922 1869 ob
2952 1830 3199 1885 personm
3222 1805 3565 1888 dignitatem.

1985 1901 2271 1971 tumquod
2312 1902 2399 1956 bic
2443 1918 2555 1972 pra:
2605 1905 2822 1961 expleris
2883 1910 3253 1976 promissione
3310 1912 3568 1981 dignatus

1985 1988 2078 2055 sit,
2115 2006 2347 2062 eamque
2372 1992 2446 2046 sit
2477 2000 2832 2049 consecutus.
2859 1993 2963 2049 Per
2984 1995 3086 2051 hoc
3131 1998 3335 2067 pariter
3365 2000 3567 2052 iudicat

1989 2096 2096 2135 non
2149 2098 2272 2138 esse
2321 2083 2726 2153 desperandum
2782 2086 2964 2151 nobis,
3028 2089 3122 2143 sed
3157 2090 3326 2144 Deum
3387 2093 3566 2160 potius

1985 2174 2436 2243 exspectandum,
2461 2176 2545 2231 cui
2579 2176 2630 2229 in
2657 2192 2809 2233 more
2841 2188 3057 2234 estnon
3081 2182 3265 2235 statim
3309 2192 3569 2252 prmstare

1987 2283 2109 2335 qua:
2139 2268 2416 2335 promisit,
2446 2270 2540 2324 sed
2576 2280 2699 2339 post
2724 2272 2952 2326 multum
3000 2275 3288 2345 temporis.
3337 2256 3568 2342 Quando

1989 2371 2170 2412 autem
2196 2360 2405 2430 juravit
2434 2377 2531 2430 per
2557 2364 2804 2433 scip~um
2845 2365 3023 2420 Deus?
3080 2367 3170 2421 Vel
3205 2369 3341 2438 ipsis
3380 2370 3567 2426 verbis

1987 2453 2190 2521 quibus
2219 2453 2338 2518 ait:
2386 2451 2491 2508 I’er
2519 2456 2880 2525 mentetipsum
2903 2457 3109 2526 jurari.
3145 2460 3349 2514 Forsan
3382 2472 3566 2517 autem

1987 2550 2041 2599 et
2074 2545 2427 2614 particulam,
2454 2541 2490 2615 ἦ
2525 2549 2655 2619 μήν,
2694 2549 2968 2619 quispiam
3028 2552 3229 2624 dixerit
3288 2553 3572 2622 iuramen-

1992 2646 2105 2693 tum
2147 2637 2241 2694 Dei
2273 2656 2367 2710 per
2402 2656 2545 2698 sese.
2583 2640 2717 2697 Nam
2771 2638 2806 2713 ἦ
2844 2645 2974 2713 μήν,
3032 2661 3234 2711 ret-era,
3268 2648 3566 2717 signiﬁcat.

1990 2729 2146 2797 Quod
2178 2732 2313 2786 nihil
2344 2748 2477 2789 sane
2509 2744 2594 2790 est
2622 2735 2791 2800 aliud,
2826 2750 2988 2806 quam
3049 2737 3396 2794 conﬁrmatio
3421 2757 3572 2809 ([0213-

1991 2822 2116 2877 datn
2143 2824 2409 2878 veritatis.
2444 2824 2657 2881 Veritas
2688 2839 2892 2893 autem,
2926 2829 3178 2896 quisnam
3217 2831 3359 2886 alius
3399 2833 3570 2888 fuerit

1992 2914 2379 2984 praetcr'Deum
2404 2916 2427 2969 ?
2458 2916 2551 2972 Sic
2580 2927 2632 2972 et
2662 2918 2716 2971 in
2742 2917 3032 2987 liwngclio
3064 2919 3351 2987 Dominus,
3377 2925 3566 2990 Amen,

1991 2990 2166 3073 amen,
2192 3007 2406 3072 dicens,
2441 3009 2583 3065 idem
2628 3009 3004 3079 juramentum
3056 3009 3230 3079 jurat,
3289 3029 3414 3070 cum
3448 3031 3559 3071 non

1997 3101 2292 3169 possitpcr
2325 3098 2584 3167 majorem
2640 3100 2850 3170 jurare,
2909 3116 3007 3170 per
3060 3102 3304 3171 seipsum
3348 3103 3571 3172 jurans,

1993 3191 2218 3261 perinde
2253 3207 2318 3246 ac
2354 3191 2535 3245 Pater.
2566 3189 2827 3246 Nonnulli
2852 3204 3033 3246 tamen
3075 3203 3338 3262 putarunt
3389 3197 3567 3266 ipsmn

1996 3280 2187 3336 Filium
2227 3292 2339 3337 tmn
2384 3299 2506 3336 cum
2539 3284 2848 3337 Abrahamo
2873 3287 3208 3341 collocutum
3261 3306 3279 3341 :
3316 3288 3563 3344 aitcnim

1992 3372 2305 3444 Srriptnm:
2377 3375 2527 3428 Dixit
2599 3387 2776 3431 autem
2834 3380 2902 3432 ad
2981 3380 3255 3434 Abraham
3325 3381 3566 3452 angelus.

1995 3467 2347 3535 Nequaqumtt
2380 3468 2549 3533 enim,
2605 3467 2885 3538 inquiunt,
2924 3467 3089 3525 Pater
3159 3472 3391 3541 angelus
3444 3487 3569 3529 esse

1991 3565 2228 3625 poterat,
2261 3557 2355 3612 scd
2392 3557 2590 3623 Filius,
2619 3561 2799 3628 magni
2832 3560 3048 3614 consilii
3087 3562 3333 3631 angelus.

2062 3649 2231 3707 Vsus.
2270 3651 2356 3705 15.
2389 3649 2458 3704 Et
2491 3653 2592 3719 sic,
2653 3650 3031 3724 longanimiter
3064 3654 3255 3723 ferens,
3297 3666 3571 3711 assecutus

1990 3755 2066 3797 est
2092 3745 2518 3812 promissionem.
2554 3744 2665 3812 Qui
2702 3745 2869 3817 igitur
2909 3745 2965 3801 in
2989 3745 3096 3801 line
3127 3745 3386 3819 Epistulae
3409 3749 3568 3814 dicit,

1991 3840 2135 3901 quod
2173 3838 2260 3894 isti
2297 3853 2487 3893 omnes
2511 3855 2619 3894 non
2653 3848 2989 3909 acceperunt.
3012 3841 3435 3910 promissioncs,
3471 3843 3567 3899 sed

1994 3931 2213 3986 eminus
2249 3946 2341 3985 eas
2380 3930 2569 3985 intuiti
2594 3943 2720 3984 sunt
2743 3942 2799 3986 et
2830 3933 3211 3989 salutaverunt
3239 3973 3257 3997 ,
3317 3936 3406 3990 hic
3440 3951 3572 3992 vero

1993 4023 2071 4078 ait
2120 4022 2494 4077 Abraltamum
2551 4031 2909 4077 consecutum
2945 4026 3571 4094 essefpromtsaionem?

1992 4112 2109 4169 Non
2142 4113 2209 4169 de
2234 4114 2426 4168 iisdem
2462 4113 2549 4168 hic
2582 4121 2637 4168 et
2676 4113 2788 4168 illic
2829 4114 3094 4185 loquitur”
3151 4131 3336 4171 verum
3382 4118 3471 4173 hic
3498 4118 3569 4173 de

1994 4204 2064 4260 iis
2104 4220 2225 4275 qua:
2255 4205 2309 4260 in
2373 4205 2482 4258 vita
2515 4205 2564 4259 ei
2616 4204 2891 4274 promissa
2922 4214 3081 4261 erant
3125 4207 3392 4278 loquitur,
3445 4225 3569 4281 qua:

1992 4298 2266 4353 Abraham
2309 4314 2441 4354 sane
2476 4299 2637 4370 longo
2673 4308 2796 4368 post
2836 4307 3083 4369 tempore
3121 4312 3410 4358 assecutus
3439 4314 3564 4359 est:

291 4397 419 4448 ἐκεῖ
470 4395 531 4448 δὲ
586 4394 719 4466 περὶ
769 4394 879 4449 τῶν
914 4395 1206 4466 οὐρανίων,
1252 4388 1328 4449 ὧν
1383 4395 1538 4449 οὔπω
1596 4398 1880 4467 ἐπέτυχεν.

1995 4390 2137 4470 ἰΙΙίιι⁸
2173 4403 2353 4444 autent
2429 4390 2497 4444 de
2556 4389 2915 4456 cmlesﬁbus,
2973 4407 3097 4460 qua:
3152 4396 3394 4449 nondum
3446 4405 3566 4449 erat

303 4486 626 4558 Ἀμφότεροι
662 4487 870 4557 μέντοι,
900 4489 997 4541 καὶ
1043 4488 1106 4542 τὸ
1143 4488 1426 4559 ἐπιτυχεῖν
1475 4490 1658 4552 αὐτὸν,
1689 4490 1786 4542 καὶ
1821 4490 1883 4543 τὸ

294 4578 469 4647 μήπω
501 4578 809 4648 ἐπιτυχεῖν,
836 4579 916 4642 είς
949 4577 1295 4650 παράκλησίν
1331 4581 1449 4632 ἐστι
1486 4581 1595 4642 τοῖς
1623 4579 1878 4650 ὀλιγοψύ-

290 4685 447 4741 χοιςσ
484 4669 545 4722 τὸ
581 4670 705 4739 μὲν,
748 4671 832 4723 ὅτι
864 4674 956 4722 καὶ
988 4672 1171 4741 ἡμεῖς,
1202 4670 1299 4724 ἐὰν
1342 4670 1877 4743 μακροθυμήσωμεν,

292 4762 629 4833 τευξόμεθα·
668 4762 731 4815 τὸ
782 4761 864 4825 δὲ,
907 4762 991 4814 ὅτι
1035 4760 1248 4815 ἐκείνου
1297 4761 1463 4832 μήπω
1496 4762 1756 4831 τυχόντος
1785 4763 1879 4817 τοῦ

293 4853 405 4920 πρὸ
431 4853 704 4906 τοσούτων
723 4852 864 4906 ἐτῶν
888 4851 1289 4917 τελειωθέντος,
1328 4853 1547 4924 ἀνόητοι
1577 4854 1738 4924 ἡμεῖς
1773 4854 1885 4907 λοι-

293 4944 400 4997 πὸν
431 4945 477 4996 oi.
512 4943 897 5013 ἀσχάλλοντες,
941 4941 1025 4996 ὅτι
1069 4943 1217 4997 οὕτω
1260 4943 1622 5014 τυγχάνομεν.
1661 4944 1799 5016 Ὅρα
1825 4944 1883 5000 δὲ

293 5035 414 5097 πῶς
445 5030 621 5099 εἶπεν,
649 5035 734 5088 ὅτι
768 5035 1202 5107 μακροθυμήσας
1242 5034 1476 5105 ἐπέτυχε
1507 5036 1609 5104 τῆς
1641 5038 1883 5105 ἐπαγγε-

290 5127 439 5192 λίας,
479 5126 567 5180 ῖνα
595 5126 747 5200 δείξῃ
792 5128 1036 5200 μεγάλην
1063 5127 1162 5197 τὴν
1192 5125 1423 5197 δύναμιν
1470 5128 1571 5198 τῆς
1611 5126 1885 5200 μακροθυ-

290 5220 449 5290 μίας,
489 5220 585 5272 καὶ
619 5220 705 5274 ὅτι
746 5220 846 5289 οὐχ
874 5222 908 5289 ἠ
949 5219 1253 5288 ἐπαγγελία
1311 5218 1448 5290 μόνη
1471 5219 1533 5271 τὸ
1557 5221 1666 5274 πᾶν
1694 5219 1882 5292 εἰργά-

287 5307 445 5370 σατο.
471 5310 610 5366 ἀλλὰ
644 5311 742 5364 καὶ
770 5312 804 5381 ὴ
824 5310 1199 5383 μακροθυμία.
1238 5311 1505 5369 Ἐνταῦθα
1526 5311 1585 5367 δὲ
1607 5315 1700 5368 καὶ
1724 5313 1883 5385 φοϐεῖ

284 5404 517 5467 αὐτοὺς,
548 5402 731 5467 διδοὺς
761 5402 966 5457 ἐννοεῖν
989 5404 1053 5457 ἐκ
1077 5400 1189 5457 τοῦ
1206 5404 1480 5472 ἐναντίου,
1502 5405 1585 5459 ὅτι
1614 5406 1881 5476 ἐγκόπτευ

1992 4493 2297 4539 assecutus.
2359 4479 2665 4553 Utrumque
2719 4498 2871 4547 vero,
2928 4491 2983 4539 et
3031 4486 3177 4554 quod
3229 4497 3566 4545 consecutus

1989 4574 2083 4637 sit,
2119 4583 2173 4628 et
2228 4573 2375 4642 quod
2416 4575 2659 4629 nondum
2695 4577 2768 4631 sit
2806 4586 3164 4642 consecutus,
3190 4577 3257 4633 ad
3314 4582 3571 4635 consola-

1992 4668 2197 4720 tionem
2222 4665 2670 4735 pusillanimibus
2702 4667 3042 4724 inserviunt:
3066 4672 3297 4726 alterum
3319 4674 3563 4742 quidem,

1989 4757 2135 4827 quod
2159 4765 2214 4812 et
2238 4772 2359 4821 nos,
2377 4757 2421 4811 si
2448 4758 2719 4826 patienter
2741 4771 3147 4830 exspectamus.
3170 4777 3563 4834 assequemur:

1991 4849 2221 4903 alterum
2254 4862 2405 4912 vero,
2433 4848 2580 4917 quod
2620 4849 2669 4903 si
2702 4850 2792 4903 ille
2829 4851 3075 4906 nondum
3131 4860 3215 4908 est
3249 4864 3565 4920 assecutus,

1992 4938 2087 5009 qui
2118 4946 2246 4993 ante
2278 4947 2356 4992 t0t
2407 4951 2584 4993 annos
2635 4950 3052 4997 consummatus
3105 4952 3210 5009 est,
3266 4943 3564 5000 admodum

1989 5030 2316 5101 insipientes
2348 5045 2449 5085 nos
2477 5045 2690 5095 sumus,
2714 5044 2838 5085 cum
2867 5046 3012 5104 aegre
3037 5033 3264 5091 ierimus
3293 5050 3394 5092 nos
3426 5051 3567 5091 nou-

1988 5121 2119 5179 dum
2161 5122 2404 5194 assequi.
2469 5119 2714 5178 Observa
2764 5131 2947 5180 autem
3005 5126 3282 5198 quomodo
3337 5128 3562 5195 dixerit,

1989 5232 2088 5288 per
2117 5215 2589 5287 longanimitatem
2640 5231 2768 5272 eum
2826 5226 3184 5275 consecutum
3239 5221 3565 5291 promissio-

1987 5324 2136 5375 nem,
2166 5319 2228 5365 ut
2260 5308 2540 5379 ingentem
2574 5308 3015 5379 longanimitatis
3040 5312 3144 5366 vim
3177 5321 3346 5383 atque
3368 5325 3569 5385 poten-

1990 5404 2123 5458 tiam
2181 5404 2253 5458 ob
2302 5404 2496 5459 oculos
2538 5411 2726 5472 ponat,
2776 5414 2831 5460 et
2886 5404 3031 5476 quod
3088 5408 3383 5476 promissio
3448 5409 3565 5463 sola

1610 5583 1807 5647 Varias
1840 5584 2169 5649 lectiones.

359 5686 412 5719 "
432 5687 724 5757 ἁποναρκᾷ
754 5688 891 5759 πρὸς
923 5686 1021 5758 τὴν
1054 5685 1238 5740 πίστιν
1268 5699 1347 5747 In,

3754 6134 3967 6188 Δ
3998 6176 3999 6179 η
