4014 6208
419 181 526 244 253
1373 174 1953 236 THEOPHYLACTI
1986 173 2400 236 ΒυιοΑιιυε
2430 171 2767 235 ARCHIEP
3563 146 3677 238 ιιι

421 308 596 353 tomm
629 293 733 350 hoc
773 309 881 350 non
918 291 1185 358 eli'ecerit,
1226 291 1321 349 sed
1355 293 1521 347 etiam
1579 291 1991 363 longanimitas.

2095 308 2184 343 ται
2214 291 2248 361 ἡ
2285 288 2590 359 ἐπαγγελία
2618 287 2687 341 δι’
2713 283 3065 358 ὀλιγοψυχίας
3087 284 3156 340 ’³.
3193 284 3306 339 Καὶ
3363 283 3523 339 τοῦτο
3557 304 3683 345 συν-
3750 344 3759 352 ,

423 387 520 440 llic
555 394 737 441 autem
770 384 933 440 etiam
973 391 1140 438 terret
1190 398 1307 447 eos,
1348 398 1411 437 ex
1465 383 1748 438 contrario
1779 382 1992 452 signiti-

2106 378 2206 445 έδη
2241 377 2318 448 τῷ
2351 392 2411 430 εν
2437 378 2506 448 τῇ
2550 377 2742 447 ἐρήμῳ
2789 375 2959 429 παλαι
2993 373 3130 446 λαῷ,
3164 374 3214 428 οἳ
3252 373 3683 446 ὀλιγοψυχήσαν-

419 495 554 535 cans
585 476 1008 549 promissionem
1036 473 1288 529 abscindi
1319 487 1418 542 per
1465 474 1991 543 pusillanimitatem.

2100 486 2193 532 τες
2222 471 2321 523 οὐκ
2352 469 2544 539 ἔτυχον
2576 468 2679 539 τῆς
2708 465 3045 535 ἐπαγγελίας
3093 466 3250 531 ὅλως.
3301 465 3460 521 Εἴποι
3486 462 3580 521 οὖν
3612 469 3682 523 ἄν

417 571 597 639 Atque
629 568 732 622 hoc
758 565 984 636 contigit
1019 564 1217 634 populo
1250 563 1378 617 olim
1406 563 1463 618 in
1513 563 1757 627 deserto,
1786 563 1879 632 qni
1935 561 1989 616 in

2100 579 2202 627 τις·
2265 562 2375 618 Καὶ
2403 563 2520 624 πῶς
2543 563 2593 616 oi
2627 560 2773 631 ἅγιοι
2806 559 2984 614 καίτοι
3036 559 3558 633 μακροθυμήσαντες
3579 562 3682 617 οὐκ

419 659 927 732 pusillanimitatem
960 656 1119 724 lapsi,
1144 655 1290 709 nulla
1329 656 1542 710 ratione
1589 666 1720 710 sunt
1754 654 1991 709 assecuti

2100 656 2312 726 ἔτυχον,
2365 653 2442 718 ὡς
2498 656 2635 725 πρὸς
2668 651 2745 724 τῷ
2778 652 2921 707 τέλει
2956 653 3152 724 φησίνς
3194 651 3354 707 Ἀλλά
3397 651 3678 718 τεύξονται

421 749 866 822 promissionem.
906 746 1060 801 Dicat
1114 747 1279 817 igitur
1331 748 1644 817 quispiam:
1678 734 1991 813 Quomodo

2101 747 2342 809 πάντως.
2378 746 2441 799 Oi
2475 745 2532 798 δέ
2577 744 2672 799 τοῦ
2707 742 2839 797 λαοῦ
2889 741 3255 813 γογγυσταὶοδ
3304 741 3431 797 οὔτε
3467 743 3676 816 ἔτυχον⁹

421 852 601 895 autem
666 840 843 894 sancti
898 839 1119 894 etiamsi
1176 839 1516 910 longanltnes
1572 839 1830 904 luerunt,
1881 853 1990 893 non

2098 836 2222 890 οὔτε
2252 835 2548 901 τεύξονται.
2624 880 2629 883 .

364 950 373 961 ’
420 947 600 991 ιειηιιιη
633 945 760 993 sunt
787 935 1051 1000 assecuti,
1080 942 1139 989 ut
1181 936 1282 989 sub
1318 933 1573 1004 Epistulae
1610 933 1771 988 linem
1805 932 1978 988 dicit?
2036 934 2105 986 At
2144 946 2273 988 vero
2321 940 2685 1002 assequentur
2711 932 2879 1005 689
2911 930 3158 998 omnino,
3210 946 3400 987 verum
3460 930 3558 1001 qui
3598 934 3678 987 ἐκ

421 1032 618 1100 populo
644 1036 1081 1091 murmurarunt,
1107 1043 1280 1093 neque
1320 1027 1560 1081 assecuti
1618 1033 1770 1091 sunt,
1809 1041 1985 1095 neque
2005 1037 2388 1096 assequentur.
3596 1078 3601 1083 .

496 1122 659 1177 Vnns.
698 1122 783 1174 16.
830 1120 1083 1175 Homines
1124 1122 1264 1174 enim
1301 1137 1393 1190 per
1424 1121 1679 1189 majorem
1708 1120 1912 1185 iurant,
1944 1134 1992 1174 et

2170 1123 2497 1189 Ἄνθρωποι
2522 1121 2641 1191 μὲν
2673 1138 2784 1189 γαρ
2814 1118 2964 1174 κατὰ
2992 1120 3100 1174 τοῦ
3126 1117 3395 1191 μείζονος
3427 1119 3683 1188 ὀμνύου·

421 1217 591 1270 omnis
622 1214 987 1268 controversiis
1013 1213 1143 1283 ipsis
1173 1213 1297 1281 ﬁnis
1327 1221 1402 1266 est
1430 1212 1499 1265 ad
1529 1212 1992 1281 conﬁrmationem

2095 1230 2179 1280 σι,
2212 1215 2311 1268 καὶ
2342 1213 2547 1282 πάσης
2592 1215 2798 1279 αὐτοῖς
2830 1215 3177 1285 ἀντιλογίας
3223 1213 3409 1284 πέρας
3453 1216 3538 1280 εὶς
3567 1216 3680 1279 ,βε-

423 1311 800 1371 iuramentum.
860 1307 973 1361 lloc
1025 1314 1111 1362 est
1164 1322 1259 1377 per
1321 1307 1697 1375 juramentum
1761 1306 1992 1361 solvitur

2101 1311 2352 1365 σαίωσιν
2385 1309 2582 1379 ὄρθιος.
2641 1310 2959 1376 Τουτέστιν,
3008 1309 3072 1362 ἐκ
3123 1308 3219 1362 τοῦ
3272 1308 3435 1384 ὅρκου
3493 1308 3678 1363 λύεται

421 1400 599 1455 omnis
637 1398 1010 1455 contentionis
1051 1396 1452 1453 controversia.
1490 1395 1697 1451 Etenim
1735 1394 1992 1451 dicuntur

2103 1399 2286 1471 πάσης
2319 1398 2629 1467 ἀντιλογίας
2669 1397 3107 1468 ἀμφισϐήτησις.
3148 1395 3259 1470 Καὶ
3287 1396 3396 1465 γὰρ
3429 1394 3679 1462 λέγονται

419 1491 640 1559 quidem
704 1490 898 1556 multa,
950 1497 1003 1543 et
1057 1487 1517 1542 contradicuntttr
1567 1486 1850 1558 utrinque,
1896 1487 1992 1542 sed

2107 1492 2207 1563 μέν
2235 1491 2430 1557 πολλὰ,
2461 1490 2556 1546 καὶ
2589 1490 2968 1560 ἀντιλέγονται
3003 1488 3063 1556 ἐξ
3092 1487 3353 1559 ἐκατέρου
3390 1487 3610 1559 μέρους,
3649 1486 3680 1540 ὀ

418 1583 564 1635 enim
621 1580 1007 1650 jusjurandum
1062 1586 1340 1648 postremo
1386 1577 1677 1647 accedens,
1712 1593 1777 1633 ac
1821 1577 1995 1633 stabi-

420 1671 583 1737 liens,
616 1680 813 1725 cuncta
842 1669 1008 1724 dubia
1043 1670 1226 1724 solvit.

416 1833 419 1836 ν
489 1759 657 1815 Vens.
687 1761 772 1814 Π.
809 1759 873 1814 1η
903 1775 1004 1830 quo
1036 1758 1395 1814 abundantius
1438 1758 1614 1813 volens
1647 1757 1784 1812 Deus
1816 1767 1997 1813 osten-

416 1851 539 1907 dere
566 1852 973 1922 pollicitationis
1005 1852 1302 1908 Iueredibus
1339 1850 1764 1905 immobilitatem
1787 1849 1999 1906 consilii

420 1945 527 2010 sui,
562 1944 872 2014 juramento
900 1943 1179 1999 stabilivit.
1214 1943 1330 1999 Hoc
1362 1952 1466 2010 est,
1505 1951 1795 2013 propterea
1827 1942 1995 2014 quod,

419 2038 861 2109 quandoquidem
895 2037 969 2092 ita
1007 2053 1067 2092 se
1090 2052 1179 2092 res
1202 2036 1388 2102 habet,
1422 2044 1483 2091 ut
1508 2035 1996 2105 hominibnsjura-

420 2139 663 2185 mentum
707 2144 924 2183 omnem
956 2127 1114 2183 fidem
1162 2127 1375 2194 aﬂ‘erat,
1405 2127 1476 2183 ob
1519 2143 1639 2183 eam
1685 2142 1801 2182 rem
1855 2128 1999 2183 Deus

422 2223 585 2276 etiam
616 2223 784 2292 iurat.
816 2220 931 2288 Vel,
962 2224 1017 2275 in
1043 2238 1168 2292 quo,
1203 2222 1307 2278 hoc
1349 2230 1457 2284 est,
1487 2214 1620 2291 quia
1651 2220 1860 2291 juravit
1901 2235 1999 2290 per

421 2314 662 2383 seipsum
683 2312 843 2378 Deus,
862 2329 928 2368 ex
961 2311 1264 2367 abundanti
1291 2313 1622 2368 monstravit
1644 2311 1828 2377 nobis,
1850 2310 1996 2382 quod

415 2404 641 2457 omnino
663 2413 719 2459 et
752 2403 1266 2473 impermutabililer
1298 2403 1544 2460 facturus
1578 2404 1651 2459 sit
1673 2419 1796 2473 quae
1838 2404 1997 2460 nobis

414 2494 750 2565 promiserit.
788 2494 924 2549 Nam
961 2495 1069 2550 Deo
1122 2496 1291 2549 etiam
1329 2495 1448 2550 sine
1490 2482 1810 2564 iuramento
1858 2495 1995 2551 ﬁdes

415 2585 723 2640 adhibenda
755 2594 897 2648 erat,
932 2600 1155 2657 propter
1201 2602 1304 2642 nos
1331 2594 1514 2640 tamen
1562 2586 1801 2642 demittit
1850 2600 1992 2653 sese,

414 2690 517 2732 nec
543 2692 698 2732 suam
716 2676 1035 2748 dignitatem
1068 2680 1498 2749 contemplatur,
1529 2694 1716 2734 verum
1749 2686 1809 2734 ut
1834 2679 1994 2735 nobis

414 2767 764 2836 persuadeat,
802 2767 1028 2840 indigna
1063 2770 1227 2825 etiam
1265 2771 1334 2826 de
1383 2770 1566 2841 seipse
1616 2769 1725 2833 dici
1766 2769 1990 2840 patitur.

411 2857 525 2912 Nos
550 2857 698 2913 enim
736 2857 927 2914 lideles
958 2860 1343 2929 promissionis
1379 2875 1573 2915 sumus
1600 2859 1870 2925 haeredes,
1895 2859 1990 2930 qui

2102 1583 2159 1636 δὲ
2190 1584 2352 1653 ὅρκος
2375 1581 2655 1646 τελευταῖς
2683 1579 2942 1636 ἐπεισιὼν
2981 1580 3075 1636 καὶ
3122 1577 3375 1652 βεϐαιῶν,
3406 1578 3477 1632 τὰ
3505 1577 3680 1651 ἀμφι-

2032 1646 2073 1701 Β
2102 1674 2232 1728 δολα
2263 1673 2379 1729 λύει
2407 1674 2603 1729 πάντα.

2177 1767 2284 1821 ιῈν
2300 1758 2348 1833 ᾧ
2369 1766 2803 1835 περισσότερον
2824 1764 3207 1836 ,βουλόμενος
3239 1765 3272 1818 δ
3296 1762 3438 1831 Θεὸς
3463 1762 3681 1817 ἐπιδεί-

2101 1857 2323 1923 ξασθαι
2386 1857 2513 1926 τοῖς
2571 1858 2973 1927 κληρονόμοις
3032 1854 3143 1924 τῆς
3200 1855 3562 1926 ἐπαγγελίας
3612 1853 3679 1908 τὸ

2103 1948 2465 2019 ἀμετάθετον
2518 1947 2628 2015 τῆς
2676 1946 2918 2015 ,ϐουλῆς
2979 1945 3166 2025 αὐτοῦ
3189 1986 3205 2010 ,
3257 1944 3617 1998 ἐϐεϐαίωσεν
3631 1944 3678 1976 ’⁵

2102 2040 2276 2112 ὅρκῳ.
2313 2040 2600 2106 Τουτέστι,
2627 2039 2731 2102 διὸ,
2767 2037 2961 2109 ἐπειδὴ
3004 2037 3100 2091 καὶ
3149 2038 3262 2100 τοῖς
3310 2034 3618 2103 ἀνθρώποις
3649 2034 3677 2088 ὀ

2101 2133 2264 2203 ὅρκος
2302 2134 2488 2187 πᾶσαν
2536 2132 2721 2187 πίστιν
2749 2129 3022 2200 ἐπιφέρει,
3071 2127 3157 2183 διὰ
3186 2126 3344 2182 τοῦτο
3375 2127 3471 2181 καὶ
3495 2129 3523 2181 ὀ
3548 2127 3678 2190 Θεδς

2099 2225 2348 2295 ὄμνυσιν.
2382 2225 2477 2286 Ἢ,
2510 2224 2580 2277 ἑν
2608 2217 2669 2292 ᾧ,
2706 2221 2828 2276 ἀντὶ
2860 2221 2975 2286 τοῦ,
3026 2221 3085 2276 ἐν
3124 2219 3202 2291 τῷ
3248 2218 3468 2290 ὀμόσαι,
3521 2219 3673 2289 φησὶ,

2100 2316 2224 2369 καθ’
2258 2315 2453 2369 ἑαυτοῦ
2478 2319 2505 2369 ὁ
2531 2315 2684 2380 Θεὸς,
2723 2318 2790 2369 ἐκ
2836 2315 3154 2384 περιουσίας
3175 2311 3375 2376 ἔδειξεν
3409 2312 3566 2381 ἡμῖν,
3595 2310 3678 2364 ὅτι

2101 2408 2321 2473 πάντως
2371 2409 2464 2461 καὶ
2513 2407 2867 2479 ἀμεταθέτως
2913 2408 3131 2473 ποιήσει
3182 2403 3219 2459 ἀ
3280 2402 3673 2472 ἐπηγγείλατο.

2105 2501 2254 2555 Ἔδει
2315 2501 2415 2570 μὲν
2467 2501 2575 2571 γὰρ
2615 2501 2709 2555 καὶ
2763 2502 2932 2572 χωρὶς
2976 2501 3143 2571 ὅρκου
3192 2495 3545 2550 πιστεύεσθαι
3583 2495 3677 2547 τὸν

2097 2590 2253 2657 Θεὸν,
2312 2592 2428 2645 ἀλλ’
2481 2593 2633 2661 ὅμως
2681 2590 2751 2646 δι’
2787 2591 2935 2661 ἡμᾶς
2992 2588 3330 2658 συγκάτεισι,
3358 2587 3451 2640 καὶ
3486 2585 3548 2638 ού
3575 2585 3679 2653 τὴν

2096 2681 2263 2738 αὑτοῦ
2301 2682 2458 2749 ἀξίαν
2487 2685 2701 2748 σκοπεῖ,
2730 2680 2846 2735 ἀλλ’
2866 2682 3015 2745 ὅπως
3059 2681 3209 2749 ἡμᾶς
3257 2677 3441 2749 πείσῃ,
3476 2672 3674 2741 ἀνάξςα

2097 2775 2228 2846 περὶ
2272 2774 2439 2828 αὐτού
2467 2772 2722 2844 ἀνέχεται
2743 2771 3019 2842 λέγεσθαι.
3068 2769 3259 2841 Ἡμεῖς
3277 2766 3385 2839 γὰρ
3410 2768 3457 2820 οἱ
3491 2763 3675 2818 πιστοὶ

2096 2871 2196 2941 τῆς
2246 2867 2584 2937 ἐπαγγελίας
2633 2866 2802 2936 ἐσμὲν
2851 2862 3202 2936 κληρονόμοι,
3230 2863 3280 2915 οἱ
3308 2862 3366 2913 ἐν
3403 2856 3481 2928 τῷ
3504 2858 3675 2928 σπέρ-

413 2946 469 3001 in
505 2949 719 3003 semine
748 2948 887 3018 ejus,
912 2949 1004 3019 qui
1037 2950 1297 3008 Christus
1327 2962 1432 3017 est,
1464 2949 1743 3006 benedicti
1772 2966 1987 3007 sumus.

2101 2958 2444 3029 ματιαύτοῦ,
2505 2958 2565 3023 ὃς
2603 2957 2721 3010 ἐστι
2776 2954 3034 3027 Χριστὸς,
3089 2951 3495 3022 εύλογηθέντες.
3528 2947 3672 3020 Ὅρα

410 3036 800 3093 Animadverte
822 3049 1004 3094 autem
1027 3041 1302 3110 quomodo
1331 3041 1496 3095 etiam
1539 3050 1652 3095 tum
1684 3040 1879 3096 Filium
1906 3042 1991 3098 di-

411 3134 501 3181 cat
558 3128 915 3184 mediatorem
961 3128 1058 3184 Dei
1116 3140 1170 3187 et
1229 3131 1513 3187 hominum
1571 3132 1743 3190 luisse
1807 3150 1823 3190 :
1894 3151 1992 3207 per

413 3220 591 3288 ipsum
639 3220 788 3274 enim
849 3228 1112 3292 tanquam
1177 3222 1414 3280 Verbum
1469 3226 1677 3294 iuravit
1736 3225 1881 3284 Deus
1936 3237 1990 3284 ct

413 3310 597 3365 Pater.

486 3399 653 3456 Vens.
686 3400 775 3456 18.
813 3400 883 3455 Ut
911 3417 1006 3473 per
1055 3404 1188 3457 duas
1221 3419 1304 3458 res
1357 3403 1671 3471 immobiles,
1707 3408 1762 3460 in
1802 3409 1988 3477 quibus

411 3492 740 3561 impossibile
790 3495 1001 3548 mentiri
1058 3493 1244 3550 Deum.
1280 3496 1483 3562 Quales
1527 3509 1582 3561 et
1636 3499 1991 3570 cujnsmodi?

411 3579 568 3649 Quod
597 3584 919 3655 simpliciter
946 3586 1150 3641 diceret
1197 3601 1262 3641 ac
1298 3589 1656 3657 promitteret,
1695 3600 1806 3645 tum
1842 3592 1986 3662 quod

409 3672 793 3742 jusjurandum
812 3677 1167 3749 promissioni
1187 3690 1506 3749 apponeret.
1532 3680 1803 3747 Quoniam
1839 3685 1985 3739 enim
2034 3684 2043 3689 ’

413 3764 557 3834 apud
586 3767 837 3823 hemiues
887 3768 991 3824 hoc
1030 3770 1249 3825 videtur
1290 3787 1414 3828 esse
1446 3772 1989 3846 ﬁrmius,jusjuran-

413 3855 543 3913 dum
584 3860 862 3924 videlicet,
909 3869 1197 3931 propterea
1247 3864 1366 3934 ipse
1418 3864 1550 3919 illud
1601 3870 1875 3936 apposuit.
1921 3868 1989 3923 In

411 3948 620 4016 quibus,
637 3963 758 4017 pro,
781 3964 847 4005 ex
878 3952 1079 4020 quibus
1109 3952 1195 4009 bis
1215 3954 1431 4010 duabus
1462 3955 1649 4022 rebus,
1676 3960 1987 4016 certissima

414 4038 835 4097 demonstratur
855 4045 1168 4113 promissio.
1196 4061 1260 4101 ac
1287 4046 1633 4117 impossibile
1661 4058 1746 4106 est
1766 4054 1984 4109 mentiri

317 4149 321 4153 ν
414 4129 605 4186 Deum.
641 4131 1113 4196 Quemadmodum
1165 4137 1333 4207 igitur
1362 4137 1567 4211 iuravit
1595 4153 1821 4212 propter
1860 4157 1984 4209 nos,

415 4223 519 4278 etsi
566 4224 849 4295 indignum
909 4237 1027 4282 erat
1065 4229 1420 4299 ipsojurare,
1464 4233 1537 4287 ita
1576 4232 1744 4301 istud,
1798 4235 1984 4291 didicit

2096 3049 2214 3112 πῶς
2241 3050 2336 3103 καὶ
2372 3051 2493 3103 τότε
2534 3049 2684 3119 λέγει
2718 3048 2809 3101 τδν
2841 3047 2970 3101 Υἰδν
3019 3045 3247 3116 μεσίτην
3286 3041 3424 3096 Θεοῦ
3457 3042 3550 3095 καὶ
3577 3042 3671 3094 ἀν-

2090 3141 2327 3212 θρώπων
2355 3141 2661 3210 γεγονέναι.
2692 3140 2770 3194 Δι’
2801 3138 2968 3194 αὑτοῦ
3003 3137 3111 3210 γὰρ
3138 3136 3213 3200 ὡς
3245 3136 3419 3207 Λόγου
3453 3132 3670 3206 ὤμνυεν

2088 3236 2116 3287 ὁ
2147 3233 2281 3297 Θεὸς
2313 3234 2407 3287 καὶ
2438 3233 2650 3305 Πατήρ.

2164 3413 2299 3467 Ἵνα
2343 3412 2445 3467 διὰ
2494 3413 2605 3468 δύο
2658 3410 3017 3483 πραγμάτων
3047 3410 3443 3481 ἀμεταθέτων,
3471 3409 3541 3463 ἐν
3577 3403 3672 3474 οἷς

2089 3503 2393 3558 ἀδύνατον
2434 3506 2779 3574 ψεύσασθαι
2825 3504 2992 3559 Θεόν.
3030 3505 3190 3558 Ποίου
3221 3506 3313 3557 καὶ
3349 3504 3534 3571 ποίου;
3560 3502 3669 3557 Τοῦ

2088 3612 2147 3647 τε
2175 3594 2358 3659 ἁπλῶς
2381 3599 2555 3651 εἰπεῖν
2581 3598 2674 3651 καὶ
2693 3598 3046 3667 ὑποσχέσθαι,
3073 3600 3166 3651 καὶ
3195 3595 3285 3650 τοῦ
3313 3597 3476 3668 ὅρκον
3506 3612 3672 3665 προσ·

2091 3686 2263 3740 θεῖναι
2322 3690 2390 3757 τῇ
2432 3689 2744 3760 ὑποσχέσει.
2776 3688 2997 3760 Ἐπειδὴ
3035 3688 3144 3758 γὰρ
3178 3688 3330 3759 παρά
3359 3685 3671 3758 ἀνθρώποις

2088 3778 2245 3833 τοῦτο
2275 3780 2426 3833 δοκεί
2460 3782 2801 3851 πιστότερον,
2827 3782 2888 3835 τὸ
2919 3782 3012 3834 τοῦ
3046 3782 3235 3851 ὅρκου,
3259 3780 3347 3834 διὰ
3386 3779 3543 3834 τοῦτο
3572 3780 3669 3833 καὶ

2089 3871 2251 3933 αὐτὸς
2291 3870 2449 3924 τοῦτο
2482 3872 2845 3942 προσέθηκεν.
2903 3874 3007 3926 Ἑν
3037 3867 3148 3939 οῖς.
3181 3873 3301 3928 ἀντὶ
3336 3873 3451 3936 τού,
3487 3872 3545 3937 ἐξ
3569 3866 3663 3935 ὧν,

2087 3961 2295 4013 τούτων
2322 3961 2434 4013 τῶν
2466 3961 2580 4028 δύο,
2616 3962 2915 4033 πιστοτάτη
2944 3961 3217 4016 δείκνυται
3256 3964 3288 4031 ἠ
3339 3962 3664 4029 ἐπαγγελία,

2088 4051 2184 4104 καὶ
2210 4051 2474 4105 ἀδύνατον
2501 4051 2804 4121 ψεύσασθαι
2825 4052 2916 4106 τὸν
2944 4051 3311 4123 Θεόν.Ὠσπερ
3331 4050 3424 4106 οὖν
3442 4051 3662 4123 ὢμνυσε

2086 4143 2154 4196 δι’
2191 4144 2364 4215 ἡμᾶς,
2395 4143 2574 4198 καίτοι
2600 4143 2825 4211 ἀνάξιον
2843 4143 3007 4199 αύτοῦ
3034 4144 3095 4197 τὸ
3120 4143 3371 4215 ὀμνύναι,
3399 4144 3541 4197 οὕτω
3571 4145 3665 4197 καὶ

2086 4232 2168 4297 τὸ,
2203 4233 2427 4302 ἔμαθεν
2454 4235 2524 4299 ἐξ
2551 4227 2639 4287 ὧν
2662 4234 2866 4299 ἔπαθε,
2902 4235 3030 4292 νόει.
3061 4234 3170 4289 Καὶ
3220 4238 3328 4307 γὰρ
3365 4237 3413 4289 οί
3452 4234 3662 4307 ἀνθρω-

415 4328 481 4368 ea:
509 4316 700 4383 quibus
725 4333 916 4387 passus
951 4331 1049 4387 est,
1079 4321 1341 4393 intellige.
1376 4316 1591 4379 Etenim
1646 4326 1896 4384 homines
1928 4329 1984 4385 id

2095 4340 2181 4377 ποι
2219 4324 2380 4377 τοῦτο
2432 4326 2743 4396 νομίζουσιν
2793 4325 3259 4399 ἀξιοπιστότερον,
3313 4327 3374 4381 τὸ
3420 4326 3510 4381 διὰ
3564 4328 3661 4396 τῆς

414 4406 734 4461 existimant
764 4423 889 4464 esse
926 4411 1244 4468 credibilius
1277 4421 1331 4467 et
1374 4415 1601 4482 certius,
1628 4416 1773 4487 quod
1814 4434 1984 4490 expe-

416 4493 613 4549 rientia
641 4501 1050 4568 comprobatum
1084 4512 1188 4557 cst.

484 4584 857 4643 Fortissimum
888 4590 1138 4644 solatium
1168 4592 1478 4662 habeamus,
1525 4597 1618 4666 qui
1648 4599 1982 4670 confugimus

415 4677 484 4730 ad
534 4679 810 4733 tenendam
856 4683 1178 4750 propositam
1225 4699 1384 4754 spem.
1413 4687 1528 4743 Hoc
1587 4700 1693 4751 est.
1726 4706 1979 4761 magnam

414 4769 842 4826 admonitionem
868 4782 924 4827 et
945 4773 1409 4833 adhortationem.
1464 4779 1581 4833 Non
1629 4782 1773 4835 enim
1807 4784 1983 4853 magis

412 4871 632 4932 propter
666 4863 1067 4933 Abrahamunt,
1091 4883 1255 4938 quam
1280 4880 1504 4941 propter
1524 4887 1623 4926 nos
1654 4872 1756 4926 hoc
1776 4872 1981 4929 dictum

413 4961 518 5013 est,
554 4952 644 5018 qui
679 4954 1024 5023 confugimus
1056 4957 1126 5013 ad
1162 4974 1307 5025 eum,
1350 4962 1453 5016 hoc
1481 4969 1586 5026 est,
1617 4962 1979 5031 speravimus.

414 5038 684 5103 Quorsum
725 5050 905 5097 autem
952 5045 1217 5105 habemus
1258 5050 1735 5105 adhortationem?
1765 5052 1832 5106 ad
1875 5054 1980 5108 hoc
2030 5077 2033 5081 ν

415 5139 474 5184 ιιι
502 5140 787 5188 teneamus
820 5138 1155 5205 propositam
1183 5155 1359 5210 spem,
1381 5143 1482 5196 hoc
1518 5150 1624 5208 est,
1673 5152 1732 5197 nt
1770 5145 1838 5199 ab
1874 5145 1981 5201 illis

413 5233 536 5288 quae
559 5232 690 5277 sunt
721 5223 1038 5281 Abraltamo
1060 5228 1207 5290 data,
1243 5228 1312 5283 de
1342 5230 1410 5284 iis
1439 5231 1606 5284 etiam
1637 5246 1759 5301 quae
1787 5234 1852 5288 ad
1878 5250 1980 5290 nos

415 5315 686 5381 pertinent
711 5318 971 5375 certiores
987 5319 1304 5387 .retldamur,
1338 5336 1515 5393 neque
1543 5326 1837 5396 quidquam
1867 5343 1979 5383 am-

2092 4413 2286 4483 πείρας
2312 4415 2506 4468 ἐλθεῖν.

2172 4596 2461 4669 Ἰσχυρὰν
2475 4598 2864 4669 παράκλησιν
2878 4602 3128 4673 ἔχωμεν,
3145 4607 3201 4659 οἱ
3216 4605 3654 4675 καταφυγόντες

2087 4689 2382 4760 κρατῆσαι
2409 4692 2807 4763 προκειμένης
2851 4695 3120 4764 ἐλπίδος.
3152 4698 3431 4764 Τουτὲστι,
3464 4699 3661 4766 παραί-

2089 4803 2236 4841 νεσιν
2283 4789 2524 4858 μεγάλην
2575 4792 2669 4844 καὶ
2718 4795 3057 4869 προτροπὴν.
3085 4796 3161 4849 Οὐ
3193 4797 3393 4869 μᾶλλον
3437 4796 3546 4868 γὰρ
3572 4796 3658 4850 διὰ

2090 4876 2183 4932 τὸν
2218 4878 2491 4952 Ἀϐραὰμ,
2518 4883 2551 4952 ἢ
2579 4884 2648 4936 δι’
2675 4884 2823 4953 ἡμᾶς
2874 4885 3034 4940 τοῦτο
3068 4887 3303 4961 εἴρηται,
3336 4889 3461 4953 τοὺς
3491 4906 3650 4942 κατα-

2091 4969 2364 5038 φυγόντας
2412 4972 2500 5026 ἐπ’
2532 4975 2693 5027 αὑτὸν
2714 4976 2781 5043 ⁸⁸,
2814 4979 3111 5046 τουτέστιν,
3162 4981 3479 5050 ἠλπικότας.
3545 4978 3655 5032 Ποῦ

2089 5061 2146 5114 δὲ
2183 5060 2378 5132 ἔχομεν
2432 5065 2531 5135 τὴν
2586 5071 2934 5139 προτροπήν;
2979 5071 3075 5135 Εἰς
3110 5074 3170 5125 τὸ
3217 5073 3490 5144 κρατῆσαι
3557 5075 3657 5141 τῆς

2084 5154 2455 5225 προκειμένης
2503 5155 2754 5221 ἐλπίδος·
2807 5161 3107 5230 τουτέστιν,
3162 5166 3249 5221 ἳνα
3286 5166 3382 5219 ἀπ’
3432 5167 3657 5219 ἐκείνων

2089 5243 2197 5297 τῶν
2226 5245 2305 5315 τῷ
2351 5245 2603 5317 Ἀϐραὰμ
2625 5248 2906 5318 δοθέντων,
2933 5256 3027 5308 καὶ
3056 5256 3183 5327 περί
3218 5253 3328 5311 τῶν
3358 5257 3480 5312 καθ’
3506 5260 3652 5330 ἡμᾶς

2088 5334 2613 5408 πληροφορηθῶμεν,
2682 5343 2779 5397 καὶ
2835 5345 2912 5415 μὴ
2965 5345 3303 5419 διο-τάξωμεν
3364 5352 3493 5421 περὶ⁵
3545 5352 3657 5407 τῶν

1752 5511 1952 5573 Varie;
1978 5510 2305 5577 lectiones.

491 5600 539 5633 "
562 5602 851 5677 ὀλιγωρίας
888 5622 942 5662 ο.
1016 5607 1064 5642 ⁸⁸
1092 5608 1447 5678 γογγύζοντες
1469 5624 1522 5665 o.
1601 5613 1646 5645 "
1677 5614 2028 5682 ἐμεσίτευσεν
2047 5632 2103 5676 ο.
2178 5621 2224 5654 ’⁸
2263 5622 2433 5695 αὑτήν
2457 5641 2510 5679 o.
