4014 6208
286 208 385 272 265

1000 203 1409 268 ΕΚΡΟΞΙΤΙΟ
1458 203 1535 264 ιΝ
1583 201 1827 264 EPIST.
1868 228 1881 260 λ

2007 200 2401 263 ΗΕΒΗΕΟΞ.
2434 225 2503 238 ·-
2533 200 2694 262 CAP.
2736 200 2837 262 VI.

3445 198 3554 263 266

290 317 587 389 μελλόντων
608 315 703 371 καὶ
731 314 1024 385 οὐρανίων,
1042 315 1079 370 ἃ
1115 314 1433 385 ἐλπίζομεν,
1470 311 1605 366 ἀλλὰ
1627 311 1865 382 βεϐαίως

1989 308 2218 380 iigamus
2256 307 2325 363 de
2367 306 2585 371 futuris,
2622 307 2865 376 adeoque
2893 301 3212 361 caelestibus
3242 303 3402 360 bonis
3433 323 3556 375 qum

291 412 383 466 καὶ
414 409 673 479 ἀσφαλῶς
707 409 1004 481 κρατῶμεν
1032 408 1237 480 ταύτης
1266 409 1368 479 τῆς
1399 407 1638 471 ἐλπίδος,
1672 408 1765 459 καὶ
1797 404 1874 477 μὴ

290 502 647 573 ἀπολύσωμεν
698 504 892 573 αὐτὴν.
957 505 1065 556 Καὶ
1105 507 1215 572 γὰρ
1244 503 1278 573 ἡ
1317 501 1454 572 πρὸς
1486 502 1578 555 τὸν
1621 500 1874 570 Ἀϐραὰμ

289 594 589 664 ἐπαγγελία
638 593 899 664 καὶπρὸς
952 596 1100 665 ἡμᾶς
1136 596 1276 658 ἐστι,
1329 592 1424 645 καὶ
1474 591 1679 663 κυρίως
1735 589 1873 659 πρὸς

291 690 433 759 ἡμᾶς
486 689 613 750 τοὺς
672 687 1069 750 πιστεύσαντας
1109 684 1188 756 τῷ
1227 683 1469 756 Χριστῷ,
1514 684 1589 747 ὡς
1618 683 1873 754 ἀνωτέρω

291 782 521 852 εῖρηται.

359 874 572 940 Ἠν-ὡς
603 872 875 943 ἄγκυραν
936 871 1163 942 ἔχομεν
1218 873 1320 942 τῆς
1370 871 1573 943 ψυχῆς
1621 867 1873 940 ἀσφαλῆ

291 965 387 1022 καὶ
408 966 687 1031 βεϐαίαν.
729 966 834 1019 Ἦν
868 966 1061 1020 ἐλπίδα
1096 966 1296 1036 ἔχομεν
1329 966 1404 1029 ὡς
1441 967 1712 1038 ἄγκυραν.
1759 966 1871 1020 Καὶ

293 1061 397 1132 γάρ
414 1060 608 1125 ὥσπερ
638 1059 823 1130 ἐκείνη
861 1060 930 1112 τὰ
963 1058 1129 1113 πλοῖα
1164 1063 1222 1114 ὲν
1247 1059 1430 1130 καιρῷ
1461 1059 1628 1132 ζάλης
1660 1059 1873 1131 ἵστησιν

293 1154 499 1223 ἑδραῖα,
534 1151 677 1206 οὕτω
738 1154 833 1207 καὶ
862 1153 895 1222 ἡ
929 1150 1085 1222 ἐλπὶς
1126 1152 1254 1214 τοὺς
1317 1150 1718 1221 σαλευομένους
1760 1152 1873 1214 τοῖς

293 1247 664 1316 πειρασμοῖς,
736 1243 985 1313 ἑδραίους
1066 1245 1160 1298 καὶ
1226 1245 1667 1315 ὑπομονητικοὺς
1728 1240 1870 1300 εἶναι

293 1340 449 1393 ποιεί.
472 1338 587 1406 Οὐχ
606 1335 792 1400 ἁπλῶς
810 1337 867 1391 δὲ
896 1334 1071 1401 εἶπεν,
1123 1337 1394 1409 ἄγκυραν,
1418 1336 1553 1391 ἀλλὰ
1595 1336 1872 1407 ’ἀσφαλῆ

292 1429 386 1485 καὶ
408 1430 687 1494 βεϐαίαν.
726 1430 887 1483 Ἐστι
924 1431 1040 1506 γὰρ
1068 1431 1288 1505 ἄγκυρα
1328 1435 1403 1503 μὴ
1441 1431 1786 1503 φυλάττουσα
1813 1433 1876 1488 τὸ

294 1523 502 1591 σκάφος
529 1522 852 1584 ἀσάλευτον,
881 1522 916 1593 ἢ
950 1523 1083 1576 ὅταν
1118 1523 1321 1596 σαθρὰ,
1375 1523 1408 1596 ἢ
1449 1526 1579 1579 ὅταν
1638 1524 1875 1597 ἐλαφρο-

290 1617 442 1686 τέρα.
480 1615 727 1680 Εἰκότως
756 1617 813 1670 δὲ
838 1616 899 1669 οὐ
933 1614 1184 1686 θεμελίου
1239 1616 1508 1686 ἐμνήσθη,
1550 1616 1664 1671 ἀλλ’
1699 1615 1873 1687 ἀγκύ-

1975 413 2285 470 speramus,
2323 397 2416 454 sed
2457 398 2688 453 lirmiter
2735 414 2799 452 ac
2846 406 2962 451 tuto
3017 399 3354 453 retineamus
3415 399 3559 453 hanc

1976 506 2150 560 spem,
2182 506 2283 546 nec
2319 490 2664 546 dimittamus
2713 490 2910 561 ipsam.
2949 490 3115 561 690
3168 488 3383 546 Etenim
3437 508 3558 562 quin

1975 583 2288 639 Abrahamo
2313 582 2459 639 facta
2498 594 2584 640 est
2621 583 2917 654 promissio
2944 624 2960 651 ,
2992 585 3060 640 ad
3095 601 3197 640 nos
3230 585 3395 640 etiam
3432 602 3562 655 spc-

1977 681 2113 739 ctat,
2147 688 2210 729 ac
2239 675 2462 745 proprie
2490 674 2559 730 ad
2588 676 2811 749 nusqui
2843 676 3063 731 Christo
3091 677 3391 740 credimus,
3422 690 3478 730 αι
3504 682 3556 732 in

1978 766 2360 838 superioribus
2395 765 2604 821 dictum
2640 775 2745 823 est.

2049 858 2217 915 Vens.
2256 859 2343 915 19.
2382 859 2559 927 Quam
2586 861 2722 916 sicut
2753 864 3038 916 anchoram
3072 862 3321 918 habemus
3343 866 3557 930 auinm',

1979 964 2148 1008 tutam
2177 970 2241 1007 ac
2286 954 2522 1024 ﬁrmam.
2559 952 2733 1021 Quam
2781 968 2931 1025 spem
2964 955 3230 1011 habemus
3263 958 3426 1011 veluti
3456 972 3559 1011 au.-

1977 1044 2228 1099 rhoram.
2263 1041 2400 1098 Nam
2459 1044 2689 1113 perinde
2740 1052 2800 1098 ut
2856 1045 2949 1101 illa
2995 1060 3163 1102 naves
3217 1049 3559 1118 tempestatis

1978 1148 2225 1212 tempore
2258 1138 2447 1195 ﬁrmas
2479 1138 2786 1207 constituit,
2821 1139 3160 1196 consimilem
3189 1141 3257 1195 ad
3286 1144 3556 1197 rationem

1978 1248 2105 1303 spes
2129 1231 2367 1303 agitatos
2383 1240 2438 1289 et
2456 1248 2760 1292 concussos
2801 1234 3222 1300 tentationibus,
3257 1235 3480 1291 Stabilés
3506 1245 3560 1290 et

1976 1326 2245 1395 patientes
2265 1324 2451 1383 edicit.
2475 1324 2596 1383 Non
2631 1327 2957 1397 simpliciter
2979 1336 3182 1393 autem,
3232 1329 3556 1392 ancboram,

1976 1414 2359 1483 dixit,verum,
2395 1426 2566 1471 tutam
2592 1417 2901 1487 acﬁrmam.
2922 1412 3171 1485 Estenirit
3189 1418 3560 1490 anchoraqua:

1978 1522 2088 1563 non
2115 1515 2405 1565 conservet
2434 1509 2693 1580 scapham
2715 1511 3124 1577 inconcussam,
3158 1511 3240 1565 vel
3264 1511 3310 1567 si
3336 1512 3555 1581 putrida

1980 1602 2166 1669 fuerit,
2198 1602 2285 1658 vel
2318 1602 2540 1672 quando
2569 1603 2695 1673 plus
2724 1616 2883 1672 aequo
2912 1601 3106 1657 levior.
3142 1601 3338 1659 Merito
3375 1616 3555 1659 autem

294 1685 419 1776 ραςο
489 1691 630 1759 διότι
682 1707 712 1759 ό
751 1705 875 1776 ίμὲν
933 1704 1176 1759 ἐπὶτῶν
1232 1685 1440 1777 σφόδρα
1476 1685 1875 1779 στερῤὦνίκαὶ

1989 1706 2086 1747 non
2144 1691 2482 1748 fundamenti
2526 1692 2798 1758 meminit,
2839 1692 2935 1749 sed
2965 1692 3242 1759 anchorae,
3288 1708 3354 1750 eo
3411 1697 3556 1766 quod

294 1797 600 1869 φιλοσόφων
652 1799 864 1854 τίθεται
909 1814 924 1830 ο
978 1799 1011 1871 ἡ
1050 1798 1108 1853 δὲ
1160 1797 1375 1870 ἄγκυρα
1409 1799 1503 1853 ἐπὶ
1543 1799 1653 1855 τῶν
1706 1798 1877 1871 ζάλην

292 1884 543 1955 ἑχόντων,
578 1881 681 1941 οἷοι
713 1881 855 1960 ἦσαν
896 1880 1042 1942 οὗτοι
1097 1889 1210 1951 τοῖς
1264 1889 1590 1959 πεῖρασμοῑς
1627 1890 1877 1943 κλυδωνι-

248 1965 527 2047 ’ζόμενοα

368 2166 478 2219 Kal
503 2167 938 2238 εισερχομένην
961 2171 1048 2238 είς
1071 2172 1138 2226 τὸ
1161 2171 1463 2243 ἐσώτερον
1482 2175 1588 2231 τοῦ
1619 2189 1880 2231 «araxe-

297 2251 616 2321 τάσματος.
662 2251 840 2310 Εἶπεν
891 2257 1149 2330 ἀνωτέρω
1190 2259 1273 2314 ὅτι
1306 2261 1689 2335 Ἀναμείνατε·
1721 2265 1881 2334 γενή-

298 2362 448 2401 σεται
475 2347 583 2420 γάρ
613 2348 685 2402 τὰ
715 2348 1069 2422 ἐλπιζόμενα·
1102 2352 1197 2407 νῦν
1224 2353 1557 2425 τελεώτερον
1601 2355 1878 2428 πληροφο-

299 2438 425 2507 ρῶν,
460 2438 628 2509 λέγει,
666 2441 752 2495 ὃτι
797 2441 894 2496 καὶ
952 2442 1052 2515 ἤδη
1103 2444 1303 2517 ἔχομεν
1356 2446 1499 2501 αὐτὰ
1555 2448 1622 2518 τῇ
1678 2447 1874 2503 ἐλπίδι.

295 2530 444 2602 Αὕτη
478 2531 591 2604 γὰρ
622 2533 944 2589 εἰσελθοῦσα
996 2535 1147 2591 ἔνδον
1197 2538 1292 2593 τοῦ
1332 2538 1586 2611 οὐρανοῦ,
1623 2540 1883 2611 ἐποίησεν

295 2624 440 2694 ἡμᾶς
473 2624 575 2696 ἤδη
606 2620 748 2680 εἶναι
773 2625 833 2680 ὲν
859 2631 974 2693 τοῖς
1000 2628 1453 2703 ὲπαγγελμένοις,
1483 2631 1587 2686 κᾶν
1620 2631 1700 2685 ἔτι
1734 2633 1884 2688 κάτω

294 2708 469 2785 ὦμεν,
508 2716 613 2771 κᾶν
662 2718 893 2790 μήπωθ⁷
929 2719 1220 2792 ἐλάϐομεν.
1278 2722 1562 2793 Τοσαύτην
1609 2723 1723 2794 ἔχει
1774 2723 1875 2796 τὴν

296 2807 460 2879 tirbe
484 2810 520 2880 ἡ
539 2809 712 2877 ἐλπὶς,
735 2809 877 2867 ὥστε
898 2812 1023 2880 τοὺς
1055 2815 1334 2885 ἐπιγείους
1364 2815 1649 2887 οὐρανίους
1683 2819 1881 2872 ποιεῖν.

295 2899 520 2973 Ὠσπερ
569 2901 625 2956 δὲ
667 2904 726 2959 ιν
757 2907 843 2977 τῇ
883 2906 1102 2979 Παλαιᾷ
1149 2906 1211 2960 τὸ
1247 2907 1649 2978 καταπέτασμα
1678 2907 1885 2979 διεῖργε

297 2994 359 3048 τὸ
396 2994 560 3055 ἅγιον
586 2996 695 3050 άπὸ
719 2997 820 3055 τῆς
851 3000 1049 3055 λοιπῆς
1080 3000 1290 3055 σκηνῆς
1314 3016 1330 3034 ο
1367 2999 1510 3055 οὓτω
1544 3002 1641 3055 καὶ
1670 3004 1885 3055 coda:-

436 3011 560 3063 γιον
586 3002 695 3050 άπὸ
719 3002 820 3069 τῆς
851 3002 1049 3071 λοιπῆς
1080 3002 1290 3072 σκηνῆς
1314 3016 1330 3034 ο
1367 3002 1510 3055 οὕτω
1544 3002 1641 3055 καὶ
1670 3006 1698 3056 ό
1716 3004 1881 3074 οὐρα-

436 3088 565 3158 ήμῖν
602 3090 1030 3161 καταπέτασμα,
1061 3092 1319 3161 διείργων
1341 3094 1412 3149 τὰ
1451 3093 1602 3154 κάτω
1629 3095 1742 3150 ἀπὸ
1774 3095 1881 3150 τῶν

1992 3002 2141 3066 liquo
2177 3002 2564 3051 tabernaculo:
2600 3002 2672 3049 ita
2712 3002 2913 3050 emlum
2966 3002 3127 3052 nobis
3178 3002 3426 3051 velamen
3462 3006 3570 3065 est,

1992 3088 2312 3161 disjungens
2343 3086 2604 3144 inferiora
2631 3103 2661 3142 a
2695 3087 3063 3146 divinioribus
3090 3100 3143 3146 et
3163 3090 3572 3160 supercmlesti-

298 3086 388 3150 νὸς
429 3088 565 3158 ἡμῖν
602 3090 1030 3161 καταπέτασμα,
1061 3092 1319 3166 διείργων
1341 3094 1412 3149 τὰ
1451 3093 1602 3154 κάτω
1629 3095 1742 3150 ἀπὸ
1774 3095 1885 3150 τῶν

298 3175 475 3231 θειοτέ
480 3196 589 3250 ρων
615 3182 710 3237 καὶ
751 3182 1189 3256 ὕπερουρανίων.
1686 3191 1704 3209 ⁹

370 3266 558 3324 Ὅπου
588 3272 927 3343 πρόδρομος
952 3276 1106 3346 ὑπὲρ
1122 3273 1295 3347 ἡμῶν
1309 3274 1600 3347 εἰσῆλθεν
1633 3279 1884 3349 Ἰησοῦς.

299 3361 490 3416 Εἰπὼν
532 3364 615 3420 ότι
661 3367 695 3438 ἡ
748 3366 907 3432 ἐλπὶς
936 3369 1096 3440 ἡμῶν
1131 3371 1212 3435 είς
1247 3370 1340 3425 τὸν
1377 3371 1608 3442 οὐρανὸν
1642 3373 1887 3443 εἰσέρχε-

296 3469 415 3519 ται,
450 3453 662 3526 βεδαιοί
706 3456 770 3511 τὸ
822 3458 1010 3531 ῥηθὲν,
1062 3459 1152 3515 διὰ
1199 3460 1312 3515 τῶν
1337 3461 1678 3534 πραγμάτων
1710 3460 1890 3518 αὐτῶν

296 3547 461 3602 τοῦτο
491 3549 876 3622 πιστούμενος.
907 3553 1017 3608 Καὶ
1046 3551 1154 3625 γὰρ
1202 3554 1230 3607 ό
1266 3553 1502 3625 Χριστὸς
1540 3554 1749 3619 ἐκεῖνος
1780 3538 1890 3608 slo-

300 3640 486 3713 ἦλθε*
544 3644 639 3697 καὶ
682 3643 782 3716 οὐχ
841 3645 1030 3711 ἁπλῶς
1074 3644 1348 3716 εἰσῆλθεν,
1391 3646 1530 3700 ἀλλὰ
1583 3645 1889 3719 πρόδρομος

298 3733 542 3803 εἰσῆλθε,
594 3735 898 3802 τουτέστιν,
945 3736 1021 3801 ὡς
1071 3736 1167 3791 καὶ
1199 3736 1372 3808 ἡμῶν
1410 3732 1737 3807 ὀφειλόντων
1781 3740 1894 3791 εισ-

295 3823 498 3880 ελθεῖν.
515 3826 578 3879 '0
600 3827 712 3898 γὰρ
725 3826 1054 3899 πρόδρομος,
1081 3826 1246 3881 τινῶν
1276 3828 1423 3882 ἐστιν
1456 3827 1892 3883 ἀκολουθούντων

296 3918 612 3989 πῴδρομος
632 3960 647 3984 ,
676 3920 773 3974 καὶ
799 3919 921 3974 οὐδὲ
961 3922 1101 3975 πάνυ
1137 3919 1276 3976 πολὺ
1304 3921 1366 3975 τὸ
1415 3923 1581 3993 μέσον
1626 3920 1724 3975 τοῦ
1757 3939 1894 3993 προ-

293 4009 506 4082 δρόμου
564 4011 662 4065 καὶ
716 4010 827 4066 τῶν
882 4011 1192 4082 ἑπομένων,
1230 4011 1420 4085 ὥσπερ
1468 4013 1595 4068 οὐδὲ
1643 4013 1892 4069 Ἰωάννου

296 4101 398 4153 καὶ
458 4099 732 4171 Χριστοῦ.
795 4100 890 4172 Μὴ
944 4104 1126 4157 τοίνυν
1185 4102 1516 4174 ἀσχάλλετεο
1567 4104 1691 4158 ὅσον
1741 4105 1895 4160 οὔπω

293 4191 727 4262 είσελευσόμεθα
754 4192 888 4247 ὅπου
916 4193 945 4246 ό
981 4193 1286 4266 πρόδρομος
1317 4194 1492 4265 ἡμῶν.
1545 4196 1661 4251 Οὐκ
1716 4197 1895 4268 ὴρκή-

295 4283 406 4353 con
444 4282 501 4336 δὲ
534 4280 708 4338 εἰπὼν
730 4324 745 4349 ,
781 4284 1154 4356 πρόδρομος,
1182 4286 1316 4340 ἀλλὰ
1347 4286 1655 4359 προσέθηκε
1690 4289 1786 4342 καὶ
1812 4290 1893 4354 τὸ,

1978 1784 2394 1841 fundamentum
2429 1784 2486 1839 in
2514 1785 2672 1841 valde
2702 1785 2895 1842 solidis
2927 1801 2992 1842 ac
3026 1787 3368 1858 sapientibus
3401 1789 3560 1858 poni-

1979 1885 2069 1932 tur
2096 1895 2109 1931 :
2154 1877 2399 1934 anchora
2438 1892 2569 1935 vero
2603 1878 2657 1934 in
2690 1878 2758 1936 iis
2789 1893 2913 1950 quae
2943 1886 3271 1951 tempestate
3297 1882 3558 1952 quatiun.

1981 1981 2093 2039 tur,
2125 1974 2317 2043 quales
2342 1971 2686 2029 fueruntdsti
2719 1973 2814 2045 qui
2846 1974 3244 2031 tentationibus
3275 1976 3560 2047 agitaban-

1982 2079 2071 2124 tur
2103 2078 2156 2122 et
2184 2067 2546 2124 fluctuabant.

2053 2156 2124 2212 Et
2152 2159 2471 2214 incedentem
2492 2176 2656 2232 usque
2675 2160 2746 2215 ad
2770 2161 3027 2216 interiora
3050 2162 3348 2216 salaminis.
3373 2159 3430 2217 In
3466 2177 3564 2216 su-

1983 2253 2297 2323 perioribus
2348 2253 2508 2318 dixit,
2546 2251 2899 2323 Exspectate:
2947 2254 3201 2311 evenient
3244 2254 3389 2308 enim
3444 2269 3565 2323 quae

1984 2355 2300 2415 sperantur.
2335 2342 2456 2400 Jam
2486 2345 2786 2417 perfectius
2815 2354 2999 2403 certos
3030 2345 3265 2410 faciens,
3300 2343 3378 2399 ait
3416 2346 3563 2416 quod

1985 2435 2287 2491 etiamnum
2323 2451 2387 2492 ea
2422 2436 2687 2493 habemus
2755 2437 2811 2493 in
2860 2451 2983 2508 spe.
3045 2437 3153 2492 lsta
3202 2450 3437 2507 namque
3483 2436 3567 2490 in-

1985 2544 2170 2599 gressa
2221 2528 2277 2584 in
2310 2530 2509 2585 caelum
2552 2530 2683 2585 fecit
2712 2529 2825 2601 jam
2868 2544 2971 2586 nos
3016 2544 3142 2586 esse
3188 2529 3244 2584 in
3275 2528 3567 2599 promissis

1988 2622 2171 2685 bonis,
2207 2622 2424 2677 etiamsi
2461 2620 2644 2678 adhuc
2679 2621 2819 2677 infra
2849 2624 2904 2677 in
2937 2623 3104 2679 terris
3128 2622 3323 2687 simus,
3349 2623 3566 2678 etiamsi

1986 2716 2229 2773 nondum
2279 2717 2674 2787 acceperimus.
2722 2715 2858 2787 Spes
2895 2726 3077 2774 tantas
3106 2716 3250 2772 vires
3292 2716 3473 2783 habet,
3510 2723 3569 2770 ut

1990 2818 2286 2866 terrestres
2316 2810 2571 2867 caelestes
2601 2809 2789 2865 faciat.
2817 2808 3288 2875 Quemadmodum
3330 2825 3458 2865 vero
3512 2812 3568 2864 in

1988 2902 2168 2957 Veteri
2192 2901 2545 2959 Testamento
2560 2904 2808 2957 velamen
2833 2901 3101 2973 disjunxit
3130 2901 3394 2957 Sanctum
3425 2917 3455 2955 a
3480 2916 3568 2958 reo

1992 2996 2141 3066 liquo
2177 2995 2564 3051 tabernaculo:
2600 2996 2672 3049 ita
2712 2995 2913 3050 emlum
2966 2996 3127 3052 nobis
3178 2996 3426 3051 velamen
3462 3006 3570 3065 est,

1992 3183 2114 3237 bus.

2069 3272 2232 3330 Vens.
2255 3274 2346 3330 20.
2384 3272 2485 3329 Ubi
2509 3291 2810 3345 pmcursor
2837 3290 2933 3346 pro
2970 3274 3119 3329 nobis
3151 3274 3357 3329 introiit
3388 3272 3570 3328 Iesus.

1991 3367 2129 3421 Cum
2165 3382 2316 3438 spem
2358 3378 2601 3425 nostram
2633 3369 2803 3425 caelos
2832 3368 3132 3439 ingressam
3184 3367 3404 3433 dixerit,
3435 3382 3573 3422 cou-

1994 3459 2175 3515 firmat
2209 3460 2355 3531 quod
2395 3461 2604 3516 dictum
2644 3466 2749 3528 est,
2788 3476 2886 3532 per
2920 3476 3010 3517 res
3054 3461 3206 3532 ipsas
3240 3460 3346 3517 boc
3402 3460 3574 3517 stabi-

1996 3552 2155 3607 liens.
2193 3551 2405 3607 Etenim
2431 3551 2684 3608 Christus
2735 3553 2827 3609 ille
2882 3553 3164 3625 ingressus
3216 3562 3336 3611 est:
3370 3563 3423 3610 et
3464 3568 3573 3609 non

1995 3643 2320 3714 simpliciter
2347 3643 2632 3713 ingressus
2675 3652 2785 3712 est,
2810 3644 2904 3700 sed
2940 3660 3251 3714 praecursor
3290 3647 3574 3716 ingressus

1995 3745 2101 3804 est,
2151 3736 2255 3792 hoc
2308 3745 2394 3791 est
2440 3747 2701 3813 tauquam
2732 3744 2789 3818 et
2819 3753 2921 3795 nos
2956 3740 3213 3796 videlicet
3273 3740 3576 3796 debeamus

1996 3826 2230 3899 ingredi.
2271 3826 2583 3884 Praecursor
2619 3831 2764 3883 enim
2829 3832 3192 3899 quorumdam
3226 3833 3573 3901 sequentium

1996 3927 2082 3973 est
2112 3932 2442 3988 prmcursor,
2477 3934 2579 3974 nec
2602 3918 2761 3976 valde
2809 3920 3038 3975 multum
3071 3930 3154 3977 est
3183 3920 3457 3976 intervalli
3492 3921 3577 3975 in-

1998 4018 2082 4066 ter
2116 4026 2517 4081 praeursorem
2546 4028 2610 4069 ac
2639 4020 2953 4082 sequentes,
2983 4012 3443 4083 quemadmodum
3476 4028 3575 4068 ne-

1997 4115 2105 4169 que
2143 4100 2287 4157 inter
2320 4100 2585 4157 Joannem
2631 4110 2686 4159 et
2727 4102 3033 4158 Christum.
3079 4100 3159 4158 Ne
3203 4102 3375 4173 igitur
3433 4119 3578 4175 aegre

1998 4191 2229 4248 feratis:
2273 4208 2399 4247 mox
2443 4192 2743 4262 ingressuri
2796 4207 2988 4248 sumus
3023 4193 3077 4247 in
3117 4208 3238 4248 eum
3283 4193 3487 4259 locum,
3519 4193 3578 4248 in

2000 4300 2109 4355 quo
2152 4300 2459 4355 praecursor
2485 4296 2673 4342 noster
2720 4293 2823 4341 est.
2868 4284 2979 4340 Nec
3033 4293 3327 4342 contentus
3361 4288 3463 4340 fuit
3494 4288 3580 4341 di-

288 4376 457 4446 ὐπὲρ
492 4378 683 4446 ἡμῶν,
733 4378 1019 4448 ei;;1t).aim
1058 4381 1344 4447 πίστωσιν,
1376 4381 1579 4435 ὡσανεὶ
1615 4380 1774 4436 τοῦτο
1807 4382 1881 4436 λέ-

2001 4392 2145 4439 cere,
2175 4393 2471 4446 prcecursor
2493 4393 2512 4432 :
2544 4380 2636 4434 sed
2672 4378 2951 4450 apposuit,
2982 4394 3076 4448 pro
3120 4377 3291 4441 nobis,
3344 4378 3412 4432 ad
3460 4394 3580 4432 ma-

289 4486 414 4539 γων
440 4485 457 4499 ο
487 4469 603 4523 υὺκ
635 4471 800 4536 αὐτὸς
848 4471 1019 4525 ἐδεῖτο
1057 4471 1151 4525 τοῦ
1184 4472 1361 4526 ἐκεῖσε
1390 4473 1561 4527 ἐλθεῖν
1585 4489 1600 4505 ·
1639 4472 1757 4538 πῶς
1783 4473 1881 4543 γὰρ

2000 4469 2175 4538 jorem
2225 4468 2735 4528 continuationem;
2789 4468 3015 4538 perinde
3049 4468 3206 4538 quasi
3247 4469 3350 4524 huc
3393 4467 3575 4525 dicat:

291 4560 438 4623 Θεὸς
468 4557 585 4627 ὥν;
622 4559 738 4612 ἀλλ’
762 4559 952 4632 ὥσπερ
990 4561 1172 4631 σάρκα
1200 4560 1268 4615 δι’
1302 4562 1447 4632 ἡμᾶς
1491 4560 1701 4626 ἐλαϐεν,
1752 4558 1881 4614 οὖτα

2003 4558 2126 4630 Ipse
2155 4574 2265 4613 non
2296 4559 2532 4614 baltebat
2559 4575 2697 4630 opus
2728 4575 2795 4617 eo
2825 4561 3035 4630 ingredi
3060 4582 3073 4614 :
3106 4561 3381 4632 quomodo
3408 4562 3581 4625 enim,

294 4650 400 4705 καὶ
435 4649 504 4704 δι’
540 4650 692 4721 ἡμᾶς
746 4649 999 4721 εἰσῆλθεν
1043 4649 1311 4722 ἐσώτερον
1360 4650 1454 4704 τοῦ
1504 4648 1758 4722 οὐρανοῦ,
1805 4650 1881 4703 ἵνα

2007 4670 2132 4710 cum
2191 4654 2336 4710 Deus
2374 4655 2560 4711 esset?
2617 4655 2834 4712 Atenim
2898 4657 3044 4713 sicut
3085 4671 3308 4712 carnem
3362 4666 3582 4726 pr0pzer

293 4746 443 4815 ἡμῖν
496 4743 688 4815 ἀνοίξῃ
712 4741 813 4815 τὴν
845 4743 987 4798 ὁδόν.
1021 4742 1187 4796 Ὥστε
1240 4743 1554 4813 ἀναγκαίως
1592 4742 1881 4796 είσελευσό-

2005 4764 2110 4804 nos
2144 4747 2465 4819 assumpsit,
2505 4748 2588 4803 sic
2614 4758 2666 4803 et
2714 4760 2938 4821 propter
2972 4764 3072 4804 nos
3109 4748 3341 4804 interius
3379 4749 3581 4805 coelum

300 4836 455 4905 μεθα
483 4840 579 4889 καὶ
601 4836 782 4893 αὐτοί.
827 4835 899 4889 Ἢ
930 4834 1013 4903 τὸ,
1046 4832 1442 4906 ’Υπὲριήμῶν,
1492 4834 1615 4888 ἀντὶ
1648 4832 1771 4898 τοῦ,
1810 4833 1881 4888 ἵνα

2005 4841 2196 4908 subiit,
2235 4849 2293 4896 ut
2320 4841 2483 4897 nobis
2513 4840 2844 4911 patefaceret
2877 4843 3001 4896 iter.
3034 4839 3360 4897 Necessario
3399 4842 3584 4912 itaque

299 4928 626 4999 ἐντυγχάνῃ
661 4928 802 4999 ὑπὲρ
851 4927 1013 4999 ἡμῶν
1061 4926 1140 4998 τῷ
1174 4927 1372 5000 Πατρὶ,
1402 4926 1476 4990 ὡς
1537 4925 1631 4979 καὶ
1654 4927 1683 4978 ό
1713 4926 1881 4995 ἁρχιε·

2000 4927 2369 5005 ingrediemur
2396 4944 2448 4988 et
2475 4934 2602 5004 ipsi.
2637 4930 2755 4998 Vel,
2786 4948 2881 5002 pro
2913 4932 3079 4994 nobis.
3131 4946 3216 4987 est
3254 4947 3375 5003 pro,
3413 4939 3471 4986 ut
3498 4933 3584 4986 in-

303 5023 441 5093 ρεῦς
474 5020 650 5092 είσῄει
684 5020 765 5084 είς
787 5020 848 5073 τὸ
895 5021 1084 5088 ’Δγιον
1120 5019 1269 5087 ἅπαξ
1295 5018 1391 5074 τοῦ
1426 5017 1695 5083 ἐνιαυτοῦ,
1720 5017 1881 5083 ὲξιλα·

2001 5024 2247 5080 tercedat
2285 5040 2385 5095 pro
2440 5025 2601 5080 nobis
2643 5025 2711 5081 ad
2756 5023 2996 5090 Patrem,
3042 5025 3485 5095 quandoquidem
3530 5032 3586 5075 et

304 5114 584 5185 σκόμενος
611 5112 765 5184 ὑπὲρ
784 5111 878 5166 τοῦ
908 5111 1064 5167 λαοῦ.

2001 5115 2244 5188 pontifex
2285 5119 2692 5191 ingrediebatur
2737 5115 2789 5171 in
2822 5098 3094 5173 Sanctum.
3126 5117 3298 5173 semel
3336 5115 3392 5169 iu
3439 5126 3585 5167 anno
3645 5190 3652 5201 '

2006 5220 2064 5267 ut
2087 5228 2187 5283 pro
2226 5213 2427 5284 populo
2452 5212 2847 5282 interpellaret.

367 5327 537 5391 Κατὰ
569 5326 688 5393 τὴν
715 5323 889 5389 τάξιν
913 5322 1308 5393 Μελχισεδὲκ.
1354 5320 1690 5392 Ἀρχιερεὺς
1720 5319 1881 5390 γενό-

2074 5306 2373 5364 Secundum
2395 5305 2629 5361 ordinem
2659 5304 3025 5383 Hclcltisedcc,
3054 5300 3305 5367 Pontifex
3325 5298 3506 5367 [arma
3528 5295 3582 5349 in

285 5440 487 5492 μενος
521 5422 611 5487 εἰς
669 5418 779 5472 τὸν
812 5414 1020 5471 αἰῶνα.
1059 5415 1171 5471 Καὶ
1205 5414 1367 5468 τοῦτο
1426 5413 1657 5485 μεγίστη
1708 5411 1881 5481 παρά-

2000 5416 2279 5463 retentum.
2316 5401 2443 5458 Haec
2477 5399 2713 5455 maxima
2745 5398 2905 5470 691
2937 5398 3101 5452 etiam
3133 5393 3294 5449 nobis
3315 5398 3401 5448 est
3442 5402 3580 5444 cou-

1683 5588 1885 5655 Varim
1922 5587 2251 5654 lectiones.

409 5704 460 5740 ³⁷
488 5702 569 5758 ἔτι
609 5701 687 5773 μή
709 5714 765 5754 ο.

646 5768 921 5859 riuos.
954 5789 1353 5870 Gn._CXXV.
3181 5768 3218 5833 9
