4014 6208
376 163 480 225 237

1310 143 1895 210 THEOPHYLACTI
1936 141 2031 199 BU
2045 138 2353 198 LGARIE
2395 139 2437 195 Λ
2449 137 2599 195 RCH
2613 136 2683 195 ιοΕ
2695 136 2753 196 Ρ.

3540 127 3650 192 9.68

379 271 599 332 solatio,
644 267 913 338 siquidem
966 262 1217 319 Pontifex
1255 268 1441 316 nostcr
1464 268 1549 314 est
1589 258 1642 310 in
1683 255 1963 326 supernis,

2088 250 2286 321 ιλησις,
2314 251 2430 318 εἴγε
2467 249 2579 302 ἄνω
2606 250 2635 302 6
2677 245 2998 318 ’ἀρχιερεὺς
3030 242 3209 315 ἡμῶν,
3243 242 3338 297 καὶ⁵
3370 240 3504 295 πολὺ
3539 242 3658 311 βελ-

380 379 443 419 ac
470 362 640 417 multo
682 357 1028 431 praestantior
1078 356 1145 409 iis
1205 355 1301 424 qui
1346 364 1475 406 sunt
1525 348 1670 420 apud
1718 346 1958 404 Judatos.

378 456 562 511 Primo
612 454 917 509 secundum
948 449 1206 504 modum:
1247 462 1353 499 non
1386 444 1530 500 enim
1570 441 1729 514 juxta“
1760 455 1953 497 eorum

379 550 649 611 ordinem,
705 546 798 600 se.l
874 541 1177 598 secundum
1235 539 1488 594 ordinem
1576 534 1961 591 Melchisedec.

381 641 587 697 Deinde
632 640 752 694 loco
787 646 843 691 et
879 634 1267 690 tabernaculo:
1300 645 1467 702 supra
1514 628 1664 684 enim
1698 626 1754 682 in
1809 628 1966 682 cwlis

381 745 497 800 cst;
535 742 745 804 postea,
791 727 1184 784 Testamento:
1246 725 1311 780 de
1362 721 1688 779 melioribus
1732 719 1879 776 enim
1915 726 1967 774 et

382 823 779 896 perlectoribus
813 819 1006 886 bonis;
1056 818 1187 873 item
1219 816 1546 871 duratione:
1597 814 1968 884 sempiternus

381 918 549 982 enim,
579 922 633 970 et
661 928 771 968 non
813 909 1207 980 temporarias.
1236 905 1545 970 Postremo,
1575 918 1845 976 persona:
1879 900 1969 955 Fi-

384 1008 489 1060 lius
530 1003 678 1059 enim
723 1000 815 1055 Dei
853 1008 958 1055 est.
996 996 1234 1055 Proinde
1281 1010 1349 1052 ne
1398 992 1709 1066 langueatis
1758 993 1965 1045 animo.

382 1097 509 1152 llaec
536 1106 717 1151 autem
751 1093 938 1148 omnia
972 1100 1196 1162 prepter
1220 1104 1441 1145 carnem
1475 1088 1618 1142 dicta
1673 1096 1801 1141 sunt
1830 1104 1843 1139 :
1880 1100 1969 1142 se-

384 1189 625 1246 cundum
658 1187 806 1241 hanc
834 1185 980 1241 enim
1016 1183 1194 1237 faetus
1223 1190 1307 1237 est
1342 1178 1657 1248 Pontifex.’_

977 1272 1210 1332 CAPUT
1256 1271 1368 1327 Vl].

452 1375 622 1431 Vens.
661 1372 783 1427 1-5.
819 1368 922 1423 Hic
947 1370 1087 1423 enim
1116 1366 1486 1427 Melchisedec,
1516 1378 1609 1417 rea;
1646 1361 1848 1429 Salcm,
1880 1378 1972 1416 sa-

386 1467 567 1522 cerdos
601 1463 699 1520 Dei
722 1462 941 1526 summi,
972 1460 1062 1530 qui
1113 1458 1342 1512 obviavi‘t
1394 1455 1624 1511 Abrahae
1670 1470 1902 1525 regresso
1938 1471 1972 1509 α

386 1561 528 1615 ccede
568 1570 770 1628 regum,
794 1564 844 1608 et
877 1553 1142 1607 benedixit
1170 1551 1237 1604 ei.
1268 1549 1369 1605 Cui
1402 1559 1451 1604 et
1476 1547 1710 1603 decimas
1739 1547 1970 1602 omnium

387 1653 567 1707 divisit
621 1649 914 1703 Abraham.
967 1644 1182 1714 Scopus
1226 1651 1312 1700 est
1372 1644 1643 1713 apostolo,
1690 1656 1974 1697 common-

389 1762 569 1801 szrare
634 1742 931 1799 discrimen
984 1736 1197 1794 Veteris
1259 1745 1312 1792 et
1361 1735 1498 1793 Novi
1570 1733 1907 1793 Testamenti
1959 1752 1973 1790 :

391 1849 553 1911 atque
591 1838 693 1892 hoc
726 1834 909 1891 statim
961 1834 1018 1887 in
1051 1830 1279 1888 exordio
1338 1828 1621 1894 indicavit,
1671 1843 1795 1885 cum
1831 1829 1979 1883 dice-

390 1943 497 1997 ret,
547 1930 799 1985 Patribas
844 1926 1054 2000 quidem
1090 1925 1297 1979 locutus
1342 1934 1417 1979 est
1454 1922 1594 1978 Deus
1636 1938 1729 1989 per
1780 1938 1974 1985 servos,

392 2027 714 2095 prapltetas:
753 2020 904 2076 nobis
936 2028 1133 2083 autem,
1160 2017 1257 2088 qui
1287 2031 1480 2072 sumus
1515 2016 1569 2070 in
1596 2013 1747 2071 Novo
1784 2013 1979 2070 Testa-

396 2122 602 2181 mento,
651 2112 857 2166 locutus
907 2118 985 2164 est
1018 2123 1108 2177 per
1150 2105 1374 2161 Filium.
1410 2104 1549 2173 Quia
1602 2119 1734 2161 vero
1777 2104 1979 2159 inﬁrmi

394 2214 553 2259 erant
590 2203 895 2270 auditores,
920 2201 1125 2272 quippe
1153 2200 1247 2269 qui
1280 2199 1543 2269 languido
1572 2206 1764 2253 essent
1793 2196 1979 2250 animo

396 2296 452 2347 in
495 2291 917 2356 tentationibus,
947 2290 1169 2343 illorum
1202 2284 1721 2359 pusillanimitatem
1757 2286 1978 2339 interim

396 2383 743 2451 refocillavit,
795 2390 850 2439 et
881 2381 1175 2450 deinceps,
1233 2395 1358 2435 cum
1425 2378 1643 2433 abunde
1696 2391 1792 2433 eos
1836 2375 1980 2432 refe-

398 2477 587 2542 cisset,
620 2490 813 2531 rursus
839 2474 907 2529 de
939 2472 1263 2529 excellentia
1314 2470 1449 2527 Novi
1485 2468 1843 2536 Testamenti,
1876 2482 1982 2538 qua

398 2568 568 2623 Vetus
591 2573 905 2638 exsuperat,
935 2562 1145 2620 inducit
1177 2557 1827 2619 sermonem;Considera
1854 2575 1985 2616 vero

398 2657 522 2727 ejus
571 2657 917 2727 sapientiam.
959 2654 1214 2712 Ostendit
1266 2652 1652 2718 Melchisedec,
1710 2653 1806 2723 qui
1865 2660 1984 2707 erat

398 2756 563 2818 typus
614 2744 861 2816 Christi,‘
909 2744 1362 2801 excellentiorem
1416 2744 1730 2800 Abrahamo
1787 2741 1980 2797 fuisse.

397 2837 513 2894 Nisi
545 2837 693 2893 enim
719 2838 916 2893 fuisset
942 2836 1311 2907 prwstantior,
1349 2851 1459 2892 non
1496 2834 1872 2891 benedixisset
1909 2833 1981 2899 ei,

400 2946 502 2986 nec
548 2930 795 2987 decimas
837 2930 906 2984 ah
950 2944 1016 2984 eo
1068 2927 1398 2999 accepisset.
1430 2926 1702 2993 Quoniam
1745 2939 1874 2982 vero
1913 2925 1983 2980 ab

398 3023 710 3078 Ahrahamo
771 3021 1187 3076 deducebantur
1243 3018 1563 3075 sacerdotes
1622 3017 1780 3089 legis,
1844 3018 1982 3072 istos

401 3128 624 3183 quoque
665 3111 1026 3166 Melchisedec
1083 3109 1371 3179 praecellit,
1404 3117 1683 3180 quatenus
1740 3109 1880 3180 ipsis
1930 3116 1985 3163 ct

403 3204 700 3268 benedixit,
728 3216 793 3256 ac
822 3202 1072 3257 decimas
1096 3202 1163 3256 ab
1194 3202 1328 3272 ipsis
1364 3201 1596 3271 accepit,
1642 3200 1986 3271 quanquui-

290 3366 297 3373 Ι
403 3298 527 3350 dem
551 3304 604 3349 et
636 3291 971 3364 progenitori
1002 3306 1195 3347 eorum
1235 3291 1594 3356 benedixerit,
1639 3306 1702 3345 ac
1740 3289 1984 3346 decimas

405 3385 722 3457 sumpserit.
746 3381 903 3451 Quod
942 3385 989 3438 si
1021 3381 1195 3454 ﬁgura
1234 3382 1441 3438 Christi
1462 3382 1829 3439 Meleltisedec
1862 3394 1984 3438 tan-

405 3492 523 3536 tum
587 3478 805 3536 excellit
865 3476 1180 3539 sacerdotes
1215 3476 1373 3548 legis,
1415 3485 1624 3547 quanto
1673 3477 1857 3549 petius
1889 3493 1986 3533 ve-

404 3591 502 3629 rus
542 3570 902 3629 Melchisedcc
939 3568 1238 3626 Christus?
1280 3568 1408 3624 Haec
1450 3569 1671 3639 quidem
1724 3555 1828 3625 est.
1857 3585 1987 3627 sen-

409 3667 576 3721 lentia
609 3665 776 3720 totius
821 3663 951 3719 loci.
995 3663 1339 3720 Ahbrevians
1390 3671 1573 3718 autem
1614 3661 1988 3717 narrationem

407 3758 476 3811 de
520 3754 917 3820 lticlchisedec,
964 3752 1241 3809 suhinlert
1287 3753 1833 3824 contemplationem,
1875 3769 1990 3826 my-

408 3848 545 3902 stice
566 3832 1000 3917 etspiritualiter
1028 3844 1316 3901 historiam
1350 3846 1418 3903 ad
1452 3845 1769 3916 allegoriam
1796 3852 1983 3902 trans-

409 3936 613 3990 ferens.

486 4027 724 4082 Primum
786 4026 996 4096 quidem
1058 4042 1123 4080 ex
1160 4027 1592 4096 interpretatione
1640 4025 1841 4081 dicitur
1899 4042 1992 4081 rea:

400 4121 650 4190 justitiaz.
702 4117 956 4173 Declarat
1004 4118 1105 4191 hoc
1150 4117 1273 4172 loco
1325 4132 1564 4188 quanam
1609 4118 1823 4175 ratione
1862 4117 1995 4173 Mel-

411 4212 662 4267 chisedec
691 4211 763 4266 sit
784 4209 953 4281 figura
996 4207 1245 4265 Christi:
1288 4223 1355 4265 ac
1384 4209 1623 4280 primum
1667 4210 1891 4282 quidem
1924 4210 1995 4281 ab

2066 340 2197 391 τίων
2225 339 2335 393 τῶν
2371 340 2521 409 παρὰ
2558 337 2854 398 Ἰουδαίοις.
2905 335 3015 388 Καὶ
3067 333 3144 404 τῷ
3178 333 3401 404 τρόπῳ⁶
3435 331 3496 386 οὐ
3549 333 3659 404 γὰρ

2068 431 2210 485 κατὰ
2239 430 2337 501 τὴν
2367 429 2524 494 τάξιν
2575 429 2826 492 ἐκείνων,
2862 425 2999 480 ἀλλὰ
3028 426 3174 480 κατᾶ
3205 426 3305 496 τὴν
3328 425 3483 491 τάξιν
3510 425 3658 479 Malo

2066 522 2308 594 χισεδέκ.
2348 522 2456 576 Καὶ
2479 520 2559 574 τῶ
2588 520 2740 590 τόπῳ
2789 518 2886 572 καὶ
2930 518 2997 588 τῇ
3033 518 3205 587 σκηνῇ
3227 533 3239 545 ·
3279 516 3391 570 ἄνω
3421 511 3530 585 γὰρ
3564 515 3659 569 καὶ

2067 618 2126 671 ἐν
2151 616 2230 689 τῷ
2261 613 2497 687 οὐρανῷ.
2533 613 2645 667 Kal.
2689 615 2754 684 τῇ
2811 610 3058 682 Διαθήκῃ
3089 626 3102 639 ο
3140 608 3236 662 ἐπὶ
3278 608 3387 679 γὰρ
3444 607 3657 678 μείζοσι

2069 713 2164 764 καὶ⁵
2202 707 2586 777 τελειοτέροις,
2620 700 2718 759 καὶ
2764 703 2843 774 τῷ
2876 702 3094 775 μονίμῳ
3116 718 3129 732 ·
3162 698 3380 762 αἰώνιος
3410 700 3543 770 γὰρ,
3564 698 3661 752 καὶ

2068 803 2127 854 οὐ
2165 802 2503 873 πρόσκαιρος
2527 818 2542 832 ·
2585 802 2680 854 καὶ
2720 798 2798 869 τῷ
2833 796 3115 869 προσώπῳ
3144 809 3159 825 ⁸
3186 794 3314 858 Υίδς
3350 792 3459 865 γὰρ
3496 791 3659 848 Θεοῦ.

2076 894 2236 946 Ὥστε
2268 894 2343 964 μὴ
2374 892 2659 962 ἀθυμεῖτε.
2697 890 2884 945 Ταῦτα
2912 889 2969 942 δὲ
3020 888 3201 942 πάντα
3226 886 3317 940 διὰ
3353 885 3454 958 την
3470 886 3660 958 σάρκα

2077 983 2297 1055 εἴρηται
2325 999 2339 1015 ⁸
2368 982 2511 1037 κατὰ
2540 982 2650 1055 γὰρ
2682 979 2893 1052 ταύτην
2923 978 3140 1049 ἐγένετο
3155 978 3200 1009 ’⁸
3246 975 3585 1050 ’Δρχιερεύτμ

2155 1128 2205 1139 —.

2686 1259 2938 1313 ΚΕΦᾹΛ.
2965 1260 3041 1313 Z'.

2148 1349 2339 1421 Οὗτος
2381 1351 2493 1421 γὰρ
2553 1354 2586 1407 ὀ
2638 1348 3016 1420 Μελχισεδὲκ
3052 1350 3357 1417 ,βασιλεὺς
3426 1351 3660 1423 Σαλὴμ,

2076 1448 2268 1517 ἱερεὺς
2305 1446 2411 1502 τοῦ
2460 1444 2609 1501 Θεοῦ
2665 1443 2774 1500 τοῦ
2814 1445 3107 1512 ὑψίστου,
3171 1446 3205 1499 ὁ
3263 1446 3661 1515 συναντήσας

2089 1541 2335 1609 Ἀϐραὰμ
2363 1536 2812 1608 ὑποστρέφοντι
2842 1536 2961 1591 ἀπὸ
2978 1533 3088 1603 τῆς
3113 1535 3311 1605 κοπῆς
3330 1537 3447 1591 τῶν
3479 1539 3664 1603 βασι-

2003 1602 2049 1657 B
2076 1602 2253 1695 λέῶν,
2285 1602 2384 1684 καί
2426 1602 2783 1697 εὐλογῆσας
2807 1626 2994 1682 αὐτόν
3011 1602 3044 1656 ⁸7
3063 1615 3111 1693 ᾧ
3135 1628 3233 1681 καὶ
3261 1602 3531 1696 ’δεκάτην
3545 1630 3684 1701 άπὸ

2078 1722 2322 1777 πάντων
2354 1722 2642 1792 ἐμέρισεν
2674 1720 2957 1791 Ἀϐραάμ.
3000 1722 3209 1785 Σκότιος
3243 1721 3321 1793 τῷ
3379 1724 3665 1793 ἀποστόλῳ

2078 1815 2251 1879 δεῖξαι
2276 1813 2338 1867 τὸ
2368 1813 2625 1887 διάφορον
2654 1815 2751 1883 τῆς
2780 1813 3024 1877 Halani;
3050 1815 3144 1868 καὶ
3176 1813 3275 1884 τῆς
3300 1815 3509 1887 Καινῆς
3533 1829 3545 1840 ·
3570 1819 3663 1869 καὶ

2078 1908 2238 1961 τοῦτο
2266 1906 2427 1968 εὐθὺς
2452 1906 2548 1977 μὲν
2579 1906 2676 1959 καὶ
2710 1908 2768 1959 ὲν
2811 1906 3121 1977 προοιμίοις
3153 1906 3436 1974 ⁸⁸’ἕδειξεν
3468 1908 3663 1971 εἰπὼν,

2078 2001 2162 2053 ὅτι
2200 1998 2325 2065 Τοῖς
2349 1999 2468 2067 μὲν
2500 1997 2687 2052 πάλαι
2732 1998 3003 2067 ὡμίλησε
3050 1997 3150 2052 διὰ
3188 1997 3308 2052 τῶν
3351 1998 3589 2054 δούλων
3632 2005 3667 2054 ὁ

2062 2091 2243 2157 θεὸς,
2270 2088 2392 2143 τῶν
2448 2088 2799 2159 προφητῶν·
2834 2088 2980 2158 ἡμῖν
3008 2090 3078 2142 δὲ
3116 2091 3232 2152 τοῖς
3279 2092 3336 2144 ἐν
3367 2093 3434 2161 τῇ
3467 2092 3663 2160 Καινῇ,

2080 2186 2150 2237 ἐν
2175 2182 2255 2249 τῷ
2303 2181 2434 2248 Υιῷ.
2491 2181 2645 2235 Ἐπεὶ
2689 2181 2745 2235 δὲ
2797 2181 3042 2243 ἀσθενεῖς
3070 2176 3212 2250 ἦσαν
3258 2182 3307 2234 οἱ
3354 2181 3663 2243 ἀκούοντες,

2083 2276 2179 2330 ἅτε
2206 2274 2707 2345 ὀλιγοψυχήσαντες
2736 2273 2794 2325 ὲν
2827 2275 2940 2335 τοῖς
2966 2274 3315 2343 πειρασμοῖς,
3333 2274 3675 2342 ἀνεκτήσατο

2084 2368 2268 2422 αὐτῶν
2300 2367 2402 2439 τὴν
2432 2365 2790 2437 ὀλιγοψυχίαν
2837 2367 2894 2419 ἐν
2949 2365 3026 2435 τῷ
3076 2365 3304 2435 μεταξὺ,
3343 2364 3439 2419 καὶ
3484 2365 3671 2419 λοιπὸν

2088 2461 2226 2531 μετὰ
2256 2459 2317 2513 τὸ
2368 2457 2568 2521 ίκανῶς
2617 2459 2818 2520 αὐτοὺς
2868 2457 3306 2529 ἀνακτήσασθαι,
3366 2457 3528 2515 πάλιν
3577 2458 3673 2512 τὸν

2086 2549 2331 2624 περὶτοῦ
2371 2551 2663 2622 ὑπερέχειν
2689 2551 2790 2620 τὴν
2819 2549 3028 2622 Καινὴν
3054 2549 3153 2620 τῆς
3186 2548 3431 2613 Παλαιᾶς
3457 2549 3671 2617 εἰσάγει

2084 2636 2267 2708 λόγον.
2299 2643 2410 2695 Καὶ
2440 2642 2543 2712 δρα
2570 2641 2785 2709 σοφίαν.
2813 2642 3067 2695 Δείκνυσι
3099 2641 3190 2695 τὸν
3222 2640 3675 2711 Μελχισεδὲκ,”δς

2085 2735 2254 2798 τύπος
2290 2731 2358 2805 ἦν
2386 2733 2480 2787 τοῦ
2541 2732 2801 2804 Χριστοῦ,
2850 2733 3191 2805 ὑπερέχοντα
3235 2733 3329 2788 τοῦ
3393 2732 3669 2804 Ἀϐραάμ.

2088 2831 2150 2884 Εἰ
2211 2830 2287 2900 μὴ
2344 2827 2455 2901 γὰρ
2491 2829 2805 2900 ὑπερεῖχεν,
2855 2828 2955 2883 οὐκ
2987 2827 3056 2882 ἂν
3105 2827 3319 2897 εὐλόγει
3362 2825 3542 2894 αὐτὸν,
3580 2826 3673 2878 καὶ

2009 2924 2320 3010 ςδεκάτας
2379 2921 2476 2976 ἀπ’
2534 2921 2702 2975 αὐτοῦ
2762 2919 3093 2991 ἐλάμϐανεν.
3131 2920 3286 2975 Ἐπεὶ
3342 2919 3399 2974 δὲ
3445 2919 3673 2973 ἀπὸτοῦ

2099 3013 2352 3084 Ἀϐραὰμ
2383 3013 2684 3085 κατήγοντο
2710 3012 2760 3065 οἰ
2824 3013 3042 3081 νομικοὶ
3067 3012 3256 3082 ἱερεῖς,
3302 3009 3543 3081 δηλονότι
3574 3009 3675 3063 ttat

2084 3107 2289 3161 τούτων
2310 3104 2566 3176 ὑπερέχει
2589 3106 2618 3157 6
2668 3104 3029 3174 Μελχισεδὲκ,
3057 3103 3141 3168 ὡς
3160 3101 3259 3155 καὶ
3304 3102 3501 3164 αὐτοὺς
3523 3100 3677 3171 εὐλο-

2086 3188 2200 3258 γῶν
2259 3190 2354 3243 καὶ
2410 3191 2786 3255 ἁποδεκατῶν,
2824 3193 2880 3245 ἐν
2905 3185 2989 3256 οἷς
3015 3190 3105 3244 τὸν
3136 3189 3460 3261 προπάτορα
3493 3188 3675 3244 αὐτῶν

2087 3282 2300 3352 εὐλόγει
2326 3284 2421 3337 καὶ
2448 3283 2729 3338 ἐδεκάτου.
2771 3285 2833 3337 Εἰ
2873 3284 2928 3337 δὲ
2960 3284 2990 3336 6
3049 3284 3221 3347 τύπος
3263 3282 3360 3337 τοῦ
3388 3280 3626 3354 Χριστοῦ
3653 3283 3680 3335 6

2089 3374 2427 3445 Μελχισεδὲκ
2450 3375 2708 3431 τοσοῦτον
2747 3375 2995 3447 διαφέρει
3027 3375 3136 3429 τῶν
3182 3372 3424 3445 νομικῶν
3460 3374 3677 3444 ἱερέων,

2092 3466 2247 3536 πόσῳ
2281 3467 2483 3538 μᾶλλον
2513 3468 2541 3521 6
2573 3467 2830 3538 ἀληθινὸς
2858 3466 3193 3539 Μελχισεδὲκ
3222 3467 3250 3520 6
3281 3466 3513 3535 Χριστός
3540 3482 3554 3528 ;
3577 3460 3683 3518 Οὗ-

2088 3575 2182 3622 τος
2223 3558 2323 3629 μὲν
2351 3560 2379 3612 6
2407 3558 2533 3624 νοῦς
2575 3558 2725 3623 ἄπας
2757 3558 2852 3613 τοῦ
2891 3559 3117 3632 χωρίου.
3152 3555 3447 3628 Συντεμὼν
3470 3555 3540 3610 ,δὲ
3572 3555 3683 3608 τῶν

2091 3651 2223 3722 περὶ
2249 3650 2344 3704 τοῦ
2371 3650 2711 3722 Μελχισεδὲκ
2738 3650 3018 3722 διήγησιν,
3038 3649 3294 3721 ἐπιφέρει
3317 3649 3417 3721 τὴν
3445 3647 3683 3718 θεωρίαν

2095 3744 2374 3813 μυστικῶς
2424 3742 2520 3796 καὶ
2573 3739 2967 3813 πνευματικῶς
3028 3739 3350 3812 ἁλληγορῶν
3392 3739 3491 3810 τὴν
3540 3740 3683 3791 ἱστο-

2097 3836 2243 3906 ρίαν;

2094 4026 2105 4079 ζ
2165 4018 2409 4088 Πρῶτον
2440 4018 2558 4089 μὲν
2610 4018 3086 4089 ἑρμηνευόμενος
3124 4018 3427 4085 βασιλεὺς
3462 4018 3685 4074 δικαιο-

2096 4112 2315 4180 σύνης.
2350 4112 2643 4166 Δείκνυσιν
2670 4111 2908 4167 ἐνταῦθα
2953 4110 3075 4175 πῶς
3103 4114 3131 4166 6
3160 4112 3684 4182 Μελχισεδὲκτύπος

2097 4202 2190 4257 τοῦ
2225 4203 2487 4274 Χριστοῦ.
2522 4203 2633 4256 Ka‘t
2656 4203 2873 4273 πρῶτον
2906 4201 3001 4256 ἀπ’
3029 4202 3219 4269 αὐτοῦ,
3250 4205 3408 4274 φησί,
3440 4203 3534 4258 τοῦ
3561 4204 3681 4256 ὀνό-

412 4307 532 4375 ipso
561 4303 784 4359 nomine
809 4302 961 4358 disce
991 4310 1240 4359 exactam
1273 4302 1568 4357 rationem.
1596 4301 1792 4361 Melchi
1821 4303 1984 4368 enim,

2101 4311 2270 4366 ματος
2302 4294 2542 4365 μάνθανε
2570 4294 2670 4366 τὴν
2692 4294 3006 4365 ἀκρίϐειαν.
3023 4294 3201 4370 Μελχὶ
3224 4295 3324 4366 μὲν
3349 4295 3479 4366 γὰρ,
3495 4295 3683 4360 ,ϐασι-

414 4414 541 4460 rex;
585 4397 761 4453 Sedec
790 4396 1067 4465 justitiam
1104 4396 1268 4450 valet.
1308 4393 1444 4461 Quis
1482 4403 1665 4450 autem
1725 4395 1869 4451 alius
1914 4403 1999 4451 est

415 4505 508 4542 rex
528 4488 779 4557 justitiaa.
815 4493 1013 4554 praeter
1037 4483 1329 4551 Dominum
1352 4492 1603 4541 nostrum
1627 4484 1817 4542 Iesum
1842 4485 1999 4543 Chri-

416 4589 562 4635 stum
583 4577 607 4633 ?

484 4670 686 4724 Deinde
730 4675 904 4722 autem
945 4676 994 4723 et
1038 4681 1132 4720 rea:
1175 4664 1375 4731 Saiem,
1412 4668 1550 4738 quod
1578 4677 1659 4724 est
1687 4684 1782 4725 rea:
1822 4670 1992 4738 pacis.

414 4765 499 4819 Ab
529 4764 683 4818 nrhis
709 4759 952 4825 nomine,
993 4757 1192 4829 inquit,
1222 4758 1277 4814 id
1308 4760 1469 4815 etiam
1501 4760 1727 4831 planum
1759 4769 1862 4817 est.
1889 4762 1994 4817 Sa-

419 4856 525 4908 lem
564 4851 708 4905 enim
743 4863 927 4919 pacem
956 4846 1120 4913 valet,
1143 4848 1190 4904 si
1220 4849 1620 4919 interpreteris.
1648 4848 1785 4916 Quis
1808 4857 1995 4905 autem

417 4943 583 5017 692
620 4942 760 4997 alius
830 4939 984 5011 pacis
1041 4955 1133 4996 rex
1186 4948 1275 4996 est
1313 4950 1508 5011 praeter
1545 4938 1851 5008 Christum,
1905 4943 2001 5012 qui

417 5034 726 5109 paciﬁsavit
755 5048 817 5089 ea
842 5047 963 5104 quae
993 5042 1122 5087 sunt
1159 5033 1209 5086 in
1256 5031 1434 5097 cwlis,
1463 5038 1518 5086 et
1540 5045 1661 5100 quae
1691 5045 1862 5104 super
1889 5042 2001 5088 ter-

420 5127 582 5183 ram?
614 5123 756 5179 Nulli
798 5125 1113 5181 mortalium
1168 5122 1692 5192 convenit,juStitite
1736 5124 2001 5196 pacisque

421 5235 545 5276 esse
580 5232 778 5290 regem,
816 5228 1176 5289 praeterquam
1202 5216 1293 5270 uui
1326 5214 1571 5271 Christo.

411 5320 419 5391 ζ
498 5318 661 5374 Vens.
691 5317 746 5372 ὅ.
777 5316 902 5372 Sine
941 5326 1111 5385 patre,
1137 5313 1251 5367 sine
1282 5318 1472 5378 matre,
1513 5311 1625 5367 sine
1666 5304 1997 5384 genealogia.

2096 4388 2246 4451 λεὺς
2264 4403 2277 4417 ·
2305 4385 2469 4440 Σεδὲκ
2491 4386 2569 4451 δὲ,
2601 4386 2982 4454 δικαιοσύνη.
3000 4387 3097 4451 Τίς
3109 4387 3166 4441 δὲ
3192 4386 3350 4450 ἄλλος
3383 4387 3636 4457 βασιλεὺς
3662 4390 3680 4419 ⁸

2097 4476 2468 4548 δικαιοσύνης,
2494 4477 2610 4531 ἀλλ’
2642 4477 2675 4548 ἢ
2698 4478 2727 4528 6
2752 4477 2959 4548 Κύριος
2984 4478 3142 4549 ἡμῶν
3178 4478 3387 4548 Ἰησοῦς
3410 4478 3647 4548 Χριστός
3668 4495 3685 4544 ;

2173 4674 2418 4731 Ἔπειτα
2454 4674 2524 4729 δὲ
2556 4673 2654 4730 καί
2687 4674 2993 4742 βασιλεὺς
3018 4676 3259 4746 Σαλήμ·
3291 4677 3323 4731 ὃ
3355 4676 3487 4761 ἔστι
3511 4677 3691 4743 βασι·

2101 4766 2249 4833 λεὺς
2276 4765 2540 4836 εἰρήνης.
2596 4766 2708 4821 Καὶ
2761 4767 2870 4820 ἀπὸ
2919 4766 3020 4838 τῆς
3053 4766 3285 4833 πόλεως,
3332 4768 3488 4838 φησὶ,
3516 4767 3690 4822 ’τοῦτο

2105 4859 2285 4928 δῆλον.
2323 4859 2515 4930 Σαλήμ
2547 4859 2654 4930 γὰρ
2679 4854 3050 4930 ὲρμηνεῦεται·
3073 4858 3290 4931 εἰρήνη.
3320 4861 3418 4924 Τίς
3437 4858 3494 4913 δὲ
3526 4858 3689 4921 ἄλλος

2072 4942 2077 4953 ’
2110 4948 2360 5021 βασιλεὺς
2399 4951 2625 5022 εἰρήνης
2677 4952 2709 5022 ἢ
2742 4953 2770 5004 6
2804 4952 3060 5024 Χριστὸς,
3107 4953 3136 5006 6
3171 4951 3592 5021 εἰρηνοποιήσας
3620 4950 3689 5004 τὰ

2108 5043 2165 5098 ὲν
2196 5045 2308 5106 τοῖς
2340 5043 2593 5112 οὐρανοῖς
2622 5042 2715 5095 καὶ
2760 5044 2829 5096 τὰ
2855 5043 2952 5096 ἐπὶ
2982 5043 3083 5114 τῆς
3106 5043 3247 5114 γῆς;
3275 5043 3464 5098 Οὐδενί¹
3478 5040 3692 5113 ἀνθρώ-

2109 5152 2227 5188 πων
2253 5134 2484 5204 ἁρμόζει
2512 5134 2595 5197 τὸ,
2623 5134 2723 5203 τῆς
2753 5133 3100 5207 δικαιοσύνης
3136 5135 3231 5190 καὶ⁸
3275 5136 3500 5209 εἰρήνης
3527 5133 3691 5206 βασι-

2106 5227 2234 5290 λεὺς
2281 5229 2321 5291 ¹,
2354 5228 2402 5279 εἰ
2430 5226 2506 5298 μὴ
2530 5222 2679 5298 μόνῳ
2705 5226 2949 5299 Χριστῷ.

2183 5314 2474 5387 Ἀπάτωρ,
2525 5317 2786 5388 ἀμήτωρ,
2831 5318 3326 5395 ἀγενεαλόγητος.
3361 5318 3548 5392 Ἔχεις
3593 5317 3694 5373 καὶ

1774 5491 1981 5557 Variae
2025 5495 2372 5562 lectiones.

497 5599 543 5635 "
576 5598 795 5669 γέγονεν
821 5617 872 5657 ο.
950 5602 1097 5677 "ex
1127 5597 1429 5669 προοιμίων
1462 5612 1517 5654 0.
1598 5599 1614 5631 ³
1643 5591 1787 5654 εἶναι
1816 5596 2043 5669 βασιλέα
2075 5614 2130 5656 0.
