4014 6208
404 248 512 311 εει)

1144 243 1551 307 EXPOSITIO
1589 242 1672 304 IN
1712 241 1951 303 EPIST.
1993 292 1995 298 ι

2118 239 2508 315 HEBREQS.
2546 263 2609 271 -
2632 238 2786 297 car.
2824 236 2961 299 vn.

3549 238 3659 303 270

405 359 603 427 ἑτέραν
628 355 941 426 ὁμοιότητα.
966 355 1177 428 Ὥσπερ
1205 356 1314 430 γὰρ
1337 358 1367 411 6
1386 355 1726 428 Μελχισεδὲκ
1756 355 1988 426 ἀπάτωρ

2099 354 2269 408 Aliam
2284 350 2803 409 hicsimilitudinem
2820 351 3007 406 habes.
3034 348 3503 416 Quemadmodum
3520 356 3666 411 enim

405 448 528 501 ἐστὶ
550 445 645 499 καὶ
664 444 922 516 ἀμήτωρ,
949 444 1047 516 οὐχ
1066 445 1148 499 ὃτι
1176 446 1277 499 οὐκ
1303 439 1419 517 εἶχε
1453 443 1717 515 πατέραῆ
1751 442 1986 515 μητέρα,

405 531 523 607 εἶχε
557 535 667 605 γὰρ
690 535 784 589 καὶ
817 535 1001 600 αὐτὸς,
1030 536 1105 599 ώς
1136 531 1217 600 εἷς
1247 535 1356 591 τῶν
1398 536 1727 607 ἀνθρώπων,
1752 534 1867 587 ἀλλ’
1906 534 1989 587 ὃτι

404 630 507 682 οὐκ
539 620 938 697 ἐγενεαλογῆθη
980 626 1128 698 παρὰ
1153 630 1219 699 τῇ
1277 628 1491 698 Γραφῇ,
1513 626 1634 680 οὐδὲ
1666 628 1988 698 ἐμφαίνεται

404 718 579 787 ὄνομα
603 717 711 772 τῶν
748 717 946 784 γονέων
972 716 1135 771 αὑτοῦ
1169 734 1185 751 ο
1212 717 1355 771 οὕτω
1399 718 1494 771 καὶ
1524 717 1554 770 6
1583 717 1814 789 Χριστὸς
1847 717 1989 770 ἀπά-

403 827 524 880 τωρ
550 809 667 862 ἐστὶ
692 807 835 864 κατὰ
863 808 964 876 τὴν
1015 809 1167 862 κάτω
1196 807 1451 879 γέννησιν
1473 822 1486 836 ·
1544 809 1609 860 ὲκ
1657 809 1824 878 μόνης
1881 805 1990 876 γὰρ

402 901 506 970 τῆς
533 898 810 968 Παρθένου
860 897 1082 969 Μαρίας
1137 897 1403 971 ἐγεννήθη
1437 898 1500 951 τὸ
1559 898 1701 953 κατά
1761 897 1943 968 σάρκα
1971 912 1985 927 °

400 992 636 1063 ἀμήτωρ
669 990 727 1044 δὲ
756 988 899 1045 κατὰ
938 988 1036 1053 τὴν
1081 989 1194 1044 ἄνω
1222 990 1477 1063 γέννησιν
1508 1006 1521 1021 ·
1562 991 1632 1045 ὲκ
1674 991 1838 1061 μόνου
1879 988 1989 1059 γὰρ

402 1081 504 1134 τοῦ
531 1080 745 1155 Πατρὸς
799 1078 906 1150 πρὸ
964 1081 1184 1136 πάντων
1213 1080 1323 1135 τῶν
1357 1080 1574 1136 αίώνων
1610 1081 1865 1153 ἀρρήτως
1896 1081 1990 1133 καὶ

401 1176 776 1246 ἁνεπινοήτως
804 1179 1154 1245 γεγέννηται.
1200 1174 1363 1229 Ἀλλὰ
1412 1173 1508 1228 καὶ
1532 1172 1984 1243 ἀγενεαλόγητος.

408 1266 530 1334 Τὴν
555 1267 663 1337 γὰρ
688 1272 902 1336 γενεὰν
929 1266 1117 1322 αὺτοῦ
1152 1266 1242 1332 τίς
1264 1264 1653 1336 διηγήσεται;
1702 1264 1856 1317 Ἐπεὶ
1895 1264 1990 1317 καὶ

402 1361 431 1412 6
451 1357 568 1413 ἄνω
598 1360 868 1431 γεννήσας
917 1359 1131 1431 Πατὴρ,
1165 1360 1591 1432 ἀνερμήνευτος,
1627 1358 1722 1412 καὶ
1776 1356 1937 1420 αὐτὸς
1962 1358 1991 1410 6

403 1452 606 1521 τρόπος
637 1450 740 1521 τῆς
766 1453 1096 1522 γεννήσεως.
1154 1451 1266 1508 Καὶ
1312 1452 1346 1522 ἡ
1386 1442 1538 1507 κάτω
1588 1450 1645 1503 δὲ
1676 1450 1989 1522 γεννήσασα

403 1544 615 1614 μήτηρ,
640 1543 783 1615 λόγῳ
807 1545 907 1615 οὐχ
940 1544 1262 1609 ὑποπίπτει,
1295 1544 1439 1597 κατὰ
1461 1561 1524 1613 γε
1547 1542 1638 1597 τὸν
1661 1546 1861 1615 τρόπον
1888 1542 1989 1610 τῆς

400 1637 735 1706 γεννήσεως,
766 1622 901 1701 οἷον,
929 1637 1049 1699 πῶς
1097 1636 1355 1705 ἐγέννησε
1386 1634 1676 1706 παρθένος,
1720 1634 1835 1698 πῶς
1860 1636 1987 1689 ἄνευ

2090 443 2452 500 Melchisedec
2480 444 2601 499 sine
2620 450 2773 513 patre
2811 451 2893 497 est
2925 452 2977 498 et
3007 441 3126 497 sine
3154 448 3346 509 matre,
3374 458 3481 501 non
3521 448 3667 515 quod

2091 551 2201 591 non
2231 535 2485 591 habuerit
2530 542 2736 605 patrem
2787 546 2882 589 aut
2929 542 3181 599 matrem,
3232 535 3465 592 habebat
3517 538 3664 593 enim

2093 625 2229 694 ipse,
2265 623 2339 678 uti
2367 624 2677 678 mortalium
2708 640 2878 691 unus,
2906 622 3001 678 scd
3039 622 3167 694 quia
3195 626 3510 697 genealogia
3543 628 3666 696 ejus

2091 729 2198 770 non
2227 722 2408 769 exstat
2450 714 2505 768 in
2540 713 2841 785 Scriptura,
2876 730 3051 785 neque
3108 701 3390 786 parentum
3424 718 3545 789 ejus
3582 736 3673 773 nu-

2091 822 2215 862 men
2245 813 2473 877 apparet
2506 821 2521 860 :
2551 806 2696 861 hunc
2718 805 2786 862 ad
2805 809 3023 863 modum
3052 807 3339 864 :Christus
3383 808 3500 865 sine
3517 821 3673 882 patre

2091 902 2175 953 est
2204 895 2508 952 secundum
2568 895 2884 952 inferiorem
2932 898 3383 967 generationem:
3424 914 3490 955 ex
3555 904 3671 956 suta

2092 1004 2329 1062 namque
2367 987 2588 1061 Virgine
2641 989 2807 1046 Maria
2866 990 3083 1062 genitus
3132 1000 3241 1055 est,
3294 1001 3568 1060 quatenus
3604 996 3673 1048 ait

2091 1095 2313 1136 carnem
2342 1082 2577 1136 attinet:
2616 1080 2736 1136 sine
2776 1089 2949 1136 matre
3000 1092 3182 1137 autem
3233 1094 3315 1138 est
3368 1085 3670 1140 secundum

2092 1187 2383 1243 supernam
2434 1173 2817 1229 nativitatem:
2864 1188 2929 1229 ex
2965 1173 3083 1230 solo
3131 1174 3276 1229 enim
3333 1173 3492 1231 Patre
3546 1190 3672 1233 ante

2091 1263 2276 1318 omnia
2312 1263 2510 1319 sacula
2552 1263 2905 1319 ineﬂ‘abiliter
2953 1273 3008 1318 et
3041 1264 3671 1334 incomprehensibiliter

2089 1363 2381 1426 generatus
2414 1363 2517 1409 est.
2538 1352 2804 1409 Praeterea
2825 1355 3137 1426 genealogis
3158 1358 3320 1411 etiam
3343 1365 3513 1412 vacat.
3534 1359 3669 1412 Nam

2090 1449 2476 1517 generationem
2522 1446 2635 1516 ejus
2679 1448 2796 1517 quis
2838 1448 3154 1502 enarrabit?
3215 1448 3668 1521 Quandoquidem

2090 1548 2144 1592 et
2174 1540 2263 1610 qui
2296 1552 2534 1610 superne
2581 1539 2635 1593 in
2659 1541 2816 1594 cmlis
2839 1541 3025 1608 gemuit
3049 1556 3172 1594 eum
3196 1540 3375 1608 Pater,
3411 1545 3478 1599 sit
3505 1545 3667 1598 etiam

2094 1633 2521 1703 inexplicabilis,
2553 1640 2717 1700 atque
2746 1630 2881 1686 adeo
2913 1631 3024 1695 ipse
3052 1632 3247 1687 modus
3277 1635 3667 1703 generationis.

400 1727 635 1790 ὠδίνων,
666 1729 762 1781 καὶ
810 1727 880 1781 τὰ
907 1727 1153 1781 τοιαῦτα.
1212 1726 1270 1781 '0
1305 1729 1406 1797 μὲν
1440 1726 1534 1781 οὖν
1576 1727 1812 1798 Χριστὸς
1857 1728 1988 1796 ἀλη-

2099 1725 2262 1779 Porro
2301 1731 2355 1778 et
2380 1739 2503 1794 qua:
2537 1722 2747 1777 inferne
2798 1722 2852 1777 in
2891 1722 3053 1776 terris
3092 1738 3217 1777 eum
3249 1724 3460 1793 peperit
3497 1735 3671 1782 mater

404 1819 517 1883 θῶς
541 1820 635 1872 καὶ
663 1819 896 1892 ἀμήτωρ
919 1820 1012 1872 καὶ
1044 1821 1274 1889 ἀπάτωρ
1291 1820 1458 1874 ἐστίν.
1476 1818 1534 1873 Ὀ
1559 1818 1615 1872 δὲ
1651 1818 1987 1889 Μελχισεδὲκ

401 1911 636 1982 ἀπάτωρ
671 1914 767 1965 καὶ
797 1912 1053 1984 ἀμήτωρ,
1088 1910 1190 1964 οὐκ
1237 1909 1486 1981 ἀληθῶς
1539 1899 1855 1964 ἀνένδεκτον
1879 1905 1987 1980 γᾶρ

402 2002 595 2056 τοῦτο’
625 2001 762 2056 ἀλλὰ
788 2002 866 2073 τῷ
888 2005 963 2073 μὴ
995 2001 1333 2074 ὲμφέρεσθαι
1362 2005 1427 2073 τῇ
1455 2001 1645 2073 Γραφῇ
1664 2003 1789 2065 τοὺς
1819 1990 1983 2056 αὑτοῦ

402 2096 603 2162 γονεῖς,
637 2092 780 2148 ὥστε
813 2095 894 2159 τὸ,
934 2094 1431 2164 ἀγενεαλόγητος,
1496 2092 1689 2165 ὥσπερ
1737 2093 1985 2164 ἐφερμη-

2094 1816 2196 1870 sub
2228 1816 2495 1870 rationem
2528 1829 2635 1870 non
2660 1813 2805 1869 cadit
2842 1813 3144 1869 secundum
3178 1814 3401 1869 modum
3439 1831 3669 1888 genera-

2094 1909 2283 1975 tionis,
2326 1907 2587 1962 nimirum
2629 1907 2906 1977 quomodo
2944 1907 3098 1975 virgo
3135 1908 3360 1979 peperit,
3396 1911 3673 1979 quomodo

2093 1999 2213 2053 sine
2258 1997 2559 2063 doloribus,
2599 2012 2665 2052 ac
2720 1997 2941 2053 similia.
2976 1997 3232 2053 Christus
3277 2000 3443 2069 igitur
3480 2016 3672 2057 revera

2094 2087 2213 2143 sine
2252 2099 2405 2157 patre
2442 2102 2507 2143 ac
2546 2087 2664 2143 siue
2696 2096 2870 2142 matre
2897 2098 3015 2143 est:
3049 2087 3411 2146 Melchisedec
3451 2106 3582 2148 vero
3616 2103 3671 2147 et

405 2186 652 2239 νευτικόν
679 2188 800 2239 ἐστι
831 2182 949 2253 τοῦ,
985 2184 1229 2254 ἀπάτωρ
1267 2185 1365 2240 καί
1410 2182 1653 2255 ἀμήτωρ
1672 2198 1686 2213 ο
1705 2184 1869 2237 οίονεὶ
1899 2184 1987 2236 λέ-

2099 2179 2210 2233 sine
2252 2187 2405 2250 patre
2447 2186 2501 2234 et
2526 2178 2647 2235 sine
2706 2190 2878 2234 matre
2906 2219 2920 2244 ,
2966 2194 3074 2233 non
3119 2194 3305 2234 revera
3341 2181 3480 2248 (ﬁeri
3521 2184 3669 2236 enim

406 2294 593 2347 γοντος
612 2277 706 2331 τοῦ
750 2278 1078 2332 ’Δποστόλου
1098 2293 1111 2306 ·
1142 2274 1331 2340 Οὕτως
1358 2273 1511 2331 εἷπον
1533 2276 1626 2330 τὸν
1654 2274 1987 2344 Μελχισεδὲκ

2099 2270 2193 2325 hoc
2218 2286 2323 2324 non
2347 2270 2571 2341 potest),
2598 2269 2693 2325 sed
2721 2280 3269 2340 quatenusparentes
3292 2271 3412 2340 ejus
3439 2273 3491 2326 in
3520 2271 3671 2328 Scri-

404 2364 656 2441 ἁπάτορα
680 2371 775 2423 καὶ
812 2368 1180 2441 ἁμήτορα,ὡς
1194 2369 1647 2441 ἁγενεαλόγητον,
1676 2366 1768 2421 καὶ
1803 2364 1878 2428 ὡς
1909 2363 1984 2434 μὴ

2099 2373 2246 2430 plura
2282 2378 2390 2416 non
2424 2363 2828 2431 exprimuntur.
2885 2361 3066 2426 Quare
3102 2362 3248 2432 quod
3294 2364 3406 2417 ait:
3436 2364 3552 2418 sine
3579 2381 3672 2435 ge-

406 2459 878 2532 μνημονευθεξσης
907 2461 1003 2529 τῆς
1031 2460 1226 2529 γενεᾶς
1286 2458 1449 2512 αὑτοῦ
1484 2458 1635 2528 παρὰ
1667 2460 1732 2529 τῇ
1764 2456 1981 2526 Γραφῇ.

2099 2453 2353 2525 uealogia,
2388 2454 2550 2508 veluti
2575 2454 2964 2521 interpretatur
2994 2454 3124 2523 quid
3157 2456 3249 2520 sit,
3300 2457 3414 2510 sine
3438 2466 3589 2524 patre
3608 2474 3674 2511 ac

404 2556 517 2608 sine
545 2563 736 2619 matre,
768 2553 992 2625 perinde
1031 2552 1186 2623 quasi
1217 2551 1511 2622 Apostolus
1545 2550 1787 2607 diceret:
1813 2549 1964 2604 Hanc
1990 2548 2056 2605 ad
2077 2549 2344 2604 rationem
2368 2547 2481 2602 dixi
2509 2546 2871 2603 Melchisedec
2922 2556 3076 2615 patre
3130 2562 3196 2603 ac
3248 2557 3423 2605 matre
3475 2567 3673 2608 vacare

406 2650 552 2716 quod
590 2647 906 2720 genealogia
948 2647 1068 2718 ejus
1097 2647 1150 2701 in
1181 2643 1467 2715 Scriptura
1495 2659 1602 2701 non
1639 2645 2001 2715 exprimatur,
2031 2658 2131 2699 nec
2163 2641 2368 2698 mentio
2396 2641 2616 2713 generis
2640 2642 2764 2708 ejus
2804 2641 2858 2695 in
2891 2640 3178 2712 Scriptura
3210 2640 3322 2696 ﬂat.

473 2739 640 2805 Μήτε
667 2738 869 2807 ἀρχὴν
898 2735 1158 2808 ἡμερῶν,
1213 2736 1366 2810 μήτε
1391 2735 1543 2806 ζωῆς
1588 2734 1764 2804 τέλος
1790 2737 1948 2806 ἔχων
1968 2753 1982 2767 ο

2167 2734 2350 2806 Neque
2384 2735 2596 2788 initium
2631 2734 2862 2796 dierum,
2903 2750 3064 2804 neque
3099 2735 3224 2788 vita:
3251 2735 3410 2803 ﬁnem
3437 2736 3673 2800 habens;

406 2829 862 2900 ἀφωμοιωμένος
885 2827 955 2883 δὲ
991 2827 1073 2895 τῷ
1109 2826 1219 2895 Υίῷ
1237 2829 1347 2885 τοῦ
1379 2829 1550 2892 Θεοῦ,
1586 2827 1757 2899 μένει
1797 2828 1991 2896 ἱερεὺς

2099 2828 2430 2884 assimilatas
2450 2837 2624 2881 autem
2651 2824 2792 2880 Filio
2828 2826 2941 2892 Dei,
2974 2835 3153 2879 manet
3182 2827 3428 2882 sacerdos
3468 2830 3523 2881 in
3552 2844 3677 2897 per-

405 2923 502 2989 είς
537 2920 604 2976 τὸ
627 2920 921 2990 διηνεκές.
977 2921 1088 2976 Καὶ
1128 2919 1289 2976 τοῦτο
1337 2920 1483 2975 οὓτω
1541 2921 1755 2992 νοήσεις
1788 2919 1863 2983 ὡς
1898 2921 1995 2974 καὶ

2099 2932 2324 2990 petuum.
2358 2918 2469 2974 llee
2521 2922 2686 2975 etiam
2736 2918 2965 2989 perinde
3008 2918 3304 2989 intelliges,
3341 2929 3400 2974 ut
3448 2934 3677 2989 praeme-

408 3009 480 3064 τὰ
539 3010 938 3082 προειρημένα.
981 3010 1073 3074 Ὠς
1126 3010 1227 3082 μὲν
1275 3008 1385 3082 γὰρ
1440 3008 1749 3080 ἄνθρωπος,
1790 3004 1936 3080 εἶχεν
1967 3010 1995 3062 6

2099 3019 2327 3066 morata.
2347 3010 2630 3076 Quatenus
2648 3012 2793 3066 enim
2819 3009 2986 3065 homo
3008 3019 3149 3074 erat,
3180 3009 3415 3067 habebat
3444 3027 3675 3083 prorsus

409 3103 747 3174 Μελχισεδὲκ
806 3104 1025 3167 πάντως
1085 3107 1180 3156 καὶ
1217 3102 1399 3175 ἀρχὴν
1428 3101 1677 3175 ἡμερῶν,
1713 3103 1807 3157 καὶ
1844 3102 1995 3164 τέλος

2100 3100 2464 3157 Melchisedec
2510 3115 2634 3156 cum
2694 3103 3022 3174 principium
3075 3104 3313 3170 dierum,
3360 3112 3476 3160 tum
3511 3105 3674 3161 ﬁnem

411 3153 612 3265 ξξιζῆὲἶ
627 3153 779 3266 ὧν
802 3153 942 3249 ea
957 3153 1176 3266 ’ξμεὲξ
1202 3153 1495 3265 inﬂigit?
1519 3153 1809 3248 suae
1843 3153 1995 3261 ei“:

3080 3153 3313 3170 _---_---,
3362 3153 3476 3160 --π
3511 3153 3674 3161 _---..-

2104 3192 2263 3246 vitm:
2302 3207 2490 3249 verum
2526 3202 2800 3264 quatenus
2826 3210 2929 3251 nos
2959 3196 3241 3251 nescimus
3270 3197 3490 3265 quando
3514 3205 3678 3251 natus

414 3285 571 3356 νήθη,
610 3283 739 3339 οὔτε
772 3287 902 3340 πότε
933 3274 1310 3358 ἐτελεύτησεν,
1337 3284 1414 3351 ὡς
1438 3284 1578 3359 πρὸς
1606 3284 1707 3359 τὴν
1724 3285 1995 3360 ἡμετέραν

2099 3284 2173 3342 sit
2199 3295 2293 3340 aut
2316 3293 2594 3360 mortuus.
2632 3287 2778 3356 quod
2804 3288 3001 3342 attinet
3039 3285 3108 3341 ad
3135 3297 3382 3344 nostram
3403 3289 3679 3359 cognitio-

415 3376 641 3446 γνῶσιν,
665 3376 793 3433 οὔτε
815 3377 988 3453 ἀρχὴν
1010 3376 1146 3452 ἔχει,
1172 3380 1300 3435 οὕτε
1335 3378 1512 3444 τέλος.
1559 3378 1622 3432 '0
1656 3377 1842 3450 μέντοι
1866 3379 2001 3450 Χρι-

418 3469 541 3534 στὸς
573 3470 816 3539 ἀληθῶς,
885 3471 983 3526 ατε
1044 3472 1200 3538 Θεὸς,
1226 3471 1353 3526 οὔτε
1379 3472 1555 3544 ἄρχην
1589 3469 1816 3542 ἡμερῶν
1847 3468 1961 3540 ἔχει
1980 3482 1995 3499 ⁸

419 3560 652 3633 ἄναρχος
677 3561 789 3632 γὰρ
814 3563 956 3617 κατὰ
984 3563 1083 3634 τὴν
1116 3563 1223 3617 ἀπὸ
1264 3564 1457 3635 χρόνου
1488 3563 1685 3635 ἀρχὴν,
1711 3564 1759 3617 εί
1788 3564 1881 3617 καὶ
1907 3563 1999 3617 τὸν

418 3652 637 3725 Πατέρα
664 3650 779 3725 ἔχει
806 3652 982 3725 ἀρχὴν
1009 3654 1085 3717 ώς
1112 3654 1283 3707 αίτιον
1313 3670 1325 3684 ·
1355 3652 1481 3707 οὔτε
1531 3655 1687 3718 τέλος
1717 3671 1733 3687 ·
1778 3653 2000 3708 ἀτελεύ-

416 3761 578 3816 τητος
605 3746 718 3818 γάρ
740 3763 752 3777 ο
784 3747 845 3800 τὸ
874 3746 932 3800 δὲ
964 3745 1187 3817 σύμπαν
1210 3746 1406 3811 εἰπεῖν,
1442 3745 1635 3810 ἀίδιος.
1681 3744 1790 3799 Ποῦ
1819 3745 2000 3800 τοίνυν

418 3839 467 3892 oi
505 3838 814 3909 'Apstavci;
859 3838 1235 3893 Ἀκουέτωσαν
1297 3840 1381 3894 ὅτι
1428 3841 1456 3892 6
1486 3839 1614 3904 Υίδς
1643 3841 1663 3871 ²
1693 3839 1870 3910 ἀρχὴν
1897 3839 1999 3892 οὐκ

420 3929 558 4002 εχει.
592 3930 787 3994 Οὕτως
819 3926 912 3994 οὖν
939 3931 1155 3985 δίδωσιν
1181 3932 1314 4002 ἡμῖν
1342 3933 1370 3985 6
1394 3930 1606 3995 Παῦλος
1638 3930 1786 3984 λύειν
1819 3930 1839 3962 ³
1858 3945 1873 3959 ·
1904 3932 2001 3984 καὶ

420 4022 556 4094 ὅπερ
584 4022 652 4078 ἂν
689 4023 993 4096 ἀπορήσειὲ
1052 4039 1156 4089 τις,
1201 4022 1318 4088 πῶς
1372 4022 1655 4094 όΧριστὸς
1703 4021 1877 4093 ἱερεὺς
1919 4022 2001 4085 είς

422 4115 513 4169 τὸν
555 4115 734 4171 αίῶνα
784 4115 926 4170 κατὰ
958 4115 1059 4188 τὴν
1107 4112 1261 4180 τάξιν
1312 4113 1670 4184 Μελχισεδὲκ,
1714 4112 1847 4168 ὅπου
1875 4130 1938 4182 γε
1970 4113 1999 4166 6

421 4205 760 4276 Μελχισεδὲκ
816 4204 1140 4277 ἐτεθνήκει,
1198 4204 1294 4258 καὶ
1343 4203 1442 4257 οὐκ
1509 4204 1729 4273 ἐγένετο
1780 4205 1859 4268 είς
1909 4206 2001 4258 τὸν

423 4298 597 4352 αἰῶνα
638 4297 841 4369 ἱερεύς.
878 4296 1131 4368 Λύσομεν
1157 4294 1267 4368 γὰρ
1318 4293 1588 4360 ἐντεῦθεν,
1632 4296 1790 4348 τοῦτο
1811 4295 2000 4364 λέγον-

427 4400 543 4457 τες,
580 4389 665 4442 ὅτι
693 4391 723 4442 6
751 4388 852 4460 μὲν
882 4388 1117 4460 Χριστὸς
1147 4386 1364 4451 αἰώνιος
1393 4384 1469 4440 ῶν
1499 4388 1592 4441 καὶ
1618 4386 1998 4458 ἀτελεύτητος,

2100 3394 2248 3444 nem,
2279 3393 2458 3450 neque
2483 3380 2816 3450 principium
2880 3395 3054 3450 neque
3089 3380 3252 3436 tinem
3284 3381 3471 3437 habet.
3509 3364 3677 3437 Cliri-

2101 3480 2220 3527 stus
2249 3478 2435 3527 tamen
2459 3486 2668 3538 revera,
2706 3482 2765 3528 ut
2799 3473 2967 3541 Deus,
3001 3488 3181 3544 neque
3213 3473 3430 3530 initium
3464 3474 3680 3531 dierum

2102 3561 2301 3617 habet:
2337 3562 2612 3632 principio
2641 3562 2788 3619 enim
2811 3571 2982 3630 caret,
3006 3563 3163 3635 juxta
3181 3565 3507 3636 principium
3532 3566 3679 3637 quod

2099 3667 2130 3706 a
2165 3662 2409 3723 tempore
2445 3654 2668 3722 dicitur,
2700 3655 2914 3711 etiamsi
2962 3653 3179 3712 Patrem
3231 3656 3430 3712 habeat
3471 3657 3679 3727 princi-

2100 3743 2249 3813 pium
2297 3751 2556 3814 tanquam
2597 3760 2818 3802 causam
2857 3762 2872 3801 :
2912 3761 3087 3818 neque
3123 3745 3320 3802 ﬁnem:
3352 3748 3682 3804 immortalis

2099 3834 2244 3891 enim
2273 3844 2378 3902 est,
2411 3845 2571 3907 atque
2610 3845 2670 3892 ut
2706 3839 3023 3893 summatim
3060 3838 3263 3906 dicam,
3287 3841 3678 3911 sempiternus.

2103 3924 2205 3982 Ubi
2233 3937 2363 3984 sunt
2392 3927 2557 3998 igitur
2586 3928 2812 3984 Ariani?
2841 3929 3082 3985 Audiant
3118 3929 3315 3986 Filium
3349 3933 3679 4003 principium

2101 4034 2214 4074 non
2244 4020 2468 4077 habere.
2494 4020 2648 4076 lianc
2667 4021 2734 4077 ad
2760 4022 3029 4078 rationem
3056 4022 3261 4078 Paulus
3287 4037 3390 4079 nos
3418 4024 3677 4089 instituit,

2101 4110 2376 4183 quomodo
2410 4111 2559 4169 istud
2592 4113 2666 4170 sit
2694 4112 3013 4169 diluendum
3049 4131 3064 4167 :
3106 4123 3271 4185 atque
3303 4114 3468 4177 etiam
3499 4115 3679 4171 sicubi

2101 4205 2302 4277 aliquis
2341 4206 2722 4275 dubitaverit,
2775 4207 3050 4279 quomodo
3098 4207 3354 4266 Christus
3420 4210 3678 4268 sacerdos

2103 4297 2175 4353 sit
2215 4299 2269 4352 in
2317 4308 2581 4356 αξιοι-ηοω
2643 4300 2944 4357 secundum
3002 4299 3251 4357 ordinem
3294 4299 3677 4368 Melchisedec.

2101 4387 2548 4460 quandoquidem
2576 4390 2936 4449 Melchisedec
2965 4402 3210 4447 mortuus
3240 4400 3344 4461 est,
3376 4407 3478 4450 nec
3498 4393 3679 4451 factus

424 4480 511 4533 ἀεί
562 4482 716 4535 ἐστιν
773 4480 953 4551 ἱερεὺς
994 4480 1062 4550 τῇ
1111 4476 1361 4549 ἀληθείᾳ.
1425 4477 1535 4548 καὶ
1594 4476 1692 4531 νῦν
1750 4478 1850 4547 μὲν
1891 4478 1995 4548 γὰρ

2105 4488 2190 4536 est
2215 4484 2472 4538 sacerdos
2497 4484 2552 4540 in
2578 4485 2992 4557 sempiternum.
3016 4484 3180 4557 693
3214 4486 3495 4542 Diluemus
3516 4488 3682 4559 igitur

422 4568 686 4627 ἑκάστοτε
729 4571 922 4627 ἑαυτὸν
953 4571 1093 4638 ὑπὲρ
1116 4569 1273 4642 ἡμῶν
1313 4569 1648 4642 προσφέρειν
1687 4570 2002 4624 πιστεύεται

421 4664 510 4718 διῆ
536 4663 648 4719 τῶν
684 4661 1016 4734 λειτουργῶν
1048 4660 1236 4727 αὐτοῦ,
1266 4661 1440 4727 ἄλλως
1480 4679 1541 4715 τε
1582 4662 1674 4716 καὶ
1701 4663 1776 4725 ώς
1812 4663 2004 4731 ἐντυγ-

399 4753 607 4825 ’χάνων
634 4753 716 4824 τῷ
746 4753 923 4825 Πατρὶ
956 4751 1098 4825 ὑπὲρ
1121 4754 1154 4823 ή
1164 4752 1281 4824 μῶν
1309 4769 1323 4785 ο
1351 4753 1444 4806 καὶ
1462 4752 1585 4805 τότε
1618 4752 1672 4806 δὲ
1715 4753 1785 4807 τὰ
1810 4753 2007 4806 τελεώ-

424 4860 563 4915 τερα
609 4845 959 4914 ἱερουργήσει
1018 4845 1151 4915 ήμίν
1194 4842 1288 4898 καὶ
1345 4843 1746 4917 μυστικώτερα,
1812 4843 2004 4899 ἑαυτὸν

426 4938 559 5008 ἡμῖν
605 4937 688 4999 είς
719 4936 925 5006 βρῶσιν
954 4936 1048 4989 καὶ
1095 4936 1255 4990 πόσιν
1314 4935 1592 5007 προτιθεὶς
1646 4937 1849 5001 καινῶς
1909 4937 2004 4991 καὶ

425 5028 570 5099 ὑπὲρ
595 5029 778 5081 πᾶσαν
806 5025 1012 5096 νόησιν.
1047 5025 1105 5080 Ὀ
1155 5024 1213 5078 δὲ
1263 5024 1599 5099 ῌελχισεδὲκ
1647 5026 2005 5099 ἀτελεύτητον

421 5094 643 5192 λέγεται
666 5120 812 5191 ἔχειν
831 5094 929 5190 την
962 5094 1500 5191 ίερωσύηνλύγήὸτ,
1538 5120 1604 5192 ζῇ
1632 5120 1750 5174 ἀεί·
1783 5094 2007 5193 hee-vf].

424 5236 514 5275 κει
539 5216 649 5286 γάρ
676 5230 692 5245 ο
735 5211 873 5267 ἀλλὰ
922 5217 1061 5270 καθὸ
1114 5218 1218 5271 οὐκ
1278 5214 1581 5284 ἐμφέρεται
1617 5215 1684 5287 τῇ
1730 5215 1920 5289 Γραφῇ
1946 5218 2008 5272 τὸ

425 5310 578 5374 τέλος
607 5308 800 5373 αὑτοῦ,
828 5310 895 5363 ἶν’
931 5307 1183 5362 ἐντεῦθεν
1205 5306 1424 5379 ἔχοιμεν
1456 5305 1768 5376 γινώσκειν,
1798 5308 1925 5362 πότε
1966 5309 2000 5378 ἡ

430 5399 699 5473 ιερωσύνη
731 5397 898 5453 αὑτοῦ
918 5397 1215 5453 ἐπαύσατο.
1257 5398 1469 5469 Ὥσπερ
1518 5391 1612 5450 οὖν
1661 5396 1757 5449 καὶ
1797 5398 1853 5449 ὲν
1890 5400 2002 5461 τοῖς

2111 4573 2259 4642 hinc,
2288 4575 2557 4643 dicentes,
2593 4577 2897 4644 Christum,
2948 4592 3074 4633 cum
3121 4587 3359 4637 aeternus
3390 4579 3464 4635 sit
3492 4587 3546 4635 et
3578 4581 3685 4637 im-

2108 4668 2379 4736 mortalis,
2420 4684 2613 4726 revera
2653 4686 2872 4743 semper
2900 4686 3022 4729 esse
3058 4673 3427 4729 sacerdotem.
3460 4672 3595 4728 Nam
3626 4683 3683 4732 et

2108 4774 2255 4814 nunc
2296 4760 2516 4830 quidem
2554 4777 2769 4834 semper
2786 4770 2844 4818 et
2874 4764 3077 4834 ubique
3115 4764 3359 4834 seipsum
3392 4780 3493 4835 pro
3521 4766 3684 4822 nobis

2106 4849 2303 4908 oﬁ‘erre
2332 4852 2577 4908 creditur
2618 4867 2718 4923 per
2752 4854 3035 4911 ministros
3057 4871 3210 4918 suos.
3231 4858 3531 4925 praesertim
3553 4873 3681 4913 cum

2109 4946 2251 5018 apud
2286 4946 2501 5006 Patrem
2552 4962 2653 5020 pro
2701 4949 2859 5004 nobis
2891 4950 3215 5008 intercedit:
3243 4960 3359 5007 tum
3393 4967 3521 5009 vero
3556 4969 3682 5024 per-

2111 5036 2345 5094 fectiora
2384 5046 2439 5094 et
2461 5040 2636 5112 magis
2652 5038 2883 5109 mystica
2921 5054 3076 5095 sacra
3105 5056 3207 5112 pro
3236 5042 3395 5097 nobis
3418 5042 3679 5117 perﬁciet,

2113 5128 2353 5198 seipsum
2383 5128 2544 5184 nobis
2582 5129 2639 5184 in
2672 5127 2855 5183 cibum
2889 5135 2945 5185 et
2962 5135 3151 5199 potum
3186 5142 3516 5200 proponens,
3541 5144 3684 5183 novo

2114 5218 2350 5286 quodam
2370 5219 2532 5275 modo
2565 5233 2785 5276 omnem
2813 5218 3019 5292 ingenii
3048 5228 3270 5292 captum
3293 5228 3679 5287 exsuperante.

2110 5309 2472 5368 Melchisedec
2515 5324 2695 5369 autem
2743 5322 3011 5369 aeternum
3067 5313 3269 5367 habere
3317 5308 3682 5367 sacerdotium

2110 5402 2339 5469 dicitur,
2360 5417 2468 5460 non
2498 5405 2646 5477 quod
2670 5405 2818 5463 vivat
2842 5419 3077 5476 semper,
3111 5407 3359 5456 mortuus
3388 5400 3535 5456 enim
3564 5411 3650 5458 est

1794 5578 1993 5641 Varia:
2020 5578 2348 5643 lectiones.

501 5676 525 5709 '
551 5677 791 5747 Χριστός
823 5692 878 5734 o.
922 5698 923 5701 η
954 5678 975 5710 ³
1004 5676 1185 5746 λέγειν
1223 5691 1276 5732 o.
