4014 6208
319 147 421 215 οτι
1252 147 1824 207 TllEOl’llYLAC'l‘l
1874 149 2121 209 BULGA
2135 153 2177 209 ll
2193 154 2209 209 l
2223 151 2283 209 ,Ε
2327 153 2685 213 ARCIIIEP.
3473 140 3582 204 2ῖὲ

317 246 505 315 rerum
552 262 678 330 quia
728 275 835 315 non
890 262 1121 317 traditur
1155 263 1209 315 in
1246 260 1534 329 Scriptura
1593 258 1716 312 linis
1750 257 1892 325 ejus,

2005 261 2287 330 ὀνόμασιν,
2324 263 2412 315 ἐπ’
2436 264 2649 316 ἐκείνου
2701 261 2802 331 μὲν
2858 256 3221 330 προσηγορίαι
3254 254 3414 326 μόναι
3446 249 3586 327 ἦσαν

318 362 377 405 ut
418 353 539 405 inde
572 351 846 421 possimus
878 368 1211 423 cognoscere
1254 350 1474 420 quando
1526 350 1892 405 sacerdOtium

2005 353 2086 416 τὸ,
2149 352 2505 422 Μελχισεδὲκ,
2567 352 2661 405 καὶ
2720 350 3090 421 τὸ,βασιλεῦς
3138 348 3352 419 Σαλὴμ,
3412 347 3505 399 ἐπὶ
3530 348 3585 399 δὲ

317 448 437 512 ejus
475 447 789 498 cessaverit.
826 441 1291 508 Quemadmodum
1350 441 1515 511 igitur
1557 441 1783 495 nomina
1838 442 1892 496 in

2005 443 2245 513 Χριστοῦ
2286 446 2632 515 πραγμάτων
2688 443 2918 515 ἀλήθεια
2945 460 2959 474 ο
3012 441 3158 496 οὓτω
3190 441 3287 495 καὶ
3336 440 3420 506 τὸ,
3450 440 3585 511 μήτε

319 538 411 590 illo
459 552 591 590 sane
628 536 759 590 solre
802 534 1197 604 appellationes
1230 531 1473 597 fuerunt,
1533 531 1892 589 Melchisedec

2002 535 2178 605 ἀρχὴν
2206 534 2351 606 ἔχειν
2381 537 2519 607 μήτε
2562 535 2737 600 τέλος,
2771 536 2859 589 ἐπ’
2891 535 3101 588 ἐκείνου
3133 532 3255 605 μὲν,
3286 532 3375 587 διὰ
3408 534 3469 583 τδ
3512 532 3587 602 μὴ

318 640 373 681 ct
414 643 505 681 rex
540 627 747 690 Saletn,
779 626 834 680 in
866 626 1088 680 Christo
1126 632 1307 678 autem
1333 639 1516 680 rerum
1540 627 1774 683 veritas:
1814 627 1892 681 sic

2002 627 2332 698 γεγράφθαι,
2374 629 2544 693 τύπος
2578 629 2686 702 γὰρ
2719 623 2788 700 ῆν
2816 643 2829 658 ⁸
2855 627 2950 680 ἐπὶ
2973 625 3032 681 δὲ
3052 624 3293 696 Χριστοῦ
3320 625 3444 678 κατ’
3465 624 3587 693 ἀλή-

316 732 369 775 et
410 721 554 790 quod
605 736 780 790 neque
813 720 1141 790 principium
1184 736 1361 790 neque
1415 719 1575 776 linem
1618 721 1892 788 imbuerit,

2003 720 2175 772 θειαν.
2207 720 2268 774 Ei
2298 721 2408 792 γὰρ
2436 720 2714 791 πανταχοῦ
2772 720 2998 789 ἔμελλεν
3042 714 3185 774 εἶναι
3227 718 3261 788 ἠ
3308 717 3587 788 ὁμοιότης,

317 814 371 865 in
398 813 487 866 illo
517 811 757 876 quidem,
784 813 910 881 quia
946 812 1121 867 sacris
1153 810 1378 867 Litteris
1416 826 1525 867 non
1558 821 1703 868 esset
1734 816 1901 869 inser-

317 916 453 969 tmu,
492 912 653 973 typus
683 912 832 955 erat:
872 902 925 956 in
962 902 1186 959 Christo
1216 911 1423 969 autem,
1462 904 1764 960 secundum
1805 920 1899 959 ve-

316 996 552 1046 ritatem.
600 991 654 1045 Si
698 992 842 1046 enim
877 992 1120 1063 undique
1170 992 1353 1048 futura
1406 1001 1525 1048 erat
1565 993 1894 1060 similitudo,

315 1104 424 1142 non
454 1089 564 1158 jam
598 1088 766 1155 figura
791 1099 975 1141 essent
999 1102 1061 1142 ac
1091 1089 1314 1150 veritas,
1340 1102 1523 1142 verum
1547 1097 1641 1141 aut
1670 1097 1899 1157 utraque

317 1194 497 1252 typus,
530 1189 624 1234 aut
670 1190 901 1249 utraque
930 1181 1153 1235 veritas.
1201 1180 1391 1234 Nonne
1440 1191 1622 1234 autem
1681 1191 1737 1234 et
1791 1185 1896 1235 hoc

316 1274 368 1323 iu
435 1271 770 1340 imaginibus
804 1271 1137 1326 ‘cernimus?
1178 1270 1391 1326 Etenim
1441 1273 1529 1327 hic
1579 1273 1890 1328 umbratilis

315 1363 530 1431 pictura
563 1361 631 1415 ad
663 1361 962 1432 perfectam
991 1361 1102 1429 jam
1136 1361 1431 1431 imaginem
1473 1361 1893 1417 similitudinem

313 1454 606 1523 quamdam
670 1454 855 1519 habet,
896 1460 1168 1523 quatenus
1205 1452 1584 1508 characterem
1632 1452 1754 1522 ejus
1800 1468 1896 1522 per

2003 812 2187 866 οὐκέτι
2216 812 2386 877 τύπος
2415 814 2481 867 ἂν
2507 809 2574 885 ἦν
2625 813 2718 867 καὶ
2771 812 3024 884 ἀλήθεια,
3081 811 3198 865 ἀλλ’
3229 810 3263 881 ἣ
3302 809 3591 880 ἀμφότερα

2004 902 2196 968 τύπος,
2251 902 2285 972 ἢ
2345 903 2634 973 ἀμφότερα
2683 902 2933 973 ἀλήθεια.
2978 901 3047 953 Ἦ
3078 900 3201 971 οὐχὶ
3239 898 3333 953 καὶ
3363 897 3590 951 ἐπὶτῶν

2006 996 2217 1049 ἐκείνου
2248 994 2476 1049 εῐκόνων
2499 994 2656 1048 τοῦτο
2672 993 3018 1065 θεωροῦμεν;
3048 990 3159 1044 Καὶ
3179 990 3288 1061 γὰρ
3310 987 3591 1042 κάνταῦθα

2005 1088 2039 1155 ἡ
2069 1084 2412 1156 σκιαγραφία
2443 1084 2581 1152 πρὸς
2602 1083 2704 1152 τὴν
2746 1081 3205 1136 ἀποτελεσθεῖσαν
3256 1079 3359 1150 ῆδη
3406 1078 3590 1130 εἰκόνα

2005 1179 2120 1248 ἔχει
2161 1179 2256 1233 καὶ
2288 1178 2473 1247 ὅμοιόν
2495 1194 2568 1242 τι,
2602 1177 2738 1230 καθδ
2772 1177 3043 1231 ἀποτυποῖ
3064 1174 3153 1228 διὰ
3179 1172 3290 1226 τῶν
3311 1171 3590 1242 γραμμῶν

2006 1267 2268 1339 ἀμυδρῶς
2293 1270 2387 1321 τὸν
2416 1270 2781 1347 χαρακτῆρα⁸
2812 1267 2925 1338 ἔχει
2955 1267 3050 1319 καὶ
3085 1264 3361 1347 ἀνόμοιον,
3390 1263 3524 1317 καθὸ
3554 1266 3589 1334 ἡ

2005 1360 2172 1414 εἰκὼν
2208 1361 2296 1414 διὰ
2324 1361 2433 1416 τῶν
2490 1345 2820 1432 χρωμάτων,
2866 1345 3262 1429 ἐναργέστερον
3288 1356 3383 1411 καὶ
3420 1359 3589 1422 ἐκφα-

2009 1454 2265 1524 νέστερον
2289 1454 2380 1507 τὸν
2406 1451 2737 1525 χαρακτῆρα
2765 1449 3001 1516 ἐδέξατο.

314 1544 493 1599 lineas
529 1543 765 1597 obscure
813 1543 1084 1597 denotat:
1124 1540 1287 1595 habet
1320 1553 1372 1596 et
1396 1541 1926 1609 dissimilitudinem,
1984 1554 2258 1613 quatenus
2307 1545 2486 1616 imago
2544 1558 2642 1615 per
2714 1543 2932 1600 colores
3000 1542 3172 1612 magis
3232 1540 3583 1613 perspicuam

315 1653 528 1692 necnon
564 1636 959 1692 cvidentiorem
995 1633 1225 1689 formam
1260 1637 1525 1706 suscepit.

386 1731 554 1788 Vsus.
587 1733 640 1786 4.
680 1730 971 1785 Intuemini
1003 1741 1178 1783 autem
1207 1741 1438 1800 quantus
1468 1733 1537 1785 sit
1578 1733 1703 1796 iste,
1732 1735 1816 1786 cui
1840 1743 1888 1787 et

2071 1731 2350 1799 Θεωρεῖτε
2403 1728 2472 1784 δὲ
2518 1730 2777 1798 πηλίκος
2825 1723 3039 1793 οὗτος,
3089 1720 3137 1794 ᾧ
3178 1726 3277 1780 καὶ
3322 1698 3611 1793 δεκάτην.

314 1828 554 1880 decimas
589 1823 734 1877 dedit
758 1823 822 1876 de
856 1823 1042 1891 spoliis
1074 1821 1345 1875 Abraham
1374 1824 1706 1892 patriarcha.
1730 1823 1891 1880 Post-

313 1933 545 1988 eaquam
610 1917 834 1980 liguram
910 1915 1123 1970 veritati
1192 1915 1580 1985 adoptaverat,
1642 1916 1725 1970 vel
1773 1933 1896 1985 qua:

315 2022 442 2064 sunt
473 2008 861 2073 Melchisedee,
902 2007 1124 2063 Christo
1146 2048 1159 2072 ,
1208 2009 1551 2064 conﬁdenter
1596 2009 1707 2077 jam
1734 2011 1893 2065 dein-

314 2118 444 2173 ceps
474 2104 838 2169 demonstrat,
889 2113 1073 2171 typum
1119 2101 1323 2172 ipsum,
1356 2104 1461 2156 hoc
1498 2112 1581 2157 est
1613 2102 1896 2159 Melchise-

314 2197 435 2259 dec,
476 2195 609 2266 ipsis
642 2194 782 2264 apud
838 2191 1058 2248 Judaeos
1097 2194 1241 2249 veris
1290 2196 1676 2251 sacerdOtibus
1709 2196 1893 2265 splen-

313 2287 583 2341 didiorem
613 2300 736 2341 esse
766 2303 779 2339 :
819 2300 918 2340 nec
950 2287 1082 2356 ipsis
1129 2288 1284 2352 solis,
1340 2304 1528 2344 verum
1582 2289 1746 2345 etiam
1778 2290 1896 2359 ipso

314 2378 644 2450 patriarcha.
704 2377 759 2433 Si
805 2389 987 2433 autem
1024 2387 1208 2451 typus,
1255 2380 1429 2452 multo
1488 2382 1673 2452 potius
1728 2398 1894 2439 verus

316 2449 564 2524 Pontifex
596 2469 852 2525 Christus
885 2469 1005 2524 istis
1031 2449 1137 2525 erit
1170 2449 1537 2539 prwstantior.
1580 2470 1771 2527 Videte
1799 2473 1895 2541 igi-

312 2573 423 2625 tur,
459 2561 656 2631 inquit,
710 2569 955 2629 quantus
983 2562 1057 2618 sit
1092 2561 1218 2627 iste,
1253 2572 1308 2617 et
1344 2570 1610 2633 quantum
1638 2564 1889 2626 excellat,

313 2652 403 2703 cui
438 2649 582 2705 dona
612 2650 898 2718 offerebat,
931 2666 1038 2705 non
1072 2652 1314 2724 vulgaris
1363 2661 1512 2709 certe
1569 2655 1753 2716 homo,
1795 2651 1890 2708 sed

315 2742 590 2798 Abraham
644 2742 772 2797 talis
826 2751 1120 2815 tantusque
1179 2744 1493 2815 patriarcha
1536 2761 1551 2800 :
1592 2760 1700 2800 non
1747 2745 1891 2799 enim

313 2836 455 2888 citra
515 2834 814 2900 rationem,
871 2831 1212 2901 l’atriarcha,
1269 2837 1547 2906 apposuit,
1600 2851 1787 2891 verum
1835 2844 1896 2889 ut

312 2923 528 2979 etierret
554 2938 844 2993 personam
880 2940 895 2979 :
933 2935 1006 2992 et,
1040 2924 1115 2980 De
1152 2926 1358 2992 spoliis,
1392 2926 1495 2980 hoc
1535 2937 1641 2990 eSt,
1673 2924 1891 2980 exuviis

312 3016 763 3087 praestautiorum
792 3023 845 3071 et
900 3016 1334 3072 honoratiorum.
1396 3015 1503 3073 Nec
1549 3016 1655 3072 diei
1690 3025 1890 3087 potest,

2015 1825 2259 1894 Ἀϐραὰμ
2290 1823 2516 1893 ἐδῳκεν
2528 1825 2597 1878 ἐκ
2620 1823 2738 1877 τῶν
2751 1821 3105 1891 ἀκροθινίων
3133 1823 3166 1873 ὀ
3185 1818 3575 1889 πατριάρχης.

2013 1920 2233 1990 Ἐπειδὴ
2262 1920 2354 1971 τὸν
2378 1918 2546 1971 τύπον
2578 1921 2644 1989 τῇ
2673 1916 2901 1987 ἀληθεέᾳ
2938 1917 3273 1984 ἐφήρμοσεν,
3318 1914 3485 1983 ἤγουν
3512 1914 3583 1966 τὰ

1998 2008 2092 2061 τοῦ
2127 2010 2457 2079 Μελχισεδὲκ
2480 2010 2557 2080 τῷ
2586 2007 2828 2079 Χριστῷ,
2857 2008 3047 2080 θαρρεί
3088 2006 3295 2071 λοιπον,
3327 2005 3420 2058 καὶ
3441 2007 3581 2059 ἀπο-

1997 2101 2272 2154 δείκνυσιν
2304 2103 2382 2154 ὄτι
2412 2104 2439 2153 ὀ
2463 2101 2652 2163 τύπος,
2703 2100 3002 2162 τουτέστιν,
3037 2101 3063 2151 6
3104 2096 3458 2168 Μελχισεδὲκ,
3485 2097 3582 2150 αύ-

1998 2192 2107 2246 τῶν
2137 2193 2244 2245 τῶν
2276 2193 2407 2264 παρ’
2444 2193 2719 2255 Ἰουδαίοις
2779 2191 2997 2256 ἀληθῶν
3034 2190 3227 2259 ἱερέων
3265 2189 3578 2262 λαμπρότε-

2003 2303 2125 2355 ρος·
2163 2288 2257 2338 καὶ⁵
2289 2286 2389 2339 οὐκ
2429 2284 2611 2337 αὐτῶν
2647 2284 2827 2356 μόνον,
2859 2283 2995 2337 ἀλλὰ
3038 2283 3133 2336 καὶ
3170 2280 3266 2335 τοῦ
3302 2282 3576 2353 πατριάρ-

1998 2396 2092 2448 χου
2133 2378 2324 2433 αὑτοῦ.
2357 2379 2419 2431 Εἰ
2453 2377 2509 2431 δὲ
2540 2379 2567 2431 6
2593 2377 2788 2442 τύπος,
2818 2375 3000 2446 πολλῷ
3028 2374 3230 2446 μᾶλλον
3263 2374 3291 2427 6
3325 2373 3579 2444 ἀληθινὸς

2013 2468 2331 2538 Ἀρχιερεὺς
2356 2467 2591 2538 Χριστὸς
2633 2466 2889 2538 ὑπερέξει
2945 2465 3170 2519 τούτων.
3233 2464 3402 2517 Ἴδετε
3447 2462 3576 2527 οὖν,

1998 2562 2154 2631 φησι,
2188 2559 2416 2629 πηλίκος
2443 2545 2590 2612 ἐστὶν
2650 2553 2827 2623 οὗτος,
2862 2557 2960 2611 καὶ¹
3009 2556 3174 2610 πόσον
3217 2557 3497 2630 ὑπερέχει,
3533 2551 3579 2626 ᾧ

1996 2652 2147 2721 δῶρα
2192 2652 2534 2721 προσέφερεν
2574 2652 2673 2721 οὐχ
2722 2653 2750 2704 6
2801 2650 2982 2722 τυχὼν
3036 2649 3344 2723 ἄνθρωπος,
3396 2650 3510 2704 ἀλλ’
3550 2652 3597 2702 6'

2010 2743 2284 2814 Ἀϐραὰμ.
2318 2744 2345 2795 6
2372 2740 2628 2806 τοσοῦτος
2670 2745 2699 2797 6
2721 2742 3090 2815 πατριάρχης·
3112 2744 3212 2797 οὐκ
3234 2744 3439 2812 ἀλόγως
3467 2744 3578 2815 γὰρ

1996 2836 2077 2897 τὸ,
2122 2834 2512 2905 πατριάρχης,
2567 2834 2928 2907 προσέθηκεν,
2984 2834 3099 2889 ἀλλ’
3156 2836 3243 2889 ἵνα
3303 2835 3473 2908 ἐξάρῃ
3520 2836 3582 2889 τὸ

2000 2928 2289 2998 πρόσωπον
2317 2945 2331 2958 ·
2401 2928 2519 2993 καὶ,
2571 2929 2639 2982 ἐκ
2676 2927 2798 2982 τῶν
2858 2929 3234 2998 ἀκροθινίων,
3283 2932 3578 2995 τουτέστιν,

2000 3022 2063 3072 ἐκ
2110 3021 2219 3073 τῶν
2274 3020 2533 3093 λαφύρων
2564 3020 2674 3074 τῶν
2703 3022 3036 3093 κρειττόνων
3083 3022 3177 3075 καὶ
3213 3024 3578 3093 τιμιωτέρων.

310 3107 457 3181 quod
491 3106 652 3163 veluti
685 3108 734 3162 ei
769 3107 863 3178 qui
896 3123 1003 3162 una
1038 3107 1240 3164 bellum
1273 3108 1508 3178 gesserit
1553 3124 1678 3163 cum
1705 3123 1790 3175 eo,
1828 3126 1889 3163 ac

2002 3114 2225 3167 Καῖοὐκ
2257 3113 2402 3167 ἔστιν
2430 3116 2627 3181 εἰπεῖν,
2673 3114 2756 3167 ὅτι
2800 3115 2874 3178 ὡς
2912 3117 3445 3186 συστρατευσαμένῳ
3486 3116 3580 3171 καὶ

311 3200 610 3255 auxiliatus
630 3200 699 3255 sit
736 3199 808 3265 ei,
842 3199 1095 3256 diviserit
1124 3201 1627 3271 compensationem
1665 3202 1892 3266 laboris,

310 3294 409 3348 sed
442 3293 589 3348 domi
628 3293 917 3350 residenti.
968 3290 1098 3347 Eam
1127 3295 1273 3347 enim
1329 3293 1403 3349 ob
1455 3308 1570 3348 rem
1621 3303 1674 3349 et
1727 3310 1893 3364 supra

309 3387 586 3458 praedixit,
631 3387 777 3457 quod
829 3387 1139 3442 occurrerit
1186 3386 1501 3440 Abrahamo
1533 3389 1828 3443 revertenti
1863 3404 1894 3442 a

311 3480 461 3536 caede
492 3495 703 3550 regum.
748 3479 805 3534 Si
830 3489 1012 3535 autem
1049 3479 1172 3549 ipso
1203 3478 1522 3549 patriarcha
1554 3479 1732 3550 major
1781 3490 1888 3542 est,

309 3572 456 3643 quod
502 3572 619 3642 ipsa
655 3572 993 3627 decimarum
1050 3570 1199 3626 datio
1246 3585 1380 3626 sane
1435 3569 1661 3635 indicat,
1717 3573 1889 3625 multo

311 3664 487 3733 magis
510 3663 893 3718 sacerdotibus
920 3662 1075 3733 legis.

385 3756 556 3810 Vsus.
589 3755 644 3821 5,
677 3756 727 3809 θ.
768 3753 833 3809 Et
856 3756 1067 3825 quidem
1106 3755 1171 3810 de
1201 3755 1333 3826 ﬁliis
1363 3754 1487 3810 Levi
1532 3754 1890 3813 sacerdotium

310 3848 652 3916 accipientes,
711 3847 1027 3901 mandatum
1067 3848 1259 3902 habent
1312 3848 1550 3904 decimas
1605 3864 1812 3903 sumere
1860 3866 1893 3902 a

1997 3206 2411 3277 συμπονήσαντι
2445 3207 2550 3261 ἀπε
2560 3207 2750 3279 μέρισέ
2780 3224 2903 3261 τινα
2931 3208 3168 3280 ἀμοιϐὴν
3186 3208 3277 3262 τοῦ
3306 3209 3579 3281 καμάτου,

1996 3298 2113 3351 ἀλλ’
2144 3299 2284 3351 οἴκοι
2316 3298 2636 3370 καθημένῳ.
2679 3299 2782 3353 Διά
2812 3299 2973 3353 τοῦτο
3004 3301 3114 3371 γάρ
3148 3304 3409 3372 προεῖπεν
3437 3304 3579 3356 ἀνω-

1995 3390 2160 3460 τέρω,
2227 3390 2311 3443 ὅτι
2372 3392 2681 3462 συνήντησε
2739 3390 2817 3461 τῷ
2885 3389 3137 3464 Ἀϐραὰμ
3186 3393 3581 3463 ὑποστρέφοντι

1995 3482 2103 3536 ἀπὸ
2133 3482 2232 3552 τῆς
2261 3483 2437 3554 κοπῆς
2465 3482 2575 3536 τῶν
2601 3482 2889 3554 βασιλέων.
2932 3484 2993 3547 Εἰ
3021 3483 3079 3537 δὲ
3112 3483 3207 3539 τοῦ
3238 3486 3580 3557 πατριάρχου

1997 3574 2224 3643 μείζων,
2256 3574 2356 3628 καὶ
2378 3572 2537 3627 τοῦτο
2565 3572 2717 3644 δηλοί
2742 3574 2773 3643 ἡ
2813 3573 2913 3644 τῆς
2937 3573 3168 3645 δεκάτης
3196 3574 3365 3640 δόσις,
3400 3576 3581 3647 πολλῷ

2001 3665 2203 3735 μᾶλλον
2231 3664 2340 3719 τῶν
2363 3665 2606 3736 νομικῶν
2641 3666 2851 3738 ἱερέων.

2067 3758 2174 3814 Καὶ
2202 3759 2394 3831 οἱμὲν
2429 3761 2498 3815 ἐκ
2540 3759 2659 3815 τῶν
2701 3761 2852 3817 υἱῶν
2904 3764 3050 3817 Λευῒ
3083 3763 3199 3833 τὴν
3245 3767 3583 3836 ἱερωσύνην

1994 3849 2430 3921 λαμϐάνοντες,
2458 3851 2718 3921 ἐντολὴν
2740 3854 2995 3924 ἔχουσιν
3024 3854 3444 3935 ἀποδεκατοῦν
3472 3861 3582 3915 τὸν

306 3940 502 4013 populo
541 3942 830 3996 secundum
874 3942 1056 4012 legem,
1108 3942 1205 3996 hoc
1232 3941 1399 4015 695
1429 3951 1528 4009 est,
1566 3959 1597 3997 a
1626 3943 1892 4011 fratribus

2002 3944 2149 3998 λαὸν
2189 3947 2342 3999 κατὰ
2377 3945 2485 3999 τὸν
2510 3946 2719 4015 νόμον,
2759 3947 3057 4015 τουτέστι,
3096 3949 3239 4017 τοὺς
3272 3950 3581 4023 ἀδελφοὺς

308 4036 443 4100 suis,
470 4051 774 4107 quanquam
812 4045 861 4089 et
901 4036 1006 4103 ipsi
1044 4036 1269 4091 exierint
1302 4036 1366 4091 de
1389 4036 1584 4091 lumbis
1638 4035 1889 4090 Abralue.

310 4125 479 4197 Cujus
517 4138 692 4182 autent
738 4130 1008 4198 generatio
1038 4144 1140 4181 non
1173 4136 1561 4183 annumeratur
1587 4128 1643 4181 in
1668 4128 1768 4195 eis,
1795 4128 1895 4181 de-

1995 4034 2214 4103 αὑτῶν,
2271 4038 2484 4106 καίπερ
2561 4037 3010 4107 ἐξεληλυθότας
3069 4042 3139 4096 ἐκ
3186 4042 3296 4112 τῆς
3347 4046 3582 4115 ὀσφύος

2008 4127 2278 4198 Ἁϐραάμ.
2322 4128 2386 4182 '0
2444 4126 2513 4182 δὲ
2554 4127 2641 4198 μὴ
2684 4132 3230 4203 γενεαλογούμενος
3253 4134 3324 4201 ἐξ
3357 4135 3577 4203 αὐτῶν,

309 4219 479 4273 eimas
518 4220 742 4289 sumpsit
791 4217 856 4272 ab
898 4218 1182 4273 Abraham.
1219 4217 1421 4274 Probat
1457 4217 1570 4289 jam
1613 4218 1892 4289 quomodo

2002 4218 2365 4274 δεδεκάτωκε
2398 4219 2506 4273 τὸν
2546 4218 2817 4290 Ἁϐραάμ.
2865 4220 2981 4275 Νῦν
3025 4227 3430 4291 κατασκευάζει
3463 4228 3581 4293 πῶς

310 4310 673 4367 Melebisedee
700 4311 771 4365 sit
790 4311 1104 4366 Ahrahamo
1128 4311 1325 4379 major,
1352 4310 1611 4382 inquiens
1641 4330 1653 4365 :
1683 4309 1790 4377 Qui
1820 4326 1884 4364 ex

2002 4307 2203 4377 μείζων
2230 4309 2379 4361 ἐστὶν
2402 4310 2429 4362 6
2456 4307 2791 4379 Μελχισεδὲκ
2821 4310 2917 4365 τοῦ
2951 4313 3202 4386 ’Δόραάμ
3225 4333 3240 4348 ο
3273 4318 3367 4371 καί
3389 4336 3583 4389 φησιν,

308 4402 557 4459 Levitica
611 4405 756 4459 tribu
827 4404 1137 4460 sacerdotio
1203 4403 1594 4473 fungebantur,
1647 4403 1892 4459 decimas

2002 4401 2077 4453 ὅτι
2103 4402 2131 4453 6
2168 4402 2232 4453 ὲκ
2260 4401 2356 4471 τῆς
2381 4400 2674 4469 Λευῖτικῆς
2697 4401 2869 4473 φυλῆς
2893 4405 3268 4477 ίερατεύοντις
3289 4410 3583 4467 ὲδεκάτουν

310 4497 598 4551 sumebant
621 4513 647 4549 a
680 4497 903 4567 populo,
935 4504 1124 4566 utpote
1149 4495 1241 4565 qui
1284 4465 1697 4563 priestantiores
1726 4504 1890 4565 atque

2002 4493 2087 4546 τὸν
2111 4492 2274 4557 λαὸν,
2313 4465 2592 4576 ’πρόδηλον
2628 4465 2722 4557 νὼς
2776 4465 3060 4565 κρείττους
3111 4502 3203 4554 καὶ
3230 4465 3583 4576 ⁸,τιμιώτεροι

310 4588 697 4642 honoratiores
724 4597 911 4641 essent
941 4600 1164 4657 propter
1210 4586 1503 4641 sacerdotii
1541 4587 1890 4657 dignitatem.

2002 4582 2149 4645 ὗντες
2185 4582 2274 4635 διὰ
2302 4572 2363 4636 τδ
2389 4581 2487 4652 τῆς,
2516 4583 2819 4656 ἱερωσύνης
2849 4586 3089 4661 ἀξίωμα.
3121 4591 3278 4658 Τίνος
3296 4572 3404 4666 γὰρ
3417 4572 3581 4650 ἄλλου

306 4680 444 4736 Nam
473 4690 694 4751 propter
720 4679 852 4751 quid
872 4680 1020 4735 aliud
1050 4678 1281 4751 populus
1313 4678 1451 4748 ipse,
1480 4680 1573 4749 qui
1608 4679 1891 4735 laboribus

2002 4674 2182 4728 ἕνεκεν
2213 4675 2262 4727 oi
2287 4673 2382 4728 τοῦ
2415 4674 2547 4729 λαοῦ
2596 4679 2927 4750 κοπτόμενοι
2956 4683 3113 4736 αὐτοὶ
3159 4685 3253 4739 καὶ
3298 4687 3581 4742 ταλαιπω·

305 4781 361 4827 et
399 4772 659 4827 :eruutnis
683 4770 960 4840 amigitur.
990 4771 1370 4827 sacerdotibus
1388 4786 1492 4826 non
1518 4770 1892 4827 laborantibus

2002 4766 2275 4839 ρούμενοι,
2317 4769 2427 4833 τοῖς
2456 4769 2696 4839 ίερεῦσιν
2719 4773 2781 4825 ού
2816 4776 3101 4843 κοπιῶσιν,
3125 4778 3249 4832 οὐδὲ
3270 4782 3578 4853 γεωργοῦσι

309 4881 489 4937 neque
543 4880 735 4936 agrum
789 4864 1099 4921 colentibus
1151 4865 1332 4921 oumis
1378 4867 1596 4937 generis
1647 4865 1892 4919 decimas

2002 4863 2370 4933 προσφέρουσι
2403 4865 2502 4928 τὰς
2520 4865 2584 4917 ὲκ
2623 4865 2823 4931 παντὸς
2855 4867 3047 4936 γένους
3076 4870 3326 4941 δεκάτας,
3368 4875 3402 4947 ἢ
3438 4876 3581 4929 πάν-

307 4957 568 5022 oﬂ‘erunt,
608 4957 714 5012 nisi
739 4957 866 5027 quia
891 4955 1195 5012 diviniores
1222 4966 1374 5023 sunt,
1404 4954 1712 5025 majoriquc
1742 4953 1894 5024 operi

309 5050 555 5105 vacanti
607 5047 781 5103 Tanta
834 5056 920 5104 est
970 5048 1265 5105 sacerdotii
1325 5047 1588 5119 dignitas.
1647 5044 1894 5117 adeoque

307 5147 404 5214 qui
440 5160 505 5201 eo
537 5143 849 5215 iunguntur
915 5142 1274 5199 sublimiores
1325 5147 1456 5196 sunt
1495 5137 1735 5210 propriis
1785 5138 1894 5191 tra—

309 5236 509 5301 tribus,
543 5243 709 5305 atque
730 5232 800 5289 iis
832 5232 927 5303 qui
950 5247 1016 5288 es
1053 5232 1248 5287 iisdem
1282 5228 1485 5285 lumbis
1517 5229 1629 5285 sint
1658 5228 1889 5298 egressi.

309 5325 763 5399 Quandoquidem
798 5325 968 5396 igitur
1001 5320 1367 5380 Melchisedec
1390 5319 1763 5375 Abrahamum
1792 5319 1888 5374 de-

311 5419 559 5485 cimavit,
590 5433 716 5475 cum
747 5428 933 5474 tamen
964 5431 1034 5472 ex
1084 5429 1152 5471 eo
1192 5428 1298 5469 non
1333 5412 1788 5468 denumeraretur
1836 5412 1886 5465 ei

309 5511 650 5581 genealogia,
684 5510 737 5564 id
768 5519 875 5577 est,
908 5522 1035 5565 cum
1080 5522 1191 5564 non
1234 5511 1384 5562 esset
1422 5519 1489 5559 ex
1510 5503 1631 5575 ejus
1661 5518 1885 5574 genere,

309 5601 615 5669 alienigena
640 5602 786 5659 enim
812 5609 951 5669 erat,
986 5600 1167 5673 potior
1203 5599 1322 5670 ipso
1352 5605 1438 5654 est
1467 5604 1535 5671 et
1560 5594 1879 5653 sublimior.

1995 4967 2104 5016 τως
2125 4951 2199 5017 ὡς
2233 4952 2554 5025 θειοτέροις,
2586 4958 2680 5010 καὶ
2733 4958 2943 5028 μείζονι
2983 4958 3133 5034 ἔργῳ
3166 4967 3579 5039 προσασχολου-

2000 5042 2223 5113 μένοις;
2256 5043 2523 5099 Τοσοῦτόν
2572 5047 2691 5101 ἐστι
2750 5048 2811 5103 τὸ
2857 5050 2956 5120 τῆς
3006 5052 3309 5127 ἱερωσύνης
3338 5058 3577 5130 ἀξίωμα,

1995 5136 2093 5188 καὶ
2142 5133 2318 5198 οὕτως
2378 5135 2436 5189 οῖ
2473 5136 2630 5191 τοῦτο
2685 5138 2900 5211 ἔχοντες
2943 5141 3269 5217 ὑψηλότεροι
3318 5150 3426 5204 είσι
3470 5152 3580 5205 τῶν

1994 5226 2212 5281 οἰκείων
2246 5228 2515 5298 ἀδελφῶν,
2550 5232 2643 5285 καὶ
2665 5233 2730 5287 ὲκ
2756 5235 2853 5304 τῆς
2890 5234 3063 5306 αὐτῆς
3098 5239 3300 5309 ὀσφύος
3328 5243 3585 5315 ἐξεληὶυ-

1995 5320 2187 5375 θότων.
2223 5322 2334 5377 Καὶ
2365 5323 2748 5395 ὁΜελχισεδὲκ
2801 5327 2983 5383 τοίνυν
3021 5331 3210 5404 ἐπειδὴ
3236 5334 3581 5391 δεδεκάτωκε

1995 5413 2089 5465 τὸν
2156 5412 2445 5485 Ἀϐραὰμ,
2494 5416 2590 5469 καὶ
2641 5415 2816 5471 ταῦτα
2864 5418 2959 5489 μὴ’
2990 5423 3485 5496 γενεαλογούμενος
3521 5430 3584 5494 ἐξ

1995 5506 2185 5573 αὐτοῦ,
2215 5507 2488 5574 τουτέστι,
2525 5507 2601 5579 μὴ
2631 5508 2725 5562 τοῦ
2744 5509 2911 5564 αὑτοῦ
2931 5511 3007 5568 ὢν
3027 5514 3242 5582 γένους,
3282 5517 3583 5587 ἀλλόφυλος

1995 5597 2102 5669 γὰρ
2126 5592 2217 5668 ἦν,
2254 5598 2519 5695 κρείττων
2559 5600 2726 5657 αὑτοῦ
2762 5604 2878 5701 {est
2903 5606 3021 5701 ,καὶ
3052 5605 3403 5681 ὑψηλότερος.
