4014 6208
343 488 441 551 273

1069 488 1476 548 EXPOSITIO
1509 487 1590 547 IN
1628 486 1861 546 EPiS’l‘.
1892 484 1991 544 AD
2034 486 2423 547 [1883305.
2452 515 2510 524 -
2552 490 2712 553 CAP.
2759 492 2889 552 VII.

3502 488 3610 554 274

361 585 549 668 γὰρᾶν
580 597 780 651 ἔδωκεν
805 597 1090 668 ἀλλοφύλῳ
1109 598 1341 660 δεκάτας
1372 599 1400 650 6
1452 597 1727 666 Ἀϐραὰμ,
1763 598 1811 648 εἰ
1856 594 1930 664 μὴ

2043 593 2321 660 Quomodo
2346 598 2489 652 enim
2532 598 2850 671 alienigenae
2881 596 3122 653 dedisset
3150 596 3398 655 decimas
3435 597 3611 652 Abra-

354 689 516 757 πολλὴ
539 685 663 760 ἦνῆ
691 690 859 760 τιμὴς
888 690 949 743 Εἰ
974 689 1029 743 δὲ
1056 688 1454 758 ὁΜελχισεδὲκ,
1483 690 1511 743 6
1540 689 1733 752 τύπος,
1763 689 1936 757 ὑπερ-

354 781 485 847 έχει,
552 781 649 834 καὶ
704 781 881 834 ταῦτα
929 781 1022 835 τοῦ
1094 783 1368 854 Ἀϐραάμ,
1423 781 1605 852 πολλῷ
1657 781 1860 852 μᾶλλον
1904 784 1935 834 6

355 872 605 943 ἀληθινὸς
636 873 954 944 Ἀρχιερεὺς
999 874 1254 946 ὑπερέχει
1294 874 1403 929 τῶν
1429 874 1669 945 νομικῶν
1718 873 1929 946 ἱερέων.

423 1058 531 1111 Καὶ
597 1057 703 1111 τὸν
746 1060 968 1125 ἔχοντα
1014 1058 1122 1123 τὰς
1157 1058 1523 1129 ἐπαγγελίας
1566 1062 1927 1131 εὐλόγηκεν.

370 1150 581 1218 Ἐπειδὴ
611 1152 723 1204 em
787 1150 881 1203 καὶ
932 1150 1084 1204 κάτω
1112 1151 1273 1205 τοῦτο
1300 1147 1368 1222 ἦν
1413 1153 1473 1206 τὸ
1512 1154 1816 1224 μεγαλύνον
1840 1155 1935 1208 τὸν

336 1242 637 1313 magna.
708 1242 771 1295 τὸ
828 1247 931 1306 τὰς
978 1243 1315 1311 ἐπαγγελίας
1366 1242 1550 1298 λαϐεῖν
1586 1247 1736 1317 παρὰ
1772 1247 1930 1313 Θεοῦ,

356 1335 674 1405 προστίθησι
712 1333 869 1388 τοῦτο
898 1334 1015 1399 νῦν,
1057 1335 1140 1388 ὅτι
1169 1335 1262 1389 τὸν
1279 1337 1538 1391 τοσοῦτον
1562 1338 1657 1391 καὶ
1674 1339 1931 1410 τηλικοῦ-

360 1442 440 1478 τοι
465 1428 566 1495 τῆς
585 1425 798 1494 ὁμιλίας
835 1424 983 1488 θείας
1022 1426 1343 1494 ἀξιωθέντα,
1371 1431 1465 1483 καὶ
1496 1429 1691 1499 ἔχοντα
1719 1432 1934 1502 ὀφειλέ-

363 1534 451 1586 την
479 1517 570 1569 τὸν
598 1517 753 1586 Θεὸν,
810 1517 999 1571 τοῦτον
1051 1519 1349 1592 εὐλόγησεν
1393 1524 1421 1576 6
1458 1521 1629 1589 τύπος
1663 1524 1756 1578 τοῦ
1801 1527 1951 1598 Χρι-’

358 1626 503 1663 στου.

424 1716 705 1793 Χωρῑςδέ
751 1724 955 1794 πάσης
1001 1728 1366 1799 ἀντιλογίας,
1400 1732 1467 1784 τὸ
1506 1733 1763 1787 ἔλαττον
1811 1734 1931 1789 ὑπὸ

357 1812 461 1865 τοῦ
493 1813 834 1881 κρείττονος
876 1817 1231 1886 εὐλογεῖται.
1266 1815 1431 1872 Εἶπεν
1466 1821 1548 1874 ὅτι
1574 1822 1869 1897 εὐλόγησεν
1903 1826 1932 1878 6

2038 687 2256 752 bamus,
2301 690 2353 742 ni
2408 689 2580 744 multo
2618 691 2829 747 honore
2863 704 2927 744 ac
2967 689 3243 760 dignitate
3285 690 3564 745 ﬂoruisset.
3590 691 3615 743 ’ἔ

2038 778 2190 845 Quod
2220 779 2264 833 si
2283 778 2662 846 Melchisedec,
2693 782 2787 851 qui
2817 788 2979 852 typus
3007 788 3150 844 erat,
3184 778 3472 835 sublimior
3503 790 3607 841 est,

2036 881 2091 926 et
2118 871 2336 940 quidem
2362 873 2483 943 ipso
2508 872 2839 935 Abrahamo,
2863 871 3036 927 multo
3070 872 3245 943 magis
3272 887 3437 926 verus
3468 873 3611 926 Pon-

2037 963 2168 1019 tit‘ex
2187 963 2413 1018 excellet
2443 964 2754 1021 sacerdotes
2785 963 2941 1035 legis.

2112 1071 2178 1126 Et
2201 1072 2360 1139 hunc,
2392 1076 2485 1144 qui
2533 1074 2761 1129 habebat
2804 1075 3262 1145 repromissiones,
3322 1073 3609 1128 benedixit.

2035 1166 2174 1232 Quia
2219 1165 2364 1221 istud
2393 1167 2596 1239 ubique
2623 1176 2676 1223 et
2710 1169 2913 1239 passim
2945 1152 3318 1224 Abrabatnum
3350 1183 3607 1235 magnum

2034 1266 2089 1313 et
2114 1257 2463 1327 splendidum
2492 1259 2782 1323 reddebat,
2814 1276 3009 1331 nempe
3040 1257 3187 1330 quod
3214 1257 3612 1330 promissioncs

2036 1365 2065 1402 a
2099 1350 2209 1404 Deo
2240 1350 2546 1420 accepisset
2583 1369 2595 1404 :
2640 1351 2865 1421 apponit
2911 1353 3012 1405 hoc
3051 1364 3220 1412 nunc,
3279 1348 3422 1416 quod
3460 1355 3612 1401 tanto

2035 1454 2101 1494 ac
2135 1442 2250 1505 tali,
2284 1442 2375 1510 qui
2404 1440 2592 1495 divino
2619 1441 2895 1511 colloquio
2917 1442 3114 1511 dignus
3150 1438 3343 1495 inisset
3368 1438 3607 1499 habitus,

2035 1531 2238 1600 quique
2265 1531 2489 1588 haberet
2523 1531 2826 1587 debitorem
2868 1532 3058 1597 Deum,
3090 1530 3216 1585 huic
3274 1532 3520 1600 inquam,
3552 1529 3612 1581 ti-

2033 1638 2166 1693 gura
2192 1621 2397 1679 Christi
2429 1620 2727 1677 benedixit.

2105 1731 2275 1788 Vens.
2313 1734 2365 1787 7.
2403 1732 2529 1788 Sine
2580 1732 2696 1787 ulla
2755 1743 2933 1787 autem
2973 1731 3415 1796 contradictimte,
3472 1732 3610 1800 quod

2039 1826 2212 1879 minus
2239 1835 2342 1887 est,
2381 1842 2412 1879 a
2455 1825 2660 1879 meliori
2685 1824 3035 1879 benedicitur.
3078 1821 3226 1876 Dixit
3281 1829 3496 1875 tantum
3545 1837 3611 1874 ae

356 1904 689 1974 Μελχισεδὲκ
721 1906 814 1959 τὸν
838 1908 1155 1976 τηλικοῦτον
1194 1911 1467 1981 Ἀϐραάμ.
1497 1914 1700 1979 Πάντες
1730 1915 1787 1967 δὲ
1817 1933 1931 1968 κοιο

2043 1916 2196 1969 Lalem
2237 1916 2604 1969 Abrahamum
2628 1915 2698 1969 ab
2720 1915 2837 1984 ipso
2871 1912 3233 1968 Mslcbisedec
3260 1910 3607 1966 benedictum

358 1996 456 2057 νῶς
480 1994 572 2047 καὶ
594 1997 1005 2067 άναντιρῤήτως
1033 1999 1276 2066 οἴδαμεν,
1310 2002 1392 2054 ὅτι
1424 2005 1451 2057 6
1480 2002 1723 2071 εὐλογῶν
1746 2008 1932 2075 κρείτ-

359 2104 465 2140 των
493 2089 609 2141 ἐστὶ
640 2089 735 2143 τοῦ
777 2090 1208 2160 εὐλογουμένου’
1269 2093 1534 2162 κρείττων
1599 2096 1704 2166 ἄρα
1764 2100 1857 2150 καὶ
1902 2100 1932 2157 6

355 2179 714 2249 Μελχισεδὲκ,
765 2184 795 2236 6
851 2181 943 2236 τὸν
996 2182 1236 2254 Χριστὸν
1288 2186 1606 2259 προτυπῶν,
1669 2176 1761 2240 τοῢ
1825 2206 1931 2241 παρ

359 2269 642 2342 τριάρχου.

422 2387 523 2440 Καὶ
556 2381 675 2441 ὦδε
691 2387 811 2456 μὲν
823 2387 1078 2455 δεκάτας
1108 2390 1608 2458 ἀποθνήσκοντες
1638 2389 1935 2458 ἄνθρωποι

359 2477 777 2548 λαμϐάνουσιν
798 2496 813 2512 ·
842 2481 971 2536 ἐκεῖ
988 2481 1056 2536 δὲ
1066 2484 1559 2552 μαρτυρούμενος
1590 2483 1680 2536 ὅτι
1702 2481 1791 2551 ζῇ.
1824 2483 1933 2536 Καὶ

356 2578 535 2638 ετερος
555 2568 841 2639 λογισμὸς,
871 2570 1246 2626 ἀποδεικνύων
1285 2573 1506 2643 μείζονα
1557 2575 1666 2627 τῶν
1714 2573 1810 2627 τοῦ
1856 2574 1938 2628 νό-

352 2675 453 2726 μου
474 2657 666 2728 ἱερέων
691 2659 782 2712 τὸν
818 2659 1176 2730 Μελχισεδέκ.
1209 2663 1271 2715 0t
1323 2663 1420 2733 μὲν
1460 2663 1569 2733 γὰρ
1601 2657 1738 2730 ὧδε,
1781 2680 1937 2717 τουτ-

352 2750 441 2802 (at
452 2767 523 2812 ιν,
542 2750 601 2801 ὲν
619 2749 694 2820 τῷ
710 2750 863 2822 νόμῳ
888 2750 1258 2821 λαμϐάνοντες
1282 2754 1535 2820 δεκάτας,
1565 2754 1937 2825 ἀποθνήσκου-

353 2860 473 2895 σιν·
506 2843 634 2897 ἐκεῖ
664 2844 742 2911 δὲ,
777 2845 1074 2913 τουτέστιν,
1104 2849 1162 2900 ὲν
1198 2847 1276 2917 τῷ
1310 2848 1452 2903 κατὰ
1477 2847 1568 2901 τὸν
1598 2847 1936 2917 Μελχισεδὲκ

356 2936 667 3005 πράγματι,
730 2936 887 2995 ἐλαὸε
930 2938 1164 3003 δεκάτας
1213 2940 1242 2993 6
1293 2940 1737 3013 μαρτυρούμενος
1784 2943 1937 3014 ’παρὰ

352 3028 453 3097 τῆς
491 3028 738 3099 Γραφῆς,
770 3030 853 3082 ὅτι
889 3029 979 3101 ζῇ.
1013 3029 1095 3084 Σὺ
1126 3030 1257 3101 γὰρ,
1282 3032 1469 3102 φησὶν,
1494 3032 1685 3102 ιερεὺς
1716 3036 1803 3099 εἰς
1832 3033 1938 3087 τὸν

353 3117 543 3172 αἰῶνα
574 3117 728 3173 κατὰ
762 3118 874 3189 τὴν
904 3119 1078 3185 τάξιν
1106 3120 1500 3196 Μελχισεδέκ.
1538 3122 1612 3175 T6
1633 3122 1690 3176 δὲ
1717 3124 1815 3194 ζῇν
1848 3122 1936 3177 ἀεὶ

350 3211 443 3264 τδν
475 3210 830 3281 Μελχισεδὲκ,
861 3210 1004 3265 οὕτω
1048 3210 1218 3277 δέξαι,
1249 3213 1323 3278 ὡς
1372 3214 1463 3268 καὶ
1504 3214 1760 3284 ἀνωτέρω
1784 3215 1937 3285 εἴρη-

349 3319 440 3356 ται
462 3320 474 3333 ’
504 3303 786 3357 τουτέστιν
814 3305 889 3367 ὡς
924 3303 1001 3374 μὴ
1026 3304 1511 3375 μνημονευομένης
1547 3305 1649 3376 τῆς
1678 3308 1936 3379 τελευτῆς

357 3395 525 3449 αὑτοῦ
552 3395 707 3464 παρὰ
737 3400 804 3467 τῇ
832 3398 1045 3469 Γραφῇ.
1070 3398 1227 3460 Τινὲς
1255 3378 1314 3451 δὲ
1340 3398 1401 3452 τὸ
1431 3398 1806 3469 ἀποθνήσκειν
1839 3400 1941 3470 μὲν

354 3490 476 3552 ob;
503 3490 760 3554 Λευῖτας,
796 3492 894 3563 ζῇν
924 3491 982 3545 δὲ
1008 3492 1101 3547 τὸν
1133 3492 1491 3562 Μελχισεδὲκ,
1514 3487 1673 3548 οὕτω
1690 3493 1903 3548 νοοῦσιν
1922 3511 1938 3526 ’

347 3587 433 3636 ὅτι
461 3586 490 3638 6
523 3584 625 3654 μὲν
662 3585 866 3656 τρόπος
886 3586 986 3655 τῆς
1034 3586 1143 3639 τῶν
1191 3586 1432 3640 Λευῖτῶν
1476 3582 1775 3657 ἱερωσύνης
1811 3587 1939 3657 0w]-

348 3666 443 3740 τδέ
468 3673 538 3748 ἦν
562 3695 577 3709 ·
613 3680 960 3750 κατήργηται
1000 3680 1107 3747 ⁸εόἱρ
1130 3696 1147 3710 ⁸
1184 3681 1212 3733 6
1237 3680 1294 3733 δὲ
1333 3680 1431 3751 τῆς
1452 3678 1546 3733 τοῦ
1572 3676 1935 3751 Μελχισεδὲκ,

350 3768 470 3835 ἦτοι
488 3771 587 3839 τῆς
610 3769 754 3823 κατᾶ
776 3772 1007 3841 Χριστὸν
1031 3768 1247 3843 [ζωῆς],
1268 3771 1335 3842 ζῇ
1355 3770 1644 3842 καὶξμένει,
1670 3773 1764 3826 καὶ
1787 3772 1938 3827 ἔσται

353 3860 463 3915 ἀει.

426 3973 552 4037 Καὶ,
592 3975 674 4040 ὠς
724 3977 871 4042 ἔπος
919 3977 1130 4041 εἰπεῖν,
1181 3976 1256 4032 δι’
1295 3976 1541 4047 Ἀϐραὰμ
1592 3976 1691 4032 καὶ
1729 3979 1872 4033 Λευῒ
1906 3981 1941 4033 ὁ

348 4063 613 4130 δεκάτας
655 4066 980 4135 λαμϐάνων
1025 4068 1441 4123 δεδεκάτωται.
1477 4069 1596 4123 Ἵνα
1647 4071 1723 4139 μὴ
1774 4069 1938 4141 ἔχωσι

349 4155 534 4223 λέγειν
575 4161 624 4211 οῖ
677 4159 893 4229 νομικοὶ
949 4162 1133 4232 ἱερεῖς·
1180 4162 1288 4215 Καὶ
1340 4161 1393 4215 τί
1455 4161 1589 4233 πρὸς
1631 4162 1800 4232 ἡμᾶς,
1834 4163 1881 4216 εἰ
1912 4162 1941 4214 6

365 4249 625 4320 Ἀϐραὰμ
673 4249 1075 4319 δεδεκάτωται;
1116 4255 1284 4324 φησιν
1339 4254 1421 4307 ὅτι
1488 4253 1577 4307 διὰ
1627 4253 1793 4322 μέσου
1843 4252 1938 4307 τοῦ

364 4341 623 4411 Ἀϐραὰμ
673 4344 767 4396 καὶ
820 4343 953 4398 Λευῖ
1006 4345 1401 4412 δεδεκάτωται,
1470 4349 1498 4401 6
1548 4345 1790 4418 ἀρχηγὸς
1837 4346 1940 4416 τῆς

352 4433 481 4485 καθ’
509 4435 659 4504 ἡμᾶς
690 4435 1015 4508 ἱερωσύνης,
1037 4439 1066 4491 6
1089 4438 1318 4502 δεκάτας
1342 4438 1736 4509 λαμϐάνων.”Α
1748 4457 1814 4509 ρα
1845 4435 1939 4493 οὖν

349 4525 454 4577 οὒκ
483 4526 599 4579 ἐστι
649 4527 745 4581 καὶ
785 4528 880 4581 τοῦ
922 4528 1054 4583 Λευῖ
1104 4531 1368 4601 κρείττων
1405 4532 1433 4585 6
1465 4530 1825 4602 Μελχισεδὲκ,
1861 4532 1936 4595 ὡς

350 4614 452 4664 καὶ
501 4617 634 4685 παρ’
657 4616 822 4669 αὐτοῦ
860 4618 1095 4681 δεκάτας
1130 4618 1314 4673 λαϐεῖν
1344 4618 1560 4685 ἐοικὼς,
1596 4620 1688 4674 διὰ
1722 4622 1889 4692 μέσου
1914 4622 1935 4655 ⁸
1968 4606 2014 4662 D

347 4709 447 4760 τοῦ
494 4709 787 4781 Ἀδραάμ;
815 4710 889 4765 Τὸ
915 4712 995 4778 δὲ,
1025 4711 1102 4774 ὡς
1150 4713 1281 4776 ἔπος
1332 4716 1529 4779 εἰπεῖν,
1581 4716 1805 4787 ἤτοῦτο
1845 4733 1940 4790 ση-

353 4803 564 4870 μαίνει,
592 4805 678 4858 ὃτι
742 4807 833 4859 καὶ
879 4807 937 4858 ὲν
964 4807 1218 4877 συντόμῳ
1268 4810 1464 4873 εἰπεῖν,
1487 4810 1519 4879 ἢ
1546 4809 1668 4862 avri.
1695 4809 1813 4875 τοῦ,
1850 4811 1941 4865 ἵνα.

349 4894 530 4957 οὕτως
561 4895 722 4952 εῖπω.
760 4896 981 4969 Ἐπειδὴ
1012 4899 1121 4971 γάρ
1161 4900 1422 4971 τόλμημα
1447 4902 1622 4956 ἐδόκει
1651 4902 1713 4954 τὸ
1740 4903 1937 4968 εἰπεῖν,

347 4985 438 5039 ὅτι
470 4987 499 5038 6
528 4985 683 5049 Λευῖ,
708 4989 877 5057 μήπω
899 4991 978 5054 εἰς
1007 4991 1224 5059 γένεσιν
1262 4992 1590 5063 παραχθεὶς,
1625 4994 1937 5066 ὲδεκατώθη

350 5077 509 5149 παρὰ
533 5078 630 5133 τοῦ
651 5081 1016 5152 Μελχισεδὲκ,
1040 5080 1266 5138 ἐκόλασε
1292 5085 1475 5140 τοῦτο.

430 5265 554 5316 Ἔτι
603 5262 713 5333 γὰρ
769 5264 839 5317 ἐν
894 5264 967 5332 τῇ
1018 5266 1207 5334 ὀσφῦῖ
1252 5267 1359 5323 τοῦ
1405 5268 1630 5337 πατρὸς
1686 5265 1784 5336 ἦν,
1835 5270 1935 5324 ὅτε

348 5355 755 5424 συνήντησεν
796 5355 954 5421 αὐτῷ
1004 5361 1037 5411 ό
1083 5359 1477 5426 Μελχισεδέκ.
1518 5361 1933 5427 Κατασκευάζει

353 5447 479 5509 πῶς
504 5448 533 5498 6
553 5444 687 5499 Ᾱευῖ
734 5445 1067 5518 ἐδεκατώθη,
1112 5450 1205 5502 καί
1233 5467 1397 5520 φησιν
1423 5450 1504 5503 ὅτι
1532 5449 1628 5505 τοῦ
1656 5452 1936 5521 προπάτοο

354 5555 451 5604 ρος
492 5537 914 5605 δεκατωθέντος,
957 5541 1051 5594 καὶ
1079 5542 1236 5605 αὐτὸς
1284 5543 1921 5611 δυνάμειδεδεκάτωται,

352 5622 447 5678 οῗῗα
495 5628 560 5698 δὴ
589 5631 647 5682 ἐν
697 5632 763 5699 τῇ
816 5630 975 5702 ὀσφΰι
1016 5631 1108 5685 τοῦ
1168 5632 1412 5703 Ἀϐραὰμ
1443 5632 1537 5697 ὢν,
1582 5635 1673 5688 καὶ
1712 5637 1774 5688 ὲκ
1832 5634 1927 5686 τοῦ

2038 2010 2232 2079 fuisse.
2257 2009 2458 2066 Omnes
2498 2021 2681 2064 autem
2722 2010 2899 2079 palam
2926 2016 2982 2063 et
3021 2008 3141 2062 sine
3178 2003 3615 2061 contradictione

2042 2104 2274 2165 scimus,
2324 2101 2470 2168 quod
2525 2099 2857 2156 benedicens
2911 2107 2997 2154 cst
3051 2097 3399 2168 praestantior
3427 2109 3494 2150 eo
3522 2093 3612 2148 cui

2034 2192 2396 2249 beuedicitur.
2428 2191 2570 2262 Ergo
2600 2189 2989 2254 blelcbisedec,
3021 2189 3113 2260 qui
3134 2188 3412 2244 Christum
3437 2185 3614 2257 praeti-

2040 2285 2294 2354 gurabat,
2336 2283 2457 2353 ipso
2496 2281 2805 2352 patriarcha
2841 2280 3012 2349 major
3037 2287 3177 2334 erat.

2110 2391 2274 2448 Vens.
2314 2380 2467 2447 8.151
2505 2393 2589 2445 hic
2624 2392 2836 2461 quidem
2865 2390 3095 2445 decimas
3131 2391 3411 2445 morientes
3440 2391 3612 2445 homi-

2039 2503 2128 2539 nes
2169 2484 2457 2553 accipiunt,
2490 2483 2605 2538 illic
2628 2493 2804 2538 autem
2852 2485 3215 2538 testimonium
3249 2482 3444 2538 habens
3471 2481 3612 2554 quod

2037 2578 2196 2632 vivat.
2225 2575 2385 2631 Aliud
2435 2583 2520 2632 est
2546 2586 2955 2647 argumentum,
2985 2591 3095 2647 quo
3117 2574 3460 2630 demonstrat
3493 2589 3609 2630 ma-

2032 2670 2208 2739 jorem
2235 2666 2613 2724 sacerdotibus
2636 2668 2772 2739 legis
2810 2666 3284 2725 Melchisedecum.
3314 2666 3416 2721 Hic
3438 2667 3606 2732 enim,

2037 2763 2143 2815 hoc
2174 2767 2259 2816 est
2303 2761 2358 2814 in
2403 2759 2542 2830 lege,
2604 2760 2848 2838 decii‘nas
2878 2760 3212 2828 accipientes
3243 2759 3555 2812 moriuntur
3590 2777 3603 2813 :

2037 2852 2150 2907 illic
2204 2859 2401 2916 autem,
2440 2850 2542 2905 hoc
2580 2854 2681 2906 'est
2715 2849 2770 2903 in
2800 2863 2969 2904 causa
3040 2847 3343 2904 secundum
3385 2847 3623 2901 Melclti-.

2036 2942 2319 3009 sedecum,
2339 2940 2581 2997 decimas
2606 2940 2810 3010 accepit
2850 2939 2897 2995 is
2926 2938 3011 2994 cui
3054 2939 3426 2994 testimoniqu
3458 2936 3613 2992 Scri-

2038 3045 2199 3105 ptura
2227 3013 2360 3088 dicit
2382 3031 2529 3102 quod
2557 3032 2725 3087 vivat.
2780 3029 2859 3084 Tu
2911 3031 3075 3096 enim,
3128 3028 3326 3099 inquit,
3366 3029 3613 3083 sacerdos

2038 3126 2093 3181 in
2122 3134 2374 3181 (uernum
2398 3122 2685 3179 secundum
2738 3121 2978 3178 ordinem
3015 3119 3383 3175 Melchisedec.
3416 3117 3615 3174 Vivere

2040 3227 2220 3273 autem
2252 3232 2465 3288 semper
2504 3214 2957 3273 Melchisedecum
2997 3215 3076 3269 sic
3120 3213 3361 3285 iutellige
3391 3212 3616 3284 perinde

2043 3324 2107 3365 ac
2133 3323 2299 3380 supra
2323 3314 2685 3365 memoratum
2716 3314 2825 3373 est,
2860 3307 2964 3363 hoc
2994 3313 3106 3373 est,
3132 3307 3278 3377 quod
3332 3304 3613 3376 Scriptura

2040 3418 2153 3456 non
2186 3400 2351 3455 faciat
2391 3399 2724 3461 mentionem
2770 3400 2954 3455 obitus
2996 3399 3138 3470 ejus.
3175 3397 3434 3454 Nonnulli
3484 3412 3617 3452 vero

2043 3495 2183 3548 mori
2212 3492 2451 3561 Levitas,
2489 3502 2545 3548 ct
2590 3493 2773 3549 vivere
2821 3490 3277 3548 Melchisedecum
3327 3489 3492 3545 etiam
3535 3488 3615 3541 sic

2044 3586 2373 3657 intelligunt,
2405 3586 2550 3660 quod
2580 3584 2778 3639 modus
2820 3583 3041 3654 quidem
3075 3581 3368 3638 sacerdotii
3402 3579 3618 3634 Levita-

2043 3695 2163 3734 rum
2193 3677 2358 3750 695
2403 3677 2650 3733 mortalis
2675 3683 2833 3741 erat;
2872 3676 3113 3731 alrolitus
3137 3682 3223 3730 est
3247 3674 3392 3727 enim
3424 3688 3439 3726 :
3475 3670 3615 3725 ratio

2040 3779 2222 3826 autem
2260 3767 2662 3830 Melchisedeci,
2696 3767 2814 3822 sive
2865 3766 3168 3823 secundum
3193 3763 3494 3829 Christum,
3528 3763 3613 3816 vi-

2042 3865 2194 3921 vitet
2224 3874 2429 3928 manet,
2461 3876 2791 3934 semperque
2826 3860 3068 3915 durabit.

2111 3974 2277 4030 Vens.
2311 3973 2363 4031 9.
2399 3975 2588 4045 Atque,
2620 3985 2676 4027 ut
2716 3975 2794 4028 ita
2826 3973 3023 4036 dicam,
3056 3986 3147 4040 per
3177 3969 3545 4023 Abrahamum
3564 3978 3616 4024 et

2042 4067 2167 4123 Levi
2189 4069 2278 4131 qui
2319 4068 2549 4123 decimas
2581 4068 2798 4135 accipit,
2834 4064 3128 4119 decimatas
3169 4072 3269 4118 est.
3319 4060 3396 4115 Ne
3433 4062 3617 4116 dicere

2042 4170 2247 4230 queant
2268 4161 2476 4232 legales
2506 4159 2845 4224 sacerdotes,
2889 4153 3098 4225 Ecquid
3129 4154 3195 4210 ad
3229 4168 3332 4208 nos
3366 4153 3412 4207 si
3443 4151 3619 4206 Abt-aa

2043 4261 2241 4310 bamus
2280 4252 2588 4309 deeimatus
2616 4250 2750 4306 est?
2783 4249 2882 4311 ait,
2913 4247 3058 4318 quod
3095 4261 3191 4316 per
3218 4244 3621 4307 Abrahamum,

2042 4357 2104 4403 ut
2127 4345 2391 4408 medium,
2419 4341 2551 4399 Levi
2585 4342 2753 4399 etiam
2793 4339 2887 4410 qui
2917 4337 3212 4394 sacerdotii
3248 4334 3420 4390 nostri
3467 4334 3617 4404 priu-

2042 4454 2171 4509 ceps
2222 4442 2362 4511 erat,
2404 4436 2754 4505 decimasque
2786 4429 3111 4502 accipiebat,
3144 4429 3386 4484 decimas
3446 4425 3616 4482 dedit.

2043 4529 2230 4584 Nonne
2265 4526 2432 4599 igitur
2472 4524 2601 4581 Levi
2635 4521 3068 4580 Melchisedecus
3094 4530 3178 4576 est
3227 4518 3438 4582 melior,
3492 4526 3616 4575 tan.-

2043 4634 2206 4691 quam
2242 4619 2337 4690 qui
2359 4617 2428 4673 ab
2459 4618 2581 4688 ipso
2607 4616 2769 4672 etiam
2796 4615 3041 4672 decimas
3066 4611 3315 4682 accipere
3339 4612 3489 4666 visus
3523 4612 3625 4674 sit,

2046 4709 2472 4768 intermediante
2523 4708 2884 4764 Abrahamo?
2947 4704 3105 4773 Quod
3153 4713 3335 4760 autem
3398 4703 3494 4768 ait,
3542 4701 3618 4766 ὡς
3674 4754 3679 4758 .

2044 4802 2175 4867 ἔπος
2201 4800 2399 4867 εἰπεῖν,
2432 4798 2518 4855 vel
2547 4799 2652 4853 hoc
2686 4797 2983 4868 signiﬁcat,
3019 4803 3077 4850 ut
3130 4795 3366 4850 breviter
3408 4792 3613 4854 dicam,

2042 4897 2149 4962 vel,
2182 4904 2241 4952 ut
2265 4893 2346 4950 sic
2378 4889 2737 4958 dicam.Quia
2769 4889 2917 4944 enim
2944 4886 3208 4943 audacius
3230 4886 3433 4941 dictum
3465 4885 3616 4939 vide-

2044 4988 2231 5054 batur,
2257 4988 2530 5042 aﬂirmare
2555 4984 2700 5054 quod
2727 4982 2854 5036 Levi
2889 4980 3211 5050 priusquam
3260 4980 3314 5033 iu
3353 4976 3612 5029 mundum

2046 5078 2353 5150 productus
2385 5086 2536 5133 esset
2560 5089 2658 5144 per
2697 5072 3061 5136 nativitatem,
3119 5069 3371 5126 decimas
3406 5066 3619 5122 dederit

2044 5170 2468 5231 Melcltisedeco,
2501 5164 2741 5221 correxit
2772 5164 2894 5219 hoc.

2116 5259 2408 5317 Vens.10.
2459 5259 2644 5313 Adhuc
2702 5260 2841 5313 enim
2897 5259 2952 5312 in
3011 5254 3204 5309 lumbis
3259 5249 3430 5319 patris
3475 5257 3614 5312 erat,

2041 5355 2252 5429 quando
2280 5352 2505 5409 obviavit
2528 5352 2576 5407 ei
2608 5350 2973 5407 Melchisedec.
3006 5345 3234 5409 Astruit,
3261 5356 3496 5411 quanam
3528 5356 3618 5395 ra-

2043 5450 2194 5505 tione
2225 5447 2351 5502 Levi
2379 5445 2685 5502 deeimatus
2726 5445 2821 5508 sit,
2854 5442 3037 5507 aitque
3063 5435 3212 5506 quod
3244 5450 3368 5488 cum
3424 5449 3619 5505 proge-

2047 5540 2194 5594 nitor
2219 5537 2340 5608 ejus
2376 5537 2683 5591 decimatus
2727 5540 2896 5591 esset.
2948 5528 3065 5596 ipse
3118 5526 3359 5596 potentia
3413 5527 3619 5595 pariter

2048 5632 2354 5687 decimatus
2382 5637 2488 5692 est,
2520 5627 2719 5697 quippe
2739 5626 2827 5695 qui
2862 5632 2975 5675 tum
3008 5620 3061 5673 in
3095 5619 3295 5677 lumbis
3323 5619 3619 5676 Abraltami

1716 5807 1919 5869 Variae
1946 5805 2279 5870 lectiones.

449 5908 472 5939 δ
521 5907 749 5979 μεσίτου
781 5925 835 5965 0.
917 5900 923 5906 δ
