4014 6208
247 419 350 485 281

1004 425 1410 489 EXPOSITIO
1449 429 1530 492 IN
1550 431 1784 494 EPIST.
1825 432 1924 493 AD
1955 435 2346 501 HEBREOS.
2380 465 2449 475 —
2486 441 2643 503 CAP.
2686 443 2822 506 VII.

3423 444 3533 512 282

259 542 332 596 Ἡ
356 541 470 611 γὰρ
499 539 656 605 ἐλπὶς
686 543 821 614 παρ’
875 543 1040 599 αὐτὸν
1071 546 1222 616 ἡμᾶς
1257 548 1382 618 ἄγει
1413 549 1507 604 τὸν
1536 549 1682 605 θεῖον
1715 549 1844 627 θρό-

1972 569 2111 625 yuam
2133 557 2616 628 appr-apinquamus
2684 557 2812 613 Deo.
2850 558 2990 628 Spes
3012 557 3161 614 enim
3225 574 3324 614 nos
3386 561 3542 619 ducit

259 652 367 699 ιον,
398 635 496 689 καὶ
517 634 662 708 μετά
687 636 799 691 τῶν
829 637 1115 712 Χερουϐὶμ
1152 641 1300 712 ἱστᾷ.

329 814 444 868 Καὶ
492 814 768 869 καθόσον
800 815 873 870 οὐ
914 816 1095 885 χωρὶς
1124 818 1524 888 ὁρκωμοσίας.
1561 819 1693 875 Ἰδοὺ
1750 821 1848 874 καὶ

260 906 393 977 ἄλλη
414 906 656 978 διαφορὰ
680 906 777 961 τοῦ
793 916 857 961 τε
881 907 1004 962 νέου
1032 908 1224 981 ἱερέως
1250 909 1388 982 πρὸς
1412 910 1540 975 τοὺς
1561 910 1847 975 παλαιοὺς,

257 998 352 1051 καὶ
397 997 504 1068 τῆς
543 997 826 1071 Διαθήκης
885 999 1025 1071 πρὸς
1095 1000 1195 1072 τὴν
1260 1002 1561 1073 Διαθήκην.
1614 1003 1689 1057 Οὐ
1738 1003 1848 1074 γὰρ

258 1087 454 1151 ἁπλῶς
511 1088 822 1160 ἐπήγγελτο
874 1090 908 1160 ἡ
946 1088 1046 1144 τοῦ
1098 1091 1340 1163 Χριστοῦ
1389 1092 1682 1166 ἱερωσύνη,
1713 1094 1852 1149 ἀλλὰ

259 1181 404 1249 μετὰ
429 1181 619 1252 ὅρκου,
646 1180 735 1234 ίνα
762 1182 828 1234 ὲκ
862 1180 1187 1252 περιουσίας
1237 1183 1489 1257 πιστωθῇ
1513 1186 1541 1239 6
1571 1184 1730 1253 λόγος
1755 1183 1849 1239 τοῦ

259 1269 399 1325 Θεοῦ
421 1288 436 1304 ·
473 1272 615 1343 ὅπερ
644 1272 737 1327 καὶ
764 1272 1023 1344 ἀνωτέρω
1048 1273 1256 1344 ἔλεγεν,
1282 1277 1365 1329 ὅτι
1386 1276 1627 1346 Ὤμοσεν
1658 1277 1686 1331 6
1713 1277 1848 1343 Θεὸς

260 1363 339 1434 τῷ
372 1364 651 1436 Ἀϐραὰμ,
681 1365 822 1437 ὑπὲρ
842 1365 1089 1431 πλείονος
1126 1367 1524 1439 πληροφορίας.

324 1456 393 1509 Ol
409 1455 536 1524 μὲν
570 1455 678 1525 γὰρ
700 1457 884 1525 χωρὶς
911 1458 1288 1528 ὁρκωμοσίας
1313 1458 1490 1528 ἱερεῖς
1514 1461 1847 1531 γεγονότεςο

264 1546 295 1598 ὁ
329 1543 400 1598 δὲ
436 1543 594 1615 μετὰ
627 1547 1025 1615 ὁρκωμοσίας,
1059 1547 1159 1604 διὰ
1209 1549 1315 1604 τοῦ
1365 1551 1656 1621 λέγοντος
1697 1553 1849 1622 πρὸς

264 1638 472 1693 αὐτόν·
513 1638 740 1708 Ὠμοσε
762 1639 1003 1709 Κύριος,
1034 1641 1133 1699 καὶ
1165 1643 1237 1697 οὐ
1253 1644 1805 1715 μεταμελεθήσεται
1831 1660 1847 1675 ο

262 1729 344 1785 Σὺ
384 1729 584 1799 (spei);-
612 1733 700 1798 εις
721 1731 827 1787 τὸν
854 1731 1042 1788 αἰῶνα
1069 1734 1221 1790 κατὰ
1248 1733 1367 1804 τὴν
1394 1737 1589 1805 τάξιν,
1626 1738 1849 1807 Μελχι-

261 1822 469 1878 σεδέκ.
531 1824 596 1878 Oi
630 1823 731 1894 μὲν
753 1823 866 1897 γὰρ
888 1826 1131 1898 νομικοὶ,
1182 1828 1375 1903 φησὶν,
1435 1830 1627 1900 ἱερεῖς,
1679 1829 1852 1901 χωρὶς

259 1916 615 1987 ὁρκωμοσίας
650 1916 1045 1973 καθίστανταιο
1084 1919 1174 1974 ἐπ’
1204 1920 1420 1987 οὐδενὸς
1470 1921 1580 1993 γὰρ
1617 1920 1847 1994 εὓρηται

259 2008 473 2079 ὀμόσας
499 2009 530 2062 6
555 2009 708 2074 Θεὺς,
746 2010 831 2065 δτι
859 2011 932 2065 Σὺ
959 2011 1059 2085 ἐστι
1106 2013 1291 2085 ἱερεὺς
1338 2012 1483 2068 κατὰ
1509 2000 1603 2068 τὸν
1637 2013 1804 2085 νόμον
1830 2029 1845 2043 ’

260 2104 290 2156 6
320 2102 380 2157 δὲ
408 2102 651 2177 Χριστὸς
700 2104 841 2175 μετὰ
896 2104 1251 2177 ὁρκωμοσίας
1293 2104 1394 2176 τῆς
1421 2104 1728 2175 γενομένης
1758 2103 1850 2158 διὰ

261 2195 405 2249 Θεοῦ
439 2195 534 2250 τοῦ
573 2195 830 2266 λέγοντος
888 2195 1028 2269 πρὸς
1079 2198 1275 2252 αὐτόν·
1326 2198 1401 2252 Σὺ
1434 2198 1641 2268 ἱερεὺς,
1674 2195 1850 2267 καινῷ

264 2306 374 2344 τινι
406 2291 613 2361 τρόπῳ.
662 2290 763 2345 Uir
791 2289 902 2362 γὰρ
935 2290 1079 2346 κατὰ
1125 2291 1219 2346 τὸν
1253 2289 1491 2362 Ἀαρὼν,
1531 2290 1668 2346 ἀλλὰ
1710 2289 1851 2345 κατὰ

262 2383 356 2437 τὸν
376 2382 738 2455 Μελχισεδέκ.

334 2473 502 2529 Κατὰ
546 2474 844 2530 τοσοῦτον
888 2475 1231 2544 κρείττονος
1265 2472 1563 2544 Διαθήκης
1600 2473 1853 2545 γέγονεν

262 2566 485 2637 ἔγγυος
526 2565 792 2634 Ἰησοῦς.
847 2566 1146 2628 Τουτέστι,
1195 2564 1432 2621 καθόσον
1487 2564 1704 2635 ὤμοσεν
1767 2563 1853 2618 ἀεὶ

262 2660 432 2714 αὐτὸν
486 2660 710 2715 ἔσεσθαι
754 2659 926 2731 ἱερὲασ
984 2659 1087 2713 οὐκ
1118 2657 1184 2712 ἂν
1218 2657 1326 2733 γαρ
1379 2658 1618 2730 ὤμοσεν,
1679 2657 1729 2709 εί
1778 2655 1854 2727 μὴ

268 2751 476 2823 μείζων
504 2747 591 2823 ἦν.
619 2752 782 2807 ’Ὥστε
835 2752 930 2807 καὶ
970 2753 1004 2825 ὴ
1038 2751 1153 2806 Νέα
1184 2750 1428 2821 Διαθήκη
1474 2749 1577 2816 τῆς
1610 2747 1854 2812 Παλαιᾶς

269 2845 504 2917 μείζων.
538 2844 604 2898 Τί
649 2845 704 2899 δέ
739 2846 859 2899 ἐστι
910 2843 993 2911 τὸ,
1045 2843 1280 2914 ἐγγυοςς
1324 2841 1656 2914 Ἐγγυητὴς,
1701 2840 1855 2910 μεσί-

341 3026 455 3082 Καὶ
487 3029 544 3082 οί
565 3026 683 3097 μὲν
714 3026 999 3094 πλείονές
1024 3028 1143 3080 εἰσι
1182 3024 1499 3095 γεγονότες
1534 3021 1728 3088 ἱερεῖς,
1759 3019 1857 3074 διὰ

267 3119 336 3174 τὸ
370 3119 606 3184 θανάτῳ
646 3119 984 3174 κωλύεσθαι
1031 3115 1401 3186 παραμένειν
1421 3132 1435 3146 ·
1478 3116 1509 3168 ό
1545 3112 1635 3177 δὲ,
1664 3110 1761 3166 διὰ
1790 3111 1857 3165 τὸ

263 3208 480 3278 μένειν
509 3211 597 3275 είς
625 3207 732 3262 τὸν
755 3207 962 3275 αίῶνα,
992 3207 1377 3277 ἀπαράϐατον
1402 3206 1526 3275 ἔχει
1552 3204 1668 3273 τὴν
1697 3207 1856 3272 ἱερω-

1950 648 2016 703 ad
2053 649 2229 719 ipsum
2254 649 2499 708 divinum
2540 650 2823 719 thronum,
2871 660 3037 723 atque
3065 668 3189 708 eum
3245 652 3539 721 Cherubim

1951 740 2207 797 collocat.

2032 833 2196 892 Vnus.
2222 834 2315 890 20.
2355 834 2422 890 Et
2452 845 2710 907 quantum
2760 846 2839 893 est
2882 854 2987 892 non
3013 838 3126 894 sine
3163 838 3541 910 jurejurando.

1951 927 2019 983 Ει
2040 927 2192 983 aliud
2229 928 2525 985 discrimen
2559 929 2686 984 novi
2710 928 3015 987 sacerdotis
3076 938 3133 985 et
3189 938 3462 995 veterum,
3485 939 3543 987 et

1952 1020 2631 1092 utriusque_'l‘estamenti.
2666 1022 2789 1078 Non
2838 1022 2984 1078 enim
3038 1023 3362 1093 simpliciter
3416 1039 3545 1096 pro-

1952 1112 2188 1168 missum
2244 1122 2331 1169 est
2378 1112 2585 1170 Christi
2611 1112 3007 1178 sacerdotium,
3036 1112 3131 1170 sed
3161 1129 3287 1170 cum
3325 1114 3542 1185 jurejuo

1953 1204 2168 1273 rando;
2215 1213 2276 1260 ut
2297 1204 2516 1261 abunde
2555 1206 2693 1263 satis
2732 1208 2957 1262 verbum
2991 1206 3085 1262 Dei
3142 1214 3323 1262 ratum
3362 1214 3417 1262 et
3449 1208 3547 1262 lira

1953 1310 2105 1352 mum
2137 1294 2507 1365 redderetur;
2541 1298 2685 1368 quod
2726 1307 2783 1354 et
2841 1314 3011 1370 supra
3075 1299 3237 1363 dixit,
3315 1298 3544 1356 Jurarit

1952 1387 2098 1446 Deus
2124 1389 2459 1453 Abrahamo.
2487 1389 2559 1446 ob
2585 1390 2845 1461 majorem
2875 1390 3292 1446 certitudinem.

2023 1480 2190 1538 Vnus.
2223 1480 2313 1538 2|.
2338 1481 2448 1536 Alii
2478 1483 2620 1541 enim
2677 1483 2790 1537 sine
2823 1482 3184 1552 jurejurando
3245 1492 3369 1537 sunt
3406 1482 3542 1552 facti

1955 1573 2278 1639 sacerdotes,
2309 1575 2397 1629 hic
2438 1590 2557 1630 uero
2602 1591 2722 1630 cum
2746 1575 3131 1645 iurejurando,‘
3171 1591 3263 1645 per
3303 1592 3422 1630 eum
3449 1577 3546 1645 qui

1952 1665 2092 1722 dixit
2114 1666 2185 1721 ad
2214 1666 2364 1721 illum
2397 1682 2418 1722 :
2449 1666 2665 1722 Iuravit
2707 1665 2988 1731 Dominus,
3017 1673 3068 1720 et
3126 1682 3229 1720 non
3271 1665 3548 1735 pcenitebit

1951 1774 2069 1814 eum
2088 1775 2108 1814 :
2144 1757 2224 1813 Tu
2249 1774 2303 1814 es
2327 1758 2576 1815 sacerdos
2603 1759 2659 1813 iu
2688 1766 2946 1814 aeternum
2987 1757 3274 1812 secundum
3306 1758 3548 1814 ordinent

1878 1890 1926 1951 Β
2145 1850 2520 1951 Μείοίιιεοάεο..
2542 1850 2894 1951 Sacerdotes“,
2930 1850 3130 1951 inquit,
3165 1850 3304 1951 legis
3327 1849 3542 1921 absque

1947 1939 2312 2010 jurejurando
2340 1934 2781 1998 constituuntur.
2853 1939 2928 1994 De
2976 1938 3132 1995 nullo
3164 1938 3313 1996 enim
3347 1939 3544 1996 inven-

1949 2039 2042 2087 tus
2087 2040 2173 2089 est
2197 2032 2418 2103 iurasse
2451 2030 2619 2098 Deus,
2662 2031 2745 2087 Tu
2786 2031 2896 2088 eris
2926 2029 3190 2088 sacerdos
3238 2030 3543 2089 secundum

1950 2121 2124 2193 legem
2165 2140 2179 2177 :
2209 2122 2468 2180 Christus
2492 2133 2672 2179 autem
2700 2138 2825 2179 cum
2870 2123 3238 2194 jurejurando
3265 2122 3413 2179 facto
3450 2138 3548 2193 per

1952 2212 2123 2269 Deum
2150 2214 2419 2271 dicentem
2446 2214 2513 2269 ad
2537 2229 2662 2271 eum
2689 2232 2704 2270 :
2733 2213 2817 2269 Tu
2840 2230 2901 2272 es
2924 2202 3205 2281 sacerdos,
3230 2229 3376 2271 novo
3408 2228 3550 2285 quo-

1950 2302 2076 2357 dam
2108 2303 2291 2358 modo.
2322 2301 2441 2358 Non
2471 2301 2618 2359 enim
2650 2301 2958 2359 secundum
2992 2302 3291 2369 Aaronem,
3327 2301 3425 2359 sed
3457 2316 3549 2359 se-

1953 2387 2192 2444 cundum
2220 2387 2611 2444 Melchisedec.

2027 2472 2190 2531 Vens.
2219 2474 2311 2530 22.
2345 2474 2410 2530 In
2438 2483 2651 2529 tantum
2682 2475 2913 2531 melioris
2964 2475 3290 2531 Testamenti
3318 2492 3543 2545 sponsor

1954 2563 2129 2634 factus
2159 2573 2235 2619 est
2259 2561 2438 2619 Iesus.
2470 2562 2585 2620 Hoc
2623 2572 2728 2630 est,
2760 2571 3032 2634 quatenus
3076 2564 3287 2635 juravit
3321 2581 3542 2636 semper

1956 2654 2135 2724 ipsum
2171 2650 2289 2708 fore
2315 2652 2682 2708 sacerdotem.
2749 2652 2872 2707 Non
2902 2652 3048 2707 enim
3112 2651 3381 2723 iurasset,
3436 2652 3545 2709 nisi

1955 2744 2131 2813 major
2161 2753 2326 2799 esset.
2356 2742 2593 2798 Proinde
2620 2741 2831 2798 Novum
2855 2757 3078 2812 quoque
3124 2741 3543 2800 Testamentum

1956 2834 2141 2891 Veteri
2184 2838 2288 2890 est“
2321 2833 2694 2905 praestantius.
2762 2831 2908 2899 Quid
2948 2841 3130 2888 autem
3197 2842 3282 2889 est
3308 2831 3554 2903 ἔγγυοςῖ

1956 2923 2299 2995 Fidejussor,
2321 2924 2611 2978 mediator.

2033 3016 2198 3073 Vens.
2227 3015 2324 3076 23.
2354 3013 2446 3068 24.
2475 3013 2545 3067 Ει
2568 3012 2665 3067 alii
2700 3010 2914 3084 quidem
2945 3010 3123 3082 plures
3164 3009 3296 3079 facti
3322 3017 3555 3064 suntsa-

1960 3108 2216 3171 cerdotes,
2239 3114 2517 3176 propterea
2545 3103 2685 3175 quod
2717 3111 2886 3157 morte
2905 3101 3309 3170 prohiberentur
3339 3115 3553 3165 perma-

1962 3214 2084 3253 nere
2113 3213 2132 3252 :
2162 3197 2247 3250 hic
2295 3204 2473 3250 autem
2498 3210 2558 3249 eo
2593 3191 2731 3261 quod
2766 3192 3066 3246 maneat'in
3129 3200 3381 3245 wternum
3413 3205 3554 3244 sem-

515 3268 654 3372 "th
694 3268 974 3372 ὑπεροχὴν
1013 3268 1129 3352 καὶ-
1159 3296 1395 3351 ἐνταῦθα
1436 3268 1759 3357 ’δείκνυσινξ
1788 3295 1855 3364 ἢν

1972 3292 2223 3358 piternum
2245 3286 2398 3341 habet
2418 3282 2799 3341 sacerdotium.
2835 3280 3224 3337 Excellentiam
3258 3279 3348 3335 hic
3379 3279 3549 3335 etiam

270 3395 386 3465 ἔχει
422 3396 452 3448 6
484 3391 720 3463 Χριστὸς
770 3391 910 3463 πρὸς
936 3391 1066 3454 τοὺς
1107 3390 1368 3456 νομικοὺς
1400 3387 1715 3459 ἀρχιερεῖς·
1761 3384 1856 3438 καί

272 3507 465 3560 φησιν,
499 3490 582 3543 ὅτι
610 3489 727 3542 ἐκεῖ
758 3487 857 3559 μὲν
887 3484 1075 3539 πολλοί
1116 3484 1246 3549 εἱσι,
1281 3481 1368 3536 διὰ
1392 3481 1452 3535 τὸ
1479 3480 1664 3552 θνητοὶ
1692 3473 1852 3532 εἶναι·

273 3582 511 3640 ἐνταῦθα
537 3583 595 3637 δὲ
632 3576 734 3648 εἷς,
761 3581 850 3635 διὰ
878 3581 940 3634 τδ
967 3579 1234 3642 ἀθάνατος
1264 3570 1430 3631 εἷναι.
1478 3573 1860 3647 Ἀπαράὃατον

275 3676 367 3731 οὖν
393 3676 507 3748 ἔχει
531 3674 629 3746 τὴν
656 3673 982 3744 ἱερωσύνην,
1024 3670 1307 3725 τουτέστιν
1350 3669 1670 3729 ἀδιάκοπον,
1708 3667 1862 3721 ἀδιά-

275 3770 451 3840 δοχον.
495 3769 660 3839 Ὁρᾷς
700 3768 851 3839 πόσῳ
888 3764 1092 3838 μείζων
1118 3763 1301 3830 iactv;
1333 3764 1460 3819 ὅσον
1495 3761 1559 3815 τὸ
1593 3759 1862 3816 ἀθάνατον

278 3861 373 3916 τοῦ
405 3859 628 3931 θνητοῦ.

350 4045 533 4098 Ὅθεν
554 4040 653 4096 καὶ
681 4039 893 4103 σώζειν
920 4041 1007 4107 είς
1034 4039 1099 4093 τὸ
1127 4038 1428 4105 παντελὲς
1447 4037 1701 4092 δύναται
1722 4037 1866 4104 τοὺς

280 4132 809 4205 προσερχομένους
839 4131 915 4186 δι’
945 4131 1132 4186 αὐτοῦ
1166 4129 1247 4197 τῷ
1288 4128 1432 4196 Θεῷ.
1483 4127 1726 4199 Ἐπειδὴ,
1759 4145 1864 4200 φη-

284 4230 389 4290 σὶν,
416 4225 683 4290 ἀθάνατός
708 4226 847 4292 ἐστι,
872 4223 1100 4277 δύναται
1130 4222 1352 4277 πάντων
1377 4221 1743 4294 προΐστασθαι
1771 4220 1865 4275 καὶ

281 4315 480 4380 σώζειν
533 4318 615 4381 εἱς
669 4316 731 4370 τὸ
786 4315 1088 4378 παντελέςο
1119 4313 1419 4378 τουτέστιν,
1468 4312 1529 4365 οὐ
1563 4309 1866 4383 πρόκαιρον

283 4408 563 4480 σωτηρίαν
587 4407 811 4473 διδόναι,
859 4406 999 4461 ἀλλὰ
1048 4405 1313 4475 παντελῆ,
1352 4403 1447 4458 καὶ
1480 4402 1721 4457 ἐνταῦθα
1774 4402 1869 4466 δη-

284 4500 435 4571 λαδὴ,
470 4500 565 4554 καὶ
599 4500 774 4571 ἔν’τῇ
813 4496 1085 4570 μελλούσῃ
1123 4496 1258 4568 ζωῇ.
1309 4494 1436 4550 Ἐπὶ
1472 4494 1573 4565 μὲν
1602 4492 1712 4564 γὰρ
1763 4494 1867 4563 τῆς

284 4590 552 4655 Παλαιᾶς,
595 4590 625 4643 6
670 4589 984 4661 ἀρχιερεὺς,
1034 4590 1083 4641 εί
1111 4591 1205 4643 καὶ
1238 4586 1554 4658 θαυμαστὸς
1582 4581 1672 4658 ἦν,
1705 4584 1869 4657 μέχρι

280 4682 375 4737 τοῦ
408 4682 610 4755 καιροῦ
654 4682 868 4736 ὶκείνου
903 4681 1217 4753 προσέφερε
1255 4679 1335 4750 τῷ
1382 4677 1524 4749 Θεῷ,
1578 4680 1636 4731 ὲν
1684 4670 1729 4747 ᾧ
1778 4674 1867 4750 ἢν,

282 4770 395 4831 οἷον
426 4775 459 4829 ὁ
488 4774 746 4846 Σαμουὴλ
768 4774 864 4829 καὶ
901 4773 952 4827 οἱ
983 4771 1218 4826 τοιοῦτοι
1241 4788 1257 4803 ο
1292 4770 1430 4843 μετὰ
1459 4769 1712 4825 δὲταῦτα
1746 4771 1875 4823 οὐκ·

284 4867 404 4923 ἑτι·
451 4868 756 4939 τεθνήκασι
796 4866 927 4938 γάρ.
967 4864 1234 4919 Ἐνταῦθα
1264 4863 1320 4918 δὲ
1365 4864 1580 4928 αἱῲνιος
1617 4863 1711 4916 καὶ
1756 4863 1873 4916 ἀεί-

284 4958 425 5025 (tuo;
469 4961 500 5013 6
546 4958 891 5029 Ἀρχιερεύς.
917 4955 1129 5011 Οὐκοῦν
1177 4954 1276 5009 καὶ
1334 4953 1614 5018 παντελῶς
1649 4953 1876 5008 δύναται

291 5050 511 5116 σώζειν,
556 5050 837 5104 τουτέστιν
889 5047 1097 5114 ἀϊδίιυς,
1129 5048 1256 5111 τοὺς
1295 5046 1767 5118 προσερχομένους
1805 5046 1876 5099 δι’

287 5143 477 5212 αὖτοῦ,
505 5143 756 5197 τουτέστι
819 5141 909 5195 διὰ
938 5142 1037 5212 τῆς
1074 5141 1157 5204 είς
1181 5139 1346 5193 αὐτὸν
1376 5140 1639 5204 πίστεως.
1678 5140 1737 5193 '0
1770 5141 1877 5212 γὰρ

290 5240 369 5303 εἰς
394 5236 492 5292 τὸν
527 5236 659 5290 Υίδν
686 5234 983 5299 πιστεύων,
1023 5232 1100 5305 τῷ
1130 5233 1305 5307 Πατρὶ
1340 5233 1708 5305 προσέρχεται
1736 5234 1876 5289 πάν-

290 5346 397 5393 τως
419 5346 434 5362 ’
467 5328 636 5392 αὐτὸς
665 5326 776 5398 γάρ
802 5325 955 5381 ἐστιν
994 5326 1028 5396 ὴ
1061 5323 1201 5395 πρὸς
1234 5323 1326 5377 τὸν
1361 5323 1582 5396 Πατέρα
1609 5324 1751 5391 ὁδὸς,
1782 5326 1879 5379 καὶ

291 5425 317 5477 6
347 5423 553 5494 ταύτης
580 5420 925 5492 δραξάμενος
945 5421 1062 5473 ἐκεῖ
1096 5417 1379 5473 καταλύει.
1814 5488 1815 5491 η

363 5518 635 5572 Πάντοτε
668 5513 783 5576 ζῶν
819 5515 903 5580 εις
937 5511 1005 5566 τὸ
1049 5510 1447 5581 ἐντυγχάνειν
1480 5510 1633 5578 ὑπὲρ
1658 5510 1876 5566 αὐτῶν,

295 5611 392 5664 Διὰ
422 5609 525 5679 τὴν
561 5607 744 5678 σάρκα
777 5602 921 5658 οὕτω
951 5601 1223 5666 ταπεινῶς
1252 5602 1412 5657 τοῦτο
1446 5601 1689 5673 εἴρηται.
1721 5604 1879 5657 Κατά

299 5704 401 5774 γᾶρ
429 5702 531 5772 τὴν
561 5699 745 5771 σάρκα
763 5697 1055 5769 ἀρχιερεύς
1083 5698 1201 5750 ἐστι
1241 5696 1417 5767 δήπου
1437 5708 1454 5726 ο
1488 5691 1624 5749 καθὸ
1657 5694 1714 5747 δὲ
1742 5695 1879 5766 ἆρχε

298 5795 512 5865 κρεῦς,
573 5794 692 5845 κατ’
755 5790 889 5844 αὐτὸ
941 5788 1290 5857 ἐντυγχάνειν
1334 5786 1575 5856 λέγεται.
1652 5786 1807 5840 Ἐπεὶ
1853 5790 1880 5840 ὁ

304 5882 529 5961 ὶγεξρίον
561 5887 688 5951 τοὺς
718 5886 967 5958 νεκροὺς,
1014 5884 1108 5938 καὶ
1151 5882 1430 5948 quamet.th
1483 5881 1557 5947 ὡς
1589 5881 1618 5934 ὁ
1667 5879 1875 5951 Πατὴρ,

1962 3379 2189 3444 iudicat,
2218 3392 2384 3449 quam
2423 3375 2677 3433 Christus
2729 3372 2895 3428 habet
2939 3386 3106 3442 supra
3170 3371 3306 3442 legis
3336 3371 3559 3441 pontiﬁ-

1965 3489 2095 3540 ces;
2124 3471 2260 3536 lllic,
2285 3470 2564 3540 inquiens,
2601 3465 2764 3522 multi
2807 3473 2962 3532 sunt,
2988 3478 3054 3519 eo
3087 3462 3237 3534 quod
3292 3463 3559 3519 mortales

1966 3574 2133 3632 sunt;
2169 3563 2256 3619 hic
2285 3576 2414 3618 vero
2471 3576 2614 3616 unus
2664 3566 2771 3624 est,
2804 3572 2870 3613 eo
2907 3555 3055 3627 quod
3094 3553 3539 3611 sitimmortalis.

1967 3657 2143 3714 Habet
2191 3657 2359 3729 igitur
2421 3650 2794 3710 sacerdotium
2838 3648 3224 3720 ἀπαράϐατον,
3284 3647 3391 3703 hoc
3451 3655 3558 3711 est,

1967 3749 2114 3824 quod
2144 3765 2250 3803 non
2300 3745 2652 3818 praecidatur,
2707 3758 2809 3799 nec
2839 3742 3255 3799 successionem
3306 3740 3556 3809 recipiat.

1969 3839 2374 3899 Animadvertis
2426 3844 2635 3909 Quanto
2699 3834 2873 3906 major
2936 3834 3062 3891 est?
3116 3831 3325 3904 Nempe
3353 3839 3562 3903 quanto

1971 3933 2279 3994 immortale
2310 3929 2526 3986 mortali
2562 3935 2807 3999 prastat.

2042 4022 2211 4079 Vsus.
2246 4020 2338 4076 25.
2371 4017 2520 4074 Unde
2543 4027 2592 4073 et
2623 4017 2831 4072 salvere
2857 4017 2910 4071 in
2935 4025 3241 4087 perpetuum
3272 4019 3443 4082 potest
3474 4027 3565 4065 ac-

1971 4116 2208 4173 cedentes
2235 4131 2326 4185 per
2356 4114 2532 4184 ipsum
2560 4109 2630 4165 ad
2655 4108 2846 4165 Deum.
2882 4106 3045 4174 Quia,
3094 4103 3295 4174 inquit,
3330 4102 3563 4156 immor-

1972 4209 2096 4264 talis
2124 4217 2228 4272 est,
2263 4212 2444 4276 potest
2464 4202 2722 4259 omnibus
2747 4216 2981 4271 praeesse
3007 4213 3071 4253 ac
3098 4211 3321 4254 servare
3355 4196 3407 4250 in
3440 4208 3566 4265 per—

1974 4307 2223 4371 petuum,
2258 4296 2359 4351 hoc
2388 4302 2494 4357 est,
2531 4307 2638 4347 non
2668 4290 3056 4359 temporariam
3095 4287 3328 4344 salutem
3355 4284 3573 4354 imperv

1974 4390 2088 4455 tiri,
2116 4389 2210 4444 sed
2244 4396 2585 4457 perpetuam,
2623 4391 2728 4438 tam
2765 4383 2855 4436 hic
2908 4396 3072 4451 quam
3112 4381 3165 4434 in
3202 4378 3385 4434 futura
3429 4378 3563 4431 vita.

1976 4481 2259 4554 Siquidem
2296 4480 2350 4534 in
2377 4478 2560 4535 Veteri
2616 4475 2972 4532 Testamento
3045 4472 3314 4545 pontifex,
3347 4470 3567 4527 etiamsi

1979 4576 2279 4649 praeclarus
2306 4580 2362 4628 et
2392 4569 2741 4627 admirationi
2799 4574 2967 4635 esset,
3003 4566 3100 4622 illo
3134 4576 3315 4621 tamen
3354 4563 3570 4620 solum-

1981 4668 2144 4725 modo
2183 4674 2430 4733 tempore
2461 4660 2751 4722 offerebat,
2785 4659 2841 4714 in
2870 4673 2978 4729 quo
3011 4658 3247 4721 vixerat,
3291 4656 3436 4710 velut.
3472 4652 3573 4708 Su-

1979 4760 2147 4825 muel,
2177 4765 2232 4815 et
2270 4754 2364 4827 qui
2414 4753 2715 4809 illiusmodi
2753 4768 2768 4818 ;
2802 4752 3029 4822 posthac
3061 4756 3244 4804 autem
3275 4763 3385 4801 non
3411 4747 3569 4801 item.

1978 4853 2113 4910 Nam
2155 4849 2356 4907 mortui
2392 4855 2538 4903 sunt.
2570 4843 2668 4899 llic
2697 4853 2878 4899 autem
2912 4842 3303 4912 sempiternus,
3330 4856 3397 4894 ac
3428 4854 3570 4892 nuu—

1978 4959 2144 5018 quam
2169 4957 2279 4997 non
2301 4940 2492 4997 vivens
2525 4944 2609 4993 est
2635 4933 2911 4990 Pontifex.
2960 4934 3233 5005 Perpetuo
3280 4933 3488 5001 itaque,
3521 4930 3575 4985 id

1979 5048 2068 5097 est
2115 5050 2355 5107 semper,
2389 5045 2613 5089 servare
2667 5035 2847 5099 potest
2878 5042 2974 5083 eos
3016 5026 3112 5094 qui
3138 5041 3234 5097 per
3273 5024 3454 5096 ipsum
3481 5038 3577 5077 ac-

1981 5131 2207 5194 cedunt,
2268 5127 2371 5183 hoc
2414 5132 2497 5179 est
2548 5137 2643 5193 per
2694 5120 2854 5176 fidem
2891 5120 2946 5176 in
2981 5120 3184 5191 ipsum.
3211 5116 3365 5189 ,Nam
3397 5114 3488 5184 qui
3519 5113 3575 5166 in

1979 5223 2179 5280 Filium
2203 5218 2638 5285 credit,onmino
2663 5213 2731 5270 ad
2757 5212 2974 5269 Patrem
3008 5212 3220 5268 accedit
3251 5227 3265 5264 :
3293 5216 3422 5264 nam
3460 5206 3576 5275 ipse

1981 5325 2068 5375 est
2099 5316 2185 5370 via
2216 5312 2285 5369 ad
2314 5311 2528 5367 Patrem
2562 5326 2577 5365 :
2611 5322 2779 5382 quam
2820 5305 2915 5379 qui
2975 5300 3416 5378 apprehenderit,
3462 5296 3595 5371 illic

1982 5407 2322 5476 ltOSpitatur.

2056 5501 2276 5569 Semper
2306 5498 2480 5553 vivens
2514 5494 2584 5550 ad
2609 5489 3056 5562 interpellandum
3083 5502 3181 5557 pro
3233 5483 3384 5554 ipsis.
3432 5479 3573 5537 Pro-

1984 5607 2104 5669 pter
2132 5605 2355 5649 carnem
2380 5586 2517 5644 adeo
2544 5586 2825 5642 humiliter
2850 5584 2955 5638 hoc
2982 5579 3187 5634 dictum
3216 5585 3301 5632 est
3332 5595 3346 5632 :
3371 5589 3575 5632 secun-

1988 5690 2121 5746 dum
2151 5699 2375 5742 carnem
2404 5681 2548 5737 enim
2588 5676 2827 5749 pontifex
2862 5681 2946 5731 est
2973 5686 3145 5741 sane;
3176 5679 3448 5743 quatenus
3479 5683 3575 5722 au-

1986 5794 2093 5839 tem
2121 5775 2368 5850 pontifex
2396 5781 2503 5838 est,
2538 5778 2767 5828 eatenus
2805 5765 3147 5824 intercedere
3178 5764 3399 5821 dicitur.
3442 5760 3573 5818 Nam

1985 5875 2080 5950 qui
2113 5880 2362 5929 mortuos
2393 5868 2595 5927 excitat
2627 5873 2680 5925 ct
2710 5864 2951 5923 vivificat
3002 5861 3181 5919 instar
3202 5856 3406 5926 Patris,
3435 5868 3574 5928 quo-
