4014 6208
439 466 544 535 283

1350 466 1928 531 THEOPHYLACTI
1971 468 2384 530 nummum;
2407 453 2781 531 λεεωεν.

3600 483 3710 543 εει

437 588 604 649 modo
631 586 742 656 iam
775 582 868 640 ubi
903 592 1234 638 conservare
1266 592 1391 635 eum
1418 581 1698 646 convenit,
1757 574 2018 647 interpel-

2137 577 2240 641 [τῶς
2267 577 2395 634 ἔνθα
2425 579 2599 635 σῶσαι
2621 579 2723 644 δεῖ,
2755 581 3111 652 ὲντυγχάνεις
3156 583 3215 638 '0
3242 584 3419 640 πᾶσαν
3447 585 3585 659 ἔχων
3610 591 3712 664 τὴν

440 685 550 740 lat?
571 681 675 749 Qui
703 693 868 735 omne
890 675 1161 747 judicium
1178 674 1365 740 habet,
1390 674 1670 745 quomodo
1693 671 2022 728 intercedit?

438 775 541 843 Qui
608 770 833 828 mandat
873 768 1120 838 angelos,
1174 775 1235 821 ut
1269 766 1368 822 hos
1398 765 1616 836 quidem
1650 766 1704 820 in
1742 764 2018 820 caminum

439 868 709 936 injiciant,
733 863 859 918 illos
893 877 1022 918 vero
1047 860 1418 917 conservent?
1457 857 1686 928 Propter
1715 860 2014 921 humanam

439 962 603 1029 igitur
629 966 879 1012 naturam
934 955 1039 1010 hoc
1069 954 1273 1009 dictum
1323 961 1430 1020 est,
1489 953 1636 1022 quod
1689 950 2016 1006 intercedat.

439 1049 900 1109 Condescendens
948 1049 1093 1102 enim
1131 1046 1479 1101 auditoribus
1502 1045 1755 1101 Paulus:
1793 1041 1872 1097 Ne
1901 1057 2021 1096 me-

440 1143 629 1209 tuatis,
675 1140 876 1208 inquit,
929 1152 1107 1208 neque
1156 1137 1357 1192 dicatis
1389 1151 1402 1188 ι
1431 1135 1543 1200 Nzc,
1584 1142 1732 1188 amat
1801 1133 2018 1201 quidem

442 1247 566 1295 nos,
589 1239 642 1285 et
674 1228 929 1284 ﬁduciam
960 1227 1119 1282 habet
1149 1226 1312 1296 700
1349 1225 1492 1295 apud
1519 1225 1758 1288 Patrem,
1788 1225 1881 1278 sed
1912 1239 2020 1277 non

441 1338 658 1393 semper
692 1328 870 1390 potest
900 1320 1075 1374 nostri
1112 1333 1300 1373 curam
1332 1333 1540 1388 gerere.
1573 1316 1650 1372 Ne
1675 1317 1776 1371 hoc
1800 1316 2019 1370 dicatis.

439 1413 588 1468 Vivit
621 1413 789 1478 enim,
855 1417 909 1466 et
939 1424 1157 1480 semper
1193 1409 1538 1480 pontiﬁcium
1569 1424 1708 1478 opus
1734 1424 1833 1479 pro
1864 1408 2024 1464 nobis

437 1506 702 1574 perlicere
731 1512 934 1576 potest.
962 1503 1193 1570 Quando
1217 1511 1398 1558 autem
1482 1500 1875 1556 humanitatem
1941 1500 2025 1555 di-

441 1610 593 1660 xero,
637 1610 746 1650 non
807 1609 1036 1666 segrego
1084 1593 1259 1662 ipsam
1290 1609 1319 1648 a
1374 1591 1659 1648 divinitate
1703 1595 1837 1661 (una
1876 1589 2022 1646 enim

440 1691 735 1758 utriusque
764 1697 846 1742 est
875 1701 1113 1758 persona
1135 1686 1218 1741 vel
1253 1685 1611 1755 subjectum),
1645 1684 1741 1740 sed
1771 1684 1935 1740 velim
1967 1691 2025 1737 ut

446 1779 730 1835 auditores
753 1779 806 1833 id
839 1777 1169 1847 intelligant.
1196 1777 1340 1846 quod
1375 1776 1592 1846 utrique
1649 1786 1859 1831 natura:
1887 1791 2024 1830 cono

439 1871 611 1924 venit.
663 1869 932 1924 Praeterea
968 1868 1101 1924 illud
1169 1867 1348 1937 ipsum
1399 1866 1546 1936 quod
1577 1866 1751 1922 Filius
1801 1881 2023 1922 carnem

2128 671 2330 743 κρίσιν,
2385 673 2502 738 πῶς
2555 675 2912 746 ὲντυγχὰνει;
2956 675 3015 731 '0
3054 677 3403 734 ἀποστέλλων
3452 682 3576 748 τοὺς
3613 685 3716 754 ἁγ-

2128 763 2342 829 γέλους,
2375 763 2518 818 ὥστε
2546 764 2675 830 τοὺς
2714 766 2814 836 μὲν
2858 768 2939 830 είς
2986 767 3216 836 κάμινον
3256 769 3538 840 ἐμϐαλεῖν,
3584 775 3714 839 τοὺς

2127 853 2183 907 δὲ
2219 855 2427 922 σῶσαι;
2459 857 2562 911 Διά
2607 857 2739 927 γοῦν
2767 859 2864 929 τὴν
2899 859 3299 932 ἁνθρωπότητα
3326 861 3408 930 τὸ,
3449 865 3719 938 ἐντυγχά-

2128 961 2263 1012 νειν,
2294 943 2467 1004 εἷπε.
2524 948 2990 1018 Συγκαταδαίνων
3025 952 3134 1023 γὰρ
3187 947 3640 1018 τοῖςὰκούουσιν
3687 959 3718 1010 6

2130 1036 2373 1102 Παῦλος⁶
2410 1040 2502 1110 Μὴ
2531 1042 2769 1112 δείσητε,
2824 1045 2978 1114 φησι,
3020 1046 3094 1116 μὴ
3149 1046 3368 1117 εἴπητε,
3400 1046 3529 1114 Ναὶ,
3569 1051 3718 1119 φιλεῖ

2132 1132 2231 1200 μὲν
2259 1133 2426 1202 ἡμᾶς,
2470 1134 2564 1186 καὶ
2617 1136 2937 1208 παρρησίαν
2984 1135 3098 1208 ἔχει
3143 1137 3280 1210 πρὸς
3325 1138 3418 1192 τὸν
3467 1141 3712 1213 Πατέρα,

2129 1220 2249 1276 am
2281 1222 2384 1276 οὐκ
2421 1225 2510 1277 ἀεὶ
2549 1222 2774 1278 δύναται
2807 1225 3166 1296 προΐστασθαι
3197 1227 3379 1298 ήμῶν.
3433 1229 3526 1302 Μὴ
3553 1231 3719 1286 τοῦτο

2129 1315 2343 1387 εἴπητε.
2376 1319 2451 1387 Ζῇ
2510 1319 2640 1389 γὰρ,
2676 1319 2768 1373 καὶ
2803 1319 2891 1371 ἀεὶ
2944 1318 3165 1373 δύναται
3214 1320 3275 1372 τὸ
3326 1322 3756 1397 ἁρχιερατικὸν,

2132 1408 2292 1480 ἔργον
2347 1413 2522 1464 ποιεῖν
2573 1410 2714 1482 ὑπὲρ
2769 1410 2950 1481 ἡμῶν.
2986 1411 3159 1466 Ὅταν
3217 1410 3275 1465 δὲ
3317 1413 3718 1484 ἁνθρωπότητα

2131 1503 2293 1566 είπω,
2326 1503 2386 1556 ού
2433 1501 2629 1575 διαιρῶ
2663 1503 2834 1574 αὐτὴν
2872 1505 2972 1574 τῆς
3005 1503 3258 1574 θεότητος
3295 1505 3415 1574 (μία
3441 1505 3550 1576 γὰρ
3579 1505 3717 1559 ὑπό-

2134 1611 2326 1658 στασις
2357 1596 2609 1665 ἀμφοῖν),
2643 1594 2778 1649 ἀλλὰ
2802 1594 2996 1665 δίδωμι
3028 1597 3160 1658 τοῖς.
3187 1596 3448 1650 ἀκούουσι
3479 1596 3546 1649 τὰ
3579 1598 3717 1667 πρέο

2131 1703 2303 1741 ποντα
2334 1687 2462 1759 περὶ
2490 1687 2763 1759 ἑκατέρας
2825 1686 3045 1756 φύσεως
3093 1689 3316 1743 ἐννοεῖν.
3363 1688 3476 1742 Καὶ
3505 1689 3638 1742 αὐτὸ
3659 1689 3717 1743 δὲ

2132 1780 2308 1842 τοῦτο,
2342 1782 2403 1834 τὸ
2439 1781 2618 1850 σάρκα
2674 1779 2949 1850 φοροῦντα
3003 1778 3096 1832 τὸν
3151 1780 3278 1833 Υίὺν
3335 1778 3717 1850 συγκαθιῖιρθαι

2133 1872 2210 1944 τῷ
2258 1875 2454 1944 “arpi,
2514 1872 2755 1939 ἔντευξίς
2792 1873 3102 1944 ἒστινύπὲρ
3139 1873 3330 1943 ἡμῶνσ
3380 1873 3583 1926 ὡσανεὶ
3617 1874 3714 1942 τῆς

443 1962 626 2016 ferens
657 1960 806 2016 Patri
835 1960 1066 2024 assidet,
1089 1959 1412 2015 intercessio
1440 1966 1527 2015 est
1559 1973 1658 2028 pro
1689 1959 1870 2021 nobis,
1903 1969 2026 2011 tan-

2137 1964 2333 2034 σαρκὸς
2366 1965 2504 2032 ὑπὲρ
2546 1965 2701 2035 ἡμῶν
2735 1964 3097 2035 δυσωπούσης
3135 1966 3226 2017 τὸν
3259 1964 3502 2035 Πατέρα,
3539 1963 3615 2024 ὡς
3646 1965 3712 2018 δι’

440 2071 604 2126 quam
627 2069 756 2109 caro
786 2068 884 2123 pro
923 2053 1084 2110 nobis
1146 2061 1335 2108 exoret
1396 2052 1634 2116 Patrem,
1669 2062 1729 2104 ut
1786 2066 1906 2120 qua:
1952 2051 2025 2106 ob

444 2147 546 2200 hoc
567 2147 762 2217 ipsum
809 2146 1037 2200 omnino
1065 2146 1138 2200 sit
1161 2153 1465 2214 assumpta,
1503 2143 1761 2197 nimirum
1793 2143 1865 2198 ob
1891 2158 2023 2196 nos-

443 2248 579 2292 tram
614 2239 870 2294 salutent.

512 2330 677 2385 Vens.
709 2331 798 2386 26.
839 2329 985 2385 Talis
1027 2332 1166 2385 enim
1199 2329 1415 2384 decebat
1441 2339 1498 2382 ut
1536 2331 1686 2384 nobis
1711 2338 1845 2382 esset
1880 2327 2024 2381 Pon-

441 2425 594 2492 tifex,
624 2435 861 2490 sanctus,
930 2424 1202 2478 innocens.
1265 2420 1625 2491 Perspicuum
1667 2429 1850 2476 estex
1916 2421 2022 2485 his,

441 2517 584 2586 quod
617 2524 670 2570 ιιι
705 2517 820 2572 hanc
879 2515 948 2572 de
1003 2531 1170 2570 carne
1221 2515 1498 2585 loquatur,
1533 2522 1587 2570 et
1636 2530 1756 2584 qua:
1791 2513 2024 2567 antehac

440 2608 598 2662 dixit.
635 2606 768 2674 Quis
827 2607 972 2662 enim
1005 2607 1072 2661 de
1124 2608 1233 2660 Deo
1262 2607 1391 2660 talia
1419 2606 1726 2671 dixerit,'et
1758 2620 1866 2660 non
1899 2622 2026 2659 eru-

2126 2055 2258 2109 αύτὸ
2286 2055 2446 2108 τοῦτο
2479 2056 2925 2128 προσληφθείσης
2971 2056 3213 2120 πάντως,
3253 2056 3342 2109 διὰ
3369 2055 3466 2126 τὴν
3517 2055 3711 2128 ἡμετέο

2130 2167 2230 2221 ραν
2264 2151 2560 2220 σωτηρίαν.

2205 2330 2478 2396 Τοιοῦτος
2531 2332 2641 2402 γὰρ
2691 2332 2832 2401 ἡμῖν
2863 2333 3127 2400 ἔπρεπεν
3156 2333 3488 2402 ἀρχιερεὺς,
3520 2334 3712 2399 ὅσιος,

2127 2427 2372 2490 ἄκακος.
2433 2426 2712 2495 Ιῐροφανὲς
2763 2427 2826 2478 ἐκ
2876 2427 3103 2490 τούτων,
3144 2428 3226 2479 ὅτι
3275 2427 3404 2499 περὶ
3444 2425 3538 2480 τοῦ
3573 2428 3718 2489 κατὰ

2130 2522 2311 2591 σάρκα
2345 2519 2496 2587 λέγει
2523 2520 2590 2572 τὰ
2623 2519 2730 2590 πρὸ
2760 2517 2988 2584 τούτων,
3031 2519 3125 2571 καὶ
3155 2519 3348 2572 ταῦτα.
3385 2519 3481 2580 Τίς
3509 2518 3619 2589 γὰρ
3651 2518 3717 2572 ἂν

2127 2609 2254 2681 περὶ
2293 2609 2432 2664 Θεοῦ
2461 2611 2688 2664 τοιαῦτα
2720 2612 2886 2674 εἴποι,
2937 2612 3031 2664 καὶ
3061 2611 3160 2663 ούκ
3191 2610 3613 2682 αἰσχυνθήσεται
3647 2613 3716 2682 τῇ

441 2699 629 2754 besi'at
655 2698 1192 2768 incomprehensibili
1226 2698 1302 2752 illi
1338 2707 1547 2752 natura:
1568 2697 1682 2751 haec
1710 2697 2024 2766 apponere?

2137 2701 2495 2772 ίικαταλὴπτῳ
2551 2701 2734 2772 ἐκείνῃ
2790 2699 2950 2769 φύσει
3006 2700 3181 2754 ταῦτα
3246 2699 3712 2772 προσανατιθείςς

442 2789 676 2844 Sanctus
710 2790 875 2861 igitur
903 2799 1007 2852 est,
1033 2791 1124 2858 qui
1161 2790 1295 2844 nihil
1330 2806 1522 2845 eorum
1556 2805 1676 2860 quae
1704 2789 1887 2845 facere
1925 2789 2023 2844 de-

440 2882 528 2936 bet
557 2882 758 2937 omittit
786 2901 798 2936 ε
829 2882 1034 2945 ἄκακος
1075 2891 1281 2946 autem,
1309 2883 1400 2952 qui
1433 2882 1564 2938 dolo
1606 2891 1661 2937 et
1685 2883 1826 2937 malo
1852 2892 2024 2938 caret.

442 2969 564 3024 Non
583 2973 719 3025 enim
745 2973 984 3027 iuventus
1007 2982 1085 3026 est
1116 2973 1167 3026 in
1193 2989 1282 3026 ore
1311 2973 1424 3040 ejus
1450 2973 1627 3033 dolus,

513 3061 853 3130 liitpollutus.
885 3063 1071 3133 Neque
1103 3065 1201 3118 has
1235 3063 1512 3133 quispiant
1546 3063 1749 3117 dixerit
1778 3063 1866 3117 Dei
1903 3079 2026 3118 esse

440 3153 632 3207 laudes
665 3163 956 3220 ;naturant
1002 3153 1147 3208 enim
1211 3155 1375 3210 habet
1407 3168 1528 3224 qua:
1561 3155 1728 3224 pollui
1764 3170 1871 3208 non
1911 3171 2010 3225 po-

2125 2793 2314 2856 Ὂσιος
2335 2793 2432 2863 μὲν
2453 2788 2546 2846 οῦν
2569 2792 2737 2855 ἐστιν,
2768 2795 2795 2845 6
2822 2791 2992 2862 μηδὲν
3012 2791 3122 2844 τῶν
3140 2791 3346 2862 ὠφειλη
3358 2791 3533 2862 μένων
3558 2791 3714 2858 αὐτῷ

2127 2886 2571 2956 παραλιμπὰνων
2595 2901 2606 2915 ·
2641 2885 2850 2948 ἄκακος
2881 2885 2956 2948 δὲ,
3005 2886 3034 2938 6
3080 2884 3262 2947 ἄδολος
3291 2883 3384 2936 καὶ
3416 2882 3709 2954 ἀπόνηρος.

2126 2979 2239 3047 Οὐχ
2268 2977 2468 3047 εὑρέθη
2494 2976 2603 3046 γὰρ
2630 2975 2781 3040 δόλος
2815 2978 2871 3030 ἐν
2896 2975 2974 3046 τῷ
3011 2975 3244 3045 στόματι
3271 2973 3458 3028 αὺτοῦ.

2210 3070 2530 3138 Ἀμίαντος.
2561 3068 2694 3122 Οὐδὲ
2721 3067 2894 3120 ταῦτα
2925 3067 3060 3120 Θεοῦ
3083 3068 3338 3130 ἐπαίνους
3359 3067 3501 3119 εἴποι
3522 3065 3583 3120 ἄν
3605 3083 3709 3128 τις·

2129 3161 2294 3230 φύσιν
2327 3161 2437 3230 γὰρ
2464 3162 2576 3230 ἔχει
2605 3161 2680 3231 μὴ
2711 3161 3048 3230 μιαίνεσθαι.
3089 3161 3250 3213 Ἀλλὰ
3285 3159 3443 3230 δῆλον
3469 3160 3549 3214 ὃτι
3584 3161 3716 3230 περὶ

441 3248 567 3295 test.
603 3242 764 3310 Atqui
813 3243 1159 3312 perspicuum
1227 3252 1313 3299 est
1357 3244 1502 3313 quod
1567 3244 1635 3299 dc
1683 3245 2024 3301 humanitate

2137 3253 2228 3321 τῆς
2258 3251 2682 3324 ἁνθρωπότητος
2712 3253 2807 3306 τοῦ
2849 3253 2967 3316 ἑνὸς
3003 3251 3242 3322 Χριστοῦ
3277 3250 3468 3305 ταῦτα.

443 3332 607 3387 unius
633 3333 832 3389 Christi
863 3334 976 3389 hare
1003 3334 1168 3390 dicat.

514 3426 828 3498 Segregatus
848 3444 879 3479 a
903 3429 1289 3496 peccatoribus,
1316 3439 1365 3484 et
1388 3430 1644 3484 excelsior
1664 3430 1809 3486 caelis
1829 3431 2024 3500 factus.

441 3518 737 3575 Pontiﬁces
762 3521 988 3589 legales,
1017 3521 1215 3591 inquit,
1244 3523 1458 3578 etiamsi
1488 3523 1542 3576 in
1574 3526 1787 3579 caeteris
1826 3523 2031 3581 fuerint

443 3612 643 3676 sancti,
691 3620 750 3666 ut
784 3611 1038 3667 homines
1082 3621 1262 3668 tamen
1292 3614 1502 3683 aliquid
1553 3616 1668 3671 vitii
1721 3617 2028 3682 attrahunt,

446 3719 547 3758 nec
578 3704 803 3759 omnino
830 3705 1064 3775 sejuncti
1097 3716 1225 3760 sunt
1251 3722 1280 3760 a
1311 3709 1718 3776 peccatoribus.
1749 3709 1852 3775 Qui
1881 3711 2028 3764 enim

446 3797 549 3850 hoc
583 3796 695 3853 ﬁeri
727 3799 923 3867 possit,
958 3813 1082 3852 cum
1123 3808 1176 3853 et
1200 3799 1304 3870 ipsi
1338 3803 1581 3871 peccatis
1610 3804 1721 3857 sint
1765 3804 2032 3858 obnoxii?

447 3888 733 3956 Praeterea,
791 3906 952 3945 nemo
997 3891 1240 3962 ipsorum
1291 3895 1344 3948 in
1401 3895 1558 3951 caelis
1615 3895 1769 3950 fuit:
1843 3909 2031 3952 noster

447 3995 574 4035 vero
638 3982 726 4036 hic
789 3980 1064 4049 Pontifex,
1124 3992 1490 4055 prmterquam
1522 3988 1671 4057 quod
1735 3989 1930 4057 plenus
1957 3991 2031 4044 sit

445 4073 623 4127 omnis
654 4074 897 4138 virtutis,
924 4085 978 4130 et
1009 4091 1037 4128 a
1073 4078 1458 4146 peccatoribus
1491 4089 1833 4150 segregatus,
1868 4081 2031 4135 altior

445 4167 607 4221 etiam
649 4167 782 4237 ipsis
847 4170 1005 4225 ccelis
1064 4171 1237 4226 factus
1263 4180 1367 4235 est,
1428 4189 1594 4244 super
1624 4182 1853 4242 paterno
1888 4177 2030 4230 solio

445 4261 665 4316 sedens.
712 4261 846 4316 Cum
901 4272 1082 4317 autent
1119 4264 1214 4331 ait,
1247 4265 1444 4334 factus,
1500 4270 1754 4323 omnibus
1820 4271 2032 4339 persni-

443 4365 606 4406 cuum
640 4362 724 4407 est
755 4353 899 4423 quod
929 4355 995 4410 de
1019 4353 1242 4410 Christo
1275 4357 1531 4427 loquatur
1560 4359 1864 4413 secundum
1902 4375 2029 4413 ear-

445 4459 588 4500 nem.
617 4446 747 4499 Nam
781 4456 841 4502 ut
869 4447 1009 4504 Dens
1044 4446 1300 4513 Verbum,
1335 4465 1549 4520 semper
1593 4457 1709 4505 'erat
1771 4453 1924 4507 caelis
1946 4453 2027 4507 al-

445 4537 570 4591 tior.

523 4624 799 4681 Vsus.2-7.
839 4628 944 4694 Qui
999 4645 1099 4682 non
1154 4630 1308 4683 habet
1355 4635 1716 4688 necessitatem
1772 4637 2024 4704 quotidie,
2057 4629 2106 4688 Ι.)

443 4718 881 4789 quemadmodum
908 4722 1202 4790 ponti/ires,
1235 4725 1386 4792 prius
1411 4741 1504 4792 pro
1531 4729 1640 4781 suis
1669 4728 1872 4783 delictis
1903 4729 2029 4784 Iros-

447 4812 552 4864 tias
579 4812 787 4881 θίγεν-νε,
823 4812 1008 4868 deinde
1037 4831 1132 4883 pro
1159 4819 1358 4882 populi.
1408 4818 1543 4877 Cum
1583 4820 1838 4886 dixisset,
1892 4838 2025 4877 nos-

447 4913 590 4958 trum
633 4903 953 4960 Pontilicem
985 4923 1015 4962 a
1060 4911 1449 4976 peccatoribus
1497 4922 1840 4982 segregatum
1881 4929 2026 4978 esse,

446 5011 594 5051 nunc
620 4994 768 5051 istud
808 4998 1124 5069 ampliﬁcat,
1150 5002 1366 5074 aitque:
1394 5003 1545 5059 Adeo
1576 5003 1712 5058 liber
1735 5014 1813 5059 est
1847 5020 1875 5058 a
1901 5021 2031 5075 pec-

447 5089 602 5154 catis,
637 5099 706 5143 ut-
750 5097 805 5145 et
862 5091 1139 5147 victimam
1185 5094 1422 5152 ollercns
1493 5096 1770 5168 pr0priutn
1800 5111 2025 5170 corpus,

444 5195 558 5240 non
593 5197 692 5253 pro
757 5186 1052 5257 semetipso
1123 5189 1225 5244 hoc
1248 5190 1526 5256 obtulerit,
1553 5189 1828 5260 quomodo
1855 5192 2025 5258 enim,

445 5277 541 5346 qui
582 5287 864 5347 peccatum
897 5295 1003 5334 non
1035 5279 1276 5336 fecerat?
1303 5282 1397 5337 sed
1440 5296 1539 5352 pro
1565 5281 1748 5336 nobis.
1799 5281 2028 5352 Insuper

449 5378 503 5422 ct
538 5369 685 5424 aliud
714 5371 1010 5443 colligitur.
1059 5371 1218 5442 chis
1251 5371 1504 5428 Mosaicae
1529 5374 1814 5442 pontiﬁces
1845 5377 2029 5445 quoti-

446 5460 536 5514 die
562 5461 882 5528 offerebant,
915 5479 1015 5520 ceu
1051 5465 1143 5534 qui
1168 5477 1424 5534 rprorsus
1460 5465 1753 5535 purilicare
1783 5483 1890 5522 non
1925 5485 2022 5538 po-

438 5550 702 5609 tuissent.
732 5553 932 5611 Noster
961 5565 1143 5612 autem
1180 5555 1431 5613 Pontifex
1509 5559 1824 5628 hujusmodi
1867 5562 2030 5616 obtu-

446 5639 511 5697 lit
544 5644 897 5709 sacriﬁcium,
948 5649 1093 5719 quod
1147 5649 1282 5706 adeo
1329 5653 1585 5722 praeclara
1643 5656 1905 5724 potuerit,
1963 5664 2022 5707 ut

517 5759 564 5792 ³³
599 5759 617 5814 1
652 5760 794 5828 Pclr.
827 5778 885 5828 tt,
916 5765 1006 5820 ‘22.

2202 3431 2648 3500 Κεχωρισμένος
2699 3432 2819 3486 ἀπὸ
2869 3431 2987 3486 τῶν
3019 3431 3403 3501 ἁμαρτωλῶν,
3433 3430 3531 3484 καὶ
3564 3433 3721 3499 ὕψη·-

2129 3526 2376 3593 λότερος
2407 3524 2524 3579 τῶν
2555 3523 2829 3594 οὐρατιτῶν
2863 3527 3200 3594 γενόμενος.
3242 3527 3305 3578 Ol
3341 3525 3445 3592 μὲν
3473 3526 3717 3592 νομικοὶ,

2132 3619 2334 3688 φησ¹ιν,,
2353 3619 2654 3688 ἀρχιερεῖς,
2685 3618 2788 3671 κᾶν
2821 3618 2964 3686 ἁγιοι
3009 3615 3120 3672 εἶεν
3148 3617 3276 3670 τὰτε
3313 3617 3466 3679 ἄλλα,
3511 3615 3587 3678 ὡς
3620 3616 3724 3668 ἄν-

2133 3713 2340 3782 θρωποι
2377 3709 2731 3780 ὲπισύρονταί
2776 3726 2831 3762 τι
2876 3709 2978 3779 τῆς
3015 3708 3252 3783 γκακίας,
3294 3709 3386 3762 καὶ
3436 3709 3496 3760 οὐ
3538 3706 3722 3776 πάντη

2133 3803 2530 3873 κεχωρισμένοι
2561 3801 2668 3855 sici.
2717 3801 2826 3853 τῶν
2861 3798 3223 3870 ἁμαρτωλῶν.
3266 3798 3392 3861 Πῶς
3439 3799 3568 3868 γὰρ,
3601 3798 3722 3864 οἵγε

2133 3895 2227 3945 καὶ
2278 3891 2434 3945 αὐτοὶ
2483 3889 2782 3960 ἁμαρτίαις
2816 3889 3035 3959 ἐνοχοις
3091 3888 3201 3941 Καὶ⁸
3250 3887 3500 3957 προσέτι,
3540 3886 3721 3947 οὐδεὶς

2132 3982 2312 4036 αὐτῶν
2346 3983 2403 4034 ὲν
2423 3981 2638 4052 οὐρανῷ
2664 3981 2882 4049 ἐγένετο
2902 3999 2914 4010 ·
2950 3982 2977 4032 6
3003 3980 3058 4032 δὲ
3091 3979 3362 4049 ἡμέτερος
3398 3978 3717 4050 Ἀρχιερεὺς

2135 4078 2270 4144 μετὰ
2306 4073 2398 4127 τεῦ
2429 4073 2612 4142 πάσης
2641 4073 2845 4142 ἀρετῆς
2876 4071 3242 4142 ύπερπλήρης
3285 4066 3448 4135 εἶναι,
3483 4071 3577 4124 καὶ
3607 4071 3720 4124 τῶν
3769 4074 3780 4077 “

2133 4165 2477 4237 ἁμαρτωλῶν
2528 4164 2892 4235 κεχωρίσθαι,
2939 4164 3020 4216 ἐτι
3072 4163 3168 4216 καὶ
3223 4162 3554 4232 ὑψηλότερος
3609 4163 3720 4214 τῶν

2131 4257 2375 4326 οὐρανῶν
2423 4258 2670 4324 γέγονεν,
2729 4257 2808 4319 είς
2861 4256 3025 4310 αὐτὸν
3068 4256 3159 4309 τὸν
3213 4256 3481 4325 πατρικὸν
3527 4254 3719 4326 θρόνον

2133 4350 2382 4408 καθίσας.
2417 4347 2490 4400 Τὸ
2531 4347 2606 4411 δὲ,
2639 4347 2988 4417 γενόμενος,
3037 4347 3194 4416 δῆλον
3242 4348 3430 4410 πᾶσιν,
3464 4347 3545 4400 ὅτι
3591 4345 3722 4416 περὶ

2129 4441 2223 4493 τοῦ
2259 4441 2398 4494 κατᾶ
2446 4439 2651 4503 σάρκα.
2690 4439 2779 4500 Ὠς
2814 4437 2924 4508 γὰρ
2967 4438 3100 4502 Θεὸς
3149 4437 3345 4507 Λόγος,
3376 4434 3445 4508 ἦν
3491 4438 3579 4493 ἀεί
3611 4438 3723 4490 τῶν

2131 4531 2376 4601 οὐρανῶν
2417 4529 2773 4600 ὑψηλότερος.

2206 4626 2304 4690 Ὃς
2335 4625 2447 4676 οὐκ
2479 4623 2604 4691 ἔχει
2637 4622 2766 4674 καθ’
2813 4621 3043 4690 ἡμέραν
3084 4621 3380 4691 ἀνάγκην,
3416 4620 3622 4688 ὥσπερ
3667 4623 3722 4673 οἱ

2137 4712 2448 4782 ἀρχιερεῖς,
2498 4713 2793 4780 πρότερον
2839 4711 2991 4779 ὑπὲρ
3050 4711 3170 4765 τῶν
3218 4710 3387 4764 ἰδίων
3419 4708 3726 4779 ἁμαρτιῶν

2139 4807 2354 4872 θυσίας
2387 4802 2728 4875 ἀναφέρειν,
2776 4804 2981 4858 ἔπειτα
3012 4801 3130 4856 τῶν
3173 4803 3280 4857 τοῦ
3307 4802 3484 4858 λαοῦ.
3535 4801 3722 4854 Εἰπὼν

2137 4899 2220 4952 ὅτι
2267 4897 2676 4970 κεχωρισμένος
2711 4897 2827 4948 ἐστὶ
2857 4895 2963 4948 τῶν
2998 4894 3342 4964 ἁμαρτωλῶν
3372 4897 3400 4947 6
3449 4893 3723 4964 ἡμέτερος

2153 4991 2490 5063 ’Λρχιερεὺς,
2547 4986 2952 5059 ἒμπλατύνεται
3009 4985 3206 5056 τούτῳ,
3262 4986 3354 5038 καί
3417 5002 3603 5056 φησιν,
3638 4985 3721 5038 δτι

2140 5083 2394 5138 τοσοῦτον
2423 5081 2705 5149 ἐλεύθερός
2755 5081 2907 5132 ἐστιν
2959 5079 3270 5149 ἁμαρτιῶν,
3313 5077 3455 5148 ὣστε
3489 5079 3583 5130 καὶ⁵
3623 5076 3723 5129 θυ-

2137 5181 2258 5233 σίαν
2295 5175 2681 5250 προσενεγκὼν
2720 5175 2781 5227 τὸ
2823 5174 2954 5228 ἴδιον
2986 5175 3166 5244 σῶμα,
3213 5177 3315 5245 οὐχ
3356 5175 3496 5244 ὑπὲρ
3526 5170 3723 5225 ἑαυτοῦ

2135 5274 2294 5328 τοῦτο
2322 5272 2668 5343 προσήνεγκε
2693 5287 2705 5300 ο
2739 5269 2856 5332 πῶς
2880 5268 3009 5340 γὰρ,
3041 5269 3317 5340 ἁμαρτίαν
3347 5269 3424 5338 μὴ
3452 5267 3720 5338 ποιήσας;

2134 5375 2249 5428 ἀλλ’
2282 5373 2422 5442 ὑπὲρ
2480 5371 2660 5440 ἡμῶν.
2709 5368 2873 5421 Ἀλλὰ
2922 5370 3016 5422 καὶ
3065 5368 3214 5422 ἄλλο.
3266 5369 3327 5420 Oi
3370 5367 3468 5437 μὲν
3507 5360 3722 5436 νομικοὶ

2135 5468 2414 5540 ἀρχιερεῖς
2454 5463 2577 5516 καθ’
2607 5463 2846 5532 ἑκάστην
2882 5460 3182 5531 προσῆγον,
3221 5460 3296 5524 ὡς
3328 5460 3403 5530 μὴ
3433 5459 3722 5540 δυνάμενοι

2140 5559 2288 5624 ἅπαξ
2328 5556 2663 5627 καθαρίσαι’
2711 5548 2865 5616 οὗτος
2897 5554 2954 5606 δὲ
3000 5552 3257 5621 τοιαύτην
3310 5551 3501 5604 Θυσίαν
3549 5538 3720 5621 προσ-

2143 5656 2344 5726 ήνεγκε
2366 5654 2409 5716 ⁵,
2466 5648 2560 5703 καλ.
2613 5648 2756 5701 οὕτω
2789 5647 2998 5718 μεγάλα
3035 5645 3366 5716 δυναμένην,
3401 5643 3539 5695 ὥστε
3578 5640 3721 5702 Ξπαξ

1802 5872 1998 5933 Varite
2028 5869 2357 5933 lectiones.

521 5961 542 5993 '
571 5961 892 6032 προσήγαγε
912 5978 966 6015 ο.
