4014 6208
449 424 556 489 287

1380 420 1961 483 THEOI'JIYLACTI
1998 418 2409 482 BULGARLE
2444 419 2802 479 ARCHIEP.

3614 420 3729 481 283

451 536 701 596 dixisset,
745 530 926 601 qualia
976 537 1126 594 sunt,
1179 528 1455 601 pontifex,
1517 529 1859 585 intercedere
1892 529 2030 601 apud

2140 528 2242 582 ὅσα
2270 529 2368 598 τῆς
2397 528 2835 600 ἁνθρωπότητος,
2874 529 2966 583 ἐπὶ
2992 529 3054 582 τὸ
3101 529 3304 601 ὑψηλὸν
3334 530 3525 603 ἀνέϐη,
3572 538 3666 587 καὶ
3695 535 3727 587 ὃ
3782 598 3789 603 _

452 627 693 690 Patrem,
722 632 1123 694 etquaecuuque
1151 621 1221 677 ad
1251 623 1651 679 humanitatem
1689 623 2034 695 spectabant,

456 718 511 773 in
530 717 701 771 altum
734 714 1002 779 ascendit,
1028 715 1103 787 let
1128 715 1194 771 ad
1214 715 1265 771 id
1293 717 1436 787 quod
1464 715 1682 771 deitatis
1706 722 1811 778 est,
1845 730 2038 785 nempe

454 806 665 862 sedere.
719 803 871 859 Facit
911 813 1093 858 autem
1131 804 1234 860 hoc
1267 819 1507 876 semper,
1540 806 1685 861 sicut
1719 814 1775 860 et
1834 819 2041 873 praece-

454 907 579 969 plor
610 897 727 967 ejus
759 898 813 951 in
837 896 1153 966 Evangelio,
1180 906 1237 951 ut
1262 912 1358 968 per
1377 897 1604 954 humilia
1630 897 1848 967 quidem
1873 912 2037 952 manu

454 992 618 1046 ducat
641 990 944 1044 auditorem
971 997 1030 1043 ut
1051 990 1276 1044 verbum
1297 988 1563 1060 percipiat
1598 1007 1612 1044 :
1660 989 1861 1059 alioqui
1891 990 2037 1045 enim

455 1086 562 1138 n'on
589 1082 906 1152 assequitur
940 1080 1179 1147 auditor,
1205 1081 1308 1137 nisi
1331 1081 1596 1152 paulatim
1625 1079 1884 1137 ascendat
1908 1098 1924 1133 :
1945 1097 2041 1152 per

454 1176 710 1232 sublimia
736 1192 864 1234 vero
883 1178 1099 1245 doceat,
1133 1178 1279 1249 quod
1318 1179 1411 1234 illa
1440 1176 1851 1234 sedemittendo
1883 1179 2040 1234 dixe-

456 1271 549 1325 rit.
616 1270 901 1325 Thronum
944 1280 1127 1328 autem
1196 1271 1527 1341 majestatis,
1590 1271 1833 1342 patrium
1880 1272 2040 1337 dicit,

456 1363 541 1415 vel
576 1362 721 1431 quod
783 1362 946 1417 Pater
982 1365 1149 1418 etiam
1184 1363 1682 1432 majestasdicatur
1723 1383 1736 1419 :
1775 1364 1856 1419 vel
1889 1365 2040 1433 quod

458 1454 781 1524 simpliciter
816 1455 1050 1511 thronus
1089 1456 1397 1527 majestatis
1442 1457 1516 1513 sit
1573 1457 1808 1513 thronus
1860 1458 2043 1513 maxi-

460 1560 603 1600 ntus.

529 1635 781 1690 Vens.2.
844 1634 1165 1690 Sanctorum
1239 1636 1501 1691 minister.
1565 1637 2039 1705 Quemadmodum

457 1726 657 1779 terreni
696 1727 980 1797 pontiﬁces
1003 1727 1374 1798 ingredientes
1397 1729 1450 1784 iu
1488 1729 1687 1786 Sancta
1720 1739 2039 1787 sanctorum

462 1817 904 1873 ministrabant:
975 1820 1120 1875 hunc
1160 1818 1227 1874 ad
1316 1821 1536 1875 modum
1589 1832 1644 1876 et
1696 1822 1799 1877 iste
1850 1838 2040 1879 revera

455 1921 773 1965 sanctorum
805 1921 858 1967 ct
878 1928 1132 1967 verorum
1172 1925 1528 1979 arcanorum,
1564 1917 2040 1987 superrmlestium

455 2002 739 2069 nimirum,
767 2015 849 2058 est
884 2004 1156 2062 minister.
1190 2004 1423 2063 Videtur
1455 2016 1637 2062 autem
1664 2009 1767 2064 sibi
1798 2011 1914 2079 ipse
1951 2009 2042 2065 hic

458 2095 739 2149 adversari
790 2094 1017 2153 Paulus.
1063 2095 1120 2152 Ιιι
1193 2098 1460 2170 principio
1517 2101 1662 2156 enim
1721 2102 1911 2156 dixit:
1958 2105 2042 2157 Ad

453 2201 605 2256 quem
658 2188 965 2258 angelorum
1014 2191 1153 2246 dixit
1181 2234 1196 2260 ,
1242 2193 1421 2249 Sede?
1471 2203 1527 2250 ct
1565 2213 1579 2250 :
1624 2194 1816 2250 Nonne
1860 2214 2040 2252 omnes

452 2278 910 2338 administratorii
953 2286 1178 2355 spiritus
1219 2289 1392 2342 sunt?
1457 2291 1617 2360 quasi
1653 2290 1906 2347 videlicet
1937 2293 2038 2348 ad-

452 2373 705 2429 minister
756 2377 950 2432 sedere
1003 2394 1112 2436 non
1162 2380 1411 2437 deberet.
1495 2381 1597 2437 Hie
1658 2399 1788 2439 vero
1824 2392 2040 2455 postca-

452 2480 617 2534 quam
662 2468 999 2525 asseruisset
1042 2486 1167 2526 eum
1231 2472 1423 2529 sedere
1469 2474 1521 2527 iu
1553 2475 1772 2530 dextera
1833 2476 2036 2542 throni,

450 2576 649 2617 rursus
703 2562 914 2618 inducit
953 2580 1078 2620 eum
1144 2566 1481 2623 ministrum.
1525 2567 1628 2634 Qui
1665 2568 1833 2638 igitur
1892 2568 2038 2625 istud

453 2654 609 2715 dicit,
665 2656 768 2709 nisi
798 2664 856 2710 ut
885 2655 1111 2714 omnino
1155 2657 1441 2729 indulgeat
1467 2660 1836 2726 auditoribus,
1871 2670 2036 2731 atque

454 2745 684 2799 humilia
735 2749 966 2803 summis
1004 2750 1370 2820 permisceat?
1421 2751 1683 2808 Nonnulli
1714 2761 1894 2808 autent
1948 2755 2034 2809 in-

453 2838 800 2904 tellexerunt,
830 2841 1074 2896 minister
1111 2853 1441 2910 sanctorum,
1482 2860 1583 2915 pro
1618 2844 1905 2900 hominum
1967 2847 2037 2903 ab

452 2931 575 2999 ipso
595 2932 1091 2988 sanctiﬁcatorum.
1124 2934 1326 2992 Noster
1345 2936 1516 3004 enim,
1546 2936 1750 3009 inquit,
1781 2937 2031 2992 Pontil‘cx

452 3032 560 3079 CSI.

522 3111 598 3167 Ac
634 3115 963 3168 tabernaculi
993 3114 1101 3169 veri
1126 3117 1267 3186 quod
1297 3116 1418 3186 ﬁxit
1445 3115 1613 3186 Deus,
1648 3118 1825 3174 et'non
1855 3120 2032 3175 homo.

2139 621 2239 689 τῆς
2272 619 2528 690 θεότητός
2563 622 2704 673 ἐστι.
2740 621 2892 673 Ποιεῖ
2932 619 2989 673 δὲ
3021 621 3179 675 τοῦτο
3216 623 3330 687 ἀεὶ,
3356 621 3546 692 ὥσπερ
3576 625 3671 677 καὶ
3699 627 3730 677 6

2139 709 2461 775 διδάσκαλος
2492 711 2660 766 αὐτοῦ
2689 713 2747 765 ὲν
2769 711 2846 782 τῷ
2878 711 3193 784 Εύαγγελίῳ
3216 730 3231 745 ο
3260 714 3349 769 ἵνα
3372 713 3463 769 διὰ
3491 714 3590 786 μὲν
3620 716 3728 770 τῶν

2140 804 2410 856 ταπεινῶν
2439 805 2831 876 χειραγωγήσῃ
2858 805 2950 859 τὸν
2990 806 3266 878 ἀκροατὴν
3299 808 3443 861 ὥστε
3483 809 3729 879 παραδέ-

2143 894 2337 960 ξασθαι
2391 897 2486 950 τὸν
2524 896 2728 965 λόγον’
2781 896 2959 960 ἄλλως
2998 898 3107 966 γὰρ
3154 898 3214 951 ού
3262 899 3665 969 παρακολουθεῖ
3698 903 3728 954 6

2142 988 2382 1056 ἁκούων,
2414 990 2462 1043 εἰ
2500 989 2575 1061 μὴ
2609 989 2751 1043 κατὰ
2783 990 2979 1062 μικρὸν
3014 990 3294 1045 ἀνοιδαίνει
3324 1008 3339 1020 ·
3392 990 3481 1046 διὰ
3523 992 3579 1047 δὲ
3617 994 3727 1046 τῶν

2143 1081 2366 1154 ὑψηλῶν
2413 1082 2623 1156 διδάξῃ,
2672 1083 2755 1136 ὅτι
2796 1084 3205 1152 συγκατάὃασις
3236 1078 3304 1155 ἦν
3339 1086 3542 1139 ἐκεῖνα.
3591 1086 3729 1157 Spri-

2141 1190 2232 1227 νον
2276 1174 2334 1228 δὲ
2366 1175 2759 1245 μεγαλωσύνης
2790 1174 2881 1228 τὸν
2920 1175 3192 1245 πατρικὸν
3221 1191 3409 1246 φησιν,
3454 1175 3487 1247 ἢ
3524 1177 3607 1230 ὃτι
3633 1176 3727 1231 καὶ

2142 1267 2171 1320 6
2224 1268 2418 1338 Πατὴρ
2472 1267 2693 1338 λεχθείη
2750 1269 2818 1321 ἂν
2888 1265 3040 1337 αὐτῷ
3097 1267 3493 1339 μεγαλωσύνη’
3547 1269 3579 1337 ἢ
3640 1271 3725 1325 ὅτι

2141 1357 2331 1423 ἁπλῶς
2362 1360 2504 1414 οὕτω
2549 1360 2740 1431 θρόνος
2786 1350 3182 1430 μεγαλωσύνης
3214 1360 3244 1413 6
3291 1360 3548 1430 μέγιστος
3600 1361 3727 1432 096-

2143 1469 2256 1516 νος.

2223 1635 2343 1688 Τῶν
2382 1637 2570 1705 ἁγίων
2617 1639 2990 1707 λειτουργός.
3037 1638 3251 1709 Ὥσπερ
3280 1640 3330 1692 οἱ
3361 1639 3515 1694 κάτω
3537 1642 3726 1715 apvt.

2147 1728 2258 1798 psi;
2288 1727 2662 1798 εἰσερχόμενοι
2691 1729 2773 1792 εἰς
2799 1729 2866 1783 τὰ
2908 1730 3083 1799 ’Ἅγια
3117 1730 3226 1784 τῶν
3257 1731 3428 1800 ἁγίων
3460 1734 3728 1804 ἐλειτούρο

2146 1835 2276 1887 γουν
2302 1834 2315 1848 ⁸
2352 1817 2498 1872 οὕτω
2524 1818 2620 1872 καὶ
2644 1813 2798 1883 οὗτος
2826 1820 2934 1875 τῶν
2964 1820 3133 1886 ὅντως
3160 1822 3353 1891 ἁγίων,
3372 1824 3494 1878 ,τῶν
3522 1824 3711 1896 ἀληθι-

2147 1907 2256 1962 νῶν
2316 1908 2549 1976 ἀδύτων,
2620 1911 2730 1966 τῶν
2787 1912 3130 1985 ἐπουρανίων
3198 1906 3318 1969 ἐστὶ
3388 1916 3721 1989 λειτουργάς.

2141 1999 2396 2055 Φαίνεται
2423 2001 2479 2055 δὲ
2516 2003 2755 2058 ἐνταῦθα
2793 2005 3189 2075 ὲναντιολογεῖν
3224 2007 3457 2071 Παῦλος.
3496 2010 3585 2064 Ἐν
3626 2010 3723 2081 μὲν

2142 2090 2254 2160 γὰρ
2284 2093 2595 2162 προοιμίοις
2634 2094 2863 2165 εἴρηκε·
2908 2096 3067 2165 Πρὸς
3116 2099 3252 2173 τίνα
3295 2099 3412 2153 τῶν
3452 2101 3723 2170 ἀγγέλων

2140 2176 2302 2235 εἶπε·
2360 2183 2561 2240 Κάθου
2579 2201 2599 2249 ;
2659 2186 2809 2256 Οὐχὶ
2876 2186 3099 2256 πάντες
3162 2190 3284 2245 εισι
3354 2194 3728 2262 λειτουργικὰ

2140 2274 2488 2344 πνεύματος
2529 2275 2604 2341 ὡς
2633 2277 2834 2351 δηλαδὴ
2876 2280 2973 2334 τοῦ
3003 2280 3328 2353 λειτουργοῦ
3368 2285 3444 2355 μὴ
3479 2284 3725 2354 ὀφείλονο

2137 2381 2233 2431 τος
2276 2367 2577 2438 καθῆσθαιο
2623 2368 2721 2425 νῦν
2749 2370 2805 2425 δὲ
2844 2371 3038 2441 εἰπὼν,
3070 2374 3154 2429 ὅτι
3193 2375 3449 2431 ἐκάθισεν
3488 2378 3548 2431 ὲν
3576 2377 3728 2451 δεξιᾷ

2139 2458 2234 2511 τοῦ
2279 2458 2493 2530 θρόνου,
2530 2462 2697 2515 πάλιν
2742 2464 2959 2534 εἰσάγει
2997 2466 3163 2520 αὐτὸν
3209 2458 3549 2539 λειτουργόν.
3599 2472 3726 2535 Πῶς

2137 2551 2232 2605 οὖν
2282 2552 2442 2607 τοῦτό
2487 2573 2689 2624 φησιν,
2737 2558 2771 2626 ἢ
2827 2558 3045 2623 πάντως
3097 2560 3574 2628 συγκαταϐαίνων,
3629 2566 3726 2618 καὶ

2138 2645 2446 2714 ἀναμιγνὺς
2497 2650 2610 2712 τοῖς
2644 2650 2872 2721 ὑψηλοῖς
2904 2651 2972 2704 τὰ
3001 2652 3271 2718 ταπεινάς
3323 2654 3476 2718 Τινὲς
3530 2654 3590 2709 δὲ
3641 2654 3727 2721 τὸ,

2136 2736 2488 2807 λειτουργὸς
2549 2737 2670 2793 τῶν
2708 2741 2915 2810 ἁγίων.
2955 2741 3126 2807 οὕτως
3160 2744 3410 2815 ἐνόησαν,
3451 2746 3575 2799 ἀντὶ
3620 2744 3719 2800 τοῦ

2140 2831 2250 2883 τῶν
2296 2830 2647 2901 ἡγιασμένων
2689 2833 2783 2887 ὑπ’
2813 2834 2980 2891 αὑτοῦ
3017 2835 3355 2908 ἀνθρώπων·
3404 2837 3561 2909 ἡμῶν
3610 2838 3723 2910 γάρ

2137 2924 2278 2986 ἔστι,
2309 2922 2497 2994 φησὶν,
2527 2925 2844 2996 ἀρχιερεύς.

2213 3110 2320 3165 Καὶ
2372 3111 2484 3178 τῆς
2509 3111 2751 3180 σκηνῆς
2782 3114 2893 3183 τῆς
2935 3082 3252 3185 ἀληθινῆς,
3287 3114 3370 3185 ἣν
3417 3119 3643 3185 ἔπηξεν
3688 3124 3724 3174 ό

455 3203 557 3258 llic
609 3206 818 3260 excitat
863 3221 959 3261 eos
1003 3207 1097 3277 qui
1127 3223 1191 3262 ex
1223 3206 1427 3264 .ludreis
1456 3209 1827 3267 crediderant.
1895 3211 2034 3281 Quia

2140 3204 2379 3272 Κύριος.
2422 3204 2519 3257 καὶ
2570 3206 2686 3259 οὐκ
2734 3205 3068 3275 ἄνθρωπος.
3113 3207 3378 3264 Ἐνταῦθα
3421 3209 3724 3281 διανίστησι

453 3295 600 3350 οιιίιη
640 3296 944 3353 verisimile
982 3308 1102 3353 erat
1124 3314 1219 3356 eos
1251 3299 1762 3360 dubitando'dicere
1789 3322 1802 3358 :
1828 3304 2039 3361 Taber-

454 3385 709 3439 naculmu
758 3385 1070 3455 liujusmodi
1122 3405 1227 3444 non
1252 3389 1515 3447 habemus
1555 3391 1677 3446 :En
1718 3394 1917 3463 maius,
1954 3396 2041 3450 iu-

451 3480 596 3543 quit,
634 3475 1050 3531 tabernaculum
1088 3477 1175 3530 bie
1227 3486 1283 3533 et
1318 3494 1528 3543 verum,
1568 3480 1769 3536 ccelum
1836 3482 2036 3551 ipsum.

452 3566 623 3622 Vetus
648 3583 884 3639 namque
920 3569 1331 3627 tabernaculum
1380 3572 1553 3643 ﬁgura
1584 3582 1708 3628 erat
1752 3574 1944 3644 hujus;
1986 3585 2041 3630 ct

454 3660 590 3715 illud
624 3662 843 3732 quidem
885 3663 1051 3718 homo
1090 3662 1224 3730 fixit,
1279 3665 1362 3719 vel
1392 3663 1667 3730 Beselecl,
1710 3667 1788 3719 vel
1835 3665 2036 3730 Moses,

453 3754 558 3810 hoc
591 3765 774 3810 autem
825 3754 988 3812 Deus.
1042 3755 1180 3811 Hinc
1231 3767 1413 3813 autem
1461 3759 1691 3813 observa
1727 3761 2032 3815 secundum

453 3848 635 3901 divum
669 3846 937 3902 Joannem
955 3847 1436 3920 Chrysostomum,
1463 3850 1608 3922 quod
1632 3851 1836 3906 malum
1862 3868 2036 3921 neque

455 3950 767 4006 moveatur,
807 3956 986 4010 neque
1006 3943 1301 3997 rotundum
1333 3942 1404 3999 sit
1432 3960 1445 3997 :
1477 3951 1709 4014 utraque
1735 3942 1878 3999 enim
1900 3944 2037 3999 tollit

453 4035 599 4105 quod
634 4035 729 4098 ait,
758 4034 901 4104 fixit.

527 4124 694 4180 Vens.
742 4127 796 4180 5.
834 4127 1021 4182 Omnis
1085 4126 1225 4182 enim
1274 4126 1516 4196 pontifex
1583 4127 1652 4181 ad
1711 4125 2037 4196 o/I‘erendum

452 4236 671 4273 munera
706 4229 755 4275 et
788 4218 991 4274 hostias
1052 4220 1395 4274 constituitur
1444 4236 1463 4275 :
1516 4220 1655 4275 unde
1706 4236 1914 4275 necesse
1958 4228 2037 4273 est

450 4323 500 4367 ct
530 4310 667 4366 hunc
712 4314 903 4367 habere
936 4313 1138 4383 aliquid
1175 4313 1315 4382 quod
1368 4313 1578 4382 offerat.
1638 4313 1776 4380 Quia
1819 4313 2037 4368 dixerat

452 4418 576 4459 eum
608 4403 822 4468 sedere,
876 4420 946 4458 ne
1006 4406 1397 4474 imposturamz
1430 4404 1718 4461 arbitreris
1751 4405 1896 4474 quod
1943 4420 2035 4460 sa-

2141 3296 2269 3358 τοὺς
2329 3294 2390 3360 ἐξ
2460 3295 2731 3350 Ἰουδαίων
2796 3299 3263 3367 πεπιστευκότας,
3333 3300 3550 3372 Ἐπειδὴ
3613 3302 3725 3371 γὰρ

2141 3386 2288 3450 εἰκὸς
2313 3382 2380 3458 ἦν
2410 3387 2603 3465 αὐτούς
2641 3388 2990 3458 ἀπορεῖσθαι,
3027 3391 3110 3445 ὅτι
3158 3392 3366 3464 σκηνὴν
3394 3391 3494 3448 οὐκ
3525 3392 3726 3465 ἔχομεν

2140 3474 2399 3546 τοιαύτην
2422 3490 2435 3504 ·
2480 3462 2635 3542 Ἰδοὺ,
2668 3478 2826 3547 φησὶ,
2853 3479 3057 3549 μείζων
3092 3479 3267 3553 σκηνὴ
3296 3462 3389 3534 atat
3413 3462 3666 3555 ἀληθινῆ.
3694 3483 3728 3536 6

2138 3566 2392 3637 οὐρανός.
2435 3565 2499 3620 Ἦ
2531 3566 2641 3638 γὰρ
2682 3568 2891 3622 παλαιᾶ
2927 3570 3099 3634 τύπος
3132 3567 3200 3641 ἦν
3249 3572 3491 3643 ταύτης·
3530 3575 3726 3628 traxe!-

2140 3676 2238 3730 νην
2268 3657 2368 3725 μὲν
2400 3659 2688 3730 ἄνθρωπος
2710 3658 2934 3731 ἔπηξεν,
2961 3663 2995 3733 ἢ
3021 3664 3049 3715 6
3079 3659 3345 3737 Βεζελεὴλ
3365 3666 3406 3727 ⁸,
3434 3665 3468 3736 ἢ
3500 3668 3529 3719 6
3552 3667 3725 3722 Μωῦ-

2141 3750 2261 3817 σῆς,
2292 3748 2500 3820 ταύτην
2526 3750 2581 3805 δὲ
2620 3750 2773 3813 Θεός.
2823 3753 3114 3809 Ἐντεῦθεν
3143 3753 3200 3809 δὲ
3239 3757 3543 3826 σημείωσαι
3579 3759 3726 3813 κατὰ

2130 3840 2232 3903 ,τὸν
2265 3841 2536 3912 μακάριον
2577 3841 2852 3916 Ἰωάννηνξ
2882 3844 2962 3899 ὅτι
2999 3844 3122 3900 οὔτε
3156 3849 3385 3903 κινεῖται
3415 3848 3445 3901 6
3469 3850 3720 3920 οὐρανὸς.

2137 3931 2261 3987 οὔτε
2294 3934 2642 4006 σφαιροειδής
2672 3935 2846 3990 ἐστιν’
2886 3935 2949 3993 τὸ
2987 3938 3122 4011 γὰρ,
3158 3938 3411 4008 ἔπηξεν,
3431 3941 3723 4014 ἀμφότερα

2139 4025 2377 4097 ἀναιρεῖ.

2213 4116 2342 4182 Πᾶς
2374 4117 2484 4186 γὰρ
2510 4118 2826 4189 ἀρχιερεὺς
2854 4123 2942 4187 εἰς
2972 4121 3037 4175 τὸ
3076 4125 3441 4196 προσφέρειν
3472 4115 3630 4195 δῶρά
3658 4144 3724 4182 τε

2135 4210 2233 4263 καὶ
2266 4211 2485 4277 θυσίας
2516 4212 2900 4266 immoratur
2934 4212 3076 4268 ὅθεν
3111 4215 3443 4286 ἀναγκαῖον
3471 4220 3636 4288 ἔχειν
3667 4238 3725 4273 τι

2137 4301 2236 4355 καὶ
2271 4301 2486 4355 τοῦτον
2517 4302 2549 4355 ὃ
2580 4303 2984 4373 προσενέγκῃ.
3030 4306 3251 4379 Ἐπειδὴ
3279 4304 3433 4363 εἶπεν
3460 4310 3543 4363 ὅτι
3584 4310 3722 4365 κάθ-

2134 4411 2285 4462 ηται,
2328 4392 2415 4447 ἵνα
2447 4392 2523 4463 μὴ
2565 4393 2784 4463 ἀπάτην
2813 4394 3045 4465 νομίσῃς
3082 4397 3144 4449 τὸ
3188 4398 3338 4469 ἱερέα
3373 4399 3537 4453 αὐτὸν
3562 4400 3721 4471 εἰρῆ-

452 4490 650 4545 cerdos
704 4490 952 4558 dicitur;
1003 4472 1243 4555 etiamsi,
1277 4492 1718 4563 in_quit,sedeat.,
1738 4472 2032 4565 propterea

2140 4484 2281 4547 σθαι,
2314 4482 2504 4555 φησὶν,
2537 4483 2621 4537 ὅτι
2652 4484 2702 4536 εί
2743 4486 2838 4539 καὶ
2868 4486 3129 4558 κάθηται,
3159 4472 3275 4541 air
3304 4485 3398 4543 οὖν
3431 4490 3533 4543 οὐκ
3561 4490 3724 4545 ἀπώ-

452 4592 636 4638 tamen
697 4600 805 4639 non
839 4585 1003 4639 desiit
1045 4600 1169 4640 esse
1238 4586 1505 4656 pontifex.
1551 4564 1757 4643 Omnia
1795 4572 2032 4657 namque

2140 4575 2261 4627 λεσε
2295 4574 2355 4627 τὸ
2395 4575 2688 4647 ἀρχιερεὺς
2728 4572 2900 4630 εῖναι·
2945 4579 3123 4632 πάντα
3165 4579 3274 4651 γὰρ
3305 4579 3375 4633 τὰ
3403 4580 3509 4641 τῶν
3538 4581 3729 4652 ἀρχιε-

455 4689 575 4743 quiue
608 4684 736 4728 sunt
771 4674 1111 4743 pontificum,
1137 4674 1322 4742 habet,
1347 4691 1411 4732 ac
1439 4677 1899 4749 quemadmodum
1950 4677 2029 4732 illi

452 4766 711 4832 olferunt,
753 4768 834 4821 sic
878 4777 930 4820 et
973 4767 1091 4839 ipse
1151 4769 1348 4824 obtulit
1405 4771 1783 4841 semetipsum.
1826 4769 2029 4825 Sedere

450 4859 597 4913 cnim
613 4859 896 4930 dignitatis
933 4871 1017 4913 est
1048 4860 1218 4931 ipsius
1250 4877 1264 4916 :
1298 4863 1615 4934 pontiﬁcatu
1643 4870 1826 4918 autem
1850 4861 2025 4932 biiugi,

451 4949 639 5003 multa:
670 4964 989 5019 magnaeque
1019 4959 1105 5006 est
1138 4951 1466 5008 clementiae.
1514 4949 1807 5014 [δι-πίειρα,
1859 4967 2029 5022 quan-

450 5040 741 5110 doquidem
784 5041 1029 5096 nonnulli
1076 5040 1442 5113 inquirerent,
1479 5054 1578 5095 cur
1625 5050 1856 5094 mortem
1892 5040 2025 5095 sub-

2140 4671 2282 4741 ρέων
2327 4670 2461 4743 ἔχει,
2499 4672 2590 4724 καὶ
2621 4670 2812 4743 ὥσπερ
2859 4672 3061 4728 ἐκεῖνοι
3096 4676 3522 4747 προσφέρουσιν,
3571 4676 3722 4731 οὕτω

2079 4769 2096 4787 ⁹
2137 4765 2230 4819 καὶ
2261 4763 2421 4826 αὐτὸς
2476 4765 2851 4837 προσήνεγκεν
2908 4766 3121 4822 ἑαυτὸν.
3163 4768 3237 4821 Τὸ
3279 4768 3379 4839 μὲν
3423 4769 3532 4839 γὰρ
3578 4769 3720 4824 καθ-

2135 4856 2325 4927 ῆσθαιι
2352 4857 2453 4927 τῆς
2485 4854 2642 4922 ἀξίας
2673 4858 2874 4912 αὐτοῦ’
2904 4850 2985 4911 ’τὸ
3018 4858 3075 4912 δὲ
3121 4859 3567 4930 ἀρχιερατεῦσαι,
3612 4861 3719 4929 τῆς

2136 4948 2550 5020 φιλανθρωπίας
2593 4950 2693 5019 τῆς
2724 4948 2948 5020 πολλῆς.
3008 4951 3117 5004 Καὶ
3165 4951 3342 5016 ἄλλως
3389 4952 3471 5017 δὲ,
3524 4953 3717 5022 ἐπειδὴ

2133 5041 2360 5111 ἐζήτουν
2376 5041 2538 5106 τινὲς,
2556 5040 2699 5104 τίνος
2713 5040 2899 5097 ἕνεκεν
2918 5040 3210 5107 ἀπέθανεν,
3232 5044 3347 5111 εἴγε
3366 5044 3489 5107 Υἱὸς
3509 5040 3596 5114 ἦν,
3622 5042 3721 5098 καὶ

448 5132 625 5195 iisSct,
662 5132 706 5187 si
738 5130 909 5187 Filius
944 5130 1036 5187 Dei
1089 5148 1154 5188 ac
1219 5133 1587 5203 sempiternus
1642 5138 1759 5186 erat
1793 5171 1808 5197 ,
1866 5131 2028 5186 diluit

2140 5136 2341 5197 ιιξώνιος
2358 5148 2374 5162 ·
2404 5132 2518 5187 λύει
2536 5132 2711 5198 τοῦτο,
2731 5133 2824 5187 καί
2846 5151 3028 5205 φησιν,
3050 5136 3154 5202 ὅτι,
3174 5137 3393 5207 Ἐπειδὴ
3422 5136 3600 5206 ἱερεὺς
3624 5132 3719 5207 ἦν,

449 5225 556 5282 hoc
605 5224 856 5295 inquiens
896 5223 1401 5295 :Quandoquidem
1448 5221 1709 5279 sacerdos
1752 5232 1892 5288 erat,
1932 5239 2025 5279 sa-

453 5320 650 5375 cerdos
681 5330 859 5375 autem
893 5306 1013 5375 sine
1037 5317 1217 5397 hostia
1234 5333 1342 5372 non
1367 5325 1473 5383 est,
1512 5319 1884 5373 necessarium
1910 5327 2028 5373 erat

451 5409 654 5467 habere
676 5411 933 5481 quiddam
962 5418 1015 5466 et
1052 5410 1196 5464 hunc
1252 5409 1412 5480 703
1474 5411 1613 5481 quod
1667 5410 1877 5479 oﬁ'erat.
1912 5409 2027 5464 Hoc

451 5495 635 5556 autem
686 5506 818 5558 nihil
852 5513 1185 5574 eratprteler
1214 5503 1391 5574 ipsius
1444 5518 1665 5574 corpus.
1699 5502 2024 5559 Necessario

453 5590 638 5665 itaque
683 5603 932 5650 mortuus
1000 5602 1105 5651 est.
1171 5593 1318 5652 Inter
1346 5601 1528 5651 autem
1556 5593 1759 5651 donum
1791 5603 1843 5650 ct
1866 5594 2022 5650 victi-

2131 5225 2311 5297 ἱερεὺς
2329 5224 2386 5277 δὲ
2416 5223 2583 5295 χωρὶς
2606 5222 2795 5288 θυσίας
2824 5227 2925 5277 οὐκ
2951 5224 3119 5291 ἔστιν,
3148 5227 3444 5295 ἀναγκαῖον
3470 5222 3540 5296 ἦν
3571 5227 3718 5296 ἔχειν

2133 5334 2186 5369 τι
2222 5316 2314 5369 καὶ
2353 5313 2564 5378 τοῦτυν,
2593 5314 2624 5367 ὂ
2672 5313 3083 5383 προσενέγκῃ’
3135 5316 3294 5370 τοῦτο
3341 5316 3398 5370 δὲ
3427 5316 3584 5369 οὐδὲν
3621 5312 3714 5389 ἦν,

2132 5405 2245 5461 ἀλλ’
2276 5408 2310 5479 ᾖ
2339 5405 2401 5457 τὸ
2441 5403 2635 5457 ἑαυτοῦ
2686 5403 2868 5474 σῶμα,
2916 5405 3253 5473 Ἀναγιιαίως
3292 5406 3405 5478 ἄρα
3443 5406 3712 5464 ἀπέθανε.

2134 5497 2319 5565 Δώρου
2341 5497 2398 5550 δὲ
2433 5496 2527 5549 καὶ
2554 5495 2743 5559 θυσίας
2767 5495 2844 5567 τῷ
2876 5496 2977 5567 μὲν
3017 5497 3237 5570 ἀκριϐεῖ
3263 5498 3408 5568 λόγῳ
3455 5498 3571 5550 ἐστὶ
3598 5497 3717 5551 δια-

2134 5590 2296 5661 φορά.
2319 5590 2514 5642 Θυσίαι
2550 5588 2647 5660 μὲν
2679 5588 2784 5661 γάρ
2810 5590 2948 5643 εἰσιν
2972 5590 3028 5644 αἱ
3057 5589 3123 5643 δι’
3155 5590 3387 5660 αἵματος
3418 5588 3510 5645 καὶ
3534 5589 3716 5659 κρεῶν

1814 5768 2012 5833 Variae
2055 5768 2389 5833 lectiones.

534 5869 830 5938 ’Βεσελεήλ
854 5888 926 5927 ιιι.
