4014 6208
229 417 474 483 θῦεσθαι,
502 421 531 473 ὃ
575 422 716 487 ἐστι,
748 422 1069 494 θυμιᾶσοαι.
1114 427 1272 497 Δῶρα
1320 429 1400 493 δὲ,
1435 426 1546 485 οἷον
1579 435 1801 502 καρποὶ,

221 511 311 563 καὶ
349 510 453 563 ὅσα
486 511 623 565 ἄλλα
654 514 969 585 άναίμακτα
992 520 1083 569 καὶ
1114 520 1323 589 ἄπυρα.
1360 521 1504 592 Πλὴν
1530 524 1624 576 καὶ
1654 526 1807 579 ἀδα-

236 603 402 670 ξὸρως
437 602 782 672 εὑρίσκονται
816 608 964 677 παρά
996 611 1061 680 τῇ
1098 611 1286 684 Γραφῇ
1332 613 1582 684 κείμενα,
1617 617 1692 679 ὡς
1722 617 1803 670 τό.

240 693 502 748 Ἐπεῖόεν
534 698 568 751 ὀ
600 696 747 764 Θεὸς
790 699 890 753 ἐπὶ
924 702 1126 771 Ἅϐελ,
1162 706 1258 759 καὶ
1296 706 1394 759 ἐπὶ
1431 706 1553 775 τοῖς
1597 707 1808 779 δώροις

236 787 431 851 αὑτοῦ,
492 789 740 858 καίτοιγε
796 792 907 846 ἀπὸ
952 795 1059 847 τῶν
1104 794 1649 869 πρωτογεννημάτων
1693 802 1803 855 τῶν

238 878 513 943 εροϐάτων
548 878 710 950 ἦσαν.
757 883 886 938 Ἐπὶ
935 884 1006 938 δὲ
1050 886 1199 941 Κάἴν
1247 891 1345 943 καὶ
1394 891 1493 944 ἐπὶ
1529 891 1660 960 ταῖς
1696 896 1803 948 θυ-

230 973 377 1036 σίαις
406 974 601 1026 αὑτοῦ
631 975 705 1027 οὺ
733 975 1065 1046 προσέσχε.
1104 981 1348 1048 καίτοιγε
1390 982 1499 1036 ἀπὸ
1528 984 1637 1038 τῶν
1667 1003 1804 1058 καρ-

228 1062 326 1114 πῶν
377 1062 486 1130 τῆς
533 1063 642 1132 γῆς
692 1060 855 1135 ἦσαν.
905 1068 969 1121 Ei
1021 1069 1079 1122 δέ
1128 1089 1212 1135 τις
1261 1072 1605 1142 ἐξομαλίζειν
1642 1077 1802 1131 τοῦτο

221 1153 455 1223 κειριῖιτο
495 1154 735 1226 ψυχραῖς
762 1157 1007 1226 -λύσεσιν,
1039 1160 1105 1225 ἃς
1134 1163 1255 1216 οὐδὲ
1287 1166 1442 1219 αὐτοὶ
1470 1167 1798 1239 ἀγνοοῦμεν,

214 1245 343 1298 ἁ).λά
378 1262 447 1314 γε
483 1246 682 1302 ἑαυτὸν
716 1250 816 1304 οὐκ
859 1247 977 1305 οἶδα
1017 1252 1135 1317 πῶς
1166 1256 1430 1310 ἀπολύσει
1460 1258 1556 1312 τοῦ
1594 1262 1686 1314 ἐπὶ
1727 1264 1796 1334 τῇ

216 1336 436 1404 ἑκμελεί
471 1337 514 1369 ¹⁰
576 1340 884 1408 ἀναγνώσει
957 1343 1066 1396 νῦν
1140 1344 1397 1416 Γραφῶνν
1433 1348 1796 1421 ἐγκλήματος.

221 1435 490 1506 Πολλαχοῦ
533 1436 644 1505 γὰρ
696 1434 935 1505 ἀλλαχοῦ
981 1436 1296 1507 ἀδιαφόρως
1345 1438 1519 1494 ταῦτα
1567 1444 1798 1510 κεῖνται,

225 1529 302 1580 sui
323 1528 657 1598 παρεθέμην
694 1527 759 1581 ἂν
793 1528 962 1598 μυρία
985 1528 1079 1580 ἐπὶ
1109 1529 1346 1599 μυρίοις,
1380 1532 1430 1584 εἰ
1459 1534 1543 1603 μὴ
1564 1534 1794 1605 ἀπειρο-

1909 439 2236 507 sanguinem
2270 453 2559 497 etcarnctn
2610 445 2811 499 factm:
2874 446 2957 500 vel
3021 447 3167 514 quod
3236 451 3483 503 exactius

1910 538 2042 594 est,
2098 534 2305 599 omnia,
2386 550 2509 602 qua:
2551 552 2645 605 per
2697 538 2874 606 ignem
2934 538 3336 594 sacriﬁcantur.
3375 540 3482 593 Θυο

1909 623 1998 677 σία
2038 625 2206 690 enim,
2253 625 2305 679 id
2361 637 2445 682 est
2496 630 2738 690 victima,
2802 628 3022 698 preprie
3080 635 3163 682 est
3230 644 3259 682 a
3317 632 3482 686 verbo

1908 713 2153 780 θύεσθαι,
2171 716 2315 785 quod
2349 715 2767 787 οειθυμιᾶσθαι,
2789 717 2888 771 hoc
2917 724 3021 785 est,
3043 716 3279 772 suﬂitnm
3298 718 3477 772 edere.

1908 807 2061 861 Dona
2086 815 2271 861 autem
2301 818 2431 863 sunt
2456 808 2688 873 fructus,
2721 817 2773 863 et
2795 824 3135 880 quaecunque
3186 808 3291 862 alia
3349 823 3478 864 san-

1907 896 2072 965 guine
2102 896 2309 967 etigne
2361 899 2627 953 carentia.
2679 896 3069 953 Verumtamen
3125 907 3179 953 et
3220 898 3479 954 indiscri-

1906 987 2156 1043 minatim
2196 989 2252 1043 in
2298 988 2583 1059 Scriptura
2632 998 2894 1061 usurpata
2954 990 3330 1052 inveniuntur,
3376 1000 3477 1045 ut:

1904 1079 2153 1150 Respexit
2186 1080 2324 1136 Deus
2351 1083 2419 1135 ad
2442 1081 2599 1146 Abel,
2629 1092 2678 1136 et
2710 1081 2953 1153 ad.dona
2981 1080 3095 1150 ejus
3127 1081 3192 1146 ”,
3221 1080 3475 1135 Iicetfue-

1907 1184 2032 1229 rant
2063 1190 2129 1229 ex
2170 1174 2354 1228 ovium
2408 1175 2812 1247 primogenitis.
2872 1174 2956 1228 Ad
2996 1174 3131 1229 Cain
3181 1184 3358 1228 autem
3424 1184 3475 1227 et

1902 1264 2304 1339 victitnas‘ejus
2335 1280 2439 1318 non
2496 1265 2745 1330 attendit,
2780 1264 2907 1319 licet
2941 1279 2970 1318 a
3014 1262 3287 1317 fructibus
3318 1273 3477 1318 terrae

1902 1362 2082 1410 erant.
2118 1353 2213 1408 Sin
2251 1352 2545 1425 quisquam
2578 1354 2682 1408 hoc
2721 1352 2939 1426 frigidis
2986 1353 3351 1409 dilutionibus
3380 1370 3475 1408 es-

1902 1444 2126 1515 planare
2179 1454 2432 1512 conetur,
2458 1460 2598 1516 quas
2635 1462 2702 1501 ne
2727 1446 2832 1516 ipsi
2866 1446 3093 1516 quidem
3133 1446 3472 1516 ignoramus,

1901 1536 2146 1606 seipsum
2176 1548 2356 1592 tamen
2383 1540 2570 1594 nescio
2606 1538 2880 1607 quomodo
2895 1537 3161 1601 absolvet,
3188 1553 3255 1593 ne
3295 1538 3479 1591 indili-

226 1619 397 1682 χιλίας
423 1619 606 1672 ἐδόκει
630 1619 690 1671 τὸ
713 1620 964 1690 πρᾶγμα.
993 1619 1140 1687 Πλὴν
1168 1621 1391 1691 ἀρκέσει
1419 1625 1549 1696 ἡμῖν
1574 1626 1603 1679 ὁ
1627 1627 1788 1691 αὐτὸς

1899 1628 2082 1699 gentis
2152 1627 2562 1700 Scripturarutn
2624 1627 2871 1682 lectionis
2908 1628 3274 1683 insimuletur.
3321 1628 3477 1697 sirpe

224 1707 357 1774 οὗτος
386 1711 718 1777 ἀπόστολος,
768 1711 957 1775 ἁπλῶς
990 1712 1141 1783 δῶρα
1172 1715 1350 1770 πάντα
1379 1716 1449 1770 τὰ
1481 1719 1793 1789 προσφερό-

219 1824 339 1876 μενα
369 1806 655 1878 ὀνομάσας
684 1808 745 1861 ὲν
773 1810 884 1872 τοῖς
927 1807 1075 1878 ἑξῆς.
1107 1810 1218 1864 Καὶ
1248 1810 1434 1864 ἄκουε.

214 1900 307 1954 nisi
349 1901 605 1975 ineptum
672 1901 778 1957 hoc
834 1901 1117 1957 videretur
1181 1904 1481 1974 negotium.
1541 1903 1796 1961 Attamen
1845 1904 2078 1960 suﬂiciat
2121 1905 2283 1960 nobis
2324 1904 2415 1959 hic
2474 1904 2592 1975 ipse
2636 1904 2953 1976 Apostolus,
3001 1903 3097 1972 qui
3152 1905 3477 1974 simpliciter
3578 1985 3583 1989 θ

1900 1734 2138 1788 namque
2207 1720 2337 1775 alibi
2395 1718 2876 1775 indiscriminatim
2948 1717 3066 1773 haec
3112 1726 3241 1775 sunt
3275 1720 3475 1790 posita,

1899 1822 2063 1881 atque
2100 1812 2418 1868 innumeros
2479 1812 2629 1868 locos
2662 1809 2968 1866 innumeris
3015 1809 3267 1866 conferre
3298 1813 3474 1882 potui,

206 2010 549 2065 quaecunque
577 1994 902 2062 oll'eruntur,
942 2012 1169 2052 munera
1203 2000 1478 2068 appellare
1505 2000 1788 2055 consuevit
1827 1997 1883 2054 in
1917 1999 2298 2068 sequentibus.
2325 1997 2467 2052 Audi
2504 1999 2670 2054 enim.

276 2089 342 2141 El
382 2087 507 2157 μὲν
549 2088 662 2158 γὰρ
713 2084 791 2159 ἦν
849 2089 950 2143 ἐπὶ
1009 2088 1143 2159 τῆς,
1199 2091 1327 2145 οὐδ’
1360 2088 1441 2147 ἂν
1466 2086 1786 2161 ἦνιερεὺς,

206 2176 391 2229 ὄντων
417 2175 540 2229 τῶν
568 2176 769 2245 ἱερέων
796 2181 1259 2248 προσφερόντων
1290 2181 1441 2234 κατὰ
1466 2179 1573 2235 τὸν
1598 2185 1788 2251 νόμον

205 2269 273 2322 τὰ
299 2265 480 2338 δῶρα.
517 2268 642 2322 Ἔτι
693 2270 874 2323 ὲκεῖνο
922 2270 1364 2336 κατασκευάζει,
1422 2272 1504 2325 ὅτι
1529 2313 1545 2337 ,
1603 2273 1652 2324 ει
1687 2273 1785 2325 καὶ

210 2358 281 2429 μὴ
312 2361 468 2412 κάτω
499 2358 615 2429 ἔχει
646 2359 873 2432 σκηνὴν,
907 2359 1025 2414 ἀλλ’
1060 2362 1173 2416 ἄνω
1207 2363 1379 2428 ἐστὶν,
1406 2362 1555 2433 ὅμως
1586 2364 1645 2415 οὐ
1675 2379 1785 2415 κω-

205 2450 390 2505 λύεται
438 2454 509 2505 ὲκ
529 2450 723 2504 τούτου
772 2452 908 2521 πρὸς
959 2453 1020 2506 τὸ
1070 2447 1213 2506 εἶναι
1268 2453 1470 2522 ἱερεύς.
1531 2454 1641 2508 Καὶ
1682 2455 1784 2524 ὅρα

204 2545 415 2614 σοφίαν.
487 2546 581 2610 Ἐξ
621 2544 684 2599 οῦ
714 2546 913 2615 μᾶλλον
944 2550 1414 2603 κατασκευάσειεν
1460 2550 1525 2604 ἄν
1552 2567 1658 2613 τις,
1704 2550 1788 2602 ὅτι

211 2635 307 2687 οὐκ
356 2633 519 2688 ἔστιν
561 2635 766 2705 ἱερεὺς,
813 2636 958 2707 φημὶ
993 2635 1058 2708 δὴ
1083 2638 1148 2691 ἐκ
1187 2636 1281 2690 τοῦ
1336 2637 1412 2709 μὴ
1446 2640 1593 2707 σχεῖν
1622 2637 1788 2692 τόπον

208 2726 292 2777 ἐπὶ
339 2725 447 2795 γῆς
493 2727 552 2779 ὲν
605 2719 651 2793 ᾧ
708 2724 996 2797 ἱερώσατο,
1043 2729 1108 2781 ὲκ
1155 2727 1345 2781 τούτου
1384 2728 1586 2799 μᾶλλον
1623 2728 1788 2791 αὐτὸς

210 2817 610 2882 κατασκευάζει
650 2818 734 2871 ὅτι
793 2818 978 2890 ἱερεύς
1018 2821 1172 2873 ἐστι’
1207 2820 1301 2875 καί
1352 2837 1540 2891 φησιν,
1590 2821 1674 2873 ὅτι
1711 2820 1786 2874 δι’

212 2910 335 2963 αὐτὸ
379 2908 551 2963 τοῦτο
600 2910 780 2981 ἱερεύς
825 2912 977 2977 ἐστι,
1026 2912 1163 2965 διότι
1199 2912 1294 2965 ἰπὶ
1338 2911 1444 2982 γῆς
1481 2912 1648 2965 τόπον
1680 2913 1780 2966 οὐκ

200 3002 356 3073 εσχεν
380 3018 394 3033 ’
440 3005 512 3057 El
533 3002 651 3073 μὲν
682 3002 793 3074 γὰρ
827 2999 905 3072 ἦν
933 3004 1030 3058 ἐπὶ
1058 3003 1193 3073 γῆς,
1224 3006 1335 3059 οὐκ
1360 3004 1438 3059 ἂν
1461 3002 1539 3074 ἦν
1565 3006 1775 3074 ἱερεύς.

1962 2090 2208 2149 VsusJ.
2239 2092 2380 2144 Nam
2426 2091 2475 2145 si
2525 2107 2685 2161 super
2741 2102 2937 2148 terram
2986 2103 3141 2159 esset,
3198 2110 3301 2149 non
3334 2109 3474 2154 esse:

1894 2182 2165 2247 sacerdos,
2196 2196 2316 2234 cum
2344 2185 2453 2235 sint
2474 2181 2776 2238 sacerdotes
2805 2185 2899 2253 qui
2928 2183 3153 2254 offerant
3182 2185 3469 2238 secundum

1889 2271 2054 2340 legem
2079 2285 2319 2323 munera.
2355 2269 2547 2325 Adhuc
2574 2270 2707 2326 illud
2763 2271 3076 2337 conﬁrmat,
3115 2274 3285 2344 quod,
3342 2275 3469 2327 licet

1890 2362 2304 2416 tabernaculum
2335 2360 2477 2416 infra
2501 2376 2605 2416 non
2629 2361 2842 2426 haheat,
2879 2363 2973 2418 sed
3006 2379 3194 2435 supra,
3224 2372 3466 2419 attamen

1888 2451 2016 2508 hinc
2060 2468 2167 2507 non
2226 2454 2548 2524 prohibetur
2605 2469 2716 2524 quo
2780 2456 2963 2512 minus
3040 2457 3113 2512 sit
3184 2458 3464 2513 sacerdos.

1888 2545 2273 2601 Animadverte
2316 2553 2498 2601 autem
2552 2546 3037 2619 ejussapientiam.
3072 2546 3149 2601 Ex
3187 2562 3294 2618 quo
3322 2549 3467 2602 enim

1886 2636 2089 2705 aliquis
2150 2637 2323 2706 magis
2354 2638 2616 2707 probaret
2648 2655 2771 2693 eum
2802 2654 2912 2693 non
2949 2655 3073 2695 esse
3097 2640 3462 2705 sacerdotem,

1884 2725 2146 2780 nimirum
2187 2726 2332 2794 quod
2373 2742 2482 2781 non
2548 2727 2749 2782 habeat
2791 2728 2969 2782 locum
3030 2744 3196 2799 super
3229 2738 3469 2795 terram,

1887 2819 1939 2872 in
1972 2833 2080 2888 quo
2106 2817 2461 2888 pontiﬁcatus
2491 2834 2716 2874 munere
2744 2820 3006 2890 fungatur
3033 2859 3049 2884 ,
3092 2838 3155 2874 ex
3210 2822 3313 2876 hoc
3343 2825 3464 2892 ipse

1886 2910 2072 2980 potius
2119 2909 2411 2966 conﬁrmat
2461 2910 2612 2980 quod
2654 2911 2727 2967 sit
2749 2912 3033 2967 sacerdos.
3071 2911 3300 2980 Propter
3361 2913 3463 2967 hoc

1886 3000 2092 3072 ipsum,
2122 3001 2321 3070 inquit,
2347 3001 2610 3057 sacerdos
2643 3011 2766 3068 est,
2796 3004 2939 3072 quod
2983 3004 3039 3057 in
3070 3004 3235 3057 terris
3283 3002 3462 3058 locum

200 3088 380 3147 Ἦσαν
410 3095 525 3164 γὰρ
555 3094 759 3166 ἕτεροι,
810 3097 903 3148 καὶ
954 3096 1325 3157 ἐπανάστασις
1375 3095 1443 3148 ἂν
1496 3095 1669 3148 ἐδόκει
1720 3096 1781 3148 τὸ

1897 3108 1994 3145 non
2042 3092 2115 3147 sit
2144 3099 2363 3146 nactus.
2394 3090 2457 3146 Si
2483 3093 2621 3147 enim
2639 3109 2797 3158 super
2815 3102 3008 3147 terram
3037 3102 3191 3155 esset,
3216 3094 3464 3150 sacerdos

201 3190 456 3258 πρᾶγμα.
503 3186 616 3241 Νῦν
652 3188 713 3240 δὲ
745 3188 838 3242 τὸν
865 3187 1095 3259 οὐρανὸν
1138 3186 1277 3258 ἔχων
1305 3187 1491 3252 τόπον,
1525 3188 1619 3240 καὶ
1667 3189 1786 3242 ἐκεῖ

1897 3200 1989 3237 non
2011 3192 2166 3238 esset.
2215 3183 2381 3238 Erant
2414 3183 2562 3238 enim
2606 3184 2698 3238 alii
2764 3186 2818 3239 in
2842 3186 3009 3238 terris
3045 3185 3386 3250 sacerdotes,
3407 3195 3463 3240 et

198 3277 494 3345 ἀναγαγὼν
533 3279 595 3331 τὸ
626 3279 828 3332 οἰκεῖον
871 3277 1068 3349 σῶμα,
1120 3278 1239 3330 ἐκεῖ
1276 3278 1597 3349 ἐντυγχάνει
1639 3278 1781 3349 ὑπὲρ

1897 3274 1951 3328 ιιι
2005 3272 2298 3330 factionem
2358 3289 2446 3329 res
2500 3274 2605 3328 ista
2659 3275 2936 3344 pertinere
2995 3274 3292 3330 videretur.
3344 3274 3464 3329 Jant

194 3367 353 3439 ἡμῶν
377 3368 458 3438 τῷ
492 3368 688 3439 [ἰατρί.
722 3369 889 3424 Ὥστε
918 3368 1114 3439 ἐπειδὴ
1144 3367 1258 3423 ἄνω
1306 3369 1448 3435 ἐστὶ,
1484 3369 1573 3424 διὰ
1620 3370 1782 3424 τοῦτο

1897 3381 2013 3419 vero
2040 3380 2166 3419 cum
2224 3365 2403 3435 ipsum
2472 3367 2673 3421 ctelum
2736 3364 2933 3421 habent
2985 3366 3185 3430 locum,
3233 3376 3286 3423 et
3334 3368 3464 3423 illuc

198 3460 400 3531 μᾶλλον
433 3460 618 3532 ἱερεύς
648 3462 788 3518 ἐστι.

1897 3473 2083 3528 :orpus
2109 3474 2269 3513 suum
2300 3459 2669 3525 transtulerit,
2699 3460 2810 3514 illic
2838 3459 3149 3530 interpellat
3178 3474 3276 3528 pro
3302 3461 3462 3516 nobis

1883 3549 2025 3619 apud
2056 3547 2297 3605 Patrem.
2328 3550 2520 3621 Itaque
2544 3551 2674 3623 quia
2690 3550 2748 3607 in
2763 3551 3019 3621 supernis
3044 3559 3152 3618 est,
3172 3560 3460 3626 propterea

1882 3643 2056 3711 magis
2077 3652 2162 3697 est
2194 3642 2477 3697 sacerdos.

261 3730 499 3795 Οἳτινες
527 3727 917 3797 ὑποδείγματι
955 3728 1052 3782 καὶ
1081 3728 1230 3799 σκιᾷ
1267 3732 1629 3800 λατρεύουσι
1659 3730 1780 3787 τῶν

1953 3733 2122 3790 Vrsas.
2152 3735 2203 3789 5.
2241 3735 2346 3800 Qui
2379 3734 2674 3803 exemplari
2695 3743 2745 3789 et
2773 3734 2975 3792 umbra:
3003 3737 3304 3794 deserviunt
3354 3755 3460 3795 ca:-

192 3821 590 3890 ἐπουρανίων.
654 3821 919 3877 Ἐνταῦθα
949 3823 1048 3895 τὴν
1086 3824 1363 3896 ὑπεροχὴν
1390 3823 1630 3879 δείκνυσι
1677 3824 1778 3895 τῆς

1897 3828 2115 3884 estiam.
2152 3826 2253 3884 llic
2278 3828 2660 3884 excellentiam
2689 3829 2985 3885 sacerdotii
3026 3831 3234 3891 Christi
3267 3844 3462 3888 osten-

198 3915 332 3968 κατὰ
384 3915 627 3985 Χριστὸν
681 3913 1000 3987 ἱερωσύνης,
1033 3918 1133 3986 τὴν
1194 3916 1295 3986 μὲν
1350 3916 1589 3971 παλαιὰν
1646 3917 1780 3970 ὑπό-

1897 3920 1985 3985 lit,
2022 3918 2196 3975 Vetus
2241 3918 2489 3989 quidem,
2530 3922 2814 3988 exemplar
2874 3928 2928 3977 et
2982 3922 3232 3976 umbram
3277 3923 3463 3978 nomi-

193 4006 396 4076 δειγμα
416 4008 515 4058 καὶ
550 4006 709 4059 σκιάν
740 4004 921 4059 καλῶν
948 4021 962 4036 ο
993 4007 1062 4060 τά
1089 4006 1146 4060 δὲ
1181 4006 1428 4079 ἡμέτερα
1453 4007 1774 4079 ἐπουράνια.

1897 4027 2059 4081 rans;
2088 4021 2277 4069 nostra
2333 4025 2484 4076 vero,
2532 4011 2802 4068 caelestia.
2827 4010 3060 4078 Quando
3112 4014 3258 4069 enim
3307 4015 3449 4070 nihil

193 4095 362 4150 Ὅταν
387 4095 502 4166 γὰρ
537 4096 704 4168 μηδὲν
732 4096 997 4164 ἐπίγειον,
1032 4097 1170 4152 ἀλλὰ
1206 4098 1386 4152 πάντα
1424 4098 1776 4168 πνευματικά

1900 4115 2154 4173 errestre,
2197 4105 2291 4160 sed
2321 4104 2506 4161 omnia
2565 4104 2678 4160 sint
2725 4104 3039 4174 spiritualia
3079 4119 3204 4174 quae
3238 4105 3295 4159 iu
3343 4120 3456 4176 my-

189 4190 243 4242 ἐν
267 4192 385 4252 τοῖς
418 4190 744 4261 μυστηρίοις
765 4189 1087 4261 τελούμενα,
1114 4190 1243 4245 ἔνθα
1271 4190 1432 4262 ὕμνοι
1460 4191 1772 4260 ἀγγελικοὶ,

1897 4200 2068 4256 ιιετίἰε
2125 4200 2529 4269 transiguntur,
2584 4197 2677 4252 ubi
2714 4196 2902 4268 hymni
2932 4196 3184 4267 angelici,
3214 4196 3304 4252 ubi
3340 4199 3457 4254 cla-

191 4280 316 4335 ενθα
359 4279 574 4344 κλεῖδες
601 4281 701 4350 τῆς
726 4280 1004 4349 βασιλείας
1025 4283 1136 4335 τῶν
1156 4282 1425 4356 οὐρανῶν,
1454 4285 1548 4336 καὶ
1573 4283 1770 4352 ἄφεσις

1897 4304 1972 4345 res
2005 4288 2160 4357 regni
2216 4289 2510 4351 ctelorum,
2568 4294 3032 4355 peccatorumque
3063 4283 3365 4349 remissio,»
3399 4294 3455 4339 et

190 4372 505 4444 ἁμαρτιῶν,
572 4377 668 4426 καὶ
717 4370 785 4429 αὖ
840 4375 1002 4430 πάλιν
1057 4375 1271 4446 δεσμὰ,
1318 4377 1448 4431 ὅταν
1501 4377 1661 4447 ἡμῶν
1713 4376 1776 4430 τὸ

1897 4395 2070 4436 ὐνευε
2137 4378 2376 4450 ligatio;
2432 4378 2653 4449 quando
2729 4384 2916 4431 nostra
2989 4376 3335 4431 conversatio
3401 4376 3456 4430 in

193 4466 505 4537 πολίτευμα
535 4467 593 4519 ὲν
626 4466 876 4538 οὐρανοῖς
908 4467 1164 4538 ὑπάρχει.
1198 4469 1313 4533 πῶς
1338 4469 1439 4523 οὐκ
1469 4468 1773 4538 ἐπουράνια

1897 4470 2033 4527 :atlis
2060 4447 2204 4535 est;
2262 4447 2537 4540 quomodo
2582 4478 2768 4525 nostra
2823 4482 2931 4522 non
2991 4466 3104 4522 sint
3161 4468 3458 4522 coelestia?

190 4556 253 4609 τὲ
272 4557 400 4612 καθ’
430 4559 581 4629 ἡμᾶς
607 4575 623 4624 ;
670 4557 895 4612 Τούτων
925 4558 1017 4612 οῦν
1046 4559 1208 4614 τύποι
1239 4556 1383 4632 ἦσαν
1424 4560 1519 4616 καὶ
1553 4561 1768 4614 ὑποδειο

190 4668 392 4722 γματα,
423 4653 730 4717 τουτέστιν,
761 4654 975 4724 ἀμυδρὰ
999 4654 1287 4724 δείγματα,
1328 4654 1424 4709 καὶ
1467 4649 1579 4708 οἷον
1612 4671 1769 4708 σκια-

190 4747 530 4816 γμφὴματα
563 4785 581 4811 ,
637 4745 705 4798 τὰ
755 4748 815 4799 ὲν
866 4748 933 4817 τῇ
978 4742 1190 4819 [Ιαλαιᾷ
1239 4745 1629 4817 ῦποδειχθέντα
1686 4745 1766 4816 τῷ

194 4835 396 4890 limat.

257 4929 468 4993 Καθὼς
510 4928 984 4999 κεχρημάτισται
1024 4926 1306 4995 Μωῢσῆς,
1355 4927 1600 4997 μέλλων
1636 4927 1767 4983 ἐπι-

190 5018 386 5073 τελεῖν
423 5020 540 5087 τὴν
584 5020 850 5088 σκηνήν.
906 5021 1055 5089 Ὅρα
1082 5021 1213 5090 γὰρ,
1257 5019 1433 5089 φησι,
1488 5020 1768 5088 ποιήσεις

188 5112 381 5167 πάντα
412 5114 568 5167 κατὰ
604 5113 713 5167 τὸν
738 5114 934 5167 τύπον
963 5111 1069 5167 τὸν
1115 5110 1427 5181 δειχθέντα
1464 5123 1563 5164 σοι
1597 5111 1666 5163 ἐν
1689 5108 1769 5176 τῷ

189 5201 324 5269 ὄρει.
380 5203 608 5273 Ἐπειδὴ
639 5205 708 5257 τά
740 5203 806 5257 δι’
842 5201 1139 5273 ὀφθαλμῶν
1179 5203 1314 5274 ἡμῖν
1344 5199 1602 5274 ὁρώμενα
1632 5199 1770 5271 nam

287 5385 333 5416 ”
355 5382 494 5439 Gen.
537 5398 612 5448 tv,
639 5382 695 5436 4.

1880 4562 2088 4620 Horum
2116 4563 2286 4633 igitur
2322 4561 2512 4632 ﬁgura:
2543 4561 2765 4617 fuerunt
2816 4568 2871 4615 et
2928 4560 3290 4630 exemplaria,
3351 4560 3456 4616 hoc

1877 4663 1961 4711 est
1997 4652 2247 4709 obscura:
2284 4651 2818 4722 reprarsentationes,
2850 4649 3013 4723 704
3035 4664 3101 4705 ac
3148 4649 3315 4705 veluti
3344 4665 3460 4704 unt-

1876 4749 2103 4804 bratiles
2126 4747 2545 4812 delineationes,
2578 4762 2697 4817 quae
2737 4747 2795 4801 in
2855 4745 3041 4801 Veteri
3100 4743 3454 4800 Testamento

1877 4842 2288 4899 submonstrata
2311 4846 2441 4894 sunt
2464 4836 2625 4893 Mosi.

1948 4931 2099 4988 Sicut
2125 4946 2430 5001 responsum
2481 4939 2558 4984 est
2586 4926 2783 5000 Moysi,
2815 4945 2933 4983 cum
2990 4935 3453 4983 consummalurus

1881 5032 2015 5078 esset
2047 5020 2470 5078 tabernaculum.
2506 5018 2632 5073 Vide
2670 5020 2830 5083 enim,
2863 5019 3053 5088 inquit,
3086 5019 3265 5071 omnia
3289 5014 3455 5083 [acies

1880 5114 2166 5170 secundum
2192 5113 2462 5182 exemplar
2488 5110 2628 5182 quod
2659 5112 2750 5164 tibi
2782 5119 3054 5165 ostensum
3084 5117 3160 5162 est
3182 5109 3235 5162 in
3261 5118 3453 5161 monte.

1877 5204 2147 5271 Quoniam
2192 5218 2257 5258 ea
2290 5217 2411 5273 qua:
2455 5201 2631 5259 oculis
2674 5199 2879 5257 nostris
2904 5208 3226 5264 cernuntur,
3282 5195 3453 5264 magis

1534 5464 1736 5527 Variae
1756 5465 2087 5529 lectiones.

258 5577 278 5607 ’
317 5575 560 5648 θυόμενα
593 5592 647 5633 o.
742 5576 785 5608 '°
810 5571 1062 5645 ἐμμελεῖ,
1119 5570 1192 5624 io.
1225 5568 1257 5621 ά
1285 5567 1439 5639 μελεῖ
1470 5583 1526 5624 ο.
