  <div class='ocr_page' id='page_1' title='image "/cluster/home/n/w/nwhite01/storage/ocr_20150623/125/hvd.32044073502429/165.png"; bbox 0 0 4014 6208; ppageno 0'>
   <div class='ocr_carea' id='block_1_1' title="bbox 510 154 2868 231">
    <p class='ocr_par' dir='ltr' id='par_1_1' title="bbox 510 154 2868 231">
     <span class='ocr_line' id='line_1_1' title="bbox 510 154 2868 231; baseline 0.003 -17"><span class='ocrx_word' id='word_1_1' title='bbox 510 165 623 231; x_wconf 70' lang='lat'><strong>291</strong></span> <span class='ocrx_word' id='word_1_2' title='bbox 1437 157 2022 223; x_wconf 77' lang='lat' dir='ltr'><strong>THEOPIIYL.\CTI</strong></span> <span class='ocrx_word' id='word_1_3' title='bbox 2057 154 2469 216; x_wconf 66' lang='lat' dir='ltr'><strong>BULGARhE</strong></span> <span class='ocrx_word' id='word_1_4' title='bbox 2512 159 2868 220; x_wconf 77' lang='lat' dir='ltr'><strong>ARCHIEP.</strong></span> 
     </span>
    </p>
   </div>
   <div class='ocr_carea' id='block_1_2' title="bbox 515 268 2103 359">
    <p class='ocr_par' dir='ltr' id='par_1_2' title="bbox 515 270 2098 347">
     <span class='ocr_line' id='line_1_2' title="bbox 515 270 2098 347; baseline -0.006 -15"><span class='ocrx_word' id='word_1_5' title='bbox 515 277 1227 347; x_wconf 85' lang='lat' dir='ltr'><strong>comprehendimus,quam</strong></span> <span class='ocrx_word' id='word_1_6' title='bbox 1265 291 1385 346; x_wconf 65' lang='lat' dir='ltr'><strong>quae</strong></span> <span class='ocrx_word' id='word_1_7' title='bbox 1414 290 1511 345; x_wconf 86' lang='lat' dir='ltr'><strong>per</strong></span> <span class='ocrx_word' id='word_1_8' title='bbox 1535 274 1785 327; x_wconf 86' lang='lat' dir='ltr'><strong>auditum</strong></span> <span class='ocrx_word' id='word_1_9' title='bbox 1812 270 2098 333; x_wconf 84' lang='lat' dir='ltr'><strong>discimus,</strong></span> 
     </span>
    </p>
   </div>
   <div class='ocr_carea' id='block_1_3' title="bbox 2213 268 3769 359">
    <p class='ocr_par' dir='ltr' id='par_1_3' title="bbox 2213 271 3769 359">
     <span class='ocr_line' id='line_1_3' title="bbox 2213 271 3769 359; baseline 0.006 -38"><span class='ocrx_word' id='word_1_10' title='bbox 2213 271 2290 322; x_wconf 67' lang='grc' dir='ltr'><strong>λον</strong></span> <span class='ocrx_word' id='word_1_11' title='bbox 2324 272 2839 346; x_wconf 79' lang='grc' dir='ltr'>καταλαμϐάνομεν,</span> <span class='ocrx_word' id='word_1_12' title='bbox 2885 275 2918 348; x_wconf 78' lang='grc' dir='ltr'>ἢ</span> <span class='ocrx_word' id='word_1_13' title='bbox 2970 274 3016 359; x_wconf 65' lang='grc' dir='ltr'><strong>ἃ⁴</strong></span> <span class='ocrx_word' id='word_1_14' title='bbox 3066 276 3134 330; x_wconf 84' lang='grc' dir='ltr'>δι’</span> <span class='ocrx_word' id='word_1_15' title='bbox 3174 276 3345 348; x_wconf 65' lang='grc' dir='ltr'>ἀκοῆς</span> <span class='ocrx_word' id='word_1_16' title='bbox 3398 274 3769 350; x_wconf 74' lang='grc' dir='ltr'>μανθάνομεν,</span> 
     </span>
    </p>
   </div>
   <div class='ocr_carea' id='block_1_4' title="bbox 510 360 2103 441">
    <p class='ocr_par' dir='ltr' id='par_1_4' title="bbox 510 363 2095 441">
     <span class='ocr_line' id='line_1_4' title="bbox 510 363 2095 441; baseline -0.006 -17"><span class='ocrx_word' id='word_1_17' title='bbox 510 379 801 441; x_wconf 84' lang='lat' dir='ltr'><strong>propterea</strong></span> <span class='ocrx_word' id='word_1_18' title='bbox 838 369 978 424; x_wconf 85' lang='lat' dir='ltr'><strong>Deus</strong></span> <span class='ocrx_word' id='word_1_19' title='bbox 1014 368 1146 424; x_wconf 71' lang='lat' dir='ltr'><strong>MOsi</strong></span> <span class='ocrx_word' id='word_1_20' title='bbox 1182 368 1507 422; x_wconf 98' lang='lat' dir='ltr'><strong>monstravit</strong></span> <span class='ocrx_word' id='word_1_21' title='bbox 1544 364 1750 427; x_wconf 81' lang='lat' dir='ltr'><strong>omnia,</strong></span> <span class='ocrx_word' id='word_1_22' title='bbox 1784 379 1889 418; x_wconf 91' lang='lat' dir='ltr'><strong>non</strong></span> <span class='ocrx_word' id='word_1_23' title='bbox 1920 363 2095 417; x_wconf 89' lang='lat' dir='ltr'><strong>solum</strong></span> 
     </span>
    </p>
   </div>
   <div class='ocr_carea' id='block_1_5' title="bbox 2213 360 3780 441">
    <p class='ocr_par' dir='ltr' id='par_1_5' title="bbox 2213 360 3780 438">
     <span class='ocr_line' id='line_1_5' title="bbox 2213 360 3780 438; baseline 0.004 -25"><span class='ocrx_word' id='word_1_24' title='bbox 2213 360 2288 413; x_wconf 76' lang='lat' dir='ltr'><strong>Sidi</strong></span> <span class='ocrx_word' id='word_1_25' title='bbox 2314 360 2470 416; x_wconf 82' lang='grc' dir='ltr'>τοῦτο</span> <span class='ocrx_word' id='word_1_26' title='bbox 2501 362 2633 428; x_wconf 83' lang='grc' dir='ltr'><strong>Θεὸς</strong></span> <span class='ocrx_word' id='word_1_27' title='bbox 2660 364 2738 436; x_wconf 86' lang='grc' dir='ltr'><strong>τῷ</strong></span> <span class='ocrx_word' id='word_1_28' title='bbox 2771 366 2963 419; x_wconf 85' lang='grc' dir='ltr'>Μωσεῖ</span> <span class='ocrx_word' id='word_1_29' title='bbox 2991 365 3239 430; x_wconf 76' lang='grc' dir='ltr'><strong>ὑπέδειξε</strong></span> <span class='ocrx_word' id='word_1_30' title='bbox 3278 365 3479 429; x_wconf 74' lang='grc' dir='ltr'>πάντα,</span> <span class='ocrx_word' id='word_1_31' title='bbox 3509 367 3569 419; x_wconf 74' lang='grc' dir='ltr'><strong>οὐ</strong></span> <span class='ocrx_word' id='word_1_32' title='bbox 3612 369 3780 438; x_wconf 85' lang='grc' dir='ltr'>μόνον</span> 
     </span>
    </p>
   </div>
   <div class='ocr_carea' id='block_1_6' title="bbox 513 451 2103 531">
    <p class='ocr_par' dir='ltr' id='par_1_6' title="bbox 513 451 2097 524">
     <span class='ocr_line' id='line_1_6' title="bbox 513 451 2097 524; baseline -0.006 -9"><span class='ocrx_word' id='word_1_33' title='bbox 513 461 964 516; x_wconf 68' lang='lat' dir='ltr'><strong>constitutionem</strong></span> <span class='ocrx_word' id='word_1_34' title='bbox 1028 456 1387 521; x_wconf 88' lang='lat' dir='ltr'><strong>tabernaculi,</strong></span> <span class='ocrx_word' id='word_1_35' title='bbox 1434 461 1621 512; x_wconf 84' lang='lat' dir='ltr'><strong>verum</strong></span> <span class='ocrx_word' id='word_1_36' title='bbox 1658 458 1821 510; x_wconf 87' lang='lat' dir='ltr'><strong>etiam</strong></span> <span class='ocrx_word' id='word_1_37' title='bbox 1862 469 1982 524; x_wconf 72' lang='lat' dir='ltr'><strong>quae</strong></span> <span class='ocrx_word' id='word_1_38' title='bbox 2030 451 2097 506; x_wconf 85' lang='lat' dir='ltr'><strong>ad</strong></span> 
     </span>
    </p>
   </div>
   <div class='ocr_carea' id='block_1_7' title="bbox 2213 451 3779 531">
    <p class='ocr_par' dir='ltr' id='par_1_7' title="bbox 2213 453 3779 531">
     <span class='ocr_line' id='line_1_7' title="bbox 2213 453 3779 531; baseline 0.004 -26"><span class='ocrx_word' id='word_1_39' title='bbox 2213 453 2300 522; x_wconf 76' lang='grc' dir='ltr'>τὴν</span> <span class='ocrx_word' id='word_1_40' title='bbox 2342 454 2689 526; x_wconf 83' lang='grc' dir='ltr'>κατασκευὴν</span> <span class='ocrx_word' id='word_1_41' title='bbox 2736 456 2835 527; x_wconf 85' lang='grc' dir='ltr'>τῆς</span> <span class='ocrx_word' id='word_1_42' title='bbox 2893 459 3133 528; x_wconf 78' lang='grc' dir='ltr'>σκηνῆς,</span> <span class='ocrx_word' id='word_1_43' title='bbox 3187 457 3325 512; x_wconf 80' lang='grc' dir='ltr'>ἀλλὰ</span> <span class='ocrx_word' id='word_1_44' title='bbox 3385 459 3482 511; x_wconf 79' lang='grc' dir='ltr'>καὶ</span> <span class='ocrx_word' id='word_1_45' title='bbox 3532 458 3600 511; x_wconf 74' lang='grc' dir='ltr'>τὰ</span> <span class='ocrx_word' id='word_1_46' title='bbox 3645 456 3779 531; x_wconf 69' lang='grc' dir='ltr'>περὶ</span> 
     </span>
    </p>
   </div>
   <div class='ocr_carea' id='block_1_8' title="bbox 3663 161 3771 227">
    <p class='ocr_par' dir='ltr' id='par_1_8' title="bbox 3663 161 3771 227">
     <span class='ocr_line' id='line_1_8' title="bbox 3663 161 3771 227; baseline 0.009 -3"><span class='ocrx_word' id='word_1_47' title='bbox 3663 161 3771 227; x_wconf 70' lang='lat'><strong>292</strong></span> 
     </span>
    </p>
   </div>
   <div class='ocr_carea' id='block_1_9' title="bbox 513 548 1699 620">
    <p class='ocr_par' dir='ltr' id='par_1_9' title="bbox 513 548 1699 620">
     <span class='ocr_line' id='line_1_9' title="bbox 513 548 1699 620; baseline -0.006 -13"><span class='ocrx_word' id='word_1_48' title='bbox 513 552 786 607; x_wconf 77' lang='lat' dir='ltr'><strong>sacriﬁcia</strong></span> <span class='ocrx_word' id='word_1_49' title='bbox 816 561 870 609; x_wconf 89' lang='lat' dir='ltr'><strong>et</strong></span> <span class='ocrx_word' id='word_1_50' title='bbox 896 550 1065 604; x_wconf 87' lang='lat' dir='ltr'><strong>alium</strong></span> <span class='ocrx_word' id='word_1_51' title='bbox 1099 550 1308 603; x_wconf 90' lang='lat' dir='ltr'><strong>cultum</strong></span> <span class='ocrx_word' id='word_1_52' title='bbox 1338 548 1699 620; x_wconf 86' lang='lat' dir='ltr'><strong>pertinerent.</strong></span> 
     </span>
    </p>
   </div>
   <div class='ocr_carea' id='block_1_10' title="bbox 582 630 2100 695">
    <p class='ocr_par' dir='ltr' id='par_1_10' title="bbox 582 630 2100 695">
     <span class='ocr_line' id='line_1_10' title="bbox 582 630 2100 695; baseline -0.005 -1"><span class='ocrx_word' id='word_1_53' title='bbox 582 640 749 695; x_wconf 72' lang='lat' dir='ltr'><strong>Vsus.</strong></span> <span class='ocrx_word' id='word_1_54' title='bbox 780 640 833 695; x_wconf 87' lang='grc'><strong>6.</strong></span> <span class='ocrx_word' id='word_1_55' title='bbox 887 638 1044 693; x_wconf 81' lang='lat' dir='ltr'><strong>Nunc</strong></span> <span class='ocrx_word' id='word_1_56' title='bbox 1091 652 1268 694; x_wconf 81' lang='lat' dir='ltr'><strong>autem</strong></span> <span class='ocrx_word' id='word_1_57' title='bbox 1327 630 1668 693; x_wconf 77' lang='lat' dir='ltr'><strong>excellentius</strong></span> <span class='ocrx_word' id='word_1_58' title='bbox 1713 643 1985 692; x_wconf 70' lang='lat' dir='ltr'><strong>assecutus</strong></span> <span class='ocrx_word' id='word_1_59' title='bbox 2022 640 2100 688; x_wconf 84' lang='lat' dir='ltr'><strong>est</strong></span> 
     </span>
    </p>
   </div>
   <div class='ocr_carea' id='block_1_11' title="bbox 512 722 2099 795">
    <p class='ocr_par' dir='ltr' id='par_1_11' title="bbox 512 722 2099 795">
     <span class='ocr_line' id='line_1_11' title="bbox 512 722 2099 795; baseline -0.006 -11"><span class='ocrx_word' id='word_1_60' title='bbox 512 730 888 784; x_wconf 74' lang='lat' dir='ltr'><strong>ministerium.</strong></span> <span class='ocrx_word' id='word_1_61' title='bbox 942 729 1024 783; x_wconf 77' lang='lat' dir='ltr'><strong>Ab</strong></span> <span class='ocrx_word' id='word_1_62' title='bbox 1049 728 1138 782; x_wconf 85' lang='lat' dir='ltr'><strong>illa</strong></span> <span class='ocrx_word' id='word_1_63' title='bbox 1173 728 1443 783; x_wconf 84' lang='lat' dir='ltr'><strong>sententia</strong></span> <span class='ocrx_word' id='word_1_64' title='bbox 1468 728 1581 782; x_wconf 74' lang='lat' dir='ltr'><strong>haec</strong></span> <span class='ocrx_word' id='word_1_65' title='bbox 1636 724 1974 795; x_wconf 80' lang='lat' dir='ltr'><strong>dependent,</strong></span> <span class='ocrx_word' id='word_1_66' title='bbox 2011 722 2099 776; x_wconf 88' lang='lat' dir='ltr'><strong>ni-</strong></span> 
     </span>
    </p>
   </div>
   <div class='ocr_carea' id='block_1_12' title="bbox 514 816 2089 886">
    <p class='ocr_par' dir='ltr' id='par_1_12' title="bbox 514 816 2089 886">
     <span class='ocr_line' id='line_1_12' title="bbox 514 816 2089 886; baseline -0.003 -14"><span class='ocrx_word' id='word_1_67' title='bbox 514 821 710 873; x_wconf 86' lang='lat' dir='ltr'><strong>mirum</strong></span> <span class='ocrx_word' id='word_1_68' title='bbox 748 835 760 871; x_wconf 92' lang='lat'><strong>:</strong></span> <span class='ocrx_word' id='word_1_69' title='bbox 799 816 859 873; x_wconf 90' lang='lat' dir='ltr'><strong>Si</strong></span> <span class='ocrx_word' id='word_1_70' title='bbox 888 820 1027 872; x_wconf 82' lang='lat' dir='ltr'><strong>enim</strong></span> <span class='ocrx_word' id='word_1_71' title='bbox 1068 834 1223 886; x_wconf 87' lang='lat' dir='ltr'><strong>super</strong></span> <span class='ocrx_word' id='word_1_72' title='bbox 1258 827 1455 872; x_wconf 88' lang='lat' dir='ltr'><strong>terram</strong></span> <span class='ocrx_word' id='word_1_73' title='bbox 1486 826 1643 883; x_wconf 88' lang='lat' dir='ltr'><strong>esset,</strong></span> <span class='ocrx_word' id='word_1_74' title='bbox 1684 832 1791 871; x_wconf 83' lang='lat' dir='ltr'><strong>nou</strong></span> <span class='ocrx_word' id='word_1_75' title='bbox 1833 823 1970 870; x_wconf 85' lang='lat' dir='ltr'><strong>esset</strong></span> <span class='ocrx_word' id='word_1_76' title='bbox 2004 830 2089 868; x_wconf 89' lang='lat' dir='ltr'><strong>sa-</strong></span> 
     </span>
    </p>
   </div>
   <div class='ocr_carea' id='block_1_13' title="bbox 513 904 2097 981">
    <p class='ocr_par' dir='ltr' id='par_1_13' title="bbox 513 904 2097 981">
     <span class='ocr_line' id='line_1_13' title="bbox 513 904 2097 981; baseline -0.004 -17"><span class='ocrx_word' id='word_1_77' title='bbox 513 910 713 965; x_wconf 76' lang='lat' dir='ltr'><strong>rerdos.</strong></span> <span class='ocrx_word' id='word_1_78' title='bbox 744 911 861 965; x_wconf 88' lang='lat' dir='ltr'><strong>Jam</strong></span> <span class='ocrx_word' id='word_1_79' title='bbox 896 926 1025 966; x_wconf 89' lang='lat' dir='ltr'><strong>vero</strong></span> <span class='ocrx_word' id='word_1_80' title='bbox 1053 926 1176 966; x_wconf 89' lang='lat' dir='ltr'><strong>cum</strong></span> <span class='ocrx_word' id='word_1_81' title='bbox 1229 924 1392 981; x_wconf 87' lang='lat' dir='ltr'><strong>super</strong></span> <span class='ocrx_word' id='word_1_82' title='bbox 1440 918 1641 969; x_wconf 86' lang='lat' dir='ltr'><strong>terram</strong></span> <span class='ocrx_word' id='word_1_83' title='bbox 1683 923 1791 963; x_wconf 93' lang='lat' dir='ltr'><strong>non</strong></span> <span class='ocrx_word' id='word_1_84' title='bbox 1850 908 1944 969; x_wconf 87' lang='lat' dir='ltr'><strong>sit,</strong></span> <span class='ocrx_word' id='word_1_85' title='bbox 2002 904 2097 960; x_wconf 90' lang='lat' dir='ltr'><strong>sed</strong></span> 
     </span>
    </p>
   </div>
   <div class='ocr_carea' id='block_1_14' title="bbox 511 997 2098 1064">
    <p class='ocr_par' dir='ltr' id='par_1_14' title="bbox 511 997 2098 1064">
     <span class='ocr_line' id='line_1_14' title="bbox 511 997 2098 1064; baseline -0.004 -7"><span class='ocrx_word' id='word_1_86' title='bbox 511 1004 711 1058; x_wconf 61' lang='lat' dir='ltr'><strong>coelum</strong></span> <span class='ocrx_word' id='word_1_87' title='bbox 750 1002 947 1058; x_wconf 73' lang='lat' dir='ltr'><strong>habent</strong></span> <span class='ocrx_word' id='word_1_88' title='bbox 1007 1002 1319 1059; x_wconf 77' lang='lat' dir='ltr'><strong>sacerdotio</strong></span> <span class='ocrx_word' id='word_1_89' title='bbox 1352 1017 1453 1057; x_wconf 88' lang='lat' dir='ltr'><strong>suo</strong></span> <span class='ocrx_word' id='word_1_90' title='bbox 1511 1003 1719 1064; x_wconf 80' lang='lat' dir='ltr'><strong>locum.</strong></span> <span class='ocrx_word' id='word_1_91' title='bbox 1758 997 2098 1054; x_wconf 71' lang='lat' dir='ltr'><strong>excellentius</strong></span> 
     </span>
    </p>
   </div>
   <div class='ocr_carea' id='block_1_15' title="bbox 509 1089 2097 1159">
    <p class='ocr_par' dir='ltr' id='par_1_15' title="bbox 509 1089 2097 1159">
     <span class='ocr_line' id='line_1_15' title="bbox 509 1089 2097 1159; baseline -0.003 -12"><span class='ocrx_word' id='word_1_92' title='bbox 509 1106 783 1149; x_wconf 70' lang='lat' dir='ltr'><strong>assecutus</strong></span> <span class='ocrx_word' id='word_1_93' title='bbox 828 1104 908 1150; x_wconf 82' lang='lat' dir='ltr'><strong>est</strong></span> <span class='ocrx_word' id='word_1_94' title='bbox 961 1096 1317 1150; x_wconf 79' lang='lat' dir='ltr'><strong>ministerium</strong></span> <span class='ocrx_word' id='word_1_95' title='bbox 1373 1111 1392 1150; x_wconf 94' lang='lat'><strong><em>:</em></strong></span> <span class='ocrx_word' id='word_1_96' title='bbox 1457 1097 1558 1151; x_wconf 86' lang='lat' dir='ltr'><strong>hoc</strong></span> <span class='ocrx_word' id='word_1_97' title='bbox 1610 1104 1714 1159; x_wconf 87' lang='lat' dir='ltr'><strong>est,</strong></span> <span class='ocrx_word' id='word_1_98' title='bbox 1757 1108 1867 1149; x_wconf 88' lang='lat' dir='ltr'><strong>non</strong></span> <span class='ocrx_word' id='word_1_99' title='bbox 1911 1099 1997 1147; x_wconf 88' lang='lat' dir='ltr'><strong>est</strong></span> <span class='ocrx_word' id='word_1_100' title='bbox 2048 1089 2097 1145; x_wconf 78' lang='lat' dir='ltr'><strong>ei</strong></span> 
     </span>
    </p>
   </div>
   <div class='ocr_carea' id='block_1_16' title="bbox 511 1187 2100 1265">
    <p class='ocr_par' dir='ltr' id='par_1_16' title="bbox 511 1187 2100 1265">
     <span class='ocr_line' id='line_1_16' title="bbox 511 1187 2100 1265; baseline -0.002 -24"><span class='ocrx_word' id='word_1_101' title='bbox 511 1188 882 1265; x_wconf 80' lang='lat' dir='ltr'><strong>ministerium</strong></span> <span class='ocrx_word' id='word_1_102' title='bbox 946 1192 1072 1252; x_wconf 80' lang='lat' dir='ltr'><strong>tale,</strong></span> <span class='ocrx_word' id='word_1_103' title='bbox 1108 1190 1269 1258; x_wconf 85' lang='lat' dir='ltr'><strong>quale</strong></span> <span class='ocrx_word' id='word_1_104' title='bbox 1303 1196 1391 1243; x_wconf 86' lang='lat' dir='ltr'><strong>est</strong></span> <span class='ocrx_word' id='word_1_105' title='bbox 1417 1187 1736 1259; x_wconf 73' lang='lat' dir='ltr'><strong>pontificum</strong></span> <span class='ocrx_word' id='word_1_106' title='bbox 1790 1201 1957 1256; x_wconf 84' lang='lat' dir='ltr'><strong>super</strong></span> <span class='ocrx_word' id='word_1_107' title='bbox 1988 1193 2100 1239; x_wconf 90' lang='lat' dir='ltr'><strong>ter-</strong></span> 
     </span>
    </p>
   </div>
   <div class='ocr_carea' id='block_1_17' title="bbox 514 1276 2097 1351">
    <p class='ocr_par' dir='ltr' id='par_1_17' title="bbox 514 1276 2097 1351">
     <span class='ocr_line' id='line_1_17' title="bbox 514 1276 2097 1351; baseline -0.001 -19"><span class='ocrx_word' id='word_1_108' title='bbox 514 1292 666 1344; x_wconf 85' lang='lat' dir='ltr'><strong>rain,</strong></span> <span class='ocrx_word' id='word_1_109' title='bbox 702 1281 792 1334; x_wconf 89' lang='lat' dir='ltr'><strong>sed</strong></span> <span class='ocrx_word' id='word_1_110' title='bbox 821 1278 1067 1345; x_wconf 60' lang='lat' dir='ltr'><strong>caeleste,</strong></span> <span class='ocrx_word' id='word_1_111' title='bbox 1098 1288 1358 1351; x_wconf 84' lang='lat' dir='ltr'><strong>tanquam</strong></span> <span class='ocrx_word' id='word_1_112' title='bbox 1404 1280 1581 1334; x_wconf 86' lang='lat' dir='ltr'><strong>locum</strong></span> <span class='ocrx_word' id='word_1_113' title='bbox 1633 1278 1841 1334; x_wconf 85' lang='lat' dir='ltr'><strong>habens</strong></span> <span class='ocrx_word' id='word_1_114' title='bbox 1892 1276 2097 1348; x_wconf 86' lang='lat' dir='ltr'><strong>proprii</strong></span> 
     </span>
    </p>
   </div>
   <div class='ocr_carea' id='block_1_18' title="bbox 511 1371 1053 1427">
    <p class='ocr_par' dir='ltr' id='par_1_18' title="bbox 511 1371 1053 1427">
     <span class='ocr_line' id='line_1_18' title="bbox 511 1371 1053 1427; baseline -0.002 -3"><span class='ocrx_word' id='word_1_115' title='bbox 511 1371 805 1425; x_wconf 82' lang='lat' dir='ltr'><strong>sacerdotii</strong></span> <span class='ocrx_word' id='word_1_116' title='bbox 832 1371 1053 1427; x_wconf 74' lang='grc' dir='ltr'>υωιιιιιι.</span> 
     </span>
    </p>
   </div>
   <div class='ocr_carea' id='block_1_19' title="bbox 588 1457 2097 1528">
    <p class='ocr_par' dir='ltr' id='par_1_19' title="bbox 588 1457 2097 1528">
     <span class='ocr_line' id='line_1_19' title="bbox 588 1457 2097 1528; baseline -0.003 -13"><span class='ocrx_word' id='word_1_117' title='bbox 588 1462 799 1528; x_wconf 84' lang='lat' dir='ltr'><strong>Quanto</strong></span> <span class='ocrx_word' id='word_1_118' title='bbox 827 1472 876 1516; x_wconf 85' lang='lat' dir='ltr'><strong>et</strong></span> <span class='ocrx_word' id='word_1_119' title='bbox 906 1462 1137 1516; x_wconf 77' lang='lat' dir='ltr'><strong>melioris</strong></span> <span class='ocrx_word' id='word_1_120' title='bbox 1172 1459 1497 1516; x_wconf 84' lang='lat' dir='ltr'><strong>Testamenti</strong></span> <span class='ocrx_word' id='word_1_121' title='bbox 1526 1469 1604 1515; x_wconf 86' lang='lat' dir='ltr'><strong>est</strong></span> <span class='ocrx_word' id='word_1_122' title='bbox 1636 1457 1919 1514; x_wconf 84' lang='lat' dir='ltr'><strong>mediator.</strong></span> <span class='ocrx_word' id='word_1_123' title='bbox 1959 1458 2097 1514; x_wconf 92' lang='lat' dir='ltr'><strong>Cum</strong></span> 
     </span>
    </p>
   </div>
   <div class='ocr_carea' id='block_1_20' title="bbox 511 1550 2096 1617">
    <p class='ocr_par' dir='ltr' id='par_1_20' title="bbox 511 1550 2096 1617">
     <span class='ocr_line' id='line_1_20' title="bbox 511 1550 2096 1617; baseline -0.003 -8"><span class='ocrx_word' id='word_1_124' title='bbox 511 1555 804 1609; x_wconf 77' lang='lat' dir='ltr'><strong>extulisset</strong></span> <span class='ocrx_word' id='word_1_125' title='bbox 834 1554 1038 1608; x_wconf 84' lang='lat' dir='ltr'><strong>Christi</strong></span> <span class='ocrx_word' id='word_1_126' title='bbox 1070 1553 1465 1616; x_wconf 85' lang='lat' dir='ltr'><strong>sacerdotium,</strong></span> <span class='ocrx_word' id='word_1_127' title='bbox 1491 1567 1521 1606; x_wconf 88' lang='lat' dir='ltr'><strong>a</strong></span> <span class='ocrx_word' id='word_1_128' title='bbox 1548 1552 1692 1617; x_wconf 92' lang='lat' dir='ltr'><strong>loco,</strong></span> <span class='ocrx_word' id='word_1_129' title='bbox 1731 1563 1761 1605; x_wconf 87' lang='lat' dir='ltr'><strong>a</strong></span> <span class='ocrx_word' id='word_1_130' title='bbox 1786 1550 2096 1614; x_wconf 82' lang='lat' dir='ltr'><strong>sacerdote,</strong></span> 
     </span>
    </p>
   </div>
   <div class='ocr_carea' id='block_1_21' title="bbox 511 1642 2095 1712">
    <p class='ocr_par' dir='ltr' id='par_1_21' title="bbox 511 1642 2095 1712">
     <span class='ocr_line' id='line_1_21' title="bbox 511 1642 2095 1712; baseline -0.004 -10"><span class='ocrx_word' id='word_1_131' title='bbox 511 1656 566 1702; x_wconf 89' lang='lat' dir='ltr'><strong>et</strong></span> <span class='ocrx_word' id='word_1_132' title='bbox 599 1647 847 1707; x_wconf 79' lang='lat' dir='ltr'><strong>victima,</strong></span> <span class='ocrx_word' id='word_1_133' title='bbox 887 1645 1087 1701; x_wconf 86' lang='lat' dir='ltr'><strong>deinde</strong></span> <span class='ocrx_word' id='word_1_134' title='bbox 1142 1643 1479 1699; x_wconf 86' lang='lat' dir='ltr'><strong>Testamenti</strong></span> <span class='ocrx_word' id='word_1_135' title='bbox 1511 1644 1890 1699; x_wconf 78' lang='lat' dir='ltr'><strong>excellentiam</strong></span> <span class='ocrx_word' id='word_1_136' title='bbox 1918 1642 2095 1712; x_wconf 92' lang='lat' dir='ltr'><strong>ponit.</strong></span> 
     </span>
    </p>
   </div>
   <div class='ocr_carea' id='block_1_22' title="bbox 514 1734 2104 1806">
    <p class='ocr_par' dir='ltr' id='par_1_22' title="bbox 514 1734 2104 1806">
     <span class='ocr_line' id='line_1_22' title="bbox 514 1734 2104 1806; baseline -0.002 -15"><span class='ocrx_word' id='word_1_137' title='bbox 514 1737 679 1806; x_wconf 82' lang='lat' dir='ltr'><strong>Atqui</strong></span> <span class='ocrx_word' id='word_1_138' title='bbox 712 1736 852 1790; x_wconf 83' lang='lat' dir='ltr'><strong>dixit</strong></span> <span class='ocrx_word' id='word_1_139' title='bbox 885 1737 1105 1805; x_wconf 88' lang='lat' dir='ltr'><strong>quidem</strong></span> <span class='ocrx_word' id='word_1_140' title='bbox 1149 1737 1303 1805; x_wconf 83' lang='lat' dir='ltr'><strong>prius</strong></span> <span class='ocrx_word' id='word_1_141' title='bbox 1336 1734 1604 1789; x_wconf 83' lang='lat' dir='ltr'><strong>imbecille</strong></span> <span class='ocrx_word' id='word_1_142' title='bbox 1627 1748 1748 1790; x_wconf 88' lang='lat' dir='ltr'><strong>esse</strong></span> <span class='ocrx_word' id='word_1_143' title='bbox 1800 1745 1857 1789; x_wconf 86' lang='lat' dir='ltr'><strong>et</strong></span> <span class='ocrx_word' id='word_1_144' title='bbox 1913 1735 2104 1788; x_wconf 84' lang='lat' dir='ltr'><strong>inutile</strong></span> 
     </span>
    </p>
   </div>
   <div class='ocr_carea' id='block_1_23' title="bbox 514 1824 2103 1896">
    <p class='ocr_par' dir='ltr' id='par_1_23' title="bbox 514 1824 2103 1896">
     <span class='ocr_line' id='line_1_23' title="bbox 514 1824 2103 1896; baseline -0.003 -15"><span class='ocrx_word' id='word_1_145' title='bbox 514 1825 686 1889; x_wconf 66' lang='lat' dir='ltr'><strong>Vetus</strong></span> <span class='ocrx_word' id='word_1_146' title='bbox 719 1824 1161 1890; x_wconf 83' lang='lat' dir='ltr'><strong>Testamentum,</strong></span> <span class='ocrx_word' id='word_1_147' title='bbox 1201 1834 1420 1896; x_wconf 86' lang='lat' dir='ltr'><strong>propter</strong></span> <span class='ocrx_word' id='word_1_148' title='bbox 1446 1825 1735 1879; x_wconf 76' lang='lat' dir='ltr'><strong>infantiam</strong></span> <span class='ocrx_word' id='word_1_149' title='bbox 1770 1833 1824 1878; x_wconf 92' lang='lat' dir='ltr'><strong>et</strong></span> <span class='ocrx_word' id='word_1_150' title='bbox 1849 1825 2103 1879; x_wconf 85' lang='lat' dir='ltr'><strong>imbecil-</strong></span> 
     </span>
    </p>
   </div>
   <div class='ocr_carea' id='block_1_24' title="bbox 517 1915 2102 1981">
    <p class='ocr_par' dir='ltr' id='par_1_24' title="bbox 517 1915 2102 1981">
     <span class='ocr_line' id='line_1_24' title="bbox 517 1915 2102 1981; baseline 0.001 -11"><span class='ocrx_word' id='word_1_151' title='bbox 517 1918 727 1973; x_wconf 81' lang='lat' dir='ltr'><strong>litatem</strong></span> <span class='ocrx_word' id='word_1_152' title='bbox 761 1917 1102 1981; x_wconf 86' lang='lat' dir='ltr'><strong>auditorum,</strong></span> <span class='ocrx_word' id='word_1_153' title='bbox 1138 1916 1232 1972; x_wconf 89' lang='lat' dir='ltr'><strong>sed</strong></span> <span class='ocrx_word' id='word_1_154' title='bbox 1269 1915 1453 1972; x_wconf 85' lang='lat' dir='ltr'><strong>subito</strong></span> <span class='ocrx_word' id='word_1_155' title='bbox 1513 1916 1911 1972; x_wconf 87' lang='lat' dir='ltr'><strong>reconciliatus</strong></span> <span class='ocrx_word' id='word_1_156' title='bbox 1964 1927 2102 1971; x_wconf 86' lang='lat' dir='ltr'><strong>erat.</strong></span> 
     </span>
    </p>
   </div>
   <div class='ocr_carea' id='block_1_25' title="bbox 513 2007 2107 2065">
    <p class='ocr_par' dir='ltr' id='par_1_25' title="bbox 513 2007 2107 2065">
     <span class='ocr_line' id='line_1_25' title="bbox 513 2007 2107 2065; baseline 0.001 -3"><span class='ocrx_word' id='word_1_157' title='bbox 513 2007 673 2062; x_wconf 85' lang='lat' dir='ltr'><strong>Nunc</strong></span> <span class='ocrx_word' id='word_1_158' title='bbox 718 2016 895 2064; x_wconf 88' lang='lat' dir='ltr'><strong>autem</strong></span> <span class='ocrx_word' id='word_1_159' title='bbox 941 2008 1045 2063; x_wconf 86' lang='lat' dir='ltr'><strong>hac</strong></span> <span class='ocrx_word' id='word_1_160' title='bbox 1068 2009 1135 2064; x_wconf 87' lang='lat' dir='ltr'><strong>de</strong></span> <span class='ocrx_word' id='word_1_161' title='bbox 1186 2023 1245 2063; x_wconf 88' lang='lat' dir='ltr'><strong>re</strong></span> <span class='ocrx_word' id='word_1_162' title='bbox 1281 2007 1605 2065; x_wconf 85' lang='lat' dir='ltr'><strong>disserendo</strong></span> <span class='ocrx_word' id='word_1_163' title='bbox 1642 2008 1854 2065; x_wconf 88' lang='lat' dir='ltr'><strong>diutius</strong></span> <span class='ocrx_word' id='word_1_164' title='bbox 1911 2009 2107 2063; x_wconf 85' lang='lat' dir='ltr'><strong>immo-</strong></span> 
     </span>
    </p>
   </div>
   <div class='ocr_carea' id='block_1_26' title="bbox 520 2099 2107 2174">
    <p class='ocr_par' dir='ltr' id='par_1_26' title="bbox 520 2099 2107 2174">
     <span class='ocr_line' id='line_1_26' title="bbox 520 2099 2107 2174; baseline 0.002 -19"><span class='ocrx_word' id='word_1_165' title='bbox 520 2111 696 2169; x_wconf 88' lang='lat' dir='ltr'><strong>ratur,</strong></span> <span class='ocrx_word' id='word_1_166' title='bbox 727 2111 1243 2174; x_wconf 86' lang='lat' dir='ltr'><strong>commonstratque</strong></span> <span class='ocrx_word' id='word_1_167' title='bbox 1278 2103 1488 2158; x_wconf 84' lang='lat' dir='ltr'><strong>Novum</strong></span> <span class='ocrx_word' id='word_1_168' title='bbox 1522 2099 1934 2159; x_wconf 82' lang='lat' dir='ltr'><strong>Testamentum</strong></span> <span class='ocrx_word' id='word_1_169' title='bbox 1984 2118 2107 2158; x_wconf 88' lang='lat' dir='ltr'><strong>esse</strong></span> 
     </span>
    </p>
   </div>
   <div class='ocr_carea' id='block_1_27' title="bbox 518 2194 2106 2269">
    <p class='ocr_par' dir='ltr' id='par_1_27' title="bbox 518 2194 2106 2269">
     <span class='ocr_line' id='line_1_27' title="bbox 518 2194 2106 2269; baseline 0.001 -20"><span class='ocrx_word' id='word_1_170' title='bbox 518 2197 871 2266; x_wconf 66' lang='lat' dir='ltr'><strong>praestantius</strong></span> <span class='ocrx_word' id='word_1_171' title='bbox 908 2194 1087 2252; x_wconf 84' lang='lat' dir='ltr'><strong>Veteri</strong></span> <span class='ocrx_word' id='word_1_172' title='bbox 1123 2214 1136 2251; x_wconf 88' lang='lat'><strong>:</strong></span> <span class='ocrx_word' id='word_1_173' title='bbox 1169 2197 1276 2252; x_wconf 89' lang='lat' dir='ltr'><strong>hoc</strong></span> <span class='ocrx_word' id='word_1_174' title='bbox 1309 2206 1393 2253; x_wconf 89' lang='lat' dir='ltr'><strong>est</strong></span> <span class='ocrx_word' id='word_1_175' title='bbox 1419 2196 1769 2269; x_wconf 83' lang='lat' dir='ltr'><strong>Evangelium</strong></span> <span class='ocrx_word' id='word_1_176' title='bbox 1799 2239 1815 2265; x_wconf 93' lang='lat'><strong>,</strong></span> <span class='ocrx_word' id='word_1_177' title='bbox 1864 2197 2026 2267; x_wconf 86' lang='lat' dir='ltr'><strong>cujus</strong></span> <span class='ocrx_word' id='word_1_178' title='bbox 2051 2205 2106 2252; x_wconf 86' lang='lat' dir='ltr'><strong>et</strong></span> 
     </span>
    </p>
   </div>
   <div class='ocr_carea' id='block_1_28' title="bbox 523 2287 2109 2359">
    <p class='ocr_par' dir='ltr' id='par_1_28' title="bbox 523 2287 2109 2359">
     <span class='ocr_line' id='line_1_28' title="bbox 523 2287 2109 2359; baseline 0.004 -22"><span class='ocrx_word' id='word_1_179' title='bbox 523 2287 791 2340; x_wconf 85' lang='lat' dir='ltr'><strong>mediator</strong></span> <span class='ocrx_word' id='word_1_180' title='bbox 815 2301 880 2342; x_wconf 88' lang='lat' dir='ltr'><strong>ac</strong></span> <span class='ocrx_word' id='word_1_181' title='bbox 911 2287 1072 2343; x_wconf 89' lang='lat' dir='ltr'><strong>dator</strong></span> <span class='ocrx_word' id='word_1_182' title='bbox 1103 2297 1188 2344; x_wconf 85' lang='lat' dir='ltr'><strong>est</strong></span> <span class='ocrx_word' id='word_1_183' title='bbox 1228 2288 1511 2345; x_wconf 86' lang='lat' dir='ltr'><strong>Christus.</strong></span> <span class='ocrx_word' id='word_1_184' title='bbox 1540 2289 1656 2358; x_wconf 88' lang='lat' dir='ltr'><strong>Ipse</strong></span> <span class='ocrx_word' id='word_1_185' title='bbox 1726 2305 1964 2359; x_wconf 88' lang='lat' dir='ltr'><strong>namque</strong></span> <span class='ocrx_word' id='word_1_186' title='bbox 2008 2303 2109 2343; x_wconf 90' lang='lat' dir='ltr'><strong>no-</strong></span> 
     </span>
    </p>
   </div>
   <div class='ocr_carea' id='block_1_29' title="bbox 532 2377 2106 2451">
    <p class='ocr_par' dir='ltr' id='par_1_29' title="bbox 532 2377 2106 2451">
     <span class='ocr_line' id='line_1_29' title="bbox 532 2377 2106 2451; baseline 0.002 -20"><span class='ocrx_word' id='word_1_187' title='bbox 532 2378 616 2432; x_wconf 87' lang='lat' dir='ltr'><strong>bis</strong></span> <span class='ocrx_word' id='word_1_188' title='bbox 691 2377 972 2451; x_wconf 80' lang='lat' dir='ltr'><strong>Evangelii</strong></span> <span class='ocrx_word' id='word_1_189' title='bbox 1030 2382 1281 2436; x_wconf 88' lang='lat' dir='ltr'><strong>minister</strong></span> <span class='ocrx_word' id='word_1_190' title='bbox 1335 2380 1512 2437; x_wconf 79' lang='lat' dir='ltr'><strong>iactus</strong></span> <span class='ocrx_word' id='word_1_191' title='bbox 1577 2392 1684 2448; x_wconf 89' lang='lat' dir='ltr'><strong>est,</strong></span> <span class='ocrx_word' id='word_1_192' title='bbox 1746 2382 1888 2437; x_wconf 84' lang='lat' dir='ltr'><strong>servi</strong></span> <span class='ocrx_word' id='word_1_193' title='bbox 1931 2380 2106 2435; x_wconf 83' lang='lat' dir='ltr'><strong>forma</strong></span> 
     </span>
    </p>
   </div>
   <div class='ocr_carea' id='block_1_30' title="bbox 516 2472 2097 2546">
    <p class='ocr_par' dir='ltr' id='par_1_30' title="bbox 516 2472 2097 2546">
     <span class='ocr_line' id='line_1_30' title="bbox 516 2472 2097 2546; baseline -0.001 -20"><span class='ocrx_word' id='word_1_194' title='bbox 516 2479 761 2543; x_wconf 87' lang='lat' dir='ltr'><strong>accepta,</strong></span> <span class='ocrx_word' id='word_1_195' title='bbox 812 2474 1276 2545; x_wconf 88' lang='lat' dir='ltr'><strong>quemadmodum</strong></span> <span class='ocrx_word' id='word_1_196' title='bbox 1331 2474 1464 2545; x_wconf 86' lang='lat' dir='ltr'><strong>legis</strong></span> <span class='ocrx_word' id='word_1_197' title='bbox 1490 2474 1758 2530; x_wconf 88' lang='lat' dir='ltr'><strong>mediator</strong></span> <span class='ocrx_word' id='word_1_198' title='bbox 1792 2481 1913 2530; x_wconf 82' lang='lat' dir='ltr'><strong>erat</strong></span> <span class='ocrx_word' id='word_1_199' title='bbox 1943 2472 2097 2546; x_wconf 72' lang='lat' dir='ltr'><strong>Moy-</strong></span> 
     </span>
    </p>
   </div>
   <div class='ocr_carea' id='block_1_31' title="bbox 524 2578 1429 2620">
    <p class='ocr_par' dir='ltr' id='par_1_31' title="bbox 524 2578 1429 2620">
     <span class='ocr_line' id='line_1_31' title="bbox 524 2578 1429 2620; baseline -0.001 0"><span class='ocrx_word' id='word_1_200' title='bbox 524 2578 639 2620; x_wconf 69' lang='lat' dir='ltr'><strong>SCS.</strong></span> <span class='ocrx_word' id='word_1_201' title='bbox 1425 2584 1429 2587; x_wconf 71' lang='lat'><strong>&#39;</strong></span> 
     </span>
    </p>
   </div>
   <div class='ocr_carea' id='block_1_32' title="bbox 592 2653 2105 2725">
    <p class='ocr_par' dir='ltr' id='par_1_32' title="bbox 592 2653 2105 2725">
     <span class='ocr_line' id='line_1_32' title="bbox 592 2653 2105 2725; baseline 0.004 -19"><span class='ocrx_word' id='word_1_202' title='bbox 592 2653 747 2720; x_wconf 80' lang='lat' dir='ltr'><strong>Quod</strong></span> <span class='ocrx_word' id='word_1_203' title='bbox 777 2654 831 2707; x_wconf 85' lang='lat' dir='ltr'><strong>in</strong></span> <span class='ocrx_word' id='word_1_204' title='bbox 864 2655 1169 2708; x_wconf 83' lang='lat' dir='ltr'><strong>melioribus</strong></span> <span class='ocrx_word' id='word_1_205' title='bbox 1201 2654 1696 2725; x_wconf 82' lang='lat' dir='ltr'><strong>repromissionibus</strong></span> <span class='ocrx_word' id='word_1_206' title='bbox 1730 2657 1993 2711; x_wconf 87' lang='lat' dir='ltr'><strong>sancitum</strong></span> <span class='ocrx_word' id='word_1_207' title='bbox 2007 2668 2105 2713; x_wconf 89' lang='lat' dir='ltr'><strong>est.</strong></span> 
     </span>
    </p>
   </div>
   <div class='ocr_carea' id='block_1_33' title="bbox 523 2741 2111 2815">
    <p class='ocr_par' dir='ltr' id='par_1_33' title="bbox 523 2741 2111 2815">
     <span class='ocr_line' id='line_1_33' title="bbox 523 2741 2111 2815; baseline 0.004 -19"><span class='ocrx_word' id='word_1_208' title='bbox 523 2741 682 2808; x_wconf 93' lang='lat' dir='ltr'><strong>Quod</strong></span> <span class='ocrx_word' id='word_1_209' title='bbox 715 2743 1064 2813; x_wconf 86' lang='lat' dir='ltr'><strong>potissimum</strong></span> <span class='ocrx_word' id='word_1_210' title='bbox 1093 2758 1189 2799; x_wconf 91' lang='lat' dir='ltr'><strong>eos</strong></span> <span class='ocrx_word' id='word_1_211' title='bbox 1243 2745 1337 2815; x_wconf 91' lang='lat' dir='ltr'><strong>qui</strong></span> <span class='ocrx_word' id='word_1_212' title='bbox 1383 2759 1444 2798; x_wconf 82' lang='lat' dir='ltr'><strong>ex</strong></span> <span class='ocrx_word' id='word_1_213' title='bbox 1491 2742 1700 2802; x_wconf 79' lang='lat' dir='ltr'><strong>Judaeis</strong></span> <span class='ocrx_word' id='word_1_214' title='bbox 1759 2746 2111 2803; x_wconf 85' lang='lat' dir='ltr'><strong>crediderant</strong></span> 
     </span>
    </p>
   </div>
   <div class='ocr_carea' id='block_1_34' title="bbox 519 2831 2105 2906">
    <p class='ocr_par' dir='ltr' id='par_1_34' title="bbox 519 2831 2105 2906">
     <span class='ocr_line' id='line_1_34' title="bbox 519 2831 2105 2906; baseline 0.003 -19"><span class='ocrx_word' id='word_1_215' title='bbox 519 2831 891 2897; x_wconf 81' lang='lat' dir='ltr'><strong>rel‘ocillabat,</strong></span> <span class='ocrx_word' id='word_1_216' title='bbox 934 2835 1037 2889; x_wconf 89' lang='lat' dir='ltr'><strong>hoc</strong></span> <span class='ocrx_word' id='word_1_217' title='bbox 1099 2834 1278 2905; x_wconf 89' lang='lat' dir='ltr'><strong>ponit,</strong></span> <span class='ocrx_word' id='word_1_218' title='bbox 1330 2849 1526 2905; x_wconf 89' lang='lat' dir='ltr'><strong>nempe</strong></span> <span class='ocrx_word' id='word_1_219' title='bbox 1576 2838 1722 2906; x_wconf 88' lang='lat' dir='ltr'><strong>quod</strong></span> <span class='ocrx_word' id='word_1_220' title='bbox 1766 2835 2105 2892; x_wconf 85' lang='lat' dir='ltr'><strong>Testamenti</strong></span> 
     </span>
    </p>
   </div>
   <div class='ocr_carea' id='block_1_35' title="bbox 2201 543 3146 620">
    <p class='ocr_par' dir='ltr' id='par_1_35' title="bbox 2201 543 3146 620">
     <span class='ocr_line' id='line_1_35' title="bbox 2201 543 3146 620; baseline 0.005 -23"><span class='ocrx_word' id='word_1_221' title='bbox 2201 543 2404 597; x_wconf 78' lang='grc' dir='ltr'>θυσιῶν</span> <span class='ocrx_word' id='word_1_222' title='bbox 2427 546 2521 599; x_wconf 79' lang='grc' dir='ltr'>καὶ</span> <span class='ocrx_word' id='word_1_223' title='bbox 2550 547 2648 617; x_wconf 79' lang='grc' dir='ltr'>τῆς</span> <span class='ocrx_word' id='word_1_224' title='bbox 2674 546 2840 617; x_wconf 80' lang='grc' dir='ltr'><strong>ἄλλης</strong></span> <span class='ocrx_word' id='word_1_225' title='bbox 2872 548 3146 620; x_wconf 79' lang='grc' dir='ltr'>λατρείας.</span> 
     </span>
    </p>
   </div>
   <div class='ocr_carea' id='block_1_36' title="bbox 2270 638 3781 713">
    <p class='ocr_par' dir='ltr' id='par_1_36' title="bbox 2270 638 3781 713">
     <span class='ocr_line' id='line_1_36' title="bbox 2270 638 3781 713; baseline 0.005 -20"><span class='ocrx_word' id='word_1_226' title='bbox 2270 639 2421 694; x_wconf 75' lang='grc' dir='ltr'><em>Νυνὶ</em></span> <span class='ocrx_word' id='word_1_227' title='bbox 2476 638 2546 693; x_wconf 83' lang='grc' dir='ltr'>δὲ</span> <span class='ocrx_word' id='word_1_228' title='bbox 2600 640 3033 710; x_wconf 70' lang='grc' dir='ltr'><strong>διαφορωτέρας</strong></span> <span class='ocrx_word' id='word_1_229' title='bbox 3108 640 3318 709; x_wconf 83' lang='grc' dir='ltr'>τέτυχε</span> <span class='ocrx_word' id='word_1_230' title='bbox 3379 645 3781 713; x_wconf 70' lang='grc' dir='ltr'><strong>λειτουργίας.</strong></span> 
     </span>
    </p>
   </div>
   <div class='ocr_carea' id='block_1_37' title="bbox 2214 726 3786 808">
    <p class='ocr_par' dir='ltr' id='par_1_37' title="bbox 2214 726 3786 808">
     <span class='ocr_line' id='line_1_37' title="bbox 2214 726 3786 808; baseline 0.002 -22"><span class='ocrx_word' id='word_1_231' title='bbox 2214 732 2454 786; x_wconf 86' lang='grc' dir='ltr'>Ἐκείνου</span> <span class='ocrx_word' id='word_1_232' title='bbox 2486 732 2580 787; x_wconf 75' lang='grc' dir='ltr'>τοῦ</span> <span class='ocrx_word' id='word_1_233' title='bbox 2608 735 2883 807; x_wconf 84' lang='grc' dir='ltr'><strong>νοήματος</strong></span> <span class='ocrx_word' id='word_1_234' title='bbox 2914 726 3149 805; x_wconf 73' lang='grc' dir='ltr'>ἢρτηται</span> <span class='ocrx_word' id='word_1_235' title='bbox 3176 735 3370 803; x_wconf 83' lang='grc' dir='ltr'>ταῦτα,</span> <span class='ocrx_word' id='word_1_236' title='bbox 3403 736 3500 790; x_wconf 81' lang='grc' dir='ltr'><strong>τοῦ</strong></span> <span class='ocrx_word' id='word_1_237' title='bbox 3524 751 3539 764; x_wconf 76' lang='grc'><strong><em>⁸</em></strong></span> <span class='ocrx_word' id='word_1_238' title='bbox 3568 738 3637 791; x_wconf 85' lang='grc' dir='ltr'>Εί</span> <span class='ocrx_word' id='word_1_239' title='bbox 3661 738 3786 808; x_wconf 74' lang='grc' dir='ltr'><strong>μὲν</strong></span> 
     </span>
    </p>
   </div>
   <div class='ocr_carea' id='block_1_38' title="bbox 2198 820 3771 903">
    <p class='ocr_par' dir='ltr' id='par_1_38' title="bbox 2198 820 3771 903">
     <span class='ocr_line' id='line_1_38' title="bbox 2198 820 3771 903; baseline 0.006 -28"><span class='ocrx_word' id='word_1_240' title='bbox 2198 823 2311 892; x_wconf 77' lang='grc' dir='ltr'>γὰρ</span> <span class='ocrx_word' id='word_1_241' title='bbox 2340 822 2421 892; x_wconf 80' lang='grc' dir='ltr'><strong>ἦν</strong></span> <span class='ocrx_word' id='word_1_242' title='bbox 2447 824 2544 878; x_wconf 74' lang='grc' dir='ltr'><strong>ἐπὶ</strong></span> <span class='ocrx_word' id='word_1_243' title='bbox 2600 823 2734 895; x_wconf 75' lang='grc' dir='ltr'>γῆς,</span> <span class='ocrx_word' id='word_1_244' title='bbox 2779 827 2890 880; x_wconf 84' lang='grc' dir='ltr'>οὐκ</span> <span class='ocrx_word' id='word_1_245' title='bbox 2933 821 3011 880; x_wconf 82' lang='grc' dir='ltr'><strong>ἂν</strong></span> <span class='ocrx_word' id='word_1_246' title='bbox 3052 820 3132 896; x_wconf 81' lang='grc' dir='ltr'><strong>ἦν</strong></span> <span class='ocrx_word' id='word_1_247' title='bbox 3187 828 3401 896; x_wconf 84' lang='grc' dir='ltr'>ίερεύς.</span> <span class='ocrx_word' id='word_1_248' title='bbox 3432 827 3571 883; x_wconf 82' lang='grc' dir='ltr'>Νυνὶ</span> <span class='ocrx_word' id='word_1_249' title='bbox 3607 828 3666 883; x_wconf 83' lang='grc' dir='ltr'><strong>δέ</strong></span> <span class='ocrx_word' id='word_1_250' title='bbox 3693 831 3771 903; x_wconf 78' lang='grc' dir='ltr'>μὴ</span> 
     </span>
    </p>
   </div>
   <div class='ocr_carea' id='block_1_39' title="bbox 2201 911 3787 993">
    <p class='ocr_par' dir='ltr' id='par_1_39' title="bbox 2201 911 3787 993">
     <span class='ocr_line' id='line_1_39' title="bbox 2201 911 3787 993; baseline 0.004 -27"><span class='ocrx_word' id='word_1_251' title='bbox 2201 911 2298 976; x_wconf 82' lang='grc' dir='ltr'><strong>ὢν,</strong></span> <span class='ocrx_word' id='word_1_252' title='bbox 2346 918 2533 985; x_wconf 67' lang='grc' dir='ltr'>φησιν,</span> <span class='ocrx_word' id='word_1_253' title='bbox 2586 914 2678 969; x_wconf 75' lang='grc' dir='ltr'><strong>ἐπὶ</strong></span> <span class='ocrx_word' id='word_1_254' title='bbox 2720 915 2847 986; x_wconf 86' lang='grc' dir='ltr'>γῆς,</span> <span class='ocrx_word' id='word_1_255' title='bbox 2899 916 3036 971; x_wconf 69' lang='grc' dir='ltr'>ἀλλὰ</span> <span class='ocrx_word' id='word_1_256' title='bbox 3067 917 3160 970; x_wconf 86' lang='grc' dir='ltr'><strong>τὸν</strong></span> <span class='ocrx_word' id='word_1_257' title='bbox 3194 918 3423 988; x_wconf 80' lang='grc' dir='ltr'>οὐρανόν</span> <span class='ocrx_word' id='word_1_258' title='bbox 3454 918 3594 989; x_wconf 78' lang='grc' dir='ltr'>ἔχων</span> <span class='ocrx_word' id='word_1_259' title='bbox 3632 920 3787 993; x_wconf 79' lang='grc' dir='ltr'>ἱερα-</span> 
     </span>
    </p>
   </div>
   <div class='ocr_carea' id='block_1_40' title="bbox 2204 1006 3785 1080">
    <p class='ocr_par' dir='ltr' id='par_1_40' title="bbox 2204 1006 3785 1080">
     <span class='ocr_line' id='line_1_40' title="bbox 2204 1006 3785 1080; baseline 0.005 -21"><span class='ocrx_word' id='word_1_260' title='bbox 2204 1010 2370 1071; x_wconf 83' lang='grc' dir='ltr'>τεῖον,</span> <span class='ocrx_word' id='word_1_261' title='bbox 2409 1006 2846 1077; x_wconf 73' lang='grc' dir='ltr'><strong>διαφορωτέρας</strong></span> <span class='ocrx_word' id='word_1_262' title='bbox 2874 1007 3133 1079; x_wconf 79' lang='grc' dir='ltr'><strong>ἐπέτυχε</strong></span> <span class='ocrx_word' id='word_1_263' title='bbox 3176 1011 3555 1080; x_wconf 71' lang='grc' dir='ltr'>λειτουργίας</span> <span class='ocrx_word' id='word_1_264' title='bbox 3577 1027 3591 1041; x_wconf 87' lang='grc'><strong>·</strong></span> <span class='ocrx_word' id='word_1_265' title='bbox 3620 1030 3785 1067; x_wconf 88' lang='grc' dir='ltr'>τουτ-</span> 
     </span>
    </p>
   </div>
   <div class='ocr_carea' id='block_1_41' title="bbox 2201 1096 3789 1176">
    <p class='ocr_par' dir='ltr' id='par_1_41' title="bbox 2201 1096 3789 1176">
     <span class='ocr_line' id='line_1_41' title="bbox 2201 1096 3789 1176; baseline 0.004 -26"><span class='ocrx_word' id='word_1_266' title='bbox 2201 1096 2348 1151; x_wconf 83' lang='grc' dir='ltr'>έστιν</span> <span class='ocrx_word' id='word_1_267' title='bbox 2372 1138 2387 1165; x_wconf 90' lang='grc'><strong>,</strong></span> <span class='ocrx_word' id='word_1_268' title='bbox 2429 1097 2530 1151; x_wconf 85' lang='grc' dir='ltr'><strong>οὐκ</strong></span> <span class='ocrx_word' id='word_1_269' title='bbox 2570 1097 2716 1152; x_wconf 77' lang='grc' dir='ltr'>ἐστιν</span> <span class='ocrx_word' id='word_1_270' title='bbox 2766 1099 2935 1161; x_wconf 69' lang='grc' dir='ltr'>αὐτοῦ</span> <span class='ocrx_word' id='word_1_271' title='bbox 2968 1101 3003 1172; x_wconf 78' lang='grc' dir='ltr'>ἡ</span> <span class='ocrx_word' id='word_1_272' title='bbox 3052 1099 3366 1172; x_wconf 77' lang='grc' dir='ltr'>λειτουργία</span> <span class='ocrx_word' id='word_1_273' title='bbox 3400 1102 3644 1176; x_wconf 78' lang='grc' dir='ltr'>τοιαύτη,</span> <span class='ocrx_word' id='word_1_274' title='bbox 3691 1104 3789 1161; x_wconf 60' lang='lat' dir='ltr'><strong>oi;</strong></span> 
     </span>
    </p>
   </div>
   <div class='ocr_carea' id='block_1_42' title="bbox 2152 1190 3784 1264">
    <p class='ocr_par' dir='ltr' id='par_1_42' title="bbox 2152 1190 3784 1264">
     <span class='ocr_line' id='line_1_42' title="bbox 2152 1190 3784 1264; baseline 0.005 -21"><span class='ocrx_word' id='word_1_275' title='bbox 2152 1254 2159 1263; x_wconf 34' lang='grc' dir='ltr'><strong>η</strong></span> <span class='ocrx_word' id='word_1_276' title='bbox 2202 1193 2236 1260; x_wconf 77' lang='grc' dir='ltr'>ἠ</span> <span class='ocrx_word' id='word_1_277' title='bbox 2266 1190 2377 1245; x_wconf 85' lang='grc' dir='ltr'>τῶν</span> <span class='ocrx_word' id='word_1_278' title='bbox 2410 1190 2502 1251; x_wconf 76' lang='grc' dir='ltr'><strong>ἐπὶ</strong></span> <span class='ocrx_word' id='word_1_279' title='bbox 2525 1191 2628 1260; x_wconf 82' lang='grc' dir='ltr'><strong>γῆς</strong></span> <span class='ocrx_word' id='word_1_280' title='bbox 2648 1190 2975 1264; x_wconf 78' lang='grc' dir='ltr'>ἀρχιερέων,</span> <span class='ocrx_word' id='word_1_281' title='bbox 3007 1191 3125 1245; x_wconf 80' lang='grc' dir='ltr'>ἀλλ’</span> <span class='ocrx_word' id='word_1_282' title='bbox 3171 1194 3445 1263; x_wconf 82' lang='grc' dir='ltr'>οὐράνιος,</span> <span class='ocrx_word' id='word_1_283' title='bbox 3473 1196 3570 1249; x_wconf 75' lang='grc' dir='ltr'><strong>ἅτε</strong></span> <span class='ocrx_word' id='word_1_284' title='bbox 3614 1196 3784 1252; x_wconf 84' lang='grc' dir='ltr'>τόπον</span> 
     </span>
    </p>
   </div>
   <div class='ocr_carea' id='block_1_43' title="bbox 2207 1282 3410 1355">
    <p class='ocr_par' dir='ltr' id='par_1_43' title="bbox 2207 1282 3410 1355">
     <span class='ocr_line' id='line_1_43' title="bbox 2207 1282 3410 1355; baseline 0.002 -19"><span class='ocrx_word' id='word_1_285' title='bbox 2207 1282 2408 1354; x_wconf 77' lang='grc' dir='ltr'>ἔχουσα</span> <span class='ocrx_word' id='word_1_286' title='bbox 2429 1282 2531 1350; x_wconf 80' lang='grc' dir='ltr'>τῆς</span> <span class='ocrx_word' id='word_1_287' title='bbox 2556 1286 2764 1347; x_wconf 82' lang='grc' dir='ltr'>οἰκείας</span> <span class='ocrx_word' id='word_1_288' title='bbox 2786 1282 3012 1354; x_wconf 83' lang='grc' dir='ltr'>τελετῆς</span> <span class='ocrx_word' id='word_1_289' title='bbox 3032 1286 3128 1338; x_wconf 79' lang='grc' dir='ltr'><strong>τὸν</strong></span> <span class='ocrx_word' id='word_1_290' title='bbox 3155 1285 3410 1355; x_wconf 83' lang='grc' dir='ltr'>οὐρανόν.</span> 
     </span>
    </p>
   </div>
   <div class='ocr_carea' id='block_1_44' title="bbox 2284 1459 3783 1534">
    <p class='ocr_par' dir='ltr' id='par_1_44' title="bbox 2284 1459 3783 1534">
     <span class='ocr_line' id='line_1_44' title="bbox 2284 1459 3783 1534; baseline 0.007 -20"><span class='ocrx_word' id='word_1_291' title='bbox 2284 1459 2443 1526; x_wconf 88' lang='grc' dir='ltr'><strong>Ὄσῳ</strong></span> <span class='ocrx_word' id='word_1_292' title='bbox 2483 1459 2583 1515; x_wconf 80' lang='grc' dir='ltr'>καὶ</span> <span class='ocrx_word' id='word_1_293' title='bbox 2616 1460 2959 1529; x_wconf 76' lang='grc' dir='ltr'>κρείττονός</span> <span class='ocrx_word' id='word_1_294' title='bbox 3009 1461 3141 1515; x_wconf 82' lang='grc' dir='ltr'>ἐστι</span> <span class='ocrx_word' id='word_1_295' title='bbox 3171 1462 3472 1530; x_wconf 79' lang='grc' dir='ltr'>Διαοήκης</span> <span class='ocrx_word' id='word_1_296' title='bbox 3501 1468 3783 1534; x_wconf 79' lang='grc' dir='ltr'><strong>μεσίτης.</strong></span> 
     </span>
    </p>
   </div>
   <div class='ocr_carea' id='block_1_45' title="bbox 2203 1546 3789 1627">
    <p class='ocr_par' dir='ltr' id='par_1_45' title="bbox 2203 1546 3789 1627">
     <span class='ocr_line' id='line_1_45' title="bbox 2203 1546 3789 1627; baseline 0.006 -22"><span class='ocrx_word' id='word_1_297' title='bbox 2203 1553 2449 1624; x_wconf 78' lang='grc' dir='ltr'>Ἔπάρας</span> <span class='ocrx_word' id='word_1_298' title='bbox 2498 1554 2597 1626; x_wconf 77' lang='grc' dir='ltr'><strong>τὴν</strong></span> <span class='ocrx_word' id='word_1_299' title='bbox 2669 1554 2810 1608; x_wconf 79' lang='grc' dir='ltr'>κατὰ</span> <span class='ocrx_word' id='word_1_300' title='bbox 2866 1546 3101 1626; x_wconf 82' lang='grc' dir='ltr'>Χριστὸν</span> <span class='ocrx_word' id='word_1_301' title='bbox 3152 1556 3494 1627; x_wconf 76' lang='grc' dir='ltr'>ἱερωσύνην,</span> <span class='ocrx_word' id='word_1_302' title='bbox 3540 1560 3650 1613; x_wconf 78' lang='grc' dir='ltr'><strong>ἀπὸ</strong></span> <span class='ocrx_word' id='word_1_303' title='bbox 3688 1561 3789 1614; x_wconf 76' lang='grc' dir='ltr'>τοῦ</span> 
     </span>
    </p>
   </div>
   <div class='ocr_carea' id='block_1_46' title="bbox 2203 1645 3788 1719">
    <p class='ocr_par' dir='ltr' id='par_1_46' title="bbox 2203 1645 3788 1719">
     <span class='ocr_line' id='line_1_46' title="bbox 2203 1645 3788 1719; baseline 0.004 -21"><span class='ocrx_word' id='word_1_304' title='bbox 2203 1646 2390 1706; x_wconf 85' lang='grc' dir='ltr'>τόπου,</span> <span class='ocrx_word' id='word_1_305' title='bbox 2411 1645 2619 1699; x_wconf 78' lang='grc' dir='ltr'>καὶτοῦ</span> <span class='ocrx_word' id='word_1_306' title='bbox 2645 1646 2858 1717; x_wconf 76' lang='grc' dir='ltr'>ἱερέως.</span> <span class='ocrx_word' id='word_1_307' title='bbox 2885 1645 2983 1699; x_wconf 76' lang='grc' dir='ltr'>καὶ</span> <span class='ocrx_word' id='word_1_308' title='bbox 3011 1646 3111 1717; x_wconf 77' lang='grc' dir='ltr'>τῆς</span> <span class='ocrx_word' id='word_1_309' title='bbox 3140 1645 3353 1712; x_wconf 78' lang='grc' dir='ltr'>Θυσίας,</span> <span class='ocrx_word' id='word_1_310' title='bbox 3382 1646 3445 1701; x_wconf 78' lang='grc' dir='ltr'>οὔ</span> <span class='ocrx_word' id='word_1_311' title='bbox 3457 1667 3530 1702; x_wconf 84' lang='grc' dir='ltr'><strong>τω</strong></span> <span class='ocrx_word' id='word_1_312' title='bbox 3556 1650 3651 1703; x_wconf 74' lang='grc' dir='ltr'>καὶ</span> <span class='ocrx_word' id='word_1_313' title='bbox 3682 1653 3788 1719; x_wconf 83' lang='grc' dir='ltr'>τῆς</span> 
     </span>
    </p>
   </div>
   <div class='ocr_carea' id='block_1_47' title="bbox 2210 1736 3793 1812">
    <p class='ocr_par' dir='ltr' id='par_1_47' title="bbox 2210 1736 3793 1812">
     <span class='ocr_line' id='line_1_47' title="bbox 2210 1736 3793 1812; baseline 0.005 -23"><span class='ocrx_word' id='word_1_314' title='bbox 2210 1736 2492 1809; x_wconf 81' lang='grc' dir='ltr'>Διαθήκης</span> <span class='ocrx_word' id='word_1_315' title='bbox 2529 1737 2589 1791; x_wconf 85' lang='grc' dir='ltr'><strong>τὸ</strong></span> <span class='ocrx_word' id='word_1_316' title='bbox 2646 1738 2810 1808; x_wconf 83' lang='grc' dir='ltr'>μέσον</span> <span class='ocrx_word' id='word_1_317' title='bbox 2842 1737 3046 1807; x_wconf 78' lang='grc' dir='ltr'>τίθησι.</span> <span class='ocrx_word' id='word_1_318' title='bbox 3098 1738 3211 1792; x_wconf 85' lang='grc' dir='ltr'>Καί</span> <span class='ocrx_word' id='word_1_319' title='bbox 3264 1757 3346 1794; x_wconf 89' lang='grc' dir='ltr'><strong>τοι</strong></span> <span class='ocrx_word' id='word_1_320' title='bbox 3388 1736 3510 1795; x_wconf 82' lang='grc' dir='ltr'>εἶπε</span> <span class='ocrx_word' id='word_1_321' title='bbox 3565 1743 3666 1812; x_wconf 85' lang='grc' dir='ltr'><strong>μὲν</strong></span> <span class='ocrx_word' id='word_1_322' title='bbox 3693 1746 3793 1797; x_wconf 71' lang='grc' dir='ltr'><strong>καὶ</strong></span> 
     </span>
    </p>
   </div>
   <div class='ocr_carea' id='block_1_48' title="bbox 2209 1826 3789 1906">
    <p class='ocr_par' dir='ltr' id='par_1_48' title="bbox 2209 1826 3789 1906">
     <span class='ocr_line' id='line_1_48' title="bbox 2209 1826 3789 1906; baseline 0.004 -26"><span class='ocrx_word' id='word_1_323' title='bbox 2209 1830 2492 1900; x_wconf 83' lang='grc' dir='ltr'>πρότερον,</span> <span class='ocrx_word' id='word_1_324' title='bbox 2531 1831 2613 1883; x_wconf 84' lang='grc' dir='ltr'><strong>ὅτι</strong></span> <span class='ocrx_word' id='word_1_325' title='bbox 2662 1829 2897 1901; x_wconf 81' lang='grc' dir='ltr'>ἀσθενὴς</span> <span class='ocrx_word' id='word_1_326' title='bbox 2937 1826 3006 1903; x_wconf 79' lang='grc' dir='ltr'>ἦν</span> <span class='ocrx_word' id='word_1_327' title='bbox 3040 1832 3073 1902; x_wconf 81' lang='grc' dir='ltr'><strong>ἡ</strong></span> <span class='ocrx_word' id='word_1_328' title='bbox 3103 1831 3317 1888; x_wconf 81' lang='grc' dir='ltr'>Παλαιὰ</span> <span class='ocrx_word' id='word_1_329' title='bbox 3351 1834 3445 1886; x_wconf 73' lang='grc' dir='ltr'>καὶ</span> <span class='ocrx_word' id='word_1_330' title='bbox 3482 1835 3789 1906; x_wconf 65' lang='grc' dir='ltr'>ἀνωφελὴς,</span> 
     </span>
    </p>
   </div>
   <div class='ocr_carea' id='block_1_49' title="bbox 2205 1920 3787 1998">
    <p class='ocr_par' dir='ltr' id='par_1_49' title="bbox 2205 1920 3787 1998">
     <span class='ocr_line' id='line_1_49' title="bbox 2205 1920 3787 1998; baseline 0.004 -23"><span class='ocrx_word' id='word_1_331' title='bbox 2205 1920 2293 1975; x_wconf 86' lang='grc' dir='ltr'>διὰ</span> <span class='ocrx_word' id='word_1_332' title='bbox 2338 1922 2403 1975; x_wconf 76' lang='grc' dir='ltr'>τὸ</span> <span class='ocrx_word' id='word_1_333' title='bbox 2453 1923 2727 1994; x_wconf 79' lang='grc' dir='ltr'>νηπιῶδες</span> <span class='ocrx_word' id='word_1_334' title='bbox 2791 1923 2902 1976; x_wconf 86' lang='grc' dir='ltr'><strong>τῶν</strong></span> <span class='ocrx_word' id='word_1_335' title='bbox 2961 1924 3319 1978; x_wconf 70' lang='grc' dir='ltr'>ἀκουόντων*</span> <span class='ocrx_word' id='word_1_336' title='bbox 3377 1925 3517 1979; x_wconf 74' lang='grc' dir='ltr'>ἀλλὰ</span> <span class='ocrx_word' id='word_1_337' title='bbox 3573 1926 3787 1998; x_wconf 79' lang='grc' dir='ltr'>ταχέως</span> 
     </span>
    </p>
   </div>
   <div class='ocr_carea' id='block_1_50' title="bbox 2208 2013 3783 2089">
    <p class='ocr_par' dir='ltr' id='par_1_50' title="bbox 2208 2013 3783 2089">
     <span class='ocr_line' id='line_1_50' title="bbox 2208 2013 3783 2089; baseline -0.008 -17"><span class='ocrx_word' id='word_1_338' title='bbox 2208 2013 2524 2085; x_wconf 79' lang='grc' dir='ltr'><strong>ἀπηλλάγη.</strong></span> <span class='ocrx_word' id='word_1_339' title='bbox 2588 2014 2702 2066; x_wconf 84' lang='grc' dir='ltr'><strong>Νῦν</strong></span> <span class='ocrx_word' id='word_1_340' title='bbox 2760 2014 2819 2067; x_wconf 80' lang='grc' dir='ltr'><strong>δέ</strong></span> <span class='ocrx_word' id='word_1_341' title='bbox 2870 2014 3201 2087; x_wconf 77' lang='grc' dir='ltr'>ἐνδιατρίϐει</span> <span class='ocrx_word' id='word_1_342' title='bbox 3264 2016 3343 2088; x_wconf 79' lang='grc' dir='ltr'>τῷ</span> <span class='ocrx_word' id='word_1_343' title='bbox 3392 2018 3524 2089; x_wconf 78' lang='grc' dir='ltr'>περὶ</span> <span class='ocrx_word' id='word_1_344' title='bbox 3578 2020 3783 2088; x_wconf 74' lang='grc' dir='ltr'>ταύτης</span> 
     </span>
    </p>
   </div>
   <div class='ocr_carea' id='block_1_51' title="bbox 2207 2101 3786 2181">
    <p class='ocr_par' dir='ltr' id='par_1_51' title="bbox 2207 2101 3786 2181">
     <span class='ocr_line' id='line_1_51' title="bbox 2207 2101 3786 2181; baseline 0.004 -26"><span class='ocrx_word' id='word_1_345' title='bbox 2207 2101 2374 2173; x_wconf 86' lang='grc' dir='ltr'>λόγῳ,</span> <span class='ocrx_word' id='word_1_346' title='bbox 2438 2104 2535 2157; x_wconf 75' lang='grc' dir='ltr'>καὶ</span> <span class='ocrx_word' id='word_1_347' title='bbox 2584 2103 2877 2169; x_wconf 85' lang='grc' dir='ltr'>δείκνυσιν,</span> <span class='ocrx_word' id='word_1_348' title='bbox 2925 2105 3009 2158; x_wconf 84' lang='grc' dir='ltr'>ὅτι</span> <span class='ocrx_word' id='word_1_349' title='bbox 3051 2107 3085 2177; x_wconf 74' lang='grc' dir='ltr'><strong>η</strong></span> <span class='ocrx_word' id='word_1_350' title='bbox 3123 2105 3237 2161; x_wconf 83' lang='grc' dir='ltr'>Νὲα</span> <span class='ocrx_word' id='word_1_351' title='bbox 3272 2107 3516 2181; x_wconf 74' lang='grc' dir='ltr'>Διαθήκη</span> <span class='ocrx_word' id='word_1_352' title='bbox 3569 2111 3786 2179; x_wconf 80' lang='grc' dir='ltr'>ἐκείνης</span> 
     </span>
    </p>
   </div>
   <div class='ocr_carea' id='block_1_52' title="bbox 2208 2193 3786 2273">
    <p class='ocr_par' dir='ltr' id='par_1_52' title="bbox 2208 2193 3786 2273">
     <span class='ocr_line' id='line_1_52' title="bbox 2208 2193 3786 2273; baseline 0.006 -25"><span class='ocrx_word' id='word_1_353' title='bbox 2208 2196 2474 2268; x_wconf 76' lang='grc' dir='ltr'>κρείττων</span> <span class='ocrx_word' id='word_1_354' title='bbox 2501 2211 2516 2226; x_wconf 82' lang='grc'><strong><em>⁸</em></strong></span> <span class='ocrx_word' id='word_1_355' title='bbox 2558 2196 2828 2262; x_wconf 77' lang='grc' dir='ltr'>τουτέστι,</span> <span class='ocrx_word' id='word_1_356' title='bbox 2860 2197 2921 2249; x_wconf 84' lang='grc' dir='ltr'><strong>τὸ</strong></span> <span class='ocrx_word' id='word_1_357' title='bbox 2945 2197 3301 2266; x_wconf 82' lang='grc' dir='ltr'>Εὐαγγέλιον,</span> <span class='ocrx_word' id='word_1_358' title='bbox 3339 2193 3400 2254; x_wconf 77' lang='grc' dir='ltr'>οὗ</span> <span class='ocrx_word' id='word_1_359' title='bbox 3435 2201 3661 2273; x_wconf 81' lang='grc' dir='ltr'>μεσίτης</span> <span class='ocrx_word' id='word_1_360' title='bbox 3691 2203 3786 2258; x_wconf 78' lang='grc' dir='ltr'>καὶ</span> 
     </span>
    </p>
   </div>
   <div class='ocr_carea' id='block_1_53' title="bbox 2207 2288 3790 2363">
    <p class='ocr_par' dir='ltr' id='par_1_53' title="bbox 2207 2288 3790 2363">
     <span class='ocr_line' id='line_1_53' title="bbox 2207 2288 3790 2363; baseline 0.006 -24"><span class='ocrx_word' id='word_1_361' title='bbox 2207 2288 2367 2358; x_wconf 87' lang='grc' dir='ltr'>δότης</span> <span class='ocrx_word' id='word_1_362' title='bbox 2413 2288 2561 2363; x_wconf 74' lang='grc' dir='ltr'>ἐστὶν</span> <span class='ocrx_word' id='word_1_363' title='bbox 2601 2288 2629 2340; x_wconf 87' lang='grc' dir='ltr'>ὀ</span> <span class='ocrx_word' id='word_1_364' title='bbox 2666 2289 2902 2360; x_wconf 83' lang='grc' dir='ltr'>Χριστός</span> <span class='ocrx_word' id='word_1_365' title='bbox 2927 2306 2943 2321; x_wconf 78' lang='grc' dir='ltr'><strong>ο</strong></span> <span class='ocrx_word' id='word_1_366' title='bbox 2996 2289 3162 2353; x_wconf 72' lang='grc' dir='ltr'>αὐτὸς</span> <span class='ocrx_word' id='word_1_367' title='bbox 3212 2291 3321 2361; x_wconf 80' lang='grc' dir='ltr'><strong>γὰρ</strong></span> <span class='ocrx_word' id='word_1_368' title='bbox 3371 2294 3502 2363; x_wconf 71' lang='grc' dir='ltr'>ἡμῖν</span> <span class='ocrx_word' id='word_1_369' title='bbox 3538 2293 3790 2362; x_wconf 58' lang='grc' dir='ltr'>διάκονος</span> 
     </span>
    </p>
   </div>
   <div class='ocr_carea' id='block_1_54' title="bbox 2208 2358 3789 2456">
    <p class='ocr_par' dir='ltr' id='par_1_54' title="bbox 2208 2358 3789 2456">
     <span class='ocr_line' id='line_1_54' title="bbox 2208 2358 3789 2456; baseline 0.007 -25"><span class='ocrx_word' id='word_1_370' title='bbox 2208 2378 2306 2432; x_wconf 81' lang='grc' dir='ltr'>τοῦ</span> <span class='ocrx_word' id='word_1_371' title='bbox 2376 2358 2728 2449; x_wconf 31' lang='grc' dir='ltr'>Εὑᾶγγελίου-</span> <span class='ocrx_word' id='word_1_372' title='bbox 2768 2381 2985 2451; x_wconf 78' lang='grc' dir='ltr'>γέγονε,</span> <span class='ocrx_word' id='word_1_373' title='bbox 3054 2358 3246 2437; x_wconf 79' lang='grc' dir='ltr'>δούλου</span> <span class='ocrx_word' id='word_1_374' title='bbox 3290 2358 3523 2456; x_wconf 36' lang='lat' dir='ltr'><strong>pop-&lt;qu</strong></span> <span class='ocrx_word' id='word_1_375' title='bbox 3582 2358 3789 2454; x_wconf 64' lang='grc' dir='ltr'>λαϐὼν,</span> 
     </span>
    </p>
   </div>
   <div class='ocr_carea' id='block_1_55' title="bbox 2208 2471 3356 2546">
    <p class='ocr_par' dir='ltr' id='par_1_55' title="bbox 2208 2471 3356 2546">
     <span class='ocr_line' id='line_1_55' title="bbox 2208 2471 3356 2546; baseline 0.005 -22"><span class='ocrx_word' id='word_1_376' title='bbox 2208 2471 2400 2542; x_wconf 81' lang='grc' dir='ltr'>ὥσπερ</span> <span class='ocrx_word' id='word_1_377' title='bbox 2438 2471 2526 2526; x_wconf 84' lang='grc' dir='ltr'>τοῦ</span> <span class='ocrx_word' id='word_1_378' title='bbox 2557 2472 2722 2543; x_wconf 87' lang='grc' dir='ltr'>νόμου</span> <span class='ocrx_word' id='word_1_379' title='bbox 2770 2473 3004 2545; x_wconf 81' lang='grc' dir='ltr'>μεσίτης</span> <span class='ocrx_word' id='word_1_380' title='bbox 3029 2477 3058 2528; x_wconf 86' lang='grc' dir='ltr'><strong>ό</strong></span> <span class='ocrx_word' id='word_1_381' title='bbox 3091 2475 3356 2546; x_wconf 81' lang='grc' dir='ltr'>Μωῦσῆς.</span> 
     </span>
    </p>
   </div>
   <div class='ocr_carea' id='block_1_56' title="bbox 2283 2648 3792 2726">
    <p class='ocr_par' dir='ltr' id='par_1_56' title="bbox 2283 2648 3792 2726">
     <span class='ocr_line' id='line_1_56' title="bbox 2283 2648 3792 2726; baseline 0.005 -21"><span class='ocrx_word' id='word_1_382' title='bbox 2283 2648 2444 2713; x_wconf 71' lang='lat' dir='ltr'><strong>&quot;He/(-</strong></span> <span class='ocrx_word' id='word_1_383' title='bbox 2473 2651 2572 2703; x_wconf 78' lang='grc' dir='ltr'><strong>ἐπὶ</strong></span> <span class='ocrx_word' id='word_1_384' title='bbox 2606 2650 2946 2719; x_wconf 78' lang='grc' dir='ltr'>κρείττοσιν</span> <span class='ocrx_word' id='word_1_385' title='bbox 2974 2651 3357 2723; x_wconf 74' lang='grc' dir='ltr'>ἐπαγγελίαις</span> <span class='ocrx_word' id='word_1_386' title='bbox 3394 2657 3792 2726; x_wconf 75' lang='grc' dir='ltr'>νενομοθέτηο</span> 
     </span>
    </p>
   </div>
   <div class='ocr_carea' id='block_1_57' title="bbox 2211 2740 3789 2819">
    <p class='ocr_par' dir='ltr' id='par_1_57' title="bbox 2211 2740 3789 2819">
     <span class='ocr_line' id='line_1_57' title="bbox 2211 2740 3789 2819; baseline 0.006 -26"><span class='ocrx_word' id='word_1_387' title='bbox 2211 2755 2325 2794; x_wconf 84' lang='grc' dir='ltr'>ται.</span> <span class='ocrx_word' id='word_1_388' title='bbox 2354 2741 2420 2793; x_wconf 88' lang='lat'><strong>&#39;0</strong></span> <span class='ocrx_word' id='word_1_389' title='bbox 2449 2741 2686 2811; x_wconf 81' lang='grc' dir='ltr'>μάλιστα</span> <span class='ocrx_word' id='word_1_390' title='bbox 2724 2741 2856 2805; x_wconf 74' lang='grc' dir='ltr'>τοὺς</span> <span class='ocrx_word' id='word_1_391' title='bbox 2885 2740 2944 2807; x_wconf 79' lang='grc' dir='ltr'><strong>ἐξ</strong></span> <span class='ocrx_word' id='word_1_392' title='bbox 2974 2742 3247 2798; x_wconf 73' lang='grc' dir='ltr'>Ἰουδαίων</span> <span class='ocrx_word' id='word_1_393' title='bbox 3280 2744 3502 2809; x_wconf 78' lang='grc' dir='ltr'>πιστοὺς</span> <span class='ocrx_word' id='word_1_394' title='bbox 3520 2748 3789 2819; x_wconf 77' lang='grc' dir='ltr'>ἀνέψυχε,</span> 
     </span>
    </p>
   </div>
   <div class='ocr_carea' id='block_1_58' title="bbox 2212 2828 3789 2901">
    <p class='ocr_par' dir='ltr' id='par_1_58' title="bbox 2212 2828 3789 2901">
     <span class='ocr_line' id='line_1_58' title="bbox 2212 2828 3789 2901; baseline 0.003 -18"><span class='ocrx_word' id='word_1_395' title='bbox 2212 2829 2372 2884; x_wconf 83' lang='grc' dir='ltr'>τοῦτο</span> <span class='ocrx_word' id='word_1_396' title='bbox 2402 2830 2640 2900; x_wconf 74' lang='grc' dir='ltr'>τίθησιν,</span> <span class='ocrx_word' id='word_1_397' title='bbox 2666 2830 2748 2884; x_wconf 84' lang='grc' dir='ltr'>ὃτι</span> <span class='ocrx_word' id='word_1_398' title='bbox 2777 2828 2872 2883; x_wconf 74' lang='grc' dir='ltr'>ἐπὶ</span> <span class='ocrx_word' id='word_1_399' title='bbox 2904 2830 3217 2899; x_wconf 85' lang='grc' dir='ltr'>κρείττοσιν</span> <span class='ocrx_word' id='word_1_400' title='bbox 3247 2831 3600 2901; x_wconf 76' lang='grc' dir='ltr'>ἐπαγγελίαις</span> <span class='ocrx_word' id='word_1_401' title='bbox 3632 2835 3789 2887; x_wconf 79' lang='grc' dir='ltr'>ἐστὶν</span> 
     </span>
    </p>
   </div>
   <div class='ocr_carea' id='block_1_59' title="bbox 520 2922 2103 3006">
    <p class='ocr_par' dir='ltr' id='par_1_59' title="bbox 520 2922 2096 2997">
     <span class='ocr_line' id='line_1_59' title="bbox 520 2922 2096 2997; baseline 0.001 -16"><span class='ocrx_word' id='word_1_402' title='bbox 520 2927 696 2981; x_wconf 86' lang='lat' dir='ltr'><strong>nostri</strong></span> <span class='ocrx_word' id='word_1_403' title='bbox 731 2927 1128 2997; x_wconf 82' lang='lat' dir='ltr'><strong>promissiOnes</strong></span> <span class='ocrx_word' id='word_1_404' title='bbox 1169 2922 1430 2982; x_wconf 89' lang='lat' dir='ltr'><strong>meliores</strong></span> <span class='ocrx_word' id='word_1_405' title='bbox 1478 2935 1630 2982; x_wconf 90' lang='lat' dir='ltr'><strong>sunt.</strong></span> <span class='ocrx_word' id='word_1_406' title='bbox 1668 2927 1785 2983; x_wconf 88' lang='lat' dir='ltr'><strong>Non</strong></span> <span class='ocrx_word' id='word_1_407' title='bbox 1817 2930 1961 2983; x_wconf 88' lang='lat' dir='ltr'><strong>enim</strong></span> <span class='ocrx_word' id='word_1_408' title='bbox 1985 2939 2096 2985; x_wconf 88' lang='lat' dir='ltr'><strong>ter-</strong></span> 
     </span>
    </p>
   </div>
   <div class='ocr_carea' id='block_1_60' title="bbox 2213 2922 3789 3006">
    <p class='ocr_par' dir='ltr' id='par_1_60' title="bbox 2213 2922 3789 3006">
     <span class='ocr_line' id='line_1_60' title="bbox 2213 2922 3789 3006; baseline 0.003 -31"><span class='ocrx_word' id='word_1_409' title='bbox 2213 2926 2247 2996; x_wconf 59' lang='lat' dir='ltr'><strong>i}</strong></span> <span class='ocrx_word' id='word_1_410' title='bbox 2271 2924 2516 2994; x_wconf 77' lang='grc' dir='ltr'>ἡμετέρα</span> <span class='ocrx_word' id='word_1_411' title='bbox 2558 2923 2828 3006; x_wconf 69' lang='grc' dir='ltr'>Διαθήκη.</span> <span class='ocrx_word' id='word_1_412' title='bbox 2873 2922 2950 2976; x_wconf 85' lang='grc' dir='ltr'><strong>Οὐ</strong></span> <span class='ocrx_word' id='word_1_413' title='bbox 3000 2923 3111 2994; x_wconf 97' lang='lat'><strong>7&amp;9</strong></span> <span class='ocrx_word' id='word_1_414' title='bbox 3136 2924 3239 2994; x_wconf 83' lang='grc' dir='ltr'><strong>γῆς</strong></span> <span class='ocrx_word' id='word_1_415' title='bbox 3272 2923 3477 2993; x_wconf 81' lang='grc' dir='ltr'>ἀγαθὰ,</span> <span class='ocrx_word' id='word_1_416' title='bbox 3511 2924 3603 2978; x_wconf 82' lang='grc' dir='ltr'>καὶ</span> <span class='ocrx_word' id='word_1_417' title='bbox 3633 2926 3789 2979; x_wconf 74' lang='grc' dir='ltr'>εὐτε-</span> 
     </span>
    </p>
   </div>
   <div class='ocr_carea' id='block_1_61' title="bbox 519 3015 2107 3087">
    <p class='ocr_par' dir='ltr' id='par_1_61' title="bbox 519 3015 2107 3087">
     <span class='ocr_line' id='line_1_61' title="bbox 519 3015 2107 3087; baseline 0.002 -16"><span class='ocrx_word' id='word_1_418' title='bbox 519 3030 598 3072; x_wconf 68' lang='grc' dir='ltr'>τω</span> <span class='ocrx_word' id='word_1_419' title='bbox 640 3020 782 3071; x_wconf 87' lang='lat' dir='ltr'><strong>bona</strong></span> <span class='ocrx_word' id='word_1_420' title='bbox 820 3017 1104 3087; x_wconf 87' lang='lat' dir='ltr'><strong>prolisque</strong></span> <span class='ocrx_word' id='word_1_421' title='bbox 1141 3015 1384 3072; x_wconf 81' lang='lat' dir='ltr'><strong>felicitas</strong></span> <span class='ocrx_word' id='word_1_422' title='bbox 1451 3026 1505 3071; x_wconf 88' lang='lat' dir='ltr'><strong>et</strong></span> <span class='ocrx_word' id='word_1_423' title='bbox 1563 3016 1862 3072; x_wconf 84' lang='lat' dir='ltr'><strong>liberorum</strong></span> <span class='ocrx_word' id='word_1_424' title='bbox 1918 3020 2107 3074; x_wconf 78' lang='lat' dir='ltr'><strong>abun-</strong></span> 
     </span>
    </p>
   </div>
   <div class='ocr_carea' id='block_1_62' title="bbox 519 3105 2110 3179">
    <p class='ocr_par' dir='ltr' id='par_1_62' title="bbox 519 3105 2110 3179">
     <span class='ocr_line' id='line_1_62' title="bbox 519 3105 2110 3179; baseline 0.002 -18"><span class='ocrx_word' id='word_1_425' title='bbox 519 3105 733 3172; x_wconf 73' lang='lat' dir='ltr'><strong>dantis,</strong></span> <span class='ocrx_word' id='word_1_426' title='bbox 784 3109 877 3161; x_wconf 89' lang='lat' dir='ltr'><strong>sed</strong></span> <span class='ocrx_word' id='word_1_427' title='bbox 917 3109 1184 3162; x_wconf 77' lang='lat' dir='ltr'><strong>caelorum</strong></span> <span class='ocrx_word' id='word_1_428' title='bbox 1214 3122 1442 3176; x_wconf 88' lang='lat' dir='ltr'><strong>regnum</strong></span> <span class='ocrx_word' id='word_1_429' title='bbox 1502 3106 1852 3179; x_wconf 87' lang='lat' dir='ltr'><strong>Evangelium</strong></span> <span class='ocrx_word' id='word_1_430' title='bbox 1885 3125 2110 3165; x_wconf 85' lang='lat' dir='ltr'><strong>servan-</strong></span> 
     </span>
    </p>
   </div>
   <div class='ocr_carea' id='block_1_63' title="bbox 520 3194 2108 3271">
    <p class='ocr_par' dir='ltr' id='par_1_63' title="bbox 520 3194 2108 3271">
     <span class='ocr_line' id='line_1_63' title="bbox 520 3194 2108 3271; baseline 0.004 -23"><span class='ocrx_word' id='word_1_431' title='bbox 520 3195 673 3250; x_wconf 82' lang='lat' dir='ltr'><strong>tibus</strong></span> <span class='ocrx_word' id='word_1_432' title='bbox 727 3195 1064 3265; x_wconf 80' lang='lat' dir='ltr'><strong>promissnm</strong></span> <span class='ocrx_word' id='word_1_433' title='bbox 1139 3203 1245 3250; x_wconf 86' lang='lat' dir='ltr'><strong>est.</strong></span> <span class='ocrx_word' id='word_1_434' title='bbox 1303 3194 1381 3250; x_wconf 82' lang='lat' dir='ltr'><strong>Ne</strong></span> <span class='ocrx_word' id='word_1_435' title='bbox 1446 3195 1615 3266; x_wconf 78' lang='lat' dir='ltr'><strong>igitur</strong></span> <span class='ocrx_word' id='word_1_436' title='bbox 1680 3198 2108 3271; x_wconf 71' lang='lat' dir='ltr'><strong>sitis‘pusitla-</strong></span> 
     </span>
    </p>
   </div>
   <div class='ocr_carea' id='block_1_64' title="bbox 520 3286 2108 3362">
    <p class='ocr_par' dir='ltr' id='par_1_64' title="bbox 520 3286 2108 3362">
     <span class='ocr_line' id='line_1_64' title="bbox 520 3286 2108 3362; baseline 0.004 -20"><span class='ocrx_word' id='word_1_437' title='bbox 520 3287 702 3342; x_wconf 87' lang='lat' dir='ltr'><strong>nimes</strong></span> <span class='ocrx_word' id='word_1_438' title='bbox 763 3303 778 3345; x_wconf 90' lang='lat'><strong>:</strong></span> <span class='ocrx_word' id='word_1_439' title='bbox 836 3288 1260 3343; x_wconf 75' lang='lat' dir='ltr'><strong>excellentiores</strong></span> <span class='ocrx_word' id='word_1_440' title='bbox 1339 3295 1476 3343; x_wconf 86' lang='lat' dir='ltr'><strong>sunt</strong></span> <span class='ocrx_word' id='word_1_441' title='bbox 1525 3286 1807 3361; x_wconf 76' lang='lat' dir='ltr'><strong>Evangelii</strong></span> <span class='ocrx_word' id='word_1_442' title='bbox 1871 3294 2108 3362; x_wconf 86' lang='lat' dir='ltr'><strong>promis-</strong></span> 
     </span>
    </p>
   </div>
   <div class='ocr_carea' id='block_1_65' title="bbox 521 3379 2108 3451">
    <p class='ocr_par' dir='ltr' id='par_1_65' title="bbox 521 3379 2108 3451">
     <span class='ocr_line' id='line_1_65' title="bbox 521 3379 2108 3451; baseline 0.004 -16"><span class='ocrx_word' id='word_1_443' title='bbox 521 3380 752 3446; x_wconf 88' lang='lat' dir='ltr'><strong>siones;</strong></span> <span class='ocrx_word' id='word_1_444' title='bbox 785 3379 1015 3435; x_wconf 86' lang='lat' dir='ltr'><strong>stultum</strong></span> <span class='ocrx_word' id='word_1_445' title='bbox 1057 3388 1142 3435; x_wconf 86' lang='lat' dir='ltr'><strong>est</strong></span> <span class='ocrx_word' id='word_1_446' title='bbox 1199 3387 1384 3435; x_wconf 87' lang='lat' dir='ltr'><strong>autem</strong></span> <span class='ocrx_word' id='word_1_447' title='bbox 1418 3381 1637 3451; x_wconf 89' lang='lat' dir='ltr'><strong>potiora</strong></span> <span class='ocrx_word' id='word_1_448' title='bbox 1658 3444 1677 3451; x_wconf 17' lang='grc' dir='ltr'>γ’</span> <span class='ocrx_word' id='word_1_449' title='bbox 1696 3381 1965 3440; x_wconf 83' lang='lat' dir='ltr'><strong>habentes</strong></span> <span class='ocrx_word' id='word_1_450' title='bbox 2013 3385 2108 3441; x_wconf 88' lang='lat' dir='ltr'><strong>de-</strong></span> 
     </span>
    </p>
   </div>
   <div class='ocr_carea' id='block_1_66' title="bbox 524 3463 1841 3543">
    <p class='ocr_par' dir='ltr' id='par_1_66' title="bbox 524 3463 1841 3543">
     <span class='ocr_line' id='line_1_66' title="bbox 524 3463 1841 3543; baseline 0.001 -16"><span class='ocrx_word' id='word_1_451' title='bbox 524 3470 772 3543; x_wconf 71' lang='lat' dir='ltr'><strong>fetigari.</strong></span> <span class='ocrx_word' id='word_1_452' title='bbox 1834 3463 1841 3469; x_wconf 80' lang='grc'><strong>’</strong></span> 
     </span>
    </p>
   </div>
   <div class='ocr_carea' id='block_1_67' title="bbox 595 3563 2111 3640">
    <p class='ocr_par' dir='ltr' id='par_1_67' title="bbox 595 3563 2111 3640">
     <span class='ocr_line' id='line_1_67' title="bbox 595 3563 2111 3640; baseline 0.005 -21"><span class='ocrx_word' id='word_1_453' title='bbox 595 3563 764 3619; x_wconf 74' lang='lat' dir='ltr'><strong>Vsus.</strong></span> <span class='ocrx_word' id='word_1_454' title='bbox 800 3565 852 3620; x_wconf 84' lang='lat'><strong>7.</strong></span> <span class='ocrx_word' id='word_1_455' title='bbox 890 3563 954 3621; x_wconf 90' lang='lat' dir='ltr'><strong>Si</strong></span> <span class='ocrx_word' id='word_1_456' title='bbox 984 3567 1125 3621; x_wconf 85' lang='lat' dir='ltr'><strong>enim</strong></span> <span class='ocrx_word' id='word_1_457' title='bbox 1151 3568 1387 3637; x_wconf 84' lang='lat' dir='ltr'><strong>primunt</strong></span> <span class='ocrx_word' id='word_1_458' title='bbox 1420 3567 1556 3624; x_wconf 84' lang='lat' dir='ltr'><strong>illud</strong></span> <span class='ocrx_word' id='word_1_459' title='bbox 1619 3578 1736 3625; x_wconf 85' lang='lat' dir='ltr'><strong>erat</strong></span> <span class='ocrx_word' id='word_1_460' title='bbox 1785 3569 2111 3640; x_wconf 81' lang='lat' dir='ltr'><strong>irreprelten-</strong></span> 
     </span>
    </p>
   </div>
   <div class='ocr_carea' id='block_1_68' title="bbox 523 3656 2110 3733">
    <p class='ocr_par' dir='ltr' id='par_1_68' title="bbox 523 3656 2110 3733">
     <span class='ocr_line' id='line_1_68' title="bbox 523 3656 2110 3733; baseline 0.003 -21"><span class='ocrx_word' id='word_1_461' title='bbox 523 3656 699 3719; x_wconf 80' lang='lat' dir='ltr'><strong>sibile,</strong></span> <span class='ocrx_word' id='word_1_462' title='bbox 752 3674 857 3712; x_wconf 85' lang='lat' dir='ltr'><strong>non</strong></span> <span class='ocrx_word' id='word_1_463' title='bbox 891 3660 1069 3730; x_wconf 82' lang='lat' dir='ltr'><strong>utique</strong></span> <span class='ocrx_word' id='word_1_464' title='bbox 1092 3660 1315 3714; x_wconf 81' lang='lat' dir='ltr'><strong>secundi</strong></span> <span class='ocrx_word' id='word_1_465' title='bbox 1354 3661 1509 3716; x_wconf 81' lang='lat' dir='ltr'><strong>locus</strong></span> <span class='ocrx_word' id='word_1_466' title='bbox 1551 3661 1923 3733; x_wconf 79' lang='lat' dir='ltr'><strong>iuquireretur.</strong></span> <span class='ocrx_word' id='word_1_467' title='bbox 1965 3660 2110 3717; x_wconf 82' lang='lat' dir='ltr'><strong>Con-</strong></span> 
     </span>
    </p>
   </div>
   <div class='ocr_carea' id='block_1_69' title="bbox 525 3746 2109 3806">
    <p class='ocr_par' dir='ltr' id='par_1_69' title="bbox 525 3746 2109 3806">
     <span class='ocr_line' id='line_1_69' title="bbox 525 3746 2109 3806; baseline 0.002 -3"><span class='ocrx_word' id='word_1_468' title='bbox 525 3746 708 3803; x_wconf 83' lang='lat' dir='ltr'><strong>sidera</strong></span> <span class='ocrx_word' id='word_1_469' title='bbox 739 3746 1011 3804; x_wconf 87' lang='lat' dir='ltr'><strong>ordinem.</strong></span> <span class='ocrx_word' id='word_1_470' title='bbox 1043 3747 1188 3804; x_wconf 81' lang='lat' dir='ltr'><strong>Dixit</strong></span> <span class='ocrx_word' id='word_1_471' title='bbox 1214 3748 1422 3806; x_wconf 87' lang='lat' dir='ltr'><strong>Christi</strong></span> <span class='ocrx_word' id='word_1_472' title='bbox 1459 3746 1876 3806; x_wconf 87' lang='lat' dir='ltr'><strong>Testamentum</strong></span> <span class='ocrx_word' id='word_1_473' title='bbox 1912 3750 2109 3806; x_wconf 75' lang='lat' dir='ltr'><strong>melius</strong></span> 
     </span>
    </p>
   </div>
   <div class='ocr_carea' id='block_1_70' title="bbox 526 3837 2108 3910">
    <p class='ocr_par' dir='ltr' id='par_1_70' title="bbox 526 3837 2108 3910">
     <span class='ocr_line' id='line_1_70' title="bbox 526 3837 2108 3910; baseline 0 -16"><span class='ocrx_word' id='word_1_474' title='bbox 526 3852 652 3894; x_wconf 90' lang='lat' dir='ltr'><strong>esse</strong></span> <span class='ocrx_word' id='word_1_475' title='bbox 714 3837 918 3894; x_wconf 76' lang='lat' dir='ltr'><strong>Veteri.</strong></span> <span class='ocrx_word' id='word_1_476' title='bbox 1004 3837 1157 3894; x_wconf 80' lang='lat' dir='ltr'><strong>l‘nde</strong></span> <span class='ocrx_word' id='word_1_477' title='bbox 1217 3842 1322 3896; x_wconf 75' lang='lat' dir='ltr'><strong>hoc</strong></span> <span class='ocrx_word' id='word_1_478' title='bbox 1381 3841 1603 3910; x_wconf 88' lang='lat' dir='ltr'><strong>planum</strong></span> <span class='ocrx_word' id='word_1_479' title='bbox 1669 3840 1765 3896; x_wconf 67' lang='lat' dir='ltr'><strong>ﬁt?</strong></span> <span class='ocrx_word' id='word_1_480' title='bbox 1815 3839 2108 3908; x_wconf 85' lang='lat' dir='ltr'><strong>Quoniam,</strong></span> 
     </span>
    </p>
   </div>
   <div class='ocr_carea' id='block_1_71' title="bbox 525 3930 2110 4001">
    <p class='ocr_par' dir='ltr' id='par_1_71' title="bbox 525 3930 2110 4001">
     <span class='ocr_line' id='line_1_71' title="bbox 525 3930 2110 4001; baseline 0.003 -16"><span class='ocrx_word' id='word_1_481' title='bbox 525 3931 730 4000; x_wconf 86' lang='lat' dir='ltr'><strong>inquit,</strong></span> <span class='ocrx_word' id='word_1_482' title='bbox 778 3932 833 3985; x_wconf 90' lang='lat' dir='ltr'><strong>in</strong></span> <span class='ocrx_word' id='word_1_483' title='bbox 872 3930 1200 3987; x_wconf 85' lang='lat' dir='ltr'><strong>melioribus</strong></span> <span class='ocrx_word' id='word_1_484' title='bbox 1223 3933 1979 4001; x_wconf 77' lang='lat' dir='ltr'><strong>promissionibttssancitum</strong></span> <span class='ocrx_word' id='word_1_485' title='bbox 2003 3941 2110 3990; x_wconf 85' lang='lat' dir='ltr'><strong>est.</strong></span> 
     </span>
    </p>
   </div>
   <div class='ocr_carea' id='block_1_72' title="bbox 524 4020 2109 4096">
    <p class='ocr_par' dir='ltr' id='par_1_72' title="bbox 524 4020 2109 4096">
     <span class='ocr_line' id='line_1_72' title="bbox 524 4020 2109 4096; baseline 0.004 -21"><span class='ocrx_word' id='word_1_486' title='bbox 524 4020 662 4078; x_wconf 82' lang='lat' dir='ltr'><strong>Nam</strong></span> <span class='ocrx_word' id='word_1_487' title='bbox 689 4023 738 4079; x_wconf 91' lang='lat' dir='ltr'><strong>si</strong></span> <span class='ocrx_word' id='word_1_488' title='bbox 772 4023 1018 4092; x_wconf 82' lang='lat' dir='ltr'><strong>potiores</strong></span> <span class='ocrx_word' id='word_1_489' title='bbox 1041 4032 1172 4079; x_wconf 88' lang='lat' dir='ltr'><strong>sunt</strong></span> <span class='ocrx_word' id='word_1_490' title='bbox 1199 4025 1596 4096; x_wconf 83' lang='lat' dir='ltr'><strong>promissiones</strong></span> <span class='ocrx_word' id='word_1_491' title='bbox 1617 4034 1674 4080; x_wconf 89' lang='lat' dir='ltr'><strong>et</strong></span> <span class='ocrx_word' id='word_1_492' title='bbox 1697 4024 2109 4093; x_wconf 83' lang='lat' dir='ltr'><strong>retributiones,</strong></span> 
     </span>
    </p>
   </div>
   <div class='ocr_carea' id='block_1_73' title="bbox 523 4114 2112 4186">
    <p class='ocr_par' dir='ltr' id='par_1_73' title="bbox 523 4114 2112 4186">
     <span class='ocr_line' id='line_1_73' title="bbox 523 4114 2112 4186; baseline 0.004 -19"><span class='ocrx_word' id='word_1_493' title='bbox 523 4114 877 4186; x_wconf 81' lang='lat' dir='ltr'><strong>perspicuum</strong></span> <span class='ocrx_word' id='word_1_494' title='bbox 928 4121 1015 4171; x_wconf 88' lang='lat' dir='ltr'><strong>est</strong></span> <span class='ocrx_word' id='word_1_495' title='bbox 1055 4115 1199 4185; x_wconf 90' lang='lat' dir='ltr'><strong>quod</strong></span> <span class='ocrx_word' id='word_1_496' title='bbox 1241 4115 1439 4173; x_wconf 87' lang='lat' dir='ltr'><strong>melius</strong></span> <span class='ocrx_word' id='word_1_497' title='bbox 1466 4116 1543 4173; x_wconf 88' lang='lat' dir='ltr'><strong>sit</strong></span> <span class='ocrx_word' id='word_1_498' title='bbox 1589 4117 1755 4174; x_wconf 86' lang='lat' dir='ltr'><strong>etiam</strong></span> <span class='ocrx_word' id='word_1_499' title='bbox 1786 4114 2112 4173; x_wconf 76' lang='lat' dir='ltr'><strong>Testamen-</strong></span> 
     </span>
    </p>
   </div>
   <div class='ocr_carea' id='block_1_74' title="bbox 2212 3014 3786 3087">
    <p class='ocr_par' dir='ltr' id='par_1_74' title="bbox 2212 3014 3786 3087">
     <span class='ocr_line' id='line_1_74' title="bbox 2212 3014 3786 3087; baseline 0 -18"><span class='ocrx_word' id='word_1_500' title='bbox 2212 3015 2338 3069; x_wconf 87' lang='grc' dir='ltr'>κνία</span> <span class='ocrx_word' id='word_1_501' title='bbox 2374 3015 2469 3069; x_wconf 72' lang='grc' dir='ltr'>καὶ</span> <span class='ocrx_word' id='word_1_502' title='bbox 2512 3014 2865 3081; x_wconf 84' lang='grc' dir='ltr'>πολυτεκνία,</span> <span class='ocrx_word' id='word_1_503' title='bbox 2899 3014 3036 3070; x_wconf 79' lang='grc' dir='ltr'>ἀλλὰ</span> <span class='ocrx_word' id='word_1_504' title='bbox 3061 3014 3308 3086; x_wconf 77' lang='grc' dir='ltr'>βασιλεία</span> <span class='ocrx_word' id='word_1_505' title='bbox 3333 3015 3581 3087; x_wconf 83' lang='grc' dir='ltr'>οὐρανῶν</span> <span class='ocrx_word' id='word_1_506' title='bbox 3608 3017 3786 3086; x_wconf 86' lang='grc' dir='ltr'>ἐπήγ-</span> 
     </span>
    </p>
   </div>
   <div class='ocr_carea' id='block_1_75' title="bbox 2209 3107 3788 3181">
    <p class='ocr_par' dir='ltr' id='par_1_75' title="bbox 2209 3107 3788 3181">
     <span class='ocr_line' id='line_1_75' title="bbox 2209 3107 3788 3181; baseline 0 -21"><span class='ocrx_word' id='word_1_507' title='bbox 2209 3108 2400 3177; x_wconf 86' lang='grc' dir='ltr'>γελται</span> <span class='ocrx_word' id='word_1_508' title='bbox 2461 3110 2578 3170; x_wconf 87' lang='grc' dir='ltr'>τοῖς</span> <span class='ocrx_word' id='word_1_509' title='bbox 2631 3107 2694 3161; x_wconf 81' lang='grc' dir='ltr'>τὸ</span> <span class='ocrx_word' id='word_1_510' title='bbox 2761 3107 3096 3177; x_wconf 84' lang='grc' dir='ltr'>Εὑαγγέλιον</span> <span class='ocrx_word' id='word_1_511' title='bbox 3148 3107 3399 3181; x_wconf 81' lang='grc' dir='ltr'>τηροῦσι.</span> <span class='ocrx_word' id='word_1_512' title='bbox 3451 3108 3543 3179; x_wconf 82' lang='grc' dir='ltr'><strong>Μὴ</strong></span> <span class='ocrx_word' id='word_1_513' title='bbox 3601 3107 3788 3162; x_wconf 88' lang='grc' dir='ltr'>τοίνυν</span> 
     </span>
    </p>
   </div>
   <div class='ocr_carea' id='block_1_76' title="bbox 2219 3200 3793 3272">
    <p class='ocr_par' dir='ltr' id='par_1_76' title="bbox 2219 3200 3793 3272">
     <span class='ocr_line' id='line_1_76' title="bbox 2219 3200 3793 3272; baseline 0 -19"><span class='ocrx_word' id='word_1_514' title='bbox 2219 3200 2622 3272; x_wconf 79' lang='grc' dir='ltr'>μικροψυχεῐτε</span> <span class='ocrx_word' id='word_1_515' title='bbox 2655 3219 2669 3233; x_wconf 76' lang='grc' dir='ltr'>σ</span> <span class='ocrx_word' id='word_1_516' title='bbox 2706 3200 2996 3272; x_wconf 85' lang='grc' dir='ltr'>κρείττους</span> <span class='ocrx_word' id='word_1_517' title='bbox 3047 3201 3188 3255; x_wconf 72' lang='grc' dir='ltr'>εἰσὶν</span> <span class='ocrx_word' id='word_1_518' title='bbox 3222 3203 3279 3257; x_wconf 79' lang='lat' dir='ltr'><strong>ai</strong></span> <span class='ocrx_word' id='word_1_519' title='bbox 3327 3200 3421 3256; x_wconf 80' lang='grc' dir='ltr'>τοῦ</span> <span class='ocrx_word' id='word_1_520' title='bbox 3456 3201 3793 3270; x_wconf 78' lang='grc' dir='ltr'>Εὑαγγελίου</span> 
     </span>
    </p>
   </div>
   <div class='ocr_carea' id='block_1_77' title="bbox 2211 3291 3793 3365">
    <p class='ocr_par' dir='ltr' id='par_1_77' title="bbox 2211 3291 3793 3365">
     <span class='ocr_line' id='line_1_77' title="bbox 2211 3291 3793 3365; baseline -0.003 -17"><span class='ocrx_word' id='word_1_521' title='bbox 2211 3293 2541 3363; x_wconf 74' lang='grc' dir='ltr'>ἐπαγγελίαι</span> <span class='ocrx_word' id='word_1_522' title='bbox 2577 3309 2592 3324; x_wconf 74' lang='grc'><strong><em>⁸</em></strong></span> <span class='ocrx_word' id='word_1_523' title='bbox 2629 3293 2860 3365; x_wconf 80' lang='grc' dir='ltr'>ἀνόητον</span> <span class='ocrx_word' id='word_1_524' title='bbox 2913 3293 2972 3347; x_wconf 80' lang='grc' dir='ltr'><strong>δέ</strong></span> <span class='ocrx_word' id='word_1_525' title='bbox 3011 3292 3073 3346; x_wconf 83' lang='grc' dir='ltr'><strong>τὸ</strong></span> <span class='ocrx_word' id='word_1_526' title='bbox 3116 3292 3187 3348; x_wconf 79' lang='grc' dir='ltr'>τὰ</span> <span class='ocrx_word' id='word_1_527' title='bbox 3236 3291 3527 3365; x_wconf 82' lang='grc' dir='ltr'>κρείττονα</span> <span class='ocrx_word' id='word_1_528' title='bbox 3562 3291 3793 3362; x_wconf 70' lang='grc' dir='ltr'>ἔχοντας</span> 
     </span>
    </p>
   </div>
   <div class='ocr_carea' id='block_1_78' title="bbox 2209 3389 2572 3459">
    <p class='ocr_par' dir='ltr' id='par_1_78' title="bbox 2209 3389 2572 3459">
     <span class='ocr_line' id='line_1_78' title="bbox 2209 3389 2572 3459; baseline -0.006 -16"><span class='ocrx_word' id='word_1_529' title='bbox 2209 3389 2572 3459; x_wconf 82' lang='grc' dir='ltr'>ἀποκάμνειν.</span> 
     </span>
    </p>
   </div>
   <div class='ocr_carea' id='block_1_79' title="bbox 2278 3560 3796 3637">
    <p class='ocr_par' dir='ltr' id='par_1_79' title="bbox 2278 3560 3796 3637">
     <span class='ocr_line' id='line_1_79' title="bbox 2278 3560 3796 3637; baseline -0.001 -19"><span class='ocrx_word' id='word_1_530' title='bbox 2278 3567 2348 3619; x_wconf 83' lang='lat' dir='ltr'><strong>El</strong></span> <span class='ocrx_word' id='word_1_531' title='bbox 2403 3566 2516 3636; x_wconf 76' lang='grc' dir='ltr'>γὰρ</span> <span class='ocrx_word' id='word_1_532' title='bbox 2545 3567 2585 3635; x_wconf 84' lang='grc' dir='ltr'><strong><em>ή</em></strong></span> <span class='ocrx_word' id='word_1_533' title='bbox 2616 3564 2817 3634; x_wconf 81' lang='grc' dir='ltr'>πρώτη</span> <span class='ocrx_word' id='word_1_534' title='bbox 2859 3564 3063 3633; x_wconf 80' lang='grc' dir='ltr'>ἐκείνη</span> <span class='ocrx_word' id='word_1_535' title='bbox 3090 3560 3171 3637; x_wconf 80' lang='grc' dir='ltr'>ἦν</span> <span class='ocrx_word' id='word_1_536' title='bbox 3201 3564 3529 3635; x_wconf 72' lang='grc' dir='ltr'>ἄμεμπτος,</span> <span class='ocrx_word' id='word_1_537' title='bbox 3569 3565 3682 3619; x_wconf 84' lang='grc' dir='ltr'>οὐκ</span> <span class='ocrx_word' id='word_1_538' title='bbox 3713 3562 3796 3618; x_wconf 75' lang='grc' dir='ltr'><strong>ἂν</strong></span> 
     </span>
    </p>
   </div>
   <div class='ocr_carea' id='block_1_80' title="bbox 2211 3650 3794 3726">
    <p class='ocr_par' dir='ltr' id='par_1_80' title="bbox 2211 3650 3794 3726">
     <span class='ocr_line' id='line_1_80' title="bbox 2211 3650 3794 3726; baseline -0.002 -16"><span class='ocrx_word' id='word_1_539' title='bbox 2211 3655 2496 3726; x_wconf 82' lang='grc' dir='ltr'>δευτέρας</span> <span class='ocrx_word' id='word_1_540' title='bbox 2561 3654 2815 3725; x_wconf 68' lang='grc' dir='ltr'>ἐζητεῖτο</span> <span class='ocrx_word' id='word_1_541' title='bbox 2877 3656 3085 3722; x_wconf 79' lang='grc' dir='ltr'>τόπος.</span> <span class='ocrx_word' id='word_1_542' title='bbox 3173 3657 3316 3726; x_wconf 88' lang='grc' dir='ltr'>Ὅρα</span> <span class='ocrx_word' id='word_1_543' title='bbox 3371 3654 3548 3720; x_wconf 78' lang='grc' dir='ltr'>τάξιν.</span> <span class='ocrx_word' id='word_1_544' title='bbox 3622 3650 3794 3708; x_wconf 72' lang='grc' dir='ltr'>Εἶπεν</span> 
     </span>
    </p>
   </div>
   <div class='ocr_carea' id='block_1_81' title="bbox 2211 3745 3791 3819">
    <p class='ocr_par' dir='ltr' id='par_1_81' title="bbox 2211 3745 3791 3819">
     <span class='ocr_line' id='line_1_81' title="bbox 2211 3745 3791 3819; baseline -0.002 -17"><span class='ocrx_word' id='word_1_545' title='bbox 2211 3749 2296 3802; x_wconf 80' lang='grc' dir='ltr'><strong>ὅτι</strong></span> <span class='ocrx_word' id='word_1_546' title='bbox 2359 3749 2624 3819; x_wconf 84' lang='grc' dir='ltr'>κρείττων</span> <span class='ocrx_word' id='word_1_547' title='bbox 2674 3746 2887 3817; x_wconf 57' lang='grc' dir='ltr'>ἐστινὴ</span> <span class='ocrx_word' id='word_1_548' title='bbox 2942 3746 3084 3801; x_wconf 81' lang='grc' dir='ltr'>κατὰ</span> <span class='ocrx_word' id='word_1_549' title='bbox 3134 3745 3370 3819; x_wconf 77' lang='grc' dir='ltr'>Χριστὸν</span> <span class='ocrx_word' id='word_1_550' title='bbox 3410 3746 3661 3818; x_wconf 76' lang='grc' dir='ltr'>Διαθήκη</span> <span class='ocrx_word' id='word_1_551' title='bbox 3688 3747 3791 3816; x_wconf 77' lang='grc' dir='ltr'>τῆς</span> 
     </span>
    </p>
   </div>
   <div class='ocr_carea' id='block_1_82' title="bbox 2214 3836 3798 3910">
    <p class='ocr_par' dir='ltr' id='par_1_82' title="bbox 2214 3836 3798 3910">
     <span class='ocr_line' id='line_1_82' title="bbox 2214 3836 3798 3910; baseline -0.003 -15"><span class='ocrx_word' id='word_1_552' title='bbox 2214 3836 2479 3904; x_wconf 74' lang='grc' dir='ltr'>Παλαιᾶς.</span> <span class='ocrx_word' id='word_1_553' title='bbox 2514 3841 2622 3895; x_wconf 73' lang='grc' dir='ltr'>Καὶ</span> <span class='ocrx_word' id='word_1_554' title='bbox 2645 3839 2810 3893; x_wconf 78' lang='grc' dir='ltr'>πόθεν</span> <span class='ocrx_word' id='word_1_555' title='bbox 2838 3838 2999 3910; x_wconf 83' lang='grc' dir='ltr'>δῆλον</span> <span class='ocrx_word' id='word_1_556' title='bbox 3025 3854 3041 3906; x_wconf 88' lang='lat'><strong>;</strong></span> <span class='ocrx_word' id='word_1_557' title='bbox 3075 3839 3247 3905; x_wconf 85' lang='grc' dir='ltr'>Διότι,</span> <span class='ocrx_word' id='word_1_558' title='bbox 3275 3840 3463 3910; x_wconf 74' lang='grc' dir='ltr'>φησὶν,</span> <span class='ocrx_word' id='word_1_559' title='bbox 3488 3840 3582 3893; x_wconf 71' lang='grc' dir='ltr'>ἐπὶ</span> <span class='ocrx_word' id='word_1_560' title='bbox 3606 3840 3798 3909; x_wconf 83' lang='grc' dir='ltr'>κρείτ-</span> 
     </span>
    </p>
   </div>
   <div class='ocr_carea' id='block_1_83' title="bbox 2214 3924 3798 4001">
    <p class='ocr_par' dir='ltr' id='par_1_83' title="bbox 2214 3924 3798 4001">
     <span class='ocr_line' id='line_1_83' title="bbox 2214 3924 3798 4001; baseline -0.003 -16"><span class='ocrx_word' id='word_1_561' title='bbox 2214 3948 2366 3986; x_wconf 88' lang='grc' dir='ltr'>τοσιν</span> <span class='ocrx_word' id='word_1_562' title='bbox 2405 3929 2768 4001; x_wconf 75' lang='grc' dir='ltr'>ἐπαγγελίαις</span> <span class='ocrx_word' id='word_1_563' title='bbox 2801 3924 3248 4000; x_wconf 74' lang='grc' dir='ltr'>νενομοθέτηται.</span> <span class='ocrx_word' id='word_1_564' title='bbox 3319 3928 3386 3984; x_wconf 82' lang='grc' dir='ltr'>Εί</span> <span class='ocrx_word' id='word_1_565' title='bbox 3446 3930 3557 4001; x_wconf 85' lang='grc' dir='ltr'>γὰρ</span> <span class='ocrx_word' id='word_1_566' title='bbox 3602 3928 3798 3998; x_wconf 78' lang='grc' dir='ltr'>κρείτ-</span> 
     </span>
    </p>
   </div>
   <div class='ocr_carea' id='block_1_84' title="bbox 2214 4014 3795 4092">
    <p class='ocr_par' dir='ltr' id='par_1_84' title="bbox 2214 4014 3795 4092">
     <span class='ocr_line' id='line_1_84' title="bbox 2214 4014 3795 4092; baseline -0.004 -13"><span class='ocrx_word' id='word_1_567' title='bbox 2214 4014 2340 4089; x_wconf 71' lang='grc' dir='ltr'><strong>τούς</strong></span> <span class='ocrx_word' id='word_1_568' title='bbox 2388 4023 2446 4079; x_wconf 80' lang='grc' dir='ltr'>αἱ</span> <span class='ocrx_word' id='word_1_569' title='bbox 2477 4022 2805 4092; x_wconf 69' lang='grc' dir='ltr'>ἐπαγγελίαι</span> <span class='ocrx_word' id='word_1_570' title='bbox 2838 4022 2933 4076; x_wconf 73' lang='grc' dir='ltr'><strong>καὶ</strong></span> <span class='ocrx_word' id='word_1_571' title='bbox 2973 4022 3031 4076; x_wconf 78' lang='grc' dir='ltr'>αἱ</span> <span class='ocrx_word' id='word_1_572' title='bbox 3068 4020 3431 4091; x_wconf 76' lang='grc' dir='ltr'>ἀντιμισθίαι,</span> <span class='ocrx_word' id='word_1_573' title='bbox 3456 4019 3679 4091; x_wconf 73' lang='grc' dir='ltr'>εὔδηλον</span> <span class='ocrx_word' id='word_1_574' title='bbox 3708 4020 3795 4073; x_wconf 85' lang='grc' dir='ltr'><strong>δτι</strong></span> 
     </span>
    </p>
   </div>
   <div class='ocr_carea' id='block_1_85' title="bbox 2216 4112 3791 4188">
    <p class='ocr_par' dir='ltr' id='par_1_85' title="bbox 2216 4112 3791 4188">
     <span class='ocr_line' id='line_1_85' title="bbox 2216 4112 3791 4188; baseline -0.004 -16"><span class='ocrx_word' id='word_1_575' title='bbox 2216 4118 2313 4173; x_wconf 75' lang='grc' dir='ltr'>καὶ</span> <span class='ocrx_word' id='word_1_576' title='bbox 2365 4119 2400 4188; x_wconf 78' lang='grc' dir='ltr'>ἡ</span> <span class='ocrx_word' id='word_1_577' title='bbox 2453 4116 2699 4187; x_wconf 79' lang='grc' dir='ltr'>Διαθήκη</span> <span class='ocrx_word' id='word_1_578' title='bbox 2743 4114 3054 4186; x_wconf 77' lang='grc' dir='ltr'>κρείττων,</span> <span class='ocrx_word' id='word_1_579' title='bbox 3111 4114 3209 4168; x_wconf 75' lang='grc' dir='ltr'><strong>καὶ</strong></span> <span class='ocrx_word' id='word_1_580' title='bbox 3254 4114 3323 4168; x_wconf 81' lang='grc' dir='ltr'>τὰ</span> <span class='ocrx_word' id='word_1_581' title='bbox 3366 4113 3719 4182; x_wconf 79' lang='grc' dir='ltr'>ἐπιτάγματα</span> <span class='ocrx_word' id='word_1_582' title='bbox 3747 4112 3791 4144; x_wconf 81' lang='grc'>¹¹</span> 
     </span>
    </p>
   </div>
   <div class='ocr_carea' id='block_1_86' title="bbox 526 4204 2103 4280">
    <p class='ocr_par' dir='ltr' id='par_1_86' title="bbox 526 4204 2103 4279">
     <span class='ocr_line' id='line_1_86' title="bbox 526 4204 2103 4279; baseline 0.004 -21"><span class='ocrx_word' id='word_1_583' title='bbox 526 4212 671 4269; x_wconf 82' lang='lat' dir='ltr'><strong>tum,</strong></span> <span class='ocrx_word' id='word_1_584' title='bbox 723 4219 789 4260; x_wconf 85' lang='lat' dir='ltr'><strong>ac</strong></span> <span class='ocrx_word' id='word_1_585' title='bbox 819 4214 1095 4276; x_wconf 63' lang='lat' dir='ltr'><strong>praecepta</strong></span> <span class='ocrx_word' id='word_1_586' title='bbox 1136 4206 1435 4265; x_wconf 87' lang='lat' dir='ltr'><strong>diviniora.</strong></span> <span class='ocrx_word' id='word_1_587' title='bbox 1495 4204 1653 4266; x_wconf 88' lang='lat' dir='ltr'><strong>Unde</strong></span> <span class='ocrx_word' id='word_1_588' title='bbox 1710 4219 1890 4266; x_wconf 81' lang='lat' dir='ltr'><strong>autem</strong></span> <span class='ocrx_word' id='word_1_589' title='bbox 1938 4210 2103 4279; x_wconf 85' lang='lat' dir='ltr'><strong>liquet</strong></span> 
     </span>
    </p>
   </div>
   <div class='ocr_carea' id='block_1_87' title="bbox 2213 4204 3797 4280">
    <p class='ocr_par' dir='ltr' id='par_1_87' title="bbox 2218 4206 3797 4280">
     <span class='ocr_line' id='line_1_87' title="bbox 2218 4206 3797 4280; baseline -0.003 -17"><span class='ocrx_word' id='word_1_590' title='bbox 2218 4209 2490 4280; x_wconf 81' lang='grc' dir='ltr'>θειότερα.</span> <span class='ocrx_word' id='word_1_591' title='bbox 2531 4206 2724 4262; x_wconf 71' lang='grc' dir='ltr'>Πόθεν</span> <span class='ocrx_word' id='word_1_592' title='bbox 2770 4207 2950 4278; x_wconf 81' lang='grc' dir='ltr'>δῆλον,</span> <span class='ocrx_word' id='word_1_593' title='bbox 2990 4208 3073 4261; x_wconf 81' lang='grc' dir='ltr'>ὅτι</span> <span class='ocrx_word' id='word_1_594' title='bbox 3124 4206 3407 4278; x_wconf 78' lang='grc' dir='ltr'>κρείττους</span> <span class='ocrx_word' id='word_1_595' title='bbox 3440 4207 3496 4259; x_wconf 74' lang='lat' dir='ltr'><strong>at</strong></span> <span class='ocrx_word' id='word_1_596' title='bbox 3548 4206 3797 4273; x_wconf 69' lang='grc' dir='ltr'>ἐπαγγε-</span> 
     </span>
    </p>
   </div>
   <div class='ocr_carea' id='block_1_88' title="bbox 524 4266 2103 4372">
    <p class='ocr_par' dir='ltr' id='par_1_88' title="bbox 524 4266 2103 4372">
     <span class='ocr_line' id='line_1_88' title="bbox 524 4266 2103 4372; baseline 0.004 -21"><span class='ocrx_word' id='word_1_597' title='bbox 524 4266 677 4366; x_wconf 76' lang='lat' dir='ltr'><strong>quod</strong></span> <span class='ocrx_word' id='word_1_598' title='bbox 710 4266 1125 4364; x_wconf 61' lang='lat' dir='ltr'><strong>uastantiores</strong></span> <span class='ocrx_word' id='word_1_599' title='bbox 1170 4300 1282 4356; x_wconf 86' lang='lat' dir='ltr'><strong>sint</strong></span> <span class='ocrx_word' id='word_1_600' title='bbox 1317 4300 1915 4372; x_wconf 83' lang='lat' dir='ltr'><strong>promissiones‘tQuia</strong></span> <span class='ocrx_word' id='word_1_601' title='bbox 1969 4266 2103 4358; x_wconf 79' lang='lat' dir='ltr'><strong>illud</strong></span> 
     </span>
    </p>
   </div>
   <div class='ocr_carea' id='block_1_89' title="bbox 2213 4266 3793 4372">
    <p class='ocr_par' dir='ltr' id='par_1_89' title="bbox 2213 4266 3793 4371">
     <span class='ocr_line' id='line_1_89' title="bbox 2213 4266 3793 4371; baseline -0.005 -15"><span class='ocrx_word' id='word_1_602' title='bbox 2213 4302 2326 4356; x_wconf 85' lang='grc' dir='ltr'>λίαι</span> <span class='ocrx_word' id='word_1_603' title='bbox 2360 4266 2410 4371; x_wconf 53' lang='grc' dir='ltr'>ς’</span> <span class='ocrx_word' id='word_1_604' title='bbox 2439 4297 2528 4367; x_wconf 77' lang='grc' dir='ltr'><strong>Ἐξ</strong></span> <span class='ocrx_word' id='word_1_605' title='bbox 2568 4291 2666 4365; x_wconf 81' lang='grc' dir='ltr'>ὧν,</span> <span class='ocrx_word' id='word_1_606' title='bbox 2717 4266 2908 4370; x_wconf 67' lang='grc' dir='ltr'>φηὲιν,</span> <span class='ocrx_word' id='word_1_607' title='bbox 2935 4266 3135 4370; x_wconf 44' lang='grc' dir='ltr'>’ἐκείνη</span> <span class='ocrx_word' id='word_1_608' title='bbox 3163 4266 3276 4368; x_wconf 48' lang='grc' dir='ltr'>’μὲν</span> <span class='ocrx_word' id='word_1_609' title='bbox 3330 4266 3620 4366; x_wconf 62' lang='grc' dir='ltr'>ιεὶσληθη,</span> <span class='ocrx_word' id='word_1_610' title='bbox 3647 4266 3793 4367; x_wconf 54' lang='grc' dir='ltr'>αὔτη</span> 
     </span>
    </p>
   </div>
   <div class='ocr_carea' id='block_1_90' title="bbox 525 4385 2103 4468">
    <p class='ocr_par' dir='ltr' id='par_1_90' title="bbox 525 4385 2103 4468">
     <span class='ocr_line' id='line_1_90' title="bbox 525 4385 2103 4468; baseline 0.005 -24"><span class='ocrx_word' id='word_1_611' title='bbox 525 4385 750 4454; x_wconf 65' lang='lat' dir='ltr'><strong>quidem</strong></span> <span class='ocrx_word' id='word_1_612' title='bbox 799 4389 1067 4460; x_wconf 71' lang='lat' dir='ltr'><strong>reiectum</strong></span> <span class='ocrx_word' id='word_1_613' title='bbox 1123 4402 1233 4459; x_wconf 83' lang='lat' dir='ltr'><strong>est,</strong></span> <span class='ocrx_word' id='word_1_614' title='bbox 1269 4392 1478 4464; x_wconf 87' lang='lat' dir='ltr'><strong>inquit,</strong></span> <span class='ocrx_word' id='word_1_615' title='bbox 1539 4394 1642 4450; x_wconf 89' lang='lat' dir='ltr'><strong>hoc</strong></span> <span class='ocrx_word' id='word_1_616' title='bbox 1667 4410 1797 4450; x_wconf 89' lang='lat' dir='ltr'><strong>vero</strong></span> <span class='ocrx_word' id='word_1_617' title='bbox 1847 4410 2103 4468; x_wconf 82' lang='lat' dir='ltr'><strong>surroga-</strong></span> 
     </span>
    </p>
   </div>
   <div class='ocr_carea' id='block_1_91' title="bbox 2213 4385 3794 4468">
    <p class='ocr_par' dir='ltr' id='par_1_91' title="bbox 2213 4388 3794 4463">
     <span class='ocr_line' id='line_1_91' title="bbox 2213 4388 3794 4463; baseline -0.003 -16"><span class='ocrx_word' id='word_1_618' title='bbox 2213 4394 2271 4448; x_wconf 82' lang='grc' dir='ltr'><strong>δέ</strong></span> <span class='ocrx_word' id='word_1_619' title='bbox 2327 4391 2681 4463; x_wconf 78' lang='grc' dir='ltr'>ἁντεισήχθη.</span> <span class='ocrx_word' id='word_1_620' title='bbox 2718 4391 2819 4445; x_wconf 85' lang='grc' dir='ltr'><strong>Διὰ</strong></span> <span class='ocrx_word' id='word_1_621' title='bbox 2849 4392 2957 4463; x_wconf 84' lang='grc' dir='ltr'>γὰρ</span> <span class='ocrx_word' id='word_1_622' title='bbox 2993 4391 3155 4445; x_wconf 80' lang='grc' dir='ltr'>τοῦτο</span> <span class='ocrx_word' id='word_1_623' title='bbox 3188 4392 3222 4462; x_wconf 76' lang='grc' dir='ltr'>ἡ</span> <span class='ocrx_word' id='word_1_624' title='bbox 3256 4390 3374 4444; x_wconf 70' lang='grc' dir='ltr'><strong>Νια</strong></span> <span class='ocrx_word' id='word_1_625' title='bbox 3422 4391 3655 4461; x_wconf 76' lang='grc' dir='ltr'>κρατεῖ,</span> <span class='ocrx_word' id='word_1_626' title='bbox 3704 4388 3794 4442; x_wconf 80' lang='grc' dir='ltr'>ὅτι</span> 
     </span>
    </p>
   </div>
   <div class='ocr_carea' id='block_1_92' title="bbox 526 4474 2103 4568">
    <p class='ocr_par' dir='ltr' id='par_1_92' title="bbox 526 4474 2103 4558">
     <span class='ocr_line' id='line_1_92' title="bbox 526 4474 2103 4558; baseline 0.01 -30"><span class='ocrx_word' id='word_1_627' title='bbox 526 4483 693 4529; x_wconf 77' lang='lat' dir='ltr'><strong>tum.’</strong></span> <span class='ocrx_word' id='word_1_628' title='bbox 724 4474 1023 4551; x_wconf 70' lang='lat' dir='ltr'><strong>Propterea</strong></span> <span class='ocrx_word' id='word_1_629' title='bbox 1084 4482 1231 4538; x_wconf 82' lang='lat' dir='ltr'><strong>enim</strong></span> <span class='ocrx_word' id='word_1_630' title='bbox 1274 4481 1489 4542; x_wconf 77' lang='lat' dir='ltr'><strong>Novum</strong></span> <span class='ocrx_word' id='word_1_631' title='bbox 1533 4483 1945 4542; x_wconf 78' lang='lat' dir='ltr'><strong>Testamentum</strong></span> <span class='ocrx_word' id='word_1_632' title='bbox 1995 4487 2103 4558; x_wconf 86' lang='lat' dir='ltr'><strong>pri-</strong></span> 
     </span>
    </p>
   </div>
   <div class='ocr_carea' id='block_1_93' title="bbox 2213 4474 3798 4568">
    <p class='ocr_par' dir='ltr' id='par_1_93' title="bbox 2215 4477 3798 4568">
     <span class='ocr_line' id='line_1_93' title="bbox 2215 4477 3798 4568; baseline -0.003 -30"><span class='ocrx_word' id='word_1_633' title='bbox 2215 4483 2443 4556; x_wconf 85' lang='grc' dir='ltr'>βελτίων</span> <span class='ocrx_word' id='word_1_634' title='bbox 2496 4485 2593 4537; x_wconf 77' lang='grc' dir='ltr'>καὶ</span> <span class='ocrx_word' id='word_1_635' title='bbox 2626 4481 2964 4554; x_wconf 74' lang='grc' dir='ltr'>τελεωτέρα.</span> <span class='ocrx_word' id='word_1_636' title='bbox 3024 4482 3086 4537; x_wconf 87' lang='grc' dir='ltr'>Εί</span> <span class='ocrx_word' id='word_1_637' title='bbox 3128 4482 3239 4568; x_wconf 80' lang='lat'><strong>7&amp;9</strong></span> <span class='ocrx_word' id='word_1_638' title='bbox 3278 4477 3573 4553; x_wconf 79' lang='grc' dir='ltr'>ἐκείνηῆν</span> <span class='ocrx_word' id='word_1_639' title='bbox 3603 4480 3798 4551; x_wconf 68' lang='grc' dir='ltr'>ἄμεμδ</span> 
     </span>
    </p>
   </div>
   <div class='ocr_carea' id='block_1_94' title="bbox 527 4570 2103 4646">
    <p class='ocr_par' dir='ltr' id='par_1_94' title="bbox 527 4570 2102 4646">
     <span class='ocr_line' id='line_1_94' title="bbox 527 4570 2102 4646; baseline 0.008 -27"><span class='ocrx_word' id='word_1_640' title='bbox 527 4576 735 4620; x_wconf 81' lang='lat' dir='ltr'><strong>malum</strong></span> <span class='ocrx_word' id='word_1_641' title='bbox 768 4570 1002 4637; x_wconf 88' lang='lat' dir='ltr'><strong>obtinet,</strong></span> <span class='ocrx_word' id='word_1_642' title='bbox 1038 4573 1171 4642; x_wconf 84' lang='lat' dir='ltr'><strong>quia</strong></span> <span class='ocrx_word' id='word_1_643' title='bbox 1190 4573 1391 4628; x_wconf 78' lang='lat' dir='ltr'><strong>melius</strong></span> <span class='ocrx_word' id='word_1_644' title='bbox 1417 4582 1473 4631; x_wconf 88' lang='lat' dir='ltr'><strong>et</strong></span> <span class='ocrx_word' id='word_1_645' title='bbox 1517 4576 1830 4646; x_wconf 78' lang='lat' dir='ltr'><strong>perfectius.</strong></span> <span class='ocrx_word' id='word_1_646' title='bbox 1891 4577 2102 4633; x_wconf 82' lang='lat' dir='ltr'><strong>Etenim</strong></span> 
     </span>
    </p>
   </div>
   <div class='ocr_carea' id='block_1_95' title="bbox 2213 4570 3797 4646">
    <p class='ocr_par' dir='ltr' id='par_1_95' title="bbox 2217 4570 3797 4644">
     <span class='ocr_line' id='line_1_95' title="bbox 2217 4570 3797 4644; baseline -0.003 -15"><span class='ocrx_word' id='word_1_647' title='bbox 2217 4590 2375 4640; x_wconf 77' lang='grc' dir='ltr'>πτος,</span> <span class='ocrx_word' id='word_1_648' title='bbox 2410 4572 2715 4639; x_wconf 79' lang='grc' dir='ltr'>τουτέστιν,</span> <span class='ocrx_word' id='word_1_649' title='bbox 2747 4573 2796 4626; x_wconf 81' lang='grc' dir='ltr'><strong>εί</strong></span> <span class='ocrx_word' id='word_1_650' title='bbox 2823 4573 3147 4644; x_wconf 75' lang='grc' dir='ltr'>ἀμέμπτους</span> <span class='ocrx_word' id='word_1_651' title='bbox 3186 4572 3383 4637; x_wconf 80' lang='grc' dir='ltr'>ἐποίει,</span> <span class='ocrx_word' id='word_1_652' title='bbox 3433 4572 3533 4627; x_wconf 83' lang='grc' dir='ltr'><strong>οὐκ</strong></span> <span class='ocrx_word' id='word_1_653' title='bbox 3559 4572 3628 4626; x_wconf 74' lang='grc' dir='ltr'><strong>ἂν</strong></span> <span class='ocrx_word' id='word_1_654' title='bbox 3669 4570 3797 4625; x_wconf 77' lang='grc' dir='ltr'>δευ-</span> 
     </span>
    </p>
   </div>
   <div class='ocr_carea' id='block_1_96' title="bbox 526 4656 2103 4739">
    <p class='ocr_par' dir='ltr' id='par_1_96' title="bbox 526 4656 2103 4736">
     <span class='ocr_line' id='line_1_96' title="bbox 526 4656 2103 4736; baseline 0.008 -25"><span class='ocrx_word' id='word_1_655' title='bbox 526 4656 574 4712; x_wconf 90' lang='lat' dir='ltr'><strong>si</strong></span> <span class='ocrx_word' id='word_1_656' title='bbox 630 4658 764 4713; x_wconf 88' lang='lat' dir='ltr'><strong>illud</strong></span> <span class='ocrx_word' id='word_1_657' title='bbox 793 4659 954 4733; x_wconf 79' lang='lat'><strong>705</strong></span> <span class='ocrx_word' id='word_1_658' title='bbox 1010 4672 1159 4719; x_wconf 84' lang='lat' dir='ltr'><strong>esset</strong></span> <span class='ocrx_word' id='word_1_659' title='bbox 1197 4666 1705 4736; x_wconf 78' lang='lat' dir='ltr'><strong>irreprebensibile,</strong></span> <span class='ocrx_word' id='word_1_660' title='bbox 1775 4672 1881 4726; x_wconf 83' lang='lat' dir='ltr'><strong>hoc</strong></span> <span class='ocrx_word' id='word_1_661' title='bbox 1913 4679 2018 4736; x_wconf 69' lang='lat' dir='ltr'><strong>est,</strong></span> <span class='ocrx_word' id='word_1_662' title='bbox 2057 4669 2103 4725; x_wconf 89' lang='lat' dir='ltr'><strong>si</strong></span> 
     </span>
    </p>
   </div>
   <div class='ocr_carea' id='block_1_97' title="bbox 2213 4656 3796 4739">
    <p class='ocr_par' dir='ltr' id='par_1_97' title="bbox 2213 4664 3796 4739">
     <span class='ocr_line' id='line_1_97' title="bbox 2213 4664 3796 4739; baseline -0.001 -18"><span class='ocrx_word' id='word_1_663' title='bbox 2213 4670 2349 4739; x_wconf 84' lang='grc' dir='ltr'>τέρα</span> <span class='ocrx_word' id='word_1_664' title='bbox 2376 4667 2661 4738; x_wconf 75' lang='grc' dir='ltr'>είσήγητο.</span> <span class='ocrx_word' id='word_1_665' title='bbox 2730 4664 2943 4739; x_wconf 79' lang='grc' dir='ltr'>Ὠσπερ</span> <span class='ocrx_word' id='word_1_666' title='bbox 2978 4666 3035 4720; x_wconf 74' lang='grc' dir='ltr'>δὲ</span> <span class='ocrx_word' id='word_1_667' title='bbox 3066 4665 3483 4738; x_wconf 72' lang='grc' dir='ltr'>ἰδιωτικώτερον</span> <span class='ocrx_word' id='word_1_668' title='bbox 3516 4666 3796 4737; x_wconf 71' lang='grc' dir='ltr'>εἰώθαμεν</span> 
     </span>
    </p>
   </div>
   <div class='ocr_carea' id='block_1_98' title="bbox 528 4748 2103 4832">
    <p class='ocr_par' dir='ltr' id='par_1_98' title="bbox 528 4748 2103 4832">
     <span class='ocr_line' id='line_1_98' title="bbox 528 4748 2103 4832; baseline 0.009 -29"><span class='ocrx_word' id='word_1_669' title='bbox 528 4748 1044 4821; x_wconf 79' lang='lat' dir='ltr'><strong>irreprehensibiics</strong></span> <span class='ocrx_word' id='word_1_670' title='bbox 1079 4753 1306 4823; x_wconf 82' lang='lat' dir='ltr'><strong>faceret,</strong></span> <span class='ocrx_word' id='word_1_671' title='bbox 1348 4771 1695 4832; x_wconf 81' lang='lat' dir='ltr'><strong>nequaquam</strong></span> <span class='ocrx_word' id='word_1_672' title='bbox 1740 4761 1971 4817; x_wconf 85' lang='lat' dir='ltr'><strong>alterum</strong></span> <span class='ocrx_word' id='word_1_673' title='bbox 2015 4764 2103 4817; x_wconf 88' lang='lat' dir='ltr'><strong>in-</strong></span> 
     </span>
    </p>
   </div>
   <div class='ocr_carea' id='block_1_99' title="bbox 2213 4748 3797 4832">
    <p class='ocr_par' dir='ltr' id='par_1_99' title="bbox 2213 4753 3797 4830">
     <span class='ocr_line' id='line_1_99' title="bbox 2213 4753 3797 4830; baseline -0.002 -17"><span class='ocrx_word' id='word_1_674' title='bbox 2213 4759 2425 4828; x_wconf 78' lang='grc' dir='ltr'>λέγειν,</span> <span class='ocrx_word' id='word_1_675' title='bbox 2441 4757 3035 4830; x_wconf 58' lang='grc' dir='ltr'>οὺκ1στινβμεμπτος</span> <span class='ocrx_word' id='word_1_676' title='bbox 3063 4756 3095 4827; x_wconf 72' lang='grc' dir='ltr'>ἡ</span> <span class='ocrx_word' id='word_1_677' title='bbox 3128 4756 3298 4820; x_wconf 84' lang='grc' dir='ltr'>οἰκία,</span> <span class='ocrx_word' id='word_1_678' title='bbox 3322 4755 3446 4809; x_wconf 75' lang='grc' dir='ltr'>ἀντὶ</span> <span class='ocrx_word' id='word_1_679' title='bbox 3466 4753 3585 4820; x_wconf 80' lang='grc' dir='ltr'>τοῦ,</span> <span class='ocrx_word' id='word_1_680' title='bbox 3601 4754 3797 4810; x_wconf 77' lang='grc' dir='ltr'>Ἐλάτ-</span> 
     </span>
    </p>
   </div>
   <div class='ocr_carea' id='block_1_100' title="bbox 528 4842 2103 4926">
    <p class='ocr_par' dir='ltr' id='par_1_100' title="bbox 528 4842 2103 4924">
     <span class='ocr_line' id='line_1_100' title="bbox 528 4842 2103 4924; baseline 0.01 -28"><span class='ocrx_word' id='word_1_681' title='bbox 528 4843 935 4900; x_wconf 87' lang='lat' dir='ltr'><strong>trodueeretur.</strong></span> <span class='ocrx_word' id='word_1_682' title='bbox 956 4842 1426 4911; x_wconf 84' lang='lat' dir='ltr'><strong>Quemadmodum</strong></span> <span class='ocrx_word' id='word_1_683' title='bbox 1457 4858 1643 4906; x_wconf 89' lang='lat' dir='ltr'><strong>autem</strong></span> <span class='ocrx_word' id='word_1_684' title='bbox 1670 4855 1892 4924; x_wconf 78' lang='lat' dir='ltr'><strong>proprie</strong></span> <span class='ocrx_word' id='word_1_685' title='bbox 1918 4854 2103 4911; x_wconf 79' lang='lat' dir='ltr'><strong>dicere</strong></span> 
     </span>
    </p>
   </div>
   <div class='ocr_carea' id='block_1_101' title="bbox 2213 4842 3792 4926">
    <p class='ocr_par' dir='ltr' id='par_1_101' title="bbox 2213 4844 3792 4926">
     <span class='ocr_line' id='line_1_101' title="bbox 2213 4844 3792 4926; baseline -0.005 -20"><span class='ocrx_word' id='word_1_686' title='bbox 2213 4871 2373 4926; x_wconf 84' lang='grc' dir='ltr'>τωμα</span> <span class='ocrx_word' id='word_1_687' title='bbox 2410 4853 2557 4925; x_wconf 75' lang='grc' dir='ltr'>εχει,</span> <span class='ocrx_word' id='word_1_688' title='bbox 2612 4850 2882 4922; x_wconf 83' lang='grc' dir='ltr'>σάθρωμα</span> <span class='ocrx_word' id='word_1_689' title='bbox 2907 4864 2921 4878; x_wconf 90' lang='grc'><strong>·</strong></span> <span class='ocrx_word' id='word_1_690' title='bbox 2958 4847 3103 4902; x_wconf 69' lang='grc' dir='ltr'>οὕτω</span> <span class='ocrx_word' id='word_1_691' title='bbox 3140 4847 3237 4902; x_wconf 73' lang='lat' dir='ltr'><strong>xa‘t</strong></span> <span class='ocrx_word' id='word_1_692' title='bbox 3275 4848 3376 4918; x_wconf 78' lang='grc' dir='ltr'>τὴν</span> <span class='ocrx_word' id='word_1_693' title='bbox 3408 4846 3656 4903; x_wconf 83' lang='grc' dir='ltr'>Παλαιὰν</span> <span class='ocrx_word' id='word_1_694' title='bbox 3682 4844 3792 4917; x_wconf 78' lang='grc' dir='ltr'><strong>ἔφη</strong></span> 
     </span>
    </p>
   </div>
   <div class='ocr_carea' id='block_1_102' title="bbox 527 4934 2103 5019">
    <p class='ocr_par' dir='ltr' id='par_1_102' title="bbox 527 4934 2103 5018">
     <span class='ocr_line' id='line_1_102' title="bbox 527 4934 2103 5018; baseline 0.009 -29"><span class='ocrx_word' id='word_1_695' title='bbox 527 4935 815 4991; x_wconf 86' lang='lat' dir='ltr'><strong>solemus:</strong></span> <span class='ocrx_word' id='word_1_696' title='bbox 851 4934 968 4991; x_wconf 75' lang='lat' dir='ltr'><strong>Non</strong></span> <span class='ocrx_word' id='word_1_697' title='bbox 1031 4948 1116 4995; x_wconf 86' lang='lat' dir='ltr'><strong>est</strong></span> <span class='ocrx_word' id='word_1_698' title='bbox 1163 4941 1671 5011; x_wconf 78' lang='lat' dir='ltr'><strong>irreprebeusibilis</strong></span> <span class='ocrx_word' id='word_1_699' title='bbox 1705 4944 1923 5009; x_wconf 89' lang='lat' dir='ltr'><strong>domus,</strong></span> <span class='ocrx_word' id='word_1_700' title='bbox 1981 4961 2103 5018; x_wconf 87' lang='lat' dir='ltr'><strong>pro,</strong></span> 
     </span>
    </p>
   </div>
   <div class='ocr_carea' id='block_1_103' title="bbox 2213 4934 3790 5019">
    <p class='ocr_par' dir='ltr' id='par_1_103' title="bbox 2217 4936 3790 5019">
     <span class='ocr_line' id='line_1_103' title="bbox 2217 4936 3790 5019; baseline -0.006 -21"><span class='ocrx_word' id='word_1_701' title='bbox 2217 4946 2294 5019; x_wconf 80' lang='grc' dir='ltr'>μὴ</span> <span class='ocrx_word' id='word_1_702' title='bbox 2339 4942 2480 5000; x_wconf 72' lang='grc' dir='ltr'>εἶναι</span> <span class='ocrx_word' id='word_1_703' title='bbox 2536 4944 2866 5015; x_wconf 75' lang='grc' dir='ltr'>ἄμεμπτον,</span> <span class='ocrx_word' id='word_1_704' title='bbox 2937 4939 3039 5011; x_wconf 84' lang='grc' dir='ltr'><strong>οὐχ</strong></span> <span class='ocrx_word' id='word_1_705' title='bbox 3097 4936 3173 5003; x_wconf 87' lang='grc' dir='ltr'>ὡς</span> <span class='ocrx_word' id='word_1_706' title='bbox 3240 4937 3505 5008; x_wconf 76' lang='grc' dir='ltr'>πονηρὰν,</span> <span class='ocrx_word' id='word_1_707' title='bbox 3558 4936 3675 4990; x_wconf 80' lang='grc' dir='ltr'>ἀλλ’</span> <span class='ocrx_word' id='word_1_708' title='bbox 3714 4937 3790 5000; x_wconf 68' lang='grc' dir='ltr'>ὠ,</span> 
     </span>
    </p>
   </div>
   <div class='ocr_carea' id='block_1_104' title="bbox 528 5025 2103 5111">
    <p class='ocr_par' dir='ltr' id='par_1_104' title="bbox 528 5025 2103 5104">
     <span class='ocr_line' id='line_1_104' title="bbox 528 5025 2103 5104; baseline 0.011 -25"><span class='ocrx_word' id='word_1_709' title='bbox 528 5025 808 5082; x_wconf 73' lang='lat' dir='ltr'><strong>Deiectum</strong></span> <span class='ocrx_word' id='word_1_710' title='bbox 842 5029 1026 5096; x_wconf 80' lang='lat' dir='ltr'><strong>habet,</strong></span> <span class='ocrx_word' id='word_1_711' title='bbox 1072 5034 1151 5087; x_wconf 84' lang='lat' dir='ltr'><strong>vel</strong></span> <span class='ocrx_word' id='word_1_712' title='bbox 1183 5034 1568 5104; x_wconf 86' lang='lat' dir='ltr'><strong>putredinem:</strong></span> <span class='ocrx_word' id='word_1_713' title='bbox 1604 5038 1684 5090; x_wconf 89' lang='lat' dir='ltr'><strong>sic</strong></span> <span class='ocrx_word' id='word_1_714' title='bbox 1719 5046 1773 5091; x_wconf 89' lang='lat' dir='ltr'><strong>et</strong></span> <span class='ocrx_word' id='word_1_715' title='bbox 1810 5038 1979 5096; x_wconf 68' lang='lat' dir='ltr'><strong>Vetus</strong></span> <span class='ocrx_word' id='word_1_716' title='bbox 2003 5039 2103 5097; x_wconf 80' lang='lat' dir='ltr'><strong>Te-</strong></span> 
     </span>
    </p>
   </div>
   <div class='ocr_carea' id='block_1_105' title="bbox 2213 5025 3657 5111">
    <p class='ocr_par' dir='ltr' id='par_1_105' title="bbox 2219 5025 3657 5111">
     <span class='ocr_line' id='line_1_105' title="bbox 2219 5025 3657 5111; baseline -0.01 -14"><span class='ocrx_word' id='word_1_717' title='bbox 2219 5040 2297 5111; x_wconf 78' lang='grc' dir='ltr'>μὴ</span> <span class='ocrx_word' id='word_1_718' title='bbox 2336 5038 2648 5108; x_wconf 79' lang='grc' dir='ltr'>δυναμένην</span> <span class='ocrx_word' id='word_1_719' title='bbox 2683 5032 2995 5106; x_wconf 80' lang='grc' dir='ltr'>βιλτιῶσαι,</span> <span class='ocrx_word' id='word_1_720' title='bbox 3031 5025 3122 5086; x_wconf 78' lang='grc' dir='ltr'>οἷα</span> <span class='ocrx_word' id='word_1_721' title='bbox 3146 5027 3657 5100; x_wconf 64' lang='grc' dir='ltr'>νηπίοιςΐοθεῖσαν.</span> 
     </span>
    </p>
   </div>
   <div class='ocr_carea' id='block_1_106' title="bbox 527 5129 3794 5213">
    <p class='ocr_par' dir='ltr' id='par_1_106' title="bbox 527 5129 3794 5213">
     <span class='ocr_line' id='line_1_106' title="bbox 527 5129 3794 5213; baseline 0.006 -32"><span class='ocrx_word' id='word_1_722' title='bbox 527 5134 862 5181; x_wconf 87' lang='lat' dir='ltr'><strong>stamentum</strong></span> <span class='ocrx_word' id='word_1_723' title='bbox 890 5129 1022 5183; x_wconf 88' lang='lat' dir='ltr'><strong>dicit</strong></span> <span class='ocrx_word' id='word_1_724' title='bbox 1044 5145 1153 5185; x_wconf 87' lang='lat' dir='ltr'><strong>non</strong></span> <span class='ocrx_word' id='word_1_725' title='bbox 1181 5135 1820 5204; x_wconf 86' lang='lat' dir='ltr'><strong>esseirrepreltensibile,</strong></span> <span class='ocrx_word' id='word_1_726' title='bbox 1841 5153 1947 5192; x_wconf 90' lang='lat' dir='ltr'><strong>non</strong></span> <span class='ocrx_word' id='word_1_727' title='bbox 1975 5139 2119 5210; x_wconf 89' lang='lat' dir='ltr'><strong>quod</strong></span> <span class='ocrx_word' id='word_1_728' title='bbox 2152 5156 2384 5213; x_wconf 87' lang='lat' dir='ltr'><strong>pravum</strong></span> <span class='ocrx_word' id='word_1_729' title='bbox 2415 5141 2511 5201; x_wconf 75' lang='lat' dir='ltr'><strong>sit.</strong></span> <span class='ocrx_word' id='word_1_730' title='bbox 2546 5147 2736 5192; x_wconf 70' lang='lat' dir='ltr'><strong>verum</strong></span> <span class='ocrx_word' id='word_1_731' title='bbox 2759 5130 2904 5203; x_wconf 80' lang='lat' dir='ltr'><strong>quod</strong></span> <span class='ocrx_word' id='word_1_732' title='bbox 2944 5130 3201 5186; x_wconf 63' lang='lat' dir='ltr'><strong>meliores</strong></span> <span class='ocrx_word' id='word_1_733' title='bbox 3243 5129 3473 5185; x_wconf 61' lang='lat' dir='ltr'><strong>reddere</strong></span> <span class='ocrx_word' id='word_1_734' title='bbox 3502 5147 3613 5188; x_wconf 83' lang='grc' dir='ltr'>ιιοιι</span> <span class='ocrx_word' id='word_1_735' title='bbox 3664 5141 3794 5198; x_wconf 67' lang='lat'><strong>909‘</strong></span> 
     </span>
    </p>
   </div>
   <div class='ocr_carea' id='block_1_107' title="bbox 525 5216 1422 5289">
    <p class='ocr_par' dir='ltr' id='par_1_107' title="bbox 525 5216 1422 5289">
     <span class='ocr_line' id='line_1_107' title="bbox 525 5216 1422 5289; baseline 0.004 -16"><span class='ocrx_word' id='word_1_736' title='bbox 525 5216 621 5281; x_wconf 77' lang='lat' dir='ltr'><strong>sit,</strong></span> <span class='ocrx_word' id='word_1_737' title='bbox 650 5227 840 5288; x_wconf 86' lang='lat' dir='ltr'><strong>utpote</strong></span> <span class='ocrx_word' id='word_1_738' title='bbox 866 5220 1110 5289; x_wconf 86' lang='lat' dir='ltr'><strong>parvulis</strong></span> <span class='ocrx_word' id='word_1_739' title='bbox 1141 5221 1422 5278; x_wconf 87' lang='lat' dir='ltr'><strong>traditunt.</strong></span> 
     </span>
    </p>
   </div>
   <div class='ocr_carea' id='block_1_108' title="bbox 602 5303 2103 5389">
    <p class='ocr_par' dir='ltr' id='par_1_108' title="bbox 602 5309 2099 5387">
     <span class='ocr_line' id='line_1_108' title="bbox 602 5309 2099 5387; baseline 0.009 -24"><span class='ocrx_word' id='word_1_740' title='bbox 602 5309 764 5367; x_wconf 72' lang='lat' dir='ltr'><strong>Vens.</strong></span> <span class='ocrx_word' id='word_1_741' title='bbox 800 5313 853 5368; x_wconf 93' lang='lat'><strong>8.</strong></span> <span class='ocrx_word' id='word_1_742' title='bbox 887 5309 1149 5368; x_wconf 78' lang='lat' dir='ltr'><strong>Incusans</strong></span> <span class='ocrx_word' id='word_1_743' title='bbox 1182 5314 1320 5368; x_wconf 84' lang='lat' dir='ltr'><strong>enim</strong></span> <span class='ocrx_word' id='word_1_744' title='bbox 1353 5331 1438 5371; x_wconf 84' lang='lat' dir='ltr'><strong>eos</strong></span> <span class='ocrx_word' id='word_1_745' title='bbox 1480 5317 1627 5372; x_wconf 76' lang='lat' dir='ltr'><strong>dicit.</strong></span> <span class='ocrx_word' id='word_1_746' title='bbox 1661 5316 1780 5375; x_wconf 85' lang='lat' dir='ltr'><strong>Non</strong></span> <span class='ocrx_word' id='word_1_747' title='bbox 1814 5319 1973 5387; x_wconf 72' lang='lat' dir='ltr'><strong>dixit,</strong></span> <span class='ocrx_word' id='word_1_748' title='bbox 2015 5321 2099 5376; x_wconf 86' lang='lat' dir='ltr'><strong>in-</strong></span> 
     </span>
    </p>
   </div>
   <div class='ocr_carea' id='block_1_109' title="bbox 2213 5303 3791 5389">
    <p class='ocr_par' dir='ltr' id='par_1_109' title="bbox 2278 5303 3791 5389">
     <span class='ocr_line' id='line_1_109' title="bbox 2278 5303 3791 5389; baseline -0.007 -17"><span class='ocrx_word' id='word_1_749' title='bbox 2278 5316 2667 5389; x_wconf 71' lang='grc' dir='ltr'>Μεμεοόμενος</span> <span class='ocrx_word' id='word_1_750' title='bbox 2689 5303 2813 5384; x_wconf 67' lang='grc' dir='ltr'>γὰρ’</span> <span class='ocrx_word' id='word_1_751' title='bbox 2837 5310 3044 5380; x_wconf 83' lang='grc' dir='ltr'>αὐτοῖς</span> <span class='ocrx_word' id='word_1_752' title='bbox 3072 5310 3255 5382; x_wconf 70' lang='grc' dir='ltr'>λέγει.</span> <span class='ocrx_word' id='word_1_753' title='bbox 3308 5310 3425 5365; x_wconf 70' lang='grc' dir='ltr'><strong>οῦκ</strong></span> <span class='ocrx_word' id='word_1_754' title='bbox 3469 5305 3620 5377; x_wconf 79' lang='grc' dir='ltr'>εἷπε,</span> <span class='ocrx_word' id='word_1_755' title='bbox 3651 5324 3791 5380; x_wconf 66' lang='grc' dir='ltr'>μεμε</span> 
     </span>
    </p>
   </div>
   <div class='ocr_carea' id='block_1_110' title="bbox 1861 5495 2433 5560">
    <p class='ocr_par' dir='ltr' id='par_1_110' title="bbox 1861 5495 2433 5560">
     <span class='ocr_line' id='line_1_110' title="bbox 1861 5495 2433 5560; baseline -0.005 0"><span class='ocrx_word' id='word_1_756' title='bbox 1861 5496 1950 5560; x_wconf 81' lang='lat' dir='ltr'><strong>Va</strong></span> <span class='ocrx_word' id='word_1_757' title='bbox 1962 5495 2066 5559; x_wconf 78' lang='lat' dir='ltr'><strong>rite</strong></span> <span class='ocrx_word' id='word_1_758' title='bbox 2105 5495 2433 5559; x_wconf 53' lang='lat' dir='ltr'><strong>lectiones.</strong></span> 
     </span>
    </p>
   </div>
   <div class='ocr_carea' id='block_1_111' title="bbox 601 5588 1140 5666">
    <p class='ocr_par' dir='ltr' id='par_1_111' title="bbox 601 5588 1140 5666">
     <span class='ocr_line' id='line_1_111' title="bbox 601 5588 1140 5666; baseline 0.017 -22"><span class='ocrx_word' id='word_1_759' title='bbox 601 5588 643 5621; x_wconf 82' lang='grc'>¹¹</span> <span class='ocrx_word' id='word_1_760' title='bbox 670 5589 1058 5666; x_wconf 76' lang='grc' dir='ltr'>ἐπαγγέλματα</span> <span class='ocrx_word' id='word_1_761' title='bbox 1085 5608 1140 5653; x_wconf 91' lang='lat'><strong>0.</strong></span> 
     </span>
    </p>
   </div>
  </div>
