4014 6208
415 161 528 226 295

1331 154 1907 220 THEOPIIYLACTI
1939 150 2348 213 BULGARI/E
2389 149 2742 210 ARCHIEP.

3564 141 3670 204 €96

492 276 655 330 Vens.
686 274 772 331 Η.
810 274 876 328 Et
905 291 1007 328 non
1037 273 1293 328 docebunt
1327 273 1678 342 unusquisque
1702 273 1999 341 proximum

2177 267 2286 321 Kal
2347 267 2419 319 οὐ
2452 263 2539 333 μὴ
2591 263 2916 326 διδάξωσιν
2961 260 3218 326 ἕκαστος
3248 258 3353 312 τὸν
3405 255 3675 324 πλησίον

420 385 599 434 suum,
630 377 678 422 et
708 369 1062 436 unusquisque
1092 366 1315 435 fratrem
1355 381 1532 426 suum,
1563 364 1773 416 dicens:
1793 363 1998 432 Cogno-

423 479 508 518 sce
553 461 838 514 Dominum
871 475 889 513 :
925 461 1181 528 quoniam
1218 474 1394 512 omnes
1431 459 1593 511 scient
1638 471 1738 521 me,
1776 473 1808 508 a
1835 471 1996 524 parvo

423 555 665 623 ipsorum
696 567 859 621 usque
881 551 949 602 ad
981 565 1230 618 maguum
1261 550 1518 618 ipsorum.
1563 545 1876 601 Doctrinam
1910 545 1998 601 lti'c

425 644 840 697 Iaboriosioretn
869 639 1268 693 institutionem
1298 637 1452 692 dicit.
1485 635 1621 691 Ecce
1645 635 1788 690 enim
1821 635 1997 704 palam

426 733 729 794 cernimus,
786 729 929 799 quod
994 744 1102 783 non
1156 729 1342 783 multis
1389 728 1570 783 verbis
1616 728 1758 798 apud
1803 725 2000 781 tuentis

425 832 708 890 computes
759 819 1124 890 indigeamus,
1189 829 1248 876 ut
1299 819 1728 888 persuadeamus
1779 819 1880 884 eis,
1941 826 2001 872 ut

427 913 646 967 Christo
671 912 830 966 iidem
862 911 1181 967 adhibeant.
1223 912 1360 966 Nam
1405 911 1630 966 Judaiea
1664 911 1884 981 quidem
1915 914 2001 963 lex

427 1004 482 1057 in
541 1018 711 1072 unum
755 1002 1014 1071 angttlum
1068 1003 1325 1058 conclusa
1372 1013 1511 1069 erat,
1560 1005 1830 1074 paucique
1865 1003 2004 1058 hanc

426 1103 668 1148 norant:
721 1094 1094 1164 apostolorum
1140 1105 1322 1149 autem
1356 1111 1524 1150 sonus
1559 1098 1612 1148 in
1643 1111 1859 1150 onmem
1893 1105 2003 1150 ter-

427 1200 546 1239 ram
593 1192 678 1240 est
714 1198 990 1254 egressus.
1020 1183 1310 1248 Praeterea,
1347 1200 1469 1239 cum
1515 1172 1668 1239 Deus.
1691 1201 1856 1255 super
1896 1195 2006 1240 ter-

427 1292 543 1330 ram
571 1277 625 1330 in
661 1292 828 1332 carne
860 1288 1108 1332 versatus
1137 1287 1306 1342 esset,
1358 1288 1720 1348 naturamque
1757 1268 2011 1333 nostram

430 1383 527 1438 per
560 1368 994 1438 assumptiouem
1034 1367 1364 1434 deiﬁcaSset,
1401 1369 1740 1438 resplenduit
1790 1372 1844 1424 in
1890 1385 2007 1424 om-

428 1458 581 1512 nium
608 1457 806 1512 animis
834 1474 979 1513 vera:
1015 1459 1351 1528 cognitionis
1386 1459 1479 1514 Dei
1512 1461 1718 1524 lumeu,
1754 1476 1817 1515 ac
1843 1461 2004 1514 veluti

2097 359 2307 424 αὐτοῦ,
2347 357 2444 411 καὶ
2471 356 2730 420 ἕκαστος
2775 353 2882 408 τὸν
2915 353 3183 422 ἀδελφὸν
3212 349 3421 416 αὐτοῦ,
3450 347 3669 420 λέγων·

2101 451 2290 507 Γνῶθι
2358 450 2464 503 τὸν
2515 449 2733 516 Κύριον
2761 461 2775 475 ⁶
2840 445 2930 499 ὅτι
2963 445 3186 510 πάντες
3233 441 3550 509 είδησουσί
3597 458 3672 510 με

2098 545 2216 599 ἀπὸ
2243 541 2460 612 μικροῦ
2501 537 2700 594 αὐτῶν
2727 537 2838 604 ἕως
2865 534 3135 606 μεγάλου
3165 533 3385 588 αὐτῶν.
3419 531 3618 602 Διδαχὴ
3631 551 3670 597 δ,

2103 635 2337 692 ἐνταῦθα
2370 633 2468 704 τὴν
2505 629 2916 700 ἐπιπονωτέραν
2951 625 3300 681 διδασκαλίαν
3337 624 3502 692 λέγει.
3543 625 3676 678 Ἰδοὺ

2105 727 2212 794 γὰρ
2243 724 2481 794 ὁρῶμεν,
2527 723 2609 774 ὅτι
2644 721 2704 773 οὐ
2735 720 2998 774 πλειόνων
3026 718 3197 786 λόγων
3231 715 3365 786 πρὸς
3396 715 3520 778 τοὺς
3554 715 3677 782 ῦγι-

2108 815 2355 877 αίνοντας
2395 815 2487 867 τὸν
2519 813 2641 866 νοῦν
2675 810 2910 882 δεόμεθα
2961 811 3042 872 είς
3071 808 3132 861 τὸ
3165 810 3350 860 πεῖσαι
3395 806 3676 859 πιστεύειν

2105 909 2182 979 τῷ
2239 907 2480 980 Χριστῷ.
2552 907 2616 959 Ἦ
2661 903 2760 975 μὲν
2805 904 2910 974 γάρ
2974 902 3239 969 Ἰουδαῖκὴ
3277 900 3568 968 νομοθεσία
3619 901 3679 952 ἐν

2111 1003 2211 1073 μιᾷ
2241 1000 2413 1071 γωνίᾳ
2448 997 2910 1069 περιεκέκλειστο,
2949 995 3044 1049 καὶ
3091 994 3260 1061 ὀλίγοι
3307 993 3506 1064 ᾔδεσαν
3551 995 3679 1046 ταύ-

2106 1111 2247 1163 τηνρ
2277 1093 2386 1144 τῶν
2415 1091 2472 1143 δὲ
2502 1088 2814 1144 ἀποστόλων
2841 1089 2867 1140 ό
2901 1087 3135 1156 φθόγγος
3165 1085 3245 1148 είς
3281 1086 3453 1137 πᾶσαν
3487 1082 3680 1154 ἐξῆλθε

2107 1187 2204 1257 τήν
2235 1186 2359 1255 γῆν.
2414 1182 2524 1236 Καὶ
2556 1181 2730 1243 ἄλλως
2766 1179 2846 1245 δὲ,
2893 1177 2988 1232 τοῦ
3040 1177 3180 1231 Θεοῦ
3232 1177 3326 1230 ἐπὶ
3357 1176 3455 1246 τῆς
3486 1179 3590 1246 γῆς
3623 1177 3682 1226 ἐν

2111 1279 2274 1347 σαρκὶ
2303 1275 2705 1346 διατρίψαντος,
2741 1273 2835 1326 καὶ
2864 1272 2964 1341 τήν
2999 1271 3160 1340 φύσιν
3201 1269 3360 1339 ἡμῶν
3392 1271 3458 1339 τῇ
3508 1283 3687 1339 προσο

2109 1369 2267 1438 λήψει
2297 1368 2616 1428 θεώσαντος,
2655 1363 2895 1434 ἔλαμψεν
2946 1365 3002 1416 ὲν
3031 1364 3156 1426 ταῖς
3204 1361 3426 1414 πάντων
3475 1359 3679 1430 ψυχαῖς

2111 1463 2170 1515 τὺ
2193 1464 2290 1532 τῆς
2320 1459 2554 1531 ἀληθοῦς
2587 1459 2919 1526 θεογνωσίας
2959 1457 3095 1526 φῶς,
3119 1457 3214 1509 καὶ
3240 1448 3349 1507 οἷόν
3376 1472 3457 1517 τις
3486 1455 3681 1523 ἐπιτη-

425 1547 674 1618 quadam
707 1549 956 1618 aptitudo
1009 1549 1172 1604 insita
1224 1559 1343 1605 erat
1391 1554 1629 1606 humano
1661 1551 1880 1622 ingenio
1914 1568 2008 1621 per

2124 1555 2323 1623 Ξειότης
2354 1553 2575 1620 ὲνετέθη
2604 1553 2669 1620 τῇ
2710 1548 2990 1621 ἁνθρωπίν
3004 1566 3029 1619 ς,
3066 1547 3225 1615 φύσει
3267 1545 3372 1600 ὑπὸ
3395 1546 3492 1616 τῆς
3523 1546 3684 1616 κάρι-

427 1641 682 1711 gratiam,
715 1649 774 1693 ut
805 1639 976 1694 Deum
1019 1657 1147 1699 vere
1175 1652 1519 1711 agnosceret.

500 1729 666 1783 Vens.
701 1728 788 1783 12.
824 1729 1246 1799 Quia‘propitius
1279 1749 1368 1786 ero
1403 1734 1778 1803 iniquitatibus
1803 1750 2006 1797 eorum,

427 1828 476 1874 et
521 1831 856 1888 peccatorum
888 1837 1066 1873 eorum
1102 1830 1150 1874 et
1186 1823 1525 1893 iuiquitatum
1560 1840 1740 1877 eorum
1771 1842 1873 1878 non
1904 1841 2010 1878 me-

429 1911 646 1965 morabo
694 1913 944 1981 amplius.
978 1912 1079 1967 Per
1112 1915 1381 1984 baptisma
1410 1915 1637 1972 abluens
1677 1932 1776 1972 nos
1812 1932 1841 1970 a
1873 1933 2010 1987 prae-

435 2002 718 2054 teritorum
762 2012 1112 2072 peccatorum
1146 2005 1421 2070 sordibus,
1469 2021 1576 2061 non
1618 2009 1865 2084 amplius
1901 2026 2015 2063 tue-

434 2092 595 2144 mittit
625 2108 816 2146 eorum
851 2110 970 2162 qua:
993 2105 1152 2149 antea
1179 2095 1330 2152 fuere
1366 2098 1571 2154 abluta.

503 2181 671 2238 Vens.
703 2182 788 2236 15.
825 2183 957 2238 Cum
985 2187 1134 2250 dicit.
1181 2203 1393 2255 novum,
1435 2191 1728 2259 antiquavit
1755 2191 2009 2259 primum.

431 2272 824 2345 Interpretatur
868 2276 1245 2346 propheticum
1296 2281 1650 2346 vocabulum,
1705 2282 1958 2351 inquiens
1997 2298 2010 2332 :

433 2367 548 2422 Hoc
582 2367 761 2438 ipsum
786 2369 933 2439 quod
969 2371 1196 2426 omnino
1228 2387 1428 2428 novum
1455 2374 1782 2439 nominavit,
1811 2372 2016 2428 indicio

435 2466 544 2524 est,
575 2460 812 2529 primum
837 2473 994 2516 vetus
1023 2463 1216 2519 videri.

509 2549 666 2616 Quod
693 2561 869 2606 autem
891 2554 1201 2622 antiquetur
1223 2563 1273 2610 et
1295 2555 1539 2622 senescit,
1557 2571 1714 2624 prope
1744 2556 2016 2610 interitum

435 2651 535 2695 est.
572 2643 807 2710 Accepta
861 2659 890 2697 a
929 2646 1194 2714 propheta
1225 2647 1480 2703 libertate
1510 2655 1564 2702 et
1604 2648 1825 2710 ﬁducia,
1861 2649 2016 2703 dein-

437 2746 567 2800 ceps
604 2731 776 2802 legem
822 2739 991 2795 taxat,
1039 2735 1338 2790 ostendens
1389 2745 1574 2791 nostra
1620 2751 1768 2790 nunc
1797 2736 2017 2791 ﬂorere.

436 2818 597 2875 Certe
621 2821 842 2891 quidem
874 2836 904 2878 e
962 2825 1298 2894 prophetico‘
1333 2825 1480 2883 dicto
1527 2830 1816 2884 vetustatis
1861 2843 2023 2884 voca-

443 2908 634 2965 buhun
674 2912 904 2982 adeptus
937 2923 1045 2980 est,
1079 2929 1108 2968 a
1137 2915 1318 2986 scipso
1347 2927 1529 2972 autem
1561 2918 1689 2972 illud
1722 2919 2020 2975 senectutis

443 3002 666 3072 adjecit,
716 3019 780 3058 ac
813 3003 1070 3075 deinceps
1109 3008 1416 3062 necessario
1452 3008 1637 3062 intulit
1673 3008 2018 3063 obscuratio-

444 3107 569 3146 nem
603 3093 841 3147 debitam
877 3095 978 3166 legi
1012 3112 1027 3149 :
1080 3095 1307 3165 perinde
1342 3099 1497 3166 quasi
1530 3097 1680 3152 dicat
1709 3117 1721 3151 :
1764 3098 1883 3154 Non
1919 3101 2022 3154 itu-

442 3190 681 3251 portune
745 3199 946 3238 novum
1003 3195 1160 3240 vetus
1215 3201 1431 3243 cessare
1467 3187 1616 3254 fecit,
1663 3191 1756 3246 sed
1803 3201 2023 3262 prepter

445 3275 686 3337 senium,
726 3287 950 3345 propter
977 3283 1301 3333 vetustatem
1333 3278 1477 3349 ejus,
1523 3280 1625 3336 hoc
1661 3290 1764 3347 est,
1800 3296 2024 3352 promer

445 3365 878 3422 imbecillitatem
915 3374 969 3422 et
1022 3367 1371 3426 inutilitatem
1415 3389 1429 3428 :
1467 3372 1694 3442 perinde
1730 3389 1794 3428 ac
1821 3375 1930 3431 alio
1967 3377 2020 3430 in

443 3455 566 3510 loco
600 3457 731 3511 dicit
765 3474 781 3509 :
829 3456 972 3511 Nam
1005 3461 1144 3529 quod
1170 3461 1490 3530 impossibile
1517 3473 1632 3519 erat
1662 3463 1784 3537 legi,
1833 3467 1886 3521 in
1922 3483 2022 3537 quo

446 3548 822 3617 inﬁrmabatur
849 3567 941 3620 per
972 3567 1181 3605 carnem
1212 3555 1280 3608 ".

1045 3641 1276 3700 CAPUT
1325 3642 1418 3702 IX.

523 3726 688 3784 Vens.
717 3729 770 3784 1.
797 3728 1040 3785 Habebat
1063 3732 1270 3802 quidem
1308 3737 1458 3804 prius
1479 3735 1890 3807 justiﬁcationes
1911 3745 2025 3798 cul-

447 3828 605 3875 turae.
633 3821 678 3874 A
697 3823 1004 3888 sacerdote,
1033 3838 1063 3877 a
1084 3827 1414 3893 sacerdotio,
1439 3828 1598 3900 707
1631 3846 1660 3884 a
1694 3841 2022 3892 testamento

443 3912 899 3966 cotnmonstravit
913 3911 1061 3983 quod
1076 3913 1367 3984 ﬂucmjllic
1384 3918 1694 3978 habiturum
1714 3936 1859 3983 esset
1879 3944 1894 3985 :
1908 3928 2020 3998 jam

445 4008 500 4054 et
541 4001 610 4055 ab
641 4001 816 4072 ipsius
851 4005 1193 4060 tabernaculi
1219 4005 1391 4063 forma
1427 4011 1571 4066 idem
1604 4028 2021 4076 commonstrat.

445 4089 582 4148 Tres
609 4093 752 4148 enim
795 4093 1022 4152 fuerunt
1050 4097 1179 4163 loci,
1218 4101 1460 4156 exterior
1491 4104 1709 4175 quidem
1741 4110 2020 4179 omnibus,

446 4193 501 4239 et
534 4183 735 4242 Iudaeis
773 4196 827 4242 et
862 4188 1067 4245 Graecis
1095 4191 1402 4248 destinatus
1434 4211 1448 4249 :
1483 4195 1681 4252 deinde
1710 4209 1827 4254 crat
1873 4203 2021 4256 vela-

452 4292 596 4344 men,
629 4279 769 4334 iutra
791 4281 934 4350 quod
956 4281 1406 4353 ingrediebantur
1429 4289 1744 4346 sacerdotes
1779 4296 2024 4363 quotidie

449 4383 663 4423 sacrum
743 4371 1025 4428 iacientes.
1083 4372 1182 4429 llic
1232 4385 1412 4431 autem
1459 4377 1611 4436 locus
1659 4385 2034 4452 appellabatur

453 4469 689 4514 sancta:
741 4477 862 4531 quae
902 4472 1063 4533 typus
1120 4465 1342 4520 fuerunt
1391 4467 1608 4526 Veteris
1671 4472 2029 4542 Testamenti,

456 4550 656 4619 quippe
685 4554 832 4620 quod
874 4555 1145 4609 sacriﬁcia
1181 4570 1280 4624 per
1314 4560 1637 4628 sanguinem
1667 4563 1782 4618 illic
1812 4580 2038 4637 perage-

457 4638 682 4694 bantur.
717 4638 920 4696 Sancta
948 4657 1077 4696 vero
1107 4654 1425 4701 sanctorum
1447 4651 1621 4704 nostri
1648 4655 1890 4722 mysterii
1923 4657 2039 4710 sive

457 4729 790 4782 sacramenti
832 4729 1000 4798 ﬁgura
1037 4732 1276 4787 fuerunt.
1305 4733 1548 4792 [iubebat
1575 4739 1742 4809 igitur
1782 4743 2038 4810 primum.

461 4818 566 4874 hoc
617 4831 700 4874 est
732 4821 900 4877 Vetus
936 4821 1382 4895 Testamentum,
1440 4831 1884 4900 jttstiﬂcatioues,
1938 4836 2042 4890 hoc

461 4921 546 4966 est
575 4912 846 4982 symbola,
891 4914 1169 4984 instituta,
1225 4919 1610 4996 legislationes.
1646 4924 1862 4980 Atenitu
1924 4935 2039 4982 tum

463 5003 728 5068 habebat,
760 5022 908 5062 nunc
943 5023 1070 5062 vero
1103 5025 1213 5066 non
1251 5012 1414 5068 habet
1444 5031 1457 5063 :
1502 5017 1738 5069 cessavit
1768 5021 1930 5072 enim.

538 5095 606 5148 Et
637 5109 885 5151 sanctum
917 5101 1196 5156 sa'culare.
1237 5103 1509 5159 chulare
1550 5108 1877 5176 appellabat,
1911 5113 2038 5182 quia

467 5187 722 5243 Omnibus
759 5191 824 5244 ad
853 5189 904 5244 id
941 5195 1156 5260 patebat
1201 5196 1409 5264 aditus,
1450 5205 1679 5268 eratque
1709 5199 1862 5256 locus
1902 5221 2037 5258 cou-

540 5363 586 5394 “
611 5361 769 5418 Rom.
803 5378 922 5430 \‘lll,
958 5365 1014 5420 5.

2038 1625 2084 1683 Β
2114 1663 2224 1707 τος.
2258 1646 2391 1715 πρὸς
2421 1646 2481 1698 τὸ
2503 1647 2592 1698 τὸν
2616 1646 2780 1706 ὅντως
2818 1643 3012 1695 είδέναι
3042 1639 3197 1694 Θεόν.

2191 1737 2313 1790 Ὅτι
2360 1738 2534 1801 ἵλεως
2586 1737 2797 1805 ἔσομαι
2846 1733 2973 1798 ταῖς
3021 1731 3274 1797 ἀδικίαις
3315 1729 3536 1792 αὐτῶν,
3585 1728 3686 1781 καί

2116 1827 2235 1881 τῶν
2261 1827 2562 1897 ἁμαρτιῶν
2584 1825 2780 1882 αὐτῶν
2805 1825 2898 1878 καὶ
2936 1823 3055 1876 τῶν
3081 1821 3340 1890 ἀνομιῶν
3377 1818 3576 1872 αὐτῶν
3613 1821 3688 1873 οὐ

2111 1920 2196 1988 μὴ
2223 1919 2474 1987 μνησθῶ
2494 1919 2600 1973 ἔτι.
2649 1919 2746 1972 Διά
2794 1915 2888 1971 τοῦ
2945 1915 3320 1986 βαπτίσματος
3362 1912 3689 1967 ἀποπλῠνων

2117 2010 2264 2078 ἡμᾶς
2311 2008 2405 2062 τοῦ
2442 2007 2615 2076 ῥύπου
2644 2008 2753 2061 τῶν
2796 2005 3206 2075 προγεγονότων
3250 2003 3684 2074 ἁμαρτημάτων,

2117 2101 2301 2152 οὐκέτι
2334 2100 2608 2170 μέμνηται
2641 2097 2824 2152 αὐτῶν
2848 2097 2956 2150 τῶν
2981 2094 3514 2166 προαποπλυθέντων
3548 2095 3634 2145 “'.

2203 2193 2299 2244 Ἐν
2331 2192 2410 2261 τῷ
2446 2191 2670 2260 λέγειν,
2705 2189 2945 2257 καινὴν,
2980 2189 3366 2242 πεπαλαίωκε
3396 2185 3510 2253 τὴν
3539 2184 3690 2252 πρώ-

2120 2297 2252 2347 την.
2307 2279 2633 2351 Ἐρμηνεύει
2659 2279 2758 2350 τὴν
2789 2279 3134 2348 προφητικήν
3162 2279 3342 2346 ῥῆσιν,
3377 2276 3468 2330 καί
3501 2292 3688 2346 φησιν,

2121 2373 2201 2424 ὅτι
2242 2371 2373 2424 αὐτὸ
2394 2369 2553 2424 τοῦτο
2596 2371 2657 2424 τὸ
2686 2370 2823 2432 ὅλως
2857 2368 3124 2438 ὀνομάσαι
3164 2369 3380 2438 καινὴν,
3431 2370 3692 2421 ἐνδεικτι-

2123 2461 2219 2514 κόν
2257 2462 2373 2512 ἐστι
2400 2458 2495 2512 τοῦ
2533 2460 2631 2529 τὴν
2662 2459 2884 2531 πρώτην
2915 2461 3151 2514 παλαιὰν
3179 2461 3362 2514 λοιπὸν
3386 2461 3583 2514 δοκεῖν.

2199 2550 2275 2605 Τὸ
2330 2549 2400 2604 δὲ
2454 2551 2903 2618 παλαιούμενον
2959 2551 3058 2604 καὶ
3113 2549 3418 2620 γηράσκον
3447 2590 3462 2615 ,
3510 2547 3697 2619 ἐγγὺς

2124 2641 2491 2708 ἀφανισμοῦ.
2542 2641 2738 2694 Λαϐὼν
2773 2640 2879 2693 ἀπὸ
2907 2641 3000 2693 τοῦ
3038 2640 3318 2711 προφήτου
3346 2639 3441 2709 τὴν
3467 2640 3695 2710 παρρη-

2128 2733 2268 2797 σίαν,
2325 2732 2667 2787 καθάπτεται
2712 2733 2898 2786 λοιπὸν
2947 2731 3041 2784 τοῦ
3097 2732 3264 2800 νόμου
3296 2770 3309 2792 ,
3354 2728 3566 2792 δεικνὺς
3609 2729 3696 2782 ὅτι

2126 2825 2195 2878 τὰ
2231 2824 2475 2896 ήμέτερα
2524 2824 2620 2878 νῦν
2647 2824 2839 2879 ἀνθεῖ·
2889 2825 2954 2878 ὲκ
2983 2825 3083 2895 μὲν
3113 2819 3206 2878 οὖν
3235 2823 3327 2878 τοῦ
3352 2820 3694 2895 προφητικοῦ

2129 2914 2296 2986 ῥητοῦ
2331 2914 2626 2986 ἐπορίσατο
2652 2913 2713 2968 τὸ
2739 2915 2836 2986 τῆς
2861 2916 3094 2990 παλαιᾶς
3115 2915 3306 2984 ὄνομα,
3339 2914 3471 2980 παρ’
3497 2911 3690 2966 ἑαυτοῦ

2125 3006 2182 3059 δὲ
2228 3007 2535 3077 προσέθηκε
2564 3007 2625 3060 τὸ
2665 3006 2758 3060 τοῦ
2788 3008 2992 3079 γήρως,
3037 3007 3131 3060 καὶ⁵
3159 3006 3347 3060 λοιπὸν
3379 3005 3691 3073 ἀναγκαίως

2128 3098 2408 3167 ἐπήγαγεν
2455 3098 2806 3168 ὀφειλόμενον
2873 3099 2962 3153 τὸν
3021 3099 3325 3168 ἀφανισμὸν
3374 3095 3451 3167 τῷ
3500 3097 3686 3166 νόμῳο

2127 3185 2326 3237 ὡσανεὶ
2359 3184 2519 3240 τοῦτο
2560 3186 2733 3255 λέγων
2759 3203 2774 3218 ·
2817 3187 2930 3240 Οὐκ
2981 3189 3224 3258 ἀκαίρως
3278 3187 3621 3240 κατέπαυσεν
3661 3185 3697 3256 ἡ

2129 3276 2224 3331 νέα
2260 3275 2356 3346 τὴν
2399 3278 2662 3344 παλαιὰν,
2712 3277 2848 3332 ἀλλά
2884 3277 2972 3331 διὰ
3003 3278 3064 3331 sb
3091 3277 3289 3348 γῆρας,
3338 3276 3426 3332 διὰ
3452 3275 3550 3347 τὴν
3599 3292 3702 3328 πα·

2128 3365 2386 3435 λαιότητα
2414 3368 2607 3438 αὐτῆς,
2639 3368 2884 3422 τουτέστι
2925 3369 3015 3424 διά
3045 3368 3107 3422 τὺ
3139 3369 3364 3432 ἀσθενὲς
3415 3370 3511 3421 καὶ
3556 3369 3704 3420 ἀνωο

2129 3459 2290 3529 φελές
2319 3475 2335 3491 ο
2376 3459 2452 3523 ὡς
2503 3461 2600 3514 καὶ
2629 3459 2865 3530 ἀλλαχοῦ
2899 3459 3090 3529 λέγει·
3136 3460 3206 3516 Τὸ
3252 3460 3363 3530 τὰρ
3397 3459 3704 3514 ἀδύνατον

2128 3551 2235 3606 τοῦ
2263 3553 2473 3622 νόμον,
2527 3552 2596 3607 ἐκ
2627 3546 2674 3620 ᾧ
2701 3553 2943 3621 ἠσθένει
2981 3553 3078 3608 διὰ
3107 3552 3219 3624 τῆς
3247 3553 3496 3621 σαρκός.

2728 3645 2980 3702 ΚΕΦΑΛ.
3023 3645 3100 3699 Θ⁹.

2194 3731 2336 3802 Εἶχε
2382 3734 2495 3802 μὲν
2543 3731 2659 3792 οὖν
2697 3737 2735 3804 ἠ
2771 3738 2969 3806 πρώτη
2999 3737 3365 3808 δικαιώματα
3399 3736 3704 3806 λατρείας.

2134 3823 2379 3890 Ἕδειξεν
2416 3825 2524 3880 ἀπὸ
2561 3825 2657 3879 τοῦ
2715 3826 2926 3898 ἱερέως,
2965 3828 3076 3881 ἀπὸ
3113 3827 3211 3898 τῆς
3235 3825 3560 3898 ἱερωσύνης.
3595 3826 3708 3880 ἀπὸ

2127 3917 2227 3987 τῆς
2260 3915 2549 3988 διαθήκης,
2585 3918 2668 3972 ὅτι
2697 3917 2890 3989 ἔμελλε
2923 3916 3076 3982 τέλος
3101 3918 3246 3990 ἔχειν
3273 3920 3392 3972 ἐκεῖ
3417 3932 3432 3947 ·
3461 3917 3704 3972 δείκνυσι

2128 4011 2223 4064 νῦν
2261 4011 2356 4063 καὶ
2389 4012 2484 4064 ἀπ’
2509 4011 2674 4065 αὐτοῦ
2706 4010 2806 4080 τῆς
2832 4013 3036 4081 σκηνῆς
3065 4011 3158 4064 τοῦ
3190 4013 3492 4083 σχήματος.
3543 4011 3710 4080 Τρεῖς

2129 4103 2237 4172 γὰρ
2281 4097 2422 4174 ἦσαν
2466 4103 2644 4157 τόποι.
2693 4103 2752 4157 'O
2809 4105 2906 4174 μὲν
2955 4103 3081 4170 ἔξω,
3116 4104 3499 4176 ἀφωρισμένος
3546 4106 3706 4168 πᾶσι,

2130 4193 2224 4244 καὶ
2261 4192 2540 4255 Ἰουδαίοις
2565 4194 2662 4246 καὶ
2692 4193 2951 4262 ’Ἓλλησιν
2982 4209 2998 4224 ο
3058 4189 3180 4248 εἶτα
3201 4190 3270 4265 ἦν
3307 4196 3710 4264 καταπέτασμα

2133 4279 2193 4336 οῦ
2229 4283 2376 4336 ἔνδον
2405 4284 2723 4354 εἰσήρχοντο
2770 4286 2818 4337 οἱ
2873 4285 3039 4354 ίερετς
3068 4326 3082 4350 ,
3123 4287 3223 4350 τὰς
3275 4287 3552 4357 λατρείας*
3579 4284 3706 4338 καθ’

2139 4379 2376 4448 ἑκάστην
2421 4378 2813 4440 ἐπιτελοῦντες.
2879 4373 3048 4442 Οὗτος
3094 4380 3149 4433 δὲ
3192 4382 3220 4433 ὁ
3261 4380 3423 4441 τόπος
3462 4381 3713 4432 ἐκαλεῖτο

2143 4473 2310 4537 Ἅγια
2337 4488 2349 4500 ·
2391 4471 2549 4523 ἅτινα
2569 4469 2738 4533 τύπος
2762 4466 2902 4541 ἦσαν
2931 4473 3029 4542 τῆς
3062 4474 3326 4536 Παλαιᾶς,
3371 4471 3464 4525 ἆτε
3491 4471 3601 4523 τῶν
3643 4470 3711 4522 δι’

2143 4564 2376 4632 αἵματος
2405 4561 2608 4616 θυσιῶν
2638 4561 2982 4632 τελουμένων
3016 4565 3154 4618 ἐκεῖ.
3197 4564 3276 4617 Τά
3307 4565 3363 4617 δὲ
3409 4565 3576 4632 Ἅγια
3604 4564 3716 4614 τῶν

2145 4655 2336 4722 ἁγίων,
2387 4653 2555 4716 τύπος
2587 4648 2727 4724 ἦσαν
2767 4655 2863 4707 τοῦ
2901 4655 3034 4727 παρ’
3063 4659 3196 4726 ἡμῖν
3229 4655 3553 4726 μυστηρίου.
3585 4648 3716 4722 Εῑχε

2152 4745 2248 4816 μὲν
2279 4740 2393 4809 οὖν,
2432 4744 2620 4816 φησὶν,
2651 4745 2684 4816 ή
2716 4744 2930 4816 πρώτη,
2964 4745 3242 4799 τουτέστιν
3274 4747 3309 4816 ή
3353 4744 3565 4800 Παλαιὰ
3589 4747 3688 4796 Δια

2149 4835 2311 4907 om,
2355 4834 2718 4907 δικαιώματα,
2781 4838 3026 4889 τουτέστι
3071 4837 3336 4907 σύμϐολα,
3386 4837 3418 4907 ἢ
3479 4835 3716 4903 θεσμοὺς

2147 4927 2243 4978 καὶ
2294 4927 2650 4998 νομοθεσίαςο
2687 4927 2823 4980 ἀλλά
2869 4927 2992 4980 τότε
3039 4924 3172 4998 εἶχε,
3222 4927 3318 4983 νῦν
3342 4927 3398 4980 δὲ
3420 4927 3521 4980 οὐκ
3552 4927 3665 4996 ἔχει
3699 4939 3715 4953 ⁶

2149 5019 2426 5074 πέπαυται
2461 5023 2591 5090 γάρ.

2223 5113 2294 5165 Τό
2355 5131 2419 5167 τε
2477 5115 2651 5183 ἅγιον
2727 5115 3041 5184 κοσμικόν.
3096 5112 3401 5182 Κοσμικὸν
3462 5103 3618 5162 εἶπεν
3652 5107 3719 5170 ⁸⁸.

2145 5205 2331 5274 ἐπειδὴ
2356 5206 2520 5260 πᾶσιν
2548 5209 2754 5276 ἐφεῖται
2792 5207 3109 5271 ἐπιϐαίνειν,
3144 5208 3236 5258 καὶ
3264 5203 3421 5274 δῆλος
3457 5197 3524 5274 ἦν
3555 5200 3722 5264 τόπος

1829 5463 2026 5526 Variae
2060 5467 2394 5530 lectiones.

552 5553 614 5583 "‘
649 5554 1144 5623 προαπολυθέντων
1177 5569 1248 5608 tn.
1368 5557 1410 5586 ¹³
1449 5556 1666 5624 λέγειο.
