4014 6208
242 359 361 425 297

277 473 338 522 ἐν
485 466 562 539 τῷ
705 465 856 537 αὐτῷ

247 562 584 631 Ναζαραῖοι,
634 560 685 614 οξ
725 558 1079 629 προσήλυτοι,
1114 561 1163 619 οἱ
1214 558 1492 628 Ἕλληνες.
1542 556 1697 610 Ἐπεὶ
1743 556 1836 610 οῦν

248 656 350 705 zz".
381 650 647 720 Ἕλλησιν
680 649 941 704 ἐπιϐατὸν
965 644 1054 718 ἦν,
1088 649 1384 718 κοσμικόν
1413 647 1545 701 αὐτὸ
1574 645 1749 701 καλεῖ.

322 742 532 808 Exurit
570 740 681 810 γὰρ
720 738 1178 806 κατεσκευάσθη
1215 738 1499 807 ἡπρώτη,
1533 737 1602 792 ἐν
1640 737 1678 806 ᾖ
1711 738 1746 806 ἢ
1776 755 1837 792 τε

248 834 484 904 λυχνία
527 834 621 887 καὶ
656 832 695 899 ἠ
739 828 1017 898 τράπεζα,
1048 828 1147 883 καί
1193 831 1230 898 ἠ
1270 831 1557 897 πρόθεσις·
1588 826 1708 882 τῶν
1737 827 1837 895 dp-

251 945 398 990 των,
437 926 569 993 ἣτις
592 925 830 993 λέγεται
861 923 1042 993 Ἅγια.
1075 920 1304 993 Πρώτην
1334 920 1486 988 λέγει
1512 921 1735 992 ταύτην,
1763 919 1837 984 ὡς

251 1024 394 1089 πρὸς
425 1021 494 1073 τὰ
524 1020 692 1085 "Arta
722 1018 830 1070 τῶν
865 1017 1059 1085 ἁγίων,
1087 1016 1358 1085 ἐπείτοιγε
1390 1016 1529 1087 μέση
1563 1014 1702 1087 αῦτη
1745 1010 1837 1085 ἦν.

252 1114 368 1183 np}:
399 1111 457 1164 δὲ
500 1110 670 1178 αὐτῆς
719 1104 788 1179 ἦν
816 1108 877 1162 τὸ
920 1106 1157 1179 χαλκοῦν
1201 1106 1608 1178 θυσιαστήριον,
1639 1109 1699 1158 τὸ
1728 1105 1838 1159 τῶν

252 1203 756 1272 ὁλοκαυτωμάτων,
793 1201 849 1252 ὲν
878 1201 1128 1270 ὑπαίθρῳ
1152 1200 1461 1270 »ἱστάμενον
1481 1216 1495 1230 ·
1522 1194 1639 1251 εἶτα
1667 1214 1835 1260 κατα-

254 1297 607 1365 πετάσματος
654 1292 971 1364 τεταμένου,
1011 1292 1210 1362 μᾶλλον
1239 1292 1294 1344 δὲ
1344 1292 1741 1360 ὲπισπὰστρου,
1769 1283 1839 1368 ἦν

255 1389 397 1457 αῦτη
440 1389 475 1459 η
510 1388 669 1458 μέση,
700 1388 760 1439 ἐν
852 1386 888 1459 ἦ
913 1402 971 1438 τε
994 1384 1207 1456 λυχνία,
1236 1384 1332 1437 καὶ
1364 1385 1398 1455 ἡ
1438 1381 1705 1453 τράπεζα,
1747 1380 1840 1434 καὶ

254 1484 286 1551 ἡ
322 1479 589 1550 πρόθεσις
619 1477 726 1530 τῶν
762 1478 963 1555 ἄρτων.
1616 1508 1621 1513 ~

324 1571 491 1626 Μετὰ
528 1569 597 1623 δὲ
634 1568 701 1630 τὸ
748 1569 1033 1638 δεύτερον
1069 1568 1521 1637 καταπέτασμα,
1550 1564 1752 1634 σκηνὴ
1798 1565 1838 1632 ή

253 1664 553 1733 ,ζεγομένη
589 1664 762 1732 "Arta
812 1661 1015 1731 ἁγίων.
1070 1662 1233 1734 Ὁρᾷς
1263 1662 1345 1715 ὅτι
1387 1658 1456 1732 ἦν
1498 1661 1593 1731 μὲν
1624 1659 1840 1731 πρῶτον

257 1758 690 1826 καταπέτασμα,
729 1755 757 1809 ὃ
800 1755 1177 1825 ὲπίσπαστρον
1215 1753 1371 1807 καλεῖ
1412 1755 1444 1823 ἡ
1493 1754 1708 1825 Γραφὴ,
1762 1750 1839 1814 ὡς

254 1847 644 1917 ἐπισπώμενον
680 1848 775 1900 καὶ
834 1846 1221 1916 ἐφελκόμενον,
1253 1845 1282 1899 ὃ
1310 1845 1474 1898 διεῖλε
1525 1844 1622 1914 τὴν
1666 1843 1838 1913 αὐλὴν

255 1944 334 2006 εἰς
369 1942 445 2013 ἦν
490 1941 810 2018 εἰσήρχοντο
856 1940 1057 2001 πάντες
1110 1937 1330 2004 κοινῶς,
1365 1938 1423 1990 ὲν
1472 1930 1506 2010 ᾗ
1551 1939 1646 1990 καὶ
1682 1934 1839 1989 ἔθυον

254 2036 399 2087 κατὰ
424 2033 520 2086 τοῦ
554 2031 760 2103 χαλκοῦ
789 2029 1176 2100 θυσιαστηρίου
1209 2029 1317 2083 ἀπὸ
1349 2028 1451 2098 τῆς
1480 2027 1687 2098 σκηνῆς
1713 2026 1843 2080 ἐκά-

257 2143 416 2189 στοτε
447 2123 746 2195 δεχομένης
805 2123 935 2186 τοὺς
989 2122 1152 2191 ἱερεῖς
1188 2120 1286 2183 τὰς
1334 2120 1587 2190 λατρείας
1654 2119 1839 2172 ἔπιτε-

255 2216 506 2278 λοῦντας.
541 2212 733 2274 Μεθ“ὃ
785 2213 843 2271 δὲ
887 2212 1093 2282 ταύτην
1126 2211 1363 2281 διῆλθες,
1399 2207 1468 2287 ἦν
1521 2205 1679 2274 αὖθις
1720 2210 1840 2262 ἐτε-

264 2325 357 2376 ρον
389 2308 433 2339 ³⁵
485 2305 912 2374 καταπέτασμα,
948 2305 1044 2363 καὶ
1071 2303 1276 2357 ἔσωθεν
1330 2301 1522 2361 τούτου
1557 2302 1752 2373 σκηνὴ,
1806 2303 1840 2372 ἡ

255 2396 525 2467 λεγομένη
565 2394 735 2462 ’Δγια
781 2395 970 2462 ἁγίων,
1007 2393 1085 2455 εἰς
1115 2394 1181 2462 ἣν
1227 2391 1402 2455 οὐδεὶς
1441 2391 1629 2461 ἔτερος
1671 2391 1842 2462 εἰσῄει

258 2492 305 2543 εί
345 2488 420 2558 μὴ
449 2490 609 2558 μόνος
637 2490 665 2540 ό
698 2487 1014 2556 ἀρχιερεὺς,
1045 2487 1142 2540 καὶ
1159 2479 1315 2547 οὗτος
1346 2483 1496 2548 ἅπαξ
1532 2482 1629 2539 τοῦ
1658 2485 1841 2536 ἐνιαυ-

256 2582 376 2645 τοῦ.
408 2581 659 2647 Σχηνὴν
692 2579 751 2643 δὲ
810 2578 1090 2651 πανταχοῦ
1138 2578 1332 2643 καλεῖ,
1375 2576 1464 2630 διὰ
1511 2577 1572 2629 τὸ
1607 2575 1843 2646 σκηνοῦν

258 2676 379 2737 ἐκεῖ
408 2673 497 2726 τὸν
524 2673 678 2728 Θεόν.

329 2763 614 2833 Χρυσοῦν
645 2763 877 2831 ἔχουσα
917 2763 1326 2833 θυμιατήριον,
1380 2762 1479 2817 καί
1528 2760 1643 2827 τὴν
1674 2762 1845 2814 κιϐω-

258 2858 372 2919 τόν
419 2856 526 2923 τῆς
564 2858 854 2923 Διαθήκης
904 2853 1505 2926 περικεκαλυμμένην
1546 2851 1848 2913 πάντοθεν

261 2950 524 3023 χρυσίῳ.
560 2948 803 3003 Κιὸωτὸν
848 2947 1123 3019 Διαθήκης
1176 2948 1383 3015 ταύτην
1416 2945 1591 3023 καλεῖ,
1628 2942 1701 3006 ὡς
1746 2941 1848 3005 τὰς

264 3040 486 3102 πλάκας
515 3039 767 3109 ἔχουσαν,
800 3039 1005 3099 αἵτινες
1032 3037 1123 3091 τὸν
1159 3040 1325 3106 νόμον
1368 3037 1666 3105 περιεῖχον.

1015 356 1419 423 EXPOSiTIO
1455 356 1539 417 IN
1563 356 1801 427 EPIST.
1829 357 1930 417 AD
1961 356 2356 426 HEBRzEOS.
2390 382 2457 393 -
2496 359 2655 423 CAP.
2700 362 2806 423 IX.

980 467 1118 538 οἴκῳ
1153 466 1280 520 ἔνθα
1311 467 1356 499 ⁸³
1387 468 1437 520 oi
1477 466 1741 529 Ἰουδαῖοι,
1786 464 1838 517 οἱ

1953 464 2167 532 spicuus
2193 464 2245 518 iu
2273 480 2336 521 ea
2372 465 2557 529 domo,
2585 466 2677 521 ubi
2710 466 2903 533 Judaei,
2942 469 3208 538 Nazarmi,
3231 476 3514 548 proselyti.

3402 366 3511 433 238

1939 554 2130 610 Graeci.
2161 554 2300 621 Quia
2340 557 2507 626 igitur
2537 568 2590 613 et
2618 558 2792 615 Graeci
2841 560 2895 615 in
2926 562 3057 617 illud
3098 565 3399 622 ascendere
3422 585 3516 640 pos

1940 656 2143 709 terant.
2178 649 2436 704 steculare
2466 652 2720 719 appellat.

2017 740 2179 796 Vens.
2212 741 2267 794 2.
2303 741 2725 798 Tobernaculum
2755 747 2892 800 enim
2925 748 3126 817 factum
3151 760 3227 805 est
3255 752 3513 823 primum,

1941 833 1997 886 in
2051 849 2154 903 quo
2206 843 2356 888 erant
2393 835 2738 903 candelabra,
2786 849 2835 893 et
2881 858 3080 906 mensa,
3127 852 3177 897 et
3224 847 3516 916 propositio

1941 941 2137 994 panum
2187 941 2305 995 qua:
2339 926 2535 980 dicitur
2563 927 2786 983 Sancta.
2835 930 3077 987 Primqu
3110 936 3346 1004 appellat
3390 938 3515 1003 hoc,

1942 1026 2192 1086 respectu
2226 1017 2348 1087 ejus
2394 1019 2499 1073 loci
2533 1010 2625 1090 qui
2671 1020 2873 1077 dicitur
2923 1022 3123 1078 Sancta
3174 1037 3515 1099 sanctorum,

1941 1123 2067 1166 nam
2123 1108 2363 1163 medium
2413 1118 2533 1164 erat
2575 1112 2698 1166 hoc.
2741 1113 2882 1168 Ante
2933 1116 3109 1185 ipsum
3156 1125 3339 1172 autem
3400 1130 3519 1180 erat

1938 1219 2142 1259 aereum
2177 1205 2350 1261 altare
2375 1206 2847 1273 holocaustorum,
2871 1210 2973 1264 sub
2996 1210 3086 1264 dio
3114 1212 3472 1275 eonsdtutum
3496 1230 3513 1275 _:

1942 1295 2164 1361 deinde,
2189 1297 2457 1353 velamine
2482 1307 2712 1355 extenso
2733 1341 2747 1366 ,
2781 1301 2893 1355 imo
2915 1317 3046 1358 vero
3076 1306 3400 1367 attractorio
3426 1319 3522 1375 po-

1942 1387 2074 1451 tius,
2104 1388 2341 1442 medium
2375 1389 2481 1444 hoc
2507 1401 2623 1445 erat
2653 1390 3089 1457 tabernaculum,
3124 1394 3177 1447 in
3214 1409 3324 1464 quo
3361 1402 3520 1455 erant

1940 1477 2290 1543 candelabra,
2325 1486 2379 1534 et
2410 1496 2618 1547 mensa,
2652 1489 2706 1536 et
2736 1496 2936 1551 panum
2973 1485 3297 1553 propositio.

2012 1567 2182 1624 Vens.
2218 1570 2271 1624 3.
2309 1570 2443 1625 Post
2469 1574 2757 1626 secundum
2782 1582 2956 1626 autent
2989 1573 3242 1641 velamen,
3274 1576 3523 1629 taberna-

1941 1661 2118 1716 culum
2149 1661 2290 1733 quod
2310 1662 2510 1717 dicitur
2538 1663 2735 1718 Sancta
2758 1674 3086 1720 sanctorum.
3116 1665 3521 1722 Animadvertis

1943 1752 2030 1807 ltic
2062 1753 2296 1822 pritnutn
2317 1752 2485 1809 fuisse
2513 1754 2753 1809 velamen
2782 1755 2929 1825 quod
2960 1755 3337 1810 attractorium
3372 1753 3522 1810 Scri-

1942 1852 2099 1915 ptura
2133 1847 2388 1916 appellat,
2422 1842 2586 1903 veluti
2615 1846 2759 1917 quod
2785 1847 3163 1914 convoivatur,
3189 1856 3241 1901 et
3274 1847 3522 1901 attraha-

1942 1944 2053 2001 tur,
2086 1937 2231 2007 quod
2254 1936 2544 1993 dirimebat
2566 1940 2790 2002 atrium,
2820 1938 2877 1993 in
2906 1938 3051 2009 quod
3078 1937 3523 2008 ingrediebantur

1942 2045 2135 2086 omnes
2166 2030 2557 2095 communiter,
2599 2037 2654 2085 et
2682 2029 2737 2084 in
2786 2044 2895 2100 quo
2929 2028 3316 2084 sacriﬁcabant
3354 2041 3522 2098 super

1940 2137 2086 2179 areo
2114 2123 2297 2188 altari,
2323 2138 2352 2176 a
2384 2123 2738 2178 tabernaculo
2776 2122 3023 2193 quotidie
3054 2124 3304 2192 capiente
3333 2135 3518 2176 sacer-

1943 2214 2098 2270 dotes
2137 2229 2289 2269 saera
2338 2215 2644 2270 ministeria
2680 2215 3044 2285 perﬁcientes.
3070 2214 3187 2269 Hoc
3219 2214 3310 2268 ubi
3344 2224 3523 2267 trans.-

1946 2306 2106 2369 isses,
2173 2314 2292 2359 erat
2322 2320 2519 2360 rursus
2556 2306 2787 2361 alterum
2832 2306 3104 2371 velamen,
3146 2315 3201 2360 et
3235 2306 3376 2358 intra
3413 2303 3522 2358 hoe

1946 2396 2363 2453 tabernaculum
2394 2397 2537 2466 quod
2579 2397 2780 2453 dicitur
2803 2396 3063 2452 Sanctum
3094 2405 3434 2459 sanctorum,
3465 2396 3521 2450 in

1945 2486 2092 2557 quod
2118 2502 2280 2542 nemo
2296 2487 2437 2543 alius
2461 2488 2725 2544 introibat
2756 2496 2956 2559 prmter
2984 2489 3162 2543 solum
3187 2486 3523 2557 pontiﬁcem,

1947 2586 2114 2649 atque
2150 2579 2253 2634 iste
2283 2579 2391 2636 nisi
2417 2580 2584 2635 semel
2611 2580 2666 2634 in
2695 2595 2859 2635 anno.
2895 2579 3317 2635 Tabernaculum
3340 2586 3520 2643 autem

1946 2671 2150 2741 ubique
2188 2679 2368 2737 vocat,
2405 2673 2551 2741 quod
2585 2672 2699 2728 illic
2728 2671 2873 2728 Deus
2902 2672 3138 2727 habitat.

2017 2762 2183 2816 Vens.
2229 2763 2284 2816 4.
2330 2763 2562 2816 Aureum
2600 2763 2797 2818 habens
2845 2764 3191 2829 tltuributunt,
3242 2775 3291 2820 et
3345 2783 3526 2822 arcam

1949 2856 2247 2908 testamenti
2268 2858 2762 2909 circumrontectant
2796 2870 2860 2908 ea:
2883 2856 3025 2908 omni
3050 2866 3203 2924 parte
3233 2872 3386 2911 auro.
3424 2858 3528 2910 Ar-

1948 2962 2068 3002 cam
2122 2947 2435 3002 testamenti
2483 2948 2743 3018 appellal,
2777 2956 2837 3000 ut
2878 2962 3001 3017 qua:
3046 2946 3261 3010 tabulas
3294 2946 3527 3013 haberet

1949 3053 2071 3109 quae
2102 3039 2273 3109 legem
2311 3040 2837 3107 complectebantur.

348 3131 458 3185 Ἔν
489 3124 528 3201 ᾖ
555 3128 823 3200 στάμνος
860 3128 1066 3198 χρυσῆ
1096 3128 1330 3196 ἔχουσα
1373 3124 1441 3180 τὸ
1483 3125 1716 3186 Μάννα,
1750 3122 1845 3177 καὶ

2020 3133 2087 3185 In
2113 3147 2216 3200 qua
2242 3147 2377 3184 urna
2401 3147 2563 3184 aurea
2587 3130 2783 3185 habens
2829 3130 3049 3196 Manna,
3082 3140 3131 3185 et
3166 3132 3314 3199 virga
3343 3132 3528 3188 Aaron

261 3223 302 3289 ὴ
321 3222 550 3295 ,ὀάὄδος
583 3222 807 3290 Ἀαρὼν
828 3221 867 3289 ή
907 3218 1351 3287 βλαστήσασα,
1382 3218 1476 3273 ναὶ
1522 3219 1581 3271 al
1616 3214 1846 3279 πλάκες

262 3312 375 3381 τῆς
396 3310 722 3377 Διαθήκης.
766 3309 953 3365 Ταῦτα
995 3308 1179 3363 πάντα
1215 3308 1313 3377 τῆς
1349 3305 1648 3376 Ἰουδαϊκῆς
1670 3307 1848 3374 ἀγνω-

268 3404 507 3475 μοσύνης
538 3399 608 3474 ἦν
655 3403 1048 3473 ὑπομνήματα.
1086 3402 1158 3456 Ἡ
1203 3402 1300 3471 μὲν
1344 3398 1613 3469 στάμνος
1651 3398 1849 3468 ἔχουσα

264 3494 325 3546 τὸ
350 3494 566 3555 Μάννα,
597 3491 732 3544 διότι
762 3491 1069 3559 ἐγόγγυσαν
1098 3489 1273 3558 τούτῳ
1307 3489 1631 3559 τρεφόμενοι
1665 3502 1850 3541 καινο-

267 3587 505 3654 τράπως,
544 3583 632 3635 ἵνα
670 3582 762 3635 καὶ
798 3584 878 3645 είς
905 3583 1032 3645 τοὺς
1077 3581 1339 3650 ἐκγόνους
1382 3577 1766 3651 παραπεμφθῇ
1812 3580 1847 3649 ἡ

274 3683 373 3750 μνή
382 3698 462 3750 μη
493 3679 592 3733 καὶ
622 3682 722 3749 τῆς
750 3678 843 3731 τοῦ
869 3677 1005 3732 Θεοῦ
1033 3676 1403 3747 χρηστότητος
1430 3674 1641 3743 καὶτῆς
1669 3669 1848 3724 αὐτῶν

272 3775 517 3845 πικρίας.
560 3773 630 3826 Ἠ
654 3771 881 3840 ῥάϐδος
922 3770 977 3836 δὲ
1017 3767 1252 3841 Ἀαρὼν,
1283 3768 1375 3822 διὰ
1405 3768 1505 3838 τὴν
1540 3766 1851 3833 ἀντιλογίαν

271 3865 365 3932 τὴν
389 3863 693 3932 γενομένην
729 3862 813 3913 ἐπ’
845 3858 1013 3930 αὐτῷ.
1039 3864 1103 3912 ΑΙ
1134 3858 1365 3925 ,πλάκες
1392 3859 1450 3912 δὲ
1482 3857 1594 3926 τῆς
1640 3854 1850 3920 Διαθήτ-

273 3970 399 4019 κης,
437 3953 576 4005 διότι
599 3951 875 4018 κατέαξαν
905 3952 1005 4013 τὰς
1037 3949 1261 4020 πρώτας
1294 3950 1382 4002 διὰ
1424 3948 1525 4016 τῆς
1568 3947 1853 4000 εἰδωλολαν

272 4045 473 4116 τρξίας.
509 4045 777 4113 Ζητήσεις
811 4042 867 4108 ᾷὲ
888 4041 1010 4105 Πῶς
1035 4045 1093 4095 ὲν
1129 4042 1228 4111 μὲν
1262 4043 1381 4103 ταῖς
1412 4038 1722 4107 Βασιλείδης
1754 4038 1850 4116 γέ-

273 4153 534 4207 γραπται,
557 4138 641 4197 ὅτι
663 4137 766 4201 οὐκ
793 4131 861 4205 ἧν
895 4135 1024 4201 ἄλλο
1047 4151 1101 4188 τι
1127 4136 1186 4187 ὲν
1225 4136 1293 4204 τῇ
1323 4132 1559 4203 κιϐωτῷ,
1591 4134 1640 4185 εἰ
1681 4130 1756 4201 μὴ
1794 4132 1851 4184 αἱ

277 4228 504 4293 πλάκες,
535 4226 631 4287 νῦν
651 4228 708 4280 δὲ
734 4228 825 4289 καὶ
854 4228 955 4295 τὴν
987 4226 1224 4298 στάμνον
1255 4225 1423 4297 φησὶν
1450 4227 1478 4278 ό
1509 4222 1852 4286 Ἀπόστολος,

275 4322 366 4377 καὶ
406 4319 510 4391 τὴν
570 4318 766 4389 ῥάβδον
835 4319 1047 4390 Ἀαρὼν
1095 4320 1153 4371 ὲν
1199 4317 1376 4389 ταύτῃ
1432 4314 1852 4378 ἀποτεθεῖσθαι;

280 4411 436 4473 Ἴσως
465 4409 560 4475 οῦν
602 4408 703 4470 ᾃτε
747 4409 946 4481 ἄριστα
978 4406 1291 4470 παιδευθεὶς
1334 4407 1404 4459 τὰ
1448 4404 1715 4477 Ἐΰραῖκὰ
1747 4405 1853 4467 ὑπὸ

1951 3238 2068 3292 qua:
2100 3220 2433 3289 fronduerat,
2473 3229 2523 3274 et
2555 3221 2753 3275 tabula:
2788 3220 3126 3275 Testamenti.
3168 3220 3297 3276 Haec
3344 3223 3528 3279 omnia

1948 3310 2195 3366 Judaicae
2249 3309 2660 3380 ingratitudinis
2715 3321 2873 3366 erant
2932 3320 3307 3366 monumenta.
3378 3308 3527 3366 Urna

1952 3398 2173 3468 quidem
2212 3412 2334 3467 qua:
2369 3396 2565 3452 Manna
2593 3399 2926 3465 continebat,
2967 3415 3033 3455 eo
3064 3401 3234 3471 quod,
3261 3415 3387 3462 eum
3423 3402 3529 3456 isto
3629 3428 3631 3430 -

1952 3490 2075 3546 cibo
2103 3490 2300 3543 mirum
2337 3488 2392 3543 in
2429 3489 2650 3545 modum
2676 3491 2977 3558 alerentur,
3012 3492 3529 3558 obmurmurarunt,

1953 3589 2007 3637 et
2038 3592 2098 3637 ut
2138 3584 2191 3637 in
2239 3592 2489 3653 posteros
2520 3584 2687 3655 708
2721 3584 2986 3639 memoria
3016 3584 3113 3639 Dei
3145 3585 3524 3655 benignitatis,

1953 3679 2008 3727 ct
2068 3673 2287 3728 illorum
2342 3673 2752 3727 armarulentia:
2808 3674 3297 3728 transmitteretur.
3365 3673 3532 3743 Virga

1955 3773 2138 3824 autem
2172 3763 2409 3819 Aaronis
2436 3804 2449 3829 ,
2480 3773 2703 3834 propter
2738 3764 3234 3819 contradictionem
3264 3747 3533 3821 adt-orsus

1956 3856 2108 3915 illum
2141 3857 2458 3911 excitatam.
2504 3855 2726 3911 Tabula:
2745 3871 2874 3911 vero
2905 3858 3222 3924 testamenti,
3260 3859 3385 3927 quia
3421 3858 3534 3927 pri-

1957 3960 2078 4001 mas
2097 3945 2483 4015 confregerant
2512 3959 2609 4015 per
2636 3944 3023 4000 idololatriam.
3050 3945 3273 4010 Quaeras
3297 3953 3477 3999 autem
3512 3961 3529 4001 :

1958 4036 2063 4103 Qui
2091 4052 2226 4107 ergo
2257 4037 2310 4090 in
2348 4036 2506 4091 libris
2561 4036 2767 4106 [legum
2802 4036 3068 4105 scriptum
3099 4038 3190 4101 sit,
3232 4034 3378 4105 quod
3421 4050 3532 4090 non

1957 4138 2077 4183 erat
2115 4128 2264 4183 aliud
2312 4128 2572 4199 quiddam
2609 4130 2662 4183 in
2700 4145 2830 4184 arca
2860 4140 3057 4200 prmter
3088 4131 3303 4186 tabulas
3335 4148 3352 4195 ;
3385 4147 3534 4186 nunc

1958 4232 2089 4272 vero
2122 4229 2176 4273 et
2205 4233 2398 4272 urnam
2450 4219 2765 4288 Apostolus,
2811 4228 2865 4275 et
2906 4223 3111 4292 virgam
3164 4221 3397 4277 Aarouis
3445 4223 3534 4278 hic

1958 4307 2254 4378 repositam
2289 4308 2532 4363 asserit?
2562 4308 2851 4378 Fortassis,
2877 4318 3064 4381 utpote
3090 4312 3183 4383 qui
3216 4314 3418 4382 optime
3447 4313 3537 4367 in-

1960 4403 2187 4456 stitutus
2208 4412 2327 4455 erat
2358 4402 2412 4456 in
2447 4404 2614 4458 rebus
2640 4402 2889 4460 Judaicis
2916 4420 2946 4460 a
2976 4405 3291 4471 Gamaliele,
3323 4424 3387 4462 ex
3419 4416 3535 4461 tra-

276 4502 364 4555 τοῦ
402 4502 713 4579 Γαμαλιὴλ,
745 4503 809 4554 ὲκ
843 4502 1197 4573 παραδόσεως
1244 4500 1310 4553 ἂν
1349 4495 1460 4569 εἷχε
1493 4497 1651 4557 τοῦτο
1672 4514 1688 4529 ο
1725 4498 1845 4551 επεὶ

1956 4491 2165 4547 ditione
2214 4491 2318 4546 ltoe
2363 4492 2640 4547 habebat:
2691 4495 3131 4565 quandoquidem
3173 4512 3319 4553 nunc
3370 4498 3536 4553 etiam

279 4594 369 4647 καὶ
398 4593 495 4646 νῦν
524 4594 576 4646 oi
598 4590 1059 4665 Φαρισαιάςοντες
1079 4591 1188 4655 τῶν
1222 4588 1489 4660 Ἐϐραίων
1516 4587 1850 4642 συντίθενται

279 4683 431 4736 τοῦτο
482 4683 659 4745 οὕτως
712 4683 879 4753 ἔχειν.
910 4681 1055 4751 Πλὴν
1109 4682 1209 4741 οὐκ
1270 4680 1332 4745 ἐξ
1380 4680 1577 4749 ἀρχῆς,
1610 4679 1725 4733 ἀλλ’
1762 4680 1850 4743 ὅτε

284 4776 469 4846 ἔμελλε
532 4776 807 4852 κρυϐῆναι
864 4778 896 4846 ἡ
946 4775 1194 4837 Κιϐωτὸς
1237 4776 1332 4841 ἐπὶ
1388 4774 1687 4843 Ἱερεμίου,
1723 4771 1853 4834 ἴσως

288 4869 626 4941 ἁπετέθησαν
662 4870 751 4935 ἂν,
786 4870 944 4937 φασὶ,
969 4866 1261 4929 καὶταῦτα
1289 4867 1349 4919 ὲν
1378 4866 1539 4937 αὐτῇ.

363 5047 673 5115 ’Υπεράνω
702 5047 771 5100 δὲ
803 5045 1015 5114 αὐτῆς.
1042 5045 1321 5113 Τουτὲστι,
1350 5045 1442 5115 τῆς
1477 5043 1734 5107 κιϐωτοῦ.

351 5138 647 5209 Χερουϐὶμ
676 5136 884 5205 δόξης.
917 5138 987 5190 Ἢ
1028 5137 1095 5191 τὰ
1129 5136 1390 5207 ἐνδοξα,ἥ
1418 5135 1488 5190 τὰ
1511 5135 1863 5207 λειτουργικὰ

288 5228 374 5282 τοῦ
396 5228 557 5290 Θεοῦ,
586 5230 681 5281 καὶ
715 5229 851 5302 πρὸς
878 5228 1036 5293 δόξαν
1060 5227 1225 5281 αὑτοῦ
1254 5228 1402 5281 ὄντα.
1434 5227 1620 5280 Ταῦτα
1650 5227 1708 5289 δὲ
1743 5228 1863 5278 ἐπί-

289 5321 437 5390 τηδες
492 5322 752 5397 ἐπαίρει,
807 5321 897 5375 ἵνα
949 5320 1097 5390 δείξῃ
1154 5320 1377 5393 μείζονα
1430 5320 1559 5382 ὅντα
1613 5321 1684 5374 τὰ
1739 5319 1861 5379 καθ’

292 5411 453 5479 ἡμᾶς.

353 5501 836 5574 Κατωκιὰζοντα
857 5502 920 5555 τὸ
949 5504 1321 5571 ἱλαστήριον.
1351 5502 1728 5569 Ἱλαστήριον
1755 5503 1852 5556 ἐλέ-

1957 4581 2203 4649 Hebraei,
2236 4583 2329 4652 qui
2384 4582 2690 4640 Pharisaeos
2727 4595 3028 4654 sectantur,
3052 4587 3199 4642 istud
3225 4589 3299 4643 ita
3331 4604 3390 4644 se
3445 4589 3543 4642 lta‘

1961 4675 2088 4733 bere
2165 4676 2560 4731 assentiuntur.
2628 4676 3015 4735 Verumtamen
3044 4686 3175 4737 non‘
3213 4683 3282 4737 ab
3345 4682 3537 4748 initio;

1960 4768 2056 4823 sed
2110 4768 2330 4838 quando
2374 4784 2500 4823 arca
2543 4772 2879 4840 temporibus
2905 4773 3154 4830 Ieremia:
3214 4776 3538 4830 occultanda

1963 4869 2101 4925 crat,
2155 4858 2363 4927 forsan,
2418 4860 2695 4930 inquiunt,
2745 4871 2799 4917 et
2851 4864 2967 4919 hanc
3016 4876 3126 4919 tum
3178 4865 3253 4920 ibi
3299 4867 3539 4937 reposita

1965 4961 2141 5006 erant.

2042 5044 2208 5100 Vens.
2242 5045 2296 5100 5.
2333 5044 2508 5113 Supra
2533 5049 2701 5116 ipsam
2730 5049 2925 5103 autem.
2953 5048 3236 5115 Videlicet,
3263 5065 3467 5106 arcam.

2039 5136 2318 5193 Clterubim
2361 5139 2569 5209 gloriae.
2605 5138 2700 5194 Vel
2744 5142 2889 5211 quod
2929 5142 3162 5198 celebria
3202 5151 3406 5207 essent,
3457 5142 3541 5193 rel

1968 5231 2112 5298 quod
2168 5231 2550 5286 ministrarent
2600 5231 2731 5298 lleo,
2766 5241 2821 5288 et
2852 5233 2919 5288 ad
2961 5234 3187 5305 gloriam
3226 5232 3348 5302 ejus
3371 5230 3542 5301 perti-

1972 5330 2183 5375 nerent.
2230 5322 2357 5377 Haec
2413 5331 2596 5379 autem
2653 5325 2906 5380 consulto
2959 5324 3171 5380 extollit
3213 5337 3323 5393 quo
3358 5329 3542 5387 nostra

1970 5412 2226 5465 ostendat
2254 5428 2375 5469 esse
2411 5415 2638 5485 majora.

2044 5501 2433 5559 Obnmbrantia
2456 5507 2905 5584 propitiatorium.
2939 5504 3378 5573 Propitiatorium
3397 5502 3547 5562 dico:-

1626 5683 1829 5744 Varia)
1862 5682 2186 5749 lectioni-5.

388 5780 431 5815 "
458 5782 589 5837 ἔνθα
619 5784 669 5835 oi
697 5785 862 5853 ἱερεῖς
889 5785 1210 5856 ἑστήκεισαν
1249 5805 1302 5843 ο.

530 5877 808 5945 Pauca.
836 5878 951 5939 Gn.
991 5882 1234 5953 CXXV.

1397 5792 1437 5822 "
1463 5788 1713 5857 δεύτερον
1738 5803 1792 5840 υ·

3115 5886 3189 5963 10
