4014 6208
460 394 567 457 999

1345 393 1931 456 THEOPHYLACTI
1965 397 2379 461 BUI.GARL‘E
2412 402 2772 461 ARClIlEP.

3605 396 3714 459 330

458 512 618 564 batur
651 506 966 577 operculum
999 517 1140 559 arcte
1166 544 1181 569 ,
1219 512 1280 558 ut
1315 520 1378 559 ex
1418 508 1536 575 ipsa
1578 507 1860 578 Scriptura
1907 525 2026 563 exa-

2145 528 2272 579 γετο
2310 513 2370 567 τὸ
2402 514 2570 583 πῶμα
2599 516 2697 584 τῆς
2745 510 3000 576 κιϐωτοῦ,
3034 511 3108 573 ὡς
3136 511 3198 563 ἐκ
3232 509 3330 577 τῆς
3364 507 3585 581 Γραφῆς
3617 511 3719 562 αὑ·-

455 599 598 652 i-tius
627 599 980 655 disces.ctne
998 594 1362 664 quorumdam
1388 597 1734 652 sermonibus
1750 598 2032 667 deceptus,

455 690 600 745 aliud
666 687 955 757 quiddam'
994 702 1116 742 csse
1186 696 1368 756 putes.
1440 688 1796 760 Signilicabat
1855 702 2033 744 autem

454 783 758 839 Christum,
795 778 886 848 qui
937 778 1258 848 pmpitiatio
1311 779 1488 834 lactus
1538 790 1622 834 est
1666 796 1766 850 pro
1798 784 2036 850 peccatis

454 874 676 928 nostris.
713 870 1032 939 Obsignavit
1057 880 1240 925 autem
1273 872 1457 925 omnia
1492 887 1614 942 quae
1643 883 1800 927 erant
1836 874 1889 927 iu
1931 871 2035 927 Ve-

454 966 557 1019 teri
592 960 964 1028 Testamento,
999 970 1164 1032 atque
1200 966 1584 1018 communivit.

526 1054 601 1108 lle
621 1052 810 1124 quibus
831 1069 933 1106 non
957 1064 1034 1106 est
1068 1058 1221 1108 modo
1242 1056 1525 1108 dicendum
1552 1071 1644 1123 per
1677 1055 1910 1124 singula.
1941 1055 2034 1108 In-

454 1140 599 1193 dicat
626 1143 713 1195 hic
742 1157 850 1194 non
886 1140 1057 1197 fuisse
1080 1146 1196 1197 sola
1235 1144 1349 1196 tunc
1375 1159 1497 1212 quae
1527 1155 1909 1206 cernerentur.
1938 1147 2033 1201 sed

454 1233 742 1302 aenigmata
801 1234 1045 1304 quaedam
1113 1233 1306 1295 fuisse,
1373 1244 1604 1304 quorum
1662 1239 2035 1293 consideratio

452 1337 504 1379 (ι
527 1326 820 1393 explicatio
859 1326 1089 1393 longiori
1124 1326 1386 1395 temporis
1418 1327 1599 1396 spatio
1627 1328 1888 1400 indigent.

529 1417 696 1473 Vnus.
732 1418 785 1472 6.
823 1417 923 1471 His
956 1434 1072 1472 vero
1112 1418 1190 1472 ita
1214 1420 1541 1486 compositis,
1568 1420 1623 1472 in
1658 1421 1890 1488 primum
1919 1420 2035 1489 qui-

453 1514 568 1566 dem
622 1511 1024 1565 tabernaculum
1083 1527 1285 1580 semper
1325 1510 1698 1579 ingrediuntur
1736 1514 2032 1567 sacerdotes

453 1608 820 1674 sacriﬁcarunt
853 1605 1019 1673 oﬂicia
1051 1613 1499 1658 ronsummantes.
1530 1604 1657 1659 Haec
1690 1607 1925 1674 {quidem
1958 1608 2033 1660 ita

450 1706 630 1761 erant,
656 1696 832 1765 inquit
860 1712 874 1748 :
908 1701 962 1748 at
997 1708 1126 1747 vero
1158 1691 1332 1748 Judaei
1373 1693 1494 1748 istis
1528 1708 1637 1747 non
1678 1694 2032 1761 fruebantur,

452 1790 657 1859 quippe
705 1786 851 1856 quod
902 1787 1152 1840 velamen
1209 1799 1306 1840 eos
1355 1786 1676 1855 dispescuit.
1696 1785 1863 1842 Nobis
1884 1789 2030 1843 enim

453 1883 561 1937 ista
594 1881 980 1944 servabantur,
1021 1878 1228 1947 quibus
1252 1878 1711 1948 praedicebantur.

526 1976 694 2029 Vens.
721 1975 770 2027 7.
809 1971 870 2026 In
911 1970 1199 2026 secundum
1234 1979 1411 2024 autem
1434 1970 1594 2024 seruet
1627 1971 1681 2023 in
1718 1984 1856 2025 anno
1883 1971 2029 2027 solus

451 2068 711 2138 pontifex.
762 2064 1035 2118 Observas
1097 2061 1302 2132 ﬁguras
1362 2061 1473 2131 jam
1530 2062 2032 2131 praecessisse?Ne

451 2161 597 2216 enim
638 2158 843 2221 dicant,
877 2155 1059 2212 Semel
1115 2163 1326 2209 tantum
1378 2168 1475 2223 per
1523 2153 1800 2209 Christum
1848 2156 2029 2210 oblata

454 2260 541 2307 est
576 2250 780 2312 hostia,
819 2255 875 2303 et
904 2246 1182 2318 quomodo
1210 2260 1403 2301 omnes
1438 2245 1797 2300 sanctiﬁcavit
1825 2247 1848 2300 ?
1875 2262 2031 2301 coma-

453 2349 729 2398 monstrat
753 2342 856 2393 hoc
894 2348 1052 2393 antea
1080 2336 1272 2401 fuisse,
1302 2336 1743 2407 quandoquidem
1789 2339 2031 2392 sanctior

453 2443 573 2491 erat
599 2430 882 2503 magisque
910 2428 1217 2492 tremenda,
1237 2440 1358 2498 quae
1384 2428 1439 2484 in
1474 2427 1655 2484 Veteri
1681 2427 2030 2485 Testamento

451 2523 622 2582 semel
650 2538 679 2575 a
714 2520 977 2591 pontiﬁce
1007 2519 1192 2574 oblata
1220 2527 1357 2573 erat.

525 2614 650 2669 Non
682 2615 798 2668 sine
835 2611 1113 2679 reliquiae.
1148 2608 1287 2676 Quia
1321 2610 1552 2665 boatiam
1583 2612 1876 2680 appellavit
1904 2618 2031 2666 crn-

447 2720 589 2771 cem,
630 2718 806 2774 neque
856 2703 1037 2772 ignem
1075 2702 1391 2766 habentem,
1418 2717 1593 2771 neque
1635 2702 1800 2771 ligna,
1851 2717 2030 2773 neque

450 2797 653 2867 Saepius
711 2794 997 2858 oblatam,
1042 2791 1286 2846 ostendit
1345 2792 1679 2847 sacriﬁcium
1740 2794 2026 2862 antiquum

448 2887 762 2958 lmjusmodi
791 2885 962 2940 fuisse
1003 2901 1018 2936 :
1053 2884 1225 2938 semel
1256 2884 1401 2939 enim
1445 2885 1500 2940 in
1545 2884 1815 2954 sanguine
1843 2884 2029 2940 olfcre-

449 2983 634 3033 liatur.
675 2976 1058 3044 Qumsiveruut
1109 2982 1292 3029 autem
1344 2976 1622 3037 nonnulli,
1661 2975 1934 3043 quomodo
1974 2977 2027 3029 in

448 3070 637 3123 Evodu
664 3069 927 3136 scriptum
990 3070 1063 3122 sit
1095 3086 1108 3119 :
1151 3065 1335 3119 Faciet
1366 3066 1595 3133 sit/iitum
1626 3080 1781 3131 super
1807 3082 2027 3120 aureum

2137 607 2237 675 τῆς
2276 605 2502 676 μαθήσῃ
2547 605 2966 675 ἀκριϐέστερον,
2995 603 3087 655 καὶ
3128 601 3202 670 μὴ
3258 600 3563 669 ἀπατηθείς
3608 603 3720 663 τοῖς

2137 714 2298 749 τινων
2338 696 2539 766 λόγοις,
2572 696 2703 750 ἄλλο
2734 713 2786 747 τι
2842 695 3041 765 νοήσῃς
3084 693 3240 745 τοῦτο
3283 687 3442 744 εἶναι.
3496 691 3718 758 Ίίδήὶου

2140 788 2325 856 μέντοι
2358 788 2616 858 Χριστὸν,
2646 788 2701 845 ὃς
2740 786 2967 855 itacui);
3003 788 3102 853 μὲν
3134 784 3348 851 ἐγένετο
3376 782 3483 833 τῶν
3516 784 3716 852 ἡμετέ-

2141 898 2249 950 ρων
2300 880 2608 949 ἁμαρτιῶν.
2669 879 3077 949 Ἐπεσφράγισε
3107 876 3165 930 δὲ
3206 874 3383 928 πάντα
3425 876 3494 926 τὰ
3543 876 3601 927 ἐν
3648 878 3714 946 τῇ

2139 972 2372 1043 Παλαιᾷ,
2415 973 2511 1025 καὶ
2541 971 2975 1040 ἐπησιξαλέσατο.

2207 1064 2345 1132 Περὶ
2378 1059 2467 1117 ὧν
2491 1065 2601 1117 οὐκ
2631 1064 2761 1117 ἔστι
2789 1062 2905 1115 νῦν
2935 1062 3137 1130 λέγειν
3171 1060 3318 1113 κατὰ
3342 1057 3543 1127 μέρος,
3588 1059 3719 1126 Ἐμ-

2136 1158 2316 1226 ςαίνει
2349 1156 2606 1220 ἐνταῦθα,
2632 1156 2714 1208 ὅτι
2748 1155 2809 1207 οῦ
2854 1153 3028 1206 ταῦτα
3059 1148 3129 1224 ἦν
3162 1153 3299 1222 μόνα
3341 1150 3411 1203 τὰ
3439 1149 3716 1221 ὁρώμενα,

2136 1249 2250 1303 ἀλλ’
2283 1248 2585 1318 αἰνίγματά
2609 1265 2733 1318 τινα
2760 1239 2850 1315 ἦν,
2878 1243 2915 1297 ἃ
2940 1245 3000 1296 τὸ
3023 1243 3252 1313 θεωρεῖν
3281 1244 3375 1296 καὶ
3400 1240 3719 1311 ἐξηγεῖσθαι

2139 1316 2480 1410 μακροτέρου
2511 1316 2687 1390 δεῖταί
2714 1337 2931 1406 χρόνου.

2212 1433 2441 1485 Τούτων
2467 1431 2535 1483 δὲ
2564 1430 2716 1484 οὕτω
2742 1424 3338 1494 κατεσκευασμένων,
3356 1426 3443 1487 εὶς
3461 1422 3572 1491 μὲν
3600 1423 3719 1488 τὴν

2135 1518 2376 1587 πρώτην
2406 1522 2651 1585 σκηνὴν
2669 1517 2999 1581 διαπαντὸς
3029 1518 3296 1569 εἰσίασιν
3324 1517 3379 1567 οἱ
3405 1513 3577 1581 ἱερεῖς
3607 1512 3717 1581 τὰς

2134 1613 2417 1678 ,λατρείας
2442 1609 2884 1676 ἐπιτελοῦντες.
2917 1607 3027 1661 Ἦν
3064 1607 3185 1676 μὲν,
3210 1607 3366 1675 φησὶ,
3392 1605 3591 1659 ταῦτα·
3614 1607 3718 1661 οὐκ

2134 1701 2418 1771 ἁπήλαυον
2450 1702 2491 1732 ’⁸
2516 1699 2573 1754 δὲ
2624 1700 2832 1753 τούτων
2885 1700 2934 1752 οἱ
2972 1697 3239 1759 Ἰουδαῖοι,
3268 1696 3364 1750 ἆτε
3402 1696 3496 1749 τοῦ
3542 1713 3717 1749 κατα-

2135 1791 2486 1861 πετάσματος
2517 1788 2850 1861 διείργοντος
2875 1788 3096 1852 αὐτούς.
3141 1787 3300 1858 Ἦμίν
3332 1787 3442 1859 γὰρ
3466 1789 3714 1858 ἐτηρεῖτο

2133 1882 2327 1945 ταῦτα,
2355 1879 2436 1946 οἷς
2464 1881 2892 1952 προεφητεύετο.

2204 1976 2309 2039 Εἰς
2332 1972 2402 2027 δὲ
2430 1974 2546 2042 τὴν
2569 1973 2860 2038 δευτέραν
2886 1973 3049 2039 ἅπαξ
3083 1974 3190 2028 τοῦ
3217 1973 3501 2027 ἐνιαυτοῦ
3527 1974 3709 2042 μόνος

2132 2066 2166 2117 ὁ
2215 2064 2552 2135 ἀρχιερεύς.
2601 2067 2768 2136 Ὀρᾷς
2819 2065 2921 2136 ήδη
2958 2065 3084 2128 τοὺς
3119 2063 3326 2127 τύπους
3370 2064 3710 2134 προκαταΰε-

2132 2156 2471 2227 ϐλημένουςς
2504 2158 2620 2212 Ἵνα
2668 2158 2779 2227 γὰρ
2822 2158 2896 2227 μὴ
2931 2157 3185 2225 λέγωσιν,
3207 2156 3390 2222 Ἀπαξ
3431 2158 3647 2225 ἐγένετο
3679 2158 3713 2226 ἡ

2133 2247 2279 2301 κατὰ
2312 2248 2550 2318 Χριστὸν
2578 2249 2759 2311 θυσία,
2790 2249 2885 2301 καὶ
2930 2247 3046 2311 πῶς
3074 2247 3281 2311 πάντας
3321 2248 3515 2316 ήγίασε
3556 2265 3570 2312 ;
3609 2247 3717 2301 δεί-

2135 2355 2327 2391 κνυσιν
2354 2337 2486 2392 αὑτὸ
2508 2336 2718 2393 ἄνωθεν
2743 2337 2824 2403 ὂν,
2854 2339 2965 2406 είγε
2995 2338 3269 2409 ἀγιωτέρα
3287 2333 3352 2408 ἦν
3377 2339 3469 2391 καὶ
3488 2340 3718 2407 φρικτὶτ,

2131 2428 2166 2488 ἡ
2196 2428 2343 2495 ἅπαξ
2375 2427 2795 2499 προσφερομένη
2837 2428 2933 2480 καὶ
2987 2427 3049 2481 ὲν.
3093 2429 3162 2498 τῇ
3214 2425 3426 2497 Παλαιᾷ
3476 2425 3585 2479 ὑπὸ
3618 2425 3716 2478 τοῦ

2132 2522 2460 2592 ἀρχιερέως.

2207 2614 2290 2666 Οὐ
2333 2611 2510 2679 χωρὶς
2542 2609 3086 2679 αἳματος.“Ἐπειὸη
3119 2608 3310 2662 θυσίαν
3351 2606 3578 2662 ἐκάλεσε
3621 2607 3720 2660 τὸν

2133 2704 2391 2774 σταυρὸν,
2412 2702 2537 2756 οὔτε
2566 2703 2677 2774 πῦρ
2708 2703 2921 2773 ἔχοντα,
2948 2700 3072 2753 οὕτε
3110 2699 3265 2765 ξύλα,
3294 2696 3417 2752 οὔτε
3449 2698 3715 2761 πολλάκις

2133 2795 2603 2866 προσφερόμενον,
2644 2793 2918 2846 δείκνυσιν
2953 2794 3038 2846 ὃτι
3087 2793 3183 2846 καὶ
3217 2792 3249 2860 ἡ
3297 2789 3502 2844 παλαιὰ
3548 2788 3714 2842 θυσία

2130 2887 2354 2957 τοιαύτη
2412 2882 2480 2958 ἦν
2513 2906 2525 2919 -
2580 2885 2728 2951 ἅπαξ
2788 2885 2897 2955 γὰρ
2964 2885 3340 2956 προσεφέρετο
3391 2883 3448 2935 ἐν
3497 2881 3711 2950 αἵματι.

2144 2977 2450 3047 Ἐζήτησαν
2491 2979 2549 3031 δέ
2588 2994 2756 3040 τινες,
2790 2976 2908 3040 πῶς
2960 2977 3018 3029 ὲν
3057 2976 3154 3045 μὲν
3184 2977 3252 3045 τῇ
3292 2970 3484 3043 metu?
3509 2972 3714 3041 γέγρα-

2130 3081 2296 3118 πται·
2326 3065 2448 3119 Ὀτι
2485 3064 2763 3134 θυμιάσει
2803 3063 2901 3117 ἐπὶ
2944 3062 3051 3117 τοῦ
3094 3061 3329 3132 χρυσοῦ
3375 3063 3710 3127 θυσιαστη·

448 3161 653 3219 altare,
697 3159 840 3226 quod
875 3156 1040 3227 709
1072 3156 1323 3210 videlicet
1358 3155 1411 3207 in
1450 3154 1670 3209 Sanetis
1709 3165 2024 3210 sanctorum

2137 3158 2267 3222 ρίου
2295 3157 2362 3222 ³⁷,
2411 3156 2439 3208 ὃ
2489 3156 2693 3227 δηλαδὴ
2746 3157 2805 3208 ὲν
2844 3158 2956 3216 τοῖς
2990 3154 3197 3221 Ἀγίοις
3243 3152 3352 3206 τῶν
3396 3152 3566 3220 ἁγίων
3615 3146 3707 3222 ἦν,

449 3260 590 3312 erat,
618 3247 830 3314 Aaron,
871 3260 937 3300 ea:
980 3247 1193 3299 incenso
1225 3243 1568 3312 confectianis
1600 3243 1812 3299 subtilis
1837 3260 2028 3300 ntane:

448 3357 604 3396 nume
646 3341 859 3409 quando
886 3338 1223 3405 apparaverit
1262 3337 1507 3391 lucernas
1531 3377 1547 3402 ,
1609 3337 1770 3407 faciet
1799 3336 2028 3408 summm

364 3455 367 3458 ν
450 3448 606 3500 super
635 3434 748 3499 ipso
779 3446 798 3485 :
836 3440 885 3484 et
919 3429 1132 3499 quando
1161 3428 1457 3482 accenderit
1486 3433 1664 3483 Aaron
1688 3429 1931 3484 lucernas
1960 3432 2029 3484 ad

450 3538 740 3591 uesperam,
800 3531 913 3574 uret
950 3519 1242 3590 thymiama
1281 3519 1657 3587 senzpiternum
1689 3520 1754 3572 ³⁷.
1793 3520 2029 3575 Proinde

447 3614 691 3682 quolibet
719 3611 808 3666 die
836 3611 922 3665 bis
956 3609 1391 3679 ingrediebantur,
1439 3610 1697 3678 inquiunt
1720 3650 1736 3675 ,
1784 3613 2025 3682 pontifex

447 3705 503 3759 in
539 3703 737 3757 Sancta
772 3711 1115 3765 sanctorum,
1167 3708 1226 3754 ut
1264 3700 1471 3755 laceret
1520 3700 1758 3755 sullitum
1787 3702 1877 3757 ubi
1907 3712 2026 3758 erat

445 3809 674 3848 aureum
699 3795 890 3847 altare.
926 3790 1212 3857 Quomodo
1250 3790 1415 3861 igitur
1441 3793 1738 3860 ApostOius
1769 3793 1857 3848 hic
1894 3793 2028 3850 dicit

446 3884 616 3941 semel
680 3885 737 3938 in
796 3898 940 3938 anno
982 3880 1348 3953 ingressum?
1392 3879 1620 3936 Diluunt
1660 3893 1842 3938 autem
1901 3886 2023 3952 hoc,

443 3991 637 4045 nempe
663 3975 806 4045 quod
838 3989 963 4029 cum
1000 3973 1268 4043 sanguine
1313 3975 1612 4043 quotannis
1646 3977 1812 4030 semel
1848 3976 2028 4046 ingre-

440 4067 664 4120 deretur
688 4083 704 4133 ;
727 4081 851 4120 cum
884 4065 1241 4136 thymiamate
1270 4079 1422 4130 vero,
1458 4065 1540 4119 bis
1574 4065 1630 4119 in
1657 4064 1767 4120 die.
1799 4064 2025 4123 Noveris

440 4166 622 4213 tamen
670 4159 815 4227 quod
876 4171 1163 4227 perperam
1210 4155 1533 4211 dubitarunt
1563 4165 1619 4211 et
1661 4158 1965 4214 inscienter
2000 4178 2014 4213 :

438 4263 551 4302 non
579 4249 724 4304 enim
755 4263 926 4303 aureo
953 4247 1235 4302 lliuribulo
1262 4248 1346 4303 bis
1374 4248 1428 4302 in
1462 4249 1551 4303 die
1575 4248 1817 4304 sumtum
1856 4251 2022 4305 facie-

439 4342 532 4395 bat
567 4341 772 4403 Aaron,
807 4338 905 4395 sed
932 4355 1097 4408 super
1134 4353 1303 4394 aureo
1335 4338 1493 4393 altari
1528 4357 1543 4394 :
1593 4340 1698 4396 hoc
1744 4352 1876 4396 vero
1909 4357 2018 4397 non

439 4442 558 4509 μηδι
589 4432 643 4484 in
674 4430 894 4486 Sanctis
926 4439 1270 4497 sanctorum,
1317 4445 1507 4485 verum
1541 4432 1595 4486 in
1630 4433 1809 4489 medio
1833 4436 2019 4489 taber-

2143 3246 2361 3315 Ἀαρὼν
2413 3249 2677 3317 θυμίαμα
2727 3250 3077 3311 συνθέσεως
3113 3243 3345 3311 λεπτῆς
3400 3243 3469 3298 τὸ
3519 3244 3670 3312 πρωϊ
3692 3258 3709 3273 ·

2132 3341 2282 3408 πρωῒ
2318 3340 2463 3393 ὅταν
2504 3338 2866 3408 ὲπισκευάἴῃ
2899 3339 3041 3405 τοὺς
3086 3339 3377 3407 λύχνους,
3434 3336 3714 3405 θυμιάσει

2130 3430 2227 3484 ἐπ’
2277 3431 2501 3485 αὐτοῦ’
2543 3432 2642 3484 καὶ
2685 3431 2833 3487 ὅταν
2870 3431 3029 3499 ἅπτῃ
3061 3434 3094 3485 ὁ
3136 3428 3351 3498 Ἀαρὼν
3414 3427 3557 3495 τοὺς
3602 3427 3719 3482 λύ-

2131 3539 2319 3591 χνους
2348 3522 2415 3576 τὸ
2454 3523 2590 3591 ὀψὲ,
2628 3522 2908 3592 θυμιάσει
2948 3525 3212 3592 θυμίαμα
3240 3520 3707 3590 ἐνδελεχισμοῦ·

2137 3614 2278 3667 ὥστε
2326 3615 2565 3684 ἑκάστην
2590 3615 2804 3685 ἡμέραν
2830 3613 2910 3677 δὶς
2936 3614 3132 3685 εἰσῄει,
3156 3615 3339 3683 φησὶν,
3363 3615 3390 3666 ὀ
3415 3613 3715 3683 ἀρχιερεὺς

2129 3704 2209 3767 είς
2233 3704 2304 3758 τὰ
2335 3705 2503 3772 ’Ἅγια
2531 3704 2639 3757 τῶν
2676 3705 2848 3773 ἁγίων
2887 3701 3189 3774 θυμιάσων,
3226 3698 3355 3755 ἔνθα
3391 3697 3458 3773 ἦν
3486 3702 3547 3755 τὸ
3569 3719 3710 3771 χρυ-

2130 3795 2257 3848 σοῦν
2283 3795 2689 3867 θυσιαστήριον.
2726 3795 2852 3858 Ηῶς
2889 3794 2982 3849 οῦν
3014 3794 3247 3848 ἐνταῦθα
3285 3793 3450 3862 φησὶν
3490 3795 3519 3846 ὁ
3548 3791 3713 3845 Ἀπό-

2129 3885 2336 3952 στολος,
2396 3887 2543 3952 ἅπαξ
2595 3885 2690 3939 τοῦ
2755 3883 3005 3938 ἐνιαυτοῦ
3054 3882 3243 3936 τοῦτον
3289 3881 3553 3948 είσιέναις
3598 3880 3712 3934 Καὶ

2130 3978 2466 4041 ὲπιλύονται,
2519 3978 2601 4030 ὅτι
2656 3978 2795 4048 μετὰ
2844 3976 3077 4045 αἵματος
3124 3974 3272 4040 ἅπαξ
3324 3973 3417 4027 τοῦ
3457 3970 3709 4026 ἐνιαυτοῦ

2128 4070 2305 4141 εἰσῄει
2327 4110 2342 4134 ,
2385 4070 2527 4140 μετὰ
2564 4069 2621 4123 δὲ
2654 4068 3006 4139 θυμιάματος
3035 4068 3120 4131 δὶς
3160 4067 3260 4137 τῆς
3296 4064 3527 4136 ἡμέρας.
3559 4061 3707 4133 Πλὴν

2129 4161 2238 4215 ἴσθι
2280 4162 2363 4215 ὅτι
2415 4161 2601 4224 κακῶς
2635 4160 2946 4231 ἠπόρησαν,
2982 4159 3077 4211 καὶ
3115 4156 3600 4226 ἀνεπιστημόνως·
3640 4154 3705 4207 οὗ

2125 4255 2236 4325 γὰρ
2264 4256 2357 4306 ἐπὶ
2396 4255 2491 4306 τοῦ
2543 4252 2744 4323 χρυσοῦ
2780 4251 3145 4323 θυμιατηρίου
3176 4248 3379 4318 ἐθυμία
3430 4249 3459 4301 ὁ
3492 4246 3707 4318 ’Δαρὼν

2122 4347 2205 4410 δὶς
2234 4346 2336 4416 τῆς
2364 4348 2601 4417 ἡμέρας,
2637 4345 2756 4398 ἀλλ’
2788 4345 2880 4396 ἐπὶ
2904 4344 2997 4397 τοῦ
3029 4342 3230 4413 χρυσοῦ
3273 4338 3662 4409 θυσιαστηρίου
3686 4354 3705 4369 ο

2123 4438 2283 4489 τοῦτο
2312 4437 2366 4488 δὲ
2396 4437 2496 4488 οῦκ
2534 4437 2592 4488 ὲν
2620 4438 2733 4497 τοῖς
2769 4433 2975 4503 Ἀγίοις
3003 4435 3114 4487 τῶν
3155 4432 3331 4502 ἁγίων
3367 4425 3457 4501 ἦν,
3490 4428 3608 4483 ἀλλ’
3645 4429 3708 4482 ὲν

443 4522 662 4585 naculo,
690 4523 746 4575 in
781 4536 891 4590 quo
917 4528 1075 4575 erant
1119 4520 1453 4575 candelabra
1479 4529 1533 4575 et
1579 4536 1806 4577 mensa:
1843 4538 2018 4593 quan-

2137 4527 2269 4597 μέσῃ
2299 4530 2364 4597 τῇ
2400 4528 2595 4596 σκηνῇ,
2631 4529 2690 4578 ὲν
2819 4527 2855 4597 ἢ
2887 4544 2945 4579 τε
2990 4525 3183 4596 λυχνία
3207 4524 3304 4577 καὶ
3351 4523 3387 4593 ἡ
3430 4520 3704 4592 τράπεζα.

446 4611 732 4680 doquidem
761 4627 885 4666 cum
905 4626 1073 4665 aureo
1104 4611 1383 4665 thuribulo
1409 4613 1578 4668 semel
1606 4614 2018 4685 ingrediebatur

442 4712 494 4756 ’n
520 4715 663 4755 anno
697 4702 749 4753 in
781 4701 981 4754 Sancta
1008 4708 1327 4756 sanctorum
1360 4703 1547 4757 :aliud
1583 4706 1729 4759 enim
1761 4707 2015 4761 tliuribu-

435 4793 573 4858 lum,
596 4792 745 4847 aliud
773 4795 946 4846 altare
961 4800 1098 4848 erat.
1118 4793 1359 4863 Apposui
1379 4804 1558 4850 autem
1590 4797 2013 4865 dubitationem,

434 4903 505 4943 ne
551 4888 642 4943 ille
674 4888 768 4956 qui
823 4888 928 4941 ista
985 4886 1196 4958 legerit,
1234 4887 1376 4942 hanc
1409 4889 1478 4942 ab
1521 4888 1644 4944 aliis
1677 4891 1925 4955 audiens,
1957 4892 2011 4946 in

436 4968 678 5035 errorem
720 4980 1039 5040 inducatur,
1063 4979 1388 5035 existimans
1416 4994 1536 5034 eam
1566 4995 1691 5034 esse
1723 4996 1939 5036 sanam.

509 5161 674 5226 Quem
733 5161 885 5229 o/fert
937 5174 1033 5227 pro
1082 5158 1275 5225 seipso,
1352 5168 1402 5213 et
1454 5160 1639 5228 populi
1667 5164 2009 5231 ignorautiis.

433 5251 673 5317 Rursus,
713 5269 809 5321 pro
864 5253 1057 5320 seipse,
1103 5251 1297 5318 inquit.
1352 5251 1593 5318 pontifex
1641 5255 1785 5308 enim
1823 5257 2011 5326 legalis

436 5361 532 5412 pro
566 5345 749 5414 seipso
779 5342 1061 5400 uﬂerebat.
1092 5339 1349 5394 Christus
1378 5351 1557 5394 autem
1612 5358 1718 5397 non
1781 5362 1879 5413 pro
1903 5351 2008 5402 sei.

437 5447 535 5500 ι’·-υ
578 5454 590 5488 :
629 5433 905 5504 quomodo
928 5434 1099 5495 cnim,
1133 5430 1225 5498 qui
1255 5442 1575 5500 segregatus
1606 5444 1726 5489 erat
1751 5450 1782 5489 a
1814 5450 2007 5506 νείκεα.

502 5597 549 5628 τ’
585 5597 753 5655 Exod.
787 5617 916 5667 xxx,
950 5603 1002 5665 7,
1034 5600 1089 5655 8.

2137 4620 2292 4675 Ἐπεὶ
2327 4617 2467 4687 μετὰ
2497 4634 2561 4686 γε
2592 4616 2686 4670 τοῦ
2728 4617 2933 4688 χρυσοῦ
2966 4616 3332 4687 θυμιατηρίου
3362 4612 3510 4677 ἅπαξ
3531 4612 3707 4683 εἰσῄει

2121 4709 2216 4762 τοῦ
2247 4706 2500 4762 ἐνιαυτοῦ
2551 4709 2633 4769 είς
2684 4706 2752 4758 τὰ
2803 4708 2969 4774 Ἀγια
3017 4705 3125 4757 τῶν
3159 4703 3351 4772 ἁγίων.
3380 4701 3545 4755 ’Άλλο
3589 4705 3708 4770 γὰρ

2123 4803 2510 4872 θυμιατήριον,
2546 4802 2638 4853 καὶ
2687 4799 2816 4852 ἄλλο
2843 4799 3251 4868 θυσιαστήριον.
3289 4792 3617 4866 Παρεθέμην
3645 4791 3705 4844 δὲ

2123 4896 2218 4947 καὶ
2252 4893 2350 4964 τὴν
2382 4892 2636 4961 ἀπορίαν,
2667 4891 2756 4944 ἵνα
2791 4892 2866 4961 μὴ
2911 4890 3041 4960 παρ’
3073 4888 3250 4943 ἄλλων
3283 4886 3527 4949 ἀκούσας
3563 4882 3701 4937 ταύ-

2124 5004 2244 5055 την,
2286 4988 2314 5036 ὁ
2353 4984 2747 5050 ἀναγινώσκων
2794 4983 2966 5036 ταῦτα
3013 4979 3285 5050 πλανηθῇ,
3324 4979 3481 5044 δόξας
3528 4977 3703 5046 αὐτὴν

2122 5077 2285 5144 ὑγιῶς
2317 5076 2479 5145 ἔχειν.

2197 5170 2258 5219 ‘0
2294 5168 2621 5237 προσφέρει
2661 5168 2812 5235 ὑπὲρ
2838 5167 3057 5220 ἑαυτοῦ
3093 5165 3190 5219 καί
3223 5163 3341 5218 τῶν
3391 5162 3496 5217 τοῦ
3538 5160 3701 5215 λαοῦ

2116 5259 2530 5328 ἀγνοημάτων.
2585 5260 2690 5311 Καὶ
2719 5260 2816 5312 πά)
2831 5277 2878 5311 ιν
2908 5259 2992 5322 τὸ,
3036 5257 3208 5327 ’Υπὲρ
3236 5254 3451 5309 ἑαυτοῦ.
3490 5255 3557 5307 ὐ
3599 5252 3702 5317 μὲν

2117 5349 2226 5418 γὰρ
2260 5350 2501 5417 νομικὸς,
2543 5352 2731 5419 φησιν,
2767 5349 3077 5420 ἀρχιερεὺς,
3114 5349 3254 5417 ὑπὲρ
3287 5343 3483 5400 ἑαυτοῦ
3525 5356 3701 5411 προσ-

2121 5442 2316 5511 έφερεν
2338 5455 2349 5467 ’
2377 5441 2404 5493 ὁ
2436 5440 2669 5509 Χριστὸς
2698 5440 2777 5507 δὲ,
2817 5442 2915 5510 οὐχ
2966 5440 3105 5511 ὑπὲρ
3158 5436 3375 5493 ἑαυτοῦ.
3411 5435 3535 5501 Πῶς
3566 5435 3700 5506 γὰρ,

1809 5695 2007 5757 γωνίαι
2052 5695 2382 5764 lectiones.

508 5783 548 5816 “
569 5784 842 5840 ἀπέλαῗον
882 5804 933 5843 o.
1013 5789 1053 5821 ¹⁷
1079 5788 1443 5859 θυμιατηρῖου
1475 5804 1531 5844 ο.
