4014 6208
333 343 445 407 3ὒ1

1048 348 1452 409 EXPOSITIU
1492 349 1571 407 IN
1613 348 1850 408 EPIST.
1890 278 1991 408 A13
2028 346 2417 407 “EBRJEOS.
2447 373 2510 384 -
2544 348 2705 410 CAP.
2747 350 2852 411 1X.

3484 350 3590 391 ’ξδ’Ῑο

3485 379 3590 414 ι)ϋᾶ

335 450 488 508 ὅστις
526 449 858 518 κεχώρισται
893 448 1002 502 τῶν
1037 451 1415 520 ἁμαρτωλῶνς
1451 453 1614 505 Ὥστε
1654 451 1912 522 πάμπολυ

2029 453 2277 509 toribus?
2310 452 2497 522 Itaque
2531 470 2785 525 magnum
2819 465 2902 510 est
2932 455 3233 510 disrriinen
3274 456 3415 512 inter
3448 459 3595 515 hunc

331 540 397 591 τὸ
426 539 686 608 διάφορον
716 538 908 592 τούτου
961 540 1098 611 πρὸς
1140 543 1371 597 ἐκεῖνον.
1406 542 1528 597 Τῶν
1556 544 1918 614 ἀγνοημάτων

328 631 390 682 δὲ
431 626 607 694 εἶπεν,
633 630 757 699 οὐχὶ
807 631 1241 700 ἁμαρτημάτων,
1277 634 1355 696 είς
1405 632 1575 687 πλείω
1618 635 1782 703 φόϐον
1817 637 1919 704 sp.-

334 719 552 772 ὁάλλων
584 721 678 772 καὶ
704 722 827 783 τοὺς
867 722 1036 775 πάλαι
1078 723 1384 786 Ἰουδαίους,
1422 726 1515 777 καὶ
1556 724 1785 788 πάντας,
1825 726 1920 778 καὶ

337 812 727 864 καταστὲλλων
770 813 831 864 τὸ
890 813 1167 883 φρόνημα.
1221 816 1282 866 Εἰ
1336 815 1444 885 γὰρ
1492 816 1585 869 καὶ
1649 814 1724 886 μὴ
1775 817 1917 869 ἑκὼν

330 907 618 976 ἥμαρτες,
697 903 812 958 ἀλλ’
876 905 1024 959 ἄκων
1092 905 1186 958 καὶ
1246 906 1555 976 ἀγνοήσας,
1623 908 1715 958 καὶ
1791 907 1917 960 τού-

329 1011 429 1047 του
486 994 663 1055 οῦίείς
739 996 858 1047 ἐστι
919 994 1177 1063 καθαρός.
1237 996 1392 1059 Τινὲς
1447 996 1502 1048 δὲ
1564 995 1773 1065 ἔφησαν
1834 998 1917 1050 ὅτι

331 1083 634 1137 κάντεῦθεν
682 1084 743 1136 τὸ
790 1083 1046 1154 διάφορον
1094 1085 1307 1148 δεικνὺς
1344 1086 1443 1154 τῆς
1502 1086 1641 1140 κατὰ
1681 1087 1916 1156 Χριστὸν

333 1177 529 1239 θυσίας
558 1176 657 1230 καὶ
686 1177 793 1229 τῶν
826 1177 1085 1245 νομικῶν,
1116 1177 1290 1240 οὕτως
1341 1174 1514 1232 εἶπεν.
1558 1180 1623 1232 Δί
1661 1179 1760 1248 μὲν
1808 1180 1916 1250 γὰρ

333 1269 565 1335 νομικαὶ
601 1269 668 1321 τὰ
713 1270 772 1319 ὲν
825 1268 1022 1339 ἀγνοίᾳ
1058 1268 1396 1339 συνεχώρουν
1428 1269 1913 1339 πλημμελήματα’

331 1363 366 1429 ἡ
402 1360 462 1413 δὲ
513 1359 608 1411 τοῦ
639 1359 897 1429 Χριστοῦ,
930 1361 1024 1413 καὶ
1071 1362 1133 1413 τὰ
1172 1362 1229 1415 ὲν
1282 1362 1486 1431 είδήσει
1537 1362 1913 1433 ἁμαρτήματα

330 1451 557 1519 ἀφίησι.

409 1539 592 1593 Τοῦτο
628 1540 965 1608 δηλοῦντος
1008 1543 1115 1596 τοῦ
1168 1545 1516 1611 Πνεύματος
1563 1544 1672 1599 τοῦ
1718 1545 1912 1615 ἁγίου,

327 1630 511 1699 μήπω
532 1632 985 1699 πεφανερῶσθαι
1020 1634 1135 1697 τὴν
1160 1633 1278 1686 τῶν
1298 1635 1484 1704 ἁγίων
1499 1635 1662 1699 ὁδὸν,
1691 1636 1778 1689 ἑτι
1806 1636 1916 1703 τῆς

331 1722 574 1791 ,πρώτης
603 1721 844 1790 σκηνῆς
865 1725 1133 1792 ἐχούσης
1161 1723 1405 1780 στάσιν.
1434 1728 1695 1797 ’Δρχεται
1728 1727 1915 1780 λοιπὸν

2021 554 2073 597 et
2112 543 2284 596 illum.
2318 541 2647 613 [gnat-antiis
2703 552 2881 600 autem
2915 545 3071 610 dixit,
3106 560 3213 600 non
3252 550 3505 617 peccatis,
3537 551 3591 604 in

2022 632 2281 701 majorem
2333 642 2537 689 metum
2589 635 2893 704 conjiciens
2923 644 2977 689 et
3006 648 3219 692 veteres
3267 637 3505 704 Judaeos,
3539 650 3595 694 et

2022 737 2235 788 omnes,
2278 740 2344 777 ac
2370 725 2735 793 comprimens
2781 726 3111 794 superbiam.
3166 726 3277 782 Etsi
3321 729 3464 783 enim
3497 746 3596 785 v0-

2022 812 2260 868 luntaric
2292 828 2401 867 non
2437 814 2699 883 peccasti,
2754 815 3014 885 ignorans
3039 825 3221 870 tamen
3270 818 3532 887 peccasti,
3561 834 3592 872 a

2020 920 2130 975 quo
2156 920 2315 960 nemo
2339 915 2424 960 est
2455 921 2646 975 purus.
2673 905 2903 971 Quidam
2922 915 3102 962 autem
3134 907 3392 962 dixerunt
3424 910 3594 978 quod,

2022 998 2150 1051 hinc
2191 999 2485 1053 discrimen
2514 999 2810 1053 ostendens
2837 1000 3093 1054 sacrilicii
3125 999 3329 1056 Christi
3376 1010 3429 1055 et.
3459 1002 3593 1071 legis

2021 1088 2385 1153 oblationum,
2407 1090 2485 1143 sic
2521 1088 2738 1141 dixerit.
2765 1088 2921 1158 Legis
2962 1089 3107 1143 enim
3140 1090 3471 1153 oblationes,
3504 1092 3598 1146 de-

2018 1174 2147 1229 licta
2174 1193 2239 1230 ex
2278 1178 2584 1247 ignorantia
2628 1179 2867 1234 admissa
2923 1180 3277 1234 remittebant
3325 1198 3340 1233 :
3392 1180 3592 1236 Christi

2019 1276 2198 1320 autem
2249 1269 2475 1333 oblatio,
2528 1280 2752 1340 peccata
2803 1271 2966 1325 etiam
3025 1272 3264 1326 scienter
3301 1272 3596 1328 commissa

2018 1357 2315 1411 condonaL

2088 1532 2252 1588 Vsus.
2286 1534 2336 1588 8.
2372 1538 2487 1597 Hoc
2509 1538 2840 1607 signiﬁcante
2868 1538 3070 1607 Spiritu
3114 1551 3320 1606 sancto,
3354 1542 3595 1597 nondum

2014 1628 2348 1693 propalatam
2380 1643 2491 1682 esse
2516 1640 2823 1688 sanctorum
2863 1633 3017 1694 viam,
3042 1634 3214 1701 primo
3246 1634 3593 1690 tabernaculo

2020 1713 2190 1767 adhuc
2222 1715 2439 1771 habente
2470 1728 2691 1777 statum.
2733 1719 2956 1780 Orditur
2978 1722 3238 1793 deinceps
3277 1726 3449 1796 magis
3484 1740 3597 1797 my-

329 1814 830 1885 ἀναγωγικώτερον
875 1819 1100 1887 θεωρεῖν
1134 1819 1203 1871 τὰ
1243 1822 1373 1889 περὶ
1402 1819 1513 1872 τῶν
1556 1818 1790 1888 σκηνῶν,
1821 1820 1915 1873 καί

2029 1806 2154 1859 sdec
2185 1809 2541 1878 contemplari
2569 1826 2632 1865 ea
2662 1827 2785 1881 quze
2819 1812 2887 1867 de
2913 1815 3280 1869 tabernaculis
3317 1816 3596 1877 dicuntur,

331 1925 521 1977 φησιν,
544 1911 626 1962 ὅτι
652 1909 873 1979 Ἐπειδὴ
896 1909 965 1961 τὰ
990 1910 1087 1978 μὲν
1123 1910 1291 1978 Ἀγια
1320 1910 1425 1964 τῶν
1456 1910 1624 1978 ἁγίων
1654 1910 1828 1966 ἄϐατα
1854 1908 1922 1983 ἦν

331 2004 449 2063 τοῖς
495 2000 678 2063 ἄλλοις
707 2000 966 2071 ἱερεῦσιν,
999 2000 1035 2054 δι
1078 2002 1251 2063 τύπος
1288 2004 1396 2054 εἰσὶ
1453 2002 1546 2055 τοῦ
1581 2004 1840 2072 ούρανοῦ·
1878 2005 1910 2073 ή

337 2092 525 2160 μέντοι
560 2092 755 2162 πρώτη
809 2097 1008 2161 σκηνὴ,
1053 2094 1349 2158 τουτέστιν,
1384 2094 1417 2161 ἡ
1458 2095 1595 2163 μετὰ
1631 2094 1692 2148 τὸ
1722 2095 1919 2159 ἔξωθεν

333 2183 725 2253 θυσιαστήριον
759 2183 824 2236 τὸ
858 2183 1095 2253 χαλκοῦν
1132 2183 1321 2253 πρώτη
1357 2184 1516 2246 εὐθὺς
1553 2185 1686 2240 οὖσα
1708 2229 1722 2251 ,
1766 2187 1919 2256 βάσι-

340 2292 440 2343 μος
465 2270 533 2344 ἦν
570 2274 754 2335 αὐτοῖς
783 2275 1099 2338 διαπαντὸς,
1131 2275 1400 2344 σύμϐολον
1441 2271 1578 2329 οὖσα
1624 2276 1724 2344 τῆς
1775 2277 1917 2330 κατὰ

334 2368 502 2435 νόμον
556 2365 840 2435 λατρείας,
886 2364 1146 2433 ἐδηλοῦτο
1182 2366 1549 2435 συμϐολικῶς,
1591 2366 1673 2418 ὅτι
1719 2366 1824 2429 ἕως
1855 2361 1917 2418 οὗ

336 2458 559 2511 ἶεταται
596 2457 630 2527 ἡ
665 2456 839 2526 σκηνὴ
870 2455 1033 2525 αῦτη,
1074 2458 1376 2521 τουτέστιν,
1418 2455 1525 2518 ἕως
1563 2448 1624 2507 οὗ
1664 2459 1858 2524 κρατεῖ
1889 2458 1916 2507 ὁ

334 2552 523 2615 νόμος,
572 2551 668 2603 καὶ
709 2550 765 2600 ai
813 2549 930 2601 κατ’
966 2548 1127 2600 αὑτὸν
1166 2549 1413 2618 λατρείαι
1473 2546 1777 2610 τελοῦνται,
1816 2547 1917 2601 οὐκ

334 2644 454 2695 ἐστι
488 2642 721 2712 βάσιμος
748 2641 783 2709 ἡ
805 2639 916 2692 τῶν
940 2639 1112 2706 ἁγίων
1136 2639 1274 2702 ὁδὸς,
1315 2637 1618 2699 τουτέστιν,
1647 2639 1681 2708 ἡ
1716 2638 1796 2699 εἰς
1824 2640 1917 2689 τὸν

332 2732 570 2800 οὐρανὸν
600 2729 827 2793 εἴσοδος,
860 2731 971 2790 τοῖς
999 2728 1098 2790 τὰς
1140 2727 1397 2790 τοιαύτας
1439 2726 1695 2796 λατρείας
1736 2727 1918 2777 ἐπιτε-

340 2824 535 2878 λοῦσιν
557 2839 573 2852 ’
607 2822 740 2876 ἀλλὰ
767 2823 978 2882 τούτοις
1012 2820 1110 2888 μὲν
1151 2820 1365 2889 ἀφανής
1403 2820 1540 2881 ἐστι,
1588 2818 1682 2870 καὶ
1711 2815 1915 2871 ἀποκέ-

340 2917 613 2977 κλεισται,
643 2912 786 2982 μόνῳ
801 2910 859 2963 δὲ
884 2910 963 2982 τῷ
990 2910 1071 2962 ἐνὶ
1101 2909 1284 2981 Ἀρχιε
1295 2912 1375 2979 ρεί
1392 2907 1610 2978 Χριστῷ
1630 2905 1913 2977 disciplan

341 3008 376 3075 ἡ
412 3005 529 3067 ὁδὸς
572 3003 734 3071 αὕτη.

414 3099 584 3161 "Hm;
641 3094 951 3163 παραϐολὴ
982 3097 1071 3161 εὶς
1118 3092 1224 3146 τὸν
1264 3092 1471 3159 καιρὸν
1516 3090 1624 3144 τὸν
1664 3090 1911 3155 ἐνεστη-

340 3192 488 3245 κότα
512 3230 528 3255 ,
566 3191 692 3243 καθ’
729 3189 800 3241 ὃν
862 3186 1021 3256 δῶρά
1052 3203 1116 3240 τε
1155 3185 1251 3240 καὶ
1312 3185 1514 3239 θυσίαι
1553 3183 1917 3252 προςφέρονο

342 3299 438 3334 ται
460 3322 477 3346 ,
520 3279 609 3348 μὴ
647 3278 979 3346 δυνάμεναι
1030 3277 1179 3329 κατὰ
1216 3275 1578 3341 συνείδησιν
1615 3272 1925 3327 τελειῶσαι

341 3372 451 3425 τὸν
478 3370 870 3438 λατρεύοντα.
900 3369 1080 3437 Ὅπερ
1117 3367 1397 3435 προεῖπον,
1422 3368 1598 3418 ἐκεῖνο
1631 3364 1727 3418 νῦν
1760 3381 1925 3434 φησιν

341 3465 374 3515 ὁ
410 3459 757 3523 Ἀπόστολος,
824 3460 905 3511 ὅτι
935 3460 969 3527 ὴ
1026 3456 1199 3525 σκηνὴ
1247 3455 1453 3523 ἐκείνη,
1499 3457 1555 3506 ἐν
1687 3454 1919 3506 διαπαν-

342 3557 431 3618 τὸς
483 3554 802 3622 εἰσήρχοντο
832 3550 884 3601 οἱ
947 3551 1140 3618 ἱερεῖς,
1181 3545 1463 3617 παραϐολὴ
1521 3541 1609 3616 ἦν,
1658 3544 1925 3604 τουτέστι.

348 3645 513 3707 τύπος
543 3645 638 3696 καὶ
670 3640 1012 3710 σκιαγραφία
1040 3638 1133 3690 τοῦ
1188 3637 1330 3689 κατὰ
1379 3636 1469 3687 τὸν
1515 3636 1679 3703 νόμον
1710 3635 1928 3700 ἐνεστη-

349 3736 505 3797 κότος
532 3732 756 3802 καιροῦ,
783 3731 877 3787 τοῦ
913 3732 1019 3801 πρὸ
1042 3730 1139 3797 τῆς
1170 3725 1410 3798 Χριστοῦ
1441 3723 1774 3795 παρουσίας
1807 3723 1929 3775 καθ’

347 3829 404 3881 ὃν
431 3828 626 3895 καιρὸν
666 3824 915 3877 τοιαῦται
960 3821 1142 3873 θυσίαι
1176 3819 1594 3888 προσφέρονται,
1625 3815 1720 3868 καὶ
1756 3813 1928 3877 οὕτως

346 3919 616 3981 ἀσθενεῖς,
649 3917 792 3969 ὥστε
826 3914 904 3985 μὴ
933 3912 1200 3965 δύνασθαι
1236 3909 1375 3963 κατὰ
1414 3908 1742 3974 συνείδησιν,
1775 3921 1930 3957 τουτο

353 4011 486 4071 ἐετι,
506 4011 653 4062 κατὰ
682 4012 773 4061 τὸν
797 4006 904 4059 ἔσω
931 4003 1238 4074 ἄνθρωπον,
1261 3997 1542 4053 τελειῶσαι
1575 4000 1699 4059 τοῦς
1727 3994 1928 4056 ταύτας

355 4103 791 4171 προσφέροντας.
850 4096 1127 4165 Σωμάτωί
1181 4092 1290 4159 γὰρ
1347 4086 1572 4156 ῥύπους,
1625 4088 1686 4138 οὑ
1740 4085 1928 4153 ψυχῶν

352 4191 627 4260 ἁμαρτίας
660 4186 972 4255 ἐκάθαιρον.
1010 4183 1082 4235 Ut)
1132 4181 1242 4256 γάρ
1293 4175 1560 4248 μοιχείαν,
1593 4175 1626 4246 ἢ
1681 4174 1858 4243 φόνον,
1892 4173 1926 4243 ἢ

354 4280 660 4351 ἱεροσυλίαν
691 4277 912 4345 ἀφιέναι
941 4274 1221 4346 ἠδύναντο.

419 4372 629 4425 Μόνον
659 4368 759 4421 ἐπὶ
785 4364 1059 4434 βρώμασι
1091 4361 1188 4415 καὶ
1216 4360 1465 4428 πόμασι,
1491 4356 1929 4424 καίοδιαερόροις

2025 1897 2245 1963 aitque:
2276 1897 2729 1971 Quandoquidem
2769 1902 2969 1959 Sancta
3003 1917 3316 1962 sanetorum
3354 1907 3599 1961 inacces-

2024 1988 2205 2043 sibilia
2238 2000 2392 2045 erant
2419 1993 2646 2061 reliquis
2680 1996 3084 2062 sacerdotibus,
3116 2012 3237 2067 qua:
3269 1996 3440 2068 ﬁgura
3471 2006 3599 2052 sunt

2024 2077 2145 2131 (διιεΙί
2173 2094 2188 2129 :
2224 2085 2279 2130 at
2304 2093 2430 2132 vero
2454 2081 2686 2149 primum
2718 2084 3151 2149 tabernaculum,
3182 2084 3287 2138 hoc
3309 2094 3413 2151 est,
3454 2085 3601 2154 quod

2024 2176 2143 2235 post
2167 2169 2492 2223 exteriorem
2521 2184 2713 2223 aeream
2736 2186 2886 2225 aram
2921 2171 3096 2241 primo
3123 2172 3307 2226 statim
3337 2187 3601 2228 occurre-

2022 2256 2133 2321 bat,
2161 2268 2420 2327 perpetuo
2444 2261 2578 2329 ipsis
2610 2262 2825 2330 quidem
2860 2263 3099 2332 patebat,
3150 2270 3340 2333 utpote
3374 2264 3597 2333 symbo-

2020 2345 2130 2397 lum
2159 2346 2341 2401 cultus
2378 2348 2585 2417 legalis,
2620 2351 2796 2419 typice
2825 2350 3191 2421 signiﬁcabat,
3224 2351 3368 2420 quod
3401 2367 3601 2421 quant-

2020 2437 2114 2491 diu
2143 2439 2475 2494 consisteret
2515 2441 2932 2497 tabernaculum
2962 2442 3087 2507 hoc,
3122 2443 3223 2496 hoc
3259 2451 3366 2509 est,
3397 2442 3604 2499 tantis-

2019 2544 2116 2597 per
2166 2532 2293 2585 dum
2327 2532 2409 2586 lex
2463 2531 2706 2596 ﬂoreret,
2754 2533 3253 2604 perﬁcerenturque
3293 2535 3597 2588 secundum

2018 2635 2138 2674 eam
2178 2621 2405 2677 culturae
2461 2631 2512 2676 et
2551 2638 2730 2688 saera,
2782 2624 2836 2677 in
2873 2624 3074 2679 Sancta
3122 2634 3438 2679 sanctorum
3490 2639 3599 2678 non

2020 2718 2227 2777 pateret
2257 2712 2461 2774 aditus,
2496 2720 2597 2766 hoc
2631 2721 2736 2778 est,
2792 2712 2846 2765 in
2877 2711 3078 2767 caelum
3126 2712 3431 2783 ingressus,
3472 2711 3597 2766 talia

2020 2812 2175 2852 sacra
2202 2798 2617 2868 perlicientibus
2647 2818 2661 2855 :
2710 2815 2898 2855 verum
2932 2817 3041 2855 non
3075 2804 3412 2871 conspicuus
3451 2810 3601 2857 esset

2020 2890 2196 2955 hisce,
2229 2893 2322 2946 sed
2352 2893 2634 2957 occlusus,
2666 2892 2766 2947 soli
2813 2900 2994 2947 autem
3037 2894 3126 2948 uni
3158 2894 3410 2949 Pontiﬂci
3438 2892 3601 2949 Chri-

2018 2990 2104 3035 sto
2133 2991 2411 3051 segregata
2441 2981 2544 3036 l’uit
2568 2983 2680 3038 haec
2709 2984 2815 3038 via.

2088 3072 2250 3146 110
2274 3071 2433 3128 Vsus.
2462 3073 2513 3127 9.
2533 3074 2663 3141 Qua:
2683 3085 2758 3129 est
2783 3075 3305 3144 parabolajemporis
3322 3076 3591 3140 instantis,

2026 3162 2078 3215 in
2100 3179 2200 3227 qua
2226 3180 2443 3217 munera
2486 3175 2532 3219 et
2565 3166 2751 3221 hostia:
2776 3169 3090 3235 o/I‘eruntur,
3116 3184 3232 3238 qua!
3262 3184 3364 3222 non
3384 3178 3604 3238 possunt

2018 3255 2178 3323 juxta
2196 3256 2569 3308 conscientiam
2589 3261 2879 3325 perfectum
2895 3259 3069 3326 facere
3093 3260 3418 3313 servientem.
3447 3259 3604 3325 Quod

2028 3353 2153 3397 ante
2168 3344 2300 3408 dixi,
2323 3344 2455 3397 illud
2474 3360 2620 3398 nunc
2640 3348 2931 3415 Apostolus
2954 3348 3068 3401 ait:
3111 3362 3328 3417 nempe,
3353 3349 3606 3402 taberna-

2028 3436 2208 3487 culum
2243 3434 2399 3498 illud,
2436 3437 2489 3489 in
2515 3437 2659 3504 quod
2686 3453 2904 3507 semper
2942 3439 3391 3508 ingrediebantur
3417 3453 3603 3494 sacer-

2027 3525 2203 3592 dotes,
2239 3537 2359 3581 erat
2402 3529 2685 3596 parabola,
2727 3530 2778 3583 id
2812 3538 2917 3593 est,
2951 3530 3122 3599 ﬁgura
3169 3540 3223 3585 et
3262 3530 3605 3586 adumbratio

2031 3621 2292 3688 temporis
2316 3622 2622 3676 secundum
2658 3623 2828 3694 legem
2870 3624 3130 3678 instantis
3151 3633 3278 3679 ante
3308 3625 3603 3679 adventum

2028 3710 2237 3765 Christi
2276 3728 2430 3782 :quo
2458 3722 2704 3783 tempore
2740 3714 3007 3783 ejusmodi
3042 3716 3310 3770 sacrificia
3359 3716 3603 3769 oderun-

2033 3810 2141 3864 tur,
2176 3810 2340 3869 atque
2374 3803 2511 3857 adeo
2548 3803 2864 3869 imbecillia,
2900 3813 2956 3858 ut
3001 3821 3112 3860 non
3144 3808 3355 3877 possint
3402 3821 3606 3859 secun-

2030 3894 2158 3947 dum
2208 3896 2623 3960 conscientiam,
2664 3896 2766 3951 hoc
2805 3906 2909 3959 est,
2948 3897 3260 3952 interiorem
3304 3898 3604 3962 hominem,

2029 3998 2417 4038 consummare
2480 3999 2576 4039 eos
2631 3986 2723 4054 qui
2787 3986 2879 4039 illa
2927 3985 3247 4039 oﬂ‘erebant.
3299 3987 3605 4054 Corporum

2032 4077 2176 4128 enim
2211 4076 2422 4139 sordes,
2475 4091 2583 4130 non
2637 4077 2945 4131 animarum
3011 4087 3231 4146 peccata
3276 4077 3606 4146 purgabant.

2032 4164 2148 4220 Non
2172 4167 2319 4220 enim
2345 4167 2700 4235 adulterium,
2733 4168 3110 4233 homicidium,
3143 4179 3237 4222 aut
3261 4168 3606 4237 sacrilegium

2034 4258 2313 4312 remittere
2344 4267 2656 4326 potuerunt.

2103 4345 2269 4403 Vens.
2302 4346 2388 4401 10.
2421 4347 2803 4403 Tantummodo
2847 4350 2900 4403 in
2929 4350 3057 4405 cibis
3095 4360 3145 4404 et
3185 4354 3415 4419 potibus,
3461 4363 3512 4407 et
3545 4355 3603 4408 in

348 4458 741 4529 βαπτισμοῖς,
768 4455 865 4510 καί
888 4451 1242 4519 δικαιώμασι
1265 4449 1513 4515 σαρκὸς,
1536 4444 1703 4515 “expc
1723 4442 1924 4511 καιροῦ

2037 4442 2200 4493 variis
2255 4441 2591 4509 baptismatis
2645 4452 2693 4496 et
2746 4443 3225 4511 justiﬁcationibus
3282 4448 3480 4510 carnis,
3538 4446 3609 4500 ad

354 4549 725 4619 διορθώσεως
747 4544 1116 4610 ἐπικείμενα.
1150 4541 1347 4601 Μόνον,
1381 4537 1567 4607 φησιν,
1609 4534 1931 4603 ἐπικείμενα

354 4642 461 4702 τοῖς
494 4637 620 4689 τότε
651 4632 961 4703 ἀνθρώποις
986 4630 1082 4682 καὶ
1119 4627 1518 4695 διαταττόμενα
1548 4625 1675 4694 περὶ
1711 4623 1935 4693 βρωμά-

356 4746 459 4783 των
490 4731 588 4782 καὶ
616 4727 898 4796 πομάτων.
929 4722 1060 4775 Τόδε
1101 4723 1244 4790 γὰρ,ι
1275 4720 1430 4789 φησι,
1473 4716 1634 4784 φάγε,
1671 4720 1764 4769 καὶ
1815 4714 1932 4767 τόδε

358 4822 432 4891 μὴ
464 4822 667 4891 φάγῃς,
702 4819 826 4880 Πῶς
871 4816 928 4868 δὲ
982 4809 1125 4877 εἷπε,
1175 4813 1437 4880 aditum;
1474 4808 1648 4861 καίτοι
1679 4807 1806 4875 περὶ
1841 4821 1932 4859 ποο

350 4912 541 4980 μάτων
567 4909 835 4977 διαφορᾶς
864 4906 925 4958 οὐ
972 4901 1328 4972 διελάμϐανεν
1359 4900 1387 4950 ὁ
1439 4897 1622 4965 νόμος.
1660 4896 1730 4948 Ἦ
1757 4894 1936 4948 τοίνυν

363 5003 514 5055 τοῦτό
548 5018 684 5069 φησι
729 5001 860 5068 περὶ
890 4995 983 5049 τοῦ
1009 4994 1101 5047 τὸν
1133 4994 1284 5062 ἱερέα
1313 4991 1388 5059 μὴ
1413 4989 1587 5042 πίνειν
1621 4985 1781 5049 οἶνον,
1809 4986 1936 5040 ὅταν

358 5094 583 5163 ἔμελλεν
645 5089 908 5157 εἰσελθεῖν
930 5090 1011 5150 είς
1068 5083 1131 5138 τὸ
1159 5086 1384 5150 ’Δγιονο
1436 5081 1469 5149 ἢ
1512 5080 1608 5132 καὶ
1645 5076 1776 5145 περὶ
1826 5076 1936 5128 τῶν

354 5188 545 5256 εὐχὰς,
591 5181 877 5235 τουτέστιν
945 5175 1263 5245 ὑποσχέσεις
1324 5171 1454 5240 περὶ
1532 5167 1744 5237 ἀποχῆς
1792 5167 1934 5219 οἴνου

366 5275 726 5342 ποιουμένων,
752 5269 941 5337 ῶσπερ
986 5266 1081 5320 καὶ
1120 5266 1169 5316 οἱ
1201 5261 1542 5331 Νοιιζζαραῖοι⁹
1568 5258 1601 5328 ἢ
1626 5257 1813 5320 ἁπλῶς
1845 5257 1935 5319 ἐξ·

363 5364 651 5426 ευτελίζων
696 5359 766 5412 τὰ
814 5356 1040 5410 τοιαῦτα
1090 5353 1438 5422 διατάγματα
1490 5349 1583 5401 καὶ
1640 5348 1932 5417 διασύρων,

363 5454 519 5507 τοῦτο
563 5450 708 5505 εἷπε.
745 5448 1002 5518 Διάφοροι
1036 5445 1091 5498 δὲ
1140 5439 1440 5513 βαπτισμοὶ
1480 5435 1641 5509 ἦσαν.
1676 5437 1784 5490 Καὶ
1828 5437 1937 5505 γὰρ

370 5547 467 5598 κᾶν
507 5542 706 5611 νεκροῦ
744 5541 941 5609 ἥψατο,
973 5537 1078 5591 κᾶν
1099 5533 1323 5604 λεπροῦ,
1353 5531 1455 5583 κᾶν
1491 5530 1789 5600 γονορρυὴς
1815 5528 1937 5594 ὲγέ-

374 5636 487 5688 νετό
518 5651 625 5697 τις,
658 5629 1014 5692 ὲΰαπτίζετο,
1054 5627 1147 5678 καὶ
1191 5621 1363 5684 οὕτως
1421 5621 1596 5674 ἐδόκει
1648 5618 1939 5688 καθαρίζε-

378 5727 510 5780 σθαι.
536 5725 726 5779 Ταῦτα
753 5722 811 5776 δὲ
840 5722 1182 5791 δικαιώματα
1209 5713 1351 5791 ἦσαν
1383 5716 1603 5786 σαρκὸς,
1663 5714 1939 5767 τουτέστιν

2038 4542 2236 4600 tempus
2286 4546 2449 4599 usque
2484 4534 2821 4587 correctionis
2870 4534 3138 4602 imposita.
3185 4534 3609 4597 Tantummodo.

2038 4621 2234 4690 inquit,
2285 4621 2538 4689 imposita
2573 4622 2890 4677 hominibus
2938 4624 3178 4693 quitum
3234 4625 3506 4691 vivebant,
3557 4635 3611 4680 et

2039 4711 2280 4778 injuneta
2305 4709 2372 4765 de
2391 4711 2532 4766 cibis
2557 4720 2610 4766 et
2630 4722 2783 4781 potu.
2811 4713 2925 4768 Hoc
2949 4715 3118 4779 enim,
3139 4714 3337 4784 inquit,
3365 4731 3609 4779 vescere,

2039 4805 2141 4885 hoc
2174 4818 2304 4860 vero
2334 4818 2405 4857 ne
2429 4804 2694 4858 vescaris.
2718 4804 3004 4882 Quomodo
3033 4815 3215 4858 autem
3239 4806 3398 4866 dixit,
3427 4808 3480 4860 in
3514 4823 3611 4874 pa-

2038 4895 2217 4948 tibus?
2249 4895 2395 4964 atqui
2458 4893 2526 4949 de
2566 4901 2794 4964 potuum
2844 4894 3146 4950 dilforentia
3197 4897 3331 4951 nihil
3380 4898 3604 4951 tradidit

2038 4986 2147 5039 lex.
2174 4983 2270 5038 Vel
2303 4985 2470 5055 igitur
2499 4984 2605 5039 hoc
2632 4986 2787 5048 dicit,
2811 4985 2958 5056 quod
2985 4988 3243 5042 sacerdos
3273 5003 3378 5041 non
3407 4987 3608 5042 debue-

2040 5076 2110 5131 rit
2138 5078 2321 5131 bibere
2342 5076 2526 5130 vinum
2559 5076 2776 5144 quando
2802 5078 3149 5144 ingressurus
3201 5088 3346 5133 esset
3373 5078 3425 5130 iu
3457 5076 3590 5129 San-

2038 5178 2125 5222 cta
2150 5188 2162 5223 :
2188 5170 2271 5223 vel
2293 5169 2360 5223 de
2393 5170 2479 5225 bis
2517 5169 2669 5232 dicit,
2699 5168 2791 5239 qui
2823 5178 2968 5231 vota,
3004 5169 3106 5223 hoc
3134 5179 3238 5231 est,
3280 5167 3599 5236 promissio-

2038 5276 2135 5315 nes
2166 5258 2437 5315 faciebant
2470 5276 2500 5315 a
2531 5261 2660 5316 vino
2688 5260 3017 5326 abstinendi,
3049 5260 3194 5316 sicut
3230 5266 3284 5310 et
3315 5255 3555 5309 Nazaraei
3588 5273 3603 5310 :

2043 5354 2124 5405 vel
2169 5352 2520 5422 simpliciter.
2551 5361 2609 5406 ut
2641 5354 2906 5408 vilescere
2929 5352 3090 5407 faciat
3118 5347 3427 5419 hujusmodi
3459 5348 3611 5405 ordi-

2043 5445 2296 5498 nationes
2336 5452 2390 5496 et
2420 5445 2580 5509 ritus,
2622 5453 2785 5513 atque
2840 5453 2899 5515 ut
2954 5460 3052 5499 eos
3102 5440 3453 5518 perstringat,
3504 5441 3609 5497 hoc

2041 5534 2199 5589 dixit.
2228 5532 2374 5588 Varii
2406 5543 2586 5589 autem
2614 5534 2870 5603 baptismi
2900 5533 3040 5602 apud
3070 5547 3165 5587 eos
3191 5541 3370 5591 erant.
3398 5530 3532 5587 Nam
3564 5536 3607 5588 si

2044 5635 2318 5678 mortuum
2370 5625 2638 5694 attigisset
2687 5622 3095 5693 quispiamch
3141 5625 3437 5694 leprosum,
3475 5634 3528 5681 et
3564 5628 3608 5680 si

2043 5717 2268 5771 seminis
2296 5715 2499 5769 (luxum
2550 5722 2827 5784 pateretur
2862 5714 3061 5786 aliquis
3085 5756 3101 5784 ,
3132 5716 3475 5787 abluebatur,
3504 5733 3611 5773 ea—
