4014 6208
416 390 529 457 303

1306 373 1891 441 TIIEOPIIYLACTI
1934 371 2031 433 BU
2043 371 2354 431 LGARI/E
2393 366 2757 429 ABCHIEP.

3569 354 3676 420 304

406 511 515 567 que
538 491 747 548 ratione
776 485 1060 541 videbatur
1091 481 1328 538 mundus
1361 478 1531 534 reddi.
1568 476 1658 533 ιιω
1686 485 1867 531 autem
1902 474 1994 545 ju-

2121 472 2309 527 woitai
2334 472 2611 543 σάρκιναι,
2640 469 2847 536 σάρκας
2870 465 3248 537 καθαίρουσαι,
3267 460 3362 518 καὶ
3390 463 3671 532 σαρκικῶς

415 582 774 640 stiticationes
800 576 1020 630 fuerunt
1067 572 1273 635 carnis,
1310 571 1412 624 hoc
1444 576 1547 630 est,
1593 567 1843 620 mandata
1877 580 1997 617 iar—

421 677 596 739 nalia,
632 683 858 727 eat-nem
892 666 1206 736 purgantis,
1244 663 1489 730 adeoque
1512 658 1806 713 carnaliter
1842 655 2003 725 justi-

426 767 647 823 ﬁcautia
681 778 780 819 eos
810 761 900 831 qui
945 758 1247 814 secundum
1280 769 1499 809 carnem
1560 750 1755 821 impuri
1804 764 1997 803 cense-

418 865 641 919 bantur.
702 858 821 913 Non
874 866 1056 910 tamen
1113 853 1179 907 ad
1242 852 1407 909 finem
1464 864 1637 919 usque
1671 844 1997 916 imponi-uda

413 963 595 1016 erant,
641 958 893 1005 creterram
943 946 1013 1003 ad
1059 954 1257 1015 tempus
1315 942 1658 1007 correctonis,
1727 939 1828 995 hoc
1875 947 1998 1000 est,

425 1046 493 1100 ad
530 1043 734 1099 Christi
772 1054 947 1108 usque
990 1039 1303 1099 adventum,
1329 1035 1421 1104 qui
1460 1033 1576 1087 hinc
1611 1030 2001 1087 emendaturus

423 1150 564 1203 erat,
602 1151 666 1189 ac
688 1147 877 1187 verum
906 1138 960 1184 et
981 1127 1320 1198 spiritualetu
1362 1125 1452 1179 Dei
1481 1126 1686 1178 cultum
1722 1121 2002 1175 introduc-

422 1241 601 1284 turus.
631 1225 770 1291 Quia
788 1239 916 1277 vero
944 1222 1028 1275 lex
1058 1219 1421 1289 gravejugum
1451 1223 1593 1277 erat,
1623 1211 1816 1267 merito
1839 1210 1998 1274 dixit,

424 1317 725 1386 Imposita;
759 1311 982 1383 perinde
1024 1324 1089 1363 ac
1128 1308 1181 1361 in
1231 1306 1382 1361 Actis
1413 1303 1689 1358 memoria:
1726 1301 1999 1372 proditum

422 1417 507 1465 est
540 1427 553 1463 :
600 1403 743 1472 Quid
783 1401 1001 1457 tentatis
1041 1399 1306 1467 imponere
1326 1395 1518 1466 jugum
1570 1409 1726 1461 super
1777 1390 2000 1449 cervices

422 1495 828 1566 discipulorum,
858 1487 997 1562 quod
1046 1502 1207 1557 neque
1237 1495 1413 1555 patres
1441 1481 1610 1539 nostri
1641 1478 1885 1549 bajulare
1904 1481 2000 1547 pa-

424 1598 634 1644 tuerunt
669 1588 713 1618 ’⁸
732 1588 755 1640 '!

495 1680 662 1737 Vsus.
694 1677 780 1730 ii.
809 1674 1053 1730 Christus
1082 1678 1257 1724 autem
1289 1667 1540 1725 accedens
1572 1663 1824 1732 Pontifex
1857 1662 2003 1733 futu-

2103 564 2408 617 δικαιοῦσαι
2436 563 2563 624 τοὺς
2587 561 2728 613 κατὰ
2754 559 2933 629 σάρκα
2959 555 3244 617 δοκοῦντας
3273 551 3676 623 ἁκαρθάρτους.

2103 658 2180 710 Οὔ
2207 656 2390 726 μέντοι
2410 655 2535 724 ἄχρι
2558 653 2747 715 τέλους
2773 649 2995 719 ἔμελλον
3020 645 3349 709 ἐπικεῖσθαι,
3394 644 3509 697 ἀλλ’
3543 643 3681 714 ἄχρι

2104 748 2314 817 καιροῦ
2344 744 2735 814 διορθώσεως,
2761 742 3063 807 τουτέστιν,
3106 739 3234 808 ἄχρι
3266 737 3365 804 τῆς
3403 733 3498 788 τοῦ
3544 734 3682 804 Χρι-

2105 842 2232 896 στοῦ
2267 842 2570 911 παρουσίας
2595 837 2691 891 τοῦ
2741 835 3024 906 μέλλοντος
3056 827 3454 902 διορθώσασθαι
3480 825 3678 890 ταῦτα,

2104 937 2198 994 καὶ
2231 934 2330 1005 τὴν
2356 932 2618 1002 ἀληθινὴν
2646 931 2740 983 καὶ
2770 923 3145 997 πνευματικὴν
3174 920 3431 990 λατρείαν
3453 920 3683 972 ἐπεισα-

2105 1031 2321 1096 γαγεῖν.
2378 1024 2532 1083 Ἐπεὶ
2563 1023 2619 1076 δὲ
2666 1019 2830 1089 ζυγὸς
2866 1016 2934 1090 ἧν
2966 1019 2995 1070 ὁ
3024 1016 3188 1086 νόμος
3236 1013 3426 1084 βαρὺς.
3455 1011 3683 1071 εἰκότως

2105 1115 2227 1172 εἷπε
2259 1116 2339 1181 τὸ,
2378 1115 2746 1182 ἐπικείμενα.
2787 1111 2873 1173 Ὠς
2921 1111 3015 1162 καὶ
3047 1107 3107 1158 ἐν
3148 1105 3267 1166 ταῖς
3301 1100 3539 1172 Πράξεσι
3586 1100 3684 1166 γέη

2105 1222 2389 1278 γραπται·
2446 1206 2507 1259 T1
2559 1200 2859 1271 πειράζετε
2902 1197 3194 1253 ἐπιθεῖναι
3231 1192 3407 1262 ζυγὸν
3443 1190 3541 1244 ἐπὶ
3576 1189 3685 1243 τόν

2103 1302 2409 1370 τράχηλον
2430 1295 2549 1350 τῶν
2571 1291 2874 1366 μαθητῶν,
2893 1291 2966 1351 ὃν
2995 1290 3135 1344 οὔτε
3156 1288 3210 1341 οἱ
3233 1283 3486 1352 πατέρες
3512 1279 3684 1352 ἡμῶν

2102 1395 2450 1450 ἐϐάστασαν
2466 1407 2484 1455 ;

2176 1666 2430 1736 Χριστὸς
2483 1662 2552 1718 δὲ
2617 1658 3104 1730 παραγενόμενος
3138 1646 3503 1721 κἈρχιερεὺς
3566 1634 3727 1700 τῶν’

426 1789 606 1825 rerum
634 1771 914 1824 honorum.
943 1764 1178 1829 Veteris,
1217 1762 1413 1831 inquit,
1439 1757 1775 1813 Testameuti
1819 1754 2003 1810 cultus

2121 1758 2453 1815 τιελλὸντων
2480 1751 2735 1823 ἀγαθῶν.
2773 1751 2839 1803 Ἦ
2870 1748 2968 1820 μὲν
3001 1745 3236 1806 Παλαιὰ,
3264 1742 3398 1812 φησὶ
3429 1779 3445 1802 ,
3464 1737 3689 1809 λατρεία

426 1863 481 1916 in
506 1861 703 1915 caelum
742 1872 849 1917 non
899 1852 1221 1909 introduxit.
1253 1850 1500 1905 Christus
1524 1855 1700 1901 autem
1729 1842 2005 1908 accedens,

2121 1855 2210 1908 οὐκ
2242 1853 2464 1921 εἰσῆγεν
2495 1850 2539 1881 ³⁸
2578 1849 2659 1910 εἰς
2690 1847 2781 1900 τὸν
2822 1842 3052 1914 οὐρανόν
3073 1857 3087 1873 ο
3120 1843 3152 1895 ό
3180 1837 3250 1892 δὲ
3294 1836 3550 1905 Χριστὸς
3576 1849 3691 1889 παι

427 1950 598 2011 semel
637 1948 919 2019 ingressus
945 1952 1027 1999 est
1060 1944 1115 1998 in
1161 1939 1363 1997 Sancta
1397 1957 1412 1994 :
1456 1938 1533 1994 ibi
1588 1937 1734 1993 enim
1761 1943 1845 1991 est
1887 1934 2009 1989 red-

428 2041 565 2094 ditio
599 2054 812 2095 sensus.
843 2035 964 2096 Non
985 2034 1124 2090 dixit
1148 2040 1353 2096 autem,
1385 2029 1563 2089 factus
1595 2026 1866 2090 Pontifex,
1891 2024 2007 2089 sed,

429 2131 678 2186 accedens
718 2128 985 2197 Pontifex,
1024 2127 1125 2181 hoc
1167 2133 1274 2193 est,
1317 2124 1370 2177 in
1406 2122 1510 2176 hoc
1547 2121 1725 2188 ipsum
1764 2118 2007 2173 veniens.

426 2223 544 2277 Non
580 2222 732 2293 prius
767 2220 1024 2283 accessit,
1080 2225 1135 2272 et
1165 2215 1362 2273 deinde
1392 2226 1525 2272 casu
1580 2214 1653 2269 ita
1702 2211 2010 2273 eveniente,

427 2315 608 2370 factus
636 2321 721 2368 est
750 2310 997 2367 Pontifex
1027 2326 1044 2363 :
1083 2307 1178 2365 sed
1210 2323 1411 2378 scopus
1441 2322 1541 2361 cur
1585 2306 1639 2363 in
1683 2315 1882 2360 terram
1918 2317 2014 2357 reo

430 2409 595 2474 niret,
634 2405 984 2479 pontiﬁcatus
1017 2411 1155 2459 erat.
1210 2401 1330 2457 Non
1384 2400 1522 2455 dixit
1576 2390 1781 2462 autem,
1819 2410 2011 2452 eorum

431 2519 556 2576 quia
604 2508 914 2563 mactantur
963 2499 1121 2575 711
1186 2494 1481 2559 Pontifex;
1531 2490 1648 2557 sed,
1709 2489 2014 2559 futurorum

433 2595 690 2653 bonorum
722 2610 741 2649 :
776 2606 1035 2665 tanquam
1071 2604 1324 2646 sermone
1355 2587 1671 2643 universum
1706 2588 1897 2636 exacte
1919 2594 2017 2634 ex-

440 2691 683 2758 primere
706 2701 810 2740 non
843 2685 1078 2744 valente,
1106 2679 1432 2750 simpliciter
1465 2686 1519 2731 et
1567 2673 1848 2733 indeﬁnite
1873 2671 2016 2729 bona

435 2779 646 2835 vocavit
689 2793 810 2848 qute
863 2774 1021 2830 nobis
1059 2772 1437 2829 conferuntur.
1468 2768 1671 2823 Futura
1722 2780 1851 2821 vero
1899 2763 2027 2818 haec

435 2868 596 2932 dixit,
629 2876 879 2939 respectu
901 2864 1161 2934 temporis
1189 2863 1341 2934 legis.
1376 2860 1606 2917 Utenim
1639 2857 1769 2913 illud
1804 2857 2017 2911 instans

438 2960 674 3027 vocarit,
701 2958 782 3014 sic
830 2971 953 3028 qua:
982 2955 1188 3012 Christi
1241 2961 1392 3020 sunt,
1430 2952 1611 3006 futura
1644 2947 1901 3019 appellat,
1948 2943 2017 2999 ad

438 3052 898 3121 comparationem
935 3048 1104 3112 illius,
1150 3047 1235 3100 vel
1288 3042 1705 3100 revelandorum
1743 3037 1904 3092 nobis
1961 3035 2015 3090 in

440 3142 623 3203 futuro
662 3139 864 3195 saeculo
906 3134 1310 3207 mysteriorum.

519 3412 620 3466 Per
652 3408 881 3479 amplius
919 3418 965 3462 et
995 3406 1274 3476 perfectius
1305 3402 1726 3457 tabernaculum.
1790 3402 2020 3453 (lat-nem

443 3504 534 3559 hic
563 3503 718 3566 dicit,
745 3514 867 3571 qua:
889 3490 1066 3568 majus
1089 3496 1309 3566 quidem
1328 3503 1468 3558 erat,
1494 3501 1766 3562 quatenus
1792 3499 1846 3545 et
1877 3489 2023 3544 Deus

443 3587 706 3658 Verbum,
746 3603 800 3648 et
829 3592 1007 3647 omnis
1042 3589 1280 3660 Spiritus
1319 3586 1573 3656 operatio
1601 3586 1920 3638 denmratur
1969 3581 2022 3635 in

444 3691 584 3758 ipsa.
614 3685 731 3744 Non
764 3685 910 3740 enim
944 3683 993 3738 ei
1022 3698 1086 3737 ex
1128 3696 1388 3736 mensura
1422 3677 1685 3748 impertiit
1719 3674 1859 3731 Deus
1896 3673 2025 3744 Spi-

445 3778 633 3833 ritum.
665 3775 958 3844 Perfectius
984 3780 1188 3835 autem,
1222 3783 1482 3840 tanquam
1520 3767 1846 3839 perfectiora
1877 3775 2027 3819 trau-

446 3872 649 3940 sigens.

525 3959 646 4018 Non
702 3958 1092 4027 manufactunt,
1146 3955 1201 4008 id
1235 3964 1336 4018 est,
1382 3970 1484 4007 non
1520 3952 1678 4022 hujus
1719 3950 2017 4007 creationis.

451 4049 551 4105 llic
593 4050 862 4107 insultant
910 4047 1173 4113 haeretici,
1204 4046 1452 4101 dicentes
1485 4045 1707 4101 caeleste
1741 4058 1864 4099 esse
1898 4058 2023 4097 cor.-

444 4158 550 4212 pus
577 4150 631 4197 et
664 4142 985 4200 aethereum.
1017 4139 1183 4210 Atqui
1218 4138 1264 4195 si
1321 4138 1546 4193 caeleste
1588 4143 1831 4206 putasset
1874 4134 2026 4204 Apo-

447 4233 624 4288 stolus
656 4240 709 4287 et
762 4234 1081 4296 tethereum,
1113 4230 1387 4301 quomodo
1418 4229 1669 4295 dixisset,
1705 4243 1809 4282 non
1866 4226 2024 4295 hujus

448 4343 570 4382 esse
596 4324 930 4380 creationis?
963 4338 1067 4379 non
1122 4324 1267 4377 enim
1302 4330 1454 4375 extra
1507 4331 1790 4375 creaturas
1821 4319 2022 4375 emtum

448 4430 550 4474 est.
582 4418 722 4483 Quid
758 4418 922 4486 igitur
947 4423 1032 4471 est
1062 4414 1206 4485 quod
1241 4412 1413 4469 dicit?
1445 4411 1599 4477 Quod
1635 4419 1791 4466 vetus
1842 4410 2025 4464 taber-

2105 1943 2510 2016 ρατενόμενος
2537 1937 2790 2008 εἰσῆλθεν
2829 1932 3047 2004 ἐφάπαξ
3089 1932 3171 1994 είς
3198 1929 3266 1983 τὰ
3287 1928 3486 1996 Ἀγια·
3512 1928 3688 1980 ἐκεῖσε

2113 2038 2224 2108 γάρ
2254 2033 2577 2089 ἀποδέδοται
2624 2033 2659 2101 ἡ
2691 2029 2891 2083 ἔννοια.
2945 2026 3061 2081 Οὐκ
3112 2018 3236 2080 εἶπε
3280 2021 3359 2083 δὲ,
3402 2018 3690 2089 γενόμενος

2112 2130 2431 2202 ἀρχιερεὺς,
2470 2126 2605 2180 ἀλλὰ
2636 2121 3120 2192 παραγενόμενος
3161 2113 3690 2184 Ἀρχιερεὺςζτουτη

2113 2227 2263 2282 ἐστιν
2327 2223 2407 2285 εἰς
2441 2220 2574 2274 αὐτὸ
2608 2218 2767 2272 τοῦτο
2814 2213 3003 2268 ἐλθών.
3046 2212 3121 2265 Ού
3158 2210 3424 2281 πρότερον
3457 2203 3694 2275 παρεγέ-

2102 2302 2259 2382 νετο,
2292 2309 2413 2368 εἶτα
2457 2310 2671 2381 συμϐάν
2701 2308 2864 2386 οὕτω,
2898 2305 3117 2373 ἐγένετο
3144 2298 3461 2373 Ἀρχιερεύς
3482 2316 3497 2330 ·
3524 2296 3639 2351 ἀλλ’
3665 2296 3696 2349 6

2119 2407 2320 2469 σκοπὸς
2372 2404 2464 2458 τοῦ
2512 2403 2945 2473 παραγεγονέναι
3003 2396 3167 2450 αὑτὸν
3205 2396 3286 2457 είς
3323 2394 3423 2461 τὴν
3480 2389 3607 2458 γῆν.
3644 2389 3678 2457 ἡ

2117 2496 2497 2570 ἀρχιερωσύνη
2545 2490 2613 2565 ἦν
2652 2495 2716 2547 ιθ.
2775 2492 2889 2545 Ούκ
2938 2484 3058 2542 εἷπε
3087 2487 3167 2553 δέ,
3214 2483 3527 2555 Ἀρχιερεὺς
3583 2480 3696 2533 τῶν

2118 2569 2419 2662 θυομένων,
2463 2586 2601 2641 ἀλλὰ
2631 2583 2753 2638 τῶν
2799 2583 3151 2652 μελλόντων
3195 2569 3450 2646 ἀγαθῶν,
3482 2574 3557 2637 ὡς
3594 2573 3698 2625 οὐκ

2122 2682 2399 2754 ἰσχύοντος
2447 2678 2542 2737 τοῦ
2587 2677 2750 2747 λόγου
2805 2675 3154 2746 παραστῆσαι
3185 2672 3245 2724 τὸ
3278 2662 3695 2738 πᾶνυάκρίϐῶς,

2120 2776 2310 2841 ἁπλῶς
2354 2776 2451 2831 καὶ
2480 2772 2802 2844 ἀδιορίστως
2834 2767 3017 2838 ἀγαθὰ
3054 2766 3301 2827 ἐκάλεσε,
3330 2761 3397 2815 τὰ
3429 2762 3509 2823 εἱς
3546 2760 3700 2828 ἡμᾶς

2122 2869 2417 2940 γενόμενα.
2450 2865 2729 2922 Μέλλοντα
2765 2862 2820 2915 δὲ
2870 2858 3049 2914 ταῦτα
3103 2853 3277 2921 εἶπεν,
3331 2855 3405 2914 ὡς
3441 2851 3575 2921 πρὸς
3603 2849 3698 2902 τόν

2119 2961 2217 3016 τοῦ
2249 2960 2415 3031 νόμου
2459 2958 2675 3029 καιρόν.
2724 2956 2934 3024 Ὥσπερ
2965 2951 3075 3023 γάρ
3107 2952 3317 3004 ἐκεῖνον
3367 2941 3698 3031 ἐνεστηκότα

2123 3030 2405 3115 ἐκάλεσεν,
2455 3049 2599 3103 οὓτω
2632 3048 2897 3118 μέλλοντα
2925 3044 2992 3098 τά
3033 3041 3175 3096 κατὰ
3224 3036 3457 3107 Χριστὸν
3503 3030 3699 3101 ὄνομα,

2047 3177 2091 3236 c
2127 3143 2231 3209 ζει,
2274 3142 2351 3204 ὡς
2408 3141 2543 3212 πρὸς
2577 3140 2868 3208 σύγκρισιν
2899 3135 3138 3196 ἐκείνου,
3185 3132 3218 3204 ἢ
3252 3130 3345 3182 καὶ
3389 3127 3498 3180 τῶν
3534 3127 3587 3178 ἐν
3620 3121 3697 3189 τῷ

2127 3235 2378 3305 μέλλοντι
2439 3231 2597 3286 αἰῶνι
2662 3223 3269 3296 ἀνακαλυφθησομένων
3309 3222 3440 3291 ἡμῖν
3497 3231 3702 3288 μυστη-

2127 3323 2278 3394 ρίων.

2194 3413 2296 3471 Διὰ
2317 3412 2426 3481 τῆς
2455 3409 2730 3482 μειζυνος
2753 3408 2855 3464 καί
2892 3405 3262 3475 τελειοτέρας
3294 3400 3557 3469 σκηνῆς.
3584 3399 3699 3466 Τὴν

2125 3505 2308 3577 σάρκα
2358 3501 2595 3558 ἐνταῦθα
2630 3501 2804 3570 λέγει,
2833 3500 3060 3571 μείζονα
3096 3500 3194 3570 μὲν
3223 3492 3413 3558 οὖσαν,
3446 3493 3581 3547 καθὸ
3607 3492 3705 3545 καὶ

2124 3597 2153 3650 6
2189 3595 2321 3658 θεὸς
2369 3594 2563 3662 Λόγος,
2595 3591 2693 3646 καὶ
2741 3592 2948 3662 πᾶσαή
2973 3589 3068 3643 τοῦ
3101 3589 3416 3655 Πνεύματος
3453 3583 3706 3653 ἐνέργεια

2125 3689 2265 3743 οἰκεῖ
2298 3688 2355 3738 ἐν
2388 3686 2551 3754 αὐτῇ.
2607 3685 2683 3737 Οὐ
2718 3685 2828 3754 γὰρ
2860 3684 2924 3736 ἐκ
2950 3683 3151 3752 μέτρου
3202 3678 3439 3732 δέδωκεν
3480 3679 3508 3730 6
3571 3674 3706 3736 Θεὸς

2124 3781 2186 3833 τὸ
2224 3778 2470 3846 Πνεῦμα.
2518 3778 2903 3846 τελειοτέρας
2945 3776 3003 3831 δὲ
3047 3773 3234 3846 οὔσης,
3267 3772 3342 3836 ὡς
3391 3771 3706 3837 τελειότερα

2126 3868 2522 3939 κατορθούσης.

2204 3967 2299 4018 Οὐ.
2345 3961 2787 4032 χειροποιήτου,
2838 3958 3172 4022 τουτέστιν,
3220 3958 3292 4011 οὐ
3336 3955 3560 4021 ταύτης
3580 3950 3708 4018 ’,τῆς

2125 4055 2396 4119 κτίσεως.
2472 4051 2740 4107 Ἐνταῦθα
2804 4050 3150 4119 ἐπιπηδῶσιν
3185 4049 3235 4101 οἱ
3270 4046 3562 4119 αἱρετικοὶ,
3617 4043 3708 4096 λέ·

2125 4162 2316 4214 γοντες
2366 4144 2618 4211 οὐράνιον
2677 4138 2908 4201 εἶναιτὸ
2939 4142 3099 4212 σῶμα
3150 4140 3245 4194 καὶ
3292 4139 3556 4207 αἰθέριον.
3593 4136 3706 4189 Καὶ

2132 4235 2236 4305 μὴν
2262 4235 2358 4289 καὶ
2386 4235 2435 4289 εί
2465 4236 2717 4305 οὐράνιον
2746 4233 2879 4287 αὐτὸ
2899 4232 3152 4298 ἐδόξαζεν
3184 4234 3212 4285 ὁ
3249 4229 3569 4292 ’Λπόστολος
3611 4226 3707 4281 καὶ

2128 4328 2410 4396 αἰθέριον,
2475 4327 2591 4390 πῶς
2657 4322 2811 4378 εἶπεν
2877 4327 2950 4379 οὐ
3018 4324 3241 4391 ταύτης
3291 4321 3402 4389 τῆς
3456 4321 3708 4385 κτίσεως

2127 4417 2300 4484 εἷναι;
2328 4420 2401 4472 Ού
2430 4418 2540 4486 γὰρ
2587 4418 2695 4484 ἐξω
2718 4417 2828 4471 τῶν
2855 4417 3170 4487 κτισμάτων
3196 4419 3222 4468 6
3242 4413 3491 4484 οὐρανός.
3523 4412 3589 4465 Τί
3610 4410 3708 4465 οὖν

449 4509 702 4561 naculum
739 4521 934 4560 manus
966 4504 1258 4559 Beseleclis
1289 4501 1561 4557 artificum
1616 4500 1884 4561 fecerunt,
1933 4499 2015 4553 Dei

2134 4512 2282 4562 ἐστιν
2313 4508 2342 4560 ὃ
2378 4508 2525 4576 λέγει
2555 4523 2571 4573 ς
2610 4507 2861 4577 Ὅτι-τὴν
2890 4507 2987 4576 μὲν
3026 4505 3263 4559 παλαιάν
3295 4503 3501 4573 σκηνὴν
3524 4503 3708 4573 χεῖρες

452 4608 630 4650 autem
656 4597 815 4649 Verbi
841 4596 1254 4649 tabernaculum
1287 4592 1526 4661 Spiritus
1552 4593 1859 4647 constituit.
1890 4588 2024 4643 Pro-

455 4700 638 4759 pterea
670 4688 806 4741 dixit
855 4688 1032 4756 ipsum
1070 4699 1177 4739 non
1226 4700 1348 4740 esse
1401 4684 1560 4754 hujus
1600 4684 1907 4743 creationis.
1972 4682 2025 4736 id

453 4786 559 4843 cst,
594 4792 705 4831 non
740 4778 932 4831 harum
976 4785 1379 4843 creaturarum,
1424 4785 1682 4832 caeterum
1745 4774 2030 4843 spirituale

453 4874 506 4928 et
534 4864 801 4919 divinum.
838 4862 1105 4918 Creatura
1139 4864 1282 4917 enim
1311 4865 1459 4919 nulla
1498 4865 1661 4919 habet
1695 4865 1745 4917 iu
1770 4880 1828 4918 se
1858 4862 2025 4917 Deum

457 4957 689 5012 Verbum
716 4955 1018 5010 secundum
1045 4956 1409 5011 substantiam
1444 4971 1459 5010 :
1489 4956 1901 5011 tabernaculum
1930 4971 2029 5008 att-

430 5059 563 5105 .tem
594 5049 724 5103 illud
766 5047 891 5103 huic
920 5047 1259 5118 hypostatice
1306 5049 1522 5103 unitum
1548 5054 1687 5101 erat.
1716 5045 2026 5100 Secundum

457 5142 741 5201 materiam
790 5140 953 5211 igitur
982 5154 1187 5211 corpus
1219 5140 1431 5194 Domini
1463 5148 1655 5193 nostro
1679 5148 1798 5192 erat
1825 5138 2031 5202 simile,

453 5245 508 5291 et
536 5233 779 5304 ejusdem
813 5233 1098 5291 nobiscum
1137 5231 1413 5296 essentia,
1441 5244 1637 5299 nempe
1673 5245 1736 5283 ex
1772 5230 2035 5283 immacu-

400 5323 419 5335 ”
457 5328 564 5381 lato
594 5325 859 5396 sanguine
888 5333 1094 5380 sancta:
1123 5322 1363 5394 Virginis
1403 5332 1744 5391 compactum
1778 5342 1790 5375 :
1839 5337 2034 5376 secun-

456 5417 584 5470 dum
618 5417 838 5472 modum
872 5430 999 5469 vero
1026 5413 1439 5471 constitutionis
1465 5426 1632 5483 supra
1665 5428 1766 5467 nos
1804 5412 1925 5477 fuit,
1975 5421 2029 5465 et

458 5509 585 5574 quia
613 5507 720 5563 Deo
757 5505 936 5559 Verbo
964 5503 1310 5575 hypostatice
1339 5502 1554 5561 unitum
1601 5514 1737 5558 erat.
1776 5503 1868 5557 Vel
1899 5504 2027 5572 quia

531 5622 575 5651 ’⁸⁸
642 5623 762 5677 Aet.
796 5641 885 5689 xv,
915 5625 1000 5680 10.

2129 4600 2237 4652 τῶν
2291 4598 2419 4669 περὶ
2481 4597 2748 4669 Βεζελεὴλ
2812 4597 3075 4666 τεχνιτῶν
3126 4594 3391 4664 ἐποίησαν
3430 4609 3444 4622 '
3480 4591 3594 4661 ⁸τὴν
3651 4591 3709 4642 δέ

2128 4690 2220 4743 τοῦ
2250 4689 2387 4742 Θεοῦ
2436 4690 2612 4758 Λόγου
2649 4688 2876 4759 σκηνὴν,
2924 4688 2988 4742 τδ
3036 4687 3261 4757 Πνεῦμα
3314 4683 3707 4750 συνεστήσατο.

2130 4780 2221 4831 Διὸ
2244 4774 2399 4834 εἶπεν
2451 4778 2624 4851 αὐτὴν
2675 4781 2750 4851 μὴ
2810 4776 2950 4833 εἶναι
3010 4780 3236 4844 ταύτης
3267 4775 3381 4844 τῆς
3430 4776 3705 4837 κτίσεως,

2130 4872 2410 4927 τουτέστιν
2461 4872 2521 4926 ού
2560 4871 2764 4926 τούτων
2790 4873 2900 4925 τῶν
2935 4873 3272 4941 κτισμάτων.
3301 4868 3435 4923 ἀλλὰ
3459 4881 3708 4935 πνευμα-

2131 4962 2289 5031 τικὴν
2322 4963 2414 5016 καὶ
2441 4962 2613 5016 θείαν.
2647 4962 2768 5014 Τῶν
2804 4963 2902 5031 μὲν
2922 4963 3029 5030 γὰρ
3065 4960 3381 5030 κτισμάτων
3410 4956 3565 5010 οὐδὲν
3593 4954 3711 5024 ἔχει

2132 5057 2190 5107 ἐν
2228 5054 2408 5120 ἐαυτῷ
2466 5054 2556 5106 τὸν
2607 5053 2740 5105 Θεὸν
2793 5053 2965 5120 Λόγον
3017 5051 3139 5106 καθ’
3168 5051 3486 5104 ὑπόστασιν·
3520 5047 3710 5115 ἐκείνη

2129 5146 2187 5198 δὲ
2235 5144 2359 5198 καθ’
2391 5146 2689 5199 ὑπόστασιν
2713 5146 2891 5215 ἧνωτο
2940 5144 3140 5215 τούτῳ.
3164 5142 3324 5196 Κατὰ
3362 5143 3461 5211 μὲν
3482 5136 3577 5192 οὖν
3609 5137 3713 5207 τὴν

2133 5235 2286 5305 ὓλην,
2309 5236 2370 5289 τὸ
2406 5236 2563 5306 σῶμα
2585 5236 2677 5289 τοῦ
2720 5237 2923 5305 Κυρίου
2954 5234 3238 5306 καθ’ήμᾶς
3271 5230 3359 5304 ἦν,
3393 5232 3487 5286 καὶ
3514 5229 3715 5300 69.006-

2136 5342 2249 5378 σιον
2280 5328 2431 5395 ἡμῖν,
2472 5326 2546 5389 ὡς
2581 5328 2645 5379 ἐκ
2670 5326 2776 5378 τῶν
2810 5326 3098 5397 ἁχράντων
3143 5326 3395 5394 αἱμάτων
3423 5324 3519 5392 τῆς
3546 5320 3715 5387 ἁγίας

2137 5418 2413 5489 Παρθένου
2452 5421 2762 5487 συμπαγέν’
2794 5420 2935 5471 κατὰ
2958 5418 3014 5471 δὲ
3044 5417 3136 5471 τὸν
3164 5418 3364 5488 τρόπον
3400 5415 3495 5485 τῆς
3512 5412 3715 5465 συστά-

2138 5523 2299 5570 σεως.
2326 5508 2469 5576 ὑπὲρ
2509 5510 2679 5576 ἡμᾶς,
2704 5510 2798 5559 καὶ
2825 5509 2908 5563 ὅτι
2942 5508 3061 5563 καθ’
3098 5509 3395 5562 ὑπόστασιν
3433 5505 3613 5562 ἦνωτο
3638 5500 3715 5573 τῷ

1807 5698 2003 5758 Variae
2035 5697 2360 5764 lectiones,

532 5792 573 5833 "
598 5793 842 5863 εἰσῆλθεν
881 5812 932 5852 0.
1013 5800 1051 5831 υ
1086 5799 1253 5868 ἤγουν
1272 5798 1329 5851 τὸ
1367 5797 1555 5862 θῦσαις
1588 5799 1645 5850 τὸ
1670 5800 1798 5853 ἴδιον
1831 5799 1987 5869 σῶμα
2017 5798 2155 5869 ὑπὲρ
2185 5799 2289 5851 τῶν
2310 5800 2589 5870 ἁμιρτιῶν
2627 5798 2785 5870 ἡμῶν
2808 5814 2861 5852 0.
