4014 6208
387 288 497 355 307
1264 285 1363 345 TI]
1373 283 1839 346 EOPIIYLACTI
1874 287 1994 346 BUI

2099 284 2286 344 \BI/E
2319 282 2673 343 ARCHIEP.
3509 276 3613 339 308

464 394 791 452 Emundabit
852 392 1228 448 conscientiam
1294 402 1529 447 nostram
1595 393 1659 446 ab
1721 394 1994 461 operibus,

2130 390 2413 460 Καθαριεῗ
2436 389 2551 459 τὴν
2565 388 2924 457 συνείδησιν
2938 386 3105 457 ἡμῶν
3128 384 3247 442 ἀπὸ
3275 382 3503 453 νεκρῶν
3527 383 3625 453 ἔρ-

386 487 632 543 m-ortuis.
669 485 785 538 lllic
826 481 1045 551 quidem
1078 478 1237 544 dixit,
1272 481 1603 549 sanctiﬁcat;
1639 480 1733 535 sed
1776 491 1953 535 tamen

2099 500 2197 536 ων.
2253 481 2399 534 Ἑκεῖ
2457 481 2555 551 μὲν
2585 473 2705 531 εἷπε
2727 477 2806 541 τὸ,
2841 476 3104 544 Ἀγιὰζειο
3136 474 3273 527 ἀλλὰ
3303 471 3618 540 προσέθηκε

385 576 616 637 addidit,
657 572 728 626 ad
766 569 1187 624 emundationem
1241 570 1416 623 carnis
1442 585 1462 624 :
1517 570 1606 623 hic
1648 585 1780 625 vero
1814 576 1953 624 cum

2099 573 2153 627 αὶ
2180 572 2262 636 τὸ,
2296 571 2445 642 πρὸς
2482 568 2595 638 τὴν
2637 566 2746 636 τῆς
2783 564 3013 633 σαρκὸς
3072 564 3446 631 καθαρότητα
3482 576 3496 590 ⁸
3539 562 3625 613 ὲν-

389 669 642 730 dixisset,
680 662 1024 723 Emundabit,
1051 662 1304 731 protinus
1338 662 1713 716 excellentiam
1736 662 1959 717 demon-

2099 666 2231 720 αῦθα
2253 664 2327 725 δὲ,
2354 660 2648 729 Καθαριεῖ,
2669 658 2856 724 είπὼν,
2893 657 3098 721 ἔδειξεν
3126 648 3285 715 εὐθὺς
3313 654 3412 724 τὴν
3453 653 3625 721 ὑπερ·

392 758 610 813 stravit.
666 754 831 809 Addit
861 755 1005 808 enim
1038 754 1182 822 quod
1211 754 1605 807 conscientiam
1654 753 1958 816 muudabit,

2099 760 2211 827 χήν.
2252 757 2477 823 Ἐπάγει
2528 755 2661 823 γὰρ,
2721 751 2805 804 ὅτι
2855 749 2954 818 τὴν
3020 746 3322 816 συνείδησιν
3350 744 3627 813 καθαριεῖ,

2046 851 2328 910 τουτέστι.
2381 848 2471 900 τὸν
2530 846 2681 907 ἐντος
2742 844 3051 913 ἄνθρωπον,
3105 840 3241 907 ὅπερ
3268 840 3385 891 ἐκεῖ
3408 836 3507 889 οὐκ
3538 831 3627 905 ἦν.

2064 942 2242 995 ΚακΞί
2261 938 2359 1009 μὲν
2384 938 2411 990 ὁ
2443 935 2718 1005 ἁψάμενος
2736 930 2956 1001 νεκροῦ,
2987 928 3364 997 ὲκαθαρίζετοο
3397 924 3632 978 ἐνταῦθα

2065 1032 2120 1084 δὲ
2142 1034 2176 1102 ἡ
2207 1029 2473 1099 κάθαρσις
2501 1026 2608 1078 ἀπὸ
2634 1023 2843 1093 νεκρῶν
2887 1021 3065 1091 ἔργων
3102 1018 3211 1072 τῶν
3240 1016 3452 1087 ἀληθῶς
3487 1015 3634 1086 μιαί-

2066 1141 2177 1177 νειν
2204 1121 2537 1188 δυναμένων,
2564 1118 2656 1171 καὶ
2684 1116 2919 1182 ἀπάγειν
2950 1111 3108 1165 Θεοῦ.

393 850 495 905 hoc
527 858 630 911 est,
687 848 1002 900 interiorem
1055 845 1349 908 hominem,
1381 846 1523 915 quod
1566 861 1699 900 sane
1726 846 1818 899 ille
1852 860 1958 898 nou

393 945 531 991 erat.
564 937 627 989 Et
673 936 782 988 illic
808 933 1026 1003 quidem
1050 933 1141 1002 qui
1172 933 1440 1003 attigisset
1465 940 1762 996 mortuum,
1806 948 1963 985 mun-

392 1029 625 1081 dabatur
670 1045 681 1080 :
711 1026 799 1079 hic
831 1039 963 1079 vero
984 1026 1194 1095 puritas
1227 1025 1386 1078 datur
1440 1039 1468 1077 a
1515 1025 1749 1079 mortuis
1783 1024 1966 1093 operi-

396 1121 518 1180 bus,
553 1131 675 1186 quae
698 1130 824 1170 vere
853 1115 1215 1184 coinquinare
1246 1122 1496 1184 possunt,
1523 1123 1573 1167 et
1597 1128 1626 1167 a
1660 1112 1768 1167 Deo
1794 1112 1964 1167 abdu-

392 1218 411 1256 (
424 1215 539 1256 ere.
3429 1244 3441 1256 .

469 1293 549 1346 Ad
599 1291 927 1345 seruiendum
963 1289 1068 1343 Deo
1117 1288 1304 1343 virenti
1333 1296 1381 1343 et
1414 1304 1531 1343 rero
1563 1286 1847 1344 ?Proiude
1872 1288 1965 1357 qui

2140 1303 2245 1368 Εἰς
2264 1299 2332 1354 τὸ
2356 1296 2672 1365 λατρεύειν
2692 1293 2813 1359 Θεῷ
2833 1291 2997 1354 ζὶιντι
3029 1289 3125 1344 καὶ
3151 1287 3451 1356 dinam-qi;
3474 1289 3637 1341 Ὥστε

402 1390 613 1436 mortua
647 1395 817 1451 opera
865 1381 1106 1449 attingit,
1157 1393 1267 1433 non
1312 1380 1481 1434 servit
1534 1379 1642 1433 Deo
1679 1380 1879 1434 viventi
1914 1390 1968 1433 et

2127 1391 2338 1461 νεκρῶν
2368 1390 2567 1459 ἔργων’
2587 1371 2915 1454 ἁπτόμενος.
2949 1384 3009 1436 οὐ
3033 1381 3287 1453 λατρεύει
3333 1381 3450 1451 Θεῷ
3475 1381 3638 1445 ζῶντι

399 1491 549 1538 vero,
587 1478 681 1530 sed
716 1490 879 1545 opera
913 1490 1032 1543 quze
1070 1474 1221 1543 eligit
1251 1487 1352 1543 pro
1408 1471 1518 1527 Deo
1568 1472 1752 1526 habet.
1800 1469 1893 1524 Sic
1925 1471 1971 1526 is

2099 1484 2167 1538 ταὶ
2219 1480 2479 1551 ἀληθινῷ,
2536 1478 2673 1532 ἀλλὰ
2696 1476 2764 1529 τὰ
2814 1473 3012 1545 ἔργαδι
3058 1473 3402 1543 προαιρεῖται
3457 1472 3642 1523 ἐκεῖνα

407 1565 499 1632 qui
530 1564 704 1618 ventri
732 1562 951 1616 deditus
999 1569 1106 1627 est,
1137 1571 1377 1616 ventrem
1409 1560 1573 1615 Deum
1613 1561 1737 1616 facit
1765 1577 1780 1613 :
1814 1554 1972 1630 713

2099 1576 2331 1627 lsemne‘i.
2394 1570 2584 1634 ῡῦτως
2611 1570 2640 1622 ὁ
2660 1567 3073 1638 γαστρίμαργος
3104 1563 3341 1616 θεοποιεῖ
3394 1561 3494 1630 τὴν
3524 1578 3640 1613 κοι-

406 1659 482 1713 sic
534 1671 733 1712 avarus
787 1654 1057 1709 idolorum
1109 1655 1283 1708 cultor
1307 1663 1413 1708 est.
1454 1652 1773 1721 Huiusmodi
1811 1654 1973 1724 igitur

2099 1668 2196 1718 ,ίαν
2215 1681 2228 1695 ·
2255 1661 2426 1725 οὕτως
2455 1663 2483 1714 ὁ
2518 1658 2851 1727 πλεονέκτης
2907 1655 3300 1724 εἰδωλολατρεῖ.
3332 1650 3519 1722 Νεκρὰ
3550 1648 3645 1705 οὖν

406 1763 570 1816 opera
611 1753 824 1800 mortua
850 1753 1001 1807 sunt,
1041 1760 1149 1800 non
1181 1746 1358 1801 solum
1412 1746 1555 1813 quod
1586 1761 1613 1796 a
1641 1744 1973 1815 sempiterna

2099 1757 2184 1808 ,ίσι
2213 1755 2279 1807 τὰ
2298 1752 2542 1813 τοιαῦτα,
2569 1751 2629 1803 οὗ
2663 1750 2820 1819 μόνον
2843 1746 2917 1809 ὡς
2943 1746 3043 1814 τῆς
3070 1744 3285 1797 αίωνίου
3310 1741 3456 1811 ζωῆς
3487 1741 3644 1794 ἀ).λᾶ-

408 1841 515 1890 vita
560 1836 737 1891 aliena
780 1836 912 1896 sint,
940 1850 1125 1888 verum
1162 1834 1324 1888 etiam
1359 1834 1525 1903 quod,
1558 1833 1684 1886 dum
1711 1849 1977 1903 peragun-

412 1937 522 1989 tur,
549 1925 904 1979 exsecrabilia
936 1924 1066 1989 sint,
1092 1932 1253 1993 atque
1275 1925 1411 1979 adeo
1435 1939 1570 1977 vana
1601 1931 1654 1977 et
1674 1923 1976 1983 mendacia,

412 2020 470 2065 ut
499 2026 619 2081 quae
650 2025 751 2066 nos
797 2012 1045 2065 inescant
1085 2019 1140 2065 et
1186 2010 1373 2065 suavia
1414 2009 1681 2073 videntur,
1717 2022 1839 2062 cum
1886 2009 1981 2061 mi-

414 2103 559 2157 nime
582 2103 714 2157 sint.

484 2194 649 2249 Vsus.
679 2193 765 2247 l5.
797 2192 866 2246 Et
901 2193 1019 2247 ideo
1054 2191 1192 2246 Novi
1234 2193 1551 2245 Testamenti
1609 2191 1978 2244 mediatorest.

414 2285 572 2351 Quod
622 2298 732 2339 nou
787 2297 994 2353 paucos
1023 2282 1446 2337 imbecilliorum
1504 2281 1772 2346 turbabat,
1835 2297 1982 2335 mors

417 2375 672 2431 videlicet
725 2374 969 2429 Christi:
1006 2373 1063 2428 Si
1119 2375 1266 2428 enim
1295 2383 1548 2426 mortuus
1575 2381 1680 2436 est,
1708 2372 1982 2441 inquiunt,

416 2468 695 2538 quomodo
747 2466 902 2522 dabit
948 2482 1071 2536 quae
1117 2464 1413 2537 promisit?
1469 2465 1597 2520 huic
1614 2464 1725 2533 jam
1780 2463 1983 2519 Paulus

428 2561 753 2616 medicinam
818 2561 1105 2625 adhibens,
1156 2561 1399 2614 ostendit
1420 2569 1643 2630 propter
1679 2559 1783 2613 hoc
1806 2560 1983 2629 ipsum

420 2662 601 2709 ratum
625 2661 681 2709 et
711 2652 922 2707 ﬁrmum
954 2666 1078 2706 esse
1114 2656 1525 2716 testamentum,
1577 2651 1706 2721 quia
1732 2659 1984 2706 mortuus

416 2755 533 2800 est:
593 2744 892 2800 viventium
949 2742 1095 2797 enim
1149 2750 1538 2798 testamentum
1600 2756 1707 2796 non
1755 2740 1983 2796 dicitur.

422 2838 554 2891 Eam
582 2836 654 2892 ob
677 2851 815 2901 rem,
841 2834 1040 2906 inquit,
1068 2843 1317 2890 mortuus
1335 2841 1439 2898 est,
1465 2841 1524 2888 ut
1550 2848 1650 2888 nos
1677 2832 1987 2898 mundaret,

423 2942 488 2983 ac
518 2926 573 2981 in
602 2933 931 2983 testamento
964 2925 1182 2995 reliquit
1213 2925 1369 2980 nobis
1416 2924 1904 2988 condonationem,
1935 2931 1990 2979 et

2076 1864 2225 1916 τρια,
2251 1844 2466 1897 ἀλλ’ὅτι
2492 1844 2588 1894 καὶ
2623 1841 2681 1893 ὲν
2712 1836 2861 1907 αὐτῷ
2894 1836 2972 1907 τῷ
3010 1834 3347 1907 πράττεσθαι
3384 1833 3645 1905 βδελυκτά

2078 1936 2204 1997 εἰσι,
2259 1933 2351 1986 καὶ
2401 1931 2573 2001 ψευδῆ
2621 1929 2699 1993 δὲ,
2741 1930 2816 1993 ὡς
2838 1927 3158 1991 δελεάζοντα
3220 1926 3392 1997 ἡμᾶς,
3442 1926 3537 1979 καὶ
3559 1924 3644 1978 δο-

2079 2026 2278 2079 κοῦντα
2302 2027 2400 2094 μὲν
2425 2025 2582 2096 ἡδέα,
2610 2024 2683 2094 μὴ
2711 2023 2838 2077 ὅντα
2864 2022 2941 2077 δέ.

2153 2198 2259 2253 Kal
2288 2196 2385 2251 διὰ
2411 2195 2583 2249 τοῦτο
2617 2194 2910 2261 Διαθήκης
2932 2191 3154 2259 Καινῆς
3171 2192 3426 2260 μεσίτης
3452 2191 3644 2245 ἐστίν.

2086 2289 2260 2358 Ὅπερ
2309 2286 2569 2356 ἐτάραττε
2628 2282 2858 2344 πολλοὺς
2882 2282 2990 2334 τῶν
3038 2278 3467 2346 ἀσθενεστέρων,
3491 2279 3519 2331 ὀ
3547 2276 3647 2331 θά-

2085 2370 2242 2440 νατος
2263 2376 2465 2447 δηλαδὴ
2506 2374 2599 2427 τοῦ
2651 2370 2910 2443 Χριστοῦο
2947 2371 3011 2425 El
3040 2371 3149 2439 γὰρ
3210 2370 3467 2433 ἀπέθανε,
3496 2374 3652 2435 φασὶ,

2087 2472 2204 2533 πῶς
2227 2467 2438 2522 δώσειᾶ
2467 2467 2825 2536 ὲττήγγελταις
2858 2463 3017 2517 τοῦτο
3051 2461 3146 2515 νῦν
3188 2464 3217 2515 ὀ
3248 2460 3457 2521 Παῦλος
3484 2460 3651 2528 θεραο

2088 2562 2291 2627 πεὺων,
2340 2559 2612 2613 δείκνυσιν
2659 2558 2739 2610 ὃτι
2769 2555 2837 2609 δι’
2865 2555 2998 2609 αὐτὸ
3029 2555 3126 2625 μὲν
3150 2553 3244 2607 οὖν
3265 2551 3422 2605 τοῦτο
3462 2549 3656 2620 βεϐαία

2088 2655 2233 2709 ἐστὶν
2263 2655 2296 2723 ἡ
2329 2652 2563 2721 διαθήκη
2629 2649 2819 2712 αὐτοῦ,
2886 2647 3025 2700 διότι
3070 2644 3370 2700 ἀπέθανεν
3398 2643 3491 2695 ἐπὶ
3545 2642 3658 2711 γὰρ

2064 2746 2307 2809 ιζώντων
2334 2743 2563 2814 διαθήκη
2589 2741 2650 2795 οὐ
2674 2742 2915 2809 λέγεται.
2949 2738 3048 2791 Διὰ
3077 2738 3257 2800 τοῦτο,
3287 2735 3440 2805 φησι,
3475 2732 3564 2787 διὰ
3591 2735 3655 2785 τδ

2090 2832 2385 2905 καθαρίσαι
2439 2833 2606 2903 ἡμᾶς.
2639 2831 2903 2895 ἀπέθανε,
2939 2829 3034 2882 καὶ
3057 2829 3115 2879 ὲν
3140 2826 3376 2897 διαθήκῃ
3410 2824 3656 2878 κατέλει-

2090 2927 2190 2997 ψεν
2240 2927 2370 2996 ἡμῖν
2408 2925 2506 2994 τὴν
2562 2924 2775 2991 ἄφεσιν,
2821 2921 2916 2974 καὶ
2946 2922 3042 2991 τὴν
3072 2920 3375 2974 ἀπᾶῖιαυτιν
3404 2918 3511 2970 τῶν
3543 2932 3655 2967 πα-

431 3028 788 3088 paternorum
819 3018 1088 3071 bonorum
1124 3017 1465 3078 lruitionem,
1491 3014 1762 3070 mediator
1815 3013 1991 3069 factus

2099 3015 2281 3088 τρῲων
2332 3012 2575 3082 ἀγαθῶν.
2625 3012 2850 3081 μεσίτης
2893 3011 3186 3080 γενόμενος
3208 3006 3302 3061 τοῦ
3331 3006 3540 3076 [ἰατρὸς
3563 3005 3659 3058 καὶ

427 3112 573 3164 inter
617 3108 833 3164 Patrem
882 3118 1079 3163 eluos.
1112 3106 1272 3161 Pater
1326 3108 1472 3161 enim
1514 3106 1687 3161 noluit
1715 3107 1990 3161 dimittere

2099 3106 2273 3177 ἡμῶν.
2316 3106 2376 3158 '0
2400 3104 2511 3174 γὰρ
2538 3103 2729 3173 Πατὴρ
2760 3102 2860 3156 οὐκ
2902 3100 3095 3172 ἤθελεν
3124 3101 3338 3168 ἀφεῖναι
3377 3100 3508 3168 ἡμῖν
3529 3096 3661 3164 κλη-

424 3199 588 3255 nobis
611 3198 1007 3261 luereditatem,
1038 3197 1132 3252 sed
1163 3196 1506 3251 irascebatur
1537 3207 1596 3250 ut
1624 3196 1748 3250 [iliis
1796 3205 1990 3249 contu-

426 3290 678 3346 macibus
707 3297 763 3346 et
821 3289 1165 3344 abalienatis.
1197 3288 1447 3344 Christus
1475 3290 1661 3360 itaque
1722 3289 1994 3344 mediator

430 3379 614 3435 factus
644 3387 784 3446 erat,
822 3388 989 3450 atque
1025 3380 1202 3448 ipsum
1231 3378 1390 3433 nobis
1417 3379 1812 3435 reconciliavit.
1844 3378 1994 3444 Quo-

430 3471 590 3526 modo
614 3470 639 3523 τ
666 3468 821 3535 Quod
847 3485 946 3525 uos
972 3468 1420 3539 oportebatpati,
1444 3469 1579 3521 mori
1600 3468 1745 3523 enim
1774 3468 1997 3522 debuis-

437 3575 644 3626 semus,
678 3561 782 3615 hoc
804 3561 920 3630 ipse
950 3575 1049 3630 pro
1080 3560 1239 3615 nobis
1265 3560 1547 3622 sustinuit,
1574 3574 1782 3628 nosque
1806 3560 2000 3629 dignos

433 3659 761 3706 testamento
789 3649 1055 3710 reddidit.
1088 3659 1250 3717 atque
1288 3648 1551 3716 deinceps
1605 3654 1998 3701 testamentum

430 3742 627 3797 stabile
688 3740 965 3795 redditum
1026 3748 1114 3794 est
1168 3753 1265 3807 per
1329 3745 1557 3792 mortem
1591 3736 1737 3801 Filii,
1762 3751 1827 3791 eo
1855 3737 1999 3805 quod

439 3848 550 3889 non
583 3832 650 3889 ad
675 3832 931 3902 indignos
966 3830 1340 3885 haereditatem
1367 3828 1768 3883 transmiserat.
1790 3828 2000 3881 Etenim

435 3931 816 3979 testamentum
835 3923 1100 3993 quosdam
1124 3920 1362 3975 Ιιειιτοᾶεε
1392 3919 1553 3973 habet
1581 3918 1800 3972 z—audi
1821 3919 2003 3987 itaque

443 4023 829 4071 testamentum
861 4013 1065 4068 Christi
1092 4030 1106 4066 :
1157 4012 1286 4066 Volo
1310 4019 1368 4064 ιιι
1390 4010 1480 4063 ubi
1512 4025 1603 4079 ego
1626 4024 1767 4071 sum,
1796 4017 1847 4063 et
1917 4008 2001 4062 illi

433 4106 622 4160 sirm”
644 4123 733 4172 ;—
765 4105 902 4160 alios
920 4112 1102 4158 autem
1134 4102 1441 4157 exlueredes
1464 4121 1476 4154 :
1503 4101 1624 4156 Non
1649 4117 1742 4168 pro
1766 4103 2006 4155 omnibus

438 4217 559 4255 uero
576 4216 724 4270 rego,
752 4198 948 4269 inquit,
977 4198 1068 4252 sed
1094 4212 1190 4263 pro
1212 4198 1278 4251 iis
1306 4202 1394 4263 qui
1414 4211 1507 4264 per
1539 4196 1747 4249 rerbum
1772 4197 2007 4264 ipsorum

2100 3197 2397 3269 ρονομίαν,
2452 3195 2566 3249 ἀλλ’
2624 3194 2893 3266 ὠργίζετο
2923 3192 2998 3255 ὡς
3031 3193 3168 3255 υἱοῖς
3222 3192 3514 3259 ἀθετήσασι
3566 3188 3663 3240 καὶ
3732 3258 3735 3261 ν

2098 3290 2647 3363 ἀπηλλοτριωμένοις.
2701 3290 2760 3344 '0
2782 3284 2876 3342 οὖν
2908 3288 3143 3359 Χριστος
3170 3284 3396 3355 μεσίτης
3428 3284 3663 3350 ἐγένετο,

2100 3384 2196 3439 καὶ
2241 3382 2572 3453 κατήλλαξεν
2625 3380 2808 3435 αὐτόν.
2854 3379 2963 3434 Καὶ
3007 3377 3152 3442 πῶς;
3180 3377 3356 3445 Ὅπερ
3383 3373 3487 3427 ἔδει
3519 3373 3668 3443 ἡμᾶς

2104 3474 2318 3534 παθεῖν.
2342 3473 2633 3526 ἀποθανεῖν
2664 3471 2773 3542 γὰρ
2800 3470 3128 3539 ὠφείλομεν,
3150 3467 3307 3520 τοῦτο
3337 3466 3498 3527 αὐτὸς
3529 3464 3669 3532 ὑπὲρ

2103 3562 2261 3634 ἡμῶν
2283 3563 2512 3630 ὑπέστη,
2551 3562 2643 3615 καὶ
2672 3559 3094 3630 ὲποίησενήμᾶς
3131 3556 3314 3621 ἀξίους
3341 3556 3440 3625 τῆς
3469 3554 3665 3622 διαθήν

2105 3671 2230 3723 κης,
2283 3652 2377 3705 καὶ
2415 3652 2606 3705 λοιπον
2636 3653 2670 3722 ἡ
2705 3650 2942 3721 διαθήκη
2974 3649 3169 3720 βεϐαία
3197 3647 3414 3716 ἐγένετο
3443 3645 3535 3698 διὰ
3572 3644 3669 3697 τοῦ

2109 3746 2341 3800 θανάτου
2373 3744 2466 3798 τοῦ
2500 3744 2654 3809 Υἰοῦ,
2680 3743 2755 3807 ὡς
2774 3743 2874 3796 οὐκ
2890 3745 2968 3806 είς
3001 3741 3252 3807 ἀναξίους
3280 3739 3379 3809 τὴν
3421 3738 3674 3807 κληρονο-

2110 3834 2237 3901 μίαν
2267 3834 2707 3905 παραπέμψασα.
2770 3834 2885 3887 Καὶ
2920 3833 3031 3903 γὰρ
3058 3834 3092 3902 ἡ
3133 3832 3367 3903 διαθήκη
3406 3832 3530 3895 τοὺς
3570 3830 3672 3900 μὲν

2111 3926 2481 3997 κληρονόμους
2531 3924 2640 3994 ἔχει
2660 3941 2750 3966 ⁸-
2779 3925 2940 3979 ἄκουε
2983 3923 3114 3991 γοῦν
3145 3923 3246 3989 τῆς
3273 3922 3412 3976 κατὰ
3440 3921 3672 3991 Χριστὲν

2110 4019 2397 4090 διαθήκης·
2428 4017 2589 4072 Θέλω
2603 4018 2703 4070 ἵνα
2734 4016 2886 4070 ὅπου
2917 4015 3031 4084 ἐγώ
3050 4017 3185 4084 ειμι,
3217 4015 3315 4068 καί
3357 4009 3523 4068 οὗτοι
3539 4008 3670 4066 ὧσιο

2112 4139 2181 4151 -—
2212 4111 2335 4171 τοὺς
2369 4108 2426 4162 δὲ
2458 4107 2819 4175 ἁποκλὴρους·
2847 4109 2928 4160 οὐ
2953 4105 3081 4173 περὶ
3102 4104 3343 4158 πάντων
3360 4104 3429 4157 δὲ
3460 4101 3674 4171 ἐρωτῶ.

2113 4195 2274 4249 ἀλλὰ
2301 4193 2573 4262 περὶτῶν
2597 4193 3008 4246 πιστευόντων
3018 4191 3115 4245 διὰ
3143 4192 3250 4246 τοῦ
3274 4192 3459 4260 λόγου
3478 4189 3676 4243 αὐτῶν

436 4293 654 4346 ιτεάκιιι
684 4292 737 4345 in
767 4306 849 4344 me
874 4291 941 4345 ”.
961 4289 1371 4344 Testamentum
1397 4302 1559 4357 porro
1593 4295 1758 4340 testes
1802 4278 1994 4339 habet:

2121 4287 2208 4349 είς
2261 4284 2383 4352 ἐμέ.
2453 4282 2517 4334 Ἢ
2570 4282 2801 4351 διαθήκη
2853 4282 3139 4350 μάρτυρας
3197 4280 3333 4351 ἔχει’
3379 4277 3683 4347 Μαρτιφιῖ

440 4383 687 4439 Testatur
714 4391 887 4437 autem
905 4382 969 4435 de
994 4397 1076 4433 me
1100 4381 1190 4450 qui
1209 4380 1351 4433 misit
1367 4394 1448 4431 me
1462 4378 1506 4409 ⁸⁰
1524 4394 1537 4439 ;
1557 4393 1620 4432 ac
1648 4390 1661 4433 :
1694 4376 2007 4430 Paracletus

442 4475 792 4530 testimonium
820 4475 952 4527 mihi
972 4474 1144 4535 dicet;
1172 4479 1227 4526 et
1261 4489 1273 4524 :
1324 4468 1424 4523 Vos
1456 4479 1610 4524 testes
1636 4470 1735 4523 mei
1776 4471 1923 4523 estis.

518 4565 582 4620 Ut
609 4574 773 4618 morte
797 4563 1143 4617 intercedente
1197 4562 1247 4614 in
1281 4558 1637 4627 redemptione
1666 4576 1845 4613 eorum
1873 4575 2007 4628 prcr-

444 4656 828 4708 Mricationum
844 4669 962 4722 quae
983 4663 1136 4707 erant
1164 4653 1258 4704 sub
1271 4651 1433 4718 priori
1464 4659 1794 4705 testamento.
1821 4650 2010 4704 Auim-

444 4745 687 4801 advertis
743 4744 945 4799 Christi
1003 4749 1234 4796 mortem
1265 4742 1336 4797 ob
1388 4751 1630 4798 nostram
1687 4739 2014 4808 redemptio-

448 4852 570 4891 nem
601 4836 796 4891 l'actam
818 4833 977 4890 esse?
1004 4833 1285 4900 Quomodo
1317 4834 1483 4904 igitur
1503 4847 1623 4887 eam
1667 4831 2016 4885 imbecillita-

446 4929 519 4983 tis
555 4943 679 4983 esse
706 4934 892 4998 putas,
941 4941 1064 4981 cum
1101 4927 1236 4982 adeo
1274 4935 1464 4996 potens
1496 4923 1678 4983 fuerito,
1713 4931 1769 4974 ut
1807 4937 1927 4991 qua:
1961 4922 2014 4976 in

450 5021 567 5089 lege
613 5028 773 5073 erant
838 5017 1319 5091 praevaricationes
1399 5013 1663 5071 sanarit?
1736 5010 2018 5077 Quomodo

450 5114 618 5183 igitur
648 5108 716 5164 ad
743 5111 921 5181 legem
961 5109 1238 5178 coniugis,
1294 5123 1420 5177 quze
1448 5105 1586 5159 adeo
1632 5112 1717 5158 est
1775 5101 2012 5163 infirma,

452 5214 515 5259 ut
540 5218 716 5275 neque
747 5201 1231 5273 praevaricationes
1262 5213 1384 5267 quae
1418 5200 1470 5251 in
1504 5198 1620 5266 ipsa
1650 5197 1785 5248 tlunt
1841 5194 2017 5249 corri-

453 5316 580 5365 gere
605 5299 890 5372 potuerit?
914 5296 1170 5366 Nonquia
1208 5311 1373 5365 prava
1401 5302 1540 5355 erat,
1579 5291 1676 5345 sed
1709 5291 1834 5360 quia
1866 5291 2015 5344 inﬁr-

449 5404 557 5443 ma.

529 5476 940 5533 I’rontissionem
984 5477 1266 5544 accipiant,
1307 5475 1396 5544 qui
1424 5475 1595 5527 vocati
1633 5484 1777 5537 sunt,
1807 5483 2017 5527 a'terna:

523 5648 768 5706 “‘Joan.
799 5666 930 5715 xvu,
960 5651 1048 5705 24.
1125 5653 1168 5685 ²⁹
1196 5651 1352 5707 Joan.
1387 5667 1501 5717 \‘Itl,
1541 5652 1629 5706 ‘20.
1708 5651 1751 5685 ’°
1788 5649 1916 5706 ibid.
1952 5649 2037 5703 18.

2115 4379 2245 4445 περὶ
2267 4376 2413 4445 ἐμοῦ
2445 4379 2477 4429 ό
2496 4376 2740 4444 πέμψας
2758 4392 2833 4444 με
2857 4413 2870 4426 .
2900 4377 3013 4437 καὶ,
3037 4376 3093 4427 Ὁ
3116 4374 3502 4442 Παρὰκλητος
3532 4389 3681 4441 μαρ-

2114 4467 2361 4536 τυρήσει
2387 4466 2517 4535 περὶ
2538 4466 2713 4535 ἐμοῦο
2748 4466 2861 4529 καὶ,
2889 4463 3092 4533 ’Υμεῖς
3116 4465 3185 4518 δὲ
3207 4463 3575 4535 μαρτυρεῖτε.

2186 4560 2381 4623 Ὅπως
2444 4556 2704 4611 θανάτου
2754 4557 3080 4625 γενομένου
3118 4559 3206 4622 εἷς
3257 4556 3685 4623 ἀπολύτρωσιν

2115 4648 2233 4703 τῶν
2262 4650 2358 4702 ἐπὶ
2396 4646 2472 4716 τῇ
2510 4648 2710 4717 πρώτῃ
2749 4647 3002 4715 διαθήκῃ
3054 4647 3468 4713 παραϐάσεων.
3522 4646 3686 4715 Ὁρᾷς

2115 4742 2198 4794 ὅτι
2225 4743 2253 4794 ὁ
2288 4740 2518 4802 θάνατος
2543 4739 2637 4793 τοῦ
2694 4737 2931 4811 Χριστοῦ
2958 4739 3099 4809 ὑπὲρ
3124 4737 3223 4806 τῆς
3248 4738 3527 4807 ἡμετέρας
3549 4738 3685 4787 ἀπο-

2116 4827 2441 4899 λυτρώσεως
2470 4829 2724 4895 ὲγένετος
2750 4828 2871 4890 Πῶς
2897 4827 2990 4880 οὖν
3021 4825 3211 4879 τοῦτον
3239 4826 3521 4887 ἀσθενείας
3544 4822 3683 4877 εἶναι

2118 4920 2359 4988 νομίζεις
2388 4920 2478 4972 τὸν
2507 4919 2678 4982 οὕτως
2732 4918 3047 4988 ίσχὺσαντα,
3074 4916 3215 4970 ὥστε
3262 4916 3355 4969 κα)⁸
3384 4914 3485 4977 τὰς
3523 4916 3579 4966 ὲν
3608 4913 3685 4980 τῷ

2120 5010 2268 5080 νόμῳ
2325 5010 2664 5079 παραϐάσεις
2715 5008 3000 5074 ἰάσασθαι;
3029 5007 3154 5071 Πῶς
3186 5007 3279 5061 οὖν
3324 5007 3686 5078 προσ-τρέχεις

2120 5101 2198 5170 τῷ
2224 5101 2373 5172 νόμῳ
2412 5100 2492 5169 τῷ
2513 5100 2685 5163 οὕτως
2752 5100 3020 5169 ἀδυνάτῳ,
3076 5098 3218 5152 ὥστε
3278 5097 3414 5165 μηδὲ
3465 5097 3565 5156 τὰς
3594 5094 3685 5147 ἐπ’

2123 5192 2274 5263 αὐτῷ
2318 5191 2657 5261 παραϐάσεις
2691 5191 2952 5244 δύνασθαι
2972 5190 3409 5263 διορθώσασθαι;
3459 5188 3574 5257 Οὐχ
3599 5188 3686 5241 ὅτι

2127 5288 2361 5357 πονηρὸς
2383 5280 2472 5355 ἦν,
2506 5284 2622 5338 ἀλλ’
2652 5285 2734 5338 ὅτι
2765 5284 3014 5355 ἀσθενής.

2152 5504 2155 5507 -
2202 5472 2318 5539 Τὴν
2364 5471 2723 5541 inferretur
2785 5468 3049 5524 λάϐωσιν
3095 5469 3149 5521 οι
3180 5461 3534 5533 κεκλημένοι
3578 5460 3692 5528 τῆς
