4014 6208
456 296 560 363 315

1375 300 1959 361 TllEOPllYLACTI
2000 302 2417 364 ΒῦιΟΑΒῐίΕ
2460 304 2823 363 ARClIIEP-

3608 300 3716 366 διδ

455 416 592 473 illud
623 414 1036 477 commiserant,
1088 412 1336 481 impuncs
1365 412 1475 464 sint
1525 410 1763 467 dimissi.
1806 411 2020 467 Peecati

2148 430 2217 477 τες
2262 412 2602 484 ἀτιμώρητοι
2633 413 2957 484 ἀφείθησαν⁸
3010 411 3315 483 Ἀμαρτίας
3355 409 3462 479 γάρ
3510 416 3720 483 παρρη-

456 510 601 564 enim
632 507 832 562 ﬁducia
855 515 910 558 et
941 504 1167 558 libertas
1203 509 1287 557 est
1335 501 1665 570 supplicium
1724 503 2022 559 adducere.

456 599 719 666 Qumsivit
751 597 914 649 etiam
957 592 1260 663 Gregorius
1291 594 1454 665 717
1488 592 1771 665 Nyssenus
1803 598 1857 649 in
1893 594 2025 651 Ser-

456 704 618 743 mone
647 686 1018 752 Catechetico,
1051 695 1101 740 el
1161 693 1227 740 de
1258 685 1514 741 Natalitio
1544 687 1750 742 ChriSIi
1773 728 1788 753 ,
1826 689 1892 743 de
1924 689 2028 742 hoc

457 782 601 849 ipso,
634 793 801 845 quare
827 782 881 830 in
913 779 1385 834 consummatione
1414 780 1738 834 saeculorum
1769 781 2030 834 incarna-

454 882 544 924 tus
571 871 639 922 sit
667 867 871 935 Filius;
907 869 1045 923 acin
1082 870 1228 924 hunc
1270 871 1487 924 modum
1528 870 1723 926 diluit:
1756 869 2030 937 Quemad-

464 962 683 1017 modum
712 963 905 1031 Optimi
942 964 1159 1025 medici,
1218 963 1364 1019 intus
1410 965 1592 1019 adhuc
1629 964 1764 1019 l'ebri
1825 980 2031 1034 corpus

459 1054 829 1107 inﬂammante
860 1064 913 1107 et
942 1070 1038 1122 per
1078 1054 1819 1110 causas-morbi'eﬂ'ectrices
1842 1055 2030 1110 incen-

461 1145 648 1207 dente,
684 1145 891 1198 nul'um
932 1145 1193 1200 adhibent
1226 1156 1430 1217 wgroto
1459 1163 1524 1201 ex
1564 1146 1707 1201 cibis
1739 1146 2029 1211 auxilium,

466 1248 856 1309 exspectantes
908 1241 1177 1307 tantisper
1220 1238 1350 1294 dum
1378 1240 1578 1293 malum
1639 1240 1703 1295 ad
1757 1255 2030 1296 summum

461 1333 793 1387 increverit:
828 1332 908 1385 sic
938 1337 992 1384 et
1016 1330 1301 1384 nobiscum
1337 1338 1642 1385 actumest.
1682 1330 2034 1400 Exspectavit

466 1422 770 1478 animarum
806 1405 1281 1487 Medicus,-douec
1317 1422 1576 1476 universa
1629 1422 1849 1476 malitia:
1872 1423 2035 1492 aegri-

464 1514 593 1569 tudo
618 1514 971 1583 panderetur,
1002 1523 1064 1567 ut
1090 1513 1224 1567 nihil
1253 1513 1365 1583 jam
1394 1512 1701 1569 abditorum
1727 1513 2032 1568 iucuratum

466 1614 734 1667 maneret,
798 1604 1012 1658 medico
1069 1604 1416 1659 solummodo
1474 1605 1622 1675 quod
1689 1613 1837 1675 patet
1895 1607 2038 1660 visui

466 1703 713 1748 curante.
741 1694 938 1751 Fusius
967 1702 1148 1750 autem
1176 1696 1360 1750 disces
1387 1712 1507 1765 qua!
1535 1697 1668 1752 dicit
1688 1698 1905 1754 divinus
1932 1699 2034 1762 vir,

469 1787 515 1840 si
548 1786 646 1839 tibi
691 1786 956 1855 placuerit
987 1786 1134 1855 ipsas
1160 1787 1278 1850 eius
1308 1786 1616 1842 Couciones
1656 1789 1854 1858 legere.

542 1878 708 1933 Vens.
743 1879 832 1934 27.
868 1879 935 1932 Et
967 1881 1402 1949 quemadmodum
1450 1890 1708 1935 statutum
1742 1894 1817 1938 est
1866 1884 2041 1938 homi-

468 1973 623 2026 nibus
654 1972 810 2026 semel
843 1973 998 2035 mori,
1032 1980 1211 2040 postea
1250 1981 1425 2027 autem
1451 1973 1737 2043 judicium.
1801 1975 2036 2030 Causam

466 2062 576 2130 jam
613 2079 761 2116 nunc
797 2065 1054 2134 exprimit
1088 2080 1259 2133 quare
1288 2065 1539 2122 Christus
1577 2068 1742 2123 semel
1770 2069 1842 2122 sit
1898 2085 2040 2123 mor-

471 2165 491 2206 t
515 2171 597 2207 ius
624 2171 638 2209 :
667 2171 860 2223 nempe
886 2156 1030 2224 quod
1061 2156 1222 2210 unius
1246 2157 1440 2211 mortis
1468 2157 1647 2212 factus
1681 2158 1749 2214 sit
1769 2162 2037 2227 pretium.

472 2245 743 2299 Statutum
771 2246 916 2299 enim
959 2257 1074 2301 erat
1105 2248 1421 2302 hominibus
1446 2249 1613 2303 semel
1642 2250 1804 2302 mori.
1845 2249 2025 2306 Semel

473 2336 658 2404 itaque
715 2347 964 2391 mortuus
1009 2346 1094 2392 est
1131 2354 1227 2406 pro
1291 2339 1584 2395 universis.
1642 2340 1780 2406 Quid
1835 2340 2044 2411 igitur?

473 2442 619 2483 nunc
649 2441 780 2495 ergo
811 2442 920 2482 non
961 2429 1266 2482 morimur?
1297 2430 1415 2494 Nae,
1471 2431 1566 2484 sed
1600 2439 1775 2486 morte
1828 2448 1936 2485 non
1966 2432 2041 2485 ita

471 2515 797 2583 detinentur,
828 2526 888 2571 ut
928 2523 1181 2581 antehae,
1210 2519 1302 2573 sed
1338 2535 1433 2589 pcr
1488 2535 1637 2589 spnn
1673 2521 2040 2575 resurrectio-

479 2609 587 2671 nis.
618 2609 778 2677 cujus
811 2610 920 2663 dux
982 2610 1160 2665 lactus
1199 2613 1403 2680 estqui
1464 2627 1563 2681 pro
1608 2613 1768 2666 nobis
1808 2622 2039 2666 mortem

475 2700 644 2753 subiit
691 2700 966 2763 Christus,
1021 2716 1088 2755 ne
1137 2716 1287 2757 mors
1339 2703 1559 2771 quidem
1609 2713 1694 2758 est
1726 2719 1873 2758 mors
1915 2704 2041 2767 ista,

476 2806 666 2844 verum
701 2806 955 2846 somnus.
986 2791 1123 2857 Quia
1163 2793 1329 2861 igitur
1359 2810 1506 2847 mors
1531 2809 1721 2850 omnes
1748 2797 2036 2850 detentnra

473 2889 611 2942 erat.
648 2890 938 2952 propterea
966 2891 1217 2940 mortuus
1249 2892 1353 2951 est,
1395 2894 1452 2939 ut
1478 2902 1577 2942 nos
1622 2888 1903 2944 liberaret.
1937 2887 2033 2943 Vel

476 2989 586 3026 nun
613 2973 716 3029 hoc
742 2990 890 3029 nunc
917 2975 1087 3029 voluit
1120 2976 1361 3030 indicare
1384 2979 1702 3046 Apostolus.
1728 2979 1871 3048 quod
1899 2995 2047 3033 mor-

476 3070 586 3115 tem
619 3078 742 3132 qnze
782 3063 1082 3119 debebatur
1114 3066 1275 3121 nobis
1312 3067 1365 3120 in
1386 3068 1715 3136 supplicium
1775 3071 1890 3138 ipse
1923 3087 2044 3140 per-

475 3152 723 3213 silverit.
780 3169 970 3207 verum
1033 3155 1164 3223 quia
1232 3171 1356 3209 vere
1397 3156 1564 3209 homo
1622 3166 1738 3211 erat
1792 3157 2047 3215 Christus

476 3258 511 3311 ι)
544 3254 671 3297 :c-ter
702 3245 803 3300 hoc
836 3247 980 3314 quod
1019 3246 1166 3302 Deus
1198 3258 1367 3312 esset,
1400 3249 1544 3304 sicut
1599 3251 1850 3305 homines
1878 3252 2046 3307 semel

480 3336 816 3402 moriuntur,
854 3336 1048 3391 deinde
1077 3338 1368 3407 judicium,
1405 3342 1486 3395 sic
1519 3350 1571 3396 et
1623 3345 1741 3412 ipse
1771 3343 1938 3399 semel
1965 3352 2049 3400 est

481 3435 755 3481 nun-tuus.
790 3428 931 3482 Audi
967 3441 1146 3484 autem
1178 3447 1299 3499 qme
1323 3443 1652 3501 sequuntur.

550 3518 718 3573 Vens.
746 3519 837 3574 28.
865 3519 954 3575 Sic
979 3531 1027 3574 et
1055 3520 1299 3576 Christus
1346 3525 1503 3578 semel
1552 3526 1781 3580 oblatus.
1812 3528 1851 3578 Α
1902 3528 2052 3595 quo?

474 3610 595 3670 Ipse
619 3627 647 3665 a
677 3613 879 3682 seipse.
905 3612 1135 3668 Etiamsi
1168 3618 1311 3669 enim
1340 3616 1588 3685 pontifex
1619 3629 1724 3681 est,
1757 3628 1840 3674 cst
1868 3633 2047 3675 tamen

474 3710 532 3755 et
562 3701 921 3766 sacriﬁcium,
955 3713 1010 3757 et
1042 3705 1283 3760 victima.

557 3790 622 3845 Ut
659 3794 946 3848 multorum
987 3796 1458 3864 o/ferretpercala.
1496 3799 1966 3867 Quemadmodum
1993 3803 2047 3855 in

482 3896 637 3934 sacra
680 3883 922 3952 Littlrgiu
976 3884 1258 3942 oll‘erimus
1308 3900 1559 3956 peccata,
1596 3892 1865 3958 dicentes,
1925 3890 2050 3946 Sive

481 3972 635 4026 inviti
691 3974 804 4028 sive
832 3976 1120 4031 voluntarii
1184 3983 1556 4048 peccavimus.
1610 3982 1891 4037 condona:
1949 3984 2052 4035 hoc

479 4074 582 4126 est,
618 4066 966 4120 meminimus
993 4082 1197 4121 eorum/
1225 4071 1485 4139 primmu,
1521 4087 1585 4127 ac
1617 4072 1814 4127 deinde
1838 4074 2048 4128 condu-

479 4156 755 4211 nationem
810 4161 1098 4229 petimuslz
1154 4164 1298 4218 haud
1347 4180 1507 4220 secus
1564 4174 1619 4219 et
1668 4166 1784 4235 ipse
1832 4166 2049 4221 locutus

477 4258 562 4301 est
594 4248 662 4301 ad
688 4250 945 4314 Patrem;
982 4253 1089 4308 Pro
1117 4255 1244 4324 ipsis
1280 4272 1371 4324 ego
1400 4257 1675 4325 sancti/ica
1708 4257 2047 4326 meipsum”.

478 4333 576 4390 V’el
604 4338 804 4394 obtulit
828 4354 1074 4411 peccata,
1111 4345 1212 4400 hoc
1237 4354 1342 4410 est,
1377 4347 1606 4401 abstulit
1655 4363 1716 4402 ea
1749 4349 1817 4404 ab
1869 4348 2051 4404 homi-

2132 506 2242 570 σία,
2272 505 2333 558 τὸ
2362 504 2633 575 τιμωρίαν
2669 506 2918 572 ἐπάγειν.
2971 504 3246 573 Ἥπόρησε
3278 503 3334 556 δὲ
3380 503 3477 556 καὶ
3506 505 3534 555 6
3564 503 3715 558 Νύσο

2129 615 2230 668 σης
2269 597 2325 650 ἐν
2374 614 2432 650 τε
2462 595 2539 669 τῷ
2574 594 2962 667 Κατηχητικῷ,
2993 596 3088 648 καὶ
3137 593 3216 664 τῷ
3247 595 3326 657 εἰς
3356 593 3423 647 τά
3454 593 3549 646 τοῦ
3594 593 3721 664 Χρι-

2132 688 2261 742 στοῦ
2299 689 2550 756 γενέθλια
2584 688 2727 757 λόγῳ
2766 688 2893 758 περὶ
2923 685 3088 739 αὑτοῦ
3141 684 3354 750 τούτου,
3391 686 3489 737 Διά
3517 684 3569 736 τί
3628 686 3719 737 ἐπὶ

2133 778 2412 848 συντελείᾳ
2448 777 2556 831 τῶν
2603 776 2814 829 αίώνων
2860 775 3149 847 ὲσαρκώθη
3182 775 3211 825 6
3243 773 3408 839 Υίός;
3440 774 3552 830 Καὶ
3593 774 3716 827 ἑπι-
3756 844 3766 857 ι

2130 868 2336 936 λύεται,
2390 870 2492 932 ὅτι,
2535 869 2725 938 ὥσπερ
2774 868 2824 920 οἱ
2866 868 3076 936 ἄριστοι
3144 866 3341 937 ἰατροὶ,
3388 864 3599 918 ἔνδοθεν
3637 865 3720 918 ἔτι

2132 960 2228 1013 τοῦ
2265 961 2502 1029 πυρετοῦ
2547 960 2608 1013 τὸ
2650 958 3291 1028 σῶμαὺποσμὺχοντος,
3338 958 3432 1010 καὶ
3477 957 3565 1009 διά
3612 956 3722 1009 τῶν

2133 1053 2431 1107 νοσοποιῶν
2473 1052 2661 1107 αἰτίων
2714 1052 3108 1120 ἐξαπτομένου,
3142 1051 3401 1120 οὐδεμίαν
3450 1050 3721 1118 ἐπάγουσι

2134 1144 2212 1213 τῷ
2238 1142 2560 1197 ἀσθενοῦντι
2603 1142 2685 1194 ἐι(
2690 1142 2798 1195 τῶν
2827 1142 3013 1195 σιτίων
3043 1141 3318 1212 βοήθειαν,
3352 1142 3718 1209 ἀναμένοντες

2135 1238 2217 1300 εἰς
2249 1238 2432 1306 ἀκμὴν
2469 1234 2786 1306 προσελθεῖν
2811 1233 2871 1285 τὸ
2895 1232 3085 1296 πάθοςο
3118 1231 3263 1286 οὓτω
3294 1232 3391 1283 καὶ
3421 1232 3508 1299 ἐφ’
3536 1229 3718 1301 ήμῶν.

2148 1328 2456 1398 Ἀνέμεινεν
2486 1328 2513 1380 ὁ
2539 1326 2650 1379 τῶν
2670 1324 2857 1395 ψυχῶν
2898 1323 3105 1393 Ἰατρὸς
3131 1322 3230 1393 τὴν
3265 1321 3365 1390 τῆς
3403 1322 3602 1385 κακίας
3632 1321 3723 1373 νό-

2139 1436 2230 1472 σον
2265 1419 2446 1472 πᾶσαν
2476 1416 2906 1486 ὲκκαλυφθῆναι,
2929 1415 3005 1478 ὡς
3048 1414 3114 1469 ἂν
3147 1413 3312 1485 μηδὲν
3340 1412 3447 1467 τῶν
3475 1430 3722 1484 κεκρυμ-

2141 1511 2317 1582 μένων
2349 1509 2721 1581 ἀθεράπευτον
2759 1508 2940 1579 μείνῃ,
2982 1505 3077 1559 τοῦ
3110 1504 3293 1576 ἰατροῦ
3332 1503 3491 1575 μόνον
3518 1504 3578 1556 τὺ
3613 1522 3724 1573 φα.

2138 1604 2241 1663 νὲν,
2268 1602 2684 1675 θεραπεύοντος.
2742 1600 3086 1671 Πλατύτερον
3128 1597 3183 1651 δὲ
3218 1598 3458 1668 μαθήσῃ,
3491 1595 3528 1649 ὅ.
3558 1612 3722 1666 φησιν

2139 1695 2168 1747 6
2198 1694 2337 1758 θεῖος
2363 1693 2522 1763 ἀνὴρ,
2560 1693 2678 1762 είγε
2712 1709 2794 1747 σοι
2826 1691 3137 1762 βουλομένῳ
3174 1690 3321 1742 ἐστὶν
3357 1688 3602 1758 ἐντυχεῖν
3626 1686 3726 1741 αῦ-

2066 1786 2115 1845 Β
2144 1788 2267 1851 τοῖς⁵
2288 1786 2400 1847 τοῖς
2431 1784 2639 1837 ἐκείνου
2669 1783 2870 1851 λόγοις.

2212 1881 2321 1935 Καὶ
2354 1883 2483 1935 καθ’
2513 1881 2665 1935 ὅσον
2693 1879 3002 1935 ἀπόκειται
3032 1875 3157 1943 τοῖς
3184 1875 3519 1945 ἀνθρώποις
3558 1874 3722 1939 ἅπαξ

2140 1972 2488 2037 ἀποθανεῖν,
2544 1972 2696 2040 μετὰ
2740 1970 2807 2023 δὲ
2863 1969 3037 2023 τοῦτο
3069 1970 3288 2037 κρίσις.
3340 1967 3454 2020 Νῦν
3497 1966 3593 2020 καὶ
3620 1966 3722 2035 τὴν

2143 2067 2321 2120 αἰτίαν
2367 2064 2517 2133 λέγει
2569 2064 2657 2117 διὰ
2711 2064 2756 2096 ³⁸
2789 2062 2841 2116 τί
2885 2060 3034 2126 ἅπαξ
3079 2060 3350 2114 ἀπέθανεν
3405 2062 3433 2113 ὁ
3462 2059 3717 2129 Χριστύς

2142 2159 2297 2221 διότι,
2360 2158 2563 2227 φησὶν,
2623 2156 2743 2218 ἐνὸς
2810 2154 3043 2211 θανάτου
3105 2154 3423 2222 ἀντίλυτρον
3482 2152 3717 2220 ἐγένετο.

2156 2249 2447 2302 ’Λπέκειτο
2498 2246 2608 2319 γὰρ
2657 2250 2772 2311 τοῖς
2845 2246 3156 2317 ἀνθρώποις
3206 2245 3355 2310 ἅπαξ
3405 2244 3718 2298 ἀποθανεῖν.

2144 2339 2315 2393 Τοῦτο
2353 2336 2448 2392 οὖν
2475 2340 2536 2392 τδ
2571 2338 2724 2403 ἅπαξ
2745 2337 3018 2392 ἀπέθανεν
3040 2339 3178 2407 ὑπὲρ
3218 2338 3461 2390 πάντων.
3491 2337 3556 2388 Τί
3586 2331 3720 2399 οὗνς

2143 2432 2257 2485 Νῦν
2283 2433 2384 2484 οὐκ
2408 2430 2858 2501 ἀποθνήσκομενς
2886 2429 3023 2483 Ναί·
3052 2428 3165 2482 ἀλλ’
3185 2429 3284 2481 οὐκ
3305 2428 3725 2498 ἐγκρατούρεΊα

2144 2523 2220 2593 τῷ
2246 2522 2479 2592 θανάτῳ,
2519 2521 2709 2591 ῶσπερ
2737 2519 2948 2592 πρώην,
2977 2520 3113 2574 ἀλλά
3155 2520 3243 2572 διά
3266 2520 3365 2588 τὴν
3396 2518 3587 2571 ἐλπίδα
3626 2517 3724 2585 τῆς

2145 2614 2515 2679 ἀναστάσεως,
2562 2606 2631 2683 ἦς
2655 2612 2900 2681 ἀρχηγὸς
2923 2611 3141 2680 ἐγένετο
3174 2612 3202 2663 6
3236 2610 3373 2680 ὑπὲρ
3401 2609 3559 2680 ἡμῶν
3589 2610 3729 2661 ἀπο-

2147 2702 2324 2756 θανὼν
2352 2701 2609 2772 Χριστὸς,
2634 2702 2755 2754 οὐδὲ
2788 2700 3019 2763 θάνατός
3053 2701 3204 2754 ἐστιν
3228 2700 3257 2752 6
3291 2698 3517 2761 θάνατος
3543 2692 3721 2760 οὗτος,

2146 2795 2261 2848 ἀλλ’
2304 2792 2496 2856 ὕπνος.
2551 2794 2708 2845 Ἐπεὶ
2758 2788 2855 2846 οὖν
2902 2790 3096 2862 ἔμελλε
3134 2792 3340 2853 πάντας
3393 2789 3647 2858 κατέχειν
3693 2786 3722 2837 6

2148 2885 2397 2948 θάνατος,
2430 2883 2516 2937 διὰ
2549 2882 2723 2951 ,τοῦτο
2754 2882 3053 2948 ἀπέθανεν,
3100 2883 3191 2936 ἵνα
3221 2882 3368 2952 ἡμᾶς
3412 2878 3719 2950 ἀπαλλάξῃ.

2148 2979 2215 3030 Ἢ
2245 2977 2306 3029 οὺ
2347 2974 2504 3029 τοῦτο
2543 2974 2795 3045 βούλεται
2837 2973 2932 3027 νῦν
2969 2972 3163 3045 δηλοῦν
3191 2976 3219 3026 ὁ
3254 2972 3596 3035 Ἀπόστολος,
3638 2973 3725 3024 ὅτι

2146 3069 2238 3122 τὸν
2270 3067 2625 3137 ὀφειλόμενον
2679 3068 2812 3137 ἡμῖν
2869 3068 2949 3130 εἰς
2999 3065 3276 3137 τιμωρίαν
3305 3065 3534 3118 Θάνατον
3559 3062 3723 3125 αὐτὸς

2149 3161 2426 3224 ἀπέτισεν,
2458 3160 2573 3211 ἀλλ’
2620 3161 2702 3213 ὅτι
2764 3159 2955 3229 ἐπειδὴ
2988 3158 3277 3229 ἄνθρωπος
3326 3151 3395 3228 ἦν
3440 3155 3659 3225 ἀληθῶς
3698 3159 3727 3207 ὁ

2149 3250 2383 3320 Χριστὸς
2419 3252 2557 3319 μετὰ
2602 3249 2695 3302 τοῦ
2729 3250 2825 3303 καὶ
2856 3248 2990 3311 Θεὸς
3018 3244 3188 3315 εἶναι,
3218 3246 3406 3318 ὣσπερ
3437 3248 3486 3300 οἱ
3514 3245 3727 3315 ἄνθρωο

2151 3360 2241 3394 ποι
2275 3341 2426 3407 ἅπαξ
2452 3341 2915 3411 ἀποθνήσκουσιν,
2954 3335 3075 3392 εἶτα
3126 3342 3161 3408 ἡ
3208 3340 3414 3410 κρίσις,
3448 3337 3510 3390 οὗ
3526 3354 3593 3390 τω
3632 3336 3730 3389 καὶ

2151 3435 2312 3497 αὐτὸς
2338 3432 2487 3498 ἅπαξ
2517 3433 2810 3487 ἀπέθανεν.
2848 3433 3042 3486 Ἄκουε
3086 3426 3180 3486 οῦν
3217 3432 3315 3484 καὶ
3344 3430 3453 3483 τῶν
3485 3428 3638 3498 ἑξῆς.

2224 3525 2386 3578 Οὕτω
2424 3525 2519 3579 καί
2552 3527 2586 3579 ὁ
2624 3522 2879 3593 Χριστὸς
2908 3522 3068 3585 ἅπαξ
3100 3520 3544 3590 προσενεχθείς.
3591 3518 3731 3571 ’Υπδ

2154 3617 2339 3682 τίνος;
2381 3616 2553 3680 Δὺτδς
2610 3616 2702 3680 ὑφ’
2757 3614 2974 3668 ἑαυτοῦ.
3026 3615 3089 3668 Ei
3139 3614 3247 3685 γὰρ
3292 3614 3387 3667 καὶ
3437 3610 3731 3685 ἀρχιερεύς

2151 3710 2318 3771 ἐστιν,
2352 3708 2487 3762 ἀλλὰ
2518 3708 2610 3760 καὶ
2640 3706 2809 3775 θῦμα,
2854 3706 2946 3760 καὶ
2976 3706 3202 3776 ἱερεῖον.

2224 3802 2324 3865 Εἰς
2361 3798 2427 3851 τὸ
2473 3797 2722 3851 πολλῶν
2754 3796 3108 3866 ἀνενεγκεῖν
3162 3795 3472 3864 ἁμαρτίας.
3516 3794 3733 3861 Ὠσπερ

2150 3892 2244 3943 ἐπὶ
2280 3892 2379 3960 τῆς
2417 3888 2581 3957 ἀγίας
2631 3888 2980 3959 λειτουργίας
3037 3887 3387 3956 ἀναφέρομεν
3421 3889 3491 3940 τά
3545 3886 3731 3953 ἁμαρ-

2150 3984 2405 4052 τήματα,
2439 3980 2532 4035 καὶ
2570 3979 2825 4049 λέγομεν,
2860 3980 2985 4034 Εἴτε
3024 3980 3256 4041 ἄκοντες
3281 4017 3297 4042 ,
3348 3977 3460 4030 εἴτε
3509 3976 3732 4039 ἑκόντες

2150 4074 2472 4144 ἡμάρτομεν
2499 4112 2515 4136 ,
2571 4071 2932 4144 συγχώρησον
2958 4084 2972 4099 ·
3028 4069 3328 4132 τουτέστι,
3399 4066 3731 4138 μεμνήμεθα

2149 4167 2329 4219 αὐτῶν
2370 4167 2609 4235 πρῶτον,
2637 4165 2732 4218 καὶ
2768 4164 2889 4218 τότε
2930 4162 3030 4232 τὴν
3067 4163 3415 4231 συγχώρησιν
3444 4159 3727 4228 αἰτοῦμεν·

2148 4256 2290 4311 οὕτω
2319 4256 2410 4309 καὶ
2436 4255 2600 4316 αὐτὸς
2653 4250 2778 4306 εἷπε
2823 4252 2902 4324 τῷ
2933 4252 3125 4322 Πατρί·
3169 4250 3338 4320 ’Υπὲρ
3385 4248 3584 4303 αὐτῶν
3612 4246 3731 4317 ἐγὼ

2148 4346 2357 4416 ἁγιάζω
2406 4346 2688 4415 ἐμαυτόν.
2742 4346 2814 4399 ἸΙ
2865 4326 3134 4415 ἀνήνεγκε
3190 4344 3259 4398 τά
3327 4343 3730 4414 ἁμαρτήματα,

480 4429 752 4493 nibus,ct
805 4435 1007 4489 obtulit
1053 4436 1227 4501 Patri,
1260 4446 1315 4490 ut
1372 4438 1483 4505 ipsa
1551 4439 1808 4496 dimittat.
1866 4440 2040 4507 Quare

2148 4440 2451 4501 τουτέστιν,
2477 4434 2612 4509 ἦρεν
2636 4437 2775 4490 αῦτά
2799 4437 2907 4491 ἀπὸ
2937 4436 3046 4489 τῶν
3076 4435 3402 4505 ἀνθρώπων,
3432 4433 3527 4486 καὶ
3557 4448 3729 4502 προτ-

474 4527 655 4573 autem
691 4521 831 4576 dixit
859 4523 1151 4580 Multorum
1202 4536 1255 4581 et
1306 4545 1433 4591 non.
1464 4527 1756 4585 Omnium?
1779 4532 2047 4598 Quoniam

480 4626 587 4661 non
623 4627 814 4668 omnes
854 4616 1216 4670 crediderant.
1254 4617 1398 4674 Mors
1426 4620 1569 4676 enim
1601 4624 1720 4692 ejus
1757 4624 1858 4677 fuit
1878 4624 2052 4694 aequi-

477 4696 665 4748 \'aleus
698 4700 941 4754 omnium
981 4702 1245 4766 interitui,
1295 4722 1377 4766 ac.
1417 4718 1679 4777 quantum
1715 4712 1766 4765 in
1795 4713 1914 4782 ipso
1942 4720 2048 4778 est,

479 4802 575 4852 p-'o
626 4791 879 4844 omnibus
937 4805 1189 4852 mortuus
1237 4809 1340 4857 est.
1387 4801 1503 4857 Non
1563 4805 1809 4858 omnium
1866 4812 2048 4859 autem

477 4890 701 4944 pet-cata
739 4884 962 4949 obtulit,
992 4902 1060 4942 eo
1094 4892 1233 4955 quod
1294 4894 1571 4949 uoluerint
1634 4895 1758 4963 ipsi.
1811 4893 2050 4949 Proinde

477 4970 727 5024 inutilem
760 4974 862 5029 sibi
906 4976 1030 5032 Filii
1063 4978 1156 5035 Dei
1191 4993 1421 5039 mortem
1467 4985 1568 5053 ipsi
1624 4986 1893 5049 iecorum,
1924 5002 2048 5055 qua:

475 5075 564 5115 res
595 5074 679 5117 est
708 5082 841 5120 sane
875 5068 1172 5128 horrenda.
1206 5075 1331 5131 llzee
1378 5075 1486 5131 divi
1543 5076 1775 5132 Joannis
1804 5079 2049 5150 Chryso-

471 5168 499 5207 ε
530 5156 637 5209 omi
674 5170 757 5212 est
793 5166 1089 5219 sententia.
1125 5166 1325 5237 [lepori
1351 5177 1533 5224 autem
1568 5171 1733 5241 718
1757 5173 1896 5241 apud
1924 5182 2047 5226 eum

470 5244 525 5297 in
577 5245 721 5303 hunc
760 5251 1033 5325 Evangelii
1075 5258 1254 5312 locum
1278 5299 1291 5317 .
1326 5258 1395 5312 Ut
1437 5261 1670 5314 animum
1700 5277 1852 5315 suam
1877 5263 1930 5315 in
1962 5280 2046 5316 re-

466 5340 816 5403 acmptionem
843 5342 995 5398 daret
1025 5363 1121 5415 pro
1158 5348 1338 5402 multis
1369 5348 1435 5413 ",
1469 5352 1877 5408 annulatiouem
1904 5368 2046 5422 quo-

577 5516 621 5549 ³³
649 5516 808 5574 Joan.
831 5537 964 5589 xvu,
995 5525 1082 5579 l9.
1155 5528 1199 5559 ³⁸
1226 5526 1415 5585 Matth.
1442 5546 1592 5599 τινι,
1626 5536 1715 5589 Ξ8.

2154 4534 2349 4603 ήνεγκε
2394 4530 2471 4599 τῷ
2514 4531 2713 4600 ιιατρὶ,
2768 4529 2857 4582 ἵνα
2914 4528 3054 4584 αὐτά
3103 4529 3240 4599 ἀφῇ.
3281 4528 3440 4589 Τίνος
3461 4525 3520 4580 δὲ
3542 4525 3733 4577 ἕνεκεν

2150 4622 2293 4690 εἷπε,
2325 4622 2597 4685 Πολλῶν,
2630 4621 2722 4674 καὶ
2745 4620 2830 4684 οὐ,
2869 4621 3132 4686 Πάντων;
3175 4619 3395 4687 Ἐπειδὴ
3423 4617 3497 4689 μὴ
3530 4616 3736 4678 πάντες

2149 4714 2504 4768 ἐπίστευσαν.
2546 4712 2605 4767 Ὅ
2654 4713 2754 4781 μὲν
2797 4714 2905 4783 γὰρ
2939 4712 3167 4775 θάνατος
3196 4710 3364 4765 αὑτοῦ
3401 4710 3735 4780 ἀντίρροπος

2105 4800 2215 4875 ’ἦν
2269 4804 2370 4875 τῆς
2426 4804 2645 4859 πάντων
2675 4802 2975 4866 ἀπωλείας,
3021 4803 3119 4854 καὶ
3153 4801 3277 4853 ὅσον
3325 4799 3388 4852 τὸ
3435 4799 3520 4851 ἐπ’
3553 4795 3727 4863 αὐτῷ,

2152 4896 2293 4967 ὑπὲρ
2327 4896 2546 4950 πάντων
2572 4894 2843 4948 ἀπέθανεν
2868 4911 2881 4924 ⁶
2914 4894 2973 4946 οὐ
3013 4892 3232 4945 πάντων
3257 4891 3313 4943 δὲ
3336 4894 3434 4953 τὰς
3455 4886 3734 4959 ἁμαρτίας

2147 4987 2440 5055 ἀνήνεγκε,
2476 4984 2567 5038 διὰ
2612 4984 2674 5037 τὺ
2709 4986 2785 5053 μὴ
2819 4983 3044 5052 θελῆσαι
3101 4981 3322 5043 αὐτούς.
3356 4981 3522 5032 Ὥστε
3558 4980 3732 5049 ἀχρηο

2150 5095 2275 5130 στον
2306 5078 2520 5140 ἑαυτοῖς
2553 5076 2646 5129 τὸν
2680 5076 2910 5130 θάνατον
2938 5074 3031 5128 τοῦ
3066 5073 3196 5127 Υἰοῦ
3238 5072 3332 5127 τοῦ
3358 5070 3495 5125 Θεοῦ
3538 5071 3732 5137 ἐποίη-

2149 5185 2265 5233 σαν,
2328 5168 2356 5220 ὃ
2410 5169 2507 5221 καὶ
2554 5167 2757 5237 φρίκης
2801 5167 2973 5233 ἄξιον.
3035 5165 3195 5218 Οῦτω
3245 5165 3344 5234 μὲν
3384 5162 3412 5213 ὁ
3455 5160 3733 5233 μακάριος

2168 5259 2446 5328 Ἰωάννης.
2504 5251 2678 5330 Εὗρον
2713 5258 2771 5312 δὲ
2825 5259 2883 5311 ὲν
2930 5256 3008 5326 τῷ
3039 5256 3356 5326 Εὐαγγελίῳ
3384 5256 3461 5318 είς
3494 5253 3579 5314 τὸ,
3623 5250 3734 5306 Καὶ

2154 5350 2365 5406 δοῦναι
2406 5348 2519 5418 τὴν
2548 5348 2761 5420 ψυχὴν
2800 5348 2990 5404 αὑτοῦ
3038 5350 3265 5417 λύτρον
3297 5344 3429 5403 ἀντὶ
3456 5339 3732 5406 πολλῶν,

1806 5623 2007 5688 Variae
2038 5618 2365 5683 lectiones.

538 5706 584 5738 ²³
616 5707 770 5780 δι’ἦν
800 5727 851 5766 ο⁹
