4014 6208
485 344 592 409 319

1409 337 1985 405 THEOPHYLACTI
2050 334 2460 404 BUI.GAR[/E
2493 335 2846 401 ARCHIEI’.

3637 336 3748 401 3Ξο

487 459 623 511 stias
655 455 969 510 incruentas
991 459 1253 524 perpetuo
1289 450 1619 508 oderimus?
1652 454 1886 508 Uamino
1915 471 1927 504 :
1959 452 2053 509 sed

2160 448 2417 503 θανάτου.
2472 448 2584 500 Καὶ
2635 445 2736 516 μία
2781 445 2929 498 ἐστὶν
2978 442 3153 515 αὕτη,
3188 444 3250 498 οὐ
3301 443 3522 503 πολλαὶ,
3558 445 3751 518 ἐπειδὴ

487 546 809 602 memoriam
864 544 1097 598 facimus
1160 544 1353 599 mortis
1396 544 1635 599 Domini.
1693 546 1902 615 Estque
1952 545 2058 599 ista

487 640 670 701 ttttica,
696 653 803 690 non
830 637 1031 698 multae,
1053 634 1492 705 quandoquidem
1519 636 1687 690 semel
1716 636 1931 690 oblatus
1953 643 2058 692 est.

482 727 620 783 Nam
656 728 904 782 eumdem
940 740 1155 795 semper
1179 727 1480 793 offerimus,
1502 727 1610 782 imo
1647 728 1828 797 potius
1859 743 2061 781 memo-

482 822 621 874 riam
660 820 806 872 illius
839 818 1137 872 oblationis
1169 816 1424 883 facimus,
1450 832 1557 888 qua
1601 834 1660 872 se
1692 821 1809 887 ipse
1840 819 2059 885 obtulit,

483 926 584 962 cett
612 908 723 977 jam
759 923 903 962 nunc
938 907 1079 961 facta
1117 909 1208 962 sit.
1243 907 1481 963 Proinde
1523 909 1744 963 unicum
1780 918 1863 964 est
1889 909 2062 964 sacri-

486 1001 691 1053 ﬁcium.
747 998 880 1051 Nam
931 999 1077 1068 quod
1117 999 1181 1052 ad
1223 1000 1584 1068 quaestionem
1661 1000 1877 1065 attinet,
1920 1005 2060 1064 Icum

481 1090 670 1145 multis
705 1090 759 1143 in
799 1089 934 1143 locis
966 1088 1217 1153 oliertur,
1251 1102 1380 1143 nunt
1430 1089 1594 1158 igitur
1631 1091 1785 1143 multi
1818 1090 2063 1146 Christi?

481 1197 821 1250 nequaquam
854 1198 868 1236 :
906 1182 998 1237 sed
1027 1198 1169 1239 unus
1197 1192 1281 1237 est
1317 1183 1534 1252 ubique,
1565 1191 1619 1237 et
1652 1183 1738 1237 hic
1768 1184 1982 1253 plenus,
2011 1194 2065 1239 et

480 1274 592 1327 illic
622 1274 817 1344 plenus
851 1282 902 1327 et
930 1274 1229 1342 perfecms,
1274 1289 1555 1342 unumque
1605 1290 1831 1344 corpus.
1863 1275 2068 1342 Quent-

480 1364 778 1418 admodum
826 1364 971 1419 enim
1021 1366 1279 1420 Christus
1329 1366 1383 1420 in
1435 1366 1620 1420 multis
1659 1368 1794 1422 locis
1849 1367 2064 1424 oblatus

481 1474 649 1512 unum
703 1472 905 1526 corpus
962 1467 1067 1519 est.
1103 1466 1158 1513 et
1197 1475 1307 1512 non
1367 1458 1536 1513 multa
1587 1474 1839 1529 corpora,
1888 1462 1969 1515 sic
2012 1469 2067 1518 et

479 1564 648 1602 unum
697 1548 1051 1604 sacrificium.
1105 1547 1240 1602 Nam
1278 1550 1426 1604 illam
1478 1550 1715 1605 hostiam
1752 1551 2064 1619 offerimus,

478 1651 599 1709 quae
633 1649 746 1691 tum
774 1648 887 1691 erat
910 1638 1117 1692 oblata.
1152 1637 1267 1692 lllic
1302 1650 1483 1694 autem
1508 1641 1650 1696 alius
1681 1651 1801 1697 erat
1826 1642 1918 1712 qui
1951 1643 2067 1698 lteri

478 1732 699 1783 oblatus
731 1736 869 1793 erat,
915 1742 1089 1798 agnus
1139 1726 1392 1792 fortasse,
1439 1745 1469 1784 a
1494 1731 1718 1785 victima
1746 1744 1867 1801 quae
1903 1732 2065 1787 hodie

2169 540 2318 605 ἅπαξ
2349 540 2717 610 προσηνέχθη.
2750 538 2852 591 Τὸν
2883 538 2993 608 γὰρ
3024 538 3187 590 αὐτὸν
3216 538 3305 591 ἀεὶ
3334 538 3746 608 προσφέρομεν,

2168 632 2372 703 μᾶλλον
2396 632 2454 685 δὲ
2488 631 2796 701 ἀνάμνησιν
2823 633 2922 700 τῆς
2955 631 3277 700 προσφορᾶς
3305 630 3525 698 ἐκείνης
3562 631 3753 684 ποιοῦ-

2169 740 2290 792 μεν,
2339 723 2414 786 ὡς
2459 721 2555 776 νῦν
2589 722 2904 791 γινομένης.
2938 721 3105 773 ’Ὥστε
3165 721 3263 790 μία
3313 722 3464 774 ἐστὶν
3500 724 3531 790 ή
3563 722 3746 778 θυσία.

2177 815 2334 868 Ἐπεὶ
2368 816 2491 867 ὅσον
2524 831 2587 883 γε
2618 815 2763 868 κατά
2813 814 2874 866 τὸ
2925 813 3258 883 ζητούμενον
3283 853 3297 876 ,
3337 813 3525 884 ἐπειδὴ
3552 800 3769 868 πολλαέ

2164 906 2262 976 χοῦ
2298 908 2663 976 προσφέρεται
2694 943 2709 967 ,
2751 901 2861 975 ἄρα
2896 902 3081 957 πολλοὶ
3144 903 3409 973 Χριστοίς
3458 903 3745 974 Οὐδαμῶς·

2167 997 2284 1052 ἀλλ’
2321 992 2402 1060 εἷς
2455 994 2755 1068 πανταχοῦ,
2811 999 2907 1051 καὶ
2958 994 3192 1049 ἐνταῦθα
3248 995 3468 1064 πλήρης
3514 993 3623 1060 ὢν,
3653 998 3748 1049 καὶ

2168 1093 2286 1144 ἐκεῖ
2320 1090 2554 1160 πλήρης,
2587 1087 2645 1141 ἓν
2678 1088 2858 1159 σῶμα.
2889 1088 3105 1158 Ὠσπερ
3129 1086 3224 1140 οὖν
3259 1086 3530 1156 πολλαχοῦ
3580 1105 3750 1156 προσο

2169 1178 2466 1252 φερόμενος
2522 1180 2582 1234 ἓν
2632 1181 2790 1250 σῶμα
2828 1180 2967 1241 ἐστι,
3030 1181 3123 1233 καὶ
3164 1179 3226 1232 οὐ
3279 1178 3450 1232 πολλά
3493 1176 3743 1249 σώματα,

2169 1278 2311 1331 οὕτω
2337 1279 2432 1331 καὶ
2461 1276 2558 1346 μία
2595 1275 2777 1330 θυσία.
2814 1275 3058 1346 Ἑκείνην
3097 1276 3206 1346 γὰρ
3240 1276 3624 1344 προσφέρομεν
3646 1276 3746 1345 τὴν

2169 1371 2292 1425 τότε
2334 1369 2819 1442 προσενεχθεῖσαν.
2880 1371 3031 1423 Ἐκεῖ
3070 1370 3128 1423 δὲ
3168 1369 3358 1439 ἔτερος
3409 1365 3507 1440 ἦν,
3544 1372 3572 1422 ὁ
3618 1370 3748 1439 χθὲς

2171 1462 2575 1532 προσενεχθείς,
2608 1462 2781 1533 ἀμνὸς
2814 1462 2998 1533 τυχὸν,
3049 1460 3200 1530 παρά
3229 1461 3320 1513 τὸν
3348 1462 3606 1531 σήμερον.
3634 1463 3748 1515 Καὶ

2170 1544 2269 1620 οὐχ
2305 1552 2381 1615 ὠς
2414 1551 2720 1621 ἀνάμνησιν
2747 1548 2844 1603 τοῦ
2876 1550 3003 1619 χθὲς
3027 1591 3043 1616 ,
3076 1551 3391 1620 προσήγετο
3419 1553 3447 1603 ὁ
3479 1552 3742 1621 σήμερον,

2173 1641 2288 1694 ἀλλ’
2317 1641 2391 1704 ὡς
2420 1641 2578 1704 αὐτὸς
2609 1639 2733 1694 καθ’
2765 1639 2926 1694 αὑτὸν
2954 1640 3147 1694 θυσίαν
3191 1641 3383 1696 τελῶν.
3419 1642 3542 1707 Πῶς
3582 1640 3677 1696 οὖν
3717 1644 3746 1696 ὁ

2188 1732 2508 1794 Ἀπόστολος
2555 1731 2725 1800 λέγει,
2759 1732 2890 1796 ταῖς
2918 1726 3131 1799 αὐταῖς
3183 1734 3461 1799 θυσίαις-ς
3489 1736 3553 1787 At
3582 1734 3747 1791 αὑταὶ

478 1822 740 1885 ιιεΐιειιιυνς
795 1833 894 1872 nec
947 1819 1115 1872 veluti
1146 1825 1603 1876 commemoratio
1634 1834 1755 1879 erat
1791 1825 2056 1879 hesterna!

2169 1822 2268 1892 μὲν
2292 1818 2387 1875 οὖν
2410 1817 2552 1893 ἦσαν
2581 1796 2787 1889 θυσίαι,
2814 1822 2949 1877 καθὸ
2974 1822 3042 1876 τὰ
3069 1796 3211 1876 αι)τά
3240 1825 3355 1894 εῖδη
3382 1796 3744 1895 προσήγοντο,

477 1911 792 1973 oblationis,
833 1911 925 1979 qui
964 1910 1123 1963 hodie
1168 1909 1502 1967 oiferehatur
1554 1930 1750 1983 agnus,
1799 1917 1896 1970 sed
1944 1917 2061 1986 ipse

476 2019 573 2074 per
618 2004 857 2071 seipsum
888 2002 1218 2057 sacrificium
1267 2006 1605 2071 perliciebat.
1639 2006 1926 2072 Quomodo
1956 2008 2061 2078 igi-

477 2102 567 2150 tur
609 2095 695 2149 ltic
748 2094 823 2147 ait
876 2094 1197 2163 Apostolus,
1245 2096 1433 2150 iisdem
1485 2099 1817 2166 sacriﬁciis?
1854 2080 2057 2154 Eadem

475 2185 745 2240 sacrificia
771 2184 1014 2246 fuerunt,
1036 2185 1478 2255 quandoquidem
1511 2188 1714 2243 eadem
1739 2190 1955 2259 species
1977 2189 2061 2244 of-

476 2268 814 2341 ferebantur,
879 2275 1041 2330 veluti
1091 2290 1271 2347 agnus
1323 2278 1507 2342 hodie,
1556 2285 1612 2333 et
1656 2279 1707 2333 in
1756 2282 2057 2336 crastinum

475 2350 649 2436 agnus
678 2385 690 2420 :
731 2381 965 2422 numero
997 2382 1123 2422 vero
1159 2368 1400 2423 diversa.
1429 2367 1687 2425 Nonnulli
1718 2380 1897 2426 autem
1931 2386 2056 2428 eas-

473 2453 595 2508 dem
634 2455 732 2511 has
763 2469 887 2512 esse
921 2457 1178 2511 dixerunt
1225 2460 1386 2512 moon
1433 2460 1762 2526 oblationis;
1811 2462 1915 2516 hoc
1952 2472 2057 2529 est,

473 2550 618 2616 quod
666 2547 749 2601 vel
794 2564 891 2618 per
922 2549 1147 2612 caedem,
1178 2550 1262 2604 vel
1311 2550 1717 2606 cremationem
1752 2553 1866 2608 fieri
1898 2554 2059 2624 jubeo

472 2645 705 2691 rentur:
741 2639 926 2706 specie
959 2654 1088 2692 vero
1119 2640 1390 2699 diversas.
1426 2650 1487 2695 ut
1531 2654 1680 2709 ores,
1718 2644 1904 2710 boves,
1940 2653 2060 2700 tur-

473 2735 645 2791 tores,
695 2728 1003 2784 columbas.
1054 2728 1225 2786 Porro
1278 2733 1495 2789 etiamsi
1531 2736 1867 2805 exemplaria
1911 2751 2060 2806 quae-

472 2819 598 2874 dam
630 2812 889 2876 δύναντοὶι
933 2823 1181 2878 scribant
1234 2840 1360 2879 cum
1393 2843 1444 2892 ν,
1503 2827 1690 2883 inveni
1747 2839 1932 2885 tamen
1965 2831 2060 2886 ad-

2163 1909 2275 1969 οἷον
2304 1914 2477 1984 ἀμνὸς
2506 1916 2769 1985 σήμερον,
2802 1916 2896 1969 καὶ
2918 1914 3112 1987 αὔριον
3151 1917 3340 1988 ἀμνός·
3361 1919 3547 1989 ἐτέραι
3583 1920 3638 1973 δὲ
3666 1920 3743 1990 τῷ

2162 2006 2402 2077 ἀριθμῷ.
2439 2007 2598 2070 Τινὲς
2644 2006 2703 2059 δὲ
2755 1996 2856 2071 τὰς
2899 2006 3077 2071 αὐτὲις
3126 2009 3225 2079 μὲν
3270 2003 3412 2063 εἶναι
3437 2011 3641 2073 ταύτας
3664 2013 3742 2082 τῷ

2162 2098 2351 2170 τρόπῳ
2396 2098 2498 2168 τῆς
2553 2101 2929 2169 προσαγωγῆς
2988 2094 3144 2154 εἷπον
3170 2117 3184 2130 ’
3225 2102 3527 2166 τουτέστιν,
3567 2103 3599 2173 ἢ
3652 2104 3742 2157 διὰ

2163 2191 2398 2260 σφαγῆς,
2429 2191 2460 2261 ἢ
2485 2190 2570 2244 διὰ
2604 2190 3023 2254 ὁλοκαυτώσεως
3051 2190 3299 2259 γίνεσθαι
3330 2193 3742 2263 προσταττομέ-

2162 2296 2280 2346 νας·
2315 2281 2393 2352 τῷ
2435 2281 2494 2335 δὲ
2525 2279 2678 2347 εἴδει,
2712 2283 2942 2352 ἐτέρας·
2973 2277 3087 2335 οἷον
3122 2284 3393 2354 πρόϐατα,
3429 2283 3577 2355 βόας,
3613 2298 3744 2356 τρυ-

2161 2372 2351 2441 γόνας,
2382 2361 2731 2445 περιστεράς.
2770 2374 2915 2427 Τδδὲ
2939 2373 3248 2438 δύνανται,
3283 2377 3332 2428 εί
3369 2376 3462 2430 καὶ
3493 2376 3561 2433 τὰ
3582 2378 3733 2430 ἀντί-

2161 2480 2350 2536 γραφα
2396 2464 2580 2536 έχουσι
2622 2466 2762 2536 μετά
2789 2464 2906 2530 τοῦ,
2940 2483 2992 2531 ν,
3019 2466 3135 2519 ἀλλ’
3168 2466 3317 2537 ὅμως
3367 2461 3527 2539 εὗρον
3562 2487 3741 2539 παρα-

2161 2554 2387 2624 γραφὴν,
2434 2554 2603 2625 χωρὶς
2654 2552 2747 2607 τοῦ
2774 2595 2790 2622 ,
2833 2571 2888 2617 ν,
2945 2554 3104 2608 τοῦτο
3156 2557 3391 2626 γράφειν
3437 2556 3734 2622 ἀξιοῦσαν·

2160 2644 2327 2698 Σκιάν
2376 2645 2485 2715 γάρ
2534 2644 2695 2715 ἔχων,
2744 2646 2950 2716 φησὶν,
2987 2648 3015 2700 ὁ
3069 2647 3232 2718 νόμος
3268 2648 3378 2701 τῶν
3432 2648 3740 2719 μελλόντων

2158 2736 2400 2800 ἀγαθῶν,
2454 2738 2711 2792 οὐδέποτε
2771 2734 3024 2795 δύναται
3088 2741 3216 2804 τοὺς
3266 2743 3740 2812 προσερχομένους

2156 2827 2464 2883 τελειῶσαι.
2495 2829 2605 2883 Καὶ
2637 2828 2855 2898 ἀληθῶς
2884 2845 2970 2898 γε,
3000 2830 3126 2884 ὅσον
3156 2831 3301 2886 κατά
3338 2832 3398 2885 τὸ
3425 2832 3526 2900 τῆς
3550 2848 3736 2901 γραμ-

475 2908 852 2974 notationem,
919 2911 1145 2966 verbum
1182 2911 1397 2982 listhttc
1457 2916 1577 2972 sine
1624 2934 1652 2970 ν
1703 2919 2056 2975 scribendum

2162 2923 2399 2992 ματικῆς
2433 2921 2721 2994 ἀκριϐείας
2764 2922 3082 2990 ἀκόλουθον,
3134 2920 3279 2978 οὕτω
3336 2922 3418 2978 δεῖ
3460 2925 3605 2995 ἔχειν
3635 2926 3736 2993 τὴν

448 3004 597 3054 esse
620 3009 933 3054 censentem
971 3018 984 3054 :
1018 2999 1275 3058 Umbram
1312 3007 1482 3070 cnim,
1510 3008 1707 3078 inquit,
1738 3010 1945 3066 habens
1970 3011 2056 3067 lex

2159 3013 2413 3085 Γραφὴν,
2460 3015 2549 3069 ἵνα
2588 3016 2662 3085 μὴ
2700 3015 3046 3085 σολοικισμὸς
3092 3016 3370 3089 ἀνακύψη.
3417 3016 3637 3087 Ἐπειδὴ
3678 3020 3734 3069 δὲ

475 3091 784 3146 futurorum
824 3093 1091 3148 bonorum
1118 3136 1134 3162 ,
1179 3111 1458 3166 nunquam
1510 3111 1683 3169 potest
1730 3104 2056 3159 accedentes

475 3180 746 3203 ..-_l'--n--
784 3182 959 3203 f---_-
1033 3186 1049 3203 ι
1080 3200 1094 3203 _
1139 3200 1253 3203 ,,_-_
1387 3188 1397 3200 -
1423 3188 1437 3203 I
1700 3200 1710 3203 _
1900 3193 1913 3203 ι
2000 3200 2008 3203 .

2159 3105 2225 3174 τῇ
2254 3104 2443 3175 Γραφῇ
2480 3105 2837 3175 τεχνολογιῶν
2873 3107 3049 3170 οὐδεὶς
3073 3107 3253 3175 λόγος,
3283 3108 3378 3161 καί
3404 3106 3577 3170 οὕτως
3603 3106 3735 3161 αὐτὸ

472 3180 748 3250 perfectos
784 3182 984 3238 facere.
1022 3186 1099 3239 Ac
1135 3200 1261 3241 vere
1306 3188 1552 3257 quidem,
1585 3200 1859 3260 quatenus
1894 3193 2050 3262 juxta

2159 3196 2443 3265 νοήσωμεν
2487 3194 2564 3259 ὡς
2604 3196 2671 3250 τὰ
2700 3198 3008 3267 ἀντίγραφα
3035 3197 3254 3268 ἔχουσιν
3280 3212 3294 3227 ·
3328 3197 3596 3252 Οὐδέποτε
3626 3197 3735 3268 γὰρ

469 3276 845 3342 grammaticae
893 3284 1145 3331 exactam
1181 3280 1446 3334 rationem
1500 3283 1581 3336 sic
1623 3294 1875 3353 oporteat
1904 3284 2051 3340 hunc

2159 3286 2466 3351 δύνανται,
2506 3290 2554 3341 οἱ
2590 3290 2993 3361 προσφέροντες
3036 3289 3259 3361 δηλαδὴ,
3288 3290 3578 3344 τελειῶσαι
3609 3290 3738 3352 τοὺς

471 3365 654 3420 locum
693 3367 917 3430 habere,
956 3384 1024 3424 ne
1075 3369 1423 3427 soloecismus
1452 3386 1718 3446 emergat.
1761 3377 1897 3442 Quia
1923 3384 2051 3433 vero

2164 3378 2663 3449 προσερχομένους.

466 3462 750 3531 Scriptura
802 3463 1004 3517 artihm
1076 3465 1409 3523 subtilitates
1459 3480 1566 3522 non
1629 3480 1909 3538 moratur,
1963 3472 2039 3526 ita
2072 3473 2235 3528 etiam
2269 3475 2414 3529 istud
2444 3475 2832 3544 intelligamus,
2890 3477 3034 3530 sicut
3092 3478 3422 3547 exemplaria
3484 3479 3736 3535 habent:

468 3550 755 3621 Nunquam
788 3553 933 3607 enim
964 3563 1184 3624 possunt
1219 3555 1532 3626 (olferentes
1575 3562 1842 3632 videlicet)
1899 3561 2170 3632 perfectos
2211 3562 2394 3618 facere
2419 3565 2771 3619 accedentes.

543 3646 704 3700 Vens.
729 3647 785 3703 Ξ.
817 3647 1032 3716 Alioqui
1057 3665 1159 3702 non
1197 3662 1488 3705 cessassent
1519 3655 1723 3723 a/ferri,
1754 3656 1893 3726 quod
1932 3656 2054 3710 nul-

2244 3656 2409 3710 Ἐπεί
2437 3658 2549 3710 οὐκ
2592 3656 2671 3712 ἂν
2703 3657 3052 3712 ἐπαύσαντο
3096 3660 3592 3727 προσφερόμεναι,
3637 3658 3738 3713 διὰ

470 3738 581 3790 iam
607 3738 855 3792 haberent
886 3742 1032 3795 ultra
1080 3745 1454 3797 conscientiam
1498 3757 1854 3811 peccatorum,
1881 3748 2052 3802 culte-

2159 3750 2224 3802 τὸ
2249 3748 2548 3818 μηδεμίαν
2579 3749 2744 3818 ἔχειν
2775 3749 2864 3802 ἔτι
2893 3748 3251 3816 συνείδησιν
3275 3749 3575 3820 ἁμαρτιῶν
3594 3751 3738 3816 τοὺς

469 3841 554 3881 τρε
584 3828 741 3882 semet
763 3833 994 3900 purgati.
1022 3832 1125 3888 Per
1148 3834 1631 3905 interrogationem
1662 3838 1795 3907 lege.
1822 3837 1877 3891 Si
1901 3839 2047 3892 enim

2159 3842 2577 3909 λατρεύοντας,
2619 3839 2784 3904 ἅπαξ
2823 3839 3330 3909 κεκαθαρμένους.
3363 3842 3497 3894 Κατ’
3529 3841 3738 3911 ἐρώτη-

472 3928 697 3988 pcccata
734 3923 1124 3992 removissent,
1184 3936 1369 3982 nonne
1412 3929 1574 3982 etiam
1609 3912 1803 3984 hostire
1852 3930 2050 3986 desiis-

2159 3946 2245 3984 σιν
2283 3930 2583 3998 ἀνάγνωθι.
2623 3931 2684 3984 El
2721 3931 2831 4001 γὰρ
2870 3930 3093 3993 ἔπαυον,
3128 3933 3315 4001 φησὶν,
3357 3932 3642 4002 ἁμαρτίαι,
3670 3935 3732 3987 οὐ

468 4020 591 4065 sent
620 4011 842 4079 offerri,
872 4017 1075 4087 quippe
1115 4019 1183 4073 iis
1216 4020 1433 4075 abunde
1458 4023 1591 4076 satis
1636 4021 1861 4091 adjutis,
1890 4024 2053 4093 720

2159 4024 2226 4094 μὴ
2259 4022 2569 4077 ἐπαύσαντο
2604 4024 2698 4077 καὶ
2764 4016 2926 4077 αὗται
2956 4016 3423 4094 προσφερόμεναι,
3481 4025 3574 4079 ᾶτε
3622 4025 3735 4078 τῶν

472 4102 565 4169 qui
611 4117 799 4157 earum
853 4104 1249 4163 commoditate
1290 4110 1618 4179 indigerent,
1653 4128 1830 4181 neque
1884 4111 2047 4166 ullam

2159 4116 2420 4186 Ξεομένων
2445 4116 2543 4185 τῆς
2578 4115 2758 4169 αὐτῶν
2787 4114 3052 4183 ὠφελείας
3087 4115 3290 4179 ἱκανῶς
3317 4116 3731 4186 ὠφεληθέντων,

471 4208 637 4263 porro
658 4199 864 4266 peccati
894 4200 1292 4254 conscientiam
1323 4201 1621 4256 haberent?
1651 4203 1753 4257 hoc
1779 4213 1887 4268 est,
1915 4205 2048 4259 nihil

2159 4209 2241 4262 eat
2278 4208 2587 4279 μηδεμίαν,
2623 4207 2705 4261 ἔτι
2763 4208 3066 4278 συνείδησιν
3112 4210 3401 4279 ἁμαρτιῶν
3454 4210 3731 4279 ὲχόντωνς

476 4285 584 4342 sibi
631 4288 841 4343 conscii
885 4287 1121 4357 alicujus
1168 4291 1269 4353 rei,
1322 4307 1442 4360 qua:
1475 4308 1605 4347 cura
1662 4310 1799 4364 Opus
1827 4296 2043 4360 habeat,

468 4385 758 4444 propterea
787 4379 930 4448 quod
959 4381 1071 4435 sint
1092 4382 1288 4445 sanati,
1316 4386 1531 4452 purgati
1558 4386 1751 4439 semel.

543 4463 706 4522 Vens.
747 4469 801 4522 3.
843 4467 947 4522 Sed
986 4471 1041 4522 in
1077 4470 1207 4536 ipsis
1240 4476 1672 4528 commemoratio
1703 4486 2041 4543 peccatorum

467 4563 560 4623 per
584 4557 820 4624 singulos
851 4575 1021 4613 annos
1054 4561 1136 4626 ﬁt.
1173 4560 1318 4614 Nihil
1358 4563 1526 4629 aliud,
1579 4566 1775 4636 inquit,
1807 4566 2049 4622 eliiciuut

469 4647 729 4707 victimae,
763 4663 929 4716 quam
961 4650 1105 4717 quod
1158 4660 1511 4720 peccatorum
1556 4650 1772 4711 tantum
1807 4673 2050 4712 comme-

466 4739 832 4797 morationem
882 4741 1106 4807 faciant,
1136 4744 1237 4799 hoc
1270 4757 1375 4814 est,
1418 4750 1707 4805 indicium.
1741 4751 1863 4805 Non
1904 4751 2048 4805 enim

464 4831 848 4886 remissionem
919 4842 1200 4902 praestant,
1259 4839 1355 4894 sed
1408 4852 1503 4909 per
1554 4843 1835 4896 assiduam
1889 4843 2048 4897 iStam

464 4922 1223 4991 oblationetn;dcmon’strant
1276 4932 1460 5000 populi
1514 4944 1736 4999 peccata
1788 4948 1895 4986 non
1928 4948 2049 4989 esse

467 5015 722 5070 remissa.
754 5015 810 5070 Si
842 5017 988 5072 enim
1019 5021 1243 5077 remissa
1266 5034 1454 5077 essent
1484 5035 1728 5092 peccata,
1750 5026 1880 5095 quid
1908 5037 2047 5096 opus

463 5115 585 5159 erat
621 5108 947 5163 sacrificiis?
991 5107 1559 5167 Commemorationem
1603 5124 1787 5167 autem
1831 5116 2045 5181 dicens,

463 5198 617 5253 dedit
655 5198 751 5256 tibi
788 5203 1091 5271 intelligere
1117 5202 1261 5273 quod
1291 5206 1524 5259 victima:
1553 5206 1670 5261 ista:
1694 5218 1805 5263 nan
1852 5211 1923 5263 ob
1960 5206 2047 5265 fu-

422 5291 431 5298 ’
466 5297 591 5343 tura
621 5299 839 5360 peccata
869 5290 1309 5360 perfleichautur,
1336 5309 1525 5349 verum
1556 5296 1626 5350 ob
1657 5303 1950 5366 praeterita,
1990 5310 2048 5356 ut

465 5394 590 5449 quae
620 5395 731 5437 non
776 5392 960 5439 essent
1008 5384 1315 5439 condonata
1350 5386 1625 5443 videlicet.
1669 5386 1773 5447 Per
1799 5394 2045 5464 singulos

465 5472 616 5525 enim
654 5485 850 5539 annos,
885 5481 944 5528 ut
971 5473 1042 5526 ita
1083 5474 1283 5539 dicant,
1329 5474 1482 5531 vituli
1533 5481 1757 5552 sanguis
1807 5499 1902 5553 pro
1949 5500 2046 5555 po-

2148 4299 2426 4363 τουτέστι,
2460 4296 2630 4365 μηδὲν
2672 4296 2753 4350 ἔτι
2786 4299 3108 4351 συνειδότων
3141 4300 3353 4363 ἑαυτοῖς
3381 4298 3533 4364 ἄξιον
3569 4299 3736 4372 θερα-

2152 4390 2333 4454 πείας,
2363 4388 2455 4441 διὰ
2487 4387 2547 4440 τὺ
2577 4388 2979 4459 θεραπεύεσθαι
3016 4390 3162 4457 ἅπαξ
3195 4390 3588 4461 καθαρθέντας.

2233 4481 2387 4536 Ἀλλ’
2404 4482 2475 4535 ἐν
2495 4481 2709 4547 αὑταῖς
2752 4483 3097 4552 ἀνάμνησις
3136 4484 3436 4553 ἁμαρτιῶν
3462 4486 3591 4538 κατ’
3612 4485 3736 4540 ἑνι-

2149 4574 2354 4627 αυτόν.
2388 4573 2555 4625 Οὐδὲν
2578 4573 2726 4637 ἄλλο,
2760 4577 2914 4644 φησι,
2964 4574 3325 4646 κατορθοῦσιν
3356 4572 3410 4629 αἱ
3447 4576 3651 4641 θυσίαι,
3684 4581 3736 4631 ει

2116 4652 2119 4655 ’
2153 4663 2227 4732 μὴ
2252 4657 2414 4732 μόνον
2449 4660 2764 4733 ἀνάμνησιν
2798 4660 3110 4736 ἁμαρτιῶν,
3145 4668 3447 4729 τουτέστιν,
3475 4665 3731 4739 ἔλεγχον.

2149 4755 2223 4808 03
2253 4754 2361 4825 γὰρ
2391 4746 2588 4824 ἄφεσιν
2634 4760 2987 4829 παρέχουσιν,
3032 4758 3157 4811 ἀλλ”
3188 4758 3612 4814 ἀποδεικνύουσι
3639 4758 3736 4816 διὰ

2148 4844 2242 4896 τοῦ
2270 4846 2355 4898 ἀεὶ
2385 4846 2819 4917 προσφέρεσθαι,
2855 4848 2939 4900 ὅτι
2973 4848 3158 4902 ἀλυτοί
3197 4850 3337 4901 εἰσιν
3370 4850 3426 4901 αἱ
3462 4850 3733 4918 ἁμαρτίαι

2149 4935 2242 4987 τοῦ
2274 4934 2425 4989 λαοῦ.
2461 4937 2519 4990 Εἰ
2547 4938 2657 5008 γὰρ
2695 4937 2964 5008 ἐλύθησαν
2992 4934 3048 4991 al
3091 4939 3382 5010 ἁμαρτίαι,
3416 4942 3469 4993 τί
3499 4940 3606 4994 ἔδει
3638 4941 3731 4993 θυ-

2150 5026 2315 5091 σιῶν;
2365 5024 2730 5096 Ἀνάμνησιν
2772 5024 2829 5082 δὲ
2859 5026 3052 5092 είπὼν,
3085 5024 3285 5084 δέδωκέ
3332 5048 3417 5084 σοι
3456 5033 3618 5093 νοεῖν,
3648 5030 3731 5085 ὅτι
3783 5050 3805 5089 ;

2153 5119 2212 5171 αἱ
2242 5116 2425 5170 θυσίαι
2451 5118 2553 5172 οὐκ
2587 5119 2679 5171 ἐπὶ
2730 5119 3037 5190 ἁμαρτίαις
3084 5120 3496 5190 ὲπιγινομέναις
3536 5124 3582 5153 "
3612 5124 3731 5175 ἐτε-

2146 5210 2356 5273 λοῦντο,
2383 5211 2518 5264 ἀλλά
2549 5212 2643 5265 καὶ
2672 5212 2765 5264 ἐπὶ
2784 5210 2904 5273 ταῖς
2921 5213 3365 5281 προγεγονυίαις,
3391 5213 3467 5278 ὡς
3495 5215 3572 5285 μὴ
3599 5216 3731 5283 ἀφεο

2147 5303 2354 5366 θείσαις
2381 5298 2645 5372 δηλονότι.
2701 5303 2840 5357 Κατ’
2874 5303 3122 5356 ἐνιαυτὸν
3171 5304 3279 5375 γὰρ
3306 5346 3321 5370 ,
3357 5307 3490 5377 φέρε
3531 5303 3730 5372 εἰπεῖν,

2152 5395 2460 5463 προσήγετο
2486 5393 2626 5465 ὑπὲρ
2658 5393 2768 5448 τοῖν
2791 5392 2925 5446 λαοῦ
2952 5393 3012 5446 τὸ
3040 5389 3182 5463 αἷμα
3208 5396 3301 5448 τοῦ
3328 5396 3557 5467 μόσχου.
3585 5398 3729 5468 Ἀρα

2152 5483 2246 5537 οὖν
2274 5483 2352 5547 ὡς
2382 5483 2491 5537 ⁶τῶν
2542 5485 2724 5539 αὐτῶν
2756 5483 3045 5556 ἁμαρτιῶν
3077 5484 3276 5551 οὐσῶν,
3311 5488 3344 5557 ή
3394 5485 3534 5558 αὑτὴ
3567 5486 3727 5541 θυσία

1820 5669 2015 5733 Variae
2052 5670 2376 5734 lectiones.

544 5754 591 5789 "‘
631 5752 773 5826 αἷμα
801 5772 855 5811 0.
934 5760 976 5790 "’
1010 5761 1380 5835 ὲπαγομέναις
1413 5784 1465 5824 ο.
