4014 6208
280 342 371 410 321
1017 339 1420 401 EXPOSITIO
1454 339 1537 401 IN
1560 334 1797 401 EPIST.
1831 340 1932 401 AI)
1963 340 2357 406 HEBRKEOS.
2392 371 2460 381 --
2500 347 2660 408 CAP.
2701 349 2772 407 Χ.

3413 354 3519 424 ΒΆΞ

278 456 607 525 προσήγετο.
634 453 771 507 Οὖδέ
799 469 901 508 που
935 452 993 506 δὲ
1026 453 1084 506 αἱ
1109 455 1481 523 ὲπιγεγονυῖαι
1510 452 1779 524 ἁμαρτίαι
1801 453 1846 505 al

1964 456 2092 523 pulo
2121 455 2472 513 oﬁ‘erehatur.
2508 457 2647 528 Ergo
2665 457 2821 528 quasi
2853 456 3039 512 eadem
3071 466 3293 528 peccata
3317 476 3523 530 essent,

271 549 437 611 αὑταὶ
457 543 604 618 ἦσαν
630 548 754 610 ταῖς
784 545 1225 616 προγεγονυίαις.
1268 546 1429 599 Ἀλλὰ
1474 546 1744 616 πρόδηλον
1770 545 1853 598 ὅτι

272 638 461 697 ἂλυτοι
513 636 570 688 αἱ
627 635 895 706 πρότεραι
944 636 1150 688 ἐκεῖναι
1189 634 1402 712 ἔμενον,
1454 636 1549 689 καὶ
1579 635 1667 688 διὰ
1695 635 1855 690 τοῦτο

271 730 357 785 ἀεὶ
382 729 416 797 ἡ
450 728 591 798 αὐτὴ
621 726 803 780 θυσία’
835 726 1025 797 ὥσπερ
1051 726 1143 779 καὶ
1176 727 1470 797 φάρμακον
1506 727 1854 797 προσαγόμε-

271 837 362 875 νον
393 820 482 879 ἀεὶ
513 819 577 871 τὸ
613 818 769 884 αὐτὸ,
792 816 948 884 δηλοί
978 816 1077 893 τὴν
1109 816 1279 887 αὐτὴν
1313 817 1468 872 νόσον
1501 818 1589 872 ἀεὶ
1614 817 1852 891 ἐνοχλεῖν

269 912 346 983 τῷ
379 912 668 982 κάμνοντι.

372 1185 696 1240 Ἅδύνοτον
767 1187 877 1255 γὰρ
947 1178 1093 1254 αἷμα
1161 1186 1396 1254 ταύρων
1448 1185 1549 1239 καὶ
1620 1184 1851 1256 τράγων

265 1278 553 1346 ἀφαιρεῖν
610 1277 921 1346 ἁμαρτίας.
978 1276 1331 1347 Βεϐαιότερον
1384 1281 1531 1332 ποιεῖ
1564 1279 1655 1331 τὸν
1692 1279 1849 1347 λόγον

266 1370 382 1428 ἀπὸ
440 1369 540 1436 τῆς
597 1369 872 1431 εὐτελείας
915 1367 1024 1421 τῶν
1079 1368 1548 1439 προσαγομένων,
1601 1370 1698 1422 καὶ
1752 1368 1847 1423 τοῦ

273 1460 542 1530 μεγέθους
579 1459 672 1513 τοῦ
698 1461 1025 1530 νοσήματος.
1071 1461 1283 1530 Ὠσπερ
1306 1459 1372 1513 ἂν
1406 1460 1460 1513 ετ
1479 1477 1562 1523 τις
1584 1459 1850 1529 ἔμπειρος

278 1551 532 1621 ἰατρικῆς
568 1590 584 1613 ,
637 1550 780 1627 ὁρῶν
842 1550 1230 1618 ἑλεφαντιῶντι
1291 1550 1705 1622 προσαγομένην
1749 1550 1848 1620 τὴν

274 1640 587 1705 λινόζωστιν
634 1640 978 1708 καλουμένην
1030 1639 1260 1709 βοτάνην
1290 1679 1304 1705 ,
1349 1642 1530 1704 εἴποι,
1561 1640 1848 1699 Ἀδύνατον

272 1731 563 1800 ιλὲςραντος
598 1731 905 1795 ἀπαλλάξαι
944 1731 1281 1794 λινόξωστιν.

338 1910 438 1971 Διύ
453 1914 876 1979 εἰσερχομενος
899 1910 985 1975 εἰς
1003 1908 1112 1962 τὸν
1137 1922 1374 1977 κοσμον
1400 1906 1586 1977 λέγει.
1624 1907 1683 1965 Ὀ
1706 1909 1845 1977 Χρι-

271 2003 396 2064 στὸς
426 2004 508 2063 εἰς
543 2001 632 2054 τὸν
677 2001 883 2069 κόσμον
917 2000 1302 2070 εἰσερχόμενος
1329 2001 1388 2053 ὲν
1431 1999 1664 2067 σώματι,
1696 1999 1844 2067 λέγει

266 2093 359 2150 διὰ
398 2092 493 2149 τοῦ
523 2092 703 2147 Δαϐίδ.
741 2091 800 2144 Ὀ
821 2091 879 2144 δὲ
924 2091 1125 2154 σκοπὸς
1156 2090 1233 2160 τῷ
1276 2090 1584 2160 ’Δποστόλῳ
1609 2090 1844 2147 ἐνταῦθα

270 2182 545 2245 τοιοῦτος’
593 2181 815 2251 Ἐπειδὴ
877 2181 1076 2247 ἔδειξεν
1126 2181 1371 2244 ἀσθενεῖς
1416 2181 1509 2234 καὶ
1547 2181 1843 2248 ἀνωφελεῖς

270 2276 370 2336 τὰς
427 2271 641 2336 θυσίας,
698 2271 787 2326 ἴνα
841 2272 916 2342 μή
963 2288 1046 2334 τις
1076 2268 1220 2325 εἴποι
1265 2268 1431 2339 αὐτῷ’
1470 2269 1592 2331 Πῶς
1639 2266 1732 2325 οὖν
1762 2266 1842 2328 ἔτι

269 2365 579 2423 ἐπιτελοῦσι
614 2365 817 2428 ταύτας
842 2365 889 2423 oi
939 2363 1214 2427 Ἰουδαῖοι;
1250 2362 1328 2423 ἔτι
1362 2362 1472 2432 γὰρ
1523 2361 1646 2414 τότε
1692 2361 1845 2422 ἰσταη

269 2474 329 2509 το
364 2457 543 2521 dub;
579 2457 785 2521 αὐτοῖς,
828 2456 921 2512 καὶ
974 2454 1153 2515 πάντα
1207 2454 1447 2515 ἐτελεῖτο
1496 2452 1567 2511 τὰ
1608 2452 1840 2521 νόμιμα.

175 2557 181 2561 ’
267 2550 385 2613 πῶς
441 2550 499 2602 δὲ
547 2549 646 2602 οὐκ
694 2548 1028 2611 ἐπαύσαντο;
1062 2544 1219 2606 τοῦτο
1274 2544 1369 2597 νῦν
1422 2543 1703 2608 δεικνύει,
1749 2543 1842 2596 καί

216 2662 226 2675 κ
269 2657 459 2712 φησιν,
498 2640 581 2692 ὅτι
613 2624 956 2692 Ἐπαύσαντο
985 2637 1083 2706 μὲν
1121 2636 1261 2690 κατὰ
1287 2636 1346 2689 τὸ
1383 2635 1478 2695 τοῦ
1514 2634 1650 2695 Θεοῦ
1687 2635 1843 2705 θέλη-

271 2749 347 2800 μα
372 2749 386 2761 ·
424 2732 476 2784 οἱ
526 2731 583 2786 δὲ
625 2730 867 2785 Ἰουδαῖοι
916 2729 1212 2798 φιλόνεικοι
1250 2728 1429 2790 ὄντες,
1469 2726 1565 2780 καὶ
1615 2727 1703 2787 ἀεὶ
1765 2726 1843 2796 τῷ

270 2823 412 2893 ἁγίῳ
431 2820 714 2896 Πνεὺματι
743 2820 1187 2883 ἀντιπίπτοντες,
1221 2818 1301 2871 ἔτι
1342 2818 1688 2888 περιέχονται
1716 2816 1843 2869 τού-

266 2933 394 2971 των.
435 2914 689 2967 Δείκνυσι
739 2914 796 2973 δὲ
829 2913 926 2973 καὶ
966 2913 1049 2966 ὅτι
1096 2910 1329 2981 πρὸτῆς
1367 2909 1842 2980 ὲνανθρωπήσεως

267 3006 359 3062 τοῦ
394 3007 603 3076 Κυρῖου
659 3004 1050 3079 ἀπεδλήθησαν
1079 3003 1234 3074 παρὰ
1285 3002 1362 3072 τῷ
1410 3000 1549 3071 Θεῷ.
1601 3001 1709 3054 Καὶ
1742 3002 1844 3071 δρα

267 3101 347 3154 ὅτι
392 3099 556 3153 τοῦτο
611 3097 862 3167 βούλεται
914 3098 943 3153 ὁ
995 3095 1341 3158 Ἀπόστολος.
1394 3095 1468 3147 Uti
1512 3094 1622 3165 γὰρ
1661 3088 1838 3159 εἶπεν,
1864 3131 1909 3199 C

266 3192 525 3248 εἰσελθὼν
545 3234 561 3260 ,
614 3193 728 3246 ἀλλ’
759 3193 1182 3261 εἰσερχόμενος
1214 3193 1301 3256 εις
1330 3188 1436 3243 τὸν
1467 3188 1724 3258 κόσμον,
1752 3187 1842 3244 ἵνα

267 3286 415 3356 δείξῃ
451 3286 538 3339 ὅτι
582 3286 677 3338 καὶ
707 3284 837 3356 πρὶν
875 3280 1094 3356 εἰσέλθῃ
1131 3280 1454 3351 ὲμεμίσητο,

336 3465 572 3518 Θυσίαν
601 3463 699 3516 καὶ
737 3459 1090 3529 προσφορὰν
1120 3459 1230 3515 οὐκ
1256 3459 1588 3525 ἠθέλησας,
1618 3455 1728 3519 Τὰς
1758 3454 1846 3513 διὰ

268 3556 358 3610 τοῦ
417 3556 588 3626 νόμον
633 3553 1067 3623 διατεταγμένας
1118 3550 1382 3617 δηλονότι.
1434 3548 1732 3619 Προσφορὰ
1786 3547 1844 3600 δὲ

271 3651 417 3722 παρὰ
461 3650 564 3719 τὴν
611 3646 802 3700 θυσίαν
841 3645 968 3700 ἄλλο
997 3661 1049 3696 τι
1078 3643 1227 3711 δηλοῖ
1259 3639 1513 3706 ἐνταῦθα,
1548 3641 1644 3694 καὶ
1690 3636 1843 3709 οἶμαι

270 3740 332 3795 τὰ
368 3739 500 3791 ἄνευ
547 3738 777 3809 αἵματος
823 3734 1118 3807 δηλοῦσθαι
1144 3733 1232 3786 διὰ
1261 3732 1355 3791 τοῦ
1384 3733 1666 3802 ὀνόματος.

333 3830 509 3898 Σῶμα
540 3829 607 3882 δὲ
632 3830 967 3896 κατηρτίσω
978 3845 1102 3896 μοι.
1166 3825 1425 3878 Τουτέστι
1453 3824 1515 3877 τὸ
1550 3825 1708 3892 σῶμά
1743 3840 1842 3894 μου

270 3920 713 3991 κατηρτισμὲνην
746 3921 839 3973 καὶ
866 3919 1081 3973 τελείαν
1123 3917 1312 3979 θυσίαν
1356 3915 1639 3987 ἀφώρισας
1688 3916 1842 3980 γενέ-

271 4014 407 4074 σθαι.

344 4104 835 4174 Ὀλοκαυτὼματα
893 4105 993 4159 καί
1035 4105 1167 4174 περὶ
1209 4102 1500 4174 ἁμαρτιας
1533 4103 1644 4156 οὐκ
1675 4100 1846 4156 εἰ·δό-

269 4213 485 4262 κησας,
515 4194 653 4251 Οῦτε
719 4194 1173 4264 ὁλοκαυτώματα·
1200 4193 1513 4263 εὐδόκησας,
1571 4191 1846 4249 τουτέστιν

269 4287 565 4357 ἠθέλησας,
621 4284 788 4343 δεκτὰ
849 4286 1064 4356 ἡγήσω,
1125 4282 1249 4338 οὔτε
1295 4284 1365 4338 τὰ
1407 4284 1536 4353 περὶ
1570 4283 1845 4352 ἁμαρτίας

270 4376 682 4448 προσαγόμενα.
718 4373 983 4447 Διάφορα
1014 4376 1068 4428 δὲ
1114 4371 1253 4445 ἦσαν
1304 4375 1543 4444 ὀνόματα
1603 4373 1841 4438 θυσιῶν,

1957 548 2097 601 idem
2153 563 2368 603 sacrum
2431 547 2777 603 olTerebatur.
2813 547 3181 619 Nequaquam
3219 563 3400 608 autem
3436 570 3528 611 see

1954 641 2177 709 quentia
2211 650 2434 710 peccata
2484 641 2673 695 eadem
2705 652 2859 696 erant
2893 657 3016 695 cum
3068 644 3524 712 prazcedentibus.

1954 730 2143 799 Itaque
2194 731 2547 801 perspicuum
2578 739 2662 787 est
2692 732 2834 801 quod
2868 733 3140 800 praeterita
3180 733 3384 789 scelera
3420 752 3524 791 non

1954 819 2183 874 dimissa
2232 822 2645 890 permanebant,
2699 837 2928 893 eamque
2982 824 3051 877 oh
3106 837 3329 878 causam
3382 826 3523 881 idem

1951 925 2169 982 semper
2223 912 2608 973 sacriﬁcium:
2658 895 3114 984 quemadmodum
3173 915 3524 985 pharmacum

1952 1006 2096 1074 quod
2122 1019 2340 1073 semper
2380 1003 2524 1058 idem
2576 1006 2917 1068 admovetur,
2954 1005 3226 1075 signiﬁcat
3279 1008 3523 1063 eamdem

1953 1094 2178 1155 assiduo
2205 1096 2581 1165 aegritudinem
2611 1097 2927 1165 perturbare
2960 1097 3316 1151 laborantem.

2026 1183 2190 1240 Vens.
2240 1185 2294 1238 4.
2333 1184 2670 1254 Impossibile
2693 1196 2768 1245 est
2803 1187 2941 1242 enim
2972 1187 3226 1256 sanguine
3255 1186 3523 1249 hircorum

1953 1275 2030 1333 rel
2061 1285 2337 1329 taurorum
2383 1278 2583 1346 auferri
2630 1285 2866 1343 peccata.
2914 1275 3235 1338 Firmiorem
3275 1277 3400 1350 facit
3429 1292 3524 1328 ra-

1952 1369 2150 1423 tionem
2185 1385 2338 1427 suam
2397 1384 2427 1422 a
2455 1371 2663 1425 vilitate
2697 1385 2873 1423 rerum
2899 1385 3019 1438 qua:
3049 1367 3435 1433 olierehantur,
3469 1377 3525 1427 ct

1950 1474 1980 1514 a
2012 1459 2390 1529 magnitudine
2419 1460 2619 1516 morbi.
2661 1458 3135 1526 Quemadmodum
3169 1461 3354 1528 siquis
3387 1459 3523 1514 artis
3556 1486 3559 1487 ν

1948 1551 2177 1605 medica:
2200 1551 2431 1619 peritus,
2454 1551 2503 1605 ei
2535 1550 2626 1620 qui
2654 1550 3013 1619 eli-phantiasi
3040 1551 3270 1614 laborat,
3297 1551 3520 1605 herbam

1949 1641 2327 1697 Mercurialem
2360 1641 2560 1695 dictam
2613 1640 2860 1694 adhiberi
2892 1640 3103 1703 videns,
3136 1641 3364 1705 diceret,
3416 1640 3524 1695 lm-

1877 1799 1905 1805 __
1948 1734 2210 1800 possibile
2238 1741 2344 1799 est,
2378 1741 2434 1786 ut
2461 1731 2630 1786 herba
2680 1730 3020 1787 Mercurialis
3059 1730 3128 1785 ab
3161 1730 3521 1805 elephantiasi

1948 1824 2185 1956 “bigis.
2218 1894 2270 1948 5.
2308 1891 2435 1955 Ideo
2467 1892 2764 1962 ingrediens
2789 1892 3062 1956 mundum,
3089 1892 3239 1945 dicit.
3268 1889 3522 1948 Christus

1946 1985 2000 2039 in
2032 1984 2298 2039 mundum
2345 1984 2698 2054 ingressurus
2728 1984 2782 2038 in
2819 1998 3069 2053 corpore.
3102 1983 3239 2037 dicit
3271 1998 3368 2052 per
3411 1981 3523 2035 Da-

1946 2075 2146 2131 videm.
2192 2076 2404 2145 Scopus
2432 2084 2614 2131 autem
2673 2076 2935 2145 Apostolo
2969 2074 3057 2129 hic
3085 2082 3170 2130 est
3195 2074 3460 2143 ejusmodi
3500 2089 3519 2139 ς

1944 2167 2082 2236 Quia
2127 2168 2530 2225 demonstravit
2564 2166 2806 2221 inﬁrmas
2839 2175 2891 2219 et
2943 2165 3163 2218 inutiles
3201 2179 3325 2218 eSse
3365 2165 3522 2217 victi-

1944 2276 2084 2325 mas,
2128 2275 2196 2313 ne
2240 2260 2366 2329 quis
2409 2261 2514 2328 ipsi
2566 2258 2712 2312 dicat
2742 2276 2754 2310 :
2788 2255 3075 2322 Quomodo
3112 2271 3242 2325 ergo
3286 2249 3518 2308 cas'Ju-

1944 2351 2044 2405 dmi
2079 2350 2253 2404 adhuc
2274 2348 2594 2422 perﬁciunt?
2625 2358 2738 2408 tum
2764 2349 2906 2402 enim
2953 2347 3215 2415 templum
3240 2346 3320 2401 eis
3342 2343 3520 2400 adhuc

1946 2440 2149 2501 stabat,
2176 2438 2473 2507 omniaque
2505 2438 2700 2507 legalia
2731 2436 3158 2507 perﬁcichantur
3185 2453 3199 2500 ;
3232 2435 3511 2505 quomodo

1943 2548 2076 2589 vero
2122 2548 2231 2586 non
2262 2531 2591 2592 cessarunt?
2628 2531 2731 2583 hoc
2768 2530 2881 2599 jam
2937 2529 3162 2592 indicat,
3213 2529 3469 2598 inquiens
3500 2545 3516 2583 :

1947 2625 2247 2682 Ccssarnnt
2295 2624 2515 2695 quidem
2575 2630 2838 2691 quantum
2875 2620 2939 2672 ad
2991 2619 3082 2673 Dei
3129 2619 3458 2673 voluntatem
3498 2635 3516 2689 ς

1944 2717 2117 2779 Judmi
2176 2730 2303 2770 vero
2343 2720 2532 2783 utpote
2591 2709 2945 2777 contentiosi,
2992 2719 3044 2763 et
3087 2724 3365 2779 nunquam
3408 2723 3517 2767 non

1949 2807 2179 2877 Spiritui
2210 2815 2403 2861 sancto
2445 2812 2831 2874 repugnantes,
2876 2801 3056 2855 adlmc
3101 2801 3153 2853 in
3197 2801 3320 2853 istis
3349 2813 3519 2853 oecu-

1944 2906 2167 2967 pantur,
2198 2895 2455 2955 Ostendit
2492 2904 2752 2961 praetcrea
2783 2890 2928 2960 quod
2965 2897 3090 2943 ante
3112 2890 3275 2942 etiam
3302 2887 3520 2944 Domini

1943 2987 2377 3042 incarnationem
2432 2985 2648 3053 rejectae
2703 2981 2904 3034 fuerint
2947 2994 2975 3031 a
3025 2979 3155 3032 Deo.
3214 2975 3521 3035 Considera

1944 3089 2123 3134 autem
2160 3079 2211 3133 id
2235 3077 2560 3147 Apostolum
2616 3074 2703 3127 hic
2733 3072 2891 3126 velle.
2921 3069 3038 3123 Non
3069 3070 3211 3123 enim
3242 3068 3399 3132 dixit,
3434 3068 3522 3121 in-

1948 3184 2205 3243 gressus;
2244 3167 2361 3231 sed,
2398 3164 2691 3244 ingrediens
2723 3164 2777 3216 in
2825 3161 3101 3224 mundum,
3159 3167 3219 3212 ut
3267 3159 3523 3217 ostendat

1946 3260 2093 3331 quod
2128 3259 2447 3328 priusquam
2482 3253 2863 3327 ingrederetur
2909 3253 2962 3307 in
3013 3259 3282 3307 terrarum
3309 3250 3519 3317 orbem,

1944 3368 2006 3410 ea
2031 3352 2227 3411 oderit.
3417 3336 3425 3347 ’

2017 3447 2262 3499 Hostiam
2290 3452 2341 3496 et
2371 3439 2692 3501 oblationem
2739 3437 2978 3493 noluisti.
3018 3435 3120 3490 Per
3155 3434 3326 3504 legem
3369 3432 3523 3488 vide-

1944 3537 2071 3597 licet
2099 3536 2407 3592 institutas.
2446 3532 2662 3588 Oblatio
2707 3540 2886 3584 autem
2918 3530 2986 3583 ab
3034 3528 3211 3582 hostia
3243 3526 3519 3582 diversum

1945 3630 2203 3700 quiddam
2243 3628 2329 3681 hic
2363 3626 2635 3695 signiﬁcat
2672 3641 2686 3677 :
2715 3623 2872 3694 721
2907 3621 3103 3690 Opinor
3131 3626 3309 3672 autem
3337 3633 3432 3696 per
3457 3617 3511 3673 id

1944 3721 2097 3774 vocis
2121 3716 2417 3786 signiﬁcari
2446 3712 2715 3782 exanguia
2747 3726 2922 3765 sacra.

2016 3810 2218 3878 Corpus
2243 3817 2414 3861 autem
2443 3805 2646 3875 aptasti
2667 3802 2812 3856 mihi.
2856 3801 2966 3856 iloc
2988 3808 3092 3865 est,
3122 3813 3322 3871 corpus
3342 3815 3520 3861 meum

1946 3908 2389 3960 consummatum
2446 3906 2501 3953 et
2552 3895 2854 3968 perfectura
2902 3893 3228 3949 sacriﬁcium
3270 3891 3386 3946 ﬁeri
3428 3890 3525 3944 de-

1944 3995 2188 4050 crevisti.

2019 4086 2180 4141 Vens.
2215 4084 2266 4139 θ.
2312 4082 2756 4138 Holocautomala
2795 4086 2843 4132 et
2879 4091 2975 4146 pro
3018 4084 3228 4144 peccato
3261 4088 3361 4127 non
3406 4071 3525 4137 pla-

1945 4185 2161 4237 cuerunt
2197 4175 2315 4233 tibi.
2343 4174 2535 4243 Neque
2561 4169 3001 4225 holocautomata
3030 4167 3359 4237 placuerunt
3397 4159 3520 4223 tibi,

1946 4268 2053 4322 hoc
2099 4277 2204 4329 est,
2257 4261 2505 4325 voluisti,
2541 4265 2760 4327 accepta
2814 4253 3039 4326 putasti,
3081 4265 3257 4317 neque
3298 4262 3360 4303 ea
3403 4262 3525 4317 qum

1946 4374 2045 4431 pro
2092 4356 2332 4425 peccatis
2383 4353 2705 4409 offeruntur.
2740 4345 2899 4401 Varia
2939 4352 3119 4399 autem
3174 4342 3393 4393 fuerunt
3425 4354 3526 4393 no-

270 4434 408 4520 κᾶτὰ
443 4434 739 4536 έιαφόρους
772 4434 976 4535 antibo
1014 4434 1213 4527 attici;-
1262 4465 1342 4518 Τὰ
1371 4434 1469 4534 tibi
1504 4464 1632 4535 περὶ
1659 4434 1846 4534 διμοιρ·ζ

1952 4451 2096 4504 mina
2126 4447 2546 4511 sacriﬁciorum,
2573 4443 2728 4513 juxta
2771 4438 2950 4493 varias
2984 4434 3241 4491 nimirum
3278 4448 3474 4489 causas
3504 4449 3521 4488 .'

269 4559 408 4622 τίεις,
441 4560 512 4611 τὰ
546 4557 603 4613 δὲ
643 4558 1043 4627 πλημμελείας,
1084 4559 1151 4610 τὰ
1210 4556 1268 4609 δὲ
1343 4559 1633 4628 σω;ηρίου,
1682 4557 1749 4608 τὰ
1788 4556 1846 4608 δὲ

272 4649 526 4720 ἱλασμοῦ,
562 4648 630 4707 τὰ
682 4647 738 4701 δὲ
795 4648 990 4719 εὐχῶν,
1041 4650 1109 4702 τὰ
1147 4649 1203 4700 δὲ
1245 4647 1615 4718 καθαρισμοῦ.
1662 4647 1846 4701 Πάντα

275 4734 363 4792 οὖν
400 4739 773 4812 ἀνῃρέθησαν,
816 4739 1004 4811 ἐπειδὴ
1039 4739 1230 4793 θυσίαν
1260 4740 1353 4799 καὶ
1388 4739 1709 4812 προσφορὰν
1747 4738 1847 4797 οὐκ

272 4831 433 4900 ἡθέλη
441 4848 561 4892 σας.

346 4926 486 4975 Τότε
517 4916 727 4974 εἶπον-ο
770 4921 924 4977 Ἰδοὺ
964 4920 1089 4988 ἥκω
1115 4959 1129 4983 ,
1185 4920 1255 4973 ἐν
1300 4918 1577 4988 κεφαλίδι
1602 4918 1847 4982 ,βιϐλίου

269 5012 590 5080 τέτραπται
625 5013 757 5080 περὶ
786 5012 953 5081 ἐμοῦ,
995 5011 1102 5065 τοῦ
1142 5010 1412 5080 ποιῆσαι,
1465 5014 1496 5065 ὀ
1547 5010 1711 5076 Θεὸς,
1780 5009 1847 5063 τὸ

268 5101 497 5170 θέλημά
559 5118 696 5163 σου,
739 5103 903 5179 Ὁρᾷς
959 5104 1041 5157 ὅτι
1091 5104 1144 5157 αἱ
1189 5103 1370 5155 θυσίαι
1403 5100 1754 5171 ὲξξδέὃληντο
1801 5100 1846 5132 ’⁸

267 5191 362 5243 καὶ
402 5191 512 5261 πρὸ
543 5192 643 5260 τῆς
672 5191 1172 5261 ἐνανθρωπήσεως;
1200 5191 1354 5244 Μετά
1393 5193 1500 5261 γὰρ
1538 5190 1598 5242 τὸ
1621 5188 1846 5242 ἀπώσα-

266 5283 393 5335 σθαί
451 5300 513 5335 σε
562 5284 663 5346 τὰς
715 5283 926 5347 θυσίας,
986 5283 1109 5336 τότε
1163 5279 1315 5336 εἷπον
1348 5282 1459 5351 ἐγὼ
1500 5284 1528 5335 ὁ
1566 5283 1841 5353 Χριστόςο

278 5370 434 5424 Ἰδοὺ
472 5370 604 5437 ἥκω
640 5371 848 5426 ἕνεκεν
878 5372 984 5427 τοῦ
1017 5370 1264 5441 ποιῆσαι
1324 5372 1391 5426 τὸ
1432 5371 1662 5442 θέλημά
1704 5388 1841 5430 σου.

269 5462 490 5533 Θέλημα
529 5464 587 5517 δὲ
617 5464 712 5517 τοῦ
743 5464 878 5518 Θεοῦ
924 5464 1156 5535 Πατρδς,
1189 5464 1252 5519 τὸ
1286 5463 1379 5520 τὸν
1417 5464 1544 5519 Υἱὸν
1582 5466 1723 5537 ὑπὲρ
1748 5467 1843 5520 τοῦ

1952 4544 2057 4597 al'a
2087 4540 2231 4596 enim
2262 4553 2359 4609 pro
2390 4543 2635 4607 peccato,
2666 4532 2771 4587 alia
2796 4545 2896 4600 pro
2929 4543 3138 4591 errore,
3173 4525 3278 4579 alia
3307 4523 3522 4584 salutis,

1951 4634 2055 4687 alia
2085 4630 2508 4703 propitiationis,
2533 4627 2637 4680 alia
2666 4635 2937 4685 votorum,
2967 4620 3071 4674 alia
3103 4617 3523 4688 purilicationis.

1952 4721 2144 4777 Omnia
2188 4719 2353 4789 igitur
2394 4717 2606 4773 sublata
2658 4720 2807 4779 sunt,
2856 4719 3144 4783 postquam
3184 4707 3518 4764 sacriﬁcium

1952 4823 2007 4869 et
2032 4813 2364 4866 oblationem
2403 4805 2667 4862 nolueris.

2027 4921 2190 4984 Vens.
2217 4922 2268 4974 7.
2290 4916 2432 4975 Tunc
2457 4914 2603 4969 dixi:
2629 4913 2763 4967 Ecce
2787 4913 2948 4975 reuio,
2972 4912 3026 4965 in
3043 4911 3218 4980 capite
3243 4908 3364 4964 libri
3388 4908 3525 4969 acri-

1946 5021 2093 5081 plum
2133 5019 2210 5065 est
2240 5010 2304 5063 de
2339 5024 2439 5071 me,
2463 5017 2519 5061 ut
2548 5006 2769 5076 faciant.
2806 5003 2961 5068 Deus,
2993 5003 3316 5059 voluntatem
3352 5009 3519 5058 tuam,

1947 5102 2359 5158 Animadvertis
2395 5101 2483 5155 hic
2513 5100 2650 5170 legis
2673 5096 2945 5153 sacriﬁcia
2973 5096 3139 5150 etiam
3175 5103 3300 5147 ante
3335 5094 3522 5145 incar—

1949 5195 2226 5248 nationem
2256 5208 2381 5248 esse
2406 5191 2650 5260 rcjecta?
2682 5191 2837 5243 Cum.
2859 5188 3005 5242 enim
3030 5185 3325 5254 repulisses
3349 5181 3524 5236 sacri-

1948 5287 2096 5352 ﬁcia,
2128 5294 2242 5340 tum
2277 5285 2390 5340 dixi
2419 5299 2519 5355 ego
2547 5284 2798 5340 Christus
2827 5301 2841 5337 :
2878 5281 3010 5336 Ecce
3047 5282 3215 5339 venio,
3251 5275 3520 5342 etfaciam

1952 5380 2275 5435 voluntatem
2308 5371 2780 5433 tuam."Voluntas
2845 5382 3025 5426 autem
3060 5370 3156 5423 Dei
3200 5366 3378 5419 Patris
3412 5373 3517 5424 est,

1951 5470 2097 5539 quod
2131 5469 2301 5524 Filius
2333 5484 2429 5539 pro
2471 5468 2675 5524 mundo
2727 5465 3061 5527 immoletur,
3093 5466 3148 5514 et
3180 5465 3237 5512 ut
3266 5454 3519 5511 homines

1615 5648 1818 5710 Variae
1850 5648 2176 5711 lectiones.

339 5743 386 5783 ε’
413 5747 719 5820 ἐμεμίσητο
739 5763 792 5802 ο.
