4014 6208
300 364 401 429 325

1035 368 1437 429 EXPOSITIO
1470 370 1550 431 ΙΝ
1574 337 1711 432 ἘΡΙ
1721 373 1830 433 ST.
1872 376 1972 435 ΑΙ)
2001 377 2393 441 HEBR/EOS.
2426 408 2497 418 —
2534 385 2689 447 CAP.
2734 389 2806 449 X.

3444 401 3553 467 326

303 475 376 526 Τὸ
420 470 635 541 θέλημα
698 469 796 525 τοῦ
853 472 1089 544 Πατρὶς,
1124 476 1465 546 τουτέστινή
1503 477 1591 531 διὰ
1646 478 1863 549 σταυροὶ

1992 482 2195 552 Patris,
2223 487 2325 543 hoc
2346 500 2453 553 est,
2490 507 2585 562 per
2620 510 2837 550 crucem
2873 500 3124 566 corporis
3152 501 3353 560 Christi
3376 515 3554 564 sacri-

292 563 388 618 τοῦ
421 562 672 631 σώματος
702 562 796 615 τοῦ
845 564 1084 633 Χριστοῦ
1128 565 1302 619 θυσία.
1340 568 1723 623 Ἐκὸἁλλονται
1775 571 1872 624 οὖν

292 659 497 709 ἐκεῖναι
549 656 639 709 ῖνα
695 658 863 727 σταθῇ
915 658 960 690 ³³
1011 658 1106 711 καὶ
1140 658 1410 730 βεϐαιωθῇ
1455 652 1609 731 ήδίὰ
1646 664 1742 731 τῆς
1775 664 1870 717 τοῦ

293 746 534 816 Χριστοῦ
585 746 799 815 σφαγῆς
839 748 1126 817 προσφορὰ
1184 747 1251 819 ἢν
1286 748 1551 818 ἠθέλησεν
1587 753 1614 803 ὀ
1657 752 1867 822 Πατήρ.

293 838 462 890 Ὥστε
530 838 591 890 οὐ
645 837 731 891 διὰ
788 838 885 901 τὰς
950 840 1223 907 ἁμαρτίας
1286 840 1395 893 τῶν
1451 844 1870 912 προσφερόντων

289 928 656 997 ἐπιϐέϐληνται
690 930 744 980 αῖ
808 930 1009 993 θυσίαι,
1046 930 1180 983 ἀλὶὰ
1229 932 1316 984 διὰ
1366 932 1426 984 τὸ
1452 934 1628 985 αὐτῶν
1658 935 1866 996 ἀτελές.

375 1021 473 1072 Ἐν
500 1014 549 1087 ᾧ
582 1021 870 1089 θελήματι
912 1023 1266 1091 ἡγιασμένοι
1304 1024 1515 1092 ἐσμὲν,
1549 1029 1600 1079 οι
1634 1026 1731 1079 διὰ
1764 1026 1871 1094 τῆς

285 1110 643 1177 προσφορᾶς
685 1112 792 1165 τοῦ
840 1112 1117 1181 σώματος
1170 1115 1277 1169 τοῦ
1310 1118 1569 1183 Χριστοῦ
1599 1118 1865 1185 ἐφάπαξ,

295 1202 391 1254 Ἐν
420 1196 464 1269 ᾧ
502 1202 795 1274 θελήματι,
840 1204 999 1274 φησὶ,
1038 1203 1134 1257 τοῦ
1173 1207 1386 1277 Πατρδς
1416 1208 1784 1278 ἠγιάσθημεν,
1816 1211 1867 1262 οἱ

282 1292 379 1345 διὰ
415 1293 514 1357 τῆς
544 1295 860 1364 προσφορᾶς
902 1293 995 1346 τοῦ
1031 1294 1282 1363 σώματος
1336 1297 1432 1349 τοῦ
1474 1298 1714 1368 Χριστοῦ
1764 1300 1868 1370 τῆς

281 1383 512 1450 ἐφάπαξ
548 1385 867 1454 γενομένης.
918 1385 1274 1453 ἁγιασθέντες
1296 1404 1312 1419 ·
1351 1386 1510 1441 τοῦτο
1535 1389 1645 1461 γὰρ
1668 1390 1868 1458 ἔξωθεν

283 1474 833 1541 προσυπακουστὲον.
871 1476 934 1528 Oi
959 1474 1069 1546 γὰρ
1105 1477 1498 1542 πιστεύσαντες
1535 1481 1867 1553 ἁγιασθῆναι

283 1566 376 1618 διὰ
400 1567 501 1634 τῆς
532 1569 849 1637 προσφορᾶς
871 1567 966 1620 τοῦ
1002 1568 1369 1636 Μονογενοῦς,
1400 1572 1458 1623 ὲν
1495 1573 1573 1643 τῷ
1599 1573 1866 1644 θελήματι

282 1657 380 1711 τοῦ
415 1658 626 1729 Πατρδς
662 1659 1028 1729 ἠγιάσθημεν.
1080 1661 1244 1714 ’Ὥστε
1273 1663 1337 1714 οὐ
1364 1664 1432 1716 τὰ
1469 1666 1667 1734 νομικὰ
1699 1666 1860 1737 θελή-

287 1767 441 1819 ματα
469 1749 564 1802 τοῦ
597 1750 753 1816 Θεοῦ,
779 1750 893 1804 ἀλλ’
924 1752 1123 1822 ἠκατὰ
1156 1754 1388 1825 Χριστὸν
1428 1758 1737 1829 προσφορὰ,
1771 1760 1865 1814 καὶ

280 1844 311 1894 ὀ
338 1842 429 1895 διὰ
463 1842 669 1912 ταύτης
700 1843 994 1913 ἀγιασμός.

357 1933 466 1987 Καὶ
499 1932 617 1998 πᾶς
642 1934 761 2001 μὲν
813 1935 1005 2002 ἱερεὺς
1033 1936 1255 2005 ἔστηκε
1294 1937 1423 1993 καθ’
1475 1940 1703 2008 ἡμέραν
1738 1944 1863 1994 ,κει-

283 2024 574 2093 τουργῶν,
623 2026 719 2078 καί
759 2027 865 2092 τὰς
897 2028 1085 2094 αὐτὰς
1149 2030 1448 2096 πολλάκις
1505 2031 1864 2100 προσφέρων

286 2117 536 2180 θυσίας,
592 2116 814 2179 αἵτινες
861 2114 1149 2170 οὐδέποτε
1208 2116 1499 2172 δύνανται
1563 2121 1864 2187 περιελεῖν

285 2206 597 2273 ἁμαρτίας.
634 2206 778 2274 ’Λρα
806 2207 866 2256 τὸ
889 2205 1128 2271 ἑστάναι,
1156 2206 1249 2259 τοῦ
1276 2208 1609 2280 λειτουργεῖν
1632 2214 1862 2281 σημεῖόν

289 2296 406 2349 ἐστι
435 2309 449 2324 ·
493 2296 554 2348 τὸ
579 2294 635 2348 δὲ
659 2296 904 2361 καθίσαι,
934 2297 1123 2369 ῶσπερ
1155 2296 1249 2351 καὶ
1277 2299 1306 2350 ὁ
1331 2300 1588 2371 Χριστὸς,
1632 2302 1727 2354 τοῦ
1750 2303 1861 2357 λει-

287 2404 379 2440 του
388 2387 656 2457 ργεῖσθαι.

356 2482 554 2547 Αὐτὸς
590 2480 659 2533 δὲ
716 2482 868 2550 μίαν
898 2481 1051 2550 ὑπὲρ
1098 2482 1396 2550 ἁμαρτιῶν
1452 2486 1861 2556 προσενέγκας

289 2573 512 2624 θινσιάν
541 2573 628 2637 είς
656 2574 721 2625 τὺ
759 2572 1053 2638 διηνεκές.
1080 2573 1255 2653 ΙΑὐτὸς
1310 2575 1366 2627 δὲ
1399 2577 1426 2628 ὁ
1452 2576 1686 2646 Χριστὸς
1710 2578 1857 2645 μίαν,

289 2663 445 2730 φησὶ,
476 2662 821 2731 προσήνεγκε
842 2663 1034 2717 θυσίαν
1068 2664 1129 2715 τὸ
1156 2662 1351 2716 ἑαυτοῦ
1378 2662 1557 2733 σῶμα,
1587 2666 1728 2736 ὑπὲρ
1752 2667 1862 2721 τῶν

288 2753 572 2822 ἡμετέρων
604 2753 908 2823 ἁμαρτιῶν,
939 2755 1019 2817 εἰς
1049 2754 1110 2806 τὸ
1158 2754 1405 2826 διηνεκὲς
1441 2755 1675 2825 ἀρκοῦσι
1708 2759 1857 2828 ἡμῖν,

287 2841 429 2893 ὥστε
465 2842 540 2910 μὴ
561 2842 819 2913 δευτέρας
855 2842 1133 2914 δεηθῆναι.
1366 2908 1369 2913 η

369 2931 679 2985 Ἐκάθισεν
700 2934 769 2986 ἐν
813 2933 983 3001 δεξιᾷ
1029 2934 1135 2988 τοῦ
1163 2936 1392 3002 Πατρός
1425 2937 1489 2989 ³⁵.
1527 2936 1598 2991 Τὸ
1643 2938 1860 2993 λοιπὸν

286 3024 704 3093 ἐκδεχόμενος,
739 3025 850 3091 ἕως
908 3025 1161 3080 τεθῶσιν
1189 3030 1244 3080 οι
1282 3027 1688 3096 ἐχθροὶαὺτοῦ
1736 3033 1856 3086 ὑπὸ

289 3118 433 3183 τεὺς
466 3117 659 3184 πόδας
682 3118 890 3172 αὐτοῦ.
928 3118 1092 3172 Ὠστε
1129 3120 1230 3173 οὐκ
1282 3119 1398 3174 ἔστι
1441 3122 1602 3191 μόνον
1646 3124 1857 3195 Ἀρχιε-

291 3209 440 3277 ρεὺς,
492 3208 627 3263 ἀλλὰ
672 3209 767 3261 καὶ
825 3208 975 3271 θεὸς.
1006 3208 1163 3263 Μετὰ
1202 3208 1334 3278 γοῦν
1376 3212 1438 3265 τδ
1483 3214 1773 3285 πληρῶσαι
1802 3215 1863 3268 τὸ

290 3297 467 3364 εργον,
501 3296 568 3347 δι’
599 3295 628 3348 ὃ
658 3297 753 3349 καὶ
803 3295 1118 3366 Ἀρχιερεὺς
1143 3298 1458 3371 ᾠκονόμησε
1505 3303 1858 3372 χρηματίσαι,

259 3380 509 3442 ⁸ἐκάθισε
543 3387 734 3440 λοιπὸν
761 3386 837 3450 ὡς
866 3387 1016 3452 Θεὸς,
1059 3390 1153 3441 καὶ
1195 3390 1473 3459 ἐκδέχεται
1515 3394 1603 3446 ἵνα
1632 3394 1862 3447 τεθῶσιν

288 3482 334 3531 οἱ
368 3480 556 3548 ἐχθροὶ
593 3477 760 3532 αὑτοῦ
797 3477 902 3532 ὑπὸ
938 3479 1063 3542 τοὺς
1103 3480 1268 3543 πόδας
1307 3482 1494 3539 αὐτοῦ.
1547 3485 1762 3555 Ἐχθροὶ
1805 3487 1861 3539 δὲ

288 3571 497 3631 τούτου,
530 3572 625 3622 καὶ
650 3570 849 3631 πάντες
884 3571 984 3637 μὲν
1013 3571 1063 3622 οἱ
1100 3570 1322 3625 ἄπιστοι
1351 3574 1445 3626 καὶ
1497 3576 1547 3627 oi
1587 3576 1858 3647 δαίμονες,

289 3659 336 3712 οἳ
365 3663 458 3712 καὶ
482 3660 640 3711 αὐτοὶ
669 3660 1105 3730 ὑποταγήσονται
1130 3674 1142 3686 ’
1171 3661 1451 3715 τουτέστιν
1502 3665 1862 3735 ἁνενέργητος

290 3752 323 3820 ἠ
357 3750 523 3802 κακία
557 3748 737 3802 αὐτῶν
768 3749 920 3818 μένει
951 3750 1029 3819 τῷ
1090 3750 1340 3822 ἀσϐέστῳ
1377 3754 1510 3823 πυρὶ
1566 3756 1864 3825 παραδεδοο

295 3841 488 3906 μένων.
525 3832 676 3901 τέως
713 3838 770 3891 δὲ
806 3837 902 3891 νῦν
959 3840 988 3889 ὀ
1053 3838 1260 3902 Παῦλος
1295 3840 1592 3911 ἐξαιρέτως
1635 3842 1862 3913 ἐχθροὺς

292 3931 434 3997 λέγει
499 3930 625 3992 τοὺς
680 3930 942 3992 ἀπίστους
982 3929 1311 3999 Ἐϐραίους,
1370 3931 1861 4002 παραμυθούμενος

293 4023 415 4082 τοὺς
459 4021 519 4085 ἐξ
579 4018 847 4073 Ἰουδαίων
896 4018 1142 4082 πιστοὺς,
1197 4020 1366 4091 μυρία
1412 4021 1558 4075 δεινὰ
1592 4022 1861 4087 παθόντας

296 4111 421 4181 παρ’
446 4110 650 4163 αὐτῶν.
684 4110 777 4181 Μὴ
835 4111 943 4182 γὰρ
997 4110 1404 4181 μικροψυχεῖτε,
1437 4119 1622 4182 φησιν,
1658 4117 1860 4169 ὑποτα-

294 4204 578 4271 γήσονται,
632 4201 913 4269 μᾶλλονδὲ
965 4202 1027 4253 τὸ
1063 4202 1267 4269 μεῖζον,
1314 4206 1861 4276 καταπατηθήσονται

296 4295 341 4345 οἱ
386 4292 482 4345 νῦν
552 4292 707 4361 ὑμῶν
755 4295 1308 4362 κατεπανιστὰμενοι.
1344 4296 1453 4348 Καὶ
1502 4295 1658 4349 τοῦτο
1703 4289 1862 4368 δῆλον

293 4384 400 4438 ἀπὸ
429 4384 528 4437 τοῦ
562 4383 782 4437 καθίσαι
804 4385 896 4436 τὸν
921 4384 1153 4454 Χριστὸν
1182 4387 1244 4437 tu
1265 4385 1454 4449 δεξιῶν
1500 4386 1592 4438 τοῦ
1627 4388 1860 4459 Πατρῦς.

1981 575 2189 633 licium.
2225 578 2534 647 Ejiciantnr
2568 584 2751 652 itaque
2785 586 2895 651 illa,
2927 596 2985 642 ut
3026 598 3305 647 statuatur
3337 605 3392 650 et
3416 613 3554 653 con-

1980 667 2225 724 lirmetur
2249 686 2345 739 per
2368 673 2571 729 Christi
2602 677 2802 731 ra'dem
2830 679 3033 734 oblatio
3062 699 3227 751 quant
3256 687 3425 741 voluit
3456 688 3556 742 Pa-

1975 769 2079 811 ter.
2118 759 2390 824 Quocirca
2437 780 2543 817 non
2584 766 2652 820 ub
2698 778 2921 836 peccata
2969 771 3317 829 offerentium
3351 779 3552 848 rejects

1972 856 2103 902 sunt
2159 851 2450 918 sacriﬁcia,
2500 854 2593 908 sed
2644 866 3040 926 proptcrsuam
3078 863 3321 931 ipsorum
3350 868 3554 937 imper-

1973 942 2283 1000 lectionem.

1998 1052 2001 1059 ν
2044 1034 2209 1091 Vens.
2246 1038 2330 1091 l0.
2374 1038 2440 1093 In
2468 1058 2570 1110 qua
2598 1043 2864 1099 voluntate
2890 1049 3215 1118 sanctiﬁcati
3235 1068 3436 1120 sumus,
3461 1057 3551 1125 qui

1966 1139 2057 1191 per
2085 1127 2403 1183 oblationem
2428 1136 2665 1200 corporis
2694 1136 2893 1191 (.Iiristi
2925 1141 3103 1193 semel.
3146 1140 3200 1193 lu
3228 1159 3335 1211 qua
3360 1145 3550 1199 volun-

1972 1220 2083 1267 tate
2113 1211 2291 1270 Patris
2336 1220 2665 1275 sanctiiicati
2699 1240 2912 1293 sumus,
2952 1227 3043 1297 qui
3088 1244 3185 1297 per
3217 1233 3546 1290 oblationem

1972 1307 2229 1374 corporis
2261 1306 2470 1365 Christi
2504 1314 2675 1368 semel
2706 1313 2908 1369 laetam
2954 1320 3282 1376 sanctiﬁcati
3316 1338 3545 1392 sumus;

1971 1396 2074 1450 hoc
2104 1399 2249 1452 enim
2283 1402 2726 1458 subaudiendum
2766 1417 2871 1462 est.
2906 1408 3016 1465 Nos
3044 1413 3189 1466 enim
3232 1414 3326 1483 qui
3368 1416 3547 1471 credi-

1970 1486 2153 1543 dimus
2186 1504 2286 1545 nos
2327 1506 2451 1547 esse
2492 1497 2865 1554 sanetiiicatos
2902 1515 2995 1570 per
3029 1502 3364 1560 oblationem
3418 1504 3549 1560 Uni-

1969 1581 2161 1647 geniti,
2188 1582 2242 1636 in
2267 1584 2548 1641 voluntate
2580 1586 2759 1643 Patris
2794 1592 3126 1647 sanctiﬁcati
3160 1610 3374 1653 sumus.
3409 1595 3546 1651 Pro-

1969 1670 2097 1726 inde
2139 1673 2331 1743 lcgalia
2384 1691 2492 1730 non
2545 1686 2675 1731 sunt
2720 1680 2973 1735 voluntas
3018 1681 3133 1745 Dei,
3188 1684 3284 1740 sed
3340 1686 3546 1742 oblatio

1968 1761 2197 1831 Christi,
2223 1777 2276 1820 et
2305 1783 2427 1836 qua:
2449 1783 2544 1837 per
2576 1769 2716 1823 hanc
2757 1780 2841 1826 est
2872 1775 3258 1832 sanctiﬁcatio.

2039 1937 2202 1995 Vens.
2240 1942 2325 1995 ll.
2366 1939 2433 1995 Et
2461 1945 2631 1998 omnis
2652 1948 2860 2014 quidem
2889 1952 3137 2004 sacerdos
3172 1961 3279 2005 stat
3314 1953 3546 2022 quotidie

1965 2028 2295 2096 ministram,
2328 2043 2379 2086 et
2399 2036 2607 2088 easdem
2627 2052 2763 2102 swpe
2784 2037 3006 2107 offerens
3030 2041 3248 2114 hostias,
3274 2060 3390 2113 qua:
3410 2061 3546 2097 utm-

1963 2135 2118 2189 quam
2143 2134 2366 2186 possunt
2398 2125 2613 2195 auferre
2640 2142 2876 2194 peccata.
2919 2129 3076 2185 Stare
3108 2134 3273 2202 igitur
3327 2134 3543 2205 signum

1963 2211 2244 2266 servitutis
2275 2223 2359 2267 est
2386 2230 2400 2267 :
2438 2214 2629 2270 sedere
2672 2226 2877 2283 autem,
2908 2219 3129 2287 perinde
3158 2230 3218 2273 ut
3247 2219 3530 2288 Christus,

1963 2300 2176 2369 signum
2212 2303 2526 2361 dominatus
2550 2307 2640 2360 cui
2677 2308 3044 2362 ministerium
3075 2311 3383 2365 exhibetur.

2034 2473 2198 2530 Vens.
2239 2476 2325 2531 12.
2369 2479 2487 2546 Ipse
2515 2490 2690 2534 autem
2715 2497 2821 2535 una
2847 2496 2942 2546 pro
2987 2485 3213 2551 peccatis
3236 2486 3414 2540 oblata
3446 2489 3543 2543 Ito-

1962 2567 2070 2619 slia
2116 2569 2168 2619 in
2211 2581 2541 2638 perpetuum.
2578 2571 2696 2641 Ipse
2731 2581 2910 2628 autem
2951 2573 3206 2629 Christus
3239 2593 3425 2642 unam,
3463 2580 3546 2631 itt-

1962 2658 2101 2723 quit,
2133 2659 2331 2714 obtulit
2359 2662 2611 2723 hostiam,
2638 2679 2829 2733 nempe
2858 2680 3060 2734 corpus
3093 2681 3277 2736 suum,
3299 2684 3395 2737 pro
3416 2685 3545 2741 pec-

1963 2752 2103 2803 catis
2138 2753 2366 2815 nostris,
2404 2753 2454 2805 in
2504 2765 2822 2822 perpetuum
2868 2756 3028 2809 nobis
3064 2757 3442 2822 sullicientent,
3487 2769 3547 2815 ut

1961 2841 2201 2895 secunda
2238 2857 2346 2896 non
2378 2843 2747 2912 indigeamus.

2037 2927 2199 2983 Vsus.
2233 2932 2321 2985 15.
2364 2929 2516 2985 Sedet
2554 2932 2608 2985 in
2648 2935 2864 2986 u’extera
2895 2933 3097 2988 Patris.
3126 2933 3202 2988 De
3229 2944 3418 2991 rwtero
3453 2951 3544 2990 ex-

1959 3034 2201 3087 spectans
2245 3020 2409 3074 donec
2448 3032 2715 3089 ponantur
2754 3023 2956 3076 inimici
2999 3025 3113 3093 ejus
3135 3026 3423 3080 scabellum
3452 3044 3544 3097 pc-

1891 3146 1934 3206 c
1964 3109 2090 3162 dum
2133 3110 2269 3178 ejus.
2302 3111 2490 3181 Itaque
2524 3128 2632 3166 non
2663 3122 2749 3168 est
2801 3114 2959 3183 723
3006 3124 3217 3169 tantum
3264 3114 3540 3184 Pontifex,

1966 3200 2061 3255 sed
2098 3202 2244 3257 Deus
2270 3203 2458 3257 etiam.
2484 3204 2771 3273 Contpleto
2813 3221 3048 3275 namque
3095 3222 3282 3276 opere,
3320 3219 3543 3279 pr0pter

1964 3292 2110 3361 quod
2172 3302 2224 3347 cl
2297 3291 2546 3348 Pontifex
2615 3293 2798 3349 divina
2869 3297 3117 3365 quaedam
3191 3300 3536 3366 providentia

1964 3392 2049 3438 est
2079 3385 2403 3454 appellatus,
2445 3386 2600 3440 sedet
2630 3387 2889 3457 deinceps
2920 3398 2977 3441 ut
3006 3387 3169 3453 Deus,
3188 3400 3241 3443 et
3264 3401 3543 3458 exSpcctat

1964 3480 2027 3530 ut
2057 3485 2335 3546 ponantur
2376 3478 2566 3534 hostes
2593 3478 2713 3547 ejus
2745 3480 2935 3535 subter
2973 3481 3138 3550 pedes
3170 3482 3314 3551 ejus.
3348 3481 3544 3538 Hostis

1961 3578 2142 3622 autem
2184 3569 2345 3638 lmjns
2376 3577 2506 3623 sunt
2535 3580 2588 3623 et
2616 3584 2809 3626 Omnes
2841 3571 3104 3635 infideles,
3152 3581 3206 3625 et
3234 3570 3538 3635 daemones,

1962 3660 2056 3728 qui
2096 3668 2152 3714 ct
2186 3660 2291 3729 ipsi
2328 3661 2699 3729 subjicientnr
2731 3679 2745 3715 :
2780 3662 2885 3716 hoc
2920 3671 3026 3727 est,
3066 3662 3312 3716 incdit-ax
3346 3678 3538 3718 eorum

1963 3750 2173 3802 malitia
2222 3751 2484 3815 manebit,
2523 3753 2729 3819 quippe
2778 3751 2872 3819 qui
2941 3750 3376 3822 inexstingnibiii
3427 3754 3538 3822 igni

1964 3840 2276 3895 tradentur.
2324 3840 2547 3895 lnterint
2577 3851 2758 3895 autem
2813 3842 3015 3897 Paulus
3050 3845 3324 3917 praecipue
3351 3845 3540 3898 hostes

1961 3931 2095 3986 dicit
2130 3932 2378 3987 iulideles
2419 3931 2696 3999 Hebraeos,
2725 3933 3155 3987 consolationem
3189 3935 3435 4002 prtebcus
3472 3936 3540 3989 iis

1963 4024 2055 4093 qui
2094 4040 2157 4075 ex
2185 4022 2393 4080 Judaeis
2425 4025 2642 4079 Christo
2674 4039 2868 4078 nomen
2916 4024 3205 4087 dederant,
3240 4031 3407 4092 atque
3451 4026 3537 4077 in-

1963 4125 2249 4169 numerata
2278 4118 2417 4171 maia
2441 4118 2509 4171 ah
2541 4118 2648 4170 illis
2680 4124 3017 4185 paterentur.
3042 4113 3120 4168 Ne
3150 4115 3274 4169 sitis
3313 4116 3541 4183 pusilla-

1964 4204 2159 4268 nimes,
2190 4207 2388 4275 inquit.
2441 4204 2838 4275 Subjicientnr,
2871 4206 2980 4259 imo
3029 4204 3173 4273 quod
3224 4205 3399 4273 majus
3433 4214 3536 4266 est,

1964 4293 2192 4361 pedibus
2218 4302 2587 4362 proterentur,
2617 4295 2710 4362 qui
2744 4309 2891 4348 nunc
2931 4294 3222 4361 insurgunt
3244 4297 3533 4349 adversum

1963 4398 2083 4437 vos.
2116 4386 2292 4453 Atque
2331 4385 2435 4438 hoc
2481 4384 2610 4438 inde
2654 4386 2843 4453 liquet,
2883 4385 3027 4453 quod
3061 4385 3319 4441 Chrisms
3352 4398 3381 4439 ιι
3408 4388 3542 4441 dex-

305 4477 455 4528 Ἐττεὶ
481 4478 593 4544 γὰρ
648 4475 807 4528 τοῦτο
856 4476 1072 4543 γέγονε,
1118 4478 1341 4530 κάκεῖνο
1369 4479 1682 4548 γενήσεται,
1723 4481 1862 4535 κατὰ

1970 4473 2065 4526 tris
2089 4473 2266 4527 Patris
2301 4473 2505 4528 sedeat.
2538 4474 2828 4544 Postquam
2867 4479 3011 4527 enim
3055 4476 3157 4529 hoc
3201 4473 3402 4528 factum
3429 4484 3537 4539 est,

291 4565 351 4619 τὸ
382 4570 439 4619 ὲν
492 4567 746 4635 Ψαλμοῖς
794 4565 1107 4635 εἰρημένον.
1148 4566 1270 4629 Πῶς
1325 4562 1418 4620 οὖν
1464 4568 1564 4621 οὐκ
1604 4569 1867 4639 ἐτέθησαν

294 4657 492 4720 εὐθέως
561 4657 666 4709 ὑπὸ
722 4656 850 4716 τοὺς
895 4655 1084 4718 πόδας,
1121 4656 1420 4716 τουτέστιν.
1469 4658 1568 4709 οὐκ
1610 4659 1673 4710 ἐκ
1701 4659 1866 4726 μέσου

293 4745 581 4812 ὲγένοντος
615 4744 713 4800 Διὰ
755 4744 882 4806 τοὺς
914 4744 1208 4815 μέλλοντας
1264 4745 1325 4809 ἐξ
1361 4745 1544 4799 αὐτῶν
1587 4746 1869 4799 τίκτεσθαι

294 4837 538 4900 πιστούς.

360 4928 478 4997 Μιᾷ
506 4928 619 4997 γὰρ
643 4925 959 5002 προσφορᾷ
987 4927 1368 4981 τετελείωκεν
1392 4930 1480 4995 εις
1505 4928 1569 4983 τὸ
1597 4929 1870 4998 διηνεκὲς

295 5021 433 5085 τοὺς
494 5018 941 5088 ἁγιαζομένους.
1003 5017 1271 5081 Τελείως,
1333 5021 1517 5090 φησὶν,
1583 5020 1870 5091 ἁμαρτιῶν

297 5111 575 5184 ἀπήλλαξε
632 5110 758 5172 τοὺς
814 5109 1212 5178 ἁγιαζομένους
1263 5111 1357 5162 καὶ
1415 5112 1736 5179 χριομένους
1793 5114 1871 5184 τῷ

296 5203 487 5271 αἵματι
511 5198 709 5258 αὐτοῦ.
740 5199 833 5251 διὰ
863 5199 957 5253 τοῦ
982 5198 1349 5268 βαπτισθῆναι
1386 5202 1466 5262 εἰς
1484 5200 1576 5253 τὸν
1617 5200 1867 5281 θάνατονἶ

242 5332 247 5337 .
298 5293 507 5354 Πάντας
528 5290 641 5359 γὰρ
662 5290 713 5343 oi
737 5288 1144 5357 βαπτιζόμενοι,
1178 5288 1446 5358 σύμφυτοι
1479 5291 1758 5359 γενόμενοι
1787 5295 1865 5363 τῷ

294 5381 600 5450 ὁμοιώματι
623 5378 720 5432 τοῦ
751 5378 981 5432 θανάτου
1028 5378 1217 5446 αὐτοῦ,
1246 5379 1404 5448 δῆλον
1442 5379 1517 5442 ὼς
1561 5380 1640 5450 τῷ
1674 5384 1865 5452 αῖματι

299 5473 462 5527 αὑτοῦ
498 5472 839 5539 ἁγιάζονται.

1967 4572 2022 4617 et
2054 4565 2186 4618 illud
2218 4565 2526 4635 continget,
2560 4566 2715 4634 juxta
2751 4567 2878 4620 illud
2914 4566 3060 4635 quod
3094 4567 3149 4619 itt
3192 4565 3425 4621 Psalmis
3450 4567 3537 4620 di-

1967 4664 2116 4711 ctum
2159 4666 2264 4711 est.
2310 4655 2597 4721 Quomodo
2632 4658 2796 4726 igitur
2833 4673 2938 4711 non
2976 4657 3165 4711 statim
3201 4659 3365 4727 positi
3408 4667 3539 4712 sunt

1968 4747 2071 4802 sub
2100 4747 2286 4816 pedes,
2322 4748 2426 4802 hoc
2459 4758 2561 4811 εει,
2591 4749 2794 4801 sublati
2841 4764 2905 4801 cx
2940 4747 3383 4817 medio?Propter
3408 4750 3540 4806 lide-

1967 4837 2048 4892 les
2084 4837 2177 4907 qui
2206 4853 2271 4892 ex
2302 4838 2437 4906 ipsis
2469 4836 2793 4906 procreandi
2822 4848 3000 4893 erant.

2041 4927 2208 4985 Vens.
2245 4930 2330 4984 l4.
2372 4926 2492 4982 Una
2552 4929 2689 4982 enim
2724 4929 2990 4983 oblatione
3042 4931 3429 4986 consummavit
3482 4931 3538 4984 in

1968 5022 2343 5090 sempiternum
2381 5020 2766 5089 sancti/icatus.
2802 5018 3068 5084 Pcrl‘ccte,
3108 5022 3308 5090 inquit,
3352 5036 3381 5074 a
3413 5036 3541 5089 pec-

1966 5111 2105 5164 catis
2162 5111 2407 5165 liberavit
2463 5111 2856 5173 sanctiiicatos,
2908 5118 2961 5165 et
2992 5126 3019 5163 a
3051 5112 3315 5181 sanguine
3364 5114 3538 5181 ipsius

1966 5209 2284 5267 perunctus,
2319 5215 2385 5254 eo
2411 5201 2556 5270 quod
2595 5199 2853 5269 haptizati
2889 5201 3000 5254 sint
3031 5202 3083 5254 in
3136 5210 3365 5256 mortem
3395 5201 3536 5267 ejus.

1969 5289 2173 5346 Omnes
2201 5292 2346 5345 enim
2369 5292 2460 5361 qui
2485 5291 2853 5361 baptizantur,
2884 5307 3006 5347 cum
3029 5291 3190 5345 simul
3228 5291 3358 5343 [lant
3386 5287 3537 5341 insiti

1973 5383 2327 5439 similitudini
2367 5383 2563 5439 mortis
2614 5383 2758 5454 ejus,
2812 5384 3162 5454 perspicuum
3193 5378 3447 5449 estquod
3481 5394 3536 5435 tn

1975 5475 2243 5548 sanguine
2269 5475 2445 5545 ipsius
2470 5476 2904 5531 sanctiﬁcantur.

1647 5645 1843 5707 Variae
1872 5648 2196 5713 lectiones.
2256 5704 2267 5719 .

371 5750 415 5781 ³³
446 5748 735 5818 σταθμηθῇ
772 5763 826 5801 0.
904 5748 947 5780 "
980 5745 1113 5800 Θεοῦ
1145 5762 1198 5801 ο.
