4014 6208
294 312 399 379 329

1041 310 1447 377 EXPOSITIO
1487 316 1569 377 ΙΝ
1610 311 1847 375 EPIST.
1905 314 2004 375 AD
2040 312 2431 376 IIEBRrEOS.
2466 340 2535 349 -
2574 314 2735 376 CAP.
2763 316 2838 376 X.

3436 304 3542 377 330

295 429 408 489 τοῖς
444 422 610 493 αὐτὴν
629 418 1088 494 παραδεχομένοις
1108 423 1340 481 θανάτου
1375 426 1526 481 αἰτία
1548 426 1867 482 καθίστατο.

1974 428 2150 481 locum
2177 442 2283 481 non
2316 426 2500 491 habet,
2535 425 2631 481 sed
2659 424 3093 496 suscipientibus
3126 425 3300 497 ipsam
3352 430 3544 483 mortis

297 519 446 589 Αὕτη
461 519 516 571 δὲ
540 516 794 570 τοσοῦτον
813 518 892 578 εἰς
913 515 1059 588 ζωὴν
1080 517 1258 589 φέρει,
1278 519 1360 572 ὃτι
1379 519 1473 589 καὶ
1494 518 1631 592 αὑτὴ
1656 518 1722 591 ζῇ
1772 519 1869 574 καὶ

297 609 613 676 διαιωνίζει.
655 608 729 663 Ἥ
756 608 839 675 τὸ,
871 609 1087 674 ζῶσαν,
1127 610 1326 680 ὁμοίως
1350 611 1543 681 νόησον
1566 612 1666 682 τῷ,
1699 611 1869 683 πρόσ-

298 718 485 770 φατον,
515 700 638 754 ἀντὶ
674 701 791 768 τοῦ,
818 702 946 755 νέαν
971 701 1067 755 καὶ
1096 700 1419 767 θάλλουσαν,
1445 703 1522 766 ὡς
1544 703 1683 774 πρὸς
1719 705 1867 757 ἀντι-

296 796 578 860 διαστολὴν
607 796 708 865 τῆς
765 798 847 860 είς
882 796 953 851 τὰ
1008 797 1216 851 παλαιά
1252 797 1388 867 ἅγια
1417 798 1647 853 εἰσόδου·
1681 798 1864 869 ἐκείνη

294 887 399 957 γὰρ
429 886 783 959 νενέκρωται.

361 978 465 1031 Διὰ
498 979 604 1033 τοῦ
630 977 1183 1048 καταπετάσματος,
1228 981 1503 1037 τουτέστι
1566 978 1678 1052 τῆς
1720 996 1866 1049 σαρ-

292 1069 395 1135 κὸς
411 1071 619 1126 αὐτοῦ.
663 1072 1026 1128 Ἐνεκαίνισον
1060 1075 1193 1146 ἡμῖν
1230 1073 1329 1143 τὴν
1380 1072 1497 1129 ὁδὸν
1540 1074 1742 1145 ταύτην
1766 1076 1866 1145 τὴν

294 1167 373 1226 εἰς
395 1163 763 1233 οὐρανὸν,ηδιά
792 1164 889 1236 τῆς
921 1165 1125 1236 σαρκὸς
1161 1165 1356 1220 αὐτοῦ’
1381 1166 1469 1220 ὅτε
1498 1165 1607 1237 γὰρ
1631 1165 1775 1237 iiqu
1808 1167 1866 1220 ἐν

297 1254 370 1325 τῷ
398 1255 621 1326 σταυρῷ
667 1254 837 1327 αὕτη,
882 1256 979 1311 καὶ
1026 1255 1327 1329 ἀνελήφθη,
1362 1257 1485 1311 τότε
1512 1257 1865 1328 ἀπεκάλυψεν

295 1345 425 1414 ἡμῖν
449 1344 519 1397 τά
555 1345 795 1414 οὐράνια.
842 1347 934 1400 Διὸ
990 1348 1086 1402 καὶ
1138 1348 1412 1420 εὐκαίρως
1461 1350 1865 1421 καταπέτασμα

295 1436 461 1504 αὐτὴν
508 1436 754 1491 ἐκάλεσε.
807 1437 981 1492 Τοῦτο
1014 1439 1124 1511 γὰρ
1154 1438 1285 1494 ἴδιον
1312 1440 1404 1493 τοῦ
1437 1441 1865 1511 καταπετάσμα-

292 1543 401 1591 τος,
424 1528 505 1595 τὸ,
535 1530 664 1583 ὅταν
691 1530 854 1601 ἀρθῇ,
886 1531 1293 1586 ἀνακαλύπτειν
1317 1534 1382 1587 τὰ
1410 1533 1577 1589 ἔνδον.

362 1618 470 1671 Καὶ
524 1620 684 1687 ἱερέα
738 1621 953 1689 μέγαν,
1003 1618 1102 1675 ἐπὶ
1153 1622 1263 1676 τὸν
1298 1619 1470 1676 οἷκον
1514 1623 1622 1678 τοῦ
1692 1622 1860 1678 Θεοῦ.

295 1710 549 1779 Ἔχοντες
592 1711 790 1782 δηλαδὴ
842 1712 993 1784 ἱερέα
1041 1713 1140 1781 μὲν
1177 1713 1268 1766 τὸν
1306 1714 1565 1789 Χριστὸν,
1599 1712 1746 1769 οἷκον
1781 1714 1858 1779 δὲ,

292 1800 436 1870 ἡμᾶς
465 1802 592 1866 τοὺς
623 1804 868 1868 πιστοὺς,
894 1804 1035 1857 κατά
1074 1804 1163 1857 τό’
1209 1804 1537 1873 Ἐνοικήσω
1564 1805 1635 1858 ἐν
1663 1807 1866 1872 αὐτοῖς
1898 1784 1941 1845 Β

290 1891 386 1944 καὶ
413 1891 897 1962 ἐμπεριπατήσω.
931 1894 999 1961 Ἦ
1032 1895 1170 1965 ὅπερ
1196 1891 1353 1967 οἶμαι
1386 1898 1607 1967 μᾶλλον,
1633 1898 1723 1952 τὸν
1774 1902 1869 1953 οὖ-

296 1985 452 2052 ρανόν
472 1999 487 2013 θ
523 1986 731 2039 ἐκεῖνον
776 1986 886 2057 γὰρ
917 1992 1011 2040 καὶ
1036 1987 1205 2057 Ἀγια
1255 1989 1430 2057 καλεῖ,
1461 1990 1554 2044 καὶ
1583 1993 1641 2045 ὲν
1675 1991 1868 2061 ἐκείνῳ

290 2076 625 2147 λειτουργεῖν
649 2078 743 2132 τὸν
795 2080 1085 2153 ’Δρχιερέα
1114 2081 1284 2150 λέγει,
1316 2082 1458 2153 ὑπὲρ
1486 2082 1647 2154 ἡμῶν
1673 2084 1867 2154 ἐντυγ-

292 2169 542 2236 χάνοντα.
656 2231 661 2237 ,

364 2261 856 2332 Προσερχώμεθα.
882 2264 1034 2332 Τίνι;
1060 2268 1124 2336 τῇ
1153 2267 1355 2333 πίστει,
1388 2267 1494 2322 καὶ
1507 2269 1575 2339 τῇ
1617 2284 1867 2338 πνευμα·

294 2358 413 2425 τικῇ
445 2354 719 2428 λατρεία*
774 2356 810 2427 ἢ
869 2357 949 2430 τῷ
1000 2357 1242 2430 οὐρανῷ,
1297 2357 1427 2412 ἔνθα
1478 2360 1508 2413 6
1551 2358 1868 2430 ’Δρχιερεὺς

291 2447 465 2516 ἡμῶν.

355 2537 520 2591 Μετὰ
574 2539 873 2609 ἀληθινῆς
952 2540 1220 2610 καρδίας.
1284 2540 1576 2596 Τουτέστιν
1647 2540 1858 2607 ἀδόλου,

292 2631 654 2703 ἀνυποκρίτου
709 2633 847 2705 πρὸς
895 2634 1023 2697 τοὺς
1075 2635 1399 2705 ἀδελφοὺς,
1432 2634 1467 2706 ἢ
1517 2633 1865 2699 ἀδιστάκτου,

297 2721 457 2793 μηδὲν
490 2721 962 2796 ἀμφιδαλλούσης,
991 2726 1159 2797 μηδὲν
1195 2726 1579 2798 ἐνδοιαζούσης
1609 2723 1869 2797 περὶτῶν

295 2814 620 2884 μελλόντων,
670 2816 767 2870 καὶ
804 2816 893 2872 διά
923 2817 1083 2871 τοῦτο
1129 2817 1597 2890 μικροψυχούσης.
1639 2817 1868 2884 Ἐπάγει

289 2903 377 2961 οὖν
414 2922 428 2938 ⁸

366 3002 477 3055 Ἔν
518 2999 897 3069 πληροφορίᾳ
939 2999 1224 3067 πίστεως.
1269 3001 1520 3056 Διδάσκει
1560 3004 1708 3074 ἡμᾶς
1752 3006 1870 3070 πῶς

1976 534 2141 574 causa
2174 519 2406 575 exstitit.
2432 521 2560 575 Haec
2581 526 2763 575 autem
2802 519 2942 576 adeo
2970 519 3039 573 ad
3068 520 3232 576 vitam
3255 522 3430 589 ducit,
3489 534 3547 577 ut

1974 619 2029 666 et
2059 611 2176 681 ipsa
2214 611 2360 666 vivat
2394 620 2449 668 et
2471 620 2673 668 aeterna
2710 612 2801 668 sit.
2828 610 2950 679 Vel,
2991 613 3263 683 viventem,
3317 615 3547 684 perinde

1976 702 2218 772 intellige
2250 713 2413 774 atque
2437 711 2734 769 recentem,
2770 718 2870 775 pro
2902 704 3023 760 viva
3071 712 3126 761 et
3179 708 3427 773 ﬂorente,
3478 709 3545 762 ad

1975 793 2275 850 discrimen
2301 795 2557 851 introitus
2582 794 2649 849 ad
2665 806 2849 864 yetera
2870 807 3062 854 sancta
3086 815 3098 852 :
3130 807 3379 855 mortuus
3397 801 3542 856 enim

1976 887 2067 942 ille
2094 896 2198 941 est.

2048 977 2157 1034 Per
2192 980 2443 1047 velamen,
2479 981 2575 1035 lioc
2602 989 2683 1036 est
2710 996 2923 1037 carnem
2973 998 3148 1037 suam.
3177 981 3419 1038 lnitiavit
3446 1000 3547 1038 no-

1973 1071 2060 1128 bis
2087 1074 2240 1128 viam
2266 1074 2410 1130 hanc
2467 1075 2536 1130 ad
2571 1072 2744 1132 canos
2798 1076 3113 1139 ducentem,
3172 1090 3269 1145 per
3321 1091 3544 1133 carnem

1974 1181 2152 1222 suam.
2180 1166 2412 1234 Quando
2450 1169 2594 1223 enim
2627 1169 2683 1224 in
2713 1183 2932 1225 crucem
2976 1181 3105 1223 caro
3140 1168 3354 1223 sublata
3403 1178 3543 1233 erat,

1972 1267 2027 1314 ct
2065 1260 2119 1314 in
2151 1259 2351 1314 coelum
2382 1271 2621 1331 recepta,
2648 1270 2763 1316 tum
2804 1261 3064 1317 revelavit
3093 1260 3252 1315 nobis
3274 1261 3543 1317 coelestia.

1972 1349 2268 1423 Propterea
2299 1362 2354 1408 et
2384 1362 2691 1423 opportune
2755 1355 3005 1410 velamen
3062 1369 3181 1410 eam
3225 1355 3541 1425 appellavit.

1971 1443 2120 1499 Istud
2149 1447 2293 1501 enim
2322 1446 2603 1517 proprium
2635 1455 2718 1502 est
2762 1447 3078 1513 velamenti,
3110 1454 3169 1502 ut
3198 1462 3325 1503 cum
3361 1463 3546 1503 remo-

1972 1545 2088 1592 tum
2122 1537 2305 1604 fuerit,
2337 1540 2539 1594 reveiet
2564 1554 2685 1609 quae
2724 1539 2834 1594 sint
2864 1540 3032 1595 intus.

2043 1628 2208 1684 Vens.
2237 1630 2326 1685 2|.
2362 1629 2430 1683 Et
2452 1629 2777 1685 sacerdotem
2827 1645 3074 1698 magnum
3121 1646 3279 1699 super
3328 1632 3545 1687 domum

1973 1716 2092 1772 Dei.
2135 1717 2412 1774 Habentes
2439 1720 2691 1775 videlicet
2720 1720 3065 1775 sacerdotem
3108 1721 3326 1790 quidem
3379 1723 3544 1780 Chri-
3618 1728 3623 1733 ’

1969 1815 2155 1875 stum;
2190 1813 2412 1865 domum
2456 1825 2607 1875 vero,
2667 1827 2769 1867 nos
2799 1810 3009 1877 fideles,
3035 1812 3190 1881 juxta
3228 1813 3361 1870 illud
3398 1833 3412 1871 :
3449 1815 3547 1871 In-

1971 1898 2301 1955 Izabitaboin
2333 1902 2484 1970 ipsis,
2508 1911 2559 1957 et
2594 1903 2937 1960 inambulabo
2972 1882 3180 1963 iit/eis.
3240 1907 3358 1976 Vel,
3396 1910 3541 1981 quod

1970 2008 2099 2049 reor
2128 2007 2250 2049 esse
2282 1994 2487 2065 potius,
2520 1995 2718 2051 coelum
2752 2015 2765 2051 :
2802 1998 2933 2055 illud
2966 2001 3112 2056 enim
3139 2009 3192 2057 et
3224 2011 3413 2058 sancta
3447 2019 3545 2074 ap-

1968 2083 2157 2152 pellat,
2194 2092 2248 2138 et
2277 2082 2332 2138 in
2356 2099 2423 2140 eo
2452 2084 2769 2142 Pontilicem
2792 2086 3106 2147 ministrare
3132 2092 3281 2155 dicit,
3321 2109 3418 2164 pro
3446 2109 3545 2150 no-

1971 2172 2057 2229 bis
2090 2173 2342 2229 videliCet
2370 2174 2784 2232 intercedendo.

2042 2262 2210 2321 Vatis.
2245 2264 2335 2320 22.
2374 2265 2723 2324 Acoedamus.
2755 2268 2837 2324 Ad
2861 2270 2991 2341 quid
3013 2272 3135 2328 ?Ad
3159 2274 3316 2330 fidem
3348 2286 3401 2332 et
3427 2279 3542 2349 Spi-

1969 2356 2226 2409 ritualcm
2275 2356 2483 2412 cultum
2521 2358 2648 2414 :vel
2680 2359 2749 2415 ad
2798 2362 3026 2431 caelum,
3079 2366 3171 2420 ubi
3219 2378 3406 2425 uoster
3458 2380 3544 2426 est

1968 2446 2237 2503 Pontifex.

2043 2537 2206 2611 725
2237 2540 2369 2597 Cum
2405 2559 2522 2597 vero
2548 2545 2724 2601 corde.
2754 2544 2869 2604 Hoc
2891 2558 2996 2615 est,
3022 2543 3245 2621 experte
3267 2553 3400 2619 doli,
3432 2571 3543 2612 non

1972 2633 2157 2688 fucato
2217 2650 2340 2705 erga
2401 2635 2621 2706 fratres,
2687 2640 2772 2696 vel
2835 2641 2971 2697 nihil
3032 2643 3340 2711 haesitante,
3409 2649 3547 2706 nihil

1971 2720 2307 2798 ambigente,
2366 2728 2504 2791 nihil
2554 2731 2843 2789 dubitante
2896 2734 2964 2792 de
3021 2735 3243 2805 futuris,
3300 2754 3365 2796 ac
3427 2759 3549 2813 pro-

1969 2819 2161 2888 pterea
2202 2817 2256 2873 in
2318 2820 2835 2890 pusillanimitatem
2883 2827 3186 2885 recidente.
3238 2829 3405 2886 lnfert
3446 2832 3555 2904 igi-

1972 2918 2096 2965 tur:

2042 2999 2110 3055 In
2137 3001 2470 3071 plenitudine
2504 3004 2652 3072 ﬁdei.
2695 3003 2866 3061 Docct
2917 3021 3022 3063 nos
3060 3024 3170 3079 quo
3229 3018 3388 3080 pacto
3437 3025 3545 3067 non

292 3093 349 3146 οὐ
389 3091 900 3163 μικροψυχήσομεν,
955 3091 1052 3145 ὲάν
1094 3091 1471 3164 πληροφορίαν
1521 3094 1737 3166 ἔχωμεν
1780 3098 1867 3149 πί-

1976 3090 2149 3145 simus
2172 3091 2506 3161 desponsuri
2528 3092 2795 3158 animum,
2831 3108 3047 3165 nempe,
3090 3096 3136 3151 si
3159 3095 3284 3152 ﬁdei
3311 3098 3549 3168 plenitu-

294 3204 483 3250 στεως,
518 3188 789 3251 τουτέστι,
841 3185 1024 3238 πίστιν
1071 3185 1494 3257 ἀπηρτισμένην
1535 3189 1630 3241 καὶ
1667 3188 1869 3243 τελειο-

1977 3182 2158 3237 dinem
2195 3182 2574 3248 habuerimus,
2628 3183 2730 3238 hoc
2763 3194 2868 3249 est,
2911 3185 3071 3241 fidem
3109 3192 3548 3245 consummatam

291 3278 482 3347 τάτην.
525 3277 683 3329 Ἐστι
708 3275 820 3346 γὰρ
846 3274 1126 3329 πιστεύειν
1150 3276 1272 3347 μὲν,
1310 3276 1411 3330 οὐκ
1435 3278 1494 3330 ὲν
1524 3277 1869 3352 πληροφορίᾳ

290 3369 362 3423 δέ.
394 3371 611 3439 Ὥσπερ
641 3367 784 3435 τινὲς
818 3367 1092 3436 λέγουσιν,
1121 3368 1204 3422 ὃτι
1232 3368 1392 3423 ἐνίων
1425 3369 1526 3440 μὲν
1558 3370 1710 3424 ἔσται
1738 3370 1868 3425 ἀνά-

293 3479 498 3526 στασις,
540 3461 706 3514 τινῶν
738 3460 795 3513 δὲ
821 3461 921 3514 οὐκ
949 3460 1102 3515 ἐσται
1122 3477 1137 3492 ο
1177 3461 1337 3516 τοῦτο
1369 3463 1470 3516 οὐκ
1509 3461 1626 3516 ἐστι
1652 3464 1869 3537 πλήρης

292 3552 495 3615 πίστις,
543 3549 664 3605 ἀλλ’
711 3550 932 3621 ἀτελής.
975 3550 1064 3603 Ἐν
1106 3549 1451 3622 πληροφορίᾳ
1496 3545 1590 3603 οὖν
1629 3549 1868 3614 πίστεως

292 3641 749 3715 προσερχώμεθα.
810 3640 1030 3713 Ἐπειδὴ
1081 3640 1189 3711 γὰρ
1236 3640 1391 3695 οὐδέν
1437 3641 1584 3694 ἐστιν
1646 3640 1865 3711 ὁρατὸν,

293 3736 411 3790 οὔτε
443 3739 472 3789 6
506 3734 634 3798 ναὸς
668 3736 697 3786 6
725 3733 977 3804 οὐρανὸς,
1010 3732 1136 3787 οὔτε
1166 3734 1194 3786 6
1226 3733 1522 3804 ἀρχιερεὺς
1550 3735 1579 3787 6
1609 3734 1864 3804 Χριστὸς,

292 3828 423 3882 ἀλλά
448 3828 783 3898 κέκρυπται,
828 3826 1017 3897 ὥσπερ
1057 3827 1152 3880 καὶ
1178 3826 1241 3879 τὸ
1266 3824 1495 3879 παλαιὸν
1524 3827 1551 3879 6
1570 3826 1864 3898 ἀρχιερεὺς

293 3917 682 3988 ἀπεκρύπτετο
711 3915 992 3981 εἰσελθὼν,
1032 3915 1124 3969 διά
1168 3914 1328 3970 τοῦτο
1359 3914 1443 3970 δεῖ
1485 3915 1723 3980 πίστεως
1768 3932 1867 3970 πε-

297 4006 667 4078 πληρωμένης
697 4005 794 4059 καὶ
825 4005 1177 4060 ἀδιστάκτου.

376 4282 861 4353 Ἐῤῥαντισμένοι
891 4282 999 4349 τὰς
1030 4280 1275 4351 καρδίας
1309 4279 1426 4336 ἀπὸ
1459 4279 1867 4350 συνειδήσεως

297 4375 587 4443 πονηρᾶς.
630 4377 817 4429 Εἰπὼν
859 4375 990 4445 περὶ
1029 4374 1287 4439 πίστεως,
1326 4372 1564 4427 δείκνυσι
1592 4372 1722 4443 νῦν,
1784 4376 1866 4428 ὅτι

1974 3278 2029 3327 et
2068 3271 2557 3343 perfectissimam.
2585 3269 2718 3328 Nam
2758 3273 2877 3329 fieri
2922 3282 3107 3346 potest
3137 3284 3198 3333 ut
3251 3278 3546 3349 quisquam

1975 3362 2186 3427 credat,
2216 3379 2327 3419 non
2367 3374 2545 3420 tamen
2581 3364 2636 3419 in
2660 3365 3000 3435 plenitudine
3034 3385 3051 3424 :
3083 3371 3546 3439 quemadmodum

1975 3454 2230 3510 nonnulli
2271 3454 2463 3509 dicunt
2490 3454 2853 3525 quorumdam
2899 3457 3143 3514 futuram
3178 3465 3547 3517 resurrectio-

1976 3562 2125 3613 nem,
2161 3546 2527 3618 quorumdam
2578 3562 2712 3603 vero
2763 3563 2873 3605 non
2925 3550 3187 3608 futuram.
3237 3552 3362 3610 llaec
3416 3571 3549 3610 sane

1974 3651 2085 3693 non
2113 3645 2200 3692 est
2243 3637 2402 3706 plena
2430 3635 2587 3704 fides,
2619 3636 2715 3699 sed
2745 3637 3082 3707 imperfecta.
3115 3640 3173 3695 ln
3207 3642 3550 3710 plenitudine

1976 3731 2142 3801 igitur
2178 3728 2300 3785 ﬁdei
2334 3728 2683 3786 accedamus.
2717 3730 3171 3802 Quandoquidem
3214 3736 3359 3791 enim
3410 3737 3549 3792 nihil

1976 3822 2157 3880 oculis
2207 3813 2425 3878 nostris
2477 3821 2788 3891 subjectum
2860 3834 2967 3890 est,
3039 3841 3217 3897 neque
3284 3830 3548 3900 templum

1975 3915 2155 3985 ipsum
2187 3911 2410 3977 malum,
2445 3926 2623 3981 neque
2654 3912 2897 3982 pontifex
2921 3913 3196 3979 Christus,
3228 3917 3323 3971 sed
3361 3917 3547 3972 abdita

1974 4013 2129 4073 sunt,
2170 4004 2249 4059 uti
2278 4003 2406 4059 olim
2433 4001 2681 4074 pontifex
2725 4003 3013 4074 ingressus
3050 4004 3105 4058 in
3134 4014 3326 4060 sancta
3357 4006 3549 4061 occul-

1975 4098 2196 4154 tabatur
2223 4115 2238 4165 ;
2271 4106 2558 4168 propterea
2598 4109 2735 4166 opus
2757 4103 2845 4152 est
2896 4095 3001 4152 tide
3029 4095 3273 4167 perfecta
3301 4107 3355 4154 et
3382 4098 3575 4177 indu-_

1973 4190 2166 4246 bitata.

2047 4280 2264 4351 Aspersa“
2303 4277 2467 4334 corda
2495 4295 2529 4333 a
2558 4277 2882 4332 conscientia
2934 4278 3100 4332 mala.
3135 4278 3272 4334 Cum
3323 4280 3391 4336 de
3441 4280 3547 4336 fide

1977 4378 2202 4434 locutus
2230 4382 2399 4439 esset,
2426 4384 2574 4427 nunc
2602 4368 2844 4426 ostendit
2871 4384 2979 4426 non
3010 4370 3180 4425 solam
3213 4369 3398 4435 fidem,
3449 4387 3548 4427 ve-

295 4468 358 4520 οὐ
392 4467 573 4531 πίστις
605 4470 767 4538 μόνη,
819 4467 957 4522 ἀλλά
986 4467 1083 4522 καὶ
1132 4465 1245 4536 βίος
1293 4466 1546 4538 ἐνάρετος
1598 4464 1866 4537 ζητεῖται.

1978 4484 2099 4525 rum
2125 4467 2287 4524 etiam
2307 4466 2474 4521 vitam
2516 4462 2809 4519 virtutibus
2836 4473 3084 4518 ornatam
3123 4463 3346 4534 requiri.
3372 4461 3549 4520 είυάῐεί

310 4558 550 4612 Ἰουδαῖοι
595 4558 696 4627 μὲν
744 4553 837 4611 οὖν
885 4557 945 4611 τὸ
989 4556 1149 4628 σῶμα
1188 4557 1591 4628 ὲρραντίζοντο,
1620 4558 1778 4628 ἡμεῖς
1811 4558 1871 4612 δὲ

295 4653 390 4715 τάς
436 4652 691 4722 καρδίας,
720 4651 863 4705 ὥστε
901 4650 1068 4721 μηδὲν
1097 4652 1312 4713 ἑαυτοῖς
1357 4649 1660 4704 συνειδέναι
1689 4667 1860 4721 πονη-

304 4746 411 4813 MV.
461 4742 967 4813 Ῥαντισθησὸμεθα
1000 4742 1055 4795 δὲ
1089 4744 1229 4813 αὐτῇ
1252 4744 1328 4811 τῇ
1363 4742 1554 4812 ἀρετῇ,
1587 4742 1621 4811 ἢ
1668 4742 1763 4795 καὶ
1803 4742 1870 4811 τῇ

298 4837 477 4906 χάριτι
528 4834 626 4888 τοῦ
679 4834 1020 4903 Πνεύματος,
1066 4835 1161 4889 τοῦ
1202 4834 1454 4902 ἀφιέντος
1499 4836 1631 4905 ἡμῖν
1679 4836 1737 4888 ὲν
1795 4836 1875 4905 τῷ

298 4926 507 5000 λουτρῷ
538 4928 639 4987 τὰς
685 4927 984 4996 ἁμαρτίας,
1020 4927 1115 4980 καὶ
1156 4925 1559 4995 ἐνισχύσαντος,
1602 4925 1742 4980 ὥστε
1778 4928 1874 4982 ὲάν

301 5020 715 5088 σπουδάσωμεν,
749 5019 945 5088 μηκέτι
974 5021 1089 5081 τοῖς
1121 5017 1307 5081 αὐτοῖς
1337 5017 1708 5088 περιπίπτειν.

363 5113 475 5167 Καὶ
524 5109 884 5180 λελουμένοι
940 5109 1006 5163 τὸ
1056 5109 1231 5179 σῶμα
1284 5107 1455 5162 ὕδατι
1493 5112 1670 5176 καθαδτ
1683 5109 1749 5175 ᾧ.
1785 5110 1875 5182 Τῷ

296 5201 389 5254 τοῦ
454 5202 874 5270 βαπτίσματος⁸
926 5198 1156 5270 καθαρῷ
1207 5198 1304 5264 δὲ,
1373 5199 1406 5267 ἢ
1465 5198 1541 5269 τῷ
1603 5200 1877 5272 καθαροὺς

298 5290 565 5356 ποιοῦντι,
592 5290 627 5360 ἢ
654 5291 733 5360 τῷ
768 5289 849 5361 μὴ
885 5288 1060 5360 ἔχοντι
1080 5285 1221 5359 αἷμα
1257 5289 1682 5359 μεμιγνυμένον,
1706 5291 1781 5356 ὡς
1810 5292 1871 5345 τὸ

299 5382 531 5434 παλαιὸν
554 5381 616 5433 τὸ
636 5382 735 5451 τῆς
767 5379 985 5436 σποδοῦ.
1010 5375 1074 5432 Ei
1101 5381 1242 5450 τάχα
1271 5379 1379 5449 γὰρ
1411 5379 1444 5448 ἡ
1478 5379 1536 5432 ἐν
1555 5378 1633 5449 τῷ
1663 5379 1870 5453 λουτρῷ

299 5475 455 5543 χάρις
494 5472 592 5526 τοῦ
621 5472 938 5543 Πνεύματος
978 5472 1072 5525 καὶ
1104 5471 1281 5542 ψυχάς
1326 5471 1599 5543 καθαίρει,
1632 5473 1780 5544 ὅμως
1813 5477 1874 5528 τὸ

299 5566 491 5635 ὁρατὸν
550 5564 631 5631 τῷ
686 5561 869 5636 ὁρατῷ
891 5563 941 5597 ³⁸
999 5562 1230 5617 ἐνταῦθα
1287 5562 1500 5628 Παῦλος
1555 5563 1871 5630 συνέταξεν.

1977 4559 2198 4633 quidem
2229 4570 2461 4627 corpore
2493 4553 3021 4624 conspergebantur,
3055 4568 3156 4608 nos
3201 4567 3333 4635 vero
3359 4553 3546 4619 corde,

1977 4663 2038 4708 ut
2078 4651 2214 4705 nihil
2237 4649 2365 4703 mali
2401 4646 2560 4702 nobis
2603 4636 2811 4700 conscii
2852 4645 3047 4701 simus.
3109 4638 3549 4715 Conspcrgeiuur

1978 4752 2159 4797 autem
2189 4749 2243 4796 et
2277 4740 2395 4809 ipsa
2428 4739 2649 4801 virtute,
2683 4736 2770 4791 vel
2812 4737 2989 4806 gratia
3037 4735 3302 4805 Spiritus,
3334 4738 3426 4806 qui
3463 4752 3552 4791 re-

1980 4834 2134 4890 misit
2182 4831 2342 4887 nobis
2375 4831 2431 4885 in
2460 4830 2787 4900 baptismate
2821 4835 3066 4897 peccata,
3119 4837 3173 4883 et
3214 4828 3548 4884 conforiavit

1982 4940 2105 4991 nos,
2137 4932 2197 4978 ut
2229 4922 2275 4979 si
2308 4921 2551 4976 animum
2592 4918 3012 4986 adverterimus,
3056 4934 3164 4975 non
3199 4934 3366 4991 porro
3399 4921 3454 4975 in
3483 4936 3549 4976 ea

1975 5015 2305 5072 recidamus.

2048 5107 2218 5162 Vens.
2250 5105 2343 5159 25.
2382 5101 2449 5155 Et
2473 5101 2645 5155 abluti
2675 5115 2865 5170 corpus
2900 5118 3039 5173 aqua
3059 5118 3213 5172 pura.
3243 5103 3550 5174 Baptisma-

1980 5202 2046 5256 tis
2079 5199 2290 5255 scilicet
2329 5215 2341 5251 :
2374 5211 2506 5266 pura
2557 5207 2710 5261 vero,
2744 5194 2828 5248 vel
2879 5196 3022 5264 quod
3055 5212 3225 5267 puros
3286 5197 3434 5262 facit,
3464 5195 3552 5249 vel

1983 5291 2127 5363 quod
2159 5306 2264 5345 non
2320 5290 2515 5342 habeat
2547 5285 2850 5341 admixtum
2905 5288 3248 5358 sanguinem,
3308 5294 3368 5340 ut
3418 5285 3551 5341 olim

1979 5388 2196 5443 cinerea
2228 5383 2345 5437 illa.
2377 5381 2493 5437 Etsi
2538 5380 2683 5436 enim
2732 5379 2906 5450 gratia
2966 5376 3206 5447 Spiritus
3244 5378 3299 5431 in
3335 5377 3549 5446 baptis-

1983 5487 2126 5532 mate
2157 5476 2369 5530 animus
2425 5482 2639 5542 purget,
2689 5469 2906 5525 visibile
2956 5479 3140 5522 tamen
3201 5466 3290 5521 hic
3350 5468 3554 5525 visibili

1982 5564 2183 5619 Paulus
2204 5559 2507 5632 conjunxit.
2557 5556 2835 5627 Siquidem
2890 5555 2946 5609 in
3004 5555 3125 5624 ipso
3190 5568 3291 5610 usu
3343 5553 3554 5627 baptis-

1696 5682 1901 5745 Variae
1931 5681 2260 5746 lectiones.

369 5753 413 5784 ³⁸
424 5754 645 5826 ἀοράτῳ
674 5767 728 5805 ο.

586 5852 866 5911 Ρλντιιοι..
915 5849 1034 5911 Gn.
1067 5849 1314 5913 CXXV.

3129 5841 3196 5906 ll
