4014 6208
382 287 485 352 331

1315 279 1899 343 THEOPHYLACTI
1940 274 2357 339 BULGARI/E
2381 272 2739 335 ARCHIEP.

3539 270 3644 332 33:2

386 402 589 462 matis.
667 401 916 471 corporis
991 412 1158 454 causa
1238 411 1379 468 aqua
1438 396 1760 452 assumitur‘.
1828 395 1963 450 Cum

2092 392 2236 481 :Enel
2261 390 2357 447 καὶ
2389 391 2446 443 ἐν
2484 389 2622 460 αὐτῇ
2660 392 2726 460 τῇ
2767 386 2926 461 χρείᾳ
2964 384 3058 440 τοῦ
3108 385 3505 458 βαπτίσματος,
3550 379 3645 439 τοῦ

386 496 533 549 enim
567 509 665 550 nos
694 493 899 563 gemini
943 492 1142 559 simus,
1179 489 1396 562 gemina
1439 489 1602 545 etiam
1653 487 1961 561 purificatio

385 591 490 639 est.

456 677 744 731 Teneamus
788 673 898 743 spei
937 661 1316 743 confessionem
1354 674 1650 728 immotam.
1706 670 1819 726 lloc
1856 679 1961 738 est,

386 785 547 839 quam
577 767 807 837 professi
845 782 1036 821 sumus
1061 782 1236 837 spem,
1268 783 1386 822 eam
1423 767 1761 822 retineamus
1790 764 1964 818 stabi-

389 863 517 917 lem.
557 862 912 931 Speravimus
942 861 1084 915 enim
1122 862 1174 915 in
1210 862 1482 933 principio
1521 862 1667 926 fidei,
1718 859 1866 931 quod
1912 866 1967 913 et

392 955 493 1023 ipsi
524 955 723 1007 cmlum
773 954 1077 1024 ingressuri
1112 957 1287 1011 simus
1321 972 1335 1008 :
1372 964 1426 1010 et
1483 953 1714 1026 professi
1751 966 1962 1015 sumus,

389 1048 610 1114 quando
672 1045 847 1101 fwdus
919 1044 1043 1101 ﬁdei
1100 1046 1454 1113 ferichamus,
1511 1045 1965 1100 resurrectionem

391 1148 734 1193 mortuorum
767 1154 868 1193 nos
899 1138 1146 1204 credere,
1184 1148 1239 1195 et
1293 1140 1462 1194 vitam
1495 1146 1781 1194 aeternam.
1814 1134 1968 1191 lianc

393 1230 558 1300 igitur
585 1230 991 1287 confessionem
1035 1233 1390 1287 retineamus.

469 1410 675 1467 Fidelis
709 1412 847 1467 enim
877 1422 954 1467 est
981 1414 1071 1482 qui
1097 1414 1365 1481 promisit.
1410 1411 1572 1468 Vires
1607 1412 1768 1468 nobis
1806 1412 1971 1484 largi-

400 1512 489 1557 tur
514 1502 591 1555 uti
616 1516 766 1571 spem
796 1500 1009 1554 lirmam
1043 1511 1361 1567 teneamus;
1413 1515 1628 1571 nempe,
1659 1499 1704 1555 si
1738 1500 1974 1568 dignita-

400 1604 507 1648 tem
547 1592 668 1663 ejus
697 1593 791 1661 qui
829 1591 1099 1661 promisit,
1135 1591 1318 1645 animo
1344 1592 1785 1661 perpendamus.‘
1809 1589 1971 1645 Fide-

397 1684 467 1740 lis
486 1685 629 1738 enim
651 1689 756 1748 est,
778 1681 883 1735 huc
907 1687 991 1735 cst
1040 1696 1224 1745 verus,
1248 1682 1364 1751 ipSe
1388 1680 1643 1735 Christus
1660 1680 1753 1751 qui
1797 1680 1972 1737 dixit:

403 1771 501 1825 Ubi
532 1787 623 1842 ego
659 1788 798 1837 sum,
820 1779 869 1824 et
892 1770 1138 1824 minister
1164 1785 1309 1823 meus
1343 1770 1464 1823 erit.
1900 1760 1905 1763 ⁷

467 1862 637 1919 Vens.
667 1861 761 1916 Ἡ.
800 1860 868 1915 Et
896 1860 1287 1916 consideremus
1316 1876 1412 1915 nos
1453 1870 1636 1915 mutuo
1681 1863 1756 1921 ad
1782 1876 1973 1931 provo-

397 1958 659 2012 cationem
691 1954 980 2009 charitatis
1024 1964 1072 2008 et
1107 1952 1365 2009 bonorum
1401 1969 1635 2022 operum.
1676 1953 1976 2010 Charitatis

398 2047 797 2119 perfectionem
853 2042 1028 2099 addit.
1065 2042 1488 2100 Consideremus‘
1528 2045 1697 2112 enim,
1766 2044 1967 2115 inquit,

394 2156 494 2193 nos
531 2147 732 2202 mutuo,
764 2135 869 2190 hoc
902 2143 1006 2199 est,
1039 2135 1203 2205 726
1229 2136 1613 2206 inspiciamus,
1645 2136 1691 2193 si
1723 2137 1847 2206 quis
1870 2138 1979 2190 vir-

402 2239 517 2284 tute
548 2226 805 2295 insignis,
839 2235 899 2280 ut
928 2225 1075 2279 hunc
1134 2224 1455 2280 imitemur:
1493 2240 1600 2280 non
1637 2233 1696 2279 ut
1736 2224 1979 2280 invidea-

400 2336 525 2377 mus
566 2319 638 2385 ei,
670 2318 768 2374 scd
801 2319 985 2389 potius
1018 2323 1078 2370 ut
1127 2316 1443 2385 incitemur,
1507 2327 1567 2372 ut
1613 2317 1802 2373 eadem
1852 2330 1976 2371 cum

396 2417 523 2487 ipso
552 2426 720 2484 opera
786 2409 1162 2481 perficiamus.
1227 2406 1560 2464 Provocatio
1621 2416 1806 2464 autem
1867 2407 1981 2463 haec

398 2505 692 2563 cbaritatis
723 2511 830 2569 est,
858 2517 969 2559 non
1004 2499 1247 2556 invidiae.
1281 2499 1353 2557 Ut
1383 2502 1530 2555 enim
1563 2500 1773 2556 ferrum
1831 2499 1980 2554 ferro

399 2600 691 2656 exacuitur
726 2618 740 2654 :
776 2599 858 2655 sic
882 2598 1062 2653 anima
1090 2612 1213 2652 cum
1259 2593 1442 2649 anima
1472 2590 1860 2646 commercium
1883 2590 1983 2642 ha—

400 2693 561 2756 bens,
621 2691 689 2747 ad
742 2691 930 2746 eadem
994 2689 1169 2761 ipsam
1217 2687 1441 2754 incitat,
1487 2690 1865 2739 verumtamen
1927 2680 1980 2734 in

394 2781 691 2837 cliaritate.
714 2779 812 2836 Vel
830 2770 1230 2835 converseniini
1252 2782 1461 2843 mutuo,
1486 2787 1595 2844 quo
1606 2769 1982 2828 accendamini

405 2883 463 2925 nt
514 2882 706 2927 mutuo
741 2869 986 2942 diligatis
1014 2878 1068 2926 et
1107 2868 1432 2937 diligamini.

473 2960 643 3017 Vens.
674 2962 767 3017 25.
798 2964 917 3017 Non
965 2961 1263 3016 deserentes
1297 2959 1661 3013 collectionem
1716 2964 1979 3010 nostram.

2069 474 2325 557 σώματος
2375 484 2537 536 ἕνεκα
2585 481 3083 554 παραλαμϐάνεται
3116 479 3176 532 τὸ
3227 477 3393 549 ὕδωρ.
3440 474 3648 529 Διττῶν

2067 580 2176 651 γὰρ
2211 578 2381 631 ὄντων
2409 577 2591 648 ἡμῶν,
2623 575 2773 647 διττὴ
2813 576 2910 629 καὶ
2947 576 2980 646 ἡ
3011 573 3296 643 κάθαρσις.

2138 668 2494 738 Κατέχῳμεν
2512 665 2628 736 τὴν
2650 666 2977 737 ὁμολογίαν
3002 663 3110 733 τῆς
3137 663 3380 731 ἐλπίδος
3408 659 3649 728 ἀκλινῆ.

2070 760 2351 822 Τουτέστι,
2386 759 2486 829 τὴν
2515 756 2950 830 ὁμολογηθεῖσαν
2992 758 3124 829 ἡμῖν
3154 754 3363 818 ἐλπίδα,
3402 752 3650 824 κατέχω-

2073 869 2171 924 μεν
2220 853 2391 923 αὐτὴν
2440 850 2687 922 βεϐαίαν.
2733 850 3075 921 Ἦλπίσαμεν
3119 849 3228 921 γὰρ
3277 850 3336 904 ἐν
3366 848 3511 918 ἀρχῇ
3550 849 3649 917 τῆς

2068 945 2327 1008 πίστεως,
2383 945 2467 998 ὅτι
2518 944 2613 998 καὶ
2648 944 2805 998 αὐτοὶ
2858 944 2935 1004 είς
2970 943 3060 996 τὸν
3091 941 3316 1013 οὐρανὸν
3358 941 3654 994 εἰσελευσόο

2072 1037 2251 1106 μεθα·
2297 1034 2393 1088 καὶ
2441 1033 2878 1106 ὡμολογήσαμεν
2932 1033 3020 1088 ὅτε
3067 1031 3170 1097 τὰς
3230 1030 3509 1101 συνθήκας
3552 1031 3652 1099 τῆς

2069 1128 2310 1190 πίστεως
2362 1126 2740 1198 ἐποιούμεθα,
2801 1128 2880 1190 είς
2937 1126 3237 1179 ἀνάστασιν
3294 1122 3504 1193 νεκρῶν
3562 1141 3653 1174 πι-

2071 1218 2303 1285 στεύειν,
2335 1217 2432 1272 καὶ
2482 1218 2563 1281 είς
2614 1216 2759 1288 ζωὴν
2788 1215 3031 1272 αἰώνιον.
3081 1214 3298 1285 Ταύτην
3324 1213 3505 1268 τοίνυν
3552 1215 3651 1287 τὴν

2071 1310 2367 1382 ὁμολογίαν
2401 1309 2748 1382 κατέχωμεν.

2142 1403 2364 1469 Πιστὸς
2399 1401 2509 1472 γὰρ
2563 1406 2596 1457 ό
2644 1400 3178 1473 ἐπαγγειλάμενος.
3232 1399 3457 1454 Δίδωσιν
3500 1399 3652 1469 ἰσχὺν

2073 1493 2191 1557 πῶς
2224 1492 2526 1566 καθέξομεν
2563 1493 2663 1565 τὴν
2710 1493 2903 1548 ἐλπίδα
2940 1492 3201 1563 βεϐαίαν·
3250 1492 3345 1546 ἐὰν
3384 1492 3658 1562 ἐννοὴσιοσ

2076 1604 2175 1657 μεν
2201 1587 2261 1640 τὸ
2300 1587 2614 1654 ἀξιόπιστον
2644 1585 2739 1640 τοῦ
2772 1583 3272 1654 ἐπαγγειλαμένου.
3303 1582 3500 1644 Πιστὸς
3522 1583 3653 1652 γὰρ,

2073 1678 2353 1753 τουτέστιν
2388 1734 2391 1739 λ
2406 1677 2635 1749 ἀληθὴς,
2676 1680 2704 1731 ὁ
2746 1676 2981 1747 Χριστὸς
3031 1679 3059 1730 ὁ
3106 1674 3305 1734 εἰπών’
3340 1675 3471 1729 Ὅτι
3501 1674 3654 1729 ὅπου

2003 1772 2043 1829 Β
2073 1768 2190 1839 ειμι
2219 1765 2355 1838 ἐγὼ,
2388 1769 2487 1822 καὶ
2517 1770 2551 1823 ό
2582 1763 2866 1834 διάκονος
2895 1771 2927 1822 ὁ
2959 1768 3102 1837 ἐμὸς
3139 1766 3335 1821 ἔσται.

2148 1860 2260 1916 Kal
2318 1860 2704 1931 κατανοῶμεν
2756 1860 3070 1928 ἀλλήλους
3121 1863 3208 1926 εις
3265 1857 3661 1930 παροξυσμέν

2076 1952 2313 2022 ἀγάπης
2343 1951 2443 2006 καί
2471 1950 2676 2006 καλῶν
2695 1950 2905 2021 ἔργων.
2934 1936 3008 2005 Τ’ὸ
3033 1950 3239 2005 τέλειον
3260 1951 3302 1982 ³⁷
3338 1950 3653 2021 προστίθησι

2075 2048 2175 2117 τῆς
2225 2044 2468 2114 ἀγάπης.
2525 2042 2897 2114 Κατανοῶμεν
2931 2044 3062 2114 γὰρ,
3116 2042 3306 2114 φησὶν,
3354 2041 3651 2112 ἀλλήλους·

2077 2137 2376 2202 τουτέστιν,
2401 2136 2794 2206 ἐπισκοπῶμεν
2828 2135 2883 2188 εί
2904 2153 2989 2200 τις
3027 2136 3302 2205 ἐνάρετος,
3350 2134 3438 2188 ἵνα
3470 2133 3655 2188 τοῦτον

2082 2229 2416 2302 μιμώμεθα”
2451 2229 2550 2300 οὐχ
2603 2228 2692 2283 ῖνα
2724 2227 3032 2300 φθονῶμεν,
3081 2228 3196 2283 ἀλλ’
3227 2228 3315 2282 ἵνα
3350 2227 3666 2300 παροξυνάν-

2085 2322 2225 2392 μεθα
2257 2320 2458 2393 μᾶλλον
2480 2321 2560 2384 είς
2581 2319 2641 2373 τὸ
2666 2320 2734 2373 τὰ
2760 2319 2901 2374 αὐτὰ
2928 2320 3125 2390 ἐκείνῳ
3150 2320 3292 2374 καλὰ
3309 2319 3446 2390 ἔργα
3464 2322 3661 2375 ποιεῖν.

2094 2413 2152 2466 '0
2190 2412 2245 2465 δὲ
2287 2411 2640 2483 παροξυσμὸς
2679 2404 2834 2474 οὗτος
2878 2412 3102 2482 ἀγάπης
3149 2411 3316 2476 ἐστὶν,
3362 2411 3485 2483 οὐχὶ
3529 2409 3666 2481 φθό-

2084 2523 2176 2560 νου
2200 2505 2264 2561 ³⁸.
2305 2505 2517 2577 Ὥσπερ
2570 2503 2681 2573 γὰρ
2732 2501 2953 2576 σίδηρος
3003 2504 3222 2576 σίδηρον
3271 2503 3473 2571 ὀξύνει,
3519 2504 3668 2558 οὕτω

2083 2598 2356 2670 καὶψυχὴ
2399 2597 2532 2669 πρὸς
2581 2597 2759 2676 ψυχὴν
2809 2596 3111 2667 ὁμιλοῦσα,
3158 2596 3449 2668 παροξύνει
3495 2595 3667 2667 αὐτὴν

2083 2691 2163 2754 εἰς
2196 2690 2265 2743 τὰ
2310 2689 2476 2754 αὐτὰ,
2512 2689 2653 2759 πλὴν
2704 2692 2763 2743 ἐν
2809 2689 3022 2763 ἀγάπῃ3
3073 2688 3142 2743 Ἦ
3182 2688 3276 2743 καὶ
3318 2689 3400 2743 ὅτι
3435 2687 3664 2742 σύνεσθε

2088 2779 2537 2851 άλλήλοις,ῶστε
2594 2779 3057 2852 ἐκθερμαίνεσθαι
3104 2782 3184 2844 εἰς
3232 2781 3293 2833 τὸ
3323 2779 3541 2850 ἀγαπᾷν
3569 2778 3666 2833 καὶ

2087 2873 2426 2941 ἀγαπᾶσθαι.

2156 2961 2254 3032 Μὴ
2279 2963 2820 3031 ἐγκαταλείποντες
2853 2963 2969 3032 τὴν
3012 2963 3481 3033 ἐπισυναγωγὴν
3520 2960 3661 3015 ἑαυ-

393 3054 754 3124 Compertum
770 3053 953 3118 habet,
993 3058 1321 3106 conventum
1349 3055 1595 3102 mutuum
1631 3045 1977 3117 dilectione

2092 3052 2224 3108 τῶν.
2251 3051 2405 3107 Οἶδεν
2426 3055 2587 3108 ὅτιτὸ
2617 3055 2971 3127 συνέρχεσθαι
3002 3054 3260 3125 ἀλλήλοις
3313 3056 3412 3124 τὴν
3440 3053 3664 3123 ἀγάπην

406 3159 672 3217 generare
712 3161 728 3199 :
761 3144 884 3199 ideo
916 3149 1103 3197 monet
1140 3155 1236 3195 eos
1271 3155 1338 3195 ne
1388 3140 1650 3194 omittant
1687 3138 1831 3194 inter
1857 3153 1977 3195 sese

2092 3147 2273 3216 γεννᾷ,
2322 3145 2403 3199 διὸ
2456 3148 2716 3226 παραινεῖ
2749 3111 2841 3217 μὴ
2876 3111 3298 3214 ἐγκαταλείπειν
3333 3111 3393 3199 τύ
3439 3111 3665 3199 ἐπισυν-

402 3233 750 3306 congregari,
772 3248 951 3300 neque
965 3232 1345 3303 separationes
1361 3240 1413 3304 et
1429 3229 1792 3286 conciliabula
1814 3245 1982 3300 prava

407 3328 730 3385 moliantur.
795 3324 894 3379 Ubi
949 3325 1094 3379 enim
1147 3334 1270 3378 sunt
1328 3324 1436 3378 duo
1487 3322 1566 3378 rel
1617 3333 1721 3378 tres
1764 3339 1985 3394 congre-

403 3422 536 3491 gati,
562 3419 674 3475 illic
699 3436 818 3474 sum
849 3418 903 3474 in
931 3419 1100 3474 medio
1122 3434 1303 3472 eorum
1325 3417 1392 3475 ”.
1434 3415 1582 3484 .Quin
1607 3419 1770 3473 etiam
1798 3418 1984 3472 Eccle-

406 3513 502 3567 siae
524 3511 700 3568 oratio
732 3510 953 3566 Petrum
1006 3524 1038 3564 a
1077 3509 1314 3567 vinculis
1367 3509 1557 3579 solvit,
1589 3519 1644 3567 et
1690 3525 1722 3565 ιι
1754 3496 1984 3566 carcere

405 3602 678 3657 liberavit.

478 3691 629 3748 Sicut
646 3693 1043 3748 consuetudinis
1061 3703 1137 3748 est
1158 3694 1495 3764 quibusdam.
1518 3691 1619 3747 Hic
1641 3701 1865 3749 accusat
1886 3706 1983 3749 eos

405 3785 499 3854 qui
533 3785 602 3840 ab
638 3783 883 3842 Ecclesia
911 3792 1260 3855 separantur.

479 3878 587 3934 Sed
614 3878 952 3934 consolantes
974 3893 1061 3933 vos
1098 3879 1262 3948 ipsos.
1294 3874 1408 3932 Hoc
1444 3884 1549 3940 est,
1592 3885 1650 3931 ut
1675 3885 1865 3933 mutuo
1904 3878 1985 3937 al-

406 3982 491 4027 ter
521 3971 681 4027 alteri
730 3971 853 4028 sitis
903 3969 1120 4036 solatio,
1162 3969 1523 4024 admonentes
1560 3982 1662 4023 vos
1713 3968 1980 4033 vicissim,

405 4080 471 4119 ac
504 4063 790 4129 docentes,
827 4071 882 4118 et
910 4061 1288 4128 consolantes,
1323 4075 1390 4115 ac
1415 4060 1664 4115 levamen
1712 4060 1982 4114 malorum

403 4158 803 4226 impertientes.
841 4152 1040 4210 Frater
1095 4155 1234 4209 enim
1264 4169 1296 4207 α
1332 4153 1503 4223 fratre
1548 4136 1793 4222 adjutus,
1829 4154 1986 4223 quasi

402 4248 587 4303 civitas
619 4249 777 4319 ﬁrma
809 4247 877 4305 ‘9.

481 4339 556 4394 Ac
592 4348 740 4394 tanta
765 4339 961 4409 magis,
989 4346 1189 4409 quanto
1233 4335 1423 4390 videtis
1474 4335 1987 4407 appropinquantem

2087 3238 2337 3306 άγεσθαι,
2385 3237 2523 3308 μηδέ
2551 3239 2866 3308 χωρισμοὺς
2900 3238 2995 3292 καὶ
3036 3235 3514 3308 παρασυναγωγὰς
3546 3237 3668 3289 ἐπι-

2084 3328 2356 3399 τηδεύειν.
2392 3329 2586 3384 Ὅπου
2621 3329 2732 3400 γάρ
2769 3331 2888 3384 εισι
2925 3328 3037 3384 δύο
3074 3328 3112 3398 ἢ
3162 3327 3319 3397 τρεῖς
3363 3324 3666 3396 συνηγμέ-

2084 3436 2201 3485 νοι,
2233 3420 2361 3474 ἐκεῖ
2384 3421 2501 3490 ειμι
2530 3420 2602 3474 ὲν
2629 3421 2799 3489 μέσῳ
2818 3419 3038 3476 αὐτῶν.
3070 3419 3183 3475 Καὶ
3213 3419 3310 3490 τῆς
3339 3418 3668 3489 Ἑκκλησίας

2086 3514 2120 3584 ἡ
2151 3515 2432 3584 προσευχὴ
2467 3513 2561 3567 καὶ
2592 3513 2799 3585 Πέτρον
2843 3512 3001 3567 ἔλυσε
3032 3513 3141 3567 τῶν
3172 3512 3407 3587 δεσμῶν,
3442 3511 3539 3565 καὶ⁵
3567 3511 3664 3581 τῆς

2087 3607 2337 3676 φυλακῆς
2366 3607 2630 3661 ἀπέλυσε.

2154 3696 2358 3763 Καθὼς
2395 3699 2533 3765 ἔθος
2567 3699 2752 3754 τισίν.
2789 3697 3056 3753 Ἐνταῦθα
3096 3696 3379 3769 μέμφεται
3422 3696 3536 3761 τοῖς
3562 3711 3669 3766 χω·

2086 3790 2415 3861 ριζομένοις.

2169 3882 2356 3937 Ἀλλὰ
2389 3885 2882 3952 παρακαλοῦντες
2919 3884 3195 3950 ἑαυτούς.
3231 3884 3547 3948 Τουτέστιν,
3581 3881 3669 3934 ἁλ-

2084 3974 2269 4044 λήλοις
2298 3974 2452 4040 6ντες
2487 3978 2565 4041 εἰς
2616 3976 2993 4049 παραμυθίαν,
3025 3979 3121 4030 καὶ
3163 3970 3246 4040 εἷς
3294 3975 3385 4031 τὸν
3417 3975 3512 4028 Eva
3544 3990 3669 4027 vou-

2087 4066 2387 4135 θετοῦντες,
2450 4072 2547 4123 καὶ
2607 4069 2976 4131 διδάσκοντες,
3047 4069 3144 4122 καὶ
3197 4056 3665 4139 παρηγοροῦντες.

2099 4158 2388 4229 Ἀδελερὸς
2417 4160 2528 4230 γὰρ
2557 4161 2675 4218 ὑπὸ
2698 4161 2966 4231 ἀδελφοῦ
2984 4160 3420 4230 βοηθούμενος,
3450 4158 3532 4226 ὡς
3555 4158 3666 4211 πό-

2083 4254 2182 4318 λις
2211 4252 2423 4321 ὀχυρά.

2156 4344 2268 4398 Kal
2295 4344 2563 4410 τοσούτῳ
2583 4344 2851 4413 μᾶλλον,
2883 4346 3012 4413 ὅσῳ
3027 4344 3294 4412 βλέπετε
3309 4340 3670 4413 ἐγγίζουσαν

404 4434 567 4486 diem.
602 4430 1106 4488 Consummationis
1147 4428 1429 4483 nimirum.
1462 4424 1784 4498 Propediem
1837 4427 1977 4482 enim

2092 4434 2206 4504 τὴν
2228 4435 2476 4505 ἡμέραν.
2517 4437 2628 4508 Τὴν
2658 4439 2758 4507 τῆς
2789 4438 3123 4500 συντελείας.
3150 4438 3316 4490 Ὅσον
3346 4436 3458 4506 γὰρ
3488 4433 3668 4500 οὔπω,

404 4522 789 4593 separabimur
816 4535 848 4575 a
889 4518 1096 4575 mundo
1132 4520 1257 4586 hoc,
1293 4534 1466 4590 quare
1510 4533 1643 4591 ergo
1691 4534 1793 4575 nos
1832 4518 1983 4591 ipsos

408 4616 548 4670 alter
582 4614 652 4668 ab
681 4614 865 4668 altero
895 4611 1263 4667 dissociamus
1290 4609 1314 4663 Ἰ
1341 4611 1398 4667 ld
1433 4625 1565 4667 vero
1614 4611 1982 4668 consolationi

406 4707 490 4761 eis
529 4713 670 4771 erat,
719 4701 1124 4758 tentationibus
1160 4717 1357 4770 nempe
1392 4701 1730 4770 defatigatis,
1761 4702 1985 4771 perinde

407 4812 474 4855 ac
510 4797 619 4850 alio
654 4796 710 4851 in
745 4795 870 4850 loco
905 4794 1083 4850 dicit:
1113 4793 1371 4850 Dominus
1395 4810 1557 4865 prope
1574 4805 1674 4861 est,
1707 4793 1838 4849 nihil
1862 4796 1982 4850 sitis

403 4888 644 4943 solliciti.

484 4979 650 5035 \‘sns.
700 4978 793 5036 26.
860 4978 1173 5035 Voluntaria
1218 4980 1359 5036 enim
1412 4977 1749 5047 peccantibus
1809 4980 1979 5036 nobis.

407 5070 751 5126 Adhortatus
784 5080 870 5127 est
915 5070 985 5125 ab
1022 5069 1106 5126 bis
1133 5086 1255 5141 quae
1288 5069 1508 5126 utiliora
1562 5076 1739 5136 erant,
1788 5084 1984 5140 nempe

323 5163 348 5186 ‘
404 5160 549 5233 quod
566 5160 819 5217 fiduciam
844 5162 1131 5225 habemus,
1158 5160 1303 5231 quod
1331 5168 1678 5231 peccatorum
1703 5160 1984 5217 condona-

408 5256 560 5310 tione
592 5254 783 5310 donati
827 5269 1021 5310 sumus
1053 5271 1068 5309 :
1105 5269 1255 5308 nunc
1291 5268 1322 5308 a
1357 5252 1694 5308 tristioribus
1718 5263 1981 5310 terrorem

405 5347 624 5405 incutit.
656 5349 896 5406 Observa
926 5354 1112 5403 autem
1147 5362 1310 5418 quam
1343 5361 1652 5418 propensus
1680 5356 1765 5404 est
1798 5347 1866 5404 ad
1893 5363 1983 5405 ve-

478 5531 523 5564 ³⁹
554 5530 743 5585 Matth.
775 5547 911 5599 χιιι,
941 5530 1032 5587 20.
1114 5529 1159 5560 ⁸ο
1185 5527 1350 5583 Prov.
1383 5544 1537 5595 xvur,
1570 5530 1659 5586 l9.

2091 4528 2246 4600 φησὶ,
2288 4528 2638 4600 χωριζόμεθα
2671 4530 2765 4584 τοῦ
2813 4532 3024 4602 κόσμου
3076 4529 3295 4593 τούτου,
3343 4528 3397 4581 τί
3444 4527 3673 4588 ἑαυτοὺς

2091 4616 2336 4689 ἀλλήλων
2367 4618 2709 4690 χωρίζομενς
2735 4621 2907 4676 Τοῦτο
2932 4620 2990 4675 δὲ
3021 4617 3347 4691 παραμυθία
3366 4613 3435 4686 ἦν
3461 4616 3671 4681 αὐτοῖς,

2089 4709 2448 4780 ἀπειρηκόσιν
2487 4712 2592 4766 ὑπὸ
2622 4712 2730 4767 τῶν
2782 4711 3129 4784 πειρασμῶν,
3173 4711 3250 4775 ὡς
3295 4710 3390 4764 καὶ
3431 4704 3672 4779 ἁλλαχιῦ

2092 4818 2279 4873 φησιν·
2325 4801 2389 4856 '0
2421 4803 2637 4873 Κύριος
2673 4803 2878 4875 ἐγγὺς,
2903 4802 3101 4875 μηδὲν
3122 4800 3467 4873 μεριμνᾶτε.

2176 4982 2506 5051 Ἑκουσίως
2541 4984 2653 5054 γὰρ
2682 4983 3145 5055 ἁμαρτανόντων
3177 4979 3365 5053 ἡμῶν.
3397 4979 3670 5052 Προετρέ-

2090 5076 2232 5147 ψατο
2259 5076 2368 5132 ἀπὸ
2394 5077 2502 5131 τῶν
2544 5077 2951 5149 χρηστοτέρων,
2984 5077 3067 5131 ὅτι
3101 5074 3418 5147 παρρησίαν
3448 5072 3668 5143 ἔχομεν,

2092 5168 2175 5222 ὅτι
2204 5170 2452 5237 ἀφέσεως
2480 5167 2793 5241 ἠξιώθημεν
2812 5184 2827 5199 ·
2866 5167 2960 5222 νῦν
3002 5168 3100 5222 καὶ
3125 5166 3235 5221 ἀπὸ
3260 5166 3369 5220 τῶν
3418 5162 3669 5235 σκυθρω⁹

2094 5260 2339 5332 ποτέρων
2391 5261 2566 5330 φοϐεῖ.
2623 5261 2767 5333 Ὅρα
2810 5261 2866 5315 δὲ
2914 5260 3033 5324 πῶς
3082 5260 3196 5313 ἐστι
3256 5256 3668 5326 συγγνωμικόςο

2102 5352 2430 5422 Ἑκουσίως
2489 5353 2600 5426 γὰρ
2662 5355 3146 5426 ἁμαρτανόντων,
3201 5348 3384 5422 φησίν·
3446 5347 3524 5412 ὡς
3574 5348 3669 5401 ἐὰν

1805 5623 2006 5687 Variae
2038 5622 2365 5689 lectiones.

477 5726 524 5760 ³⁷
559 5726 648 5783 ίσ.
681 5727 834 5790 τέλος
863 5743 917 5782 o.
998 5726 1040 5787 3.“
1073 5724 1304 5796 ἀφθόνου
1334 5743 1387 5782 ο.
