4014 6208
349 320 457 383 333

1092 315 1495 379 EXPOSITIO
1524 314 1605 376 ΙΝ
1634 312 1877 381 ΕιἾΞΤ.
1917 312 2017 372 AD
2056 311 2447 373 HEBREOS.
2483 338 2551 347 -
2580 313 2744 374 CAP.
2780 314 2853 375 X.

3494 292 3608 371 33’s

344 437 637 503 ἀκουσίως,
667 435 786 489 ἐστί
817 452 901 498 τις
954 434 1152 506 μετρία
1204 430 1527 502 συγγνώμη.
1563 431 1702 495 Ὅρα
1723 429 1778 483 δὲ
1814 427 1928 490 πῶς

2034 427 2177 481 niam
2218 428 2477 482 dandam.
2510 428 2601 482 Ait
2648 429 2831 494 enim,
2880 426 3180 482 voluntarie
3229 428 3606 498 peccantibus;

345 529 447 582 οὐκ
479 522 653 591 εἶπεν,
690 525 1071 597 ἁμαρτόντων.
1126 522 1265 593 ἀλλ’,
1298 521 1743 595 ἁμαρτανόντων,
1778 536 1929 573 τουτ-

348 622 515 684 έστιν,
549 617 855 688 ὲμενόντων
881 619 949 688 τῇ
986 617 1232 688 ἁμαρτίᾳ
1264 615 1675 686 ἀμετανοητως.
1723 612 1809 676 Ὠς
1835 610 1930 667 ἐάν

344 729 406 779 γε
456 710 532 780 μὴ
560 708 976 780 ὲπιμμένωμεν,
1028 707 1165 762 ἀλλὰ
1200 708 1492 779 μετάνοιαν
1542 704 1926 776 ἐνδειξώμεθα,

345 802 501 854 ἔσται
526 800 858 871 συγγνώμη.
896 798 1007 853 Ποῦ
1028 797 1122 853 οῦν
1153 801 1203 853 οἱ
1241 799 1338 867 τὴν
1368 796 1654 870 μετάνοιαν
1685 797 1928 868 ἀναιρεῖ-

345 895 467 948 σθαι
493 892 729 947 ἐνταῦθα
766 892 1057 962 λέγοντεςς
1158 966 1163 969 ι

414 1171 576 1226 Μετὰ
646 1171 711 1225 τὸ
762 1170 974 1225 λαϐεῖν
1028 1168 1144 1237 τὴν
1211 1168 1540 1238 ἐπίγνωσιν
1596 1169 1707 1238 τῆς
1775 1169 1928 1234 ἀλη-

340 1263 526 1327 θείας.
571 1263 645 1314 Ἢ
700 1261 796 1314 τοῦ
856 1260 1095 1332 Χριστοῦ
1124 1298 1140 1324 ,
1198 1259 1232 1330 ἢ
1297 1258 1516 1313 πάντων
1564 1259 1691 1314 τῶν
1726 1258 1929 1329 δογμά-

342 1372 477 1409 των.

411 1446 624 1502 Οὐκέτι
663 1445 796 1515 περὶ
843 1443 1146 1515 ἁμαρτιῶν
1177 1445 1565 1501 ἀπολείπεται
1597 1447 1802 1500 θυσία.
1850 1444 1926 1497 Uir

345 1533 446 1603 τὴν
476 1534 770 1606 μετάνοιαν
802 1533 1043 1604 ἀναιρῶν
1066 1533 1215 1603 λέγει
1256 1532 1451 1603 ταῦτα,
1485 1533 1558 1599 ὣς
1591 1550 1736 1596 τινες
1785 1550 1928 1604 παρ-

352 1626 589 1696 ενόησαν
611 1627 679 1693 ³⁵,
712 1624 849 1679 ἀλλὰ
884 1625 1194 1691 δείκνυσιν,
1236 1628 1330 1682 δτι
1383 1628 1486 1680 οὐκ
1508 1626 1624 1680 ἐστι
1675 1625 1927 1698 δεύτερον

343 1717 663 1787 βάπτισμα·
695 1716 777 1771 διὸ
823 1717 944 1771 οὐδὲ
982 1716 1234 1789 δεύτερος
1273 1718 1503 1784 θάνατος
1538 1717 1632 1773 τοῦ
1663 1717 1922 1789 Χριστοῦ.

2030 519 2169 573 adeo
2197 528 2256 574 ut
2286 518 2459 575 invito
2490 521 2843 590 peccantibus
2880 519 3057 575 facilis
3089 527 3276 589 parata
3309 529 3392 577 est
3422 523 3603 577 venia.

2031 610 2334 667 Considera
2364 621 2568 677 autem,
2598 613 2744 681 quod
2777 628 2884 668 non
2916 613 3072 680 dixit,
3133 613 3201 668 lis
3252 614 3348 683 qui
3412 630 3606 685 pecea-

2034 710 2181 767 runt,
2210 702 2328 769 sed,
2363 703 2719 774 peccantibus,
2772 704 2874 759 hoc
2912 704 3095 769 estfin
3122 712 3346 774 peccato
3372 704 3491 761 sine
3524 720 3611 760 re-

2032 789 2355 861 sipiscentia
2386 790 2858 860 permanentibus.
2903 790 3036 844 Nam
3062 790 3107 845 si
3137 806 3242 845 non
3279 806 3605 861 permanea-

2035 896 2182 949 mus,
2250 882 2344 936 sed
2406 881 2742 950 ptenitentiae
2820 883 3097 952 specimen
3167 886 3605 951 exhibuerimus.

2034 975 2207 1030 veniae
2229 984 2376 1031 certe
2403 975 2557 1030 locus
2595 978 2719 1031 erit.
2759 975 2863 1033 Ubi
2890 990 3019 1035 sunt
3050 979 3219 1050 igitur
3241 981 3332 1050 qui
3364 981 3453 1036 hic
3483 998 3603 1054 pte-

2033 1067 2317 1122 nitentiam
2338 1069 2452 1123 tolli
2494 1069 2734 1124 clamant
2756 1069 2776 1122 .’

2102 1157 2232 1213 Post
2264 1169 2536 1229 acceptam
2570 1161 2814 1215 notitiam
2837 1162 3093 1218 veritatis.
3133 1162 3234 1218 Vel
3264 1163 3494 1231 Christi,
3519 1168 3607 1223 vel

2031 1250 2276 1304 ontuium
2313 1249 2651 1321 dogmatum.

2113 1430 2243 1485 lam
2274 1449 2377 1486 non
2412 1434 2731 1502 relinquitur
2755 1450 2850 1504 pro
2878 1433 3107 1506 peccatis
3161 1438 3355 1498 hostia.
3391 1439 3511 1498 Non
3551 1453 3614 1499 ut

2034 1522 2411 1595 paenitentiam
2443 1522 2680 1591 auferat,
2709 1525 2823 1580 haec
2849 1525 3004 1594 dicit,
3043 1535 3104 1582 ut
3149 1529 3369 1598 quidam
3417 1547 3613 1605 perpe-

2034 1634 2148 1673 ram
2182 1618 2613 1678 intellexerunt:
2651 1621 2747 1677 sed
2782 1622 3025 1679 ostendit
3082 1638 3190 1679 non
3250 1642 3375 1683 esse
3425 1628 3605 1685 locum

2033 1710 2279 1765 secundo
2316 1709 2658 1780 baptismati,
2713 1711 2944 1782 ideoque
2994 1728 3093 1769 nec
3146 1718 3403 1776 secundae
3449 1727 3610 1778 morti

340 1785 563 1862 Θυσίαν
594 1809 702 1879 γὰρ
735 1808 926 1864 τοῦτον
968 1785 1156 1875 καλεῖ,
1185 1811 1260 1875 ώς
1294 1812 1389 1865 καὶ
1426 1812 1485 1864 ἐν
1507 1812 1619 1874 τοῖς
1667 1785 1920 1866 κατόπιν.

2034 1800 2253 1858 Christi.
2272 1799 2517 1857 Hostiam
2536 1803 2680 1857 enim
2703 1817 2821 1857 eam
2852 1805 3108 1875 appellat,
3135 1817 3191 1864 ut
3207 1811 3437 1881 posmac
3464 1812 3615 1871 vide-

338 1900 460 1970 Μιᾷ
490 1899 602 1970 γὰρ
630 1899 792 1972 θυσίᾳ.
828 1900 1178 1956 τετελείωκεν
1212 1905 1293 1964 είς
1323 1902 1383 1956 τὸ
1414 1903 1661 1973 διηνεκές
1680 1918 1693 1933 ο
1724 1901 1787 1956 τὸ
1815 1902 1923 1973 γὰρ

340 1991 635 2063 βάπτισμα
676 1992 835 2062 ἡμῶν
861 1991 953 2047 τὸν
986 1993 1218 2049 θάνατον
1238 1994 1495 2058 είκονίζει
1531 1992 1920 2064 τοῦ,Χριστοῦ.

341 2082 561 2154 Ὠσπερ
590 2078 684 2135 οὖν
714 2084 921 2147 ἐκεῖνος
951 2079 1053 2148 εἷς,
1082 2083 1227 2138 οὕτω
1263 2086 1355 2139 καὶ
1399 2084 1556 2138 τοῦτο
1594 2083 1673 2138 ἓν.
1715 2083 1781 2136 Τί
1812 2082 1927 2137 τοί-

344 2191 442 2227 νυν
470 2174 809 2246 ἁμαρτάνεις
838 2174 1013 2241 οὕτως
1058 2176 1253 2243 ἀδεῶς,
1293 2178 1370 2250 μὴ
1400 2176 1568 2245 οὔσης
1597 2175 1813 2239 ἐλπίδος
1842 2177 1927 2230 ὅτι

341 2264 437 2319 διὰ
480 2265 573 2318 τοῦ
627 2264 1010 2343 βαπτίσματος,
1059 2266 1470 2338 ἀταλαιπώρως,
1498 2265 1809 2339 ἀπαλείψῃς
1860 2266 1929 2321 τὰ

344 2356 755 2428 ἁμαρτήματας
791 2352 986 2412 Καλιῖἱν
1014 2357 1108 2412 οὖν
1136 2358 1313 2429 ἔργων
1344 2356 1644 2413 ἁντιποιοῦ.

418 2542 647 2609 Φοϐείτὰ
685 2539 752 2594 δέ
780 2558 868 2607 τις
901 2541 1126 2612 ἐκδοχὴ
1170 2542 1445 2610 κρίσεως,
1485 2540 1585 2595 καὶ
1615 2540 1806 2610 πυρὸς
1837 2539 1932 2609 ζῆ-

340 2630 476 2694 λος,
507 2628 740 2684 ἐσθίειν
778 2629 1115 2699 μέλλοντος
1161 2630 1304 2697 τοὺς
1332 2631 1752 2697 ὑπεναντίους.
1788 2631 1931 2701 Ὅρα

347 2720 469 2783 πῶς
526 2715 639 2774 οἷον
682 2720 933 2793 ὲψύχωσε
983 2722 1045 2776 τὸ
1098 2722 1234 2795 πῦρ.
1284 2723 1550 2793 Καθάπερ
1594 2724 1704 2795 γὰρ
1744 2722 1932 2795 θηρίον

345 2803 791 2884 παροξυνόμενον
832 2815 893 2868 οὐ
934 2814 1168 2869 παύεται
1202 2814 1309 2879 ἕως
1368 2808 1431 2869 οῦ
1475 2815 1617 2889 λάϐῃ
1657 2816 1799 2883 τινὰ,
1838 2817 1936 2870 καὶ

344 2906 674 2974 καταφαγὺν
696 2907 900 2978 κορέσῃ
928 2906 1019 2959 τὸν
1050 2906 1222 2978 θυμόν
1242 2922 1257 2938 ⁸
1294 2906 1439 2961 οὕτω
1469 2908 1694 2962 κάκεῖνο
1715 2907 1774 2961 τὸ
1797 2906 1931 2979 πῦρ,

347 2997 548 3068 ζηλοῦν
600 3000 740 3071 ὑπὲρ
779 3000 890 3055 τῶν
923 3000 1017 3055 τοῦ
1058 3000 1194 3054 Θεοῦ
1234 3000 1468 3056 ἐντολῶν
1516 3001 1627 3056 τῶν
1674 3001 1931 3073 παραδα-

349 3090 567 3155 θεισῶν,
599 3094 695 3146 καὶ
723 3094 1007 3163 ἀγριαῖνον
1039 3092 1178 3165 ὑπὲρ
1211 3093 1461 3158 ἐκείνων,
1486 3092 1546 3147 δν
1572 3093 1638 3148 ἂν
1663 3094 1925 3166 συλλάϐῃ.

346 3183 591 3237 τοιοῦτον
642 3183 1033 3257 διαϐιϐρώσκει
1083 3184 1192 3238 ἀεί.
1249 3185 1326 3241 Οὐ
1377 3184 1486 3256 γὰρ
1538 3181 1682 3253 εἷπε,
1736 3187 1930 3255 φαγεῖν

349 3273 567 3343 μέλλον,
599 3275 735 3341 ἀλλ’,
771 3275 996 3342 ἐσθίειν,
1041 3276 1229 3340 ἁῖδίως
1278 3274 1501 3348 δηλαδή.
1544 3276 1930 3340 ’Υπεναντίους

344 3362 425 3428 δὲ,
471 3365 534 3417 οὐ
585 3364 748 3435 μόνον
777 3365 905 3428 τοὺς
933 3365 1219 3430 ἀπίστους,
1255 3364 1394 3419 ἀλλὰ
1421 3363 1516 3419 καὶ
1543 3364 1669 3428 τοὺς
1704 3365 1931 3428 πιστοὺς

352 3455 474 3525 μὲν,
507 3456 578 3510 τὰ
604 3457 826 3512 ἐναντία
850 3458 908 3512 δὲ
934 3457 1043 3513 τῶν
1068 3456 1300 3514 ἐντολῶν
1321 3456 1417 3513 τοῦ
1454 3457 1589 3512 Θεοῦ
1621 3455 1931 3527 ἐργαζομέ-

346 3563 493 3612 νους.

433 3729 764 3797 Ἀθετήσας
796 3748 888 3798 τις
920 3735 1113 3801 νόμον
1153 3731 1432 3797 Μωσέως.
1484 3731 1618 3785 Ἀπὸ
1645 3731 1739 3785 τοῦ
1770 3732 1930 3786 ὲλὰτ-

350 3837 502 3885 τονος
552 3821 795 3876 δείκνυσι
826 3823 1053 3888 δικαίως
1093 3824 1469 3895 γενησομένην
1501 3823 1600 3894 τὴν
1632 3826 1928 3897 τιμωρίαν,

353 3914 443 3965 ῖνα
503 3915 598 3967 καὶ
648 3913 849 3985 μᾶλλον
897 3915 1216 3987 πιστότερος
1252 3918 1280 3969 ό
1332 3916 1488 3984 λόγος
1642 3917 1827 3988 Νόμον
1874 3919 1932 3973 δὲ

348 4004 630 4069 Ηωΰσέως
660 4005 827 4075 λέγει,
862 4004 996 4061 διότι
1027 4007 1198 4061 πολλὰ
1225 4007 1388 4072 αὐτὸς
1416 4007 1719 4074 διετάξατο.

421 4098 612 4166 Χωρίς
643 4099 982 4168 οἰκτιρμῶν,
1026 4100 1125 4153 ἐπὶ
1161 4098 1349 4154 δυσίν
1375 4099 1414 4168 ἣ
1445 4100 1602 4170 τρισὶ
1628 4099 1934 4171 μάρτυσιν

348 4188 749 4254 ἀποθνήσκει.
791 4188 857 4241 Ἠ
911 4189 1163 4256 σύνταξις
1216 4190 1419 4254 οὕτως·
1497 4193 1795 4266 Ἀθετήσας
1848 4211 1934 4259 τις

348 4281 519 4350 νόμον
568 4282 838 4346 Μωσέως,
890 4280 986 4336 ἐπὶ
1026 4283 1179 4337 δυσὶν
1228 4284 1446 4356 ἧτρισὶ
1479 4272 1716 4354 μάρτυσι
1764 4287 1933 4358 χωρὶς

352 4373 662 4441 οἰκτιρμῶν
695 4373 1066 4446 ἀποθνήσκει’
1121 4375 1420 4443 τουτέστιν,
1483 4377 1579 4430 ἐὰν
1623 4378 1929 4452 ὁμολογηθῇ

2025 1889 2226 1946 bimus.
2255 1888 2373 1946 Una
2391 1904 2537 1946 enim
2561 1890 2737 1947 hostia
2763 1897 3163 1952 consummavit
3188 1901 3243 1954 in
3269 1912 3612 1974 perpetuum.

2024 1982 2289 2038 Nostrum
2323 1984 2469 2039 enim
2501 1983 2773 2057 baptisma
2806 1998 3037 2045 mortem
3073 1989 3279 2048 Christi
3310 2010 3614 2067 Περιωδευ-

2028 2083 2131 2130 tat.
2171 2075 2240 2131 Ut
2270 2074 2442 2147 igitur
2491 2091 2640 2132 mors
2687 2076 2892 2135 Christi
2927 2096 3055 2149 una,
3102 2084 3182 2138 sic
3235 2092 3290 2139 et
3340 2084 3612 2158 baptisma

2030 2182 2223 2221 unum.
2256 2166 2397 2233 Quid
2432 2167 2602 2239 igitur
2654 2169 2794 2225 adeo
2854 2172 3126 2243 intrepide
3178 2176 3340 2247 727
3392 2195 3609 2249 peccas,

2030 2272 2155 2311 eum
2186 2271 2294 2312 non
2324 2259 2397 2313 sit
2431 2273 2559 2330 spes
2599 2262 2836 2331 amplius
2891 2270 2944 2318 te
2976 2279 3074 2333 per
3129 2264 3397 2336 baptisma
3428 2270 3610 2327 denuo

2030 2348 2151 2402 sine
2169 2348 2355 2403 labore
2379 2360 2604 2419 peccata
2630 2353 2811 2408 delere
2836 2368 2996 2424 posse
3021 2356 3045 2409 ‘t
3078 2354 3226 2411 Bona
3258 2358 3421 2428 igitur
3446 2376 3613 2432 opera

2031 2438 2126 2493 tibi
2164 2440 2412 2495 vendica.

2103 2527 2269 2583 Vens.
2298 2528 2388 2582 2'7.
2411 2528 2517 2584 Sed
2539 2531 2792 2588 terribilis
2832 2535 3078 2605 quadam
3106 2533 3400 2607 expectatio
3413 2541 3613 2612 judicii

2031 2632 2080 2676 et
2121 2621 2256 2691 ignis
2287 2623 2582 2689 azmulatio,
2617 2640 2733 2694 qua:
2752 2637 3135 2698 eonsumptura
3157 2640 3231 2685 est
3250 2631 3610 2691 aduersarios.

2033 2709 2423 2768 Animadverte
2438 2713 2714 2783 quomodo
2746 2715 2949 2786 ignem,
2973 2719 3128 2787 quasi
3145 2721 3420 2779 animatus
3441 2736 3610 2790 esset,

2035 2801 2268 2857 inducit.
2330 2803 2566 2860 Perinde
2617 2806 2765 2861 enim
2810 2815 2869 2863 ut
2927 2810 3106 2866 bellua
3138 2816 3464 2871 exacerbata
3503 2834 3612 2875 non

2037 2893 2257 2950 desistit
2318 2898 2588 2968 tantisper
2614 2899 2743 2954 dum
2795 2901 3219 2971 apprehenderit
3273 2909 3610 2979 quempiam,

2037 3000 2146 3056 quo
2176 2987 2440 3042 devorato
2466 2997 2749 3047 exsaturet
2791 2993 3145 3064 cupiditatem
3176 3011 3335 3053 sitam
3366 3016 3381 3054 :
3423 3002 3505 3057 sic
3558 3014 3612 3059 et

2037 3079 2126 3135 ille
2153 3080 2295 3150 ignis
2321 3096 2419 3152 pro
2468 3085 2904 3154 transgressione
2933 3087 3314 3145 mandatorum
3360 3094 3612 3160 saeviens,

2034 3184 2099 3224 ac
2131 3181 2353 3242 propter
2407 3172 2499 3228 illa
2530 3172 2812 3240 etl‘eratus,
2856 3192 3246 3252 quemcunque
3306 3186 3615 3256 apprehen-

2033 3263 2196 3330 derit,
2217 3264 2447 3320 devorat
2475 3281 2710 3338 semper.
2741 3265 2862 3323 Non
2887 3270 3033 3325 enim
3064 3271 3224 3339 dixit,
3258 3274 3617 3336 Mauducatu-

2032 3372 2113 3427 ra,
2179 3360 2298 3426 sed,
2368 3360 2724 3430 Devoratura,
2779 3365 2834 3419 in
2898 3367 3294 3439 sempiternum
3332 3373 3609 3432 videlicet.

2030 3452 2394 3510 Adversarius
2461 3464 2669 3524 autem,
2703 3473 2814 3515 non
2884 3460 3031 3517 solos
3087 3461 3360 3530 iutideles,
3419 3483 3608 3523 verum

2034 3543 2184 3615 ipsos
2226 3545 2390 3601 etiam
2423 3546 2613 3605 ﬁdeles
2640 3550 2887 3620 quidem,
2917 3552 3142 3624 indigna
3174 3562 3355 3621 tamen
3380 3560 3611 3617 manda-

2034 3634 2103 3688 tis
2127 3633 2218 3693 Dei
2257 3643 2559 3705 patrautes.

2108 3728 2274 3783 Vens.
2309 3728 2401 3783 28.
2433 3728 2656 3784 Irritam
2724 3733 2842 3803 quis
2872 3733 3073 3802 faciens
3099 3736 3260 3807 legem
3312 3740 3503 3797 Mosis.
3562 3744 3609 3798 Α

2034 3820 2231 3873 minori
2256 3819 2498 3874 ostendit
2523 3823 2720 3875 merito
2745 3822 2987 3879 futurum
3019 3829 3379 3898 supplicium,
3404 3843 3461 3887 ut
3489 3835 3613 3903 plus

1984 3912 1991 3919 ’
2034 3908 2157 3964 ﬁdei
2190 3910 2425 3964 orationi
2478 3925 2591 3965 suae
2621 3913 2900 3969 conciliet.
2958 3915 3183 3987 Legem‘
3229 3929 3409 3975 autem
3445 3922 3615 3979 Mosis

2033 4001 2187 4066 dicit,
2219 4001 2663 4074 quandoquidem
2703 4005 2876 4060 multa
2926 4007 3007 4063 eis
3038 4008 3154 4077 ipse
3182 4010 3502 4079 injunxerit.

2109 4095 2236 4150 Sine
2267 4094 2382 4148 ulla
2414 4096 2777 4163 miseratione,
2809 4097 3016 4154 duobus
3072 4109 3164 4153 aut
3196 4103 3363 4156 tribus
3393 4105 3612 4160 testibus

2038 4186 2287 4241 moritur.
2350 4184 2701 4241 Constructio
2756 4195 2842 4243 est
2917 4187 3290 4259 huiusmodi:
3369 4189 3425 4244 Si
3487 4194 3613 4263 quis

2036 4280 2209 4349 legem
2264 4277 2559 4332 Mosaicam
2591 4276 2898 4347 rejecisset,
2945 4280 3048 4337 sub
3080 4281 3294 4337 duobus
3316 4291 3408 4337 aut
3435 4286 3612 4341 tribus

2034 4369 2266 4425 testibus
2299 4371 2417 4426 sine
2446 4371 2555 4425 ulla
2581 4372 2935 4428 miseratione
2963 4375 3231 4430 moritur:
3259 4376 3362 4431 hoc
3402 4386 3509 4445 est,
3564 4380 3613 4433 si

350 4463 458 4515 ὑπὸ
509 4464 603 4516 δύο
654 4464 689 4535 ἢ
742 4465 914 4537 τριῶν
971 4467 1285 4539 μαρτύρων,
1334 4468 1415 4521 ὅτι
1465 4469 1682 4541 παρέϐη
1724 4470 1814 4525 τὸν
1841 4474 1928 4525 νό-

2037 4462 2356 4518 confessum
2386 4461 2552 4517 fuerit
2577 4478 2605 4516 a
2638 4463 2856 4520 duobus
2889 4465 3134 4522 tribusve
3185 4468 3416 4525 testibus
3464 4473 3611 4541 quod

350 4571 476 4623 μον.

421 4647 605 4713 Πόσῳ
642 4647 870 4702 δοκεῖτε
908 4649 1178 4718 χείρονος
1216 4649 1535 4716 ἀξιοῦσθαι
1571 4655 1867 4724 τιμωρίας,
1897 4659 1930 4710 ὀ

342 4740 454 4794 τὸν
493 4741 634 4797 Υιὸν
682 4743 790 4798 τοῦ
835 4746 983 4800 Θεοῦ
1028 4746 1481 4816 καταπατήσας,
1536 4748 1634 4801 καὶ
1676 4749 1743 4803 τὸ
1785 4745 1929 4821 αζαιι

341 4831 455 4899 τῆς
498 4832 797 4903 Διαθήκης
848 4835 1057 4900 κοινὸν
1111 4835 1534 4908 ἡγησάμενος
1585 4839 1696 4910 Τὴν
1746 4841 1929 4912 κρίσιν

345 4924 532 5001 αὐτοῖς
590 4926 913 4996 ἐπιτρέπειο
971 4930 1107 5000 ὅπερ
1149 4929 1423 5001 εἰώθαμεν
1468 4932 1642 4986 ποιεῖν
1691 4932 1929 4988 ἐπὶτῶν

346 4994 555 5085 σφόδρα
602 4994 1101 5090 ,ὁμολογουμένων’,
1162 5022 1288 5086 τοὺς
1322 4994 1622 5095 ’ἀκροατὰς
1669 5024 1928 5091 δικαστὰς

344 5105 651 5189 ποιοῦντες.
710 5108 777 5162 Τί
842 5109 900 5163 δέ
952 5112 1068 5164 ἐστι
1127 5114 1209 5178 τὸ,
1272 5115 1742 5183 eratuerat-ridae;
1784 5115 1929 5170 τοῦτ’

345 5198 489 5267 ἐστι,
521 5206 965 5276 καταφρονήσας.
1007 5206 1217 5277 Ὠσπερ
1262 5195 1373 5279 γὰρ
1419 5210 1532 5264 τῶν
1580 5228 1927 5266 καταπατου-

342 5291 528 5360 μένων
555 5293 753 5348 οὐδένα
784 5296 943 5364 λόγον
992 5296 1212 5368 ἔχομεν,
1247 5299 1389 5353 οὓτω
1422 5302 1518 5354 καὶ
1559 5300 1653 5354 τοῦ
1686 5303 1924 5375 Χριστοῦ

341 5383 554 5453 μηδένα
582 5383 742 5453 λόγον
769 5385 1006 5457 ἔχοντες,
1049 5386 1224 5453 οὕτως
1247 5389 1341 5443 ἐπὶ
1370 5390 1431 5443 τὸ
1467 5391 1802 5462 ἁμαρτάνειν
1831 5393 1924 5462 ὲρ-

336 5469 571 5538 χὸμεθα.
603 5472 713 5526 Καὶ
740 5472 806 5525 τὸ
835 5467 978 5544 alga
1007 5473 1115 5545 τῆς
1138 5477 1432 5547 Διαθήκης
1458 5480 1666 5533 κοινὸν
1687 5477 1920 5548 ἡγησά-

2034 4554 2431 4625 ρταξνετίροιυς
2462 4556 2533 4609 sit
2558 4554 2756 4625 legem.
2954 4614 2957 4616 _

2109 4642 2275 4700 Vens.
2302 4643 2394 4700 29.
2422 4646 2637 4712 Quanto
2687 4647 2853 4718 magis
2870 4649 3072 4719 putatis
3105 4649 3369 4708 deteriora
3419 4658 3611 4711 mereri

2032 4735 2315 4807 supplicia,
2366 4737 2457 4807 qui
2517 4738 2716 4794 Filium
2740 4739 2837 4794 Dei
2861 4742 3268 4811 conculcavei‘it,
3296 4754 3345 4799 et
3385 4749 3609 4819 sangui-

2035 4843 2149 4882 nem
2189 4826 2515 4883 Testamenti
2565 4831 2829 4901 pollutum
2874 4834 3120 4890 duxerit?
3156 4835 3295 4907 Ipsis
3345 4839 3609 4909 judicium

2035 4921 2334 4991 permittit:
2371 4922 2519 4992 quod
2569 4924 2625 4977 in
2657 4924 2815 4991 valde
2846 4930 3051 4996 apertis
3101 4926 3283 4985 facere
3343 4931 3606 4996 solemus,

2030 5027 2155 5068 cum
2183 5014 2464 5071 auditores
2489 5015 2731 5073 arbitros
2759 5015 3053 5075 faciamus.
3095 5019 3238 5087 Quid
3276 5031 3457 5078 autem
3497 5034 3607 5088 est,

2029 5108 2136 5176 Qui
2160 5110 2727 5174 conculcaverit?hoc
2783 5122 2888 5180 est,
2921 5116 3014 5187 qui
3062 5120 3477 5189 contempserit.
3537 5118 3607 5174 Ut

2030 5203 2178 5259 enim
2233 5190 2686 5260 eoneulcatorum
2750 5209 2957 5262 nullam
2988 5213 3257 5265 rationem
3315 5210 3600 5273 habemus,

2030 5296 2112 5351 ita
2171 5296 2375 5353 Christi
2435 5297 2586 5353 nulla
2636 5300 2850 5355 ratione
2897 5300 3084 5356 habita
3142 5301 3210 5355 ad
3267 5301 3601 5370 peccandum

2032 5385 2304 5439 venimus.
2330 5382 2399 5438 Et
2425 5385 2731 5456 sanguinem
2756 5386 3347 5459 Testamentipollutum
3369 5388 3605 5459 duxerit,

2030 5476 2134 5533 hoc
2165 5486 2270 5546 est,
2298 5477 2435 5534 nihil
2463 5480 2530 5534 ab
2556 5479 2664 5534 alio
2712 5495 2912 5536 cruore
2943 5480 3161 5538 diﬂ‘erre
3211 5483 3438 5552 putarit.
3502 5483 3605 5537 Te-

1714 5658 1922 5720 Varia:
1954 5656 2285 5722 lectiones.

418 5750 466 5783 ”
503 5751 814 5824 ὑπενόησαν
848 5771 904 5813 0.
