4014 6208
362 384 460 447 337

1109 392 1522 455 EXPOSITIO
1554 395 1633 457 ΙΝ
1671 395 1909 459 EPIST.
1939 401 2040 459 AD
2079 401 2477 465 HEBRJEOS.
2502 430 2569 444 -
2609 407 2771 469 CAP.
2803 410 2875 469 Χ.

3514 413 3621 475 333

361 516 499 567 φησι
559 497 639 559 τὺ,
704 500 1122 569 φωτισθέντες,
1177 504 1209 570 ἢ
1265 505 1394 577 περὶ
1441 508 1540 578 τῆς
1595 507 1943 577 ἐπιγνώσεως

2052 517 2185 581 nati,
2253 517 2336 572 vel
2391 518 2457 571 de
2517 517 2831 588 cognitione
2889 520 3136 589 mysterii
3174 520 3520 589 simpliciter,
3556 539 3620 577 ac

359 590 552 654 ἁπλῶς
596 590 690 643 τοῦ
729 594 1069 661 μυστηρίου,“
1096 596 1188 649 καὶ
1218 599 1327 650 τῶν
1373 598 1775 671 διαδεξαμένων
1813 602 1941 666 τοὺς

364 681 592 745 πιστοὺς
640 682 883 750 ἀγαθῶν.
915 685 1283 752 Φωτισθέντες
1311 690 1420 761 γὰρ
1465 692 1564 763 τὴν
1602 694 1803 762 γνῶσιν
1832 695 1943 749 τῶν

366 773 697 844 μελλόντων.
754 773 930 839 οὕτως
980 778 1331 850 ὑπεμείνατε.
1380 782 1500 837 Οὐκ
1552 779 1695 850 εἵπε,
1745 804 1942 857 πειραο

365 867 562 936 σμοῦς,
594 865 733 934 ἀλλ’,
756 866 1042 937 ἄθλησιν,
1092 871 1120 925 ὃ
1167 875 1551 947 γενναιότητος
1597 880 1694 932 καὶ
1739 896 1943 951 καρτε-

365 960 490 1030 ρίας
519 958 870 1025 ἐνδεικτικὸν,
904 962 998 1016 καὶ
1020 964 1224 1035 ταύτην
1251 966 1476 1037 πολλήν.

438 1049 627 1106 Τοῦτο
645 1052 787 1121 μὲν,
816 1054 1178 1125 ὀνειδισμοῖς
1207 1072 1272 1113 τε
1314 1040 1695 1130 καί-θλίψεσι
1716 1065 1945 1131 θεατρι-

360 1141 632 1213 ξάμενον.
669 1143 812 1215 Ὅρα
845 1147 1141 1216 ἐγκώμιον.
1174 1149 1435 1215 Γενναίας
1464 1153 1573 1224 γὰρ
1606 1154 1796 1225 τῳόντι
1834 1154 1942 1208 δεῖ·

360 1249 454 1286 ται
485 1232 686 1305 ψυχῆς,
713 1236 775 1288 τὺ
805 1237 1097 1309 ὑπομεῖναι
1126 1240 1488 1312 ὀνειδισμοὺς,
1518 1244 1594 1308 ὡς
1631 1246 1725 1299 καὶ
1752 1246 1780 1298 ό
1805 1246 1946 1317 Προ-

359 1324 545 1395 νήτης
580 1330 868 1398 μαρτυρεῖ’
913 1330 1236 1400 Ἐγεννήθη
1264 1332 1335 1386 τὰ
1369 1333 1599 1403 δάκρυά
1635 1354 1755 1404 μου
1776 1337 1946 1404 ἐντῷ

358 1415 654 1484 λέγεσθαί
662 1435 783 1487 μοι,
809 1420 927 1474 ποῦ
946 1420 1119 1497 ἐστιν
1139 1425 1174 1477 ό
1192 1422 1336 1491 Bede
1353 1441 1507 1491 trav;
1539 1427 1677 1481 Καί·
1708 1430 1783 1482 Et
1796 1431 1829 1482 ό
1844 1429 1946 1499 ἐχ-

362 1512 506 1578 θρὸς
537 1512 811 1568 ὠνείδισέ
838 1532 935 1583 με,
966 1516 1279 1589 ὑπήνεγκα
1314 1520 1411 1574 ἄν.
1474 1522 1620 1577 Καί·
1681 1523 1946 1591 Ὀνειδος

364 1601 586 1671 ἄφρονι
615 1604 842 1674 ἔδωκάς
851 1624 947 1677 με.
986 1611 1096 1664 Καὶ
1143 1610 1262 1665 Ἰὼϐ
1311 1613 1635 1686 ἐδυσχέρανε
1676 1615 1813 1688 πρὸς
1853 1618 1945 1670 τὸν

362 1692 690 1766 ὀνειδισμὸν,
721 1699 900 1753 καίτοι
928 1700 1101 1756 τᾶλλα
1128 1696 1207 1768 ὡς
1239 1704 1455 1776 ἀδάμας
1485 1709 1853 1779 καρτερήσας.
1882 1708 1945 1761 Εί

359 1783 422 1837 δὲ
448 1787 547 1839 καὶ
572 1789 855 1861 παρρησίᾳ
877 1791 1119 1860 γίγνοιτο
1150 1796 1240 1848 καὶ
1266 1795 1498 1852 ἐνώπιον
1525 1797 1734 1851 πολλῶν
1755 1799 1783 1851 ό
1808 1799 1941 1851 ὀνει-

2045 605 2295 662 debonis
2351 622 2474 677 quas
2505 607 2692 663 ﬁdeles
2742 619 3041 678 exceptura
3105 617 3254 664 sunt.
3314 609 3616 665 “luminati

2050 698 2197 753 enim
2223 699 2539 770 cognitione
2580 698 2888 755 futurorum
2944 701 3210 754 bonorum
3247 700 3328 755 sic
3362 703 3624 757 sustinui-

2044 790 2165 846 Stis.
2183 791 2303 846 Non
2331 790 2484 857 dixit,
2511 790 3030 864 Tentationeshsed,
3049 803 3333 858 certamen,
3363 794 3506 865 quod
3540 796 3623 849 in-

2044 884 2348 954 genuitatis
2387 888 2462 939 ἐι
2517 883 2859 941 fortitudinis
2913 896 2997 941 est
3039 884 3299 939 indicium
3360 895 3415 940 et
3475 885 3618 942 istud

2045 973 2268 1043 quidem
2296 988 2575 1045 magnum.

2114 1063 2281 1118 Vens.
2303 1065 2393 1119 55.
2417 1060 2629 1117 Partim
2645 1061 3164 1143 quident'opprobriis
3186 1072 3234 1115 et
3263 1061 3621 1117 tribulationi-

2046 1155 2142 1210 bus
2198 1156 2557 1226 spectaculum
2614 1155 2764 1225 facti.
2810 1153 2948 1210 Vide
3008 1154 3226 1208 illorum
3275 1153 3614 1208 encomium.

2046 1245 2328 1302 Generosa
2353 1246 2497 1301 enim
2525 1245 2774 1316 proiecto
2800 1244 2985 1299 anima
3026 1259 3166 1315 opus
3203 1252 3288 1300 est
3313 1252 3370 1297 ut
3423 1257 3620 1312 oppro-

2045 1339 2163 1395 bria
2214 1338 2477 1410 perferas,
2513 1338 2654 1394 sicut
2704 1346 2757 1393 et
2787 1336 3058 1408 Propheta
3118 1344 3389 1391 testatur:
3433 1328 3618 1388 Facta:

2044 1440 2175 1486 sunt
2192 1430 2321 1485 mihi
2346 1431 2601 1502 lacryma:
2631 1446 2779 1493 mere,
2814 1446 2933 1483 cum
2962 1429 3229 1482 diceretur
3271 1428 3429 1480 milii:
3496 1424 3621 1479 Ubi~

2046 1540 2170 1578 nam
2229 1534 2307 1578 est
2359 1523 2495 1577 Deus
2537 1535 2658 1577 ttttts
2694 1522 2781 1575 “?
2832 1520 2937 1574 Et:
2972 1520 3034 1575 Si
3093 1518 3259 1573 hostis
3297 1517 3621 1572 conviciatus

2044 1624 2179 1669 esset
2206 1613 2355 1679 mihi,
2378 1614 2743 1667 sustinuissent
2774 1609 3011 1679 equidem
3025 1609 3094 1665 “.
3128 1607 3194 1661 Et
3219 1604 3233 1662 ι
3268 1608 3619 1678 Opprobrium

2046 1702 2313 1775 insipienti
2341 1704 2535 1759 dedisti
2565 1702 2730 1773 729
2756 1717 2837 1756 me
2868 1700 2939 1755 ".
2976 1698 3043 1754 Et
3073 1698 3196 1764 Job,
3215 1700 3341 1756 licet
3370 1705 3424 1754 in
3460 1706 3623 1753 caete-

2050 1798 2125 1854 ris
2158 1794 2472 1851 adamantis
2503 1794 2678 1850 instar
2706 1793 2992 1858 sustinuit,
3018 1791 3371 1862 opprobrium
3435 1799 3619 1846 tamen

357 1875 578 1946 δισμδς,
634 1878 715 1933 ἔτι
768 1883 972 1953 μᾶλλον
1018 1888 1177 1958 χρεία
1226 1889 1615 1960 γενναιοτέρας
1661 1888 1876 1960 ψυχῆς·
1914 1889 1943 1943 ὃ

2052 1905 2193 1961 regro
2213 1888 2423 1945 ferebat
2451 1886 2654 1941 animo.
2684 1883 2842 1950 Quod
2865 1885 2911 1941 si
2936 1861 3121 1955 aperte
3150 1883 3353 1955 palam,
3379 1882 3624 1952 adeoque

358 1969 461 2022 καὶ
509 1971 744 2027 ἐνταῦθα
802 1976 1062 2048 ἐδήλωσε,
1099 1980 1547 2050 θεατριζόμενοι,
1581 1982 1774 2040 είπών.
1834 1981 1946 2035 Ἐν-

360 2061 561 2130 νόησον
589 2064 647 2119 δὲ
682 2067 800 2132 πῶς
834 2064 975 2140 ἦσαν
1016 2073 1244 2143 μεγάλοι
1276 2070 1444 2140 οὗτοι,
1485 2075 1940 2146 καταφρονήσαν-

361 2169 455 2216 τες
486 2154 590 2224 μὲν
615 2156 704 2212 διὰ
742 2159 980 2230 Χριστὸν
1009 2163 1107 2218 καὶ
1133 2164 1292 2237 δόξης
1332 2169 1427 2221 καὶ
1458 2166 1712 2223 πλούτου.
1754 2167 1942 2240 Ὑϐρι-

360 2241 581 2311 ζόμενοι
609 2245 664 2299 δὲ
700 2250 796 2301 καὶ
820 2242 1252 2323 θεατριζόμενοι,
1286 2256 1584 2322 τουτέστιν,
1626 2256 1815 2329 ὥσπερ
1849 2244 1943 2311 ἐπὶ

360 2332 594 2407 θέατρον
623 2340 1277 2415 παραδειγματιζόμενοι,
1300 2350 1394 2402 καὶ
1423 2346 1595 2402 ταῦτα
1616 2347 1781 2419 τυχὸν
1813 2347 1942 2419 παρ’

359 2424 596 2482 εὐτελῶν
619 2446 804 2497 τινων,
830 2434 927 2488 καὶ
960 2435 1289 2508 οὐδαμινῶν,
1321 2440 1415 2493 καὶ
1442 2439 1787 2512 ἀνεχόμενοι.

2050 1995 2235 2036 coram
2302 1977 2489 2033 multis
2523 1965 2890 2059 contumelia.
2920 1974 3036 2043 ﬁat,
3098 1989 3164 2029 eo
3212 1974 3384 2045 magis
3441 1973 3623 2027 anima

2052 2072 2265 2129 fortiori
2295 2086 2435 2142 opus
2469 2078 2553 2127 est
2578 2087 2593 2125 :
2622 2069 2675 2124 id
2710 2068 2855 2140 quod
2892 2068 2997 2124 hoc
3025 2068 3079 2123 in
3107 2068 3229 2124 loco
3269 2066 3620 2138 signiﬁcavit;

2051 2180 2174 2219 ctnn
2228 2162 2384 2227 dicit,
2442 2159 2815 2229 Spectaculum
2875 2160 3029 2228 facti.
3084 2157 3386 2214 Considera
3441 2167 3619 2212 autem

2048 2269 2211 2323 quam
2280 2252 2460 2321 magni
2527 2250 2729 2305 fuerint
2794 2249 2908 2316 isti,
2938 2252 3030 2319 qui
3077 2257 3192 2302 tum
3221 2248 3450 2318 gloriam
3505 2258 3621 2301 tum

2050 2360 2181 2416 Opes
2213 2352 2437 2414 propter
2471 2340 2759 2398 Christum
2792 2341 3245 2411 contempserint.
3271 2340 3447 2394 Porro
3471 2339 3622 2406 inju-

2048 2438 2187 2492 riam
2236 2434 2382 2505 passi
2427 2444 2482 2488 et
2532 2432 2909 2504 spectaculum
2964 2432 3118 2498 facti,
3168 2432 3273 2486 hoc
3326 2438 3433 2498 est,
3473 2430 3628 2486 velut

362 2516 419 2570 in
480 2519 693 2578 theatro
747 2523 1065 2594 ignominia:
1120 2529 1379 2600 expositi,
1445 2531 1610 2601 idque
1632 2529 1939 2610 fortassisa
1971 2527 2170 2584 vilibus
2217 2540 2284 2581 ac
2330 2522 2539 2581 nullius
2590 2524 2754 2595 pretii
2818 2522 3312 2587 homuncionlbus,
3377 2525 3624 2580 sustine-

355 2614 492 2671 bant
524 2626 705 2675 tamen
729 2620 893 2693 idque
926 2624 1113 2681 animo
1130 2626 1278 2693 forti,
1310 2635 1364 2683 et
1395 2628 1661 2684 malorum
1689 2627 1964 2684 toleranti.

439 2712 620 2767 Τοῦτο
661 2714 751 2780 δὲ,
787 2719 1065 2774 κοινωνοί
1104 2719 1227 2776 τῶν
1272 2720 1462 2791 οὕτως
1494 2721 1941 2793 ἀναστρεφομέ-

360 2819 489 2856 νων
526 2806 942 2877 γεννηθέντες.
997 2809 1071 2863 Οὐ
1105 2811 1287 2881 μόνον,
1336 2813 1492 2884 φησὶ,
1537 2814 1635 2879 τὰς
1671 2814 1942 2885 ὑμετέρας

359 2892 597 2962 θλίψεις,
640 2897 912 2965 ἀκουσίως
957 2900 1224 2967 δοκούσας
1261 2903 1552 2973 ἐπάγεθαι,
1578 2906 1939 2975 ὑπεμείνατε,

358 2983 475 3037 ἀλλ’
505 2985 683 3051 οὕτως
712 2983 811 3060 ἦτε
842 2994 1102 3059 γενναῖοι,
1146 2992 1287 3048 ὥστε
1320 2995 1416 3049 καὶ
1466 2995 1715 3050 κοινωνοὶ
1756 2997 1940 3066 ἐγένε-

360 3075 457 3128 σθε
516 3077 628 3133 τῶν
676 3078 992 3137 ἀποστόλων
1040 3082 1149 3139 τῶν
1194 3083 1367 3149 οὕτως
1422 3085 1939 3158 ἀναστρεφομένων,

358 3167 662 3235 τουτέστιν,
702 3171 763 3226 ὲν
797 3171 1008 3243 θλίψεσι
1059 3174 1155 3229 καὶ
1186 3175 1513 3247 ὀνειδισμοῖς
1535 3216 1549 3241 ,
1583 3178 1680 3231 καὶ
1720 3176 1939 3242 ἑκόντες

2117 2718 2326 2773 Partim
2364 2733 2481 2773 vero
2529 2717 2659 2772 socii
2702 2715 2883 2770 taliter
2939 2714 3366 2770 conversantium
3424 2713 3623 2783 effect?

2045 2808 2280 2873 Nedum,
2319 2808 2523 2879 inquit,
2559 2816 2771 2862 vestras
2814 2802 3161 2869 alﬂictiones,
3204 2820 3328 2875 quae
3371 2820 3468 2873 per
3510 2805 3620 2859 vim

2048 2900 2234 2955 invitis
2264 2899 2422 2955 vobis
2469 2898 2801 2955 videbantur
2851 2896 3072 2961 adduci,
3120 2896 3490 2961 sustinuistis,
3525 2896 3622 2951 sed

2046 2989 2182 3044 adeo
2211 2988 2419 3045 strenui
2447 2986 2652 3052 fuistis,
2680 2994 2741 3042 ut
2790 2974 2846 3041 et
2892 2985 3029 3040 socii
3056 2983 3186 3039 facti
3228 2984 3351 3039 sitis
3396 2990 3622 3053 aposto—

2045 3077 2223 3135 lorum
2256 3078 2438 3133 taliter
2470 3075 2936 3140 conversantium,
2984 3074 3090 3129 hoc
3120 3080 3205 3129 est
3249 3073 3304 3126 in
3335 3072 3620 3128 calamita-

2047 3170 2191 3226 tibus
2217 3179 2270 3225 et
2290 3162 2623 3242 opprobriis,
2655 3176 2711 3223 et
2731 3172 2913 3221 vestra
2951 3176 3146 3234 sponte
3169 3162 3488 3232 subjecistis
3519 3176 3619 3217 vos

363 3259 675 3332 ὑπεθήκατε
707 3265 955 3332 ἑαυτοὺς,
990 3267 1132 3322 ὥστε
1160 3270 1651 3341 συγκακουχεῖσθαι
1687 3269 1935 3337 ἐκείνοις,

2052 3262 2191 3332 ipsos
2226 3270 2285 3317 ut
2316 3274 2421 3315 una
2456 3276 2580 3316 cum
2609 3258 2717 3314 illis
2747 3258 2980 3312 adversa
3027 3256 3368 3320 sustineatis,
3395 3269 3460 3308 ac
3491 3269 3624 3309 con-

363 3356 463 3408 καὶ
491 3360 769 3412 κοινωνεῖν
808 3358 917 3413 τῶν
959 3360 1140 3415 αὐτῶν
1170 3360 1532 3433 παθημάτων.
1563 3362 1678 3416 Οὐκ
1704 3356 1827 3415 εἶπε
1860 3361 1939 3428 δὲ,

360 3445 499 3515 ἐμοῦ
535 3448 725 3514 μόνου,
756 3449 916 3518 ἀλλὰ,
957 3451 1152 3517 κοινῶς
1185 3455 1426 3520 πάντων,
1450 3453 1536 3507 ἵνα
1574 3452 1635 3506 τὸ
1667 3452 1943 3524 ἐγκώμιον

361 3539 547 3592 αὐτῶν
579 3540 813 3614 αὐξήσῃ.

431 3630 542 3685 Καὶ
596 3629 708 3699 γὰρ
753 3631 878 3700 τοῖς
906 3633 1154 3703 δεσμοῖς
1192 3652 1313 3706 μου
1346 3637 1830 3705 συνεπαθήσατε.
1865 3636 1940 3691 Ub

366 3719 529 3787 μόνον
556 3721 614 3773 ἐν
644 3725 756 3787 τοῖς
781 3725 1069 3797 ὑμετέροις
1100 3726 1200 3780 οὐκ
1229 3716 1487 3799 ἐδεήθητε
1520 3728 1941 3801 παρακλήσεως,

362 3811 496 3864 ἀλλὰ
530 3813 625 3866 καὶ
648 3817 760 3881 τοῖς
785 3815 967 3882 ἀλλοις
990 3818 1244 3887 ἐγένεσθε
1273 3819 1616 3892 παράκλησις
1638 3864 1653 3887 ,
1681 3821 1773 3875 καὶ
1802 3823 1942 3894 μάρ-

360 3920 459 3967 τυς
488 3905 616 3973 ἐγώ.

436 3999 541 4053 Kal
577 4000 695 4067 τὴν
721 4001 1003 4071 ἁρπαγὴν
1029 4000 1149 4068 τῶν
1178 4003 1576 4073 ὑπαρχόντων
1611 4004 1778 4074 ὑμῶν
1791 4005 1945 4074 μετά

361 4087 545 4156 χαρᾶς
593 4091 1065 4172 προσεδέξασθε.
1114 4090 1284 4149 Eia-ev
1323 4094 1506 4160 ίδικῶς
1537 4095 1652 4158 πῶς
1698 4099 1809 4161 τοῖς
1842 4096 1940 4151 ἀλ-

361 4181 477 4242 λοις
506 4182 895 4255 ἐκοινώνησαν,
923 4185 1018 4239 νῦν
1049 4185 1212 4240 πάλιν
1235 4185 1408 4256 λέγει,
1452 4186 1569 4250 πῶς
1598 4188 1692 4241 καὶ
1732 4187 1833 4252 τάς
1863 4189 1944 4251 είς

359 4272 564 4335 αὖτοὺς
587 4273 798 4343 θλίψεις
842 4275 1166 4346 ὑπέμειναν.
1199 4278 1310 4331 Καὶ
1349 4279 1410 4332 τὸ
1442 4279 1815 4353 διαρπαγῆναι
1845 4281 1943 4352 μὲν

359 4363 474 4432 γάρ
510 4364 656 4433 μέγα
678 4381 694 4397 ο
727 4366 863 4421 διότι
909 4369 1020 4441 γὰρ
1063 4372 1442 4436 ἐπιστεύσατε,
1473 4372 1561 4428 διὰ
1599 4372 1759 4427 τοῦτο
1788 4373 1945 4445 διηρ-

362 4455 605 4524 πάγητε.
650 4456 809 4525 Ἐξῆν
837 4457 947 4529 γὰρ
985 4460 1203 4526 πάντως
1246 4461 1377 4531 ὖμῖν
1409 4464 1484 4534 μὴ
1514 4464 1824 4521 πιστεῦσαι.
1872 4465 1945 4519 Τὸ

358 4544 415 4597 δὲ
450 4548 541 4599 καὶ
571 4548 1021 4614 προσδέξασθαι
1065 4551 1163 4624 τὴν
1193 4554 1446 4609 ἑκουσίαν
1469 4554 1744 4627 ὑπομονὴν
1762 4555 1943 4628 δηλοῖ,

2043 3362 2219 3410 sortes
2264 3352 2625 3407 alllictionum'
2670 3364 2861 3406 eorum
2907 3348 3241 3405 elﬁciamini.
3299 3337 3420 3400 Non
3480 3345 3624 3399 dixit

2043 3456 2246 3511 autem,
2275 3446 2377 3501 Mei
2414 3446 2603 3511 solius,
2643 3442 2739 3499 sed
2781 3441 3161 3497 Commuuiter
3206 3440 3475 3503 omnium,
3511 3452 3624 3509 quo

2043 3537 2217 3608 magis
2247 3528 2437 3592 eorum
2470 3536 2658 3591 laudes
2682 3533 2974 3603 adaugent.

2116 3628 2287 3684 Vens.
2318 3628 2408 3682 54.
2445 3625 2591 3681 Nam
2624 3635 2673 3680 et
2706 3624 2931 3680 vinculis
2982 3622 3109 3676 meis
3156 3620 3422 3689 campani
3467 3620 3617 3673 estis.

2046 3718 2161 3774 Non
2192 3720 2370 3775 solum
2400 3718 2454 3772 in
2487 3716 2681 3773 vestris
2711 3713 3115 3771 calamitatibus
3149 3728 3256 3766 non
3300 3711 3620 3777 indiguistis

2048 3810 2448 3875 consolatione,
2480 3823 2670 3865 verum
2698 3808 2860 3862 etiam
2889 3805 3015 3860 aliis
3036 3803 3162 3859 laeti
3180 3804 3314 3859 estis
3344 3803 3619 3867 solatium,

2045 3901 2204 3971 cujus
2235 3902 2312 3956 rei
2345 3915 2446 3971 ego
2480 3914 2599 3955 sum
2636 3898 2815 3955 testis.

2124 3993 2187 4047 Et
2215 3995 2458 4063 rapinam
2490 3994 2748 4048 bonorum
2782 3999 3075 4047 vestrorum
3106 4005 3227 4044 cum
3250 3987 3446 4059 gaudio
3474 4002 3625 4039 acce-

2045 4089 2223 4157 piatis.
2285 4086 2583 4159 Speciatim
2612 4085 2751 4142 dixit
2780 4082 3056 4157 quomodo
3101 4081 3333 4137 aliorum
3367 4079 3502 4135 socii
3537 4095 3623 4133 cs-

2049 4188 2173 4235 sent
2203 4177 2404 4244 effecti,
2432 4193 2579 4233 nunc
2608 4192 2804 4233 rursus
2824 4175 2958 4231 dicit
2988 4173 3265 4245 quomodo
3299 4169 3624 4225 alﬂictioncs

2048 4268 2155 4339 ipsi
2216 4283 2344 4324 suas
2389 4267 2762 4323 toleraverint.
2812 4264 2947 4321 Nam
3001 4262 3359 4319 facultatibus
3401 4261 3623 4332 quidem

2048 4360 2295 4431 spoliari,
2338 4375 2595 4432 magnum
2624 4369 2726 4416 est.
2753 4358 2892 4427 Quia
2933 4357 3080 4413 enim
3124 4353 3459 4418 credidistis,
3500 4352 3627 4407 ideo

2047 4449 2265 4522 spoliati
2309 4451 2463 4507 estis.
2495 4449 2627 4506 Nam
2669 4448 2989 4522 potuissetis
3018 4445 3243 4501 omnino
3275 4460 3304 4498 a
3332 4445 3434 4499 [ide
3459 4444 3627 4498 alieni

2048 4557 2389 4615 permanere.
2426 4541 2583 4610 Quod
2636 4553 2816 4599 autem
2867 4542 2982 4605 ait,
3018 4539 3332 4608 Accepistis,
3372 4538 3628 4592 volunta-

361 4638 457 4688 καὶ
506 4637 588 4690 ὅτι
640 4639 848 4693 εἴλοντο
885 4638 1324 4711 ἀσμένως.”Καὶ
1357 4644 1438 4713 τὸ,
1485 4648 1625 4715 μετά
1658 4627 1832 4718 χαρᾶς
1862 4648 1940 4717 δὲ,

2052 4637 2187 4690 riam
2210 4650 2401 4690 eorum
2429 4635 2746 4706 patientiam
2778 4632 3072 4703 signiﬁcat;
3111 4639 3165 4685 et
3215 4630 3358 4699 quod
3400 4630 3629 4683 libenter

359 4726 518 4781 τοῦτο
568 4732 681 4792 τοῖς
730 4732 1050 4796 ἀποστόλοις
1079 4733 1222 4803 ὑμᾶς
1266 4734 1454 4802 ἐξισοῖ,
1497 4735 1546 4788 οἳ
1594 4736 1942 4809 ὑπέστρεψαν

362 4820 648 4962 χέίροντες
679 4823 763 4877 ὅτι
793 4824 934 4896 ὑπὲρ
954 4825 1049 4880 τοῦ
1080 4827 1345 4898 ὀνόματος
1372 4827 1469 4882 τοῦ
1499 4829 1704 4901 Κυρίου
1744 4831 1944 4901 ἠτιμά-

366 4928 392 4962 σ
432 4928 593 4962 ησαν.

366 4928 593 4975 συησαν.

428 5024 850 5094 Γινώσκοντες
871 5027 1040 5097 ἔχειν
1062 5029 1133 5084 ἐν
1158 5030 1393 5098 ἑαυτοῖς
1422 5030 1733 5100 κρείττονα
1760 5031 1950 5101 ὕπαρ·

362 5117 464 5183 ξιν
493 5118 565 5172 ἐν
595 5119 878 5188 οὐρανοῖς
915 5120 1014 5174 καί
1039 5120 1381 5191 μένουσαν.
1412 5122 1523 5177 Καὶ
1542 5120 1724 5188 τοῦτο,
1756 5125 1943 5192 φησιν,

362 5209 598 5261 ἐποιεῖτε
646 5208 787 5279 μετά
817 5209 1050 5281 κρίσεως
1089 5210 1182 5263 καὶ
1230 5209 1494 5282 λογισμοῦ
1544 5211 1641 5264 καὶ
1681 5211 1943 5273 πίστεως.

374 5298 738 5367 Ἐγινὼσκετε
752 5301 861 5370 γάρ
889 5301 972 5355 ὅτι
988 5302 1275 5370 κρείττονα
1293 5301 1526 5374 ὓπαρξιν
1546 5302 1643 5357 καὶ
1674 5303 1944 5373 μένουσαν

360 5394 535 5464 ἔχετε,
548 5397 651 5450 οὐκ
662 5396 865 5450 ἀπολλυ
872 5397 1040 5468 μένην
1055 5398 1148 5451 καὶ
1159 5397 1243 5450 δια
1250 5395 1617 5467 ρπαξομένην,
1632 5394 1705 5458 ὡς
1719 5393 1944 5466 ταύτην.

433 5507 534 5576 Μὴ
569 5508 918 5576 ἀποϐάλητε
959 5505 1074 5566 οὖν
1107 5508 1222 5577 τὴν
1254 5510 1600 5579 παρρησίαν
1625 5507 1811 5577 ὑμῶν.
1857 5509 1945 5562 Ἐν

363 5600 446 5669 τῷ
474 5602 648 5654 εἰπεῖν
683 5602 772 5672 μὴ
815 5600 1178 5669 ἀποϐάλητε,
1216 5602 1515 5667 δείκνυσιν,
1546 5601 1630 5654 ὅτι
1667 5599 1822 5654 οὔπω
1849 5601 1943 5653 έκ-

2049 4727 2328 4799 elegeriht.
2355 4725 2852 4796 Porro,quod'cum
2872 4723 3071 4794 gaudio
3092 4722 3404 4791 accepistis,
3428 4720 3477 4773 id
3497 4736 3629 4774 sane

2053 4821 2314 4891 apostolis
2358 4834 2455 4874 vos
2500 4819 2764 4889 adchnat,
2796 4818 2889 4888 qui
2932 4816 3136 4872 reversi
3179 4813 3626 4884 suntgaudentcs

2046 4914 2191 4985 quod
2225 4928 2325 4985 pro
2345 4912 2567 4968 nomine
2597 4909 2811 4965 Domini
2839 4910 3170 4964 contumelia
3204 4906 3380 4962 allecti
3417 4913 3623 4961 essent.

2117 5027 2501 5099 Cognoscentes
2521 5025 2711 5080 habere
2754 5040 2841 5078 vos
2882 5023 3154 5078 meliorem
3180 5016 3539 5076 substantiam
3576 5026 3626 5069 et

2046 5129 2457 5191 permanentem.
2496 5118 2559 5172 Et
2591 5119 2714 5183 hoc,
2743 5116 2943 5186 inquit,
3005 5113 3293 5170 faciebatis
3329 5126 3454 5167 cum
3482 5108 3628 5179 judi-

2046 5213 2154 5279 cio,
2178 5210 2574 5265 deliberatione
2608 5224 2689 5281 ac)
2726 5206 2852 5262 fide.
2887 5204 3281 5276 Agnoscebatis
3303 5202 3446 5256 enim
3479 5199 3624 5268 quod

2057 5303 2338 5360 meliorem
2375 5298 2746 5358 substantiam
2792 5306 2847 5354 et
2894 5306 3207 5352 manentem
3241 5291 3474 5354 habetis,
3504 5303 3628 5357 qua:

2055 5410 2157 5450 nec
2189 5394 2366 5464 perire
2399 5407 2499 5447 nec
2530 5390 2697 5469 diripi
2730 5398 2935 5462 posset,
2973 5388 3051 5442 uti
3081 5387 3215 5440 haec.

2048 5498 2077 5522 “
2126 5504 2293 5563 Vens.
2319 5506 2409 5562 '55.
2452 5504 2536 5560 Ne
2579 5503 2848 5571 abiicietis
2892 5500 3056 5568 igitur
3114 5491 3493 5559 confidentiam
3543 5507 3628 5547 re-

2055 5608 2245 5653 stram.
2274 5597 2409 5652 Cum
2435 5595 2595 5660 dicit,
2625 5592 2706 5647 Ne
2728 5590 3023 5660 abiiciatis,
3056 5584 3300 5641 ostendit
3319 5583 3463 5654 quod
3490 5597 3629 5637 non-

368 5691 717 5761 πεπτώκασι,
776 5693 988 5748 δέονται
1056 5693 1269 5765 μέντοι,
1306 5694 1402 5748 καὶ
1455 5692 1809 5764 βεϐαιώσεως.
1853 5690 1943 5745 καὶ

2057 5690 2187 5744 dum
2232 5686 2572 5754 exciderant,
2614 5699 2753 5756 opus
2796 5689 2977 5737 tamen
3030 5678 3293 5736 haberent
3329 5676 3635 5733 confirma-

437 5827 483 5858 ἰ’
511 5827 661 5885 Psal.
695 5845 803 5896 xu.
829 5831 882 5886 4.
960 5831 1003 5865 δ’
1027 5829 1174 5888 Psal.
1198 5848 1305 5899 ων,
1344 5832 1428 5888 15.

1529 5830 1573 5863 ⁸³
1600 5829 1746 5888 Psal.
1773 5839 2006 5883 xxxvut.
2039 5825 2091 5881 6.
