4014 6208
409 374 517 437 339

1287 360 1868 427 ΤΗΕΟΡΗΥΙιΑΟΤΙ
1899 360 2315 424 BULGARIIE
2352 360 2714 423 ARCHIEP.

3535 346 3643 412 340

408 492 556 546 tione
588 496 640 543 et
666 485 990 541 munitione.
1032 479 1312 536 Fiduciam
1345 488 1527 536 autem
1552 478 1715 544 dixit,
1741 493 1806 533 eo
1828 475 1976 547 quod

2092 477 2447 549 ὶσφαλισμοῦ.
2481 473 2805 548 Παρρησίαν
2831 470 2888 526 δὲ
2917 464 3062 534 εἶπε,
3093 468 3232 525 διότι
3260 467 3308 522 οῖ
3339 466 3408 521 τὰ
3430 465 3655 518 τοιαῦτα

406 578 499 647 qui
534 575 659 630 talia
691 582 910 643 propter
933 571 1098 625 Deum
1134 570 1406 641 patienter
1438 569 1684 636 tulerint,
1721 582 1975 640 magnam

406 669 608 724 habent
636 663 1043 720 conﬁdentiam.

478 759 610 823 Qua:
648 770 896 826 magnam
934 753 1089 807 liabet
1134 754 1631 808 remunerationem.
1671 749 1782 805 Vos
1831 748 1978 804 enim

406 850 540 905 estis
576 855 766 910 testes,
811 846 907 917 qui
933 847 1231 917 agnovistis
1281 846 1660 918 praestantiora
1689 858 1789 899 vos
1837 841 1978 896 bona

409 941 607 995 habere
640 939 692 994 in
719 939 895 996 caelis.
1858 992 1861 993 ν

479 1029 644 1085 Vens.
674 1029 765 1084 56.
809 1028 1082 1100 Patientia
1133 1031 1273 1083 enim
1319 1029 1461 1083 vobis
1522 1029 1824 1083 necessaria
1876 1036 1977 1080 est.

408 1121 571 1191 730
615 1121 773 1177 Nulla
829 1137 887 1177 re
934 1135 1096 1191 porro
1164 1121 1423 1191 indigetis
1450 1120 1579 1184 alia,
1615 1126 1978 1189 praeterquam

408 1214 523 1268 sola
552 1213 848 1284 patientia:
888 1224 1084 1269 uetera
1134 1212 1348 1268 habetis
1379 1212 1586 1278 omnia,
1622 1226 1799 1282 neque
1840 1224 1980 1281 Opus

406 1314 490 1359 cst
527 1306 821 1375 quidquam
860 1306 1079 1361 addere.

483 1396 552 1451 Ut
584 1399 906 1452 voluntatem
939 1398 1038 1454 Dei
1064 1400 1339 1469 facientes,
1368 1398 1646 1469 reportetis
1669 1398 1982 1469 promissio-

411 1507 547 1545 nem.
586 1489 848 1547 Voluntas
903 1491 995 1546 Dei
1040 1501 1149 1556 est,
1184 1500 1242 1546 ut
1273 1491 1339 1546 ad
1383 1490 1543 1546 linem
1580 1506 1757 1560 usque
1811 1491 1982 1545 susti-

408 1597 658 1637 neamus.
700 1583 804 1647 Qui
850 1582 1011 1646 enim,
1057 1583 1257 1652 inquit,
1297 1581 1703 1652 perseveraverit
1747 1580 1982 1651 adusque

409 1674 588 1742 linem,
616 1674 699 1728 hic
729 1672 906 1728 salvus
926 1674 1027 1727 erit
1056 1673 1122 1728 “.
1152 1674 1260 1728 Ista
1286 1681 1467 1728 autem
1491 1673 1816 1728 adhortatur
1837 1675 1981 1742 Apo-

409 1767 602 1831 stolus,
655 1765 880 1835 perinde
909 1780 974 1820 ac
1011 1765 1056 1819 si
1093 1766 1216 1836 quis
1270 1780 1507 1821 cernens
1554 1767 1844 1831 athletam,
1886 1765 1978 1835 qui

2082 570 2205 639 μεθ’
2234 568 2512 640 ὑπομονῆς
2539 565 2856 638 ἐνεγκόντες
2885 562 2973 616 διὰ
3003 561 3158 628 Θεὸν,
3193 556 3437 631 μεγάλην
3465 554 3655 626 έχουσι

2080 658 2418 733 παρρησίαν.

2154 753 2320 818 Ἥτις
2341 752 2464 821 ἔχει
2487 746 2977 820 μισθαποδοσίαν
3000 740 3292 814 μεγάλην.
3329 738 3523 806 Ὑμεῖς
3545 736 3655 804 γὰρ

2084 842 2376 912 μάρτυρες,
2419 838 2467 892 οἳ
2501 839 2776 908 ἐπέγνωτε
2824 834 3113 906 κρείττονα
3140 830 3284 900 ἔχειν
3330 825 3565 896 ὓπαρξιν
3597 827 3655 878 ἑν

2080 931 2139 983 οὑ
2150 932 2352 1002 ρανοῖς.

2159 1020 2490 1092 Ὑπομονῆς
2518 1019 2628 1090 γὰρ
2671 1019 2841 1090 ἔχετε
2881 1016 3109 1086 χρείαν.
3158 1011 3352 1066 Ἀλλου
3404 1009 3549 1073 τινος
3594 1007 3656 1062 οὑ

2080 1117 2160 1170 δεῖ
2192 1116 2341 1186 ὑμῖν,
2367 1113 2482 1168 ἀλλ’
2513 1110 2796 1182 ὑπομονῆς
2836 1110 3036 1182 μόνηςο
3072 1106 3252 1160 πάντα
3280 1102 3448 1158 τᾶλλα
3479 1101 3657 1173 ἔχετε,

2080 1208 2230 1265 οὐδὲν
2258 1207 2339 1261 δεῖ
2365 1206 2703 1279 προσθεῖναι.

2152 1394 2277 1448 Ἵνα
2301 1391 2368 1445 τὸ
2395 1390 2625 1458 θέλημα
2650 1387 2757 1441 τοῦ
2788 1382 2937 1440 Θεοῦ
2970 1381 3360 1448 ποιήσαντες,
3402 1377 3658 1446 κομίση-

2081 1486 2191 1539 σθε
2219 1483 2335 1550 τὴν
2365 1478 2748 1550 ἐπαγγελίαν.
2778 1475 3005 1544 Θέλημσ.
3034 1470 3196 1532 Θεοῦ.
3229 1469 3288 1523 τὸ
3319 1468 3446 1539 ἄχρι
3471 1468 3657 1530 τέλους

2083 1575 2393 1644 ὑπομεῖναι.
2434 1573 2498 1626 '0
2534 1569 2865 1639 ὑπομείνας
2906 1566 3039 1634 γὰρ,
3092 1562 3276 1632 φησὶν,
3320 1562 3410 1627 εις
3459 1559 3656 1625 τέλος,

2081 1661 2261 1732 οὗτος
2307 1661 2664 1728 σωθήσεται.
2720 1657 2986 1728 Παραινεῖ
3013 1653 3090 1720 ,δὲ
3155 1650 3329 1704 ταῦτα
3371 1649 3583 1712 τούτοις
3630 1650 3659 1703 ὁ

2096 1755 2442 1819 Ἀπόστολος,
2471 1753 2662 1822 ὥσπερ
2701 1750 2767 1805 ἂν
2795 1748 2847 1802 εῖ
2869 1764 2952 1810 τις
2978 1745 3120 1818 δρῶν
3161 1738 3403 1813 ἀθλητὴν
3451 1740 3659 1803 πάντας

407 1874 602 1916 omnes
645 1857 992 1914 adversarios
1026 1856 1402 1922 debellaverit,
1434 1871 1498 1912 ac
1546 1858 1811 1912 certando
1832 1857 1981 1912 vice-

2092 1850 2189 1921 μὲν
2235 1844 2751 1914 καταγωνισάμενον
2798 1840 2925 1902 τοὺς
2964 1833 3392 1905 ἀνταγωνιστὰς,
3429 1828 3549 1884 εἶτα
3583 1831 3657 1901 μὴ

409 1951 502 2012 rit,
536 1949 734 2004 deinde
769 1964 936 2006 morte
970 1948 1369 2019 impatientem,
1400 1962 1525 2003 cum
1556 1948 1738 2002 videat
1769 1962 1866 2004 eos
1888 1948 1978 2019 qui

408 2037 652 2092 victoriae
697 2051 930 2093 coronas
982 2037 1313 2109 largiuntur,
1372 2045 1587 2108 tempus
1638 2036 1977 2107 protrahere,

411 2129 662 2187 meditari
700 2129 905 2201 fugam.
941 2144 1009 2184 eo
1038 2128 1183 2200 quod
1238 2130 1448 2185 diutius
1491 2129 1640 2185 sitim
1686 2144 1751 2184 ac
1788 2136 1981 2182 aestum

318 2294 328 2298 _
411 2223 558 2279 ferre
615 2220 768 2285 nolit,
833 2236 958 2277 eum
1011 2221 1095 2277 his
1161 2223 1348 2279 verbis
1387 2224 1742 2293 alloquatur:
1784 2219 1980 2275 Omnia

409 2314 662 2380 gnaviter
705 2312 1047 2384 transegtsti,
1075 2320 1303 2383 expecta
1343 2312 1644 2382 paulisper,
1681 2326 1745 2365 ac
1776 2310 1982 2365 referes

409 2416 665 2459 coronas.
691 2402 854 2461 Certa
898 2403 1063 2458 etiam
1102 2404 1367 2459 adversus
1420 2402 1593 2472 ipsam
1649 2416 1981 2456 coronarum

293 2564 304 2576 λ
412 2495 753 2561 dilationem,
778 2496 919 2550 hanc
946 2509 1164 2566 quoque
1187 2493 1449 2565 patientia
1478 2495 1658 2547 vince.

484 2587 650 2644 Vens.
683 2589 774 2644 37.
805 2589 991 2642 Adhuc
1023 2589 1162 2643 enim
1184 2587 1447 2641 modicum
1470 2584 1982 2655 aliquantulumque,

408 2690 464 2736 et
495 2682 586 2753 qui
612 2690 858 2736 venturus
890 2689 969 2735 est
1003 2680 1189 2744 ueniet,
1217 2686 1267 2732 et
1291 2694 1394 2733 non
1434 2677 1691 2730 tardabit.
1723 2675 1986 2731 Producit

413 2773 736 2844 prophetam
756 2772 1019 2827 Habacuc
1035 2770 1309 2826 dicentem
1327 2767 1474 2839 quod
1505 2782 1673 2839 prope
1700 2768 1772 2821 sit
1790 2767 1983 2834 judex,

411 2863 511 2933 qui
543 2863 858 2918 redditurus
878 2870 962 2918 est
984 2859 1312 2916 mercedem.
1336 2857 1490 2925 Quod
1504 2858 1548 2913 si
1581 2857 1835 2911 Haliacuc
1857 2864 1987 2912 tunc

416 2955 661 3012 dicebat:
684 2952 960 3009 Modicum
983 2952 1396 3024 aliquantulum,
1421 2959 1471 3004 et
1516 2949 1608 3018 qui
1633 2959 1883 3003 uenturus
1908 2958 1986 3003 est

414 3049 620 3103 ueniet:
669 3046 1023 3103 manifestum
1077 3052 1162 3100 est
1208 3043 1354 3113 quod
1401 3057 1551 3098 nunc
1593 3049 1679 3098 est
1726 3038 1982 3112 vicinior.

417 3137 575 3207 Quod
604 3152 732 3194 vero
756 3138 847 3192 ait~
865 3137 990 3191 ὅσον
1016 3136 1163 3200 ὅσον,
1191 3134 1350 3190 valde
1380 3148 1573 3205 parum
1601 3131 1895 3201 signiﬁcat.

492 3229 658 3286 Vens.
689 3228 996 3293 58.1mm;
1022 3237 1199 3295 autem
1225 3241 1291 3281 ea:
1316 3225 1420 3297 ﬁde
1438 3225 1588 3279 viret.
1624 3225 1840 3289 Quodsi
1861 3224 1988 3280 sub-

418 3323 646 3378 traxerit
684 3337 831 3385 sese,
872 3337 976 3377 non
1025 3319 1320 3374 oblectatur
1367 3334 1549 3371 anima
1589 3333 1705 3371 mea
1755 3317 1811 3370 in
1851 3317 1983 3388 ipso.

417 3417 643 3486 Oportet
675 3412 842 3484 igitur
877 3427 982 3468 nos
1032 3411 1277 3473 credere,
1312 3408 1359 3464 si
1398 3407 1535 3475 justi
1581 3406 1747 3462 inituri
1789 3408 1988 3463 simus.

418 3508 517 3564 Sin
546 3515 729 3563 autem
777 3504 1116 3562 subtraxerit
1143 3518 1202 3559 se
1233 3501 1443 3572 justus,
1476 3501 1530 3555 id
1562 3506 1668 3563 est,
1719 3499 1991 3570 ambigui-

418 3612 582 3657 tatem
606 3598 897 3672 quamdam
923 3597 1162 3670 patiatur
1184 3597 1269 3652 vel
1295 3595 1691 3650 haesitationem
1716 3610 1731 3657 ;
1760 3593 1844 3647 vel
1860 3593 1988 3648 sub-

419 3697 667 3759 traxerit,
686 3693 739 3749 id
773 3702 858 3750 est
885 3690 1280 3749 tentationibus
1292 3685 1670 3750 succubuerit,
1697 3700 1807 3741 non
1827 3686 1991 3741 habet

418 3786 840 3842 oblectationem
869 3784 924 3839 in
954 3799 1020 3839 eo
1053 3782 1232 3838 anima
1266 3794 1407 3836 mea.
1438 3776 1608 3849 Cujus
1636 3786 1814 3832 autem
1849 3776 1974 3831 ani-

418 3895 506 3933 ma
553 3877 710 3932 mea?
740 3875 854 3942 Dei,
901 3876 1055 3947 juxta
1095 3873 1314 3928 modum
1376 3869 1635 3941 loquendi
1693 3868 1992 3939 Scriptum

419 3971 678 4025 usitatum
705 3988 719 4024 :
754 3976 814 4023 ut
844 3967 898 4023 in
931 3981 1020 4029 eo.
1040 3963 1231 4022 Ferias
1259 3970 1470 4020 vestras
1498 3963 1613 4018 odit
1639 3960 1819 4016 anima
1848 3974 1991 4017 mea.

420 4064 516 4119 Vel
547 4062 768 4119 Christi.

492 4155 608 4210 Nos
638 4166 813 4209 autem
841 4171 940 4209 non
988 4168 1169 4208 sumus
1217 4146 1598 4208 subtractionis
1639 4149 1696 4201 in
1730 4146 1992 4215 perditio-

419 4264 556 4310 nem,
595 4247 686 4302 sed
739 4247 866 4316 ﬁdei
908 4246 963 4300 in
1005 4243 1407 4315 acquisitionem
1436 4240 1649 4295 animm.
1693 4235 1834 4305 Quia
1867 4251 1992 4307 per-

421 4337 775 4393 tenrefecerat
799 4352 895 4393 eos
924 4350 1048 4391 cum
1079 4336 1321 4391 diceret:
1347 4332 1537 4385 Anima
1562 4346 1675 4384 mea
1708 4346 1810 4386 non
1836 4328 1993 4384 habet

421 4431 822 4485 oblectationem
847 4429 902 4482 in
918 4424 1287 4496 ipsa:asserit
1317 4424 1428 4490 jam
1465 4437 1566 4478 nos
1600 4436 1710 4476 non
1757 4435 1881 4476 esse
1924 4435 1991 4476 ex

2091 1939 2320 2008 μένοντα
2389 1938 2515 2001 τοὺς
2582 1930 3032 2001 στεφανώσαντας
3095 1928 3485 2000 βραδύνοντας,
3526 1924 3656 1976 ἀλλὰ

2089 2030 2414 2101 βουλόμενον
2447 2024 2747 2097 ἀποδράναι
2780 2023 2870 2078 διὰ
2894 2023 2956 2075 τδ
2988 2021 3187 2091 μηκέτι
3221 2019 3411 2091 φέρειν
3430 2016 3490 2068 τὸ
3510 2014 3655 2084 δίψος

2086 2121 2185 2175 καὶ
2218 2121 2308 2175 τὸν
2334 2118 2595 2190 φλογμὸν,
2631 2116 2772 2185 λέγει
2820 2114 2958 2187 πρὸς
2991 2112 3183 2166 αὑτόν·
3217 2111 3403 2163 Πάντα
3440 2106 3657 2177 κατώρ-

2090 2213 2293 2276 θωσας,
2333 2210 2529 2282 μικρὸν
2558 2208 2848 2279 ἀνάμεινον
2897 2205 2996 2260 καὶ
3035 2202 3240 2274 κομίσῃ
3283 2202 3409 2265 τοὺς
3463 2198 3663 2267 στεφά-

2089 2321 2235 2366 νους.
2276 2298 2668 2369 Ἀνταγώνισαι
2692 2298 2788 2351 καὶ
2812 2298 2949 2369 πρὸς
2977 2295 3077 2365 τὴν
3118 2291 3382 2363 ἀναϐολὴν
3409 2291 3517 2344 τῶν
3542 2304 3665 2342 στε-

2094 2396 2304 2465 φάνων,
2334 2392 2558 2465 νίκησον
2590 2390 2683 2445 καὶ
2716 2390 2922 2459 ταύτην
2949 2389 3015 2459 τῇ
3044 2387 3311 2456 ὑπομονῇ.

2165 2581 2293 2634 Ἔτι
2336 2579 2446 2650 γὰρ
2472 2574 2691 2646 μικρὸν
2723 2573 2876 2626 ὅσον
2906 2560 3056 2627 δσον
3085 2572 3118 2625 ό
3149 2568 3473 2637 ἐρχόμενος
3505 2564 3664 2633 ἣξει,

2091 2672 2191 2728 καὶ
2219 2673 2291 2727 οὐ
2336 2666 2582 2739 χρονιεῖ.
2627 2664 2876 2736 Παράγει
2922 2662 3015 2718 τὸν
3060 2661 3343 2731 προφήτην
3384 2657 3667 2726 Ἀϐακοὺμ

2091 2765 2339 2829 λέγοντα,
2378 2760 2652 2828 autne;
2679 2758 2707 2810 δ
2734 2755 2926 2829 κριτὴς
2964 2755 2993 2808 ὁ
3026 2754 3236 2825 μέλλων
3258 2749 3572 2805 ἀποδοῦναι.
3600 2749 3665 2801 Εἰ

2090 2857 2149 2911 δὲ
2180 2855 2275 2910 καὶ
2307 2855 2335 2908 δ
2372 2852 2655 2922 ’Δὸακοὺμ
2679 2849 2801 2903 τότε
2829 2847 3005 2916 ἔλεγε,
3022 2845 3241 2915 μικρὸν
3264 2843 3414 2897 ὅσον
3440 2842 3594 2897 ὅσον
3630 2842 3665 2894 ό

2093 2949 2416 3019 ἐρχόμενος
2447 2944 2602 3013 ἣξει,
2632 2941 2794 3012 δῆλον
2831 2942 2912 2995 ὃτι
2957 2938 3052 2993 νῦν
3090 2936 3383 3008 ὲγγύτερός
3415 2936 3553 2988 ἐστι.
3590 2933 3665 2986 Τὸ

2092 3040 2149 3092 δὲ
2178 3041 2302 3106 ὅσον
2327 3040 2473 3094 ὅσον.
2499 3036 2558 3090 τὸ
2590 3034 2729 3089 πάνυ
2761 3033 2958 3106 μικρὸν
2984 3033 3156 3104 δηλοῖ.

2172 3223 2234 3277 Ὅ
2272 3221 2342 3275 δὲ
2381 3219 2615 3289 δίκαιος
2656 3219 2726 3273 ἐκ
2769 3220 3029 3284 πίστεως
3078 3215 3348 3284 ζήσεται·
3406 3212 3505 3268 καὶ
3556 3212 3668 3267 ἐὰν

2091 3316 2545 3381 ὑποστείληται,
2574 3315 2685 3369 οὐκ
2715 3312 2958 3369 εὐδοκεῖ
2977 3312 3015 3380 ὴ
3046 3309 3216 3381 ψυχή
3246 3327 3364 3379 μου
3390 3308 3459 3361 ἐν
3481 3304 3663 3369 αὐτῷ.

2092 3412 2183 3464 Δεῖ
2207 3405 2299 3465 οὖν
2323 3408 2620 3468 πιστεύειν.
2654 3407 2768 3475 εῖγε
2801 3405 3088 3477 μέλλοιμεν
3117 3402 3314 3456 δίκαιοι
3343 3397 3499 3454 εἶναι.
3541 3399 3666 3452 Ἐὰν

2091 3500 2147 3554 δὲ
2207 3498 2592 3568 ὑποστείληται
2635 3499 2663 3551 ὁ
2708 3497 2938 3560 δίκαιος,
2988 3492 3287 3560 τουτέστιν,
3334 3489 3667 3559 ἀμφιϐολίαν

2092 3588 2215 3643 τινὰ
2241 3587 2392 3659 πάθῃ
2423 3587 2518 3640 καὶ
2539 3585 2835 3655 δισταγμόν
2857 3598 2872 3613 ·
2895 3584 2928 3655 ἢ
2960 3583 3043 3648 τὸ,
3066 3583 3525 3648 ὑποστείληται,
3547 3577 3671 3632 ἀντὶ

2093 3680 2208 3747 τοῦ,
2265 3675 2681 3746 ὑττοταπεινωθῇ
2720 3678 2834 3739 τοῖς
2877 3675 3231 3746 πειρασμοῖς,
3280 3674 3379 3724 οὐκ
3427 3671 3664 3737 εὐδοκεῖ,

2092 3770 2391 3837 τουτέστιν,
2418 3769 2518 3822 οὑκ
2543 3768 2829 3840 εὐαρεστεῖ
2853 3768 2887 3838 ἡ
2915 3766 3061 3837 ψυχή
3094 3783 3193 3836 μου
3227 3766 3286 3819 ὲν
3310 3763 3480 3833 αὑτῷ.
3508 3762 3667 3826 Τίνος

2092 3862 2151 3917 δὲ
2183 3862 2364 3934 duxi];
2399 3860 2494 3915 τοῦ
2526 3860 2685 3927 θεοῦ,
2718 3859 2863 3913 κατὰ
2900 3861 2962 3912 τὸ
3009 3860 3208 3929 ἰδίωμα
3258 3858 3359 3925 τῆς
3405 3856 3624 3928 Γραφῆς
3648 3868 3668 3889 ο

2095 3956 2170 4019 ὡς
2196 3955 2290 4021 τὸ,
2322 3953 2432 4019 Τὰς
2467 3953 2659 4026 ἑορτὰς
2693 3951 2847 4024 ὑμῶν
2878 3953 3029 4021 μισεῖ
3057 3952 3092 4022 ἡ
3122 3950 3269 4021 ψυχή
3306 3966 3437 4026 μου.
3465 3949 3531 4002 Ἢ
3571 3945 3667 4000 τοῦ

2095 4048 2357 4120 Χριστοῦ.
3432 4018 3437 4037 ι

2180 4136 2379 4208 Ἡμεῖς
2401 4136 2446 4168 ’⁵³
2479 4134 2547 4189 δὲ
2577 4137 2688 4189 οὐκ
2717 4131 2906 4205 ἐσμὲν
2923 4132 2972 4172 ⁸⁵
3014 4130 3367 4198 ὑποστολῆς
3397 4130 3483 4194 εις
3507 4126 3669 4182 ἀπώ-

2095 4232 2289 4294 λειαν,
2341 4226 2504 4282 ἀλλὰ
2555 4226 2819 4292 πίστεως
2866 4226 2955 4291 εἰς
3004 4223 3389 4291 περιποίησιν
3435 4218 3667 4290 ψυχῆς.

2108 4320 2327 4390 Ἐπειδὴ
2359 4318 2628 4389 ἐφόϐησεν
2658 4318 2716 4369 ἐν
2742 4315 2820 4386 τῷ
2867 4304 3075 4369 εἰπεῖν’
3127 4314 3250 4366 Ὅτι
3284 4313 3395 4366 οὐκ
3434 4308 3678 4364 εὐδοκεῖ

2095 4415 2135 4483 ἢ
2165 4411 2335 4483 ψυχή
2369 4428 2490 4482 μου
2512 4426 2526 4441 ·
2565 4409 2730 4480 φησὶν
2757 4409 2840 4462 ὅτι
2864 4409 3026 4478 ἡμεῖς
3051 4406 3151 4459 οὑκ
3180 4403 3346 4474 ἐσμὲν
3371 4402 3479 4456 τῶν
3505 4403 3673 4455 ἀπολ-

420 4532 611 4571 eorum
638 4528 872 4570 numero
917 4495 1012 4582 qui
1048 4517 1275 4582 pereant
1312 4516 1534 4579 propter
1563 4507 1983 4563 subtracﬁonem

2100 4506 2345 4578 λυμένων
2395 4503 2485 4558 διὰ
2511 4502 2572 4555 τὸ
2603 4500 3026 4555 ὑποστέλλεσθαι
3068 4499 3163 4553 καὶ
3191 4495 3607 4569 ἀπορῤᾳθυμεῖν
3635 4495 3669 4563 ἢ

421 4616 517 4661 aut
550 4613 769 4674 propter
798 4602 1045 4659 acediam
1072 4601 1157 4656 vel
1207 4599 1621 4663 haesitationem,
1655 4599 1749 4656 sed
1801 4612 1983 4654 eorum

2096 4596 2391 4663 διστάζειν,
2447 4594 2585 4650 ἀλλὰ
2614 4593 2724 4647 τῶν
2777 4595 2835 4647 ὲν
2880 4594 2948 4664 τῇ
2996 4592 3177 4645 πίστει
3223 4586 3673 4663 βεϐαίωννῶστε

419 4695 513 4767 qui
544 4696 599 4750 in
629 4695 733 4751 lide
754 4693 978 4750 stabiles
1021 4691 1343 4763 persistunt,
1398 4698 1458 4746 ut
1508 4691 1797 4761 aequirant
1862 4702 1983 4744 suas

2098 4690 2450 4761 περιποιῆσαι
2505 4686 2604 4750 τὰς
2652 4683 2861 4738 ἑαυτῶν
2908 4682 3108 4753 ψυχὰς,
3157 4679 3403 4733 τουτέστι
3469 4678 3674 4743 κτήσα-

419 4788 666 4857 ipsorum
684 4785 919 4847 animas,
942 4783 1048 4838 hoc
1070 4791 1156 4839 est
1191 4783 1532 4853 possideant,
1576 4780 1909 4846 custodiant,
1940 4788 1983 4836 et

2099 4782 2246 4845 σθαι,
2306 4778 2582 4850 φυλάξαι,
2662 4778 2757 4830 καὶ
2814 4775 3007 4830 σῶσαι.
3072 4772 3427 4843 Περιποιησις
3473 4768 3583 4840 γὰρ
3636 4770 3671 4838 ἡ

421 4887 662 4937 servent.
699 4875 1005 4949 Acquisitio
1023 4874 1166 4931 enim
1200 4884 1285 4931 est
1315 4873 1619 4945 possessio,
1645 4871 1943 4942 peculium.

2099 4873 2458 4946 πρόσκτησις,
2488 4874 2517 4926 ὁ
2555 4867 2990 4942 προσπορισμός.

1021 4962 1252 5020 CAPUT
1297 4964 1391 5019 XI.

2681 4958 2932 5012 ΚΕΦΑΛ.
2969 4951 3075 5010 IA’.

497 5056 592 5113 Est
628 5067 803 5112 autem
844 5055 973 5126 ﬁdes
1027 5058 1416 5127 sperandarum
1458 5052 1761 5109 substantia
1792 5066 1983 5105 rerum.

2165 5054 2343 5108 Ἔστι
2369 5050 2439 5105 δὲ
2467 5050 2672 5116 πίστις
2699 5044 3101 5114 ἐλπιζομένων
3132 5045 3493 5108 ὑπόστασις.
3538 5039 3672 5094 Act--

421 5148 696 5206 Describit
748 5147 908 5204 nobis
969 5150 1201 5218 posthac
1245 5147 1429 5212 (idem,
1482 5143 1767 5213 inquiens:
1831 5139 1983 5196 Fides

2094 5145 2195 5199 πδν
2242 5143 2622 5215 ὑπογράφεται
2672 5141 2802 5211 ἡμῖν
2849 5137 2947 5208 τὴν
2992 5135 3199 5200 πίστιν,
3250 5138 3345 5187 καί
3380 5149 3545 5205 φησιν
3588 5132 3672 5184 ὅτι

423 5251 508 5297 est
534 5240 777 5297 essentia
807 5254 996 5295 eorum
1030 5254 1153 5309 quae
1183 5238 1427 5296 nautium
1479 5244 1627 5299 sunt,
1686 5232 1983 5289 substantia

2094 5235 2349 5299 οὑσέωσίς
2400 5237 2516 5288 ἐστι
2545 5232 2652 5286 τῶν
2703 5232 2870 5302 μήπω
2900 5229 3071 5283 ὅντων
3105 5228 3198 5281 καὶ
3231 5226 3528 5287 ὑπόστασις
3556 5222 3671 5275 τῶν

422 5348 611 5389 eorum
640 5348 760 5404 quae
785 5347 896 5387 non
939 5331 1283 5387 subsistunt:
1309 5325 1543 5396 exempli
1571 5324 1771 5396 gratia,
1803 5339 1983 5379 resur-

2099 5322 2176 5395 μὴ
2206 5319 2527 5392 ὑφεστώτων
2548 5336 2564 5349 ·
2597 5314 2710 5373 οἷον
2753 5319 2787 5389 ἠ
2828 5317 3122 5379 ἀνάστασις
3150 5313 3306 5369 obrue
3335 5312 3671 5383 ὑφέστηκεν,

421 5427 594 5482 rectio
639 5401 881 5481 nondum
945 5419 1218 5485 subsistit,
1266 5419 1361 5475 scd
1414 5416 1548 5474 ﬁdes
1596 5419 1791 5474 statuit
1846 5432 1983 5484 eam,

2095 5416 2212 5470 ἀλλ’
2260 5417 2293 5484 ἡ
2334 5413 2519 5477 πίστις
2580 5411 2781 5483 ὑφιστᾷ
2825 5410 3016 5482 αὐτὴν,
3068 5408 3163 5463 καὶ
3220 5405 3327 5478 πρὸ
3374 5401 3675 5475 ὀφθαλμῶν

423 5525 588 5587 atque
622 5518 692 5571 ob
716 5517 907 5571 oculos
933 5513 1091 5569 nobis
1114 5514 1285 5583 ponit.

2101 5507 2235 5576 ἡμῖν
2268 5504 2468 5576 τίθησι.
2965 5491 2982 5503 ’

488 5629 536 5661 ιι
572 5629 734 5661 Μαιιιι
788 5646 818 5661 ν
874 5629 944 5661 οε)
1080 5633 1093 5643 ‘

569 5628 759 5685 Matth.
788 5646 843 5695 ι,
874 5629 966 5684 22.
1080 5633 1093 5643 ‘

1793 5692 1997 5757 Vario:
2020 5691 2350 5756 lectiones.

498 5801 541 5834 "
574 5805 762 5872 Ὑμεῖς
797 5817 847 5856 ο.
925 5801 973 5833 ⁵⁸
998 5801 1121 5854 ἐστέ
1157 5817 1208 5856 0.
