  <div class='ocr_page' id='page_1' title='image "/cluster/home/n/w/nwhite01/storage/ocr_20150623/125/hvd.32044073502429/190.png"; bbox 0 0 4014 6208; ppageno 0'>
   <div class='ocr_carea' id='block_1_1' title="bbox 384 312 484 380">
    <p class='ocr_par' dir='ltr' id='par_1_1' title="bbox 384 312 484 380">
     <span class='ocr_line' id='line_1_1' title="bbox 384 312 484 380; baseline -0.01 0"><span class='ocrx_word' id='word_1_1' title='bbox 384 312 484 380; x_wconf 70' lang='grc'><strong>341</strong></span> 
     </span>
    </p>
   </div>
   <div class='ocr_carea' id='block_1_2' title="bbox 1137 319 2909 390">
    <p class='ocr_par' dir='ltr' id='par_1_2' title="bbox 1137 319 2909 390">
     <span class='ocr_line' id='line_1_2' title="bbox 1137 319 2909 390; baseline 0.006 -11"><span class='ocrx_word' id='word_1_2' title='bbox 1137 319 1542 383; x_wconf 74' lang='grc' dir='ltr'><strong>ΕΧΡΟΞΙἸῚΟ</strong></span> <span class='ocrx_word' id='word_1_3' title='bbox 1578 323 1660 385; x_wconf 82' lang='grc' dir='ltr'>ΙΝ</span> <span class='ocrx_word' id='word_1_4' title='bbox 1690 323 1930 385; x_wconf 83' lang='lat' dir='ltr'><strong>EPIST.</strong></span> <span class='ocrx_word' id='word_1_5' title='bbox 1965 324 2064 385; x_wconf 82' lang='lat' dir='ltr'><strong>AD</strong></span> <span class='ocrx_word' id='word_1_6' title='bbox 2094 326 2482 387; x_wconf 71' lang='grc' dir='ltr'><strong>ΗΕΒΒίΕΟΞο</strong></span> <span class='ocrx_word' id='word_1_7' title='bbox 2511 351 2581 362; x_wconf 90' lang='grc'><strong>-</strong></span> <span class='ocrx_word' id='word_1_8' title='bbox 2613 328 2772 389; x_wconf 85' lang='lat' dir='ltr'><strong>CAP.</strong></span> <span class='ocrx_word' id='word_1_9' title='bbox 2801 329 2909 390; x_wconf 81' lang='grc' dir='ltr'><strong>ΧῙ.</strong></span> 
     </span>
    </p>
   </div>
   <div class='ocr_carea' id='block_1_3' title="bbox 3545 329 3673 396">
    <p class='ocr_par' dir='ltr' id='par_1_3' title="bbox 3545 329 3673 396">
     <span class='ocr_line' id='line_1_3' title="bbox 3545 329 3673 396; baseline 0.016 -2"><span class='ocrx_word' id='word_1_10' title='bbox 3545 329 3673 396; x_wconf 63' lang='grc' dir='ltr'><strong>33όῖ</strong></span> 
     </span>
    </p>
   </div>
   <div class='ocr_carea' id='block_1_4' title="bbox 454 423 1971 510">
    <p class='ocr_par' dir='ltr' id='par_1_4' title="bbox 454 423 1967 503">
     <span class='ocr_line' id='line_1_4' title="bbox 454 423 1967 503; baseline 0.005 -25"><span class='ocrx_word' id='word_1_11' title='bbox 454 423 824 496; x_wconf 64' lang='lat' dir='ltr'><strong>Epanter</strong></span> <span class='ocrx_word' id='word_1_12' title='bbox 851 424 1096 496; x_wconf 73' lang='grc' dir='ltr'><strong>ἐλεγχος</strong></span> <span class='ocrx_word' id='word_1_13' title='bbox 1133 429 1209 482; x_wconf 81' lang='grc' dir='ltr'><strong>οὐ</strong></span> <span class='ocrx_word' id='word_1_14' title='bbox 1230 429 1649 500; x_wconf 70' lang='grc' dir='ltr'><strong>βλεπομένων.</strong></span> <span class='ocrx_word' id='word_1_15' title='bbox 1684 432 1967 503; x_wconf 80' lang='grc' dir='ltr'><strong>Ἔλεγχος,</strong></span> 
     </span>
    </p>
   </div>
   <div class='ocr_carea' id='block_1_5' title="bbox 2077 423 3647 510">
    <p class='ocr_par' dir='ltr' id='par_1_5' title="bbox 2147 436 3647 510">
     <span class='ocr_line' id='line_1_5' title="bbox 2147 436 3647 510; baseline 0.003 -20"><span class='ocrx_word' id='word_1_16' title='bbox 2147 436 2527 505; x_wconf 75' lang='lat' dir='ltr'><strong>Argumentum</strong></span> <span class='ocrx_word' id='word_1_17' title='bbox 2591 453 2696 491; x_wconf 84' lang='lat' dir='ltr'><strong>non</strong></span> <span class='ocrx_word' id='word_1_18' title='bbox 2771 439 3159 507; x_wconf 85' lang='lat' dir='ltr'><strong>apparentium.</strong></span> <span class='ocrx_word' id='word_1_19' title='bbox 3228 437 3647 510; x_wconf 77' lang='lat' dir='ltr'><strong>Argumentum,</strong></span> 
     </span>
    </p>
   </div>
   <div class='ocr_carea' id='block_1_6' title="bbox 379 514 1965 601">
    <p class='ocr_par' dir='ltr' id='par_1_6' title="bbox 379 514 1965 601">
     <span class='ocr_line' id='line_1_6' title="bbox 379 514 1965 601; baseline 0.006 -30"><span class='ocrx_word' id='word_1_20' title='bbox 379 517 666 581; x_wconf 77' lang='grc' dir='ltr'><strong>τουτέστι,</strong></span> <span class='ocrx_word' id='word_1_21' title='bbox 716 514 920 584; x_wconf 73' lang='grc' dir='ltr'><strong>δεῖξις,</strong></span> <span class='ocrx_word' id='word_1_22' title='bbox 990 517 1301 588; x_wconf 81' lang='grc' dir='ltr'><strong>φανέρωσις</strong></span> <span class='ocrx_word' id='word_1_23' title='bbox 1350 521 1565 592; x_wconf 80' lang='grc' dir='ltr'><strong>ἀδήλων</strong></span> <span class='ocrx_word' id='word_1_24' title='bbox 1597 522 1965 601; x_wconf 78' lang='grc' dir='ltr'><strong>πραγμάτων.</strong></span> 
     </span>
    </p>
   </div>
   <div class='ocr_carea' id='block_1_7' title="bbox 387 607 1963 684">
    <p class='ocr_par' dir='ltr' id='par_1_7' title="bbox 387 607 1963 684">
     <span class='ocr_line' id='line_1_7' title="bbox 387 607 1963 684; baseline 0.003 -22"><span class='ocrx_word' id='word_1_25' title='bbox 387 610 539 663; x_wconf 81' lang='grc' dir='ltr'><strong>Ποιεί</strong></span> <span class='ocrx_word' id='word_1_26' title='bbox 554 608 667 679; x_wconf 85' lang='grc' dir='ltr'><strong>γὰρ</strong></span> <span class='ocrx_word' id='word_1_27' title='bbox 688 607 866 661; x_wconf 82' lang='grc' dir='ltr'><strong>ταῦτα</strong></span> <span class='ocrx_word' id='word_1_28' title='bbox 895 607 1191 678; x_wconf 82' lang='grc' dir='ltr'><strong>βλέπεσθαι</strong></span> <span class='ocrx_word' id='word_1_29' title='bbox 1217 610 1296 682; x_wconf 83' lang='grc' dir='ltr'><strong>τῷ</strong></span> <span class='ocrx_word' id='word_1_30' title='bbox 1319 610 1395 683; x_wconf 81' lang='grc' dir='ltr'><strong>νῷ</strong></span> <span class='ocrx_word' id='word_1_31' title='bbox 1416 612 1574 684; x_wconf 79' lang='grc' dir='ltr'><strong>ἡμῶν</strong></span> <span class='ocrx_word' id='word_1_32' title='bbox 1599 614 1675 677; x_wconf 83' lang='grc' dir='ltr'><strong>ὠς</strong></span> <span class='ocrx_word' id='word_1_33' title='bbox 1697 613 1963 684; x_wconf 83' lang='grc' dir='ltr'><strong>παρόντα.</strong></span> 
     </span>
    </p>
   </div>
   <div class='ocr_carea' id='block_1_8' title="bbox 383 702 1969 778">
    <p class='ocr_par' dir='ltr' id='par_1_8' title="bbox 383 702 1969 778">
     <span class='ocr_line' id='line_1_8' title="bbox 383 702 1969 778; baseline 0.003 -21"><span class='ocrx_word' id='word_1_34' title='bbox 383 703 447 757; x_wconf 72' lang='lat' dir='ltr'><strong>Et</strong></span> <span class='ocrx_word' id='word_1_35' title='bbox 479 702 661 756; x_wconf 79' lang='grc' dir='ltr'>τοίνυν</span> <span class='ocrx_word' id='word_1_36' title='bbox 706 703 935 757; x_wconf 81' lang='grc' dir='ltr'><strong>τοιαῦτα</strong></span> <span class='ocrx_word' id='word_1_37' title='bbox 963 702 1191 759; x_wconf 82' lang='grc' dir='ltr'><strong>δύναται</strong></span> <span class='ocrx_word' id='word_1_38' title='bbox 1224 704 1257 776; x_wconf 84' lang='grc' dir='ltr'><strong>ἠ</strong></span> <span class='ocrx_word' id='word_1_39' title='bbox 1304 704 1509 773; x_wconf 82' lang='grc' dir='ltr'><strong>πίστις,</strong></span> <span class='ocrx_word' id='word_1_40' title='bbox 1559 707 1610 759; x_wconf 81' lang='grc' dir='ltr'><strong>τί</strong></span> <span class='ocrx_word' id='word_1_41' title='bbox 1647 707 1806 777; x_wconf 77' lang='grc' dir='ltr'><strong>ὑμεῖς</strong></span> <span class='ocrx_word' id='word_1_42' title='bbox 1841 707 1969 778; x_wconf 84' lang='grc' dir='ltr'><strong>βού-</strong></span> 
     </span>
    </p>
   </div>
   <div class='ocr_carea' id='block_1_9' title="bbox 382 794 1969 871">
    <p class='ocr_par' dir='ltr' id='par_1_9' title="bbox 382 794 1969 871">
     <span class='ocr_line' id='line_1_9' title="bbox 382 794 1969 871; baseline 0.005 -24"><span class='ocrx_word' id='word_1_43' title='bbox 382 794 543 848; x_wconf 84' lang='grc' dir='ltr'><strong>λεσθε</strong></span> <span class='ocrx_word' id='word_1_44' title='bbox 590 794 732 849; x_wconf 78' lang='grc' dir='ltr'><strong>αὐτὰ</strong></span> <span class='ocrx_word' id='word_1_45' title='bbox 782 796 1105 866; x_wconf 78' lang='grc' dir='ltr'><strong>πρακτικῶς</strong></span> <span class='ocrx_word' id='word_1_46' title='bbox 1129 796 1176 830; x_wconf 72' lang='grc'><strong>’⁸⁸</strong></span> <span class='ocrx_word' id='word_1_47' title='bbox 1231 797 1382 863; x_wconf 83' lang='grc' dir='ltr'><strong>ίδείν,</strong></span> <span class='ocrx_word' id='word_1_48' title='bbox 1419 798 1508 853; x_wconf 75' lang='grc' dir='ltr'><strong>ἵνα</strong></span> <span class='ocrx_word' id='word_1_49' title='bbox 1544 798 1818 871; x_wconf 70' lang='grc' dir='ltr'><strong>ἐκπέσητε</strong></span> <span class='ocrx_word' id='word_1_50' title='bbox 1866 800 1969 871; x_wconf 84' lang='grc' dir='ltr'><strong>τῆς</strong></span> 
     </span>
    </p>
   </div>
   <div class='ocr_carea' id='block_1_10' title="bbox 384 887 1967 962">
    <p class='ocr_par' dir='ltr' id='par_1_10' title="bbox 384 887 1967 962">
     <span class='ocr_line' id='line_1_10' title="bbox 384 887 1967 962; baseline 0.003 -21"><span class='ocrx_word' id='word_1_51' title='bbox 384 888 658 954; x_wconf 81' lang='grc' dir='ltr'><strong>πίστεως;</strong></span> <span class='ocrx_word' id='word_1_52' title='bbox 712 887 887 942; x_wconf 77' lang='grc' dir='ltr'><strong>Τοῦτο</strong></span> <span class='ocrx_word' id='word_1_53' title='bbox 927 888 985 942; x_wconf 72' lang='grc' dir='ltr'><strong>δὲ</strong></span> <span class='ocrx_word' id='word_1_54' title='bbox 1038 888 1192 943; x_wconf 75' lang='grc' dir='ltr'><strong>οὐδὲν</strong></span> <span class='ocrx_word' id='word_1_55' title='bbox 1241 888 1371 945; x_wconf 76' lang='grc' dir='ltr'><strong>ἄλλο</strong></span> <span class='ocrx_word' id='word_1_56' title='bbox 1418 890 1658 962; x_wconf 54' lang='lat' dir='ltr'><strong>tissimi}</strong></span> <span class='ocrx_word' id='word_1_57' title='bbox 1709 892 1967 947; x_wconf 71' lang='grc' dir='ltr'><strong>ἐκπεσεῖν</strong></span> 
     </span>
    </p>
   </div>
   <div class='ocr_carea' id='block_1_11' title="bbox 381 977 1968 1054">
    <p class='ocr_par' dir='ltr' id='par_1_11' title="bbox 381 977 1968 1054">
     <span class='ocr_line' id='line_1_11' title="bbox 381 977 1968 1054; baseline 0.004 -21"><span class='ocrx_word' id='word_1_58' title='bbox 381 980 495 1034; x_wconf 77' lang='grc' dir='ltr'><strong>ἀπὸ</strong></span> <span class='ocrx_word' id='word_1_59' title='bbox 545 979 643 1034; x_wconf 81' lang='grc' dir='ltr'><strong>τοῦ</strong></span> <span class='ocrx_word' id='word_1_60' title='bbox 689 981 889 1036; x_wconf 81' lang='grc' dir='ltr'><strong>δίκαιοι</strong></span> <span class='ocrx_word' id='word_1_61' title='bbox 936 977 1099 1037; x_wconf 76' lang='grc' dir='ltr'><strong>εἶναι.</strong></span> <span class='ocrx_word' id='word_1_62' title='bbox 1139 980 1200 1036; x_wconf 89' lang='lat'><strong>&#39;0</strong></span> <span class='ocrx_word' id='word_1_63' title='bbox 1242 981 1350 1054; x_wconf 79' lang='grc' dir='ltr'><strong>γὰρ</strong></span> <span class='ocrx_word' id='word_1_64' title='bbox 1386 983 1595 1048; x_wconf 84' lang='grc' dir='ltr'><strong>δίκαιος</strong></span> <span class='ocrx_word' id='word_1_65' title='bbox 1635 986 1701 1038; x_wconf 72' lang='grc' dir='ltr'><strong>ἐκ</strong></span> <span class='ocrx_word' id='word_1_66' title='bbox 1730 984 1968 1050; x_wconf 80' lang='grc' dir='ltr'><strong>πίστεως</strong></span> 
     </span>
    </p>
   </div>
   <div class='ocr_carea' id='block_1_12' title="bbox 384 1072 640 1142">
    <p class='ocr_par' dir='ltr' id='par_1_12' title="bbox 384 1072 640 1142">
     <span class='ocr_line' id='line_1_12' title="bbox 384 1072 640 1142; baseline 0.004 -15"><span class='ocrx_word' id='word_1_67' title='bbox 384 1072 640 1142; x_wconf 70' lang='grc' dir='ltr'><strong>ζήσεται.</strong></span> 
     </span>
    </p>
   </div>
   <div class='ocr_carea' id='block_1_13' title="bbox 453 1164 1967 1238">
    <p class='ocr_par' dir='ltr' id='par_1_13' title="bbox 453 1164 1967 1238">
     <span class='ocr_line' id='line_1_13' title="bbox 453 1164 1967 1238; baseline 0.003 -20"><span class='ocrx_word' id='word_1_68' title='bbox 453 1166 553 1219; x_wconf 78' lang='grc' dir='ltr'><strong>Ἐν</strong></span> <span class='ocrx_word' id='word_1_69' title='bbox 583 1164 742 1235; x_wconf 81' lang='grc' dir='ltr'><strong>αὐτῇ</strong></span> <span class='ocrx_word' id='word_1_70' title='bbox 770 1165 881 1236; x_wconf 76' lang='grc' dir='ltr'><strong>γὰρ</strong></span> <span class='ocrx_word' id='word_1_71' title='bbox 902 1166 1409 1236; x_wconf 80' lang='grc' dir='ltr'><strong>ἐμαρτυρήθησαν</strong></span> <span class='ocrx_word' id='word_1_72' title='bbox 1444 1171 1499 1223; x_wconf 77' lang='grc' dir='ltr'><strong>οἱ</strong></span> <span class='ocrx_word' id='word_1_73' title='bbox 1550 1169 1967 1238; x_wconf 79' lang='grc' dir='ltr'><strong>πρεσϐύτεροι.</strong></span> 
     </span>
    </p>
   </div>
   <div class='ocr_carea' id='block_1_14' title="bbox 381 1255 1968 1329">
    <p class='ocr_par' dir='ltr' id='par_1_14' title="bbox 381 1255 1968 1329">
     <span class='ocr_line' id='line_1_14' title="bbox 381 1255 1968 1329; baseline 0.001 -20"><span class='ocrx_word' id='word_1_74' title='bbox 381 1255 700 1320; x_wconf 80' lang='grc' dir='ltr'><strong>Τουτέστιν,</strong></span> <span class='ocrx_word' id='word_1_75' title='bbox 719 1257 777 1310; x_wconf 79' lang='grc' dir='ltr'><strong>ὲν</strong></span> <span class='ocrx_word' id='word_1_76' title='bbox 805 1256 942 1327; x_wconf 83' lang='grc' dir='ltr'><strong>αὐτῇ</strong></span> <span class='ocrx_word' id='word_1_77' title='bbox 971 1259 1038 1328; x_wconf 78' lang='grc' dir='ltr'><strong>τῇ</strong></span> <span class='ocrx_word' id='word_1_78' title='bbox 1083 1257 1266 1310; x_wconf 86' lang='grc' dir='ltr'><strong>πίστει</strong></span> <span class='ocrx_word' id='word_1_79' title='bbox 1316 1258 1784 1329; x_wconf 73' lang='grc' dir='ltr'><strong>ἐμαρτυρήθησαν</strong></span> <span class='ocrx_word' id='word_1_80' title='bbox 1814 1257 1968 1327; x_wconf 85' lang='grc' dir='ltr'><strong>παρὰ</strong></span> 
     </span>
    </p>
   </div>
   <div class='ocr_carea' id='block_1_15' title="bbox 379 1346 1969 1422">
    <p class='ocr_par' dir='ltr' id='par_1_15' title="bbox 379 1346 1969 1422">
     <span class='ocr_line' id='line_1_15' title="bbox 379 1346 1969 1422; baseline 0.001 -21"><span class='ocrx_word' id='word_1_81' title='bbox 379 1346 483 1402; x_wconf 78' lang='grc' dir='ltr'><strong>τοῦ</strong></span> <span class='ocrx_word' id='word_1_82' title='bbox 524 1348 665 1402; x_wconf 87' lang='grc' dir='ltr'><strong>Θεοῦ</strong></span> <span class='ocrx_word' id='word_1_83' title='bbox 730 1349 781 1401; x_wconf 81' lang='lat' dir='ltr'><strong>ot</strong></span> <span class='ocrx_word' id='word_1_84' title='bbox 833 1348 1056 1402; x_wconf 76' lang='grc' dir='ltr'><strong>παλαιοὶ</strong></span> <span class='ocrx_word' id='word_1_85' title='bbox 1103 1350 1338 1414; x_wconf 83' lang='grc' dir='ltr'><strong>πάντες’</strong></span> <span class='ocrx_word' id='word_1_86' title='bbox 1368 1349 1832 1422; x_wconf 79' lang='grc' dir='ltr'><strong>ιώμολαγήθησαν</strong></span> <span class='ocrx_word' id='word_1_87' title='bbox 1884 1352 1969 1405; x_wconf 86' lang='grc' dir='ltr'><strong>ὅτι</strong></span> 
     </span>
    </p>
   </div>
   <div class='ocr_carea' id='block_1_16' title="bbox 383 1437 975 1509">
    <p class='ocr_par' dir='ltr' id='par_1_16' title="bbox 383 1437 975 1509">
     <span class='ocr_line' id='line_1_16' title="bbox 383 1437 975 1509; baseline 0.005 -17"><span class='ocrx_word' id='word_1_88' title='bbox 383 1437 761 1509; x_wconf 68' lang='grc' dir='ltr'><strong>ἑθεράπευσαν</strong></span> <span class='ocrx_word' id='word_1_89' title='bbox 789 1440 975 1495; x_wconf 80' lang='grc' dir='ltr'><strong>αὐτόν.</strong></span> 
     </span>
    </p>
   </div>
   <div class='ocr_carea' id='block_1_17' title="bbox 454 1533 1969 1607">
    <p class='ocr_par' dir='ltr' id='par_1_17' title="bbox 454 1533 1969 1607">
     <span class='ocr_line' id='line_1_17' title="bbox 454 1533 1969 1607; baseline 0.005 -22"><span class='ocrx_word' id='word_1_90' title='bbox 454 1533 667 1587; x_wconf 78' lang='grc' dir='ltr'><strong>Πίστει</strong></span> <span class='ocrx_word' id='word_1_91' title='bbox 699 1533 961 1604; x_wconf 76' lang='grc' dir='ltr'><strong>νοοῦμεν</strong></span> <span class='ocrx_word' id='word_1_92' title='bbox 1008 1536 1400 1606; x_wconf 78' lang='grc' dir='ltr'><strong>κατηρτίσθαι</strong></span> <span class='ocrx_word' id='word_1_93' title='bbox 1434 1536 1576 1604; x_wconf 86' lang='grc' dir='ltr'><strong>τοὺς</strong></span> <span class='ocrx_word' id='word_1_94' title='bbox 1600 1536 1822 1604; x_wconf 65' lang='grc' dir='ltr'><strong>αἰῶνας</strong></span> <span class='ocrx_word' id='word_1_95' title='bbox 1842 1539 1969 1607; x_wconf 75' lang='grc' dir='ltr'><strong>ῥή-</strong></span> 
     </span>
    </p>
   </div>
   <div class='ocr_carea' id='block_1_18' title="bbox 377 1626 1968 1699">
    <p class='ocr_par' dir='ltr' id='par_1_18' title="bbox 377 1626 1968 1699">
     <span class='ocr_line' id='line_1_18' title="bbox 377 1626 1968 1699; baseline 0.003 -20"><span class='ocrx_word' id='word_1_96' title='bbox 377 1643 525 1695; x_wconf 79' lang='grc' dir='ltr'><strong>ματι</strong></span> <span class='ocrx_word' id='word_1_97' title='bbox 553 1626 727 1692; x_wconf 80' lang='grc' dir='ltr'><strong>Θεοῦ,</strong></span> <span class='ocrx_word' id='word_1_98' title='bbox 753 1630 841 1693; x_wconf 86' lang='grc' dir='ltr'><strong>είς</strong></span> <span class='ocrx_word' id='word_1_99' title='bbox 872 1628 939 1681; x_wconf 90' lang='grc' dir='ltr'><strong>τὸ</strong></span> <span class='ocrx_word' id='word_1_100' title='bbox 966 1629 1049 1697; x_wconf 81' lang='grc' dir='ltr'><strong>μὴ</strong></span> <span class='ocrx_word' id='word_1_101' title='bbox 1072 1629 1142 1682; x_wconf 74' lang='grc' dir='ltr'><strong>ἐκ</strong></span> <span class='ocrx_word' id='word_1_102' title='bbox 1179 1628 1563 1699; x_wconf 73' lang='grc' dir='ltr'><strong>φαινομένων</strong></span> <span class='ocrx_word' id='word_1_103' title='bbox 1619 1631 1692 1684; x_wconf 85' lang='grc' dir='ltr'><strong>τὰ</strong></span> <span class='ocrx_word' id='word_1_104' title='bbox 1735 1631 1968 1694; x_wconf 73' lang='grc' dir='ltr'><strong>,βλεπόο</strong></span> 
     </span>
    </p>
   </div>
   <div class='ocr_carea' id='block_1_19' title="bbox 378 1718 1968 1793">
    <p class='ocr_par' dir='ltr' id='par_1_19' title="bbox 378 1718 1968 1793">
     <span class='ocr_line' id='line_1_19' title="bbox 378 1718 1968 1793; baseline 0.003 -21"><span class='ocrx_word' id='word_1_105' title='bbox 378 1735 537 1790; x_wconf 76' lang='grc' dir='ltr'><strong>μενα</strong></span> <span class='ocrx_word' id='word_1_106' title='bbox 562 1718 895 1789; x_wconf 77' lang='grc' dir='ltr'><strong>γεγονέναι.</strong></span> <span class='ocrx_word' id='word_1_107' title='bbox 931 1720 1152 1792; x_wconf 84' lang='grc' dir='ltr'><strong>Ἐπειδὴ</strong></span> <span class='ocrx_word' id='word_1_108' title='bbox 1174 1721 1208 1792; x_wconf 82' lang='grc' dir='ltr'>ἠ</span> <span class='ocrx_word' id='word_1_109' title='bbox 1232 1722 1416 1784; x_wconf 84' lang='grc' dir='ltr'><strong>πίστις</strong></span> <span class='ocrx_word' id='word_1_110' title='bbox 1442 1721 1789 1776; x_wconf 72' lang='grc' dir='ltr'><strong>διαδάλλεται</strong></span> <span class='ocrx_word' id='word_1_111' title='bbox 1815 1722 1968 1793; x_wconf 74' lang='grc' dir='ltr'><strong>παρὰ</strong></span> 
     </span>
    </p>
   </div>
   <div class='ocr_carea' id='block_1_20' title="bbox 2076 525 3648 596">
    <p class='ocr_par' dir='ltr' id='par_1_20' title="bbox 2076 525 3648 596">
     <span class='ocr_line' id='line_1_20' title="bbox 2076 525 3648 596; baseline 0.005 -16"><span class='ocrx_word' id='word_1_112' title='bbox 2076 525 2232 596; x_wconf 77' lang='lat'><strong>731</strong></span> <span class='ocrx_word' id='word_1_113' title='bbox 2271 526 2374 581; x_wconf 83' lang='lat' dir='ltr'><strong>hoc</strong></span> <span class='ocrx_word' id='word_1_114' title='bbox 2394 534 2496 592; x_wconf 86' lang='lat' dir='ltr'><strong>est,</strong></span> <span class='ocrx_word' id='word_1_115' title='bbox 2525 525 2920 583; x_wconf 86' lang='lat' dir='ltr'><strong>demonstratio</strong></span> <span class='ocrx_word' id='word_1_116' title='bbox 2964 537 3017 582; x_wconf 91' lang='lat' dir='ltr'><strong>et</strong></span> <span class='ocrx_word' id='word_1_117' title='bbox 3058 527 3428 591; x_wconf 85' lang='lat' dir='ltr'><strong>manifestatio</strong></span> <span class='ocrx_word' id='word_1_118' title='bbox 3464 547 3648 588; x_wconf 86' lang='lat' dir='ltr'><strong>rerum</strong></span> 
     </span>
    </p>
   </div>
   <div class='ocr_carea' id='block_1_21' title="bbox 2074 618 3647 688">
    <p class='ocr_par' dir='ltr' id='par_1_21' title="bbox 2074 618 3647 688">
     <span class='ocr_line' id='line_1_21' title="bbox 2074 618 3647 688; baseline 0.004 -17"><span class='ocrx_word' id='word_1_119' title='bbox 2074 632 2194 686; x_wconf 69' lang='lat' dir='ltr'><strong>quae</strong></span> <span class='ocrx_word' id='word_1_120' title='bbox 2226 631 2334 671; x_wconf 84' lang='lat' dir='ltr'><strong>non</strong></span> <span class='ocrx_word' id='word_1_121' title='bbox 2354 626 2483 673; x_wconf 91' lang='lat' dir='ltr'><strong>sunt</strong></span> <span class='ocrx_word' id='word_1_122' title='bbox 2518 618 2850 688; x_wconf 67' lang='lat' dir='ltr'><strong>conspicuae.</strong></span> <span class='ocrx_word' id='word_1_123' title='bbox 2881 618 3032 673; x_wconf 83' lang='lat' dir='ltr'><strong>Facit</strong></span> <span class='ocrx_word' id='word_1_124' title='bbox 3066 619 3211 673; x_wconf 89' lang='lat' dir='ltr'><strong>enim</strong></span> <span class='ocrx_word' id='word_1_125' title='bbox 3239 627 3296 674; x_wconf 94' lang='lat' dir='ltr'><strong>ut</strong></span> <span class='ocrx_word' id='word_1_126' title='bbox 3330 619 3434 675; x_wconf 89' lang='lat' dir='ltr'><strong>ista</strong></span> <span class='ocrx_word' id='word_1_127' title='bbox 3467 632 3647 678; x_wconf 90' lang='lat' dir='ltr'><strong>mente</strong></span> 
     </span>
    </p>
   </div>
   <div class='ocr_carea' id='block_1_22' title="bbox 2075 710 3651 780">
    <p class='ocr_par' dir='ltr' id='par_1_22' title="bbox 2075 710 3651 780">
     <span class='ocr_line' id='line_1_22' title="bbox 2075 710 3651 780; baseline 0.004 -19"><span class='ocrx_word' id='word_1_128' title='bbox 2075 716 2266 762; x_wconf 84' lang='lat' dir='ltr'><strong>nostra</strong></span> <span class='ocrx_word' id='word_1_129' title='bbox 2308 724 2621 773; x_wconf 89' lang='lat' dir='ltr'><strong>cernamus,</strong></span> <span class='ocrx_word' id='word_1_130' title='bbox 2669 710 2815 765; x_wconf 95' lang='lat' dir='ltr'><strong>haud</strong></span> <span class='ocrx_word' id='word_1_131' title='bbox 2855 725 3015 766; x_wconf 90' lang='lat' dir='ltr'><strong>secus</strong></span> <span class='ocrx_word' id='word_1_132' title='bbox 3046 725 3109 764; x_wconf 88' lang='lat' dir='ltr'><strong>ac</strong></span> <span class='ocrx_word' id='word_1_133' title='bbox 3142 710 3188 765; x_wconf 89' lang='lat' dir='ltr'><strong>si</strong></span> <span class='ocrx_word' id='word_1_134' title='bbox 3224 713 3514 780; x_wconf 72' lang='lat' dir='ltr'><strong>przcsentia</strong></span> <span class='ocrx_word' id='word_1_135' title='bbox 3564 730 3651 769; x_wconf 82' lang='lat' dir='ltr'><strong>es-</strong></span> 
     </span>
    </p>
   </div>
   <div class='ocr_carea' id='block_1_23' title="bbox 2074 798 3650 871">
    <p class='ocr_par' dir='ltr' id='par_1_23' title="bbox 2074 798 3650 871">
     <span class='ocr_line' id='line_1_23' title="bbox 2074 798 3650 871; baseline 0.003 -18"><span class='ocrx_word' id='word_1_136' title='bbox 2074 806 2218 854; x_wconf 89' lang='lat' dir='ltr'><strong>sent.</strong></span> <span class='ocrx_word' id='word_1_137' title='bbox 2247 798 2303 852; x_wconf 86' lang='lat' dir='ltr'><strong>Si</strong></span> <span class='ocrx_word' id='word_1_138' title='bbox 2335 798 2504 870; x_wconf 75' lang='lat' dir='ltr'><strong>igitur</strong></span> <span class='ocrx_word' id='word_1_139' title='bbox 2535 801 2663 854; x_wconf 89' lang='lat' dir='ltr'><strong>talia</strong></span> <span class='ocrx_word' id='word_1_140' title='bbox 2686 808 2865 870; x_wconf 89' lang='lat' dir='ltr'><strong>potest</strong></span> <span class='ocrx_word' id='word_1_141' title='bbox 2897 799 3054 865; x_wconf 90' lang='lat' dir='ltr'><strong>fides,</strong></span> <span class='ocrx_word' id='word_1_142' title='bbox 3082 802 3210 871; x_wconf 86' lang='lat' dir='ltr'><strong>quid</strong></span> <span class='ocrx_word' id='word_1_143' title='bbox 3250 818 3345 858; x_wconf 86' lang='lat' dir='ltr'><strong>vos</strong></span> <span class='ocrx_word' id='word_1_144' title='bbox 3376 817 3436 856; x_wconf 88' lang='lat' dir='ltr'><strong>ea</strong></span> <span class='ocrx_word' id='word_1_145' title='bbox 3464 814 3650 858; x_wconf 86' lang='lat' dir='ltr'><strong>actua-</strong></span> 
     </span>
    </p>
   </div>
   <div class='ocr_carea' id='block_1_24' title="bbox 2076 891 3653 962">
    <p class='ocr_par' dir='ltr' id='par_1_24' title="bbox 2076 891 3653 962">
     <span class='ocr_line' id='line_1_24' title="bbox 2076 891 3653 962; baseline 0.004 -16"><span class='ocrx_word' id='word_1_146' title='bbox 2076 891 2200 947; x_wconf 90' lang='lat' dir='ltr'><strong>liter</strong></span> <span class='ocrx_word' id='word_1_147' title='bbox 2227 892 2413 948; x_wconf 89' lang='lat' dir='ltr'><strong>videre</strong></span> <span class='ocrx_word' id='word_1_148' title='bbox 2451 892 2647 960; x_wconf 73' lang='lat' dir='ltr'><strong>velitis,</strong></span> <span class='ocrx_word' id='word_1_149' title='bbox 2680 900 2740 947; x_wconf 90' lang='lat' dir='ltr'><strong>ut</strong></span> <span class='ocrx_word' id='word_1_150' title='bbox 2765 892 3031 950; x_wconf 83' lang='lat' dir='ltr'><strong>excidatis</strong></span> <span class='ocrx_word' id='word_1_151' title='bbox 3081 910 3111 948; x_wconf 86' lang='lat' dir='ltr'><strong>a</strong></span> <span class='ocrx_word' id='word_1_152' title='bbox 3152 893 3295 949; x_wconf 85' lang='lat' dir='ltr'><strong>fide?</strong></span> <span class='ocrx_word' id='word_1_153' title='bbox 3325 893 3478 962; x_wconf 84' lang='lat' dir='ltr'><strong>Quod</strong></span> <span class='ocrx_word' id='word_1_154' title='bbox 3519 913 3653 953; x_wconf 88' lang='lat' dir='ltr'><strong>sane</strong></span> 
     </span>
    </p>
   </div>
   <div class='ocr_carea' id='block_1_25' title="bbox 2076 984 3652 1056">
    <p class='ocr_par' dir='ltr' id='par_1_25' title="bbox 2076 984 3652 1056">
     <span class='ocr_line' id='line_1_25' title="bbox 2076 984 3652 1056; baseline 0.003 -17"><span class='ocrx_word' id='word_1_155' title='bbox 2076 984 2212 1039; x_wconf 90' lang='lat' dir='ltr'><strong>nihil</strong></span> <span class='ocrx_word' id='word_1_156' title='bbox 2257 991 2343 1040; x_wconf 87' lang='lat' dir='ltr'><strong>est</strong></span> <span class='ocrx_word' id='word_1_157' title='bbox 2394 984 2541 1041; x_wconf 84' lang='lat' dir='ltr'><strong>aliud</strong></span> <span class='ocrx_word' id='word_1_158' title='bbox 2583 1000 2748 1056; x_wconf 88' lang='lat' dir='ltr'><strong>quam</strong></span> <span class='ocrx_word' id='word_1_159' title='bbox 2807 985 3060 1041; x_wconf 78' lang='lat' dir='ltr'><strong>excidere</strong></span> <span class='ocrx_word' id='word_1_160' title='bbox 3105 999 3138 1040; x_wconf 83' lang='lat' dir='ltr'><strong>a</strong></span> <span class='ocrx_word' id='word_1_161' title='bbox 3172 986 3410 1056; x_wconf 86' lang='lat' dir='ltr'><strong>justitia.</strong></span> <span class='ocrx_word' id='word_1_162' title='bbox 3459 986 3652 1043; x_wconf 85' lang='lat' dir='ltr'><strong>Justus</strong></span> 
     </span>
    </p>
   </div>
   <div class='ocr_carea' id='block_1_26' title="bbox 2073 1077 2656 1133">
    <p class='ocr_par' dir='ltr' id='par_1_26' title="bbox 2073 1077 2656 1133">
     <span class='ocr_line' id='line_1_26' title="bbox 2073 1077 2656 1133; baseline -0.003 -1"><span class='ocrx_word' id='word_1_163' title='bbox 2073 1077 2219 1132; x_wconf 88' lang='lat' dir='ltr'><strong>enim</strong></span> <span class='ocrx_word' id='word_1_164' title='bbox 2251 1092 2315 1131; x_wconf 83' lang='lat' dir='ltr'><strong>ex</strong></span> <span class='ocrx_word' id='word_1_165' title='bbox 2352 1077 2458 1133; x_wconf 87' lang='lat' dir='ltr'><strong>fide</strong></span> <span class='ocrx_word' id='word_1_166' title='bbox 2491 1078 2656 1132; x_wconf 74' lang='lat' dir='ltr'><strong>vivet.</strong></span> 
     </span>
    </p>
   </div>
   <div class='ocr_carea' id='block_1_27' title="bbox 2146 1168 3649 1240">
    <p class='ocr_par' dir='ltr' id='par_1_27' title="bbox 2146 1168 3649 1240">
     <span class='ocr_line' id='line_1_27' title="bbox 2146 1168 3649 1240; baseline -0.003 -16"><span class='ocrx_word' id='word_1_167' title='bbox 2146 1168 2315 1227; x_wconf 71' lang='lat' dir='ltr'><strong>Vens.</strong></span> <span class='ocrx_word' id='word_1_168' title='bbox 2349 1170 2405 1224; x_wconf 59' lang='grc' dir='ltr'><strong>οὶ.</strong></span> <span class='ocrx_word' id='word_1_169' title='bbox 2445 1170 2506 1225; x_wconf 82' lang='lat' dir='ltr'><strong>In</strong></span> <span class='ocrx_word' id='word_1_170' title='bbox 2538 1172 2656 1240; x_wconf 84' lang='lat' dir='ltr'><strong>ipsa</strong></span> <span class='ocrx_word' id='word_1_171' title='bbox 2681 1172 2822 1225; x_wconf 83' lang='lat' dir='ltr'><strong>enim</strong></span> <span class='ocrx_word' id='word_1_172' title='bbox 2846 1169 3205 1224; x_wconf 83' lang='lat' dir='ltr'><strong>testimonium</strong></span> <span class='ocrx_word' id='word_1_173' title='bbox 3234 1170 3502 1222; x_wconf 77' lang='lat' dir='ltr'><strong>consecuti</strong></span> <span class='ocrx_word' id='word_1_174' title='bbox 3526 1178 3649 1222; x_wconf 82' lang='lat' dir='ltr'><strong>sunt</strong></span> 
     </span>
    </p>
   </div>
   <div class='ocr_carea' id='block_1_28' title="bbox 2075 1261 3648 1334">
    <p class='ocr_par' dir='ltr' id='par_1_28' title="bbox 2075 1261 3648 1334">
     <span class='ocr_line' id='line_1_28' title="bbox 2075 1261 3648 1334; baseline -0.003 -16"><span class='ocrx_word' id='word_1_175' title='bbox 2075 1262 2333 1318; x_wconf 84' lang='lat' dir='ltr'><strong>seniores.</strong></span> <span class='ocrx_word' id='word_1_176' title='bbox 2366 1261 2482 1319; x_wconf 85' lang='lat' dir='ltr'><strong>Hoc</strong></span> <span class='ocrx_word' id='word_1_177' title='bbox 2501 1270 2607 1327; x_wconf 89' lang='lat' dir='ltr'><strong>est,</strong></span> <span class='ocrx_word' id='word_1_178' title='bbox 2636 1263 2690 1318; x_wconf 92' lang='lat' dir='ltr'><strong>in</strong></span> <span class='ocrx_word' id='word_1_179' title='bbox 2721 1263 2838 1334; x_wconf 89' lang='lat' dir='ltr'><strong>ipsa</strong></span> <span class='ocrx_word' id='word_1_180' title='bbox 2874 1261 2978 1318; x_wconf 82' lang='lat' dir='ltr'><strong>fide</strong></span> <span class='ocrx_word' id='word_1_181' title='bbox 3002 1262 3378 1317; x_wconf 89' lang='lat' dir='ltr'><strong>testimonium</strong></span> <span class='ocrx_word' id='word_1_182' title='bbox 3410 1263 3648 1317; x_wconf 89' lang='lat' dir='ltr'><strong>assecuti</strong></span> 
     </span>
    </p>
   </div>
   <div class='ocr_carea' id='block_1_29' title="bbox 2073 1351 3649 1423">
    <p class='ocr_par' dir='ltr' id='par_1_29' title="bbox 2073 1351 3649 1423">
     <span class='ocr_line' id='line_1_29' title="bbox 2073 1351 3649 1423; baseline -0.001 -13"><span class='ocrx_word' id='word_1_183' title='bbox 2073 1361 2202 1410; x_wconf 87' lang='lat' dir='ltr'><strong>sunt</strong></span> <span class='ocrx_word' id='word_1_184' title='bbox 2222 1369 2415 1411; x_wconf 90' lang='lat' dir='ltr'><strong>omnes</strong></span> <span class='ocrx_word' id='word_1_185' title='bbox 2456 1363 2670 1410; x_wconf 83' lang='lat' dir='ltr'><strong>veteres</strong></span> <span class='ocrx_word' id='word_1_186' title='bbox 2698 1369 2730 1409; x_wconf 89' lang='lat' dir='ltr'><strong>a</strong></span> <span class='ocrx_word' id='word_1_187' title='bbox 2766 1353 2898 1421; x_wconf 85' lang='lat' dir='ltr'><strong>Deo,</strong></span> <span class='ocrx_word' id='word_1_188' title='bbox 2935 1367 3001 1408; x_wconf 87' lang='lat' dir='ltr'><strong>ac</strong></span> <span class='ocrx_word' id='word_1_189' title='bbox 3041 1351 3289 1409; x_wconf 75' lang='lat' dir='ltr'><strong>confessi</strong></span> <span class='ocrx_word' id='word_1_190' title='bbox 3328 1360 3458 1407; x_wconf 88' lang='lat' dir='ltr'><strong>sunt</strong></span> <span class='ocrx_word' id='word_1_191' title='bbox 3502 1352 3649 1423; x_wconf 88' lang='lat' dir='ltr'><strong>quod</strong></span> 
     </span>
    </p>
   </div>
   <div class='ocr_carea' id='block_1_30' title="bbox 2075 1443 2893 1515">
    <p class='ocr_par' dir='ltr' id='par_1_30' title="bbox 2075 1443 2893 1515">
     <span class='ocr_line' id='line_1_30' title="bbox 2075 1443 2893 1515; baseline -0.001 -15"><span class='ocrx_word' id='word_1_192' title='bbox 2075 1459 2201 1500; x_wconf 87' lang='lat' dir='ltr'><strong>eum</strong></span> <span class='ocrx_word' id='word_1_193' title='bbox 2225 1443 2519 1499; x_wconf 80' lang='lat' dir='ltr'><strong>coluerint.</strong></span> <span class='ocrx_word' id='word_1_194' title='bbox 2890 1514 2893 1515; x_wconf 17' lang='grc' dir='ltr'><em>ν</em></span> 
     </span>
    </p>
   </div>
   <div class='ocr_carea' id='block_1_31' title="bbox 2145 1533 3651 1609">
    <p class='ocr_par' dir='ltr' id='par_1_31' title="bbox 2145 1533 3651 1609">
     <span class='ocr_line' id='line_1_31' title="bbox 2145 1533 3651 1609; baseline -0.002 -18"><span class='ocrx_word' id='word_1_195' title='bbox 2145 1535 2385 1593; x_wconf 75' lang='lat' dir='ltr'><strong>Vans.5.</strong></span> <span class='ocrx_word' id='word_1_196' title='bbox 2410 1536 2542 1593; x_wconf 78' lang='lat' dir='ltr'><strong>Fide</strong></span> <span class='ocrx_word' id='word_1_197' title='bbox 2570 1538 2915 1609; x_wconf 73' lang='lat' dir='ltr'><strong>intelligimus</strong></span> <span class='ocrx_word' id='word_1_198' title='bbox 2938 1548 3121 1607; x_wconf 84' lang='lat' dir='ltr'><strong>aptata</strong></span> <span class='ocrx_word' id='word_1_199' title='bbox 3143 1554 3254 1591; x_wconf 79' lang='lat' dir='ltr'><strong>esse</strong></span> <span class='ocrx_word' id='word_1_200' title='bbox 3275 1536 3472 1590; x_wconf 75' lang='lat' dir='ltr'><strong>swcula</strong></span> <span class='ocrx_word' id='word_1_201' title='bbox 3500 1533 3651 1589; x_wconf 78' lang='lat' dir='ltr'><strong>verba</strong></span> 
     </span>
    </p>
   </div>
   <div class='ocr_carea' id='block_1_32' title="bbox 2075 1626 3653 1695">
    <p class='ocr_par' dir='ltr' id='par_1_32' title="bbox 2075 1626 3653 1695">
     <span class='ocr_line' id='line_1_32' title="bbox 2075 1626 3653 1695; baseline -0.001 -14"><span class='ocrx_word' id='word_1_202' title='bbox 2075 1626 2194 1692; x_wconf 89' lang='lat' dir='ltr'><strong>Dei,</strong></span> <span class='ocrx_word' id='word_1_203' title='bbox 2232 1638 2290 1681; x_wconf 90' lang='lat' dir='ltr'><strong>ut</strong></span> <span class='ocrx_word' id='word_1_204' title='bbox 2335 1643 2401 1683; x_wconf 76' lang='lat' dir='ltr'><strong>ea:</strong></span> <span class='ocrx_word' id='word_1_205' title='bbox 2447 1628 2806 1683; x_wconf 86' lang='lat' dir='ltr'><strong>invisibilibus</strong></span> <span class='ocrx_word' id='word_1_206' title='bbox 2836 1627 3065 1682; x_wconf 79' lang='lat' dir='ltr'><strong>visibilia</strong></span> <span class='ocrx_word' id='word_1_207' title='bbox 3095 1629 3304 1695; x_wconf 78' lang='lat' dir='ltr'><strong>ﬁerent.</strong></span> <span class='ocrx_word' id='word_1_208' title='bbox 3333 1626 3473 1692; x_wconf 86' lang='lat' dir='ltr'><strong>Quia</strong></span> <span class='ocrx_word' id='word_1_209' title='bbox 3519 1626 3653 1680; x_wconf 78' lang='lat' dir='ltr'><strong>fidus</strong></span> 
     </span>
    </p>
   </div>
   <div class='ocr_carea' id='block_1_33' title="bbox 2076 1717 3653 1791">
    <p class='ocr_par' dir='ltr' id='par_1_33' title="bbox 2076 1717 3653 1791">
     <span class='ocr_line' id='line_1_33' title="bbox 2076 1717 3653 1791; baseline -0.001 -19"><span class='ocrx_word' id='word_1_210' title='bbox 2076 1719 2501 1789; x_wconf 85' lang='lat' dir='ltr'><strong>reprehenditur</strong></span> <span class='ocrx_word' id='word_1_211' title='bbox 2534 1735 2598 1774; x_wconf 91' lang='lat' dir='ltr'><strong>ac</strong></span> <span class='ocrx_word' id='word_1_212' title='bbox 2631 1719 2701 1775; x_wconf 87' lang='lat' dir='ltr'><strong>iis</strong></span> <span class='ocrx_word' id='word_1_213' title='bbox 2727 1719 2822 1791; x_wconf 89' lang='lat' dir='ltr'><strong>qui</strong></span> <span class='ocrx_word' id='word_1_214' title='bbox 2860 1719 3156 1789; x_wconf 87' lang='lat' dir='ltr'><strong>potentiam</strong></span> <span class='ocrx_word' id='word_1_215' title='bbox 3195 1718 3314 1788; x_wconf 86' lang='lat' dir='ltr'><strong>ejus</strong></span> <span class='ocrx_word' id='word_1_216' title='bbox 3345 1733 3455 1772; x_wconf 92' lang='lat' dir='ltr'><strong>non</strong></span> <span class='ocrx_word' id='word_1_217' title='bbox 3494 1717 3653 1771; x_wconf 81' lang='lat' dir='ltr'><strong>intel-</strong></span> 
     </span>
    </p>
   </div>
   <div class='ocr_carea' id='block_1_34' title="bbox 382 1809 1971 1885">
    <p class='ocr_par' dir='ltr' id='par_1_34' title="bbox 382 1810 1967 1885">
     <span class='ocr_line' id='line_1_34' title="bbox 382 1810 1967 1885; baseline 0.004 -22"><span class='ocrx_word' id='word_1_218' title='bbox 382 1814 499 1874; x_wconf 78' lang='grc' dir='ltr'><strong>τοῖς</strong></span> <span class='ocrx_word' id='word_1_219' title='bbox 541 1811 617 1882; x_wconf 79' lang='grc' dir='ltr'><strong>μὴ</strong></span> <span class='ocrx_word' id='word_1_220' title='bbox 642 1810 827 1867; x_wconf 80' lang='grc' dir='ltr'><strong>νοοῦσι</strong></span> <span class='ocrx_word' id='word_1_221' title='bbox 857 1812 956 1884; x_wconf 81' lang='grc' dir='ltr'><strong>τὴν</strong></span> <span class='ocrx_word' id='word_1_222' title='bbox 988 1812 1219 1883; x_wconf 81' lang='grc' dir='ltr'><strong>δύναμιν</strong></span> <span class='ocrx_word' id='word_1_223' title='bbox 1270 1814 1464 1885; x_wconf 80' lang='grc' dir='ltr'><strong>αὐτῆς,</strong></span> <span class='ocrx_word' id='word_1_224' title='bbox 1511 1816 1747 1884; x_wconf 78' lang='grc' dir='ltr'><strong>πρᾶγμα</strong></span> <span class='ocrx_word' id='word_1_225' title='bbox 1764 1814 1967 1869; x_wconf 78' lang='grc' dir='ltr'><strong>ἀναπόσ</strong></span> 
     </span>
    </p>
   </div>
   <div class='ocr_carea' id='block_1_35' title="bbox 2077 1809 3656 1885">
    <p class='ocr_par' dir='ltr' id='par_1_35' title="bbox 2077 1809 3656 1881">
     <span class='ocr_line' id='line_1_35' title="bbox 2077 1809 3656 1881; baseline -0.001 -17"><span class='ocrx_word' id='word_1_226' title='bbox 2077 1809 2268 1881; x_wconf 79' lang='lat' dir='ltr'><strong>figunt,</strong></span> <span class='ocrx_word' id='word_1_227' title='bbox 2294 1812 2386 1880; x_wconf 85' lang='lat' dir='ltr'><strong>qui</strong></span> <span class='ocrx_word' id='word_1_228' title='bbox 2420 1820 2740 1867; x_wconf 84' lang='lat' dir='ltr'><strong>asseverant</strong></span> <span class='ocrx_word' id='word_1_229' title='bbox 2778 1826 2898 1866; x_wconf 86' lang='lat' dir='ltr'><strong>eam</strong></span> <span class='ocrx_word' id='word_1_230' title='bbox 2948 1825 3072 1866; x_wconf 89' lang='lat' dir='ltr'><strong>esse</strong></span> <span class='ocrx_word' id='word_1_231' title='bbox 3103 1825 3217 1865; x_wconf 89' lang='lat' dir='ltr'><strong>rem</strong></span> <span class='ocrx_word' id='word_1_232' title='bbox 3249 1809 3656 1865; x_wconf 85' lang='lat' dir='ltr'><strong>indcmonstra-</strong></span> 
     </span>
    </p>
   </div>
   <div class='ocr_carea' id='block_1_36' title="bbox 381 1903 1970 1976">
    <p class='ocr_par' dir='ltr' id='par_1_36' title="bbox 381 1903 1970 1976">
     <span class='ocr_line' id='line_1_36' title="bbox 381 1903 1970 1976; baseline 0.003 -20"><span class='ocrx_word' id='word_1_233' title='bbox 381 1905 597 1958; x_wconf 84' lang='grc' dir='ltr'><strong>δεικτον</strong></span> <span class='ocrx_word' id='word_1_234' title='bbox 632 1904 803 1975; x_wconf 77' lang='grc' dir='ltr'><strong>αὐτὴν</strong></span> <span class='ocrx_word' id='word_1_235' title='bbox 823 1903 1044 1974; x_wconf 79' lang='grc' dir='ltr'><strong>λέγουσι</strong></span> <span class='ocrx_word' id='word_1_236' title='bbox 1063 1946 1077 1968; x_wconf 85' lang='grc'><strong>,</strong></span> <span class='ocrx_word' id='word_1_237' title='bbox 1107 1904 1204 1959; x_wconf 74' lang='grc' dir='ltr'><strong>καὶ</strong></span> <span class='ocrx_word' id='word_1_238' title='bbox 1240 1904 1458 1976; x_wconf 82' lang='grc' dir='ltr'><strong>ἀπάτην</strong></span> <span class='ocrx_word' id='word_1_239' title='bbox 1496 1905 1801 1976; x_wconf 70' lang='grc' dir='ltr'><strong>πρόδηλον’,</strong></span> <span class='ocrx_word' id='word_1_240' title='bbox 1861 1904 1970 1960; x_wconf 86' lang='grc' dir='ltr'><strong>δεί-</strong></span> 
     </span>
    </p>
   </div>
   <div class='ocr_carea' id='block_1_37' title="bbox 384 1995 1968 2067">
    <p class='ocr_par' dir='ltr' id='par_1_37' title="bbox 384 1995 1968 2067">
     <span class='ocr_line' id='line_1_37' title="bbox 384 1995 1968 2067; baseline 0.001 -18"><span class='ocrx_word' id='word_1_241' title='bbox 384 2012 599 2062; x_wconf 82' lang='grc' dir='ltr'><strong>κνυσιν,</strong></span> <span class='ocrx_word' id='word_1_242' title='bbox 627 1998 711 2050; x_wconf 78' lang='grc' dir='ltr'><strong>ὅτι</strong></span> <span class='ocrx_word' id='word_1_243' title='bbox 738 1995 810 2049; x_wconf 73' lang='grc' dir='ltr'><strong>τὰ</strong></span> <span class='ocrx_word' id='word_1_244' title='bbox 845 1996 1087 2067; x_wconf 71' lang='grc' dir='ltr'><strong>μέγισταξ</strong></span> <span class='ocrx_word' id='word_1_245' title='bbox 1109 1995 1198 2051; x_wconf 84' lang='grc' dir='ltr'><strong>διὰ</strong></span> <span class='ocrx_word' id='word_1_246' title='bbox 1229 1996 1496 2065; x_wconf 84' lang='grc' dir='ltr'><strong>πίστεως,</strong></span> <span class='ocrx_word' id='word_1_247' title='bbox 1534 1997 1627 2050; x_wconf 72' lang='grc' dir='ltr'><strong>καὶ</strong></span> <span class='ocrx_word' id='word_1_248' title='bbox 1653 1996 1714 2050; x_wconf 81' lang='grc' dir='ltr'><strong>οὐ</strong></span> <span class='ocrx_word' id='word_1_249' title='bbox 1742 1995 1834 2050; x_wconf 82' lang='grc' dir='ltr'><strong>διὰ</strong></span> <span class='ocrx_word' id='word_1_250' title='bbox 1880 1995 1968 2050; x_wconf 81' lang='grc' dir='ltr'><strong>λο·</strong></span> 
     </span>
    </p>
   </div>
   <div class='ocr_carea' id='block_1_38' title="bbox 383 2085 1970 2160">
    <p class='ocr_par' dir='ltr' id='par_1_38' title="bbox 383 2085 1970 2160">
     <span class='ocr_line' id='line_1_38' title="bbox 383 2085 1970 2160; baseline 0.001 -20"><span class='ocrx_word' id='word_1_251' title='bbox 383 2087 606 2158; x_wconf 85' lang='grc' dir='ltr'><strong>γισμῶν</strong></span> <span class='ocrx_word' id='word_1_252' title='bbox 644 2085 1029 2159; x_wconf 80' lang='grc' dir='ltr'><strong>κατορθοῦται.</strong></span> <span class='ocrx_word' id='word_1_253' title='bbox 1062 2089 1174 2142; x_wconf 75' lang='grc' dir='ltr'><strong>Καὶ</strong></span> <span class='ocrx_word' id='word_1_254' title='bbox 1218 2088 1329 2160; x_wconf 84' lang='grc' dir='ltr'><strong>γὰρ</strong></span> <span class='ocrx_word' id='word_1_255' title='bbox 1359 2088 1442 2143; x_wconf 83' lang='grc' dir='ltr'><strong>ὅτι</strong></span> <span class='ocrx_word' id='word_1_256' title='bbox 1485 2090 1514 2143; x_wconf 85' lang='grc' dir='ltr'><strong>ὁ</strong></span> <span class='ocrx_word' id='word_1_257' title='bbox 1546 2088 1677 2152; x_wconf 80' lang='grc' dir='ltr'><strong>Θεὸς</strong></span> <span class='ocrx_word' id='word_1_258' title='bbox 1705 2087 1849 2159; x_wconf 86' lang='grc' dir='ltr'><strong>λόγῳ</strong></span> <span class='ocrx_word' id='word_1_259' title='bbox 1898 2087 1970 2142; x_wconf 79' lang='grc' dir='ltr'><strong>τὰ</strong></span> 
     </span>
    </p>
   </div>
   <div class='ocr_carea' id='block_1_39' title="bbox 382 2179 1969 2251">
    <p class='ocr_par' dir='ltr' id='par_1_39' title="bbox 382 2179 1969 2251">
     <span class='ocr_line' id='line_1_39' title="bbox 382 2179 1969 2251; baseline -0.001 -18"><span class='ocrx_word' id='word_1_260' title='bbox 382 2180 517 2235; x_wconf 75' lang='grc' dir='ltr'><strong>ὃντα</strong></span> <span class='ocrx_word' id='word_1_261' title='bbox 565 2180 632 2234; x_wconf 79' lang='grc' dir='ltr'><strong>ὲκ</strong></span> <span class='ocrx_word' id='word_1_262' title='bbox 686 2180 761 2251; x_wconf 81' lang='grc' dir='ltr'><strong>μὴ</strong></span> <span class='ocrx_word' id='word_1_263' title='bbox 805 2179 975 2233; x_wconf 75' lang='grc' dir='ltr'><strong>ὄντων</strong></span> <span class='ocrx_word' id='word_1_264' title='bbox 1031 2179 1278 2251; x_wconf 71' lang='grc' dir='ltr'><strong>ὶποίησε,</strong></span> <span class='ocrx_word' id='word_1_265' title='bbox 1337 2181 1467 2235; x_wconf 89' lang='grc' dir='ltr'><strong>ποία</strong></span> <span class='ocrx_word' id='word_1_266' title='bbox 1524 2180 1802 2247; x_wconf 79' lang='grc' dir='ltr'><strong>ἀπόδειξις</strong></span> <span class='ocrx_word' id='word_1_267' title='bbox 1840 2181 1969 2250; x_wconf 80' lang='grc' dir='ltr'><strong>ἡμῖν</strong></span> 
     </span>
    </p>
   </div>
   <div class='ocr_carea' id='block_1_40' title="bbox 384 2268 1970 2344">
    <p class='ocr_par' dir='ltr' id='par_1_40' title="bbox 384 2268 1970 2344">
     <span class='ocr_line' id='line_1_40' title="bbox 384 2268 1970 2344; baseline 0.001 -20"><span class='ocrx_word' id='word_1_268' title='bbox 384 2272 771 2342; x_wconf 74' lang='grc' dir='ltr'><strong>παρέστησενς</strong></span> <span class='ocrx_word' id='word_1_269' title='bbox 801 2272 1049 2342; x_wconf 81' lang='grc' dir='ltr'><strong>οὐδεμία,</strong></span> <span class='ocrx_word' id='word_1_270' title='bbox 1074 2272 1211 2327; x_wconf 67' lang='grc' dir='ltr'><strong>ἀλλὰ</strong></span> <span class='ocrx_word' id='word_1_271' title='bbox 1240 2273 1423 2338; x_wconf 84' lang='grc' dir='ltr'><strong>πίστις</strong></span> <span class='ocrx_word' id='word_1_272' title='bbox 1456 2274 1616 2344; x_wconf 87' lang='grc' dir='ltr'><strong>μόνη.</strong></span> <span class='ocrx_word' id='word_1_273' title='bbox 1653 2273 1843 2327; x_wconf 79' lang='grc' dir='ltr'><strong>Πίστει</strong></span> <span class='ocrx_word' id='word_1_274' title='bbox 1873 2268 1970 2328; x_wconf 78' lang='grc' dir='ltr'><strong>οὖν</strong></span> 
     </span>
    </p>
   </div>
   <div class='ocr_carea' id='block_1_41' title="bbox 383 2363 1971 2434">
    <p class='ocr_par' dir='ltr' id='par_1_41' title="bbox 383 2363 1971 2434">
     <span class='ocr_line' id='line_1_41' title="bbox 383 2363 1971 2434; baseline 0 -17"><span class='ocrx_word' id='word_1_275' title='bbox 383 2364 646 2433; x_wconf 78' lang='grc' dir='ltr'><em>νοοῦμεν</em></span> <span class='ocrx_word' id='word_1_276' title='bbox 673 2364 1063 2434; x_wconf 77' lang='grc' dir='ltr'><strong>κατηρτίσθαι</strong></span> <span class='ocrx_word' id='word_1_277' title='bbox 1096 2364 1238 2431; x_wconf 85' lang='grc' dir='ltr'><strong>τοὺς</strong></span> <span class='ocrx_word' id='word_1_278' title='bbox 1262 2363 1503 2430; x_wconf 85' lang='grc' dir='ltr'><strong>αίῶνας,</strong></span> <span class='ocrx_word' id='word_1_279' title='bbox 1522 2364 1790 2429; x_wconf 81' lang='grc' dir='ltr'><strong>τουτέστι,</strong></span> <span class='ocrx_word' id='word_1_280' title='bbox 1818 2364 1971 2433; x_wconf 82' lang='grc' dir='ltr'><strong>γενέ-</strong></span> 
     </span>
    </p>
   </div>
   <div class='ocr_carea' id='block_1_42' title="bbox 386 2454 1972 2526">
    <p class='ocr_par' dir='ltr' id='par_1_42' title="bbox 386 2454 1972 2526">
     <span class='ocr_line' id='line_1_42' title="bbox 386 2454 1972 2526; baseline 0.001 -18"><span class='ocrx_word' id='word_1_281' title='bbox 386 2454 511 2508; x_wconf 84' lang='grc' dir='ltr'><strong>σθαι</strong></span> <span class='ocrx_word' id='word_1_282' title='bbox 532 2457 742 2525; x_wconf 76' lang='grc' dir='ltr'><strong>ῥήματι</strong></span> <span class='ocrx_word' id='word_1_283' title='bbox 764 2455 924 2512; x_wconf 77' lang='grc' dir='ltr'><strong>Θεοῦ.</strong></span> <span class='ocrx_word' id='word_1_284' title='bbox 949 2455 1047 2510; x_wconf 79' lang='grc' dir='ltr'><strong>Διὰ</strong></span> <span class='ocrx_word' id='word_1_285' title='bbox 1079 2456 1134 2509; x_wconf 89' lang='grc' dir='ltr'><strong>τί</strong></span> <span class='ocrx_word' id='word_1_286' title='bbox 1166 2457 1351 2510; x_wconf 79' lang='grc' dir='ltr'><strong>πίστει</strong></span> <span class='ocrx_word' id='word_1_287' title='bbox 1378 2471 1393 2520; x_wconf 92' lang='lat'><strong>;</strong></span> <span class='ocrx_word' id='word_1_288' title='bbox 1428 2454 1567 2509; x_wconf 86' lang='grc' dir='ltr'><strong>διότι</strong></span> <span class='ocrx_word' id='word_1_289' title='bbox 1596 2456 1661 2509; x_wconf 74' lang='grc' dir='ltr'><strong>ὲκ</strong></span> <span class='ocrx_word' id='word_1_290' title='bbox 1715 2454 1792 2526; x_wconf 81' lang='grc' dir='ltr'><strong>μὴ</strong></span> <span class='ocrx_word' id='word_1_291' title='bbox 1851 2471 1972 2523; x_wconf 85' lang='grc' dir='ltr'><strong>φαι-</strong></span> 
     </span>
    </p>
   </div>
   <div class='ocr_carea' id='block_1_43' title="bbox 386 2546 1966 2620">
    <p class='ocr_par' dir='ltr' id='par_1_43' title="bbox 386 2546 1966 2620">
     <span class='ocr_line' id='line_1_43' title="bbox 386 2546 1966 2620; baseline 0.001 -20"><span class='ocrx_word' id='word_1_292' title='bbox 386 2548 634 2618; x_wconf 82' lang='grc' dir='ltr'>νομένων</span> <span class='ocrx_word' id='word_1_293' title='bbox 659 2548 728 2602; x_wconf 77' lang='grc' dir='ltr'><strong>τὰ</strong></span> <span class='ocrx_word' id='word_1_294' title='bbox 758 2546 1068 2620; x_wconf 83' lang='grc' dir='ltr'><strong>βλεπόμενα</strong></span> <span class='ocrx_word' id='word_1_295' title='bbox 1097 2548 1323 2618; x_wconf 78' lang='grc' dir='ltr'><strong>γέγονεν</strong></span> <span class='ocrx_word' id='word_1_296' title='bbox 1345 2563 1364 2583; x_wconf 88' lang='grc'><strong>·</strong></span> <span class='ocrx_word' id='word_1_297' title='bbox 1394 2547 1423 2601; x_wconf 81' lang='grc' dir='ltr'><strong>ὃ</strong></span> <span class='ocrx_word' id='word_1_298' title='bbox 1483 2547 1720 2612; x_wconf 82' lang='grc' dir='ltr'><strong>πίστεως</strong></span> <span class='ocrx_word' id='word_1_299' title='bbox 1769 2547 1966 2604; x_wconf 83' lang='grc' dir='ltr'><strong>δεῖται.</strong></span> 
     </span>
    </p>
   </div>
   <div class='ocr_carea' id='block_1_44' title="bbox 383 2636 1967 2717">
    <p class='ocr_par' dir='ltr' id='par_1_44' title="bbox 383 2636 1967 2717">
     <span class='ocr_line' id='line_1_44' title="bbox 383 2636 1967 2717; baseline 0.003 -27"><span class='ocrx_word' id='word_1_300' title='bbox 383 2637 458 2690; x_wconf 83' lang='grc' dir='ltr'><strong>Ἦ</strong></span> <span class='ocrx_word' id='word_1_301' title='bbox 511 2636 608 2692; x_wconf 79' lang='grc' dir='ltr'><strong>καὶ</strong></span> <span class='ocrx_word' id='word_1_302' title='bbox 684 2637 827 2692; x_wconf 81' lang='grc' dir='ltr'><strong>οὔτω</strong></span> <span class='ocrx_word' id='word_1_303' title='bbox 860 2655 875 2671; x_wconf 89' lang='grc'><strong>·</strong></span> <span class='ocrx_word' id='word_1_304' title='bbox 942 2638 1176 2710; x_wconf 82' lang='grc' dir='ltr'><strong>Ῥήματι</strong></span> <span class='ocrx_word' id='word_1_305' title='bbox 1219 2637 1352 2694; x_wconf 88' lang='grc' dir='ltr'><strong>Θεοῦ</strong></span> <span class='ocrx_word' id='word_1_306' title='bbox 1407 2640 1694 2717; x_wconf 70' lang='grc' dir='ltr'><strong>⁸γενομένῳ</strong></span> <span class='ocrx_word' id='word_1_307' title='bbox 1761 2639 1850 2694; x_wconf 83' lang='grc' dir='ltr'><strong>διὰ</strong></span> <span class='ocrx_word' id='word_1_308' title='bbox 1907 2640 1967 2694; x_wconf 83' lang='grc' dir='ltr'><strong>τδ</strong></span> 
     </span>
    </p>
   </div>
   <div class='ocr_carea' id='block_1_45' title="bbox 386 2730 1967 2803">
    <p class='ocr_par' dir='ltr' id='par_1_45' title="bbox 386 2730 1967 2803">
     <span class='ocr_line' id='line_1_45' title="bbox 386 2730 1967 2803; baseline 0.002 -21"><span class='ocrx_word' id='word_1_309' title='bbox 386 2731 735 2802; x_wconf 81' lang='grc' dir='ltr'><strong>προαχθῆναι</strong></span> <span class='ocrx_word' id='word_1_310' title='bbox 773 2730 841 2785; x_wconf 75' lang='grc' dir='ltr'><strong>τὰ</strong></span> <span class='ocrx_word' id='word_1_311' title='bbox 891 2731 1022 2786; x_wconf 80' lang='grc' dir='ltr'><strong>ὄντα</strong></span> <span class='ocrx_word' id='word_1_312' title='bbox 1045 2733 1109 2786; x_wconf 80' lang='grc' dir='ltr'>ἐκ</span> <span class='ocrx_word' id='word_1_313' title='bbox 1134 2733 1210 2803; x_wconf 85' lang='grc' dir='ltr'><strong>μὴ</strong></span> <span class='ocrx_word' id='word_1_314' title='bbox 1249 2733 1441 2789; x_wconf 71' lang='grc' dir='ltr'><strong>ὅντων.</strong></span> <span class='ocrx_word' id='word_1_315' title='bbox 1472 2733 1687 2793; x_wconf 75' lang='grc' dir='ltr'><strong>Αῐῶνας</strong></span> <span class='ocrx_word' id='word_1_316' title='bbox 1709 2733 1767 2786; x_wconf 85' lang='grc' dir='ltr'><strong>δὲ</strong></span> <span class='ocrx_word' id='word_1_317' title='bbox 1801 2733 1967 2787; x_wconf 83' lang='grc' dir='ltr'><strong>ἀκού-</strong></span> 
     </span>
    </p>
   </div>
   <div class='ocr_carea' id='block_1_46' title="bbox 382 2825 1967 2897">
    <p class='ocr_par' dir='ltr' id='par_1_46' title="bbox 382 2825 1967 2897">
     <span class='ocr_line' id='line_1_46' title="bbox 382 2825 1967 2897; baseline 0.001 -21"><span class='ocrx_word' id='word_1_318' title='bbox 382 2839 483 2889; x_wconf 91' lang='grc' dir='ltr'><strong>ων,</strong></span> <span class='ocrx_word' id='word_1_319' title='bbox 524 2825 620 2878; x_wconf 76' lang='grc' dir='ltr'><strong>καὶ</strong></span> <span class='ocrx_word' id='word_1_320' title='bbox 634 2827 702 2878; x_wconf 71' lang='grc' dir='ltr'><strong>τὰ</strong></span> <span class='ocrx_word' id='word_1_321' title='bbox 722 2827 1163 2897; x_wconf 74' lang='grc' dir='ltr'><strong>ἐμπεριεχόμενα</strong></span> <span class='ocrx_word' id='word_1_322' title='bbox 1186 2826 1399 2891; x_wconf 84' lang='grc' dir='ltr'><strong>τούτοις</strong></span> <span class='ocrx_word' id='word_1_323' title='bbox 1429 2826 1626 2880; x_wconf 74' lang='grc' dir='ltr'><strong>αἰώνια</strong></span> <span class='ocrx_word' id='word_1_324' title='bbox 1644 2827 1689 2859; x_wconf 72' lang='grc'>⁸⁸</span> <span class='ocrx_word' id='word_1_325' title='bbox 1721 2827 1852 2891; x_wconf 86' lang='grc' dir='ltr'><strong>νόει,</strong></span> <span class='ocrx_word' id='word_1_326' title='bbox 1876 2825 1967 2879; x_wconf 75' lang='grc' dir='ltr'><strong>ναὶ</strong></span> 
     </span>
    </p>
   </div>
   <div class='ocr_carea' id='block_1_47' title="bbox 391 2912 1967 2992">
    <p class='ocr_par' dir='ltr' id='par_1_47' title="bbox 391 2912 1967 2992">
     <span class='ocr_line' id='line_1_47' title="bbox 391 2912 1967 2992; baseline 0.006 -27"><span class='ocrx_word' id='word_1_327' title='bbox 391 2912 500 2984; x_wconf 76' lang='grc' dir='ltr'><strong>μὴν</strong></span> <span class='ocrx_word' id='word_1_328' title='bbox 537 2916 632 2967; x_wconf 82' lang='grc' dir='ltr'><strong>καὶ</strong></span> <span class='ocrx_word' id='word_1_329' title='bbox 657 2914 882 2986; x_wconf 85' lang='grc' dir='ltr'><strong>χρόνους</strong></span> <span class='ocrx_word' id='word_1_330' title='bbox 916 2917 1010 2970; x_wconf 77' lang='grc' dir='ltr'><strong>καὶ</strong></span> <span class='ocrx_word' id='word_1_331' title='bbox 1037 2918 1219 2972; x_wconf 79' lang='grc' dir='ltr'><strong>πάντα</strong></span> <span class='ocrx_word' id='word_1_332' title='bbox 1261 2917 1331 2971; x_wconf 80' lang='grc' dir='ltr'><strong>τὰ</strong></span> <span class='ocrx_word' id='word_1_333' title='bbox 1383 2917 1636 2989; x_wconf 70' lang='grc' dir='ltr'><strong>ἔγχρονα,</strong></span> <span class='ocrx_word' id='word_1_334' title='bbox 1682 2936 1967 2992; x_wconf 85' lang='grc' dir='ltr'><strong>καταχρη-</strong></span> 
     </span>
    </p>
   </div>
   <div class='ocr_carea' id='block_1_48' title="bbox 387 3004 1967 3082">
    <p class='ocr_par' dir='ltr' id='par_1_48' title="bbox 387 3004 1967 3082">
     <span class='ocr_line' id='line_1_48' title="bbox 387 3004 1967 3082; baseline 0.005 -25"><span class='ocrx_word' id='word_1_335' title='bbox 387 3004 721 3078; x_wconf 85' lang='grc' dir='ltr'><strong>στικῶτερον</strong></span> <span class='ocrx_word' id='word_1_336' title='bbox 754 3009 864 3061; x_wconf 90' lang='grc' dir='ltr'><strong>τῶν</strong></span> <span class='ocrx_word' id='word_1_337' title='bbox 902 3009 1119 3063; x_wconf 85' lang='grc' dir='ltr'><strong>αίὼνων</strong></span> <span class='ocrx_word' id='word_1_338' title='bbox 1144 3009 1240 3063; x_wconf 78' lang='grc' dir='ltr'><strong>καὶ</strong></span> <span class='ocrx_word' id='word_1_339' title='bbox 1291 3008 1421 3073; x_wconf 81' lang='grc' dir='ltr'><strong>τοὺς</strong></span> <span class='ocrx_word' id='word_1_340' title='bbox 1471 3010 1699 3081; x_wconf 86' lang='grc' dir='ltr'><strong>χρόνους</strong></span> <span class='ocrx_word' id='word_1_341' title='bbox 1742 3011 1967 3082; x_wconf 81' lang='grc' dir='ltr'><strong>δηλούν-</strong></span> 
     </span>
    </p>
   </div>
   <div class='ocr_carea' id='block_1_49' title="bbox 384 3100 1963 3176">
    <p class='ocr_par' dir='ltr' id='par_1_49' title="bbox 384 3100 1963 3176">
     <span class='ocr_line' id='line_1_49' title="bbox 384 3100 1963 3176; baseline 0.005 -27"><span class='ocrx_word' id='word_1_342' title='bbox 384 3114 494 3150; x_wconf 88' lang='grc' dir='ltr'><strong>των</strong></span> <span class='ocrx_word' id='word_1_343' title='bbox 517 3114 532 3130; x_wconf 91' lang='grc'><strong>·</strong></span> <span class='ocrx_word' id='word_1_344' title='bbox 564 3100 685 3151; x_wconf 79' lang='grc' dir='ltr'><strong>ἐπεὶ</strong></span> <span class='ocrx_word' id='word_1_345' title='bbox 710 3100 738 3151; x_wconf 79' lang='grc' dir='ltr'><strong>ὀ</strong></span> <span class='ocrx_word' id='word_1_346' title='bbox 768 3100 973 3171; x_wconf 82' lang='grc' dir='ltr'><strong>κυρίως</strong></span> <span class='ocrx_word' id='word_1_347' title='bbox 999 3101 1156 3171; x_wconf 76' lang='grc' dir='ltr'><strong>αἰὼν,</strong></span> <span class='ocrx_word' id='word_1_348' title='bbox 1185 3100 1317 3158; x_wconf 77' lang='grc' dir='ltr'><strong>ἄλλο</strong></span> <span class='ocrx_word' id='word_1_349' title='bbox 1356 3118 1410 3156; x_wconf 91' lang='grc' dir='ltr'><strong>τι</strong></span> <span class='ocrx_word' id='word_1_350' title='bbox 1441 3101 1596 3174; x_wconf 80' lang='grc' dir='ltr'><strong>παρὰ</strong></span> <span class='ocrx_word' id='word_1_351' title='bbox 1616 3103 1709 3156; x_wconf 85' lang='grc' dir='ltr'><strong>τὸν</strong></span> <span class='ocrx_word' id='word_1_352' title='bbox 1753 3104 1963 3176; x_wconf 87' lang='grc' dir='ltr'><strong>χρόνον,</strong></span> 
     </span>
    </p>
   </div>
   <div class='ocr_carea' id='block_1_50' title="bbox 388 3184 945 3258">
    <p class='ocr_par' dir='ltr' id='par_1_50' title="bbox 388 3184 945 3258">
     <span class='ocr_line' id='line_1_50' title="bbox 388 3184 945 3258; baseline 0.009 -16"><span class='ocrx_word' id='word_1_353' title='bbox 388 3191 484 3243; x_wconf 72' lang='grc' dir='ltr'><strong>καὶ</strong></span> <span class='ocrx_word' id='word_1_354' title='bbox 509 3184 612 3258; x_wconf 69' lang='grc' dir='ltr'><strong>εἷς,</strong></span> <span class='ocrx_word' id='word_1_355' title='bbox 640 3191 703 3244; x_wconf 83' lang='grc' dir='ltr'><strong>οὐ</strong></span> <span class='ocrx_word' id='word_1_356' title='bbox 733 3190 945 3247; x_wconf 84' lang='grc' dir='ltr'><strong>πολλοί.</strong></span> 
     </span>
    </p>
   </div>
   <div class='ocr_carea' id='block_1_51' title="bbox 459 3466 1975 3539">
    <p class='ocr_par' dir='ltr' id='par_1_51' title="bbox 459 3466 1975 3539">
     <span class='ocr_line' id='line_1_51' title="bbox 459 3466 1975 3539; baseline 0.001 -16"><span class='ocrx_word' id='word_1_357' title='bbox 459 3468 667 3523; x_wconf 83' lang='grc' dir='ltr'><strong>Πίστει</strong></span> <span class='ocrx_word' id='word_1_358' title='bbox 697 3466 951 3523; x_wconf 73' lang='grc' dir='ltr'><strong>πλείονα</strong></span> <span class='ocrx_word' id='word_1_359' title='bbox 979 3467 1203 3523; x_wconf 86' lang='grc' dir='ltr'><strong>θυσίαν</strong></span> <span class='ocrx_word' id='word_1_360' title='bbox 1227 3469 1409 3524; x_wconf 73' lang='grc' dir='ltr'><strong>’Ἅϐελ</strong></span> <span class='ocrx_word' id='word_1_361' title='bbox 1436 3468 1599 3537; x_wconf 79' lang='grc' dir='ltr'><strong>παρὰ</strong></span> <span class='ocrx_word' id='word_1_362' title='bbox 1618 3467 1769 3526; x_wconf 68' lang='grc' dir='ltr'><strong>Κάιν</strong></span> <span class='ocrx_word' id='word_1_363' title='bbox 1786 3484 1975 3539; x_wconf 72' lang='grc' dir='ltr'><strong>προσ-</strong></span> 
     </span>
    </p>
   </div>
   <div class='ocr_carea' id='block_1_52' title="bbox 386 3557 1975 3630">
    <p class='ocr_par' dir='ltr' id='par_1_52' title="bbox 386 3557 1975 3630">
     <span class='ocr_line' id='line_1_52' title="bbox 386 3557 1975 3630; baseline 0 -17"><span class='ocrx_word' id='word_1_364' title='bbox 386 3557 612 3628; x_wconf 76' lang='grc' dir='ltr'><strong>ήνεγκε</strong></span> <span class='ocrx_word' id='word_1_365' title='bbox 630 3558 713 3625; x_wconf 85' lang='grc' dir='ltr'><strong>τῷ</strong></span> <span class='ocrx_word' id='word_1_366' title='bbox 755 3557 900 3624; x_wconf 81' lang='grc' dir='ltr'><strong>Θεῷ.</strong></span> <span class='ocrx_word' id='word_1_367' title='bbox 933 3557 1153 3629; x_wconf 82' lang='grc' dir='ltr'><strong>Ἐπειδὴ</strong></span> <span class='ocrx_word' id='word_1_368' title='bbox 1180 3558 1336 3629; x_wconf 69' lang='grc' dir='ltr'><strong>’μέγα</strong></span> <span class='ocrx_word' id='word_1_369' title='bbox 1377 3559 1411 3630; x_wconf 80' lang='grc' dir='ltr'><strong>ἠ</strong></span> <span class='ocrx_word' id='word_1_370' title='bbox 1453 3559 1663 3623; x_wconf 85' lang='grc' dir='ltr'><strong>πίστις,</strong></span> <span class='ocrx_word' id='word_1_371' title='bbox 1702 3560 1798 3613; x_wconf 77' lang='grc' dir='ltr'><strong>καὶ</strong></span> <span class='ocrx_word' id='word_1_372' title='bbox 1856 3575 1975 3629; x_wconf 87' lang='grc' dir='ltr'><strong>γεν-</strong></span> 
     </span>
    </p>
   </div>
   <div class='ocr_carea' id='block_1_53' title="bbox 390 3648 1977 3720">
    <p class='ocr_par' dir='ltr' id='par_1_53' title="bbox 390 3648 1977 3720">
     <span class='ocr_line' id='line_1_53' title="bbox 390 3648 1977 3720; baseline -0.002 -15"><span class='ocrx_word' id='word_1_373' title='bbox 390 3651 549 3714; x_wconf 83' lang='grc' dir='ltr'><strong>ναίας</strong></span> <span class='ocrx_word' id='word_1_374' title='bbox 574 3648 967 3720; x_wconf 83' lang='grc' dir='ltr'><strong>δεῖταιψυχῆς,</strong></span> <span class='ocrx_word' id='word_1_375' title='bbox 998 3651 1050 3703; x_wconf 73' lang='grc' dir='ltr'><strong>οἱ</strong></span> <span class='ocrx_word' id='word_1_376' title='bbox 1103 3649 1161 3703; x_wconf 81' lang='grc' dir='ltr'><strong>δὲ</strong></span> <span class='ocrx_word' id='word_1_377' title='bbox 1219 3649 1466 3718; x_wconf 81' lang='grc' dir='ltr'><strong>Ἐὁραῖοι</strong></span> <span class='ocrx_word' id='word_1_378' title='bbox 1505 3649 1692 3704; x_wconf 75' lang='grc' dir='ltr'><strong>πιστοὶ</strong></span> <span class='ocrx_word' id='word_1_379' title='bbox 1751 3649 1977 3720; x_wconf 73' lang='grc' dir='ltr'><strong>ἐξησθέ-</strong></span> 
     </span>
    </p>
   </div>
   <div class='ocr_carea' id='block_1_54' title="bbox 389 3740 1975 3813">
    <p class='ocr_par' dir='ltr' id='par_1_54' title="bbox 389 3740 1975 3813">
     <span class='ocr_line' id='line_1_54' title="bbox 389 3740 1975 3813; baseline 0 -18"><span class='ocrx_word' id='word_1_380' title='bbox 389 3758 587 3813; x_wconf 85' lang='grc' dir='ltr'><strong>νησαν,</strong></span> <span class='ocrx_word' id='word_1_381' title='bbox 622 3741 720 3795; x_wconf 76' lang='grc' dir='ltr'><strong>καὶ</strong></span> <span class='ocrx_word' id='word_1_382' title='bbox 744 3742 871 3795; x_wconf 80' lang='grc' dir='ltr'><strong>κατ’</strong></span> <span class='ocrx_word' id='word_1_383' title='bbox 892 3741 1068 3812; x_wconf 78' lang='grc' dir='ltr'><strong>ἀρχὴν</strong></span> <span class='ocrx_word' id='word_1_384' title='bbox 1097 3741 1200 3812; x_wconf 76' lang='grc' dir='ltr'><strong>μὲν</strong></span> <span class='ocrx_word' id='word_1_385' title='bbox 1219 3740 1406 3795; x_wconf 86' lang='grc' dir='ltr'><strong>πίστιν</strong></span> <span class='ocrx_word' id='word_1_386' title='bbox 1432 3740 1792 3809; x_wconf 78' lang='grc' dir='ltr'><strong>ἐνεδείξαντο,</strong></span> <span class='ocrx_word' id='word_1_387' title='bbox 1813 3740 1975 3795; x_wconf 79' lang='grc' dir='ltr'><strong>ὕστε-</strong></span> 
     </span>
    </p>
   </div>
   <div class='ocr_carea' id='block_1_55' title="bbox 394 3830 1979 3903">
    <p class='ocr_par' dir='ltr' id='par_1_55' title="bbox 394 3830 1979 3903">
     <span class='ocr_line' id='line_1_55' title="bbox 394 3830 1979 3903; baseline 0 -19"><span class='ocrx_word' id='word_1_388' title='bbox 394 3848 487 3903; x_wconf 90' lang='grc' dir='ltr'><strong>ρον</strong></span> <span class='ocrx_word' id='word_1_389' title='bbox 522 3831 720 3887; x_wconf 65' lang='grc' dir='ltr'><strong>δὲαπὸ</strong></span> <span class='ocrx_word' id='word_1_390' title='bbox 759 3832 861 3903; x_wconf 82' lang='grc' dir='ltr'><strong>τῆς</strong></span> <span class='ocrx_word' id='word_1_391' title='bbox 924 3830 1209 3902; x_wconf 85' lang='grc' dir='ltr'><strong>συνεχείας</strong></span> <span class='ocrx_word' id='word_1_392' title='bbox 1255 3831 1367 3885; x_wconf 89' lang='grc' dir='ltr'><strong>τῶν</strong></span> <span class='ocrx_word' id='word_1_393' title='bbox 1414 3832 1652 3902; x_wconf 80' lang='grc' dir='ltr'><strong>θλίψεων</strong></span> <span class='ocrx_word' id='word_1_394' title='bbox 1709 3830 1979 3902; x_wconf 79' lang='grc' dir='ltr'><strong>ὠλιγοψύ-</strong></span> 
     </span>
    </p>
   </div>
   <div class='ocr_carea' id='block_1_56' title="bbox 391 3922 1977 3995">
    <p class='ocr_par' dir='ltr' id='par_1_56' title="bbox 391 3922 1977 3995">
     <span class='ocr_line' id='line_1_56' title="bbox 391 3922 1977 3995; baseline 0.001 -18"><span class='ocrx_word' id='word_1_395' title='bbox 391 3942 544 3995; x_wconf 79' lang='grc' dir='ltr'><strong>χουν,</strong></span> <span class='ocrx_word' id='word_1_396' title='bbox 571 3924 923 3994; x_wconf 82' lang='grc' dir='ltr'><strong>παρεκάλεσε</strong></span> <span class='ocrx_word' id='word_1_397' title='bbox 951 3922 1052 3994; x_wconf 79' lang='grc' dir='ltr'><strong>μὲν</strong></span> <span class='ocrx_word' id='word_1_398' title='bbox 1085 3923 1285 3989; x_wconf 81' lang='grc' dir='ltr'><strong>αὐτοὺς</strong></span> <span class='ocrx_word' id='word_1_399' title='bbox 1313 3923 1424 3978; x_wconf 79' lang='grc' dir='ltr'><strong>ἀπὸ</strong></span> <span class='ocrx_word' id='word_1_400' title='bbox 1449 3925 1560 3978; x_wconf 88' lang='grc' dir='ltr'><strong>τῶν</strong></span> <span class='ocrx_word' id='word_1_401' title='bbox 1600 3923 1977 3995; x_wconf 79' lang='grc' dir='ltr'><strong>κατορθωθέν-</strong></span> 
     </span>
    </p>
   </div>
   <div class='ocr_carea' id='block_1_57' title="bbox 393 4014 1977 4088">
    <p class='ocr_par' dir='ltr' id='par_1_57' title="bbox 393 4014 1977 4088">
     <span class='ocr_line' id='line_1_57' title="bbox 393 4014 1977 4088; baseline -0.003 -15"><span class='ocrx_word' id='word_1_402' title='bbox 393 4035 503 4073; x_wconf 85' lang='grc' dir='ltr'><strong>των</strong></span> <span class='ocrx_word' id='word_1_403' title='bbox 521 4017 727 4082; x_wconf 75' lang='grc' dir='ltr'><strong>αὐτοῖς,</strong></span> <span class='ocrx_word' id='word_1_404' title='bbox 763 4017 856 4070; x_wconf 71' lang='grc' dir='ltr'><strong>καὶ</strong></span> <span class='ocrx_word' id='word_1_405' title='bbox 884 4017 995 4071; x_wconf 82' lang='grc' dir='ltr'><strong>ἀπὸ</strong></span> <span class='ocrx_word' id='word_1_406' title='bbox 1021 4017 1122 4086; x_wconf 83' lang='grc' dir='ltr'><strong>τῆς</strong></span> <span class='ocrx_word' id='word_1_407' title='bbox 1159 4015 1409 4088; x_wconf 81' lang='grc' dir='ltr'><strong>Γραιρῆς,</strong></span> <span class='ocrx_word' id='word_1_408' title='bbox 1437 4016 1609 4071; x_wconf 75' lang='grc' dir='ltr'><strong>εἰπών</strong></span> <span class='ocrx_word' id='word_1_409' title='bbox 1632 4032 1647 4048; x_wconf 87' lang='grc'><strong>·</strong></span> <span class='ocrx_word' id='word_1_410' title='bbox 1683 4017 1808 4070; x_wconf 88' lang='grc' dir='ltr'><strong>Ὅτι</strong></span> <span class='ocrx_word' id='word_1_411' title='bbox 1838 4015 1868 4068; x_wconf 86' lang='grc' dir='ltr'><strong>ό</strong></span> <span class='ocrx_word' id='word_1_412' title='bbox 1898 4014 1977 4069; x_wconf 86' lang='grc' dir='ltr'><strong>δί-</strong></span> 
     </span>
    </p>
   </div>
   <div class='ocr_carea' id='block_1_58' title="bbox 392 4109 1980 4181">
    <p class='ocr_par' dir='ltr' id='par_1_58' title="bbox 392 4109 1980 4181">
     <span class='ocr_line' id='line_1_58' title="bbox 392 4109 1980 4181; baseline -0.003 -15"><span class='ocrx_word' id='word_1_413' title='bbox 392 4127 550 4175; x_wconf 75' lang='grc' dir='ltr'><strong>καιος</strong></span> <span class='ocrx_word' id='word_1_414' title='bbox 578 4114 643 4165; x_wconf 79' lang='grc' dir='ltr'><strong>ὲκ</strong></span> <span class='ocrx_word' id='word_1_415' title='bbox 676 4111 911 4174; x_wconf 86' lang='grc' dir='ltr'><strong>πίστεως</strong></span> <span class='ocrx_word' id='word_1_416' title='bbox 928 4110 1186 4181; x_wconf 67' lang='grc' dir='ltr'><strong>ζήσεταν</strong></span> <span class='ocrx_word' id='word_1_417' title='bbox 1245 4110 1345 4163; x_wconf 71' lang='grc' dir='ltr'><strong>καλ⁸</strong></span> <span class='ocrx_word' id='word_1_418' title='bbox 1392 4109 1504 4164; x_wconf 77' lang='grc' dir='ltr'><strong>ἀπὸ</strong></span> <span class='ocrx_word' id='word_1_419' title='bbox 1558 4109 1855 4181; x_wconf 86' lang='grc' dir='ltr'><strong>λογισμῶν,</strong></span> <span class='ocrx_word' id='word_1_420' title='bbox 1898 4111 1980 4162; x_wconf 86' lang='grc' dir='ltr'><strong>εί-</strong></span> 
     </span>
    </p>
   </div>
   <div class='ocr_carea' id='block_1_59' title="bbox 394 4197 1979 4269">
    <p class='ocr_par' dir='ltr' id='par_1_59' title="bbox 394 4197 1979 4269">
     <span class='ocr_line' id='line_1_59' title="bbox 394 4197 1979 4269; baseline 0.003 -15"><span class='ocrx_word' id='word_1_421' title='bbox 394 4200 538 4254; x_wconf 83' lang='grc' dir='ltr'><strong>πῶν·</strong></span> <span class='ocrx_word' id='word_1_422' title='bbox 556 4201 733 4254; x_wconf 79' lang='grc' dir='ltr'><strong>Ἔστι</strong></span> <span class='ocrx_word' id='word_1_423' title='bbox 757 4198 825 4252; x_wconf 72' lang='grc' dir='ltr'><strong>δὲ</strong></span> <span class='ocrx_word' id='word_1_424' title='bbox 848 4200 1052 4265; x_wconf 80' lang='grc' dir='ltr'><strong>πίστις</strong></span> <span class='ocrx_word' id='word_1_425' title='bbox 1071 4197 1468 4269; x_wconf 72' lang='grc' dir='ltr'><strong>ἐλπιζομένων</strong></span> <span class='ocrx_word' id='word_1_426' title='bbox 1493 4199 1853 4269; x_wconf 80' lang='grc' dir='ltr'><strong>ὑπόστασις·</strong></span> <span class='ocrx_word' id='word_1_427' title='bbox 1883 4205 1979 4261; x_wconf 79' lang='grc' dir='ltr'><strong>νῦν</strong></span> 
     </span>
    </p>
   </div>
   <div class='ocr_carea' id='block_1_60' title="bbox 394 4291 1979 4373">
    <p class='ocr_par' dir='ltr' id='par_1_60' title="bbox 394 4291 1979 4373">
     <span class='ocr_line' id='line_1_60' title="bbox 394 4291 1979 4373; baseline -0.001 -26"><span class='ocrx_word' id='word_1_428' title='bbox 394 4294 575 4349; x_wconf 53' lang='lat' dir='ltr'><strong>erant</strong></span> <span class='ocrx_word' id='word_1_429' title='bbox 605 4294 713 4347; x_wconf 86' lang='grc' dir='ltr'><strong>τῶν</strong></span> <span class='ocrx_word' id='word_1_430' title='bbox 741 4291 991 4363; x_wconf 78' lang='grc' dir='ltr'><strong>μεγάλων</strong></span> <span class='ocrx_word' id='word_1_431' title='bbox 1020 4292 1112 4346; x_wconf 79' lang='grc' dir='ltr'><strong>καὶ</strong></span> <span class='ocrx_word' id='word_1_432' title='bbox 1136 4292 1385 4347; x_wconf 84' lang='grc' dir='ltr'><strong>παλαιῶν</strong></span> <span class='ocrx_word' id='word_1_433' title='bbox 1409 4293 1636 4364; x_wconf 79' lang='grc' dir='ltr'><strong>ἀνδρῶν.</strong></span> <span class='ocrx_word' id='word_1_434' title='bbox 1664 4295 1833 4352; x_wconf 84' lang='grc' dir='ltr'><strong>Ὅταν</strong></span> <span class='ocrx_word' id='word_1_435' title='bbox 1870 4299 1979 4373; x_wconf 76' lang='grc' dir='ltr'><strong>γὰρ</strong></span> 
     </span>
    </p>
   </div>
   <div class='ocr_carea' id='block_1_61' title="bbox 395 4382 1980 4457">
    <p class='ocr_par' dir='ltr' id='par_1_61' title="bbox 395 4382 1980 4457">
     <span class='ocr_line' id='line_1_61' title="bbox 395 4382 1980 4457; baseline 0.003 -18"><span class='ocrx_word' id='word_1_436' title='bbox 395 4385 532 4457; x_wconf 77' lang='grc' dir='ltr'><strong>εὕρῃ</strong></span> <span class='ocrx_word' id='word_1_437' title='bbox 584 4385 615 4437; x_wconf 83' lang='grc' dir='ltr'>ὁ</span> <span class='ocrx_word' id='word_1_438' title='bbox 646 4382 934 4455; x_wconf 78' lang='grc' dir='ltr'><strong>ἄνθρωπος</strong></span> <span class='ocrx_word' id='word_1_439' title='bbox 964 4384 1253 4446; x_wconf 86' lang='grc' dir='ltr'><strong>κοινωνοὺς</strong></span> <span class='ocrx_word' id='word_1_440' title='bbox 1276 4382 1486 4449; x_wconf 74' lang='grc' dir='ltr'><strong>παθῶν,</strong></span> <span class='ocrx_word' id='word_1_441' title='bbox 1514 4384 1858 4443; x_wconf 78' lang='grc' dir='ltr'><strong>ἀναπαύεται</strong></span> <span class='ocrx_word' id='word_1_442' title='bbox 1884 4391 1980 4444; x_wconf 76' lang='grc' dir='ltr'><strong>καὶ</strong></span> 
     </span>
    </p>
   </div>
   <div class='ocr_carea' id='block_1_62' title="bbox 393 4469 1979 4547">
    <p class='ocr_par' dir='ltr' id='par_1_62' title="bbox 393 4469 1979 4547">
     <span class='ocr_line' id='line_1_62' title="bbox 393 4469 1979 4547; baseline 0.002 -17"><span class='ocrx_word' id='word_1_443' title='bbox 393 4475 645 4530; x_wconf 76' lang='grc' dir='ltr'><strong>ἀναπνεῖ.</strong></span> <span class='ocrx_word' id='word_1_444' title='bbox 666 4475 913 4544; x_wconf 85' lang='grc' dir='ltr'><strong>Παράγει</strong></span> <span class='ocrx_word' id='word_1_445' title='bbox 939 4469 1032 4525; x_wconf 75' lang='grc' dir='ltr'><strong>οὖν</strong></span> <span class='ocrx_word' id='word_1_446' title='bbox 1059 4471 1153 4525; x_wconf 82' lang='grc' dir='ltr'><strong>τὸν</strong></span> <span class='ocrx_word' id='word_1_447' title='bbox 1184 4473 1369 4540; x_wconf 74' lang='grc' dir='ltr'><strong>Ἅϐελ,</strong></span> <span class='ocrx_word' id='word_1_448' title='bbox 1392 4473 1486 4527; x_wconf 88' lang='grc' dir='ltr'><strong>καί</strong></span> <span class='ocrx_word' id='word_1_449' title='bbox 1512 4492 1680 4547; x_wconf 83' lang='grc' dir='ltr'><strong>φησιν</strong></span> <span class='ocrx_word' id='word_1_450' title='bbox 1700 4477 1781 4530; x_wconf 87' lang='grc' dir='ltr'><strong>ὅτι</strong></span> <span class='ocrx_word' id='word_1_451' title='bbox 1798 4478 1979 4533; x_wconf 84' lang='grc' dir='ltr'><strong>πίστει</strong></span> 
     </span>
    </p>
   </div>
   <div class='ocr_carea' id='block_1_63' title="bbox 393 4566 1977 4643">
    <p class='ocr_par' dir='ltr' id='par_1_63' title="bbox 393 4566 1977 4643">
     <span class='ocr_line' id='line_1_63' title="bbox 393 4566 1977 4643; baseline 0.004 -22"><span class='ocrx_word' id='word_1_452' title='bbox 393 4569 745 4640; x_wconf 83' lang='grc' dir='ltr'><strong>προσήνεγκε</strong></span> <span class='ocrx_word' id='word_1_453' title='bbox 775 4566 969 4621; x_wconf 87' lang='grc' dir='ltr'><strong>θυσίαν</strong></span> <span class='ocrx_word' id='word_1_454' title='bbox 1025 4566 1271 4632; x_wconf 85' lang='grc' dir='ltr'><strong>πλείονα,</strong></span> <span class='ocrx_word' id='word_1_455' title='bbox 1312 4568 1585 4633; x_wconf 84' lang='grc' dir='ltr'><strong>τουτέστι,</strong></span> <span class='ocrx_word' id='word_1_456' title='bbox 1640 4571 1977 4643; x_wconf 76' lang='grc' dir='ltr'><strong>τιμιωτέραν</strong></span> 
     </span>
    </p>
   </div>
   <div class='ocr_carea' id='block_1_64' title="bbox 391 4658 1971 4738">
    <p class='ocr_par' dir='ltr' id='par_1_64' title="bbox 391 4658 1971 4738">
     <span class='ocr_line' id='line_1_64' title="bbox 391 4658 1971 4738; baseline 0.003 -21"><span class='ocrx_word' id='word_1_457' title='bbox 391 4663 547 4733; x_wconf 80' lang='grc' dir='ltr'><strong>παρᾶ</strong></span> <span class='ocrx_word' id='word_1_458' title='bbox 568 4662 672 4734; x_wconf 76' lang='grc' dir='ltr'><strong>τὴν</strong></span> <span class='ocrx_word' id='word_1_459' title='bbox 700 4660 795 4713; x_wconf 74' lang='grc' dir='ltr'><strong>τοῦ</strong></span> <span class='ocrx_word' id='word_1_460' title='bbox 838 4660 1091 4726; x_wconf 77' lang='grc' dir='ltr'><strong>ἀδελφοῦ.</strong></span> <span class='ocrx_word' id='word_1_461' title='bbox 1123 4660 1258 4715; x_wconf 81' lang='grc' dir='ltr'><strong>Τίνα</strong></span> <span class='ocrx_word' id='word_1_462' title='bbox 1295 4660 1406 4731; x_wconf 79' lang='grc' dir='ltr'><strong>γὰρ</strong></span> <span class='ocrx_word' id='word_1_463' title='bbox 1457 4658 1598 4715; x_wconf 78' lang='grc' dir='ltr'><strong>εἶδεν</strong></span> <span class='ocrx_word' id='word_1_464' title='bbox 1654 4664 1834 4718; x_wconf 76' lang='grc' dir='ltr'><strong>ἄλλον·</strong></span> <span class='ocrx_word' id='word_1_465' title='bbox 1867 4667 1971 4738; x_wconf 76' lang='grc' dir='ltr'><strong>πρὸ</strong></span> 
     </span>
    </p>
   </div>
   <div class='ocr_carea' id='block_1_65' title="bbox 2077 4658 3770 4738">
    <p class='ocr_par' dir='ltr' id='par_1_65' title="bbox 2077 4661 3770 4734">
     <span class='ocr_line' id='line_1_65' title="bbox 2077 4661 3770 4734; baseline -0.002 -17"><span class='ocrx_word' id='word_1_466' title='bbox 2077 4662 2273 4732; x_wconf 79' lang='lat' dir='ltr'><strong>iorem,</strong></span> <span class='ocrx_word' id='word_1_467' title='bbox 2320 4661 2425 4718; x_wconf 87' lang='lat' dir='ltr'><strong>hoc</strong></span> <span class='ocrx_word' id='word_1_468' title='bbox 2466 4669 2552 4719; x_wconf 88' lang='lat' dir='ltr'><strong>est</strong></span> <span class='ocrx_word' id='word_1_469' title='bbox 2582 4664 2986 4734; x_wconf 87' lang='lat' dir='ltr'><strong>pretiosiorem,</strong></span> <span class='ocrx_word' id='word_1_470' title='bbox 3030 4677 3199 4733; x_wconf 90' lang='lat' dir='ltr'><strong>quam</strong></span> <span class='ocrx_word' id='word_1_471' title='bbox 3250 4661 3437 4718; x_wconf 89' lang='lat' dir='ltr'><strong>frater.</strong></span> <span class='ocrx_word' id='word_1_472' title='bbox 3479 4663 3653 4729; x_wconf 87' lang='lat' dir='ltr'><strong>Quem</strong></span> <span class='ocrx_word' id='word_1_473' title='bbox 3757 4718 3770 4729; x_wconf 59' lang='grc'><strong>,</strong></span> 
     </span>
    </p>
   </div>
   <div class='ocr_carea' id='block_1_66' title="bbox 394 4752 1978 4829">
    <p class='ocr_par' dir='ltr' id='par_1_66' title="bbox 394 4752 1978 4829">
     <span class='ocr_line' id='line_1_66' title="bbox 394 4752 1978 4829; baseline -0.004 -21"><span class='ocrx_word' id='word_1_474' title='bbox 394 4752 601 4820; x_wconf 71' lang='grc' dir='ltr'><strong>αὐτοῦς</strong></span> <span class='ocrx_word' id='word_1_475' title='bbox 630 4752 724 4806; x_wconf 81' lang='grc' dir='ltr'><strong>τὸν</strong></span> <span class='ocrx_word' id='word_1_476' title='bbox 767 4752 999 4821; x_wconf 83' lang='grc' dir='ltr'><strong>πατέρα,</strong></span> <span class='ocrx_word' id='word_1_477' title='bbox 1028 4753 1061 4822; x_wconf 85' lang='grc' dir='ltr'>ἢ</span> <span class='ocrx_word' id='word_1_478' title='bbox 1102 4753 1202 4825; x_wconf 79' lang='grc' dir='ltr'><strong>τὴν</strong></span> <span class='ocrx_word' id='word_1_479' title='bbox 1241 4754 1457 4824; x_wconf 79' lang='grc' dir='ltr'><strong>μητέρα</strong></span> <span class='ocrx_word' id='word_1_480' title='bbox 1481 4793 1498 4819; x_wconf 91' lang='grc'><strong>,</strong></span> <span class='ocrx_word' id='word_1_481' title='bbox 1529 4754 1626 4807; x_wconf 76' lang='grc' dir='ltr'><strong>καὶ</strong></span> <span class='ocrx_word' id='word_1_482' title='bbox 1660 4755 1768 4826; x_wconf 76' lang='grc' dir='ltr'><strong>μὴν</strong></span> <span class='ocrx_word' id='word_1_483' title='bbox 1806 4772 1978 4829; x_wconf 83' lang='grc' dir='ltr'><strong>προσ-</strong></span> 
     </span>
    </p>
   </div>
   <div class='ocr_carea' id='block_1_67' title="bbox 396 4840 1976 4920">
    <p class='ocr_par' dir='ltr' id='par_1_67' title="bbox 396 4840 1976 4920">
     <span class='ocr_line' id='line_1_67' title="bbox 396 4840 1976 4920; baseline 0.001 -19"><span class='ocrx_word' id='word_1_484' title='bbox 396 4848 672 4918; x_wconf 80' lang='grc' dir='ltr'><strong>ἐκρουσαν</strong></span> <span class='ocrx_word' id='word_1_485' title='bbox 697 4845 774 4918; x_wconf 82' lang='grc' dir='ltr'><strong>τῷ</strong></span> <span class='ocrx_word' id='word_1_486' title='bbox 800 4845 939 4917; x_wconf 68' lang='grc' dir='ltr'><strong>Θεῷ*</strong></span> <span class='ocrx_word' id='word_1_487' title='bbox 972 4847 1109 4901; x_wconf 79' lang='grc' dir='ltr'><strong>ἀλλὰ</strong></span> <span class='ocrx_word' id='word_1_488' title='bbox 1140 4846 1232 4900; x_wconf 77' lang='grc' dir='ltr'><strong>τὸν</strong></span> <span class='ocrx_word' id='word_1_489' title='bbox 1255 4845 1523 4915; x_wconf 73' lang='grc' dir='ltr'><strong>ἁδελφόνς</strong></span> <span class='ocrx_word' id='word_1_490' title='bbox 1555 4846 1651 4900; x_wconf 78' lang='grc' dir='ltr'><strong>καὶ</strong></span> <span class='ocrx_word' id='word_1_491' title='bbox 1679 4840 1836 4912; x_wconf 78' lang='grc' dir='ltr'><strong>οὗτος</strong></span> <span class='ocrx_word' id='word_1_492' title='bbox 1859 4849 1976 4920; x_wconf 79' lang='grc' dir='ltr'><strong>ἠτί-</strong></span> 
     </span>
    </p>
   </div>
   <div class='ocr_carea' id='block_1_68' title="bbox 397 4937 1975 5013">
    <p class='ocr_par' dir='ltr' id='par_1_68' title="bbox 397 4937 1975 5013">
     <span class='ocr_line' id='line_1_68' title="bbox 397 4937 1975 5013; baseline 0.002 -22"><span class='ocrx_word' id='word_1_493' title='bbox 397 4955 560 5010; x_wconf 82' lang='grc' dir='ltr'><strong>μασε.</strong></span> <span class='ocrx_word' id='word_1_494' title='bbox 586 4938 776 4992; x_wconf 84' lang='grc' dir='ltr'><strong>Πίστει</strong></span> <span class='ocrx_word' id='word_1_495' title='bbox 802 4937 896 4992; x_wconf 83' lang='grc' dir='ltr'><strong>οὖν</strong></span> <span class='ocrx_word' id='word_1_496' title='bbox 929 4938 1070 5009; x_wconf 75' lang='grc' dir='ltr'><strong>μόνῃ</strong></span> <span class='ocrx_word' id='word_1_497' title='bbox 1097 4937 1358 5009; x_wconf 81' lang='grc' dir='ltr'><strong>ὡδηγήθη</strong></span> <span class='ocrx_word' id='word_1_498' title='bbox 1383 4940 1464 5002; x_wconf 84' lang='grc' dir='ltr'><strong>είς</strong></span> <span class='ocrx_word' id='word_1_499' title='bbox 1490 4937 1554 4992; x_wconf 81' lang='grc' dir='ltr'><strong>τὸ</strong></span> <span class='ocrx_word' id='word_1_500' title='bbox 1581 4942 1975 5013; x_wconf 79' lang='grc' dir='ltr'><strong>προσενεγκεῖν</strong></span> 
     </span>
    </p>
   </div>
   <div class='ocr_carea' id='block_1_69' title="bbox 393 5024 1981 5102">
    <p class='ocr_par' dir='ltr' id='par_1_69' title="bbox 393 5024 1981 5102">
     <span class='ocr_line' id='line_1_69' title="bbox 393 5024 1981 5102; baseline 0 -17"><span class='ocrx_word' id='word_1_501' title='bbox 393 5024 473 5085; x_wconf 80' lang='grc' dir='ltr'><strong>ῶν</strong></span> <span class='ocrx_word' id='word_1_502' title='bbox 498 5027 613 5102; x_wconf 74' lang='grc' dir='ltr'><strong>εἶχε</strong></span> <span class='ocrx_word' id='word_1_503' title='bbox 642 5031 714 5084; x_wconf 72' lang='grc' dir='ltr'><strong>τὰ</strong></span> <span class='ocrx_word' id='word_1_504' title='bbox 767 5032 1076 5102; x_wconf 83' lang='grc' dir='ltr'><strong>κρείττονα,</strong></span> <span class='ocrx_word' id='word_1_505' title='bbox 1140 5028 1464 5098; x_wconf 82' lang='grc' dir='ltr'><strong>πιστεύσας,</strong></span> <span class='ocrx_word' id='word_1_506' title='bbox 1516 5031 1599 5086; x_wconf 82' lang='grc' dir='ltr'><strong>ὅτι</strong></span> <span class='ocrx_word' id='word_1_507' title='bbox 1649 5030 1741 5085; x_wconf 80' lang='grc' dir='ltr'><strong>τὸν</strong></span> <span class='ocrx_word' id='word_1_508' title='bbox 1788 5031 1981 5101; x_wconf 83' lang='grc' dir='ltr'><strong>μισθὸν</strong></span> 
     </span>
    </p>
   </div>
   <div class='ocr_carea' id='block_1_70' title="bbox 389 5122 642 5178">
    <p class='ocr_par' dir='ltr' id='par_1_70' title="bbox 389 5122 642 5178">
     <span class='ocr_line' id='line_1_70' title="bbox 389 5122 642 5178; baseline 0.008 -2"><span class='ocrx_word' id='word_1_509' title='bbox 389 5122 642 5178; x_wconf 70' lang='grc' dir='ltr'><strong>λήψεται.</strong></span> 
     </span>
    </p>
   </div>
   <div class='ocr_carea' id='block_1_71' title="bbox 428 5123 1977 5287">
    <p class='ocr_par' dir='ltr' id='par_1_71' title="bbox 428 5123 1977 5287">
     <span class='ocr_line' id='line_1_71' title="bbox 530 5140 642 5178; baseline 0.009 -1"><span class='ocrx_word' id='word_1_510' title='bbox 530 5140 642 5178; x_wconf 82' lang='grc' dir='ltr'><strong>ται.</strong></span> 
     </span>
     <span class='ocr_line' id='line_1_72' title="bbox 428 5123 1977 5287; baseline 0.003 -17"><span class='ocrx_word' id='word_1_511' title='bbox 428 5123 546 5270; x_wconf 44' lang='lat' dir='ltr'><strong>ﬁt:</strong></span> <span class='ocrx_word' id='word_1_512' title='bbox 577 5211 655 5286; x_wconf 81' lang='grc' dir='ltr'><strong>ἧς</strong></span> <span class='ocrx_word' id='word_1_513' title='bbox 696 5214 1080 5284; x_wconf 82' lang='grc' dir='ltr'><strong>ἐμαρτυρήθη</strong></span> <span class='ocrx_word' id='word_1_514' title='bbox 1123 5210 1277 5270; x_wconf 75' lang='grc' dir='ltr'><strong>εἶναι</strong></span> <span class='ocrx_word' id='word_1_515' title='bbox 1296 5213 1549 5282; x_wconf 79' lang='grc' dir='ltr'><strong>δίκαιος,</strong></span> <span class='ocrx_word' id='word_1_516' title='bbox 1598 5218 1977 5287; x_wconf 80' lang='grc' dir='ltr'><strong>μαρτυροῦν-</strong></span> 
     </span>
    </p>
   </div>
   <div class='ocr_carea' id='block_1_72' title="bbox 2074 1901 3654 1973">
    <p class='ocr_par' dir='ltr' id='par_1_72' title="bbox 2074 1901 3654 1973">
     <span class='ocr_line' id='line_1_73' title="bbox 2074 1901 3654 1973; baseline 0.002 -18"><span class='ocrx_word' id='word_1_517' title='bbox 2074 1901 2242 1956; x_wconf 89' lang='lat' dir='ltr'><strong>bilem</strong></span> <span class='ocrx_word' id='word_1_518' title='bbox 2272 1902 2521 1973; x_wconf 86' lang='lat' dir='ltr'><strong>adeoque</strong></span> <span class='ocrx_word' id='word_1_519' title='bbox 2562 1902 2906 1961; x_wconf 79' lang='lat' dir='ltr'><strong>manifestam</strong></span> <span class='ocrx_word' id='word_1_520' title='bbox 2950 1905 3364 1973; x_wconf 83' lang='lat' dir='ltr'><strong>imposturam;</strong></span> <span class='ocrx_word' id='word_1_521' title='bbox 3409 1903 3654 1959; x_wconf 81' lang='lat' dir='ltr'><strong>ostendit</strong></span> 
     </span>
    </p>
   </div>
   <div class='ocr_carea' id='block_1_73' title="bbox 2076 1993 3654 2066">
    <p class='ocr_par' dir='ltr' id='par_1_73' title="bbox 2076 1993 3654 2066">
     <span class='ocr_line' id='line_1_74' title="bbox 2076 1993 3654 2066; baseline 0.001 -19"><span class='ocrx_word' id='word_1_522' title='bbox 2076 1993 2220 2061; x_wconf 88' lang='lat' dir='ltr'><strong>quod</strong></span> <span class='ocrx_word' id='word_1_523' title='bbox 2250 1993 2483 2048; x_wconf 75' lang='lat' dir='ltr'><strong>maxima</strong></span> <span class='ocrx_word' id='word_1_524' title='bbox 2531 2009 2763 2065; x_wconf 67' lang='lat' dir='ltr'><strong>quasque</strong></span> <span class='ocrx_word' id='word_1_525' title='bbox 2817 2008 2913 2066; x_wconf 89' lang='lat' dir='ltr'><strong>per</strong></span> <span class='ocrx_word' id='word_1_526' title='bbox 2948 1993 3107 2050; x_wconf 89' lang='lat' dir='ltr'><strong>fidem</strong></span> <span class='ocrx_word' id='word_1_527' title='bbox 3154 1995 3549 2066; x_wconf 79' lang='lat' dir='ltr'><strong>transigantur,</strong></span> <span class='ocrx_word' id='word_1_528' title='bbox 3597 2004 3654 2049; x_wconf 83' lang='lat' dir='ltr'><strong>et</strong></span> 
     </span>
    </p>
   </div>
   <div class='ocr_carea' id='block_1_74' title="bbox 2074 2082 3665 2155">
    <p class='ocr_par' dir='ltr' id='par_1_74' title="bbox 2074 2082 3665 2155">
     <span class='ocr_line' id='line_1_75' title="bbox 2074 2082 3665 2155; baseline 0.002 -18"><span class='ocrx_word' id='word_1_529' title='bbox 2074 2097 2184 2137; x_wconf 86' lang='lat' dir='ltr'><strong>non</strong></span> <span class='ocrx_word' id='word_1_530' title='bbox 2217 2098 2315 2152; x_wconf 88' lang='lat' dir='ltr'><strong>per</strong></span> <span class='ocrx_word' id='word_1_531' title='bbox 2338 2084 2812 2141; x_wconf 78' lang='lat' dir='ltr'><strong>ratiocinationes.</strong></span> <span class='ocrx_word' id='word_1_532' title='bbox 2847 2082 2983 2139; x_wconf 87' lang='lat' dir='ltr'><strong>Nam</strong></span> <span class='ocrx_word' id='word_1_533' title='bbox 3015 2085 3159 2155; x_wconf 89' lang='lat' dir='ltr'><strong>quod</strong></span> <span class='ocrx_word' id='word_1_534' title='bbox 3190 2085 3333 2140; x_wconf 89' lang='lat' dir='ltr'><strong>Deus</strong></span> <span class='ocrx_word' id='word_1_535' title='bbox 3374 2087 3562 2152; x_wconf 84' lang='lat' dir='ltr'><strong>verbo,</strong></span> <span class='ocrx_word' id='word_1_536' title='bbox 3588 2101 3665 2141; x_wconf 58' lang='lat' dir='ltr'><strong>ea.</strong></span> 
     </span>
    </p>
   </div>
   <div class='ocr_carea' id='block_1_75' title="bbox 2073 2177 3649 2250">
    <p class='ocr_par' dir='ltr' id='par_1_75' title="bbox 2073 2177 3649 2250">
     <span class='ocr_line' id='line_1_76' title="bbox 2073 2177 3649 2250; baseline 0.004 -20"><span class='ocrx_word' id='word_1_537' title='bbox 2073 2190 2195 2246; x_wconf 69' lang='lat' dir='ltr'><strong>qua:</strong></span> <span class='ocrx_word' id='word_1_538' title='bbox 2224 2182 2375 2242; x_wconf 87' lang='lat' dir='ltr'><strong>sunt,</strong></span> <span class='ocrx_word' id='word_1_539' title='bbox 2402 2192 2468 2233; x_wconf 78' lang='lat' dir='ltr'><strong>ex</strong></span> <span class='ocrx_word' id='word_1_540' title='bbox 2507 2177 2578 2233; x_wconf 91' lang='lat' dir='ltr'><strong>iis</strong></span> <span class='ocrx_word' id='word_1_541' title='bbox 2624 2193 2746 2248; x_wconf 74' lang='lat' dir='ltr'><strong>qua:</strong></span> <span class='ocrx_word' id='word_1_542' title='bbox 2775 2192 2883 2233; x_wconf 88' lang='lat' dir='ltr'><strong>non</strong></span> <span class='ocrx_word' id='word_1_543' title='bbox 2907 2189 3058 2243; x_wconf 89' lang='lat' dir='ltr'><strong>sunt,</strong></span> <span class='ocrx_word' id='word_1_544' title='bbox 3103 2179 3336 2244; x_wconf 84' lang='lat' dir='ltr'><strong>ereavit,</strong></span> <span class='ocrx_word' id='word_1_545' title='bbox 3383 2194 3504 2250; x_wconf 84' lang='lat' dir='ltr'><strong>qu.e</strong></span> <span class='ocrx_word' id='word_1_546' title='bbox 3551 2181 3649 2236; x_wconf 86' lang='lat' dir='ltr'><strong>de-</strong></span> 
     </span>
    </p>
   </div>
   <div class='ocr_carea' id='block_1_76' title="bbox 2078 2270 3650 2336">
    <p class='ocr_par' dir='ltr' id='par_1_76' title="bbox 2078 2270 3650 2336">
     <span class='ocr_line' id='line_1_77' title="bbox 2078 2270 3650 2336; baseline 0.001 -11"><span class='ocrx_word' id='word_1_547' title='bbox 2078 2271 2403 2326; x_wconf 75' lang='lat' dir='ltr'><strong>monstratio</strong></span> <span class='ocrx_word' id='word_1_548' title='bbox 2437 2271 2599 2329; x_wconf 90' lang='lat' dir='ltr'><strong>nobis</strong></span> <span class='ocrx_word' id='word_1_549' title='bbox 2641 2272 2932 2328; x_wconf 78' lang='lat' dir='ltr'><strong>exhibuit?</strong></span> <span class='ocrx_word' id='word_1_550' title='bbox 2969 2270 3126 2326; x_wconf 86' lang='lat' dir='ltr'><strong>Nulla</strong></span> <span class='ocrx_word' id='word_1_551' title='bbox 3177 2288 3334 2336; x_wconf 81' lang='lat' dir='ltr'><strong>sane.</strong></span> <span class='ocrx_word' id='word_1_552' title='bbox 3381 2272 3479 2329; x_wconf 80' lang='lat' dir='ltr'><strong>sed</strong></span> <span class='ocrx_word' id='word_1_553' title='bbox 3533 2273 3650 2330; x_wconf 82' lang='lat' dir='ltr'><strong>sola</strong></span> 
     </span>
    </p>
   </div>
   <div class='ocr_carea' id='block_1_77' title="bbox 2077 2357 3649 2431">
    <p class='ocr_par' dir='ltr' id='par_1_77' title="bbox 2077 2357 3649 2431">
     <span class='ocr_line' id='line_1_78' title="bbox 2077 2357 3649 2431; baseline 0.001 -19"><span class='ocrx_word' id='word_1_554' title='bbox 2077 2357 2233 2413; x_wconf 85' lang='lat' dir='ltr'><strong>fides.</strong></span> <span class='ocrx_word' id='word_1_555' title='bbox 2265 2357 2401 2414; x_wconf 86' lang='lat' dir='ltr'><strong>Fide</strong></span> <span class='ocrx_word' id='word_1_556' title='bbox 2438 2360 2603 2430; x_wconf 77' lang='lat' dir='ltr'><strong>igitur</strong></span> <span class='ocrx_word' id='word_1_557' title='bbox 2638 2359 2989 2430; x_wconf 72' lang='lat' dir='ltr'><strong>intelligimus</strong></span> <span class='ocrx_word' id='word_1_558' title='bbox 3034 2370 3222 2431; x_wconf 85' lang='lat' dir='ltr'><strong>aptata</strong></span> <span class='ocrx_word' id='word_1_559' title='bbox 3263 2376 3376 2415; x_wconf 84' lang='lat' dir='ltr'><strong>esse</strong></span> <span class='ocrx_word' id='word_1_560' title='bbox 3427 2361 3649 2426; x_wconf 66' lang='lat' dir='ltr'><strong>saecula,</strong></span> 
     </span>
    </p>
   </div>
   <div class='ocr_carea' id='block_1_78' title="bbox 2075 2448 3656 2523">
    <p class='ocr_par' dir='ltr' id='par_1_78' title="bbox 2075 2448 3656 2523">
     <span class='ocr_line' id='line_1_79' title="bbox 2075 2448 3656 2523; baseline 0.002 -19"><span class='ocrx_word' id='word_1_561' title='bbox 2075 2448 2181 2505; x_wconf 90' lang='lat' dir='ltr'><strong>hoc</strong></span> <span class='ocrx_word' id='word_1_562' title='bbox 2234 2460 2340 2518; x_wconf 89' lang='lat' dir='ltr'><strong>est,</strong></span> <span class='ocrx_word' id='word_1_563' title='bbox 2378 2450 2524 2507; x_wconf 87' lang='lat' dir='ltr'><strong>facta</strong></span> <span class='ocrx_word' id='word_1_564' title='bbox 2568 2467 2693 2508; x_wconf 87' lang='lat' dir='ltr'><strong>esse</strong></span> <span class='ocrx_word' id='word_1_565' title='bbox 2742 2453 2911 2508; x_wconf 86' lang='lat' dir='ltr'><strong>verbo</strong></span> <span class='ocrx_word' id='word_1_566' title='bbox 2959 2451 3076 2507; x_wconf 87' lang='lat' dir='ltr'><strong>Dei.</strong></span> <span class='ocrx_word' id='word_1_567' title='bbox 3114 2450 3228 2508; x_wconf 87' lang='lat' dir='ltr'><strong>Cur</strong></span> <span class='ocrx_word' id='word_1_568' title='bbox 3277 2453 3421 2509; x_wconf 86' lang='lat' dir='ltr'><strong>fide?</strong></span> <span class='ocrx_word' id='word_1_569' title='bbox 3452 2453 3656 2523; x_wconf 88' lang='lat' dir='ltr'><strong>quippe</strong></span> 
     </span>
    </p>
   </div>
   <div class='ocr_carea' id='block_1_79' title="bbox 2074 2540 3653 2616">
    <p class='ocr_par' dir='ltr' id='par_1_79' title="bbox 2074 2540 3653 2616">
     <span class='ocr_line' id='line_1_80' title="bbox 2074 2540 3653 2616; baseline 0.001 -19"><span class='ocrx_word' id='word_1_570' title='bbox 2074 2540 2223 2612; x_wconf 90' lang='lat' dir='ltr'><strong>quod</strong></span> <span class='ocrx_word' id='word_1_571' title='bbox 2251 2558 2321 2598; x_wconf 84' lang='lat' dir='ltr'><strong>ex</strong></span> <span class='ocrx_word' id='word_1_572' title='bbox 2351 2543 2747 2610; x_wconf 79' lang='lat' dir='ltr'><strong>invisibilibus,</strong></span> <span class='ocrx_word' id='word_1_573' title='bbox 2778 2551 2834 2600; x_wconf 88' lang='lat' dir='ltr'><strong>et</strong></span> <span class='ocrx_word' id='word_1_574' title='bbox 2861 2559 2929 2600; x_wconf 78' lang='lat' dir='ltr'><strong>ex</strong></span> <span class='ocrx_word' id='word_1_575' title='bbox 2965 2545 3033 2600; x_wconf 89' lang='lat' dir='ltr'><strong>iis</strong></span> <span class='ocrx_word' id='word_1_576' title='bbox 3083 2561 3208 2616; x_wconf 73' lang='lat' dir='ltr'><strong>qua:</strong></span> <span class='ocrx_word' id='word_1_577' title='bbox 3244 2560 3352 2600; x_wconf 88' lang='lat' dir='ltr'><strong>non</strong></span> <span class='ocrx_word' id='word_1_578' title='bbox 3376 2545 3653 2607; x_wconf 79' lang='lat' dir='ltr'><strong>videmur,</strong></span> 
     </span>
    </p>
   </div>
   <div class='ocr_carea' id='block_1_80' title="bbox 2078 2631 3653 2708">
    <p class='ocr_par' dir='ltr' id='par_1_80' title="bbox 2078 2631 3653 2708">
     <span class='ocr_line' id='line_1_81' title="bbox 2078 2631 3653 2708; baseline 0.004 -22"><span class='ocrx_word' id='word_1_579' title='bbox 2078 2631 2221 2688; x_wconf 85' lang='lat' dir='ltr'><strong>facta</strong></span> <span class='ocrx_word' id='word_1_580' title='bbox 2248 2633 2502 2704; x_wconf 74' lang='lat' dir='ltr'><strong>sinthuae</strong></span> <span class='ocrx_word' id='word_1_581' title='bbox 2525 2635 2818 2692; x_wconf 83' lang='lat' dir='ltr'><strong>videntur:</strong></span> <span class='ocrx_word' id='word_1_582' title='bbox 2853 2637 3000 2708; x_wconf 89' lang='lat' dir='ltr'><strong>quod</strong></span> <span class='ocrx_word' id='word_1_583' title='bbox 3034 2637 3138 2692; x_wconf 85' lang='lat' dir='ltr'><strong>fide</strong></span> <span class='ocrx_word' id='word_1_584' title='bbox 3160 2654 3301 2708; x_wconf 89' lang='lat' dir='ltr'><strong>opus</strong></span> <span class='ocrx_word' id='word_1_585' title='bbox 3335 2638 3519 2694; x_wconf 89' lang='lat' dir='ltr'><strong>habet.</strong></span> <span class='ocrx_word' id='word_1_586' title='bbox 3554 2635 3653 2692; x_wconf 84' lang='lat' dir='ltr'><strong>Vel</strong></span> 
     </span>
    </p>
   </div>
   <div class='ocr_carea' id='block_1_81' title="bbox 2074 2724 3659 2800">
    <p class='ocr_par' dir='ltr' id='par_1_81' title="bbox 2074 2724 3659 2800">
     <span class='ocr_line' id='line_1_82' title="bbox 2074 2724 3659 2800; baseline 0.004 -22"><span class='ocrx_word' id='word_1_587' title='bbox 2074 2724 2190 2781; x_wconf 88' lang='lat' dir='ltr'><strong>sic:</strong></span> <span class='ocrx_word' id='word_1_588' title='bbox 2225 2726 2405 2783; x_wconf 75' lang='lat' dir='ltr'><strong>Verbo</strong></span> <span class='ocrx_word' id='word_1_589' title='bbox 2434 2726 2554 2793; x_wconf 88' lang='lat' dir='ltr'><strong>Dei,</strong></span> <span class='ocrx_word' id='word_1_590' title='bbox 2594 2742 2705 2799; x_wconf 89' lang='lat' dir='ltr'><strong>quo</strong></span> <span class='ocrx_word' id='word_1_591' title='bbox 2748 2727 2957 2784; x_wconf 86' lang='lat' dir='ltr'><strong>factum</strong></span> <span class='ocrx_word' id='word_1_592' title='bbox 2991 2740 3077 2786; x_wconf 87' lang='lat' dir='ltr'><strong>est</strong></span> <span class='ocrx_word' id='word_1_593' title='bbox 3119 2737 3182 2784; x_wconf 91' lang='lat' dir='ltr'><strong>ut</strong></span> <span class='ocrx_word' id='word_1_594' title='bbox 3214 2729 3659 2800; x_wconf 77' lang='lat' dir='ltr'><strong>producerentur</strong></span> 
     </span>
    </p>
   </div>
   <div class='ocr_carea' id='block_1_82' title="bbox 2074 2815 3653 2888">
    <p class='ocr_par' dir='ltr' id='par_1_82' title="bbox 2074 2815 3653 2888">
     <span class='ocr_line' id='line_1_83' title="bbox 2074 2815 3653 2888; baseline 0.001 -18"><span class='ocrx_word' id='word_1_595' title='bbox 2074 2829 2141 2870; x_wconf 77' lang='lat' dir='ltr'><strong>ex</strong></span> <span class='ocrx_word' id='word_1_596' title='bbox 2182 2815 2250 2870; x_wconf 87' lang='lat' dir='ltr'><strong>iis</strong></span> <span class='ocrx_word' id='word_1_597' title='bbox 2297 2830 2420 2885; x_wconf 69' lang='lat' dir='ltr'><strong>qua:</strong></span> <span class='ocrx_word' id='word_1_598' title='bbox 2460 2831 2581 2871; x_wconf 78' lang='lat' dir='ltr'><strong>non</strong></span> <span class='ocrx_word' id='word_1_599' title='bbox 2624 2819 2775 2881; x_wconf 87' lang='lat' dir='ltr'><strong>sunt,</strong></span> <span class='ocrx_word' id='word_1_600' title='bbox 2804 2831 2869 2872; x_wconf 88' lang='lat' dir='ltr'><strong>ea</strong></span> <span class='ocrx_word' id='word_1_601' title='bbox 2918 2833 3041 2888; x_wconf 69' lang='lat' dir='ltr'><strong>quae</strong></span> <span class='ocrx_word' id='word_1_602' title='bbox 3086 2827 3235 2874; x_wconf 89' lang='lat' dir='ltr'><strong>sunt.</strong></span> <span class='ocrx_word' id='word_1_603' title='bbox 3281 2818 3417 2873; x_wconf 90' lang='lat' dir='ltr'><strong>Cum</strong></span> <span class='ocrx_word' id='word_1_604' title='bbox 3467 2825 3653 2874; x_wconf 89' lang='lat' dir='ltr'><strong>autem</strong></span> 
     </span>
    </p>
   </div>
   <div class='ocr_carea' id='block_1_83' title="bbox 2076 2906 3655 2981">
    <p class='ocr_par' dir='ltr' id='par_1_83' title="bbox 2076 2906 3655 2981">
     <span class='ocr_line' id='line_1_84' title="bbox 2076 2906 3655 2981; baseline 0.005 -23"><span class='ocrx_word' id='word_1_605' title='bbox 2076 2906 2252 2971; x_wconf 88' lang='lat' dir='ltr'><strong>audis,</strong></span> <span class='ocrx_word' id='word_1_606' title='bbox 2282 2907 2504 2970; x_wconf 82' lang='lat' dir='ltr'><strong>stecula,</strong></span> <span class='ocrx_word' id='word_1_607' title='bbox 2541 2922 2609 2963; x_wconf 92' lang='lat' dir='ltr'><strong>ea</strong></span> <span class='ocrx_word' id='word_1_608' title='bbox 2646 2906 2814 2964; x_wconf 82' lang='lat' dir='ltr'><strong>simul</strong></span> <span class='ocrx_word' id='word_1_609' title='bbox 2846 2908 3089 2980; x_wconf 74' lang='lat' dir='ltr'><strong>intellige</strong></span> <span class='ocrx_word' id='word_1_610' title='bbox 3125 2917 3331 2965; x_wconf 64' lang='lat' dir='ltr'><strong>aeterna</strong></span> <span class='ocrx_word' id='word_1_611' title='bbox 3366 2924 3486 2981; x_wconf 67' lang='lat' dir='ltr'><strong>qua:</strong></span> <span class='ocrx_word' id='word_1_612' title='bbox 3533 2908 3655 2966; x_wconf 80' lang='lat' dir='ltr'><strong>istis</strong></span> 
     </span>
    </p>
   </div>
   <div class='ocr_carea' id='block_1_84' title="bbox 2074 2998 3660 3072">
    <p class='ocr_par' dir='ltr' id='par_1_84' title="bbox 2074 2998 3660 3072">
     <span class='ocr_line' id='line_1_85' title="bbox 2074 2998 3660 3072; baseline -0.002 -17"><span class='ocrx_word' id='word_1_613' title='bbox 2074 2998 2450 3066; x_wconf 87' lang='lat' dir='ltr'><strong>continentur,</strong></span> <span class='ocrx_word' id='word_1_614' title='bbox 2502 3001 2615 3057; x_wconf 89' lang='lat' dir='ltr'><strong>imo</strong></span> <span class='ocrx_word' id='word_1_615' title='bbox 2662 3017 2805 3059; x_wconf 81' lang='lat' dir='ltr'><strong>vero,</strong></span> <span class='ocrx_word' id='word_1_616' title='bbox 2834 3009 3104 3071; x_wconf 86' lang='lat' dir='ltr'><strong>tempora,</strong></span> <span class='ocrx_word' id='word_1_617' title='bbox 3145 3002 3395 3072; x_wconf 88' lang='lat' dir='ltr'><strong>adeoque</strong></span> <span class='ocrx_word' id='word_1_618' title='bbox 3449 3009 3660 3058; x_wconf 88' lang='lat' dir='ltr'><strong>cuncta.</strong></span> 
     </span>
    </p>
   </div>
   <div class='ocr_carea' id='block_1_85' title="bbox 2076 3094 3665 3166">
    <p class='ocr_par' dir='ltr' id='par_1_85' title="bbox 2076 3094 3665 3166">
     <span class='ocr_line' id='line_1_86' title="bbox 2076 3094 3665 3166; baseline 0.003 -18"><span class='ocrx_word' id='word_1_619' title='bbox 2076 3095 2427 3165; x_wconf 84' lang='lat' dir='ltr'><strong>temporaria,</strong></span> <span class='ocrx_word' id='word_1_620' title='bbox 2492 3094 2843 3152; x_wconf 87' lang='lat' dir='ltr'><strong>inusitatiore</strong></span> <span class='ocrx_word' id='word_1_621' title='bbox 2895 3095 3157 3166; x_wconf 87' lang='lat' dir='ltr'><strong>loquendi</strong></span> <span class='ocrx_word' id='word_1_622' title='bbox 3217 3096 3382 3150; x_wconf 82' lang='lat' dir='ltr'><strong>modo</strong></span> <span class='ocrx_word' id='word_1_623' title='bbox 3433 3098 3665 3153; x_wconf 64' lang='lat' dir='ltr'><strong>saeculis</strong></span> 
     </span>
    </p>
   </div>
   <div class='ocr_carea' id='block_1_86' title="bbox 1995 3186 3656 3262">
    <p class='ocr_par' dir='ltr' id='par_1_86' title="bbox 1995 3186 3656 3262">
     <span class='ocr_line' id='line_1_87' title="bbox 1995 3186 3656 3262; baseline 0.002 -20"><span class='ocrx_word' id='word_1_624' title='bbox 1995 3202 2042 3262; x_wconf 70' lang='grc' dir='ltr'>ο</span> <span class='ocrx_word' id='word_1_625' title='bbox 2073 3187 2239 3242; x_wconf 91' lang='lat' dir='ltr'><strong>etiam</strong></span> <span class='ocrx_word' id='word_1_626' title='bbox 2285 3197 2529 3258; x_wconf 85' lang='lat' dir='ltr'><strong>tempora</strong></span> <span class='ocrx_word' id='word_1_627' title='bbox 2572 3187 3029 3259; x_wconf 80' lang='lat' dir='ltr'><strong>significantibus.</strong></span> <span class='ocrx_word' id='word_1_628' title='bbox 3065 3186 3200 3242; x_wconf 84' lang='lat' dir='ltr'><strong>Nam</strong></span> <span class='ocrx_word' id='word_1_629' title='bbox 3242 3187 3463 3260; x_wconf 88' lang='lat' dir='ltr'><strong>proprie</strong></span> <span class='ocrx_word' id='word_1_630' title='bbox 3483 3204 3656 3246; x_wconf 67' lang='lat' dir='ltr'><strong>saecu-</strong></span> 
     </span>
    </p>
   </div>
   <div class='ocr_carea' id='block_1_87' title="bbox 2076 3276 3656 3350">
    <p class='ocr_par' dir='ltr' id='par_1_87' title="bbox 2076 3276 3656 3350">
     <span class='ocr_line' id='line_1_88' title="bbox 2076 3276 3656 3350; baseline 0.001 -19"><span class='ocrx_word' id='word_1_631' title='bbox 2076 3276 2187 3332; x_wconf 91' lang='lat' dir='ltr'><strong>lum</strong></span> <span class='ocrx_word' id='word_1_632' title='bbox 2220 3277 2374 3333; x_wconf 83' lang='lat' dir='ltr'><strong>aliud</strong></span> <span class='ocrx_word' id='word_1_633' title='bbox 2409 3276 2710 3349; x_wconf 84' lang='lat' dir='ltr'><strong>quidquam</strong></span> <span class='ocrx_word' id='word_1_634' title='bbox 2753 3292 2920 3350; x_wconf 90' lang='lat' dir='ltr'><strong>quam</strong></span> <span class='ocrx_word' id='word_1_635' title='bbox 2964 3284 3182 3347; x_wconf 89' lang='lat' dir='ltr'><strong>tempus</strong></span> <span class='ocrx_word' id='word_1_636' title='bbox 3220 3284 3335 3344; x_wconf 86' lang='lat' dir='ltr'><strong>est,</strong></span> <span class='ocrx_word' id='word_1_637' title='bbox 3373 3286 3430 3334; x_wconf 87' lang='lat' dir='ltr'><strong>et</strong></span> <span class='ocrx_word' id='word_1_638' title='bbox 3457 3293 3656 3348; x_wconf 79' lang='lat' dir='ltr'><strong>unum,</strong></span> 
     </span>
    </p>
   </div>
   <div class='ocr_carea' id='block_1_88' title="bbox 2074 3369 2411 3425">
    <p class='ocr_par' dir='ltr' id='par_1_88' title="bbox 2074 3369 2411 3425">
     <span class='ocr_line' id='line_1_89' title="bbox 2074 3369 2411 3425; baseline -0.003 0"><span class='ocrx_word' id='word_1_639' title='bbox 2074 3384 2183 3425; x_wconf 89' lang='lat' dir='ltr'><strong>non</strong></span> <span class='ocrx_word' id='word_1_640' title='bbox 2214 3369 2411 3425; x_wconf 91' lang='lat' dir='ltr'><strong>multa.</strong></span> 
     </span>
    </p>
   </div>
   <div class='ocr_carea' id='block_1_89' title="bbox 2146 3459 3655 3533">
    <p class='ocr_par' dir='ltr' id='par_1_89' title="bbox 2146 3459 3655 3533">
     <span class='ocr_line' id='line_1_90' title="bbox 2146 3459 3655 3533; baseline -0.002 -15"><span class='ocrx_word' id='word_1_641' title='bbox 2146 3462 2319 3518; x_wconf 71' lang='lat' dir='ltr'><strong>Vsus.</strong></span> <span class='ocrx_word' id='word_1_642' title='bbox 2358 3462 2414 3517; x_wconf 77' lang='grc' dir='ltr'><strong>ι.</strong></span> <span class='ocrx_word' id='word_1_643' title='bbox 2464 3459 2601 3518; x_wconf 82' lang='lat' dir='ltr'><strong>Fide</strong></span> <span class='ocrx_word' id='word_1_644' title='bbox 2634 3462 2988 3532; x_wconf 71' lang='lat' dir='ltr'><strong>copiosiorem</strong></span> <span class='ocrx_word' id='word_1_645' title='bbox 3035 3462 3268 3518; x_wconf 85' lang='lat' dir='ltr'><strong>hostiam</strong></span> <span class='ocrx_word' id='word_1_646' title='bbox 3323 3461 3457 3517; x_wconf 82' lang='lat' dir='ltr'><strong>Abel</strong></span> <span class='ocrx_word' id='word_1_647' title='bbox 3495 3478 3655 3533; x_wconf 85' lang='lat' dir='ltr'><strong>quam</strong></span> 
     </span>
    </p>
   </div>
   <div class='ocr_carea' id='block_1_90' title="bbox 2075 3553 3652 3628">
    <p class='ocr_par' dir='ltr' id='par_1_90' title="bbox 2075 3553 3652 3628">
     <span class='ocr_line' id='line_1_91' title="bbox 2075 3553 3652 3628; baseline -0.001 -16"><span class='ocrx_word' id='word_1_648' title='bbox 2075 3554 2209 3612; x_wconf 86' lang='lat' dir='ltr'><strong>Cain</strong></span> <span class='ocrx_word' id='word_1_649' title='bbox 2242 3555 2436 3610; x_wconf 81' lang='lat' dir='ltr'><strong>obtulit</strong></span> <span class='ocrx_word' id='word_1_650' title='bbox 2454 3554 2588 3613; x_wconf 89' lang='lat' dir='ltr'><strong>Deo.</strong></span> <span class='ocrx_word' id='word_1_651' title='bbox 2609 3553 2748 3621; x_wconf 81' lang='lat' dir='ltr'><strong>Quia</strong></span> <span class='ocrx_word' id='word_1_652' title='bbox 2773 3570 2862 3611; x_wconf 90' lang='lat' dir='ltr'><strong>res</strong></span> <span class='ocrx_word' id='word_1_653' title='bbox 2890 3570 3087 3625; x_wconf 79' lang='lat' dir='ltr'><strong>magna</strong></span> <span class='ocrx_word' id='word_1_654' title='bbox 3123 3565 3209 3613; x_wconf 87' lang='lat' dir='ltr'><strong>est</strong></span> <span class='ocrx_word' id='word_1_655' title='bbox 3229 3556 3384 3624; x_wconf 87' lang='lat' dir='ltr'><strong>fides,</strong></span> <span class='ocrx_word' id='word_1_656' title='bbox 3414 3564 3469 3612; x_wconf 92' lang='lat' dir='ltr'><strong>et</strong></span> <span class='ocrx_word' id='word_1_657' title='bbox 3496 3572 3652 3628; x_wconf 81' lang='lat' dir='ltr'><strong>gene-</strong></span> 
     </span>
    </p>
   </div>
   <div class='ocr_carea' id='block_1_91' title="bbox 2077 3646 3654 3717">
    <p class='ocr_par' dir='ltr' id='par_1_91' title="bbox 2077 3646 3654 3717">
     <span class='ocr_line' id='line_1_92' title="bbox 2077 3646 3654 3717; baseline 0.001 -17"><span class='ocrx_word' id='word_1_658' title='bbox 2077 3661 2202 3702; x_wconf 90' lang='lat' dir='ltr'><strong>rosa</strong></span> <span class='ocrx_word' id='word_1_659' title='bbox 2246 3646 2428 3701; x_wconf 89' lang='lat' dir='ltr'><strong>anima</strong></span> <span class='ocrx_word' id='word_1_660' title='bbox 2478 3646 2706 3717; x_wconf 80' lang='lat' dir='ltr'><strong>indiget,</strong></span> <span class='ocrx_word' id='word_1_661' title='bbox 2744 3646 2955 3702; x_wconf 61' lang='lat' dir='ltr'><strong>Hebraei</strong></span> <span class='ocrx_word' id='word_1_662' title='bbox 2981 3654 3162 3703; x_wconf 89' lang='lat' dir='ltr'><strong>autem</strong></span> <span class='ocrx_word' id='word_1_663' title='bbox 3223 3647 3409 3705; x_wconf 89' lang='lat' dir='ltr'><strong>fideles</strong></span> <span class='ocrx_word' id='word_1_664' title='bbox 3450 3649 3654 3703; x_wconf 83' lang='lat' dir='ltr'><strong>infirmi</strong></span> 
     </span>
    </p>
   </div>
   <div class='ocr_carea' id='block_1_92' title="bbox 2077 3738 3667 3808">
    <p class='ocr_par' dir='ltr' id='par_1_92' title="bbox 2077 3738 3667 3808">
     <span class='ocr_line' id='line_1_93' title="bbox 2077 3738 3667 3808; baseline 0.004 -16"><span class='ocrx_word' id='word_1_665' title='bbox 2077 3746 2251 3800; x_wconf 85' lang='lat' dir='ltr'><strong>erant.</strong></span> <span class='ocrx_word' id='word_1_666' title='bbox 2292 3752 2358 3793; x_wconf 91' lang='lat' dir='ltr'><strong>ac</strong></span> <span class='ocrx_word' id='word_1_667' title='bbox 2399 3739 2639 3808; x_wconf 89' lang='lat' dir='ltr'><strong>primum</strong></span> <span class='ocrx_word' id='word_1_668' title='bbox 2691 3739 2913 3807; x_wconf 86' lang='lat' dir='ltr'><strong>quidem</strong></span> <span class='ocrx_word' id='word_1_669' title='bbox 2967 3738 3127 3795; x_wconf 83' lang='lat' dir='ltr'><strong>fidem</strong></span> <span class='ocrx_word' id='word_1_670' title='bbox 3180 3740 3667 3808; x_wconf 88' lang='lat' dir='ltr'><strong>demonstrarunt,-</strong></span> 
     </span>
    </p>
   </div>
   <div class='ocr_carea' id='block_1_93' title="bbox 2079 3830 3655 3906">
    <p class='ocr_par' dir='ltr' id='par_1_93' title="bbox 2079 3830 3655 3906">
     <span class='ocr_line' id='line_1_94' title="bbox 2079 3830 3655 3906; baseline 0.002 -22"><span class='ocrx_word' id='word_1_671' title='bbox 2079 3830 2337 3901; x_wconf 88' lang='lat' dir='ltr'><strong>deinceps</strong></span> <span class='ocrx_word' id='word_1_672' title='bbox 2365 3845 2497 3886; x_wconf 84' lang='lat' dir='ltr'><strong>vero</strong></span> <span class='ocrx_word' id='word_1_673' title='bbox 2529 3831 2602 3887; x_wconf 91' lang='lat' dir='ltr'><strong>ob</strong></span> <span class='ocrx_word' id='word_1_674' title='bbox 2628 3830 2990 3887; x_wconf 74' lang='lat' dir='ltr'><strong>afﬂictionum</strong></span> <span class='ocrx_word' id='word_1_675' title='bbox 3035 3831 3399 3903; x_wconf 87' lang='lat' dir='ltr'><strong>frequentiam</strong></span> <span class='ocrx_word' id='word_1_676' title='bbox 3424 3834 3655 3906; x_wconf 84' lang='lat' dir='ltr'><strong>pusilla-</strong></span> 
     </span>
    </p>
   </div>
   <div class='ocr_carea' id='block_1_94' title="bbox 2079 3923 3653 3996">
    <p class='ocr_par' dir='ltr' id='par_1_94' title="bbox 2079 3923 3653 3996">
     <span class='ocr_line' id='line_1_95' title="bbox 2079 3923 3653 3996; baseline 0.002 -19"><span class='ocrx_word' id='word_1_677' title='bbox 2079 3923 2255 3978; x_wconf 90' lang='lat' dir='ltr'><strong>nimes</strong></span> <span class='ocrx_word' id='word_1_678' title='bbox 2282 3923 2671 3990; x_wconf 89' lang='lat' dir='ltr'><strong>reddebantur,</strong></span> <span class='ocrx_word' id='word_1_679' title='bbox 2697 3923 3028 3981; x_wconf 86' lang='lat' dir='ltr'><strong>adhortatus</strong></span> <span class='ocrx_word' id='word_1_680' title='bbox 3061 3934 3149 3981; x_wconf 86' lang='lat' dir='ltr'><strong>est</strong></span> <span class='ocrx_word' id='word_1_681' title='bbox 3175 3940 3272 3981; x_wconf 90' lang='lat' dir='ltr'><strong>eos</strong></span> <span class='ocrx_word' id='word_1_682' title='bbox 3298 3940 3328 3979; x_wconf 90' lang='lat' dir='ltr'><strong>a</strong></span> <span class='ocrx_word' id='word_1_683' title='bbox 3366 3929 3532 3984; x_wconf 86' lang='lat' dir='ltr'><strong>rebus</strong></span> <span class='ocrx_word' id='word_1_684' title='bbox 3554 3943 3653 3996; x_wconf 88' lang='lat' dir='ltr'><strong>per</strong></span> 
     </span>
    </p>
   </div>
   <div class='ocr_carea' id='block_1_95' title="bbox 2077 4015 3653 4088">
    <p class='ocr_par' dir='ltr' id='par_1_95' title="bbox 2077 4015 3653 4088">
     <span class='ocr_line' id='line_1_96' title="bbox 2077 4015 3653 4088; baseline 0.001 -17"><span class='ocrx_word' id='word_1_685' title='bbox 2077 4031 2173 4071; x_wconf 87' lang='lat' dir='ltr'><strong>eos</strong></span> <span class='ocrx_word' id='word_1_686' title='bbox 2216 4015 2477 4087; x_wconf 72' lang='lat' dir='ltr'><strong>praeclare</strong></span> <span class='ocrx_word' id='word_1_687' title='bbox 2525 4015 2718 4085; x_wconf 76' lang='lat' dir='ltr'><strong>gestis,</strong></span> <span class='ocrx_word' id='word_1_688' title='bbox 2759 4024 2813 4071; x_wconf 89' lang='lat' dir='ltr'><strong>et</strong></span> <span class='ocrx_word' id='word_1_689' title='bbox 2843 4031 2874 4072; x_wconf 89' lang='lat' dir='ltr'><strong>a</strong></span> <span class='ocrx_word' id='word_1_690' title='bbox 2906 4016 3214 4087; x_wconf 87' lang='lat' dir='ltr'><strong>Scriptura,</strong></span> <span class='ocrx_word' id='word_1_691' title='bbox 3257 4016 3472 4082; x_wconf 88' lang='lat' dir='ltr'><strong>dicens,</strong></span> <span class='ocrx_word' id='word_1_692' title='bbox 3507 4020 3653 4088; x_wconf 90' lang='lat' dir='ltr'><strong>quod</strong></span> 
     </span>
    </p>
   </div>
   <div class='ocr_carea' id='block_1_96' title="bbox 2075 4108 3651 4180">
    <p class='ocr_par' dir='ltr' id='par_1_96' title="bbox 2075 4108 3651 4180">
     <span class='ocr_line' id='line_1_97' title="bbox 2075 4108 3651 4180; baseline 0.001 -16"><span class='ocrx_word' id='word_1_693' title='bbox 2075 4108 2258 4180; x_wconf 86' lang='lat' dir='ltr'><strong>justus</strong></span> <span class='ocrx_word' id='word_1_694' title='bbox 2291 4124 2358 4165; x_wconf 81' lang='lat' dir='ltr'><strong>ex</strong></span> <span class='ocrx_word' id='word_1_695' title='bbox 2384 4108 2491 4164; x_wconf 88' lang='lat' dir='ltr'><strong>fide</strong></span> <span class='ocrx_word' id='word_1_696' title='bbox 2520 4109 2594 4165; x_wconf 88' lang='lat' dir='ltr'><strong>sit</strong></span> <span class='ocrx_word' id='word_1_697' title='bbox 2642 4108 2925 4167; x_wconf 81' lang='lat' dir='ltr'><strong>victurus:</strong></span> <span class='ocrx_word' id='word_1_698' title='bbox 2974 4116 3030 4165; x_wconf 90' lang='lat' dir='ltr'><strong>et</strong></span> <span class='ocrx_word' id='word_1_699' title='bbox 3059 4125 3091 4166; x_wconf 86' lang='lat' dir='ltr'><strong>a</strong></span> <span class='ocrx_word' id='word_1_700' title='bbox 3114 4108 3651 4176; x_wconf 86' lang='lat' dir='ltr'><strong>ratiocinationibus,</strong></span> 
     </span>
    </p>
   </div>
   <div class='ocr_carea' id='block_1_97' title="bbox 2080 4199 3656 4273">
    <p class='ocr_par' dir='ltr' id='par_1_97' title="bbox 2080 4199 3656 4273">
     <span class='ocr_line' id='line_1_98' title="bbox 2080 4199 3656 4273; baseline 0 -17"><span class='ocrx_word' id='word_1_701' title='bbox 2080 4202 2365 4272; x_wconf 87' lang='lat' dir='ltr'><strong>inquiens:</strong></span> <span class='ocrx_word' id='word_1_702' title='bbox 2401 4199 2564 4257; x_wconf 83' lang='lat' dir='ltr'><strong>Fides</strong></span> <span class='ocrx_word' id='word_1_703' title='bbox 2599 4210 2879 4258; x_wconf 83' lang='lat' dir='ltr'><strong>esteorum</strong></span> <span class='ocrx_word' id='word_1_704' title='bbox 2904 4218 3023 4273; x_wconf 81' lang='lat' dir='ltr'><strong>qute</strong></span> <span class='ocrx_word' id='word_1_705' title='bbox 3055 4210 3338 4272; x_wconf 84' lang='lat' dir='ltr'><strong>sperantur</strong></span> <span class='ocrx_word' id='word_1_706' title='bbox 3360 4201 3656 4257; x_wconf 78' lang='lat' dir='ltr'><strong>subsisten-</strong></span> 
     </span>
    </p>
   </div>
   <div class='ocr_carea' id='block_1_98' title="bbox 2082 4293 3654 4366">
    <p class='ocr_par' dir='ltr' id='par_1_98' title="bbox 2082 4293 3654 4366">
     <span class='ocr_line' id='line_1_99' title="bbox 2082 4293 3654 4366; baseline 0 -19"><span class='ocrx_word' id='word_1_707' title='bbox 2082 4294 2191 4347; x_wconf 88' lang='lat' dir='ltr'><strong>tia:</strong></span> <span class='ocrx_word' id='word_1_708' title='bbox 2227 4308 2376 4350; x_wconf 90' lang='lat' dir='ltr'><strong>nunc</strong></span> <span class='ocrx_word' id='word_1_709' title='bbox 2406 4308 2534 4350; x_wconf 86' lang='lat' dir='ltr'><strong>vero</strong></span> <span class='ocrx_word' id='word_1_710' title='bbox 2564 4307 2594 4348; x_wconf 86' lang='lat' dir='ltr'><strong>a</strong></span> <span class='ocrx_word' id='word_1_711' title='bbox 2620 4295 2834 4366; x_wconf 76' lang='lat' dir='ltr'><strong>magnis</strong></span> <span class='ocrx_word' id='word_1_712' title='bbox 2864 4302 2919 4349; x_wconf 89' lang='lat' dir='ltr'><strong>et</strong></span> <span class='ocrx_word' id='word_1_713' title='bbox 2959 4294 3157 4365; x_wconf 87' lang='lat' dir='ltr'><strong>priscis</strong></span> <span class='ocrx_word' id='word_1_714' title='bbox 3187 4293 3318 4349; x_wconf 84' lang='lat' dir='ltr'><strong>viris</strong></span> <span class='ocrx_word' id='word_1_715' title='bbox 3342 4293 3511 4349; x_wconf 89' lang='lat' dir='ltr'><strong>etiam</strong></span> <span class='ocrx_word' id='word_1_716' title='bbox 3560 4310 3654 4349; x_wconf 89' lang='lat' dir='ltr'><strong>ar-</strong></span> 
     </span>
    </p>
   </div>
   <div class='ocr_carea' id='block_1_99' title="bbox 2080 4385 3658 4457">
    <p class='ocr_par' dir='ltr' id='par_1_99' title="bbox 2080 4385 3658 4457">
     <span class='ocr_line' id='line_1_100' title="bbox 2080 4385 3658 4457; baseline -0.001 -16"><span class='ocrx_word' id='word_1_717' title='bbox 2080 4394 2340 4457; x_wconf 80' lang='lat' dir='ltr'><strong>gumenta</strong></span> <span class='ocrx_word' id='word_1_718' title='bbox 2371 4387 2594 4457; x_wconf 86' lang='lat' dir='ltr'><strong>profert.</strong></span> <span class='ocrx_word' id='word_1_719' title='bbox 2615 4387 2753 4443; x_wconf 89' lang='lat' dir='ltr'><strong>Cum</strong></span> <span class='ocrx_word' id='word_1_720' title='bbox 2793 4387 2939 4443; x_wconf 90' lang='lat' dir='ltr'><strong>enim</strong></span> <span class='ocrx_word' id='word_1_721' title='bbox 2967 4386 3132 4442; x_wconf 84' lang='lat' dir='ltr'><strong>homo</strong></span> <span class='ocrx_word' id='word_1_722' title='bbox 3165 4385 3438 4441; x_wconf 80' lang='lat' dir='ltr'><strong>invenerit</strong></span> <span class='ocrx_word' id='word_1_723' title='bbox 3486 4387 3658 4456; x_wconf 87' lang='lat' dir='ltr'><strong>parti-</strong></span> 
     </span>
    </p>
   </div>
   <div class='ocr_carea' id='block_1_100' title="bbox 2081 4477 3657 4549">
    <p class='ocr_par' dir='ltr' id='par_1_100' title="bbox 2081 4477 3657 4549">
     <span class='ocr_line' id='line_1_101' title="bbox 2081 4477 3657 4549; baseline -0.001 -17"><span class='ocrx_word' id='word_1_724' title='bbox 2081 4479 2230 4548; x_wconf 84' lang='lat' dir='ltr'><strong>cipes</strong></span> <span class='ocrx_word' id='word_1_725' title='bbox 2259 4479 2676 4545; x_wconf 84' lang='lat' dir='ltr'><strong>adversitatum,</strong></span> <span class='ocrx_word' id='word_1_726' title='bbox 2707 4488 2987 4536; x_wconf 84' lang='lat' dir='ltr'><strong>recreatur</strong></span> <span class='ocrx_word' id='word_1_727' title='bbox 3014 4494 3078 4536; x_wconf 89' lang='lat' dir='ltr'><strong>ac</strong></span> <span class='ocrx_word' id='word_1_728' title='bbox 3106 4479 3366 4549; x_wconf 87' lang='lat' dir='ltr'><strong>respirat.</strong></span> <span class='ocrx_word' id='word_1_729' title='bbox 3391 4477 3657 4534; x_wconf 90' lang='lat' dir='ltr'><strong>Producit</strong></span> 
     </span>
    </p>
   </div>
   <div class='ocr_carea' id='block_1_101' title="bbox 2080 4567 3656 4642">
    <p class='ocr_par' dir='ltr' id='par_1_101' title="bbox 2080 4567 3656 4642">
     <span class='ocr_line' id='line_1_102' title="bbox 2080 4567 3656 4642; baseline 0 -19"><span class='ocrx_word' id='word_1_730' title='bbox 2080 4567 2245 4640; x_wconf 76' lang='lat' dir='ltr'><strong>igitur</strong></span> <span class='ocrx_word' id='word_1_731' title='bbox 2262 4568 2516 4634; x_wconf 83' lang='lat' dir='ltr'><strong>Abelum,</strong></span> <span class='ocrx_word' id='word_1_732' title='bbox 2538 4570 2825 4642; x_wconf 87' lang='lat' dir='ltr'><strong>inquiens:</strong></span> <span class='ocrx_word' id='word_1_733' title='bbox 2857 4569 2988 4627; x_wconf 80' lang='lat' dir='ltr'><strong>Fide</strong></span> <span class='ocrx_word' id='word_1_734' title='bbox 3016 4570 3215 4626; x_wconf 86' lang='lat' dir='ltr'><strong>obtulit</strong></span> <span class='ocrx_word' id='word_1_735' title='bbox 3231 4570 3507 4625; x_wconf 84' lang='lat' dir='ltr'><strong>victimam</strong></span> <span class='ocrx_word' id='word_1_736' title='bbox 3540 4585 3656 4624; x_wconf 90' lang='lat' dir='ltr'><strong>ma-</strong></span> 
     </span>
    </p>
   </div>
   <div class='ocr_carea' id='block_1_102' title="bbox 2075 4752 3657 4825">
    <p class='ocr_par' dir='ltr' id='par_1_102' title="bbox 2075 4752 3657 4825">
     <span class='ocr_line' id='line_1_103' title="bbox 2075 4752 3657 4825; baseline -0.002 -17"><span class='ocrx_word' id='word_1_737' title='bbox 2075 4753 2222 4809; x_wconf 91' lang='lat' dir='ltr'><strong>euim</strong></span> <span class='ocrx_word' id='word_1_738' title='bbox 2240 4753 2457 4810; x_wconf 75' lang='lat' dir='ltr'><strong>videbat</strong></span> <span class='ocrx_word' id='word_1_739' title='bbox 2481 4755 2650 4810; x_wconf 85' lang='lat' dir='ltr'><strong>alium</strong></span> <span class='ocrx_word' id='word_1_740' title='bbox 2671 4766 2798 4810; x_wconf 85' lang='lat' dir='ltr'><strong>ante</strong></span> <span class='ocrx_word' id='word_1_741' title='bbox 2826 4755 2930 4809; x_wconf 87' lang='lat' dir='ltr'><strong>se?</strong></span> <span class='ocrx_word' id='word_1_742' title='bbox 2952 4760 3234 4825; x_wconf 88' lang='lat' dir='ltr'><strong>patremne</strong></span> <span class='ocrx_word' id='word_1_743' title='bbox 3263 4761 3359 4808; x_wconf 90' lang='lat' dir='ltr'><strong>aut</strong></span> <span class='ocrx_word' id='word_1_744' title='bbox 3387 4752 3657 4809; x_wconf 82' lang='lat' dir='ltr'><strong>matrem?</strong></span> 
     </span>
    </p>
   </div>
   <div class='ocr_carea' id='block_1_103' title="bbox 2078 4843 3655 4915">
    <p class='ocr_par' dir='ltr' id='par_1_103' title="bbox 2078 4843 3655 4915">
     <span class='ocr_line' id='line_1_104' title="bbox 2078 4843 3655 4915; baseline 0.001 -18"><span class='ocrx_word' id='word_1_745' title='bbox 2078 4852 2134 4898; x_wconf 90' lang='lat' dir='ltr'><strong>at</strong></span> <span class='ocrx_word' id='word_1_746' title='bbox 2169 4844 2245 4899; x_wconf 90' lang='lat' dir='ltr'><strong>illi</strong></span> <span class='ocrx_word' id='word_1_747' title='bbox 2276 4844 2620 4915; x_wconf 73' lang='lat' dir='ltr'><strong>impegerant</strong></span> <span class='ocrx_word' id='word_1_748' title='bbox 2645 4845 2916 4900; x_wconf 79' lang='lat' dir='ltr'><strong>adversus</strong></span> <span class='ocrx_word' id='word_1_749' title='bbox 2943 4843 3136 4900; x_wconf 83' lang='lat' dir='ltr'><strong>Deum.</strong></span> <span class='ocrx_word' id='word_1_750' title='bbox 3166 4844 3237 4899; x_wconf 83' lang='lat' dir='ltr'><strong>At</strong></span> <span class='ocrx_word' id='word_1_751' title='bbox 3272 4845 3542 4900; x_wconf 86' lang='lat' dir='ltr'><strong>fratrem?</strong></span> <span class='ocrx_word' id='word_1_752' title='bbox 3564 4859 3655 4899; x_wconf 83' lang='lat' dir='ltr'><strong>ve-</strong></span> 
     </span>
    </p>
   </div>
   <div class='ocr_carea' id='block_1_104' title="bbox 2078 4934 3652 5007">
    <p class='ocr_par' dir='ltr' id='par_1_104' title="bbox 2078 4934 3652 5007">
     <span class='ocr_line' id='line_1_105' title="bbox 2078 4934 3652 5007; baseline -0.001 -18"><span class='ocrx_word' id='word_1_753' title='bbox 2078 4950 2201 4990; x_wconf 90' lang='lat' dir='ltr'><strong>rum</strong></span> <span class='ocrx_word' id='word_1_754' title='bbox 2235 4943 2290 4991; x_wconf 93' lang='lat' dir='ltr'><strong>et</strong></span> <span class='ocrx_word' id='word_1_755' title='bbox 2322 4934 2370 4990; x_wconf 92' lang='lat' dir='ltr'><strong>is</strong></span> <span class='ocrx_word' id='word_1_756' title='bbox 2403 4934 2572 4991; x_wconf 87' lang='lat' dir='ltr'><strong>Deum</strong></span> <span class='ocrx_word' id='word_1_757' title='bbox 2604 4948 2714 4988; x_wconf 91' lang='lat' dir='ltr'><strong>non</strong></span> <span class='ocrx_word' id='word_1_758' title='bbox 2741 4935 3006 4990; x_wconf 89' lang='lat' dir='ltr'><strong>coluerat.</strong></span> <span class='ocrx_word' id='word_1_759' title='bbox 3037 4935 3168 4991; x_wconf 86' lang='lat' dir='ltr'><strong>Fide</strong></span> <span class='ocrx_word' id='word_1_760' title='bbox 3194 4951 3326 5007; x_wconf 75' lang='lat' dir='ltr'><strong>ergo</strong></span> <span class='ocrx_word' id='word_1_761' title='bbox 3377 4934 3494 4991; x_wconf 84' lang='lat' dir='ltr'><strong>sola</strong></span> <span class='ocrx_word' id='word_1_762' title='bbox 3527 4949 3652 5004; x_wconf 87' lang='lat' dir='ltr'><strong>per-</strong></span> 
     </span>
    </p>
   </div>
   <div class='ocr_carea' id='block_1_105' title="bbox 2084 5024 3655 5097">
    <p class='ocr_par' dir='ltr' id='par_1_105' title="bbox 2084 5024 3655 5097">
     <span class='ocr_line' id='line_1_106' title="bbox 2084 5024 3655 5097; baseline -0.003 -15"><span class='ocrx_word' id='word_1_763' title='bbox 2084 5026 2290 5082; x_wconf 85' lang='lat' dir='ltr'><strong>ductus</strong></span> <span class='ocrx_word' id='word_1_764' title='bbox 2317 5034 2404 5082; x_wconf 89' lang='lat' dir='ltr'><strong>est</strong></span> <span class='ocrx_word' id='word_1_765' title='bbox 2434 5034 2495 5081; x_wconf 91' lang='lat' dir='ltr'><strong>ut</strong></span> <span class='ocrx_word' id='word_1_766' title='bbox 2530 5024 2753 5081; x_wconf 73' lang='lat' dir='ltr'><strong>offerret</strong></span> <span class='ocrx_word' id='word_1_767' title='bbox 2779 5026 2891 5081; x_wconf 90' lang='lat' dir='ltr'><strong>Deo</strong></span> <span class='ocrx_word' id='word_1_768' title='bbox 2929 5043 2997 5082; x_wconf 81' lang='lat' dir='ltr'><strong>ex</strong></span> <span class='ocrx_word' id='word_1_769' title='bbox 3041 5028 3362 5084; x_wconf 87' lang='lat' dir='ltr'><strong>melioribus</strong></span> <span class='ocrx_word' id='word_1_770' title='bbox 3400 5041 3521 5097; x_wconf 66' lang='lat' dir='ltr'><strong>qua:</strong></span> <span class='ocrx_word' id='word_1_771' title='bbox 3552 5025 3655 5079; x_wconf 83' lang='lat' dir='ltr'><strong>ha-</strong></span> 
     </span>
    </p>
   </div>
   <div class='ocr_carea' id='block_1_106' title="bbox 2081 5116 3367 5188">
    <p class='ocr_par' dir='ltr' id='par_1_106' title="bbox 2081 5116 3367 5188">
     <span class='ocr_line' id='line_1_107' title="bbox 2081 5116 3367 5188; baseline -0.002 -16"><span class='ocrx_word' id='word_1_772' title='bbox 2081 5116 2268 5181; x_wconf 87' lang='lat' dir='ltr'><strong>bebat,</strong></span> <span class='ocrx_word' id='word_1_773' title='bbox 2298 5116 2532 5172; x_wconf 87' lang='lat' dir='ltr'><strong>credens</strong></span> <span class='ocrx_word' id='word_1_774' title='bbox 2556 5131 2615 5171; x_wconf 88' lang='lat' dir='ltr'><strong>se</strong></span> <span class='ocrx_word' id='word_1_775' title='bbox 2645 5117 2949 5172; x_wconf 88' lang='lat' dir='ltr'><strong>mercedem</strong></span> <span class='ocrx_word' id='word_1_776' title='bbox 2990 5126 3367 5188; x_wconf 90' lang='lat' dir='ltr'><strong>accepturum.</strong></span> 
     </span>
    </p>
   </div>
   <div class='ocr_carea' id='block_1_107' title="bbox 2150 5207 3652 5283">
    <p class='ocr_par' dir='ltr' id='par_1_107' title="bbox 2150 5207 3652 5283">
     <span class='ocr_line' id='line_1_108' title="bbox 2150 5207 3652 5283; baseline -0.003 -18"><span class='ocrx_word' id='word_1_777' title='bbox 2150 5210 2258 5267; x_wconf 84' lang='lat' dir='ltr'><strong>Per</strong></span> <span class='ocrx_word' id='word_1_778' title='bbox 2288 5228 2449 5283; x_wconf 86' lang='lat' dir='ltr'><strong>quam</strong></span> <span class='ocrx_word' id='word_1_779' title='bbox 2470 5209 2832 5266; x_wconf 79' lang='lat' dir='ltr'><strong>testimonium</strong></span> <span class='ocrx_word' id='word_1_780' title='bbox 2866 5223 3176 5266; x_wconf 74' lang='lat' dir='ltr'><strong>consecutus</strong></span> <span class='ocrx_word' id='word_1_781' title='bbox 3203 5218 3306 5275; x_wconf 84' lang='lat' dir='ltr'><strong>est,</strong></span> <span class='ocrx_word' id='word_1_782' title='bbox 3344 5207 3484 5280; x_wconf 82' lang='lat' dir='ltr'><strong>quod</strong></span> <span class='ocrx_word' id='word_1_783' title='bbox 3519 5215 3652 5260; x_wconf 81' lang='lat' dir='ltr'><strong>esset</strong></span> 
     </span>
    </p>
   </div>
   <div class='ocr_carea' id='block_1_108' title="bbox 390 5300 1971 5376">
    <p class='ocr_par' dir='ltr' id='par_1_108' title="bbox 390 5302 1971 5376">
     <span class='ocr_line' id='line_1_109' title="bbox 390 5302 1971 5376; baseline 0 -18"><span class='ocrx_word' id='word_1_784' title='bbox 390 5322 495 5371; x_wconf 80' lang='grc' dir='ltr'><strong>τος</strong></span> <span class='ocrx_word' id='word_1_785' title='bbox 529 5306 627 5358; x_wconf 81' lang='grc' dir='ltr'><strong>ἐπὶ</strong></span> <span class='ocrx_word' id='word_1_786' title='bbox 657 5303 782 5370; x_wconf 81' lang='grc' dir='ltr'><strong>τοῖς</strong></span> <span class='ocrx_word' id='word_1_787' title='bbox 815 5302 1025 5371; x_wconf 84' lang='grc' dir='ltr'><strong>δώροις</strong></span> <span class='ocrx_word' id='word_1_788' title='bbox 1055 5304 1246 5359; x_wconf 83' lang='grc' dir='ltr'><strong>αὐτοῦ</strong></span> <span class='ocrx_word' id='word_1_789' title='bbox 1273 5303 1381 5358; x_wconf 88' lang='grc' dir='ltr'><strong>τοῦ</strong></span> <span class='ocrx_word' id='word_1_790' title='bbox 1405 5303 1575 5363; x_wconf 79' lang='grc' dir='ltr'><strong>Θεοῦ.</strong></span> <span class='ocrx_word' id='word_1_791' title='bbox 1612 5304 1673 5359; x_wconf 86' lang='grc' dir='ltr'>Ὀ</span> <span class='ocrx_word' id='word_1_792' title='bbox 1708 5303 1816 5376; x_wconf 83' lang='grc' dir='ltr'><strong>γὰρ</strong></span> <span class='ocrx_word' id='word_1_793' title='bbox 1838 5305 1971 5376; x_wconf 82' lang='grc' dir='ltr'><strong>πρὸς</strong></span> 
     </span>
    </p>
   </div>
   <div class='ocr_carea' id='block_1_109' title="bbox 2077 5300 3651 5376">
    <p class='ocr_par' dir='ltr' id='par_1_109' title="bbox 2077 5300 3651 5376">
     <span class='ocr_line' id='line_1_110' title="bbox 2077 5300 3651 5376; baseline -0.004 -16"><span class='ocrx_word' id='word_1_794' title='bbox 2077 5306 2272 5376; x_wconf 78' lang='lat' dir='ltr'><strong>iustus,</strong></span> <span class='ocrx_word' id='word_1_795' title='bbox 2300 5306 2660 5363; x_wconf 85' lang='lat' dir='ltr'><strong>testimonium</strong></span> <span class='ocrx_word' id='word_1_796' title='bbox 2688 5306 2988 5374; x_wconf 80' lang='lat' dir='ltr'><strong>perhibente</strong></span> <span class='ocrx_word' id='word_1_797' title='bbox 3013 5305 3120 5359; x_wconf 81' lang='lat' dir='ltr'><strong>Deo</strong></span> <span class='ocrx_word' id='word_1_798' title='bbox 3148 5318 3307 5370; x_wconf 83' lang='lat' dir='ltr'><strong>super</strong></span> <span class='ocrx_word' id='word_1_799' title='bbox 3327 5301 3481 5354; x_wconf 85' lang='lat' dir='ltr'><strong>donis</strong></span> <span class='ocrx_word' id='word_1_800' title='bbox 3510 5300 3651 5370; x_wconf 84' lang='lat' dir='ltr'><strong>ejus.</strong></span> 
     </span>
    </p>
   </div>
   <div class='ocr_carea' id='block_1_110' title="bbox 390 5396 1969 5470">
    <p class='ocr_par' dir='ltr' id='par_1_110' title="bbox 390 5396 1969 5470">
     <span class='ocr_line' id='line_1_111' title="bbox 390 5396 1969 5470; baseline 0.003 -21"><span class='ocrx_word' id='word_1_801' title='bbox 390 5396 484 5449; x_wconf 78' lang='grc' dir='ltr'><strong>τὸν</strong></span> <span class='ocrx_word' id='word_1_802' title='bbox 510 5398 650 5453; x_wconf 80' lang='grc' dir='ltr'><strong>Κάῖν</strong></span> <span class='ocrx_word' id='word_1_803' title='bbox 681 5396 921 5468; x_wconf 80' lang='grc' dir='ltr'><strong>εἰρηκὼς</strong></span> <span class='ocrx_word' id='word_1_804' title='bbox 947 5397 1101 5463; x_wconf 80' lang='grc' dir='ltr'><strong>Θεὸς,</strong></span> <span class='ocrx_word' id='word_1_805' title='bbox 1137 5400 1253 5453; x_wconf 77' lang='grc' dir='ltr'><strong>Οὐκ</strong></span> <span class='ocrx_word' id='word_1_806' title='bbox 1308 5398 1375 5452; x_wconf 84' lang='grc' dir='ltr'><strong>ἂν</strong></span> <span class='ocrx_word' id='word_1_807' title='bbox 1419 5398 1596 5467; x_wconf 80' lang='grc' dir='ltr'><strong>ὀρθῶς</strong></span> <span class='ocrx_word' id='word_1_808' title='bbox 1643 5398 1742 5470; x_wconf 79' lang='grc' dir='ltr'><strong>μὲν</strong></span> <span class='ocrx_word' id='word_1_809' title='bbox 1796 5416 1969 5470; x_wconf 83' lang='grc' dir='ltr'><strong>προσ-</strong></span> 
     </span>
    </p>
   </div>
   <div class='ocr_carea' id='block_1_111' title="bbox 390 5489 1966 5564">
    <p class='ocr_par' dir='ltr' id='par_1_111' title="bbox 390 5489 1966 5564">
     <span class='ocr_line' id='line_1_112' title="bbox 390 5489 1966 5564; baseline 0.001 -22"><span class='ocrx_word' id='word_1_810' title='bbox 390 5490 645 5562; x_wconf 71' lang='grc' dir='ltr'><strong>ενέγκῃς,</strong></span> <span class='ocrx_word' id='word_1_811' title='bbox 674 5490 851 5562; x_wconf 85' lang='grc' dir='ltr'><strong>ὀρθῶς</strong></span> <span class='ocrx_word' id='word_1_812' title='bbox 867 5489 924 5544; x_wconf 77' lang='grc' dir='ltr'><strong>δὲ</strong></span> <span class='ocrx_word' id='word_1_813' title='bbox 950 5489 1026 5562; x_wconf 79' lang='grc' dir='ltr'><strong>μὴ</strong></span> <span class='ocrx_word' id='word_1_814' title='bbox 1054 5489 1236 5564; x_wconf 79' lang='grc' dir='ltr'><strong>διέλῃς</strong></span> <span class='ocrx_word' id='word_1_815' title='bbox 1255 5507 1270 5522; x_wconf 89' lang='grc'><strong>·</strong></span> <span class='ocrx_word' id='word_1_816' title='bbox 1296 5490 1645 5563; x_wconf 74' lang='grc' dir='ltr'><strong>ἐμαρτύρησε</strong></span> <span class='ocrx_word' id='word_1_817' title='bbox 1676 5492 1751 5563; x_wconf 74' lang='grc' dir='ltr'><strong>τῷ</strong></span> <span class='ocrx_word' id='word_1_818' title='bbox 1777 5492 1966 5560; x_wconf 72' lang='grc' dir='ltr'><strong>Ἅϐελ,</strong></span> 
     </span>
    </p>
   </div>
   <div class='ocr_carea' id='block_1_112' title="bbox 2075 5389 3653 5468">
    <p class='ocr_par' dir='ltr' id='par_1_112' title="bbox 2075 5389 3653 5468">
     <span class='ocr_line' id='line_1_113' title="bbox 2075 5389 3653 5468; baseline -0.006 -13"><span class='ocrx_word' id='word_1_819' title='bbox 2075 5399 2212 5455; x_wconf 88' lang='lat' dir='ltr'><strong>Cum</strong></span> <span class='ocrx_word' id='word_1_820' title='bbox 2244 5398 2392 5453; x_wconf 85' lang='lat' dir='ltr'><strong>enim</strong></span> <span class='ocrx_word' id='word_1_821' title='bbox 2430 5399 2497 5454; x_wconf 88' lang='lat' dir='ltr'><strong>ad</strong></span> <span class='ocrx_word' id='word_1_822' title='bbox 2547 5397 2709 5468; x_wconf 77' lang='grc'><strong>732</strong></span> <span class='ocrx_word' id='word_1_823' title='bbox 2742 5398 2977 5454; x_wconf 88' lang='lat' dir='ltr'><strong>Cainum</strong></span> <span class='ocrx_word' id='word_1_824' title='bbox 3028 5394 3256 5449; x_wconf 80' lang='lat' dir='ltr'><strong>dixisset</strong></span> <span class='ocrx_word' id='word_1_825' title='bbox 3299 5389 3445 5448; x_wconf 88' lang='lat' dir='ltr'><strong>Deus</strong></span> <span class='ocrx_word' id='word_1_826' title='bbox 3477 5409 3493 5447; x_wconf 89' lang='lat'><strong>:</strong></span> <span class='ocrx_word' id='word_1_827' title='bbox 3532 5390 3653 5446; x_wconf 83' lang='lat' dir='ltr'><strong>Non</strong></span> 
     </span>
    </p>
   </div>
   <div class='ocr_carea' id='block_1_113' title="bbox 2077 5483 3703 5558">
    <p class='ocr_par' dir='ltr' id='par_1_113' title="bbox 2077 5483 3703 5558">
     <span class='ocr_line' id='line_1_114' title="bbox 2077 5483 3703 5558; baseline -0.002 -15"><span class='ocrx_word' id='word_1_828' title='bbox 2077 5496 2227 5545; x_wconf 88' lang='lat' dir='ltr'><strong>recte</strong></span> <span class='ocrx_word' id='word_1_829' title='bbox 2253 5488 2440 5557; x_wconf 70' lang='lat' dir='ltr'><strong>olera,</strong></span> <span class='ocrx_word' id='word_1_830' title='bbox 2471 5505 2570 5546; x_wconf 90' lang='lat' dir='ltr'><strong>nec</strong></span> <span class='ocrx_word' id='word_1_831' title='bbox 2597 5497 2747 5545; x_wconf 75' lang='lat' dir='ltr'><strong>recte</strong></span> <span class='ocrx_word' id='word_1_832' title='bbox 2786 5486 2983 5544; x_wconf 82' lang='lat' dir='ltr'><strong>dividis</strong></span> <span class='ocrx_word' id='word_1_833' title='bbox 3007 5503 3023 5543; x_wconf 86' lang='lat'><strong>:</strong></span> <span class='ocrx_word' id='word_1_834' title='bbox 3050 5483 3430 5542; x_wconf 84' lang='lat' dir='ltr'><strong>testimonium</strong></span> <span class='ocrx_word' id='word_1_835' title='bbox 3459 5483 3649 5558; x_wconf 79' lang='lat' dir='ltr'><strong>perhi-</strong></span> <span class='ocrx_word' id='word_1_836' title='bbox 3700 5524 3703 5527; x_wconf 91' lang='grc'><strong>-</strong></span> 
     </span>
    </p>
   </div>
   <div class='ocr_carea' id='block_1_114' title="bbox 1753 5669 2331 5736">
    <p class='ocr_par' dir='ltr' id='par_1_114' title="bbox 1753 5669 2331 5736">
     <span class='ocr_line' id='line_1_115' title="bbox 1753 5669 2331 5736; baseline -0.009 -1"><span class='ocrx_word' id='word_1_837' title='bbox 1753 5670 1956 5736; x_wconf 68' lang='lat' dir='ltr'><strong>Varia:</strong></span> <span class='ocrx_word' id='word_1_838' title='bbox 1993 5669 2331 5735; x_wconf 86' lang='lat' dir='ltr'><strong>lectiones.</strong></span> 
     </span>
    </p>
   </div>
   <div class='ocr_carea' id='block_1_115' title="bbox 472 5775 1418 5847">
    <p class='ocr_par' dir='ltr' id='par_1_115' title="bbox 472 5775 1418 5847">
     <span class='ocr_line' id='line_1_116' title="bbox 472 5775 1418 5847; baseline -0.001 -18"><span class='ocrx_word' id='word_1_839' title='bbox 472 5775 517 5808; x_wconf 80' lang='lat'><em>“</em></span> <span class='ocrx_word' id='word_1_840' title='bbox 538 5776 938 5847; x_wconf 77' lang='grc' dir='ltr'><strong>πραγματικῶς</strong></span> <span class='ocrx_word' id='word_1_841' title='bbox 963 5794 1015 5832; x_wconf 86' lang='grc' dir='ltr'><strong>υ.</strong></span> <span class='ocrx_word' id='word_1_842' title='bbox 1096 5778 1138 5809; x_wconf 71' lang='grc'><strong>³⁸</strong></span> <span class='ocrx_word' id='word_1_843' title='bbox 1160 5776 1332 5830; x_wconf 67' lang='grc' dir='ltr'><strong>πάντα</strong></span> <span class='ocrx_word' id='word_1_844' title='bbox 1365 5790 1418 5829; x_wconf 90' lang='grc' dir='ltr'><strong>ο.</strong></span> 
     </span>
    </p>
   </div>
  </div>
