4014 6208
382 364 489 429 343

1266 356 1845 419 THEOPHYLACTI
1884 352 2292 418 BULGARIAE
2330 351 2685 412 ARCHIEP.

3512 339 3580 402 3'4
3590 340 3623 400 4

384 485 502 538 buit
531 480 721 544 Abclo,
756 477 901 549 quod
932 485 986 532 et
1032 485 1178 531 recte
1228 473 1511 532 obtulerit,
1551 480 1824 540 quatenus
1853 468 1942 522 da-

2058 468 2137 522 ὅτι
2172 467 2264 520 καὶ
2291 465 2468 534 ὀρθῶς
2498 461 2865 532 προσήνεγκε,
2899 454 3035 508 καθό
3065 451 3140 522 τῷ
3178 451 3317 504 δόντι
3353 451 3630 518 προσήγα-

381 575 489 629 tori
522 574 633 629 Deo
671 571 867 628 obtulit
893 584 1012 638 qua:
1041 569 1110 623 ab
1154 568 1249 622 illo
1297 568 1544 637 accepit:
1583 582 1648 621 ac
1681 574 1828 620 recte
1869 564 1953 619 di-

381 668 531 730 visit,
569 652 841 735 quaienus
869 661 1095 717 meliora
1129 675 1227 716 ceu
1261 659 1490 714 Domino
1521 675 1623 714 suo
1655 659 1950 729 separavit.

380 758 578 813 Fertur
598 755 760 809 etiam
786 752 930 823 quod
960 752 1103 823 ignis
1124 769 1154 808 e
1180 753 1334 808 caelis
1367 751 1708 808 descendens
1736 752 1956 806 absum-

382 850 551 920 pserit
585 846 936 910 sacrificium,
965 853 1129 916 atque
1161 845 1288 900 inde
1320 845 1540 912 agnovit
1564 843 1700 898 Cain
1727 843 1826 897 sibi
1854 857 1953 895 an-

383 943 604 997 telatum
648 955 770 994 esse
802 937 1054 994 Abelum.
1104 937 1259 992 Unde
1311 938 1454 992 enim
1495 937 1628 990 alias
1674 935 1954 989 habuisset

381 1031 764 1105 compertum?
798 1029 935 1086 Hine
991 1029 1191 1100 aliquis
1240 1043 1429 1084 eorum
1467 1024 1562 1098 qui
1613 1027 1839 1082 Hebraea
1898 1026 1953 1079 in

384 1125 631 1180 Graecam
674 1122 912 1191 linguam
956 1120 1382 1180 transtulerunt,
1415 1118 1496 1171 sic
1535 1115 1730 1169 vertit:
1773 1113 1951 1168 Intui-

384 1226 466 1269 tus
489 1224 565 1268 est
601 1214 654 1268 in
683 1212 924 1266 victimas
949 1210 1101 1264 Abeli
1129 1209 1402 1270 Dominus,
1431 1215 1479 1262 et
1499 1207 1754 1261 intendit.

455 1306 522 1360 Et
540 1322 631 1374 per
670 1304 817 1358 illam
863 1301 1146 1370 defunctus
1195 1301 1366 1354 adhuc
1411 1299 1664 1370 loquitur.
1702 1299 1816 1353 Hoc
1845 1306 1953 1364 est,

380 1415 480 1470 per
519 1401 691 1469 ipsam
719 1397 880 1451 fidem
911 1395 1090 1450 adhuc
1122 1393 1387 1463 loquitur,
1419 1391 1474 1445 id
1515 1401 1621 1458 est,
1654 1391 1788 1446 ﬁdes
1825 1390 1954 1446 fecit

383 1508 507 1547 eum
541 1491 702 1546 hodie
730 1491 936 1554 vivere,
973 1503 1037 1542 ac
1065 1487 1345 1543 doctorem
1369 1485 1630 1541 omnibus
1666 1486 1952 1547 constitui,

387 1587 696 1656 loquentem
731 1580 1160 1652 propemodum:
1198 1579 1491 1634 lmitamini
1524 1594 1628 1644 me,
1674 1577 1952 1642 mortales,

387 1691 451 1731 ac
487 1675 624 1746 justi
654 1673 778 1729 facti
811 1673 1019 1743 placcte
1053 1669 1319 1725 Creatori.
1348 1668 1616 1738 Loquitur
1647 1668 1828 1735 igitur,
1851 1667 1955 1721 hoc

385 1780 488 1833 est,
511 1781 636 1822 cum
673 1765 1030 1838 gloriﬁcatur,
1063 1778 1184 1817 cum
1205 1761 1556 1830 praedicatur,
1589 1774 1710 1813 eum
1742 1773 1950 1812 memo—

2058 575 2174 626 γεν,
2221 557 2257 610 ἃ
2286 555 2345 620 ἐξ
2387 555 2596 607 ἐκείνου
2629 547 2763 620 εἶχε,
2791 549 2885 601 καὶ
2917 545 3091 616 ὀρθῶς
3137 542 3318 604 διεῖλε,
3383 539 3520 593 καθὸ
3559 541 3632 591 τὰ

2059 650 2307 720 κρείττω,
2339 648 2415 709 ὡς
2434 645 2690 716 δεσπότῃ.
2722 641 2959 708 Λέγεται
2981 637 3036 690 δὲ
3069 637 3150 689 ὅτι
3179 635 3273 686 καὶ
3308 631 3416 702 πῦρ
3446 631 3633 683 κατελ-
3663 654 3684 671 ο

2058 741 2148 794 θδν
2167 739 2274 794 ἀπὸ
2301 739 2395 792 τοῦ
2426 735 2658 810 οὐρανοῦ
2701 731 2947 804 ἀνήλωσε
3005 726 3104 797 τὴν
3151 721 3362 788 θασίαν,
3411 722 3507 774 καὶ
3567 723 3632 772 ἐκ

2055 834 2245 886 τούτου
2284 831 2425 884 καὶὸ
2454 829 2594 882 Κάῖν
2615 825 2829 892 ἐπέγνω
2858 822 2939 874 ὅτι
2968 814 3308 888 πρωτιμήθη
3351 815 3379 866 ὁ
3439 811 3626 864 Ἅϐελ.

2057 927 2182 990 Πῶς
2208 925 2316 996 γὰρ
2344 923 2409 978 ἂν
2459 922 2665 984 ἄλλως
2705 917 2796 970 Διὸ
2849 914 3036 975 καίτις
3079 909 3190 962 τῶν
3243 903 3631 976 μεταθεμένων

2056 1021 2156 1090 τὴν
2192 994 2450 1088 Ἐϐραῖδα
2483 1015 2564 1076 είς
2593 1013 2691 1080 τὴν
2731 1006 2955 1062 Ἑλλάδα
2988 1001 3251 1072 γλῶτταν,
3274 997 3462 1058 οὕτως
3503 994 3631 1064 εθη-

2056 1088 2186 1164 κέν·
2229 1108 2593 1162 Ἐπέὄλεπεν
2613 1101 2711 1156 ἐπὶ
2748 1099 2854 1164 τὰς
2880 1095 3094 1159 θυσίας
3127 1091 3306 1146 Ἅϐελ
3332 1091 3363 1141 ό
3393 1088 3630 1154 Κύριος,

2063 1203 2173 1258 ικαὶ
2211 1201 2535 1268 ἐνέπρησε.

2127 1294 2236 1349 Καὶ
2265 1288 2545 1359 διἀὺτῆς
2571 1284 2892 1343 ἀποθανὼν
2906 1277 3203 1336 ἐτιλαλεῖ.
3229 1273 3508 1334 Τουτέστι,
3538 1271 3634 1324 καὶ

2055 1389 2122 1442 δι’
2155 1388 2322 1456 αὐτῆς
2350 1386 2449 1454 τῆς
2487 1383 2722 1443 πίστεως
2751 1378 2831 1431 ἔτι
2852 1376 3025 1435 λαλεῖ,
3055 1371 3353 1434 τουτέστιν,
3383 1369 3416 1437 ὴ
3449 1366 3632 1427 πίστις

2058 1479 2218 1533 αὐτὸν
2248 1477 2504 1547 ἐποίησεν
2532 1474 2612 1527 ἔτι
2643 1471 2764 1542 ζῇν,
2792 1469 2890 1523 καὶ
2923 1464 3244 1519 διδάσκαλον
3268 1457 3631 1514 καθίστασθαι

2058 1574 2192 1625 πᾶσι
2221 1569 2486 1623 λαλοῦντα
2519 1565 2799 1638 μονονουχί
2830 1579 2842 1591 ⁸
2899 1555 3232 1629 Μιμήσασθέ
3289 1571 3376 1624 με,
3413 1551 3634 1621 ἄνθρω-

2058 1680 2171 1725 ποι,
2204 1653 2824 1729 καὶεὺαρεστεῖτεῇττῷ
2875 1652 3170 1715 πλάσαντι,
3225 1647 3424 1700 δίκαιοι
3476 1644 3633 1711 ’γενό⁴

2064 1771 2236 1825 μενοι.
2265 1753 2432 1807 Λοιλεῖ
2459 1751 2552 1804 οὖν
2570 1790 2585 1814 ,
2610 1749 2886 1811 τουτέστι,
2914 1743 3299 1812 δοξαζόμενος,
3329 1736 3635 1807 φημιζόμε-

380 1863 460 1914 ria
491 1859 611 1930 ejus
660 1858 1016 1917 instauratur,
1055 1855 1330 1924 loquitur:
1367 1851 1592 1922 perinde
1641 1866 1704 1904 ac
1751 1851 1946 1906 malum

2058 1822 2172 1911 νος,
2207 1845 2681 1917 μνημονευόμενος
2703 1838 2862 1893 λαλεί
2891 1854 2905 1868 ’
2942 1837 3017 1900 ὡς
3045 1836 3140 1889 καὶ
3167 1835 3194 1886 ὁ
3224 1829 3453 1902 οὐρανὸς
3482 1828 3636 1881 λαλεί

379 1951 645 2022 loquitur,
695 1965 816 2005 cum
853 1963 882 2001 a
919 1946 1076 2002 nobis
1120 1944 1464 2000 solummodo
1518 1942 1782 1997 cernitur.
1832 1939 1949 1994 Non

379 2045 524 2098 enim
555 2049 766 2096 tantum
794 2054 974 2094 sermo
994 2037 1228 2109 perficit,
1251 2044 1515 2106 quantum
1539 2035 1685 2089 illius
1703 2031 1944 2087 alilictio.

381 2133 494 2188 lloc
523 2141 702 2188 autem
747 2131 902 2192 dixit,
938 2143 994 2184 ut
1029 2129 1282 2185 ostendat
1324 2127 1554 2182 infirmis
1601 2124 1745 2195 quod
1768 2124 1950 2194 justus

380 2223 766 2294 quadantcnus
801 2222 965 2276 etiam
1009 2221 1100 2274 hic
1140 2217 1360 2272 fruatur
1393 2217 1635 2270 honore:
1683 2216 1868 2283 itaque
1899 2220 1952 2267 et

377 2331 477 2372 vos
511 2313 789 2369 fruemini.
825 2311 1098 2368 Nonnulla
1143 2324 1273 2364 vero
1325 2306 1661 2377 exemplaria
1705 2305 1952 2358 λαλεῖται

379 2407 600 2474 habent,
634 2423 742 2462 non
781 2415 950 2470 recte,
987 2411 1047 2458 ut
1078 2403 1296 2474 opinor.

451 2499 618 2553 Vsus.
655 2497 710 2553 5.
758 2493 894 2550 Fide
943 2493 1124 2548 Enoclt
1176 2491 1472 2546 translatus
1505 2497 1605 2554 est,
1648 2481 1711 2544 ne
1759 2487 1952 2542 videret

379 2597 624 2650 mortem,
657 2597 708 2641 et
741 2603 844 2640 non
885 2582 1267 2648 inveniebatur,
1297 2581 1421 2651 quia
1459 2578 1792 2633 transtulerit
1833 2593 1952 2631 eum

379 2680 561 2734 Deus:
603 2688 724 2732 ante
771 2675 1176 2730 translationem
1223 2674 1364 2726 enim
1416 2673 1532 2742 ejus
1597 2670 1951 2726 testimonium

378 2770 564 2824 habuit
623 2769 760 2838 quod
804 2767 1060 2836 placuerit
1117 2765 1246 2820 Deo.
1306 2763 1413 2819 Iste
1467 2762 1730 2832 majorem
1790 2761 1949 2817 fidem

379 2875 542 2931 quam
567 2858 696 2914 Abel
727 2857 1149 2914 demonstravit.
1185 2854 1319 2909 Nam
1358 2869 1479 2926 qua:
1507 2852 1677 2909 Abelo
1706 2854 1953 2924 contlge-

378 2961 532 3016 runt,
581 2955 878 3020 potuerunt
939 2948 1042 3018 ipsi
1103 2961 1230 3002 esse
1276 2944 1560 3008 seandalo,
1616 2943 1763 3014 quod
1816 2942 1952 2998 Abel

377 3045 561 3114 justus
583 3059 704 3099 cum
734 3049 903 3105 esset,
922 3040 1223 3108 permissus
1257 3038 1328 3092 sit
1352 3036 1526 3091 occidi
1545 3051 1576 3090 a
1595 3035 1785 3090 fratre.
1809 3033 1951 3097 Quid

379 3137 525 3193 enim
568 3134 796 3205 prodest
826 3131 1076 3200 punitum
1109 3143 1234 3184 esse
1259 3127 1606 3183 occisorem?
1643 3125 1784 3191 Quid
1825 3125 1951 3181 inde

380 3225 657 3283 commodi
687 3224 873 3279 retulit
896 3222 1052 3288 Abel,
1071 3235 1196 3277 cum
1218 3220 1327 3290 jam
1356 3227 1515 3274 antea
1544 3235 1575 3275 e
1601 3219 1782 3274 medio
1805 3227 1950 3273 esset
1981 3269 1984 3273 .

381 3317 690 3377 sublatus?
755 3314 1005 3386 Magnam
1062 3315 1247 3384 itaque
1318 3311 1478 3367 [idem
1549 3311 1950 3366 demonstravit

381 3413 591 3477 Enocb,
619 3411 852 3467 credens
887 3408 1053 3462 Deum
1111 3405 1494 3461 retributorem
1529 3401 1647 3457 fore
1676 3403 1731 3458 in
1762 3401 1950 3458 futuro

380 3504 598 3565 εεεειιιο,
628 3503 754 3556 licet
794 3514 904 3554 non
939 3498 992 3553 in
1043 3494 1318 3567 prmsenti,
1374 3504 1577 3564 perque
1619 3507 1738 3547 eam
1786 3493 1946 3548 tidem

378 3595 584 3664 placuit
613 3592 744 3657 Deo,
785 3605 849 3644 ac
902 3587 1264 3657 beneplucens
1320 3585 1618 3641 translatus
1672 3594 1778 3640 est.
1818 3584 1948 3638 Fide

380 3687 548 3755 igitur
591 3683 889 3738 translatus
920 3693 1040 3736 est:
1087 3681 1191 3736 hoc
1215 3688 1321 3742 est,
1353 3679 1488 3734 fides
1530 3677 1582 3731 in
1619 3691 1787 3733 causa
1848 3676 1950 3730 fuit

378 3793 479 3834 cur
521 3777 573 3830 in
619 3775 818 3830 cmlum
864 3773 1272 3836 transferretur,
1325 3785 1421 3841 per
1465 3786 1628 3840 quam
1675 3770 1951 3840 placuerat

380 3869 510 3924 Deo.
549 3866 938 3922 Animadverte
970 3873 1150 3920 autem
1184 3863 1462 3935 quomodo
1495 3863 1638 3918 Deus
1677 3877 1777 3932 per
1809 3861 1950 3916 Abe-

383 3965 492 4015 lum
528 3961 720 4015 mortis
765 3958 1091 4014 sententiam
1125 3972 1306 4012 veram
1351 3970 1472 4012 esse
1518 3955 1945 4009 demonstravit:

385 4069 575 4108 russus
621 4068 719 4123 per
766 4050 953 4106 Euoch
1003 4049 1330 4105 sententiain
1386 4047 1532 4101 illam
1563 4045 1948 4115 temporariam

379 4160 500 4200 esse
532 4142 794 4210 ostendit,
827 4151 991 4212 atque
1029 4140 1376 4196 abolendam.
1407 4137 1646 4193 Proinde
1681 4137 1825 4208 quod
1863 4137 1949 4190 vi-

2052 1939 2328 2010 ὁρώμενος
2363 1937 2542 2008 μόνον.
2575 1934 2650 1988 Οὐ
2683 1931 2937 1985 τοσοῦτον
2968 1929 3076 1997 γὰρ
3105 1927 3263 1995 λόγος
3295 1925 3448 1978 ἀνύει
3467 1963 3482 1986 ,
3509 1922 3631 1974 ὅσον

2051 2031 2112 2082 τὸ
2138 2028 2346 2082 ἐκείνου
2377 2026 2568 2089 πάθος.
2599 2022 2773 2077 Τοῦτο
2798 2022 2854 2074 δὲ
2883 2017 3057 2083 εἶπεν,
3088 2018 3178 2071 ἵνα
3203 2016 3354 2086 δείξῃ
3385 2014 3497 2074 τοῖς
3523 2011 3630 2064 ὀλι-

2050 2119 2339 2190 γοψύχοις,
2368 2119 2450 2170 ὅτι
2489 2117 2548 2170 ὲν
2580 2115 2736 2186 μέρει
2771 2109 3037 2166 ἀπολαύει
3067 2109 3234 2178 τιμῆς
3267 2105 3363 2158 καὶ
3401 2100 3632 2158 ἐνταῦθα

2052 2213 2080 2264 ὁ
2105 2209 2333 2272 δίκαιος.
2353 2208 2519 2260 Ὥστε
2547 2206 2644 2260 καὶ⁸
2671 2205 2829 2274 ὑμεῖς
2858 2198 3257 2256 ἀπολαύσεσθε.
3284 2195 3419 2249 Τινά
3444 2194 3501 2248 δὲ
3524 2192 3633 2246 τῶν

2050 2301 2425 2374 ἀντιγράφων,
2453 2299 2723 2362 λαλεϊται,
2751 2295 2989 2366 ἔχουσιν,
3016 2293 3078 2346 οὐ
3111 2290 3292 2354 καλῶς
3322 2285 3499 2360 οἶμαι.

2124 2481 2331 2534 Πίστει
2364 2479 2547 2545 Ἑνὼχ
2584 2473 2864 2545 μετετέθη
2903 2469 3008 2525 τοῦ
3044 2467 3131 2539 μὴ
3170 2466 3319 2522 ίδεῖν
3348 2463 3632 2527 θάνατον,

2037 2572 2153 2628 ικαὶ
2178 2573 2290 2625 οὐκ
2317 2571 2650 2638 εὑρίσκετο,
2677 2566 2826 2620 διότι
2845 2559 3373 2635 μετέθηκειλαύτόν
3389 2559 3420 2610 ὀ
3448 2556 3596 2621 Θεός
3616 2571 3630 2584 ο

2052 2663 2166 2732 πρὸ
2208 2661 2318 2732 γὰρ
2359 2660 2470 2730 τῆς
2511 2657 2889 2730 μεταθέσεως
2931 2654 3150 2718 αὐτοῦ,
3189 2651 3635 2722 μεμαρτύρηται

2050 2752 2524 2822 εὐαρεστηκέναι
2568 2750 2648 2817 τῷ
2694 2749 2836 2814 Θεῷ.
2879 2742 3045 2810 Οὗτος
3097 2743 3268 2816 μείζω
3311 2743 3490 2795 πίστιν
3533 2740 3631 2793 τοῦ

2055 2845 2224 2901 Ἀὅελ
2263 2843 2600 2910 ἐπεδείξατο.
2643 2841 2726 2894 Τὰ
2762 2840 2990 2911 γὰρ,είς
3022 2838 3114 2891 τὸν
3140 2836 3306 2889 Ἅϐελ
3341 2835 3630 2902 γενόμενα,

2055 2938 2215 2992 ἱκανὰ
2239 2932 2308 3008 ἦν
2337 2935 2500 2990 αὐτὸν
2532 2932 2908 2996 σκανδαλίσαι,
2943 2932 3023 2983 ὃτι
3053 2929 3260 2990 δίκαιος
3290 2925 3364 2979 ῶν
3397 2942 3633 2994 συνεχω-

2063 3027 2204 3101 ρήθη
2243 3026 2518 3096 σφαγῆναι
2555 3024 2659 3078 ὑπὸ
2690 3022 2785 3076 τοῦ
2813 3020 3067 3090 ἀδελφοῦ.
3103 3020 3168 3071 Τί
3202 3019 3310 3088 γὰρ
3349 3017 3396 3069 εί
3435 3017 3633 3083 ἐτιμω-

1976 3155 2021 3217 C
2057 3119 2197 3190 ρήθη
2237 3121 2264 3172 ὁ
2301 3116 2573 3186 σφαγεύς;
2614 3117 2698 3180 τίς
2735 3115 2976 3185 ὠφέλεια
3017 3111 3209 3182 ἐκείνῳ
3248 3107 3492 3162 ἐκποδῶν
3528 3106 3629 3177 ήδη

2055 3212 2304 3281 γεγονότι
2327 3210 2406 3277 ⁸⁸;
2435 3209 2695 3278 Μεγάλην
2722 3204 2812 3261 οὖν
2841 3207 3021 3259 πίστιν
3047 3202 3379 3268 ἐπεδείξατο,
3408 3197 3632 3252 πιστεύ-

2055 3322 2154 3368 σας
2179 3305 2261 3358 ὅτι
2293 3304 2410 3357 ἐστὶ
2445 3301 2850 3372 μισθαποδότης
2878 3301 2905 3352 ὁ
2931 3297 3062 3360 Θεὸς
3091 3299 3148 3350 ἐν
3176 3295 3254 3364 τῷ
3284 3293 3552 3365 μέλλοντι,
3585 3291 3632 3342 εἰ

2058 3398 2152 3452 καὶ
2182 3397 2258 3468 μὴ
2284 3395 2377 3450 νῦν
2395 3397 2439 3428 ⁸⁸
2461 3411 2476 3426 ⁸
2505 3395 2599 3448 καλ¹
2625 3395 2691 3446 δι’
2709 3394 2880 3464 αὐτῆς
2911 3391 3245 3462 εὐηρέστησε
3269 3388 3347 3458 τῷ
3373 3385 3513 3457 Θεῷ,
3539 3383 3634 3436 καὶ

2051 3489 2423 3560 εὐαρεστήσας
2457 3485 2743 3558 μετετέθη.
2774 3485 2960 3554 Πίστει
2989 3480 3084 3536 οὖν
3113 3483 3376 3551 μετετέθη
3397 3520 3410 3542 ,
3471 3493 3631 3529 τουτ-

2054 3581 2226 3645 έστιν,
2256 3583 2290 3651 ἡ
2324 3579 2507 3642 πίστις
2538 3578 2700 3632 αὐτὸν
2733 3575 3024 3647 μετέθηκε,
3055 3575 3122 3627 δι’
3146 3570 3212 3647 ἦς
3243 3571 3630 3642 εὑηρέστησεν.

2057 3675 2199 3745 Ὅρα
2232 3673 2290 3726 δὲ
2327 3672 2444 3734 πῶς
2481 3669 2572 3723 διὰ
2611 3670 2708 3740 μὲν
2743 3667 2838 3722 τοῦ
2865 3667 3030 3721 Ἅϐελ
3069 3665 3269 3731 ἔδειξεν
3305 3666 3331 3716 ὁ
3367 3664 3497 3725 Θεὸς
3535 3660 3634 3729 τὴν

2056 3766 2328 3834 ἀπόφασιν
2353 3762 2452 3834 τὴν
2484 3763 2613 3834 περὶ
2643 3761 2737 3815 τοῦ
2777 3759 3009 3815 θανάτου
3031 3799 3044 3824 ,
3078 3757 3251 3828 ἀληθῆ
3278 3772 3290 3786 ·
3326 3755 3417 3809 διὰ
3451 3753 3507 3805 δὲ
3535 3751 3630 3804 τοῦ

2069 3857 2240 3929 Ἑνὼχ
2282 3857 2446 3911 πάλιν
2487 3854 2709 3920 ἔδειξεν,
2753 3855 2837 3908 ὅτι
2878 3853 3212 3922 πρόσκαιρος
3253 3851 3286 3918 ἡ
3332 3847 3630 3916 ἀπόφασις,

2055 3955 2150 4008 καὶ
2187 3954 2631 4025 ἀναιρεθήσεται.
2656 3953 2779 4007 Ὀτι
2821 3952 2919 4022 μὲν
2947 3947 3040 4004 οὖν
3069 3949 3177 4014 ζῶν
3211 3946 3472 4018 μετετέθη
3492 3981 3508 4006 ,
3539 3943 3632 3996 καί

2054 4050 2136 4102 ὅτι
2165 4047 2243 4101 ἔτι
2272 4049 2362 4120 ζῇ,
2395 4047 2554 4118 ἴσμεν
2574 4061 2588 4076 ⁸
2621 4047 2722 4101 ποῦ
2749 4045 2826 4112 δὲ,
2855 4045 2890 4117 ἢ
2920 4045 3066 4111 πῶς;
3089 4042 3340 4114 Ἄδηλον,
3367 4038 3466 4108 τῆς
3493 4038 3532 4090 Γ
3537 4053 3634 4106 ρα-

2059 4140 2166 4210 φῆς
2199 4139 2274 4211 μὴ
2299 4139 2588 4210 εἰπούσης.

375 4252 512 4292 vcns
539 4235 836 4292 translatus
866 4234 960 4299 sit,
991 4240 1045 4287 et
1078 4231 1225 4302 quod
1259 4232 1425 4294 vivat,
1457 4232 1701 4288 scimus:
1727 4230 1819 4285 ubi
1847 4237 2056 4297 autem,
2089 4238 2181 4286 aut
2229 4233 2526 4301 quomodo,
2562 4231 2830 4286 incertum
2862 4235 2970 4294 est,
3020 4225 3304 4295 Scriptura
3338 4237 3446 4277 non
3479 4229 3635 4290 pate-t

375 4333 632 4389 faciente.

452 4427 616 4481 Vens.
653 4426 706 4480 6.
740 4425 868 4480 Sine
894 4424 998 4494 ﬁde
1040 4432 1216 4478 autem
1249 4421 1573 4489 impossibile
1602 4431 1679 4476 est
1711 4422 1939 4491 placere.

2118 4417 2306 4486 Χωρίς
2345 4416 2414 4470 δὲ
2457 4417 2717 4480 πίστεως
2752 4415 3056 4471 ἀδύνατον
3093 4406 3522 4480 εὐαρεστῆσαι.
3564 4405 3626 4458 Ei

376 4516 493 4572 Nisi
515 4517 662 4572 enim
688 4515 983 4570 crediderit
1007 4514 1279 4584 quispiam
1307 4513 1806 4579 compensationem
1829 4523 1950 4564 esse

374 4609 645 4663 honorum
665 4614 718 4661 et
746 4606 1040 4669 malorum,
1071 4621 1179 4660 non
1211 4604 1586 4674 beneplacebit
1627 4603 1756 4658 Deo.
1800 4600 1949 4667 Quo-

383 4699 549 4754 modo
598 4699 742 4751 enim
777 4696 1110 4751 laboriosum
1143 4696 1366 4751 virtutis
1420 4696 1524 4751 iter
1585 4695 1948 4765 ingrediatur,

379 4804 489 4842 non
515 4801 811 4858 persuasus
843 4785 897 4840 in
929 4785 1114 4841 futuro
1151 4786 1355 4841 sarculo
1375 4785 1708 4856 multiplices
1739 4799 1802 4838 ac
1834 4795 1950 4838 sta-

379 4880 521 4935 biles
541 4893 675 4934 esse
701 4877 1136 4934 retributiones?
1163 4878 1303 4934 Audi
1330 4894 1494 4949 porro
1527 4878 1837 4946 sequentia.

453 4969 678 5026 Credere
717 4971 856 5025 enim
879 4977 1080 5038 oportet
1109 4971 1436 5025 accedentem
1465 4969 1532 5022 ad
1564 4967 1751 5030 Deum,
1786 4968 1946 5038 733

377 5061 515 5133 quod
541 5061 632 5125 sit,
677 5071 724 5115 et
766 5060 905 5132 quod
944 5061 1327 5132 inquirentibus
1354 5077 1410 5116 se
1442 5069 1806 5115 remuneratur
1855 5071 1945 5113 διε.

379 5151 536 5218 Quod
570 5151 710 5206 Deus
743 5160 849 5218 est,
871 5159 926 5207 et
956 5153 1099 5222 quod
1124 5159 1504 5208 remunerator
1526 5158 1626 5211 est,
1667 5165 1763 5220 per
1791 5151 1947 5204 fidem

383 5253 632 5296 tenemus
657 5259 669 5292 :
696 5241 915 5310 quidam
941 5241 1085 5295 enim
1109 5255 1138 5292 a
1162 5254 1295 5294 casu
1336 5253 1457 5294 esse
1479 5252 1670 5292 omnes
1702 5253 1788 5293 res
1819 5253 1952 5293 cen-

380 5343 502 5389 sent
535 5331 706 5403 :quid
760 5347 890 5386 vero
933 5333 1003 5386 sit
1041 5329 1186 5385 Deus
1221 5329 1526 5385 secundum
1561 5329 1947 5396 substantiam,

382 5424 938 5494 incomprclieusibile
972 5438 1203 5494 prorsus
1241 5420 1383 5490 apud
1403 5421 1803 5477 moderatiores
1846 5423 1947 5476 ba-

385 5516 636 5572 bebatur.
667 5519 810 5584 Quid
859 5531 990 5573 vero
1033 5525 1140 5581 est,
1171 5513 1556 5586 inquirentibus
1607 5514 1820 5584 ipsum?
1847 5513 1950 5569 hoc

2051 4511 2159 4582 γὰρ
2195 4509 2269 4580 μὴ
2302 4509 2569 4580 πιπτεύσῃ
2596 4527 2681 4572 τις
2717 4508 2985 4562 ἀντίδοσιν
3015 4502 3155 4560 εἶναι
3184 4503 3366 4558 καλῶν
3396 4501 3493 4556 καὶ
3524 4515 3630 4550 κα-

2051 4604 2193 4665 κῶν,
2223 4604 2322 4655 οὐκ
2343 4603 2423 4672 ,ἂν
2453 4602 2820 4674 εὐαρεστήσῃ.
2851 4599 2976 4664 Πῶς
3006 4601 3115 4672 γὰρ
3147 4599 3212 4653 ἂν
3241 4598 3340 4668 τὴν
3371 4595 3633 4646 ἐπίπονον

2051 4696 2148 4763 τῆς
2188 4695 2388 4764 ἀρετῆς
2428 4692 2546 4745 ὁδὸν
2589 4691 2818 4764 βαδίσῃ,
2865 4692 2938 4761 μὴ
2981 4689 3226 4752 πεισθεὶς
3266 4683 3407 4739 εἶναι
3453 4685 3518 4734 ὲν⁸
3553 4680 3633 4750 τῷ

2056 4786 2308 4856 μέλλοντι
2344 4783 2756 4858 πολλαπλασίας
2791 4785 2886 4836 καὶ
2927 4780 3306 4852 μονιμωτέρας
3341 4777 3438 4838 τὰς
3474 4776 3633 4842 ἀμοι-

2054 4877 2152 4942 ϐάς
2175 4895 2191 4945 ;
2217 4879 2416 4930 Ἀκουε
2445 4877 2502 4929 δὲ
2533 4878 2628 4931 καὶ
2653 4876 2763 4930 τῶν
2792 4875 2938 4944 ἑξῆς.

2125 4970 2346 5024 Πιστεῦ
2357 4985 2461 5023 σαι
2489 4969 2599 5038 γὰρ
2627 4968 2723 5021 δεῖ
2742 4967 2848 5021 τὸν
2870 4963 3358 5034 προσερχόμενον
3378 4959 3457 5027 τῷ
3488 4957 3630 5025 Θεῷ,

2057 5065 2146 5119 ὅτι
2175 5065 2337 5129 ἔστι,
2371 5065 2470 5119 καὶ
2523 5064 2647 5130 τοῖς
2675 5062 3028 5130 ἐκζητοῦσιν
3051 5061 3239 5114 αὑτὸν
3258 5055 3633 5129 μισθαποδόε

2057 5174 2164 5224 της
2195 5158 2438 5226 γίνεται.
2472 5157 2545 5209 Τὸ
2580 5157 2697 5227 μὲν,
2727 5157 2808 5209 ὃτι
2839 5155 2954 5207 ἔστι
2985 5153 3138 5218 Θεὸς,
3171 5155 3264 5206 καὶ
3299 5149 3632 5222 μισθαποδό-

2054 5265 2154 5318 της
2192 5248 2427 5316 γίνεται,
2464 5249 2551 5301 διὰ
2593 5248 2830 5309 πίστεως
2869 5245 3098 5315 ἔχομεν’
3135 5245 3280 5307 τινὲς
3317 5244 3424 5312 γὰρ
3465 5240 3630 5293 αὑτό-

2059 5338 2206 5407 ματά
2233 5355 2396 5407 φασιν
2422 5334 2562 5391 εἶναι
2588 5337 2656 5390 τὰ
2684 5336 2834 5401 ὄντα,
2860 5337 2920 5389 τὸ
2949 5337 3029 5401 δὲ,
3056 5336 3109 5388 τί
3137 5337 3251 5388 ὲστι
3282 5332 3402 5386 κατ’
3418 5329 3629 5396 οὐσίαν,

2057 5429 2468 5500 ἀνεπιχείρητον
2501 5429 2638 5493 ὅλως
2663 5431 2777 5492 τοῖς
2810 5445 2875 5497 γε
2909 5427 3264 5498 σωφρονοῦσι.
3294 5425 3357 5478 Τί
3386 5423 3444 5478 δέ
3477 5424 3594 5475 ἔστι
3613 5460 3629 5485 ,

2058 5519 2181 5586 τοῖς
2205 5519 2556 5590 ἐκζητοῦσιν
2579 5521 2797 5587 αὐτόν;
2823 5519 3103 5586 τουτέστι,
3134 5520 3244 5582 τοῖς
3272 5516 3360 5572 διὰ
3388 5514 3506 5587 βίου
3536 5513 3628 5566 εὐ-

1729 5697 1936 5759 Variae
1975 5695 2310 5763 lectiones.

453 5798 498 5829 ⁸⁷
523 5797 834 5868 ὲυαρεστεῖν
866 5814 919 5853 o.
996 5797 1040 5830 ⁵⁸
1077 5798 1351 5870 γενομένῳ
1381 5811 1430 5854 0.
1511 5799 1554 5832 "
1583 5797 1735 5854 αἰῶνι
1766 5799 1900 5869 ἡμῖν
1923 5815 1975 5856 ο.
