4014 6208
347 378 451 445 341

1240 367 1824 431 THEOPIIYLACTI
1863 365 2279 430 BULGARIE
2324 367 2680 430 ARCHIEP.

3497 360 3606 425 εις

421 495 557 552 Cum
612 492 775 549 Isaac
825 500 874 546 et
920 489 1085 544 Iacob
1143 486 1499 542 coheredibus
1563 487 1931 554 promissionis

2104 486 2268 541 Μετὰ
2329 485 2540 542 Ἰσαὰκ
2575 483 2676 538 καί
2725 480 2928 539 Ἰακὼϐ
2948 480 3069 536 τῶν
3096 480 3614 551 συνκληρονόμων

347 592 603 663 ejusdem.
636 589 810 653 Isaac,
870 585 1068 653 inquit,
1101 592 1157 638 et
1186 583 1357 639 Jacob
1391 583 1618 653 perinde
1681 582 1931 638 incolue-

349 695 477 741 runt
510 698 651 746 eam,
686 689 746 735 ut
790 679 1047 734 alienam.
1076 677 1339 732 Pltilistmi
1368 676 1556 733 lsaaco
1590 677 1930 741 invidebant,

348 786 401 833 et
449 774 759 831 Abimelech
813 782 1004 840 puteos
1029 772 1150 840 ejus
1207 771 1493 826 auferebat
1535 778 1590 825 et
1645 769 1933 841 coniugem

350 873 547 940 ipsam,
587 877 641 923 et
671 868 905 922 subinde
929 867 997 921 ad
1035 867 1201 920 alium
1234 875 1398 935 atque
1434 866 1603 920 alium
1663 865 1935 919 transibat

352 965 553 1017 locum.
589 961 758 1015 Jacob
806 968 990 1014 autem
1027 977 1132 1014 non
1166 961 1340 1014 solum
1372 975 1402 1015 a
1432 961 1602 1014 fratre
1633 958 1776 1014 Esau
1809 973 1933 1027 per-

350 1057 688 1112 secutionent
729 1053 943 1124 patiens
988 1053 1090 1107 sibi
1118 1053 1414 1113 metuebat,
1445 1066 1632 1107 verum
1676 1051 1841 1105 etiam
1869 1066 1936 1105 ex

352 1147 743 1217 Mesopotamia
793 1161 1065 1210 reversus,
1119 1145 1253 1199 emit
1294 1146 1500 1207 locum,
1540 1144 1594 1197 in
1656 1158 1766 1213 quo
1823 1143 1939 1197 ﬁxit

352 1240 792 1296 tabernaculum.
832 1236 1024 1305 Etjant
1070 1237 1292 1306 quidem
1327 1239 1381 1292 in
1413 1237 1623 1301 Bethel,
1656 1240 1769 1307 jam
1810 1251 1939 1292 vero

351 1332 413 1388 in
444 1332 686 1402 Epltrata
715 1330 1005 1399 migrabat,
1037 1331 1189 1384 nullo
1212 1331 1335 1384 loco
1360 1339 1545 1385 certus
1571 1344 1821 1395 manens,
1855 1329 1939 1384 in-

353 1431 473 1480 star
514 1423 758 1478 advenae.
807 1422 1032 1477 lnteritn
1072 1431 1253 1477 tamen
1281 1431 1336 1477 et
1384 1422 1488 1493 ipsi
1546 1422 1940 1493 promissionis

351 1515 595 1570 haeredes
619 1514 865 1576 fuerunt,
899 1523 955 1567 ut
991 1524 1164 1582 pater.
1199 1514 1321 1568 Tibi
1356 1517 1500 1569 enim
1537 1514 1703 1578 dabo,
1738 1514 1937 1584 inquit,

353 1617 409 1661 et
435 1606 630 1663 semini
668 1617 783 1660 tuo.
824 1606 1080 1660 Attamen
1118 1605 1387 1659 increduli
1425 1620 1534 1660 non
1569 1605 1813 1660 fuerunt.

424 1803 594 1860 Vsus.
633 1804 719 1858 10.
749 1802 1100 1865 Exspectabat
1131 1804 1267 1859 enim
1289 1804 1643 1874 fundamenta
1664 1806 1940 1861 habentem
1971 1832 2018 1892 Β

355 1898 642 1952 civitatem.
672 1895 805 1949 Eam
863 1897 933 1950 ob
974 1896 1337 1966 rem,inquit,
1365 1905 1527 1951 erant
1587 1898 1834 1962 advenae,
1889 1911 1945 1954 et

364 1990 852 2047 commorabantnr
885 1990 938 2044 in
970 1989 1348 2045 tabernaculis
1380 1988 1799 2045 fundamentum
1836 2006 1943 2046 non

356 2082 705 2147 habentibus,
723 2080 865 2151 quod
886 2081 1278 2151 exspectabant
1292 2080 1570 2136 caelestem
1593 2082 1809 2145 urbem,
1826 2094 1946 2152 quae

354 2190 485 2231 vera
532 2174 886 2245 fundamenta
923 2172 1144 2237 habeat,
1177 2188 1299 2243 quae
1340 2187 1559 2243 semper
1613 2174 1944 2242 consistant,

241 2285 249 2292 ·
357 2281 543 2336 neque
575 2279 815 2335 unquam
867 2263 1110 2319 marcida
1160 2262 1485 2317 reddantur.
1558 2261 1852 2334 Propterea
1894 2271 1948 2319 et

356 2360 502 2416 Deus
533 2358 974 2414 animadvertens
1014 2372 1110 2413 eos
1178 2359 1465 2428 aspernari
1501 2365 1748 2413 terrenas
1808 2372 1939 2427 pro-

357 2454 672 2516 missiones,
706 2441 932 2507 distulit
967 2466 1083 2516 eas,
1131 2450 1371 2520 majores
1404 2450 1542 2522 ipsis
1596 2464 1915 2522 praeparans

356 2530 548 2617 utpote
594 2546 686 2616 qui
711 2544 821 2600 illis
852 2542 1001 2615 digni
1034 2552 1226 2609 erant,
1291 2559 1412 2613 qua:
1439 2544 1650 2599 scilicet
1682 2542 1749 2597 de
1782 2542 1946 2598 rebus

356 2637 718 2694 terrestribus
753 2650 864 2689 non
921 2642 1098 2690 erant.
1129 2633 1335 2689 Deinde
1393 2634 1471 2689 illi
1523 2635 1945 2705 promissionem

355 2726 703 2782 terrestrium
729 2725 1080 2794 accipientes,
1111 2739 1230 2778 eam
1272 2726 1724 2790 contemnebant,
1750 2740 1813 2779 ac
1835 2738 1946 2780 cte-

358 2816 474 2871 lum
529 2814 876 2886 expetebant.
945 2814 1053 2870 Vos
1092 2823 1297 2880 autem,
1361 2830 1390 2872 ο
1442 2816 1649 2881 ﬁdeles,
1725 2815 1945 2872 caelesti

361 2906 724 2976 promissione
819 2915 1065 2976 accepta,
1146 2916 1348 2963 terram
1427 2909 1729 2979 expetitis:
1786 2907 1948 2980 ecqui

359 3014 468 3054 non
502 2998 623 3069 ejus
652 3012 749 3053 vos
778 2997 986 3069 pudet?

428 3109 596 3179 Cujus
622 3109 822 3179 artifex
844 3119 893 3164 el
943 3107 1189 3163 conditor
1249 3106 1410 3162 Deus.
1458 3108 1637 3177 Papae,
1678 3119 1943 3179 quantum

2038 579 2147 648 τῆς
2180 579 2546 648 ἐπαγγελίας
2573 577 2683 647 τῆς
2710 575 2926 642 αὐτῆς.
2986 575 3097 629 Καὶ
3126 577 3156 629 ὁ
3195 573 3404 640 Ἰσαὰκ,
3455 574 3611 641 φησι,

2037 672 2131 726 καὶ
2158 670 2397 726 ὁἸακὼϐ
2426 669 2570 725 οὕτω
2601 669 2809 739 ταύτην
2841 668 3174 740 κατῴκησαν
3195 666 3268 730 ὡς
3299 665 3613 737 ἀλλοτρίαν.

2045 763 2108 816 ’0
2144 763 2448 832 μένίσαὰκ
2485 762 2852 834 φθονούμενος
2884 763 2989 815 ὑπὸ
3013 760 3122 815 τῶν
3144 757 3491 822 Φιλισταίων,
3522 757 3617 811 καὶ

2037 855 2444 927 ἀφαιρούμενος
2474 856 2542 909 τὰ
2574 856 2785 926 φρέατα
2833 853 2939 909 ὑπὸ
2989 852 3101 906 τῶν
3130 853 3259 923 περὶ
3301 849 3615 919 Ἀϐιμέλεχ,

2039 947 2134 1001 καὶ
2163 949 2264 1016 τὴν
2295 949 2531 1015 γυναῖκα
2563 948 2755 1017 αὐτὴν,
2793 946 2888 1000 καὶ
2941 944 3132 1001 ἄλλοτε
3159 944 3238 1004 είς
3270 941 3430 996 ἄλλον
3455 941 3619 994 τόπον

2041 1035 2409 1108 μεταϐαίνων.
2428 1035 2488 1089 '0
2515 1036 2572 1089 δέ
2609 1036 2830 1102 Ἰακὼϐ,
2870 1036 2933 1090 οὐ
2968 1035 3128 1102 μόνον
3154 1034 3230 1099 ὡς
3262 1033 3619 1102 ἐλαυνόμενος

2039 1129 2145 1182 ὑπὸ
2172 1128 2266 1181 τοῦ
2305 1127 2473 1199 φόϐου
2530 1128 2625 1181 τοῦ
2664 1128 2863 1190 Ἠσαῦ,
2921 1126 3037 1181 ἀλλ’
3093 1127 3177 1180 ὅτι
3236 1127 3334 1179 καὶ
3386 1124 3494 1177 ἀπὸ
3522 1123 3622 1193 τῆς

2041 1221 2477 1293 Μεσοποταμίας
2513 1219 2775 1281 ἀνελθὼν,
2813 1218 3130 1289 ἐξωνήσατο
3152 1218 3246 1272 τὸν
3271 1217 3460 1281 τόπον,
3495 1216 3624 1270 ἔνθα

2043 1313 2242 1384 ἔστησε
2269 1313 2366 1383 τὴν
2398 1313 2606 1384 σκηνήν
2626 1326 2642 1344 ο
2676 1312 2773 1366 καὶ
2807 1309 2901 1364 νῦν
2929 1310 3029 1381 μὲν
3065 1308 3147 1373 είς
3171 1306 3401 1378 Βαιθὴλ,
3436 1306 3530 1359 νῦν
3563 1305 3625 1359 δὲ

2041 1408 2121 1468 είς
2189 1403 2437 1476 Ἐφραθὰ
2499 1404 2819 1475 μετέϐαινεν
2849 1443 2865 1470 ,
2921 1399 3172 1456 ἁστατῶν
3210 1398 3286 1462 ὡς
3338 1397 3621 1469 πάροικος.

2043 1496 2307 1565 Καίτοιγε
2362 1497 2460 1551 καὶ
2511 1496 2671 1550 αὐτοὶ
2707 1493 3038 1566 κληρονόμοι
3076 1487 3221 1563 ἦσαν
3253 1490 3352 1560 τῆς
3381 1491 3625 1559 ἐπαγγε-

2042 1590 2183 1657 λίας,
2221 1589 2296 1651 ὡς
2320 1591 2415 1643 καὶ
2450 1589 2479 1642 ὁ
2512 1589 2714 1660 πατὴρ.
2743 1588 2836 1641 Σοὶ
2872 1586 2984 1656 γὰρ
3009 1585 3171 1639 δώσω
3196 1583 3396 1654 αὐτὴν,
3430 1582 3528 1638 καὶ
3548 1580 3628 1653 τῷ

2046 1683 2323 1754 σπέρματί
2354 1700 2475 1738 σου.
2521 1681 2664 1735 ’Δλλ’
2695 1682 2846 1752 ὅμως
2877 1679 2978 1734 οὐκ
3007 1677 3344 1749 ἠπίστησαν.

2131 1792 2478 1863 Ἐξεδέχετο
2529 1793 2640 1863 τὰρ
2670 1792 2786 1862 τὴν
2831 1791 2977 1859 τοὺς
3009 1791 3326 1862 θεμελίους
3357 1790 3632 1861 ἔχουσαν

2046 1884 2249 1938 πόλιν.
2285 1884 2384 1936 Διὰ
2410 1882 2586 1945 τοῦτο,
2620 1885 2777 1953 φησὶ,
2816 1882 2917 1952 τὴν
2939 1882 3045 1951 γῆν
3072 1879 3381 1951 παρῴκουνκ
3403 1881 3460 1935 ἐν
3493 1896 3631 1949 σκη-

2046 1976 2186 2036 ναῖς,
2217 1972 2273 2026 αἶ
2304 1972 2553 2043 θεμέλιον
2583 1973 2684 2025 οὐκ
2715 1971 2901 2042 ἔχουσι
2921 1971 2966 2005 ⁸¹
2993 2011 3007 2036 ,
3031 1969 3166 2023 διότι
3201 1968 3508 2039 ἐξεδέχοντο
3532 1968 3628 2040 τὴν

2044 2063 2299 2133 οὐράνιον
2329 2063 2506 2130 πόλιν,
2534 2063 2661 2134 ἥτις
2692 2061 2981 2133 ἀληθινοὺς
3019 2060 3134 2131 ἔχει
3180 2060 3489 2130 θεμελίους,
3542 2059 3624 2114 ἀεὶ

2045 2154 2313 2218 ἑστῶτας,
2363 2155 2460 2209 καὶ
2524 2155 2798 2226 μηδέποτε
2852 2152 3282 2224 σαθρουμένους.
3317 2152 3409 2205 Διδ
3444 2152 3538 2207 καὶ
3601 2154 3631 2207 ὁ

2045 2246 2181 2310 Θεὸς
2217 2245 2360 2317 ὀρῶν
2403 2244 3120 2317 αὐτοὺςκαταφρονοῦντας
3154 2243 3265 2298 τῶν
3292 2245 3504 2315 γηΐνων
3536 2245 3632 2298 ἐπ-

2055 2340 2345 2409 αγγελιῶν,
2400 2340 2696 2395 ἀνεϐάλετο
2743 2339 2968 2406 ταύτας,
2998 2340 3100 2403 τὰς
3134 2338 3355 2410 μείζους
3385 2339 3569 2403 αὐτοῖς
3587 2339 3633 2371 ⁸⁸

2050 2433 2380 2504 ἐτοιμάςων,
2436 2432 2513 2496 ὡς
2556 2433 2782 2487 ἐκείνων
2845 2434 3039 2500 ἀξίοις,
3092 2432 3154 2487 οὐ
3186 2460 3191 2465 μ
3226 2433 3335 2486 τῶν
3377 2432 3478 2503 τῆς
3505 2430 3632 2503 γῆς.

2048 2520 2184 2579 Εἶτα
2234 2527 2433 2578 ἐκεῖνοι
2491 2525 2595 2594 γῆς
2648 2524 2987 2595 ἐπαγγελίαν
3045 2525 3441 2596 λαμϐάνοντες,
3502 2542 3637 2579 κατ-

2048 2619 2331 2690 εφρόνουν,
2386 2619 2481 2672 καὶ
2518 2617 2613 2672 τοῦ
2656 2616 2897 2689 οὐρανοῦ
2964 2617 3202 2687 ἐφίεντο.
3237 2616 3427 2688 Ὑμεῖς
3477 2617 3555 2683 δέ,
3591 2634 3637 2670 ω

2049 2712 2255 2778 πιστοὶ,
2309 2711 2565 2784 οὐράνιον
2606 2711 2950 2780 ἐπαγγελίαν
2981 2709 3260 2777 λαϐόντες,
3292 2711 3397 2781 γῆς
3448 2709 3640 2764 ἐπιθυ-

2053 2807 2231 2879 μεῖτε,
2263 2806 2364 2860 καὶ
2392 2805 2510 2870 πῶς
2538 2803 2639 2859 οὐκ
2663 2802 2989 2875 αἰσχύνεσθε
3012 2819 3029 2872 ;

2118 3094 2231 3167 1Ἠς
2272 3101 2555 3173 τεχνίτης
2613 3101 2714 3156 καί
2755 3100 3120 3172 δημιουργὸς
3164 3102 3198 3155 ό
3233 3100 3399 3168 Θεός.
3435 3098 3634 3165 Βαϐαὶ,

358 3209 447 3258 est
504 3200 659 3257 urbis
716 3200 878 3255 istius
917 3199 1273 3267 encomiutn,
1323 3198 1683 3254 architectum
1750 3198 1950 3256 habere

2058 3186 2165 3249 οἷον
2211 3192 2272 3247 τὸ
2302 3196 2401 3264 τῆς
2447 3194 2657 3258 πόλεως
2710 3194 2927 3265 ἐκείνης
2967 3192 3271 3265 ἐγκώμιον,
3318 3192 3380 3246 τὸ
3414 3192 3637 3264 ἀρχιτέ-

359 3293 532 3351 Deum
551 3292 566 3347 l

435 3404 603 3463 Vsss.
631 3404 720 3460 ll.
754 3401 894 3458 Fide
919 3410 968 3458 et
1008 3403 1128 3472 ipsa
1159 3402 1389 3469 Sarrha,
1425 3404 1626 3458 sterilis
1650 3420 1768 3459 cum
1794 3413 1948 3460 esset.

360 3498 697 3556 Pudefacere
740 3497 902 3562 valet,
976 3495 1122 3565 quod
1152 3496 1259 3560 ait,
1294 3492 1361 3548 Et
1421 3494 1538 3564 ipsa
1574 3495 1803 3560 Sarrlaa,
1831 3512 1954 3565 per-

363 3595 493 3649 inde
548 3608 611 3646 ac
645 3591 691 3647 si
725 3590 872 3646 dicat
913 3587 1179 3646 :Femina
1202 3587 1457 3652 credidit,
1488 3596 1544 3643 et
1572 3602 1668 3644 vos
1694 3603 1800 3643 non
1824 3603 1952 3644 eru-

362 3681 612 3747 bescitis,
637 3681 682 3735 si
709 3680 939 3735 muliere
977 3678 1033 3733 in
1082 3679 1252 3733 animi
1299 3678 1680 3749 magnitudine
1710 3679 1948 3734 inferio-

362 3787 456 3828 res
480 3770 1008 3842 depreltendamini?
1043 3769 1150 3836 Qui
1200 3785 1333 3826 vero
1369 3771 1606 3826 credidit
1638 3787 1761 3846 quae
1797 3772 1955 3827 risit?

361 3864 623 3922 Profecto
653 3862 906 3928 credidit,
943 3863 1162 3918 etiamsi
1208 3864 1435 3919 riserit:
1458 3874 1649 3935 postea
1678 3867 1824 3920 enim
1859 3880 1948 3920 re-

364 3959 639 4029 prehensa
683 3955 1067 4026 perterrefacta
1088 3963 1220 4012 est:
1290 3957 1441 4027 quod
1493 3956 1617 4013 ﬁdei
1671 3965 1789 4013 erat
1814 3957 1955 4013 indi-

365 4057 531 4110 cium.
563 4052 793 4107 Planum
840 4043 1117 4107 enimest'
1140 4047 1291 4120 quod
1351 4063 1607 4120 magnum
1664 4050 1955 4119 quemdam

366 4146 757 4209 arbitraretur,
779 4143 1027 4211 adeoque
1059 4157 1228 4213 supra
1285 4141 1527 4200 hominis
1599 4157 1727 4200 esse
1790 4151 1954 4200 natu-

363 4254 486 4296 ram
516 4254 666 4307 eum,
695 4239 788 4311 qui
819 4254 1005 4296 secum
1035 4239 1371 4307 loqueretur.

446 4356 706 4413 Virtutem
746 4358 816 4411 ad
882 4356 1273 4427 conceptionem
1319 4354 1536 4409 seminis
1570 4353 1789 4423 accepit.
1842 4348 1959 4407 Hoc

369 4460 475 4513 est,
499 4452 805 4506 confortata
837 4459 921 4506 est
952 4458 1010 4503 ut
1031 4449 1302 4519 reciperet
1335 4461 1400 4499 ac
1420 4445 1735 4500 contineret
1766 4443 1957 4515 dejec-

2055 3301 2221 3341 κτονα
2251 3286 2401 3355 σχεῖν
2435 3284 2527 3339 τὸν
2559 3284 2735 3352 Θεόν;

2125 3402 2334 3456 Πίστει
2392 3400 2496 3456 καὶ
2557 3400 2713 3469 αὐτὴ
2771 3401 2972 3470 Σάῤῥα
3026 3400 3237 3469 στεῖρα
3285 3397 3469 3458 οὖσα.
3525 3402 3644 3456 Ἐν-

2060 3493 2359 3564 τρεπτικόν
2405 3494 2544 3559 ἐστι,
2580 3493 2692 3548 Kal
2719 3494 2875 3564 αὑτὴ
2906 3493 3125 3563 Σάρῤα,
3176 3494 3381 3549 ὡσανεὶ
3415 3494 3638 3564 ἔλεγεν·

2063 3584 2130 3640 Ἦ
2174 3587 2312 3657 γυνὴ
2368 3585 2683 3650 ἐπίστευσε,
2716 3586 2811 3640 καὶ
2842 3586 3002 3657 ὑμεῖς
3054 3587 3157 3642 οὐκ
3203 3588 3554 3660 αἰσχύνεσθε,
3592 3588 3644 3641 εί

2054 3677 2318 3747 γυναικὸς
2375 3678 2830 3750 μικροψυχότεροι
2858 3678 3182 3750 εὑρίσκεσθε
3223 3698 3239 3748 ;
3284 3681 3412 3745 Πῶς
3438 3682 3496 3735 δέ
3519 3682 3645 3736 ἐπί-

2058 3786 2285 3822 στευσεν
2323 3770 2355 3839 ἡ
2388 3769 2713 3837 γελάσασα;
2761 3770 2872 3825 Ναὶ
2923 3772 3271 3834 ἐπίστευσεν,
3308 3774 3357 3825 εί
3391 3773 3487 3827 καὶ
3522 3774 3648 3843 ἐγέ-

2055 3860 2221 3914 λασεν
2240 3876 2254 3891 ·
2304 3862 2399 3913 καὶ
2431 3862 2541 3931 γὰρ
2570 3860 2798 3933 ὕστερον
2829 3863 3162 3934 ἐλεγχθεῖσα
3190 3865 3432 3937 ἐφοϐήθη
3457 3883 3472 3899 ·
3505 3868 3644 3938 ὅπερ

2058 3951 2299 4015 πίστεως
2352 3948 2442 4025 ἦν.
2477 3953 2649 4024 Δῆλον
2681 3954 2791 4026 γὰρ
2836 3956 2920 4009 ὅτι
2952 3957 3128 4028 μέγαν
3175 3959 3298 4013 τινὰ
3355 3962 3450 4015 καὶ
3502 3962 3643 4034 ὑπὲρ

2055 4042 2346 4117 ἄνθρωπον
2367 4044 2695 4101 ἐπίστευσεν
2720 4044 2860 4102 εἶναι
2889 4048 2983 4103 τὸν
3016 4052 3570 4122 προσδιαλεγόμενον.

2128 4343 2393 4412 Δύναμιν
2459 4343 2549 4410 εις
2611 4342 2961 4411 καταϐολὴν
3031 4343 3379 4414 σπέρματος
3442 4344 3642 4401 ἔλαϐε.

2059 4430 2370 4496 Τουτέστιν,
2431 4430 2813 4502 ἐνεδυναμώθη
2875 4434 2956 4496 εἰς
3009 4433 3072 4487 τὸ
3127 4433 3491 4499 ὑποδέξασθαι
3552 4436 3649 4489 καὶ

369 4553 489 4597 tum
523 4543 579 4596 in
613 4543 785 4611 ipsam
816 4557 1006 4597 semen
1038 4537 1363 4594 Abraltami.
1385 4537 1485 4594 Vel
1531 4538 1664 4608 quia
1719 4536 1950 4592 istarum

2063 4521 2338 4591 κρατῆσαι
2386 4521 2452 4574 τὸ
2511 4522 2858 4592 καταϐληθὲν
2910 4526 2992 4588 είς
3039 4526 3215 4598 αὐτὴν
3270 4527 3497 4599 σπέρμα
3545 4525 3644 4580 τοῦ

372 4649 558 4689 rerum
617 4632 855 4687 studiosi
930 4632 1285 4700 indagatores
1351 4639 1629 4694 asserunt,
1670 4627 1955 4683 mulierem

373 4723 538 4799 735
569 4724 734 4778 etiam
787 4723 953 4776 veluti
1007 4737 1193 4777 semen
1248 4721 1526 4791 quoddam
1558 4736 1588 4774 a
1642 4735 1763 4775 sese
1821 4733 1958 4774 con-

374 4819 542 4879 ferre,
576 4815 762 4869 forsan
795 4814 875 4870 sic
934 4813 1312 4883 accipiendum
1351 4822 1456 4877 est,
1484 4812 1553 4866 ad
1576 4812 1960 4880 conceptionem

371 4909 613 4974 sentiuis,
646 4923 745 4977 pro
767 4923 834 4963 eo
859 4907 1005 4978 quod
1041 4915 1147 4972 est,
1182 4913 1241 4961 ut
1264 4915 1318 4962 et
1362 4907 1481 4976 ipsa
1514 4903 1963 4959 subministraret

375 5018 585 5060 semen.
962 5020 966 5024 ⁴

445 5099 522 5151 Ac
550 5105 742 5164 prwter
767 5096 943 5151 celatis
975 5104 1177 5164 tempus
1209 5092 1429 5164 peperit.
1457 5088 1628 5145 Paulo
1666 5096 1793 5143 ante
1829 5101 1951 5143 eam

374 5189 620 5245 sterilem
700 5187 836 5242 dixit
872 5206 885 5242 :
921 5204 1070 5242 nunc
1097 5187 1172 5240 ait
1205 5185 1349 5255 quod
1376 5190 1428 5238 et
1491 5189 1691 5252 praeter
1749 5187 1965 5249 tempus

375 5283 558 5338 artatis
587 5281 820 5352 peperit.
859 5280 1051 5349 Itaque
1070 5276 1345 5346 duplicem
1388 5274 1625 5329 habebat
1665 5270 1962 5339 defectum,

379 5384 550 5424 unum
585 5377 813 5433 natum,
836 5368 979 5438 quod
1005 5365 1207 5421 sterilis
1238 5372 1360 5418 erat
1392 5379 1407 5417 :
1437 5363 1674 5418 alterum
1703 5371 1965 5419 senectu-

378 5459 475 5513 tis.

454 5550 597 5618 Quia
636 5550 845 5620 ﬁdelem
873 5547 1097 5605 credidit
1133 5562 1252 5602 eum
1295 5547 1387 5618 qui
1402 5546 1742 5612 promiserat.
1797 5543 1965 5601 Fide-
2050 5626 2053 5629 _

2079 4612 2356 4684 Ἁϐραάμ.
2378 4613 2451 4667 Ἦ
2480 4614 2667 4686 ἐπειδή
2699 4632 2862 4685 φασιν
2888 4618 2937 4671 οἱ
2965 4618 3139 4672 ταῦτα
3168 4619 3648 4690 ἀκριϐωσάμενοι,

2066 4706 2162 4760 καὶ
2190 4704 2289 4776 τὴν
2314 4707 2550 4775 γυναῖκα
2579 4701 2688 4761 οἷόν
2730 4724 2783 4761 τι
2820 4710 3045 4781 σπέρμα
3079 4711 3172 4780 ἀφ’
3198 4712 3402 4782 ἑαυτῆς
3430 4728 3649 4765 συνεισ-

2067 4797 2243 4865 άγειν,
2273 4799 2485 4870 μήποτε
2510 4790 2689 4865 tam;
2721 4800 3024 4873 ἐκληπτέον
3053 4802 3114 4856 τὸ
3136 4844 3151 4869 ,
3176 4805 3264 4869 εις
3303 4803 3652 4869 καταϐολὴν

2069 4890 2431 4961 σπέρματος,
2468 4893 2592 4947 ἀντὶ
2645 4893 2761 4962 τοῦ,
2803 4893 2884 4957 εἰς
2928 4894 2989 4947 τὸ
3027 4894 3356 4949 καταϐαλεῖν
3382 4898 3475 4948 καὶ
3510 4896 3649 4968 αὑτὴ

2072 4984 2316 5055 σπέρμα.

2136 5078 2248 5132 Καὶ
2270 5077 2429 5147 παρὰ
2451 5078 2663 5147 καιρὸν
2684 5079 2925 5148 ἡλικίας
2946 5081 3176 5137 ἔτεκεν.
3203 5076 3375 5136 Εἶπεν
3408 5081 3539 5145 ἄνω,
3568 5082 3654 5135 ὅτι

2070 5173 2260 5242 στεῖρα
2296 5165 2366 5241 ἦν
2391 5188 2406 5202 ο
2435 5171 2533 5226 νῦν
2568 5171 2744 5241 λέγει,
2771 5173 2856 5226 ὅτι
2895 5174 2989 5228 καὶ
3016 5174 3169 5246 παρὰ
3197 5176 3391 5249 καιρὸν
3424 5175 3649 5246 ἡλικίας

2070 5262 2277 5317 ἔτεκεν.
2306 5265 2471 5317 Ὥστε
2505 5265 2701 5336 διπλὴν
2730 5263 2844 5337 εἷχε
2875 5267 3128 5339 πήρωσιν
3151 5268 3222 5335 ⁸³,
3281 5271 3383 5339 τήν
3430 5285 3492 5322 τε
3545 5269 3657 5323 ἀπὸ

2069 5352 2307 5422 φύσεως,
2338 5353 2422 5407 ὅτι
2449 5356 2641 5425 στεῖρα
2670 5350 2759 5427 ἦν,
2786 5358 2880 5410 καὶ
2906 5357 3010 5429 τὴν
3040 5358 3150 5412 ἀπὸ
3171 5359 3264 5413 τοῦ
3295 5358 3507 5430 γήρως.

2157 5534 2323 5591 Ἐπεί
2393 5537 2614 5592 πιστὸν
2683 5539 2962 5611 ἡγήσατο
3038 5542 3145 5598 τὸν
3211 5538 3653 5612 essay-recupe-

1762 5721 1971 5783 Variae
2003 5718 2341 5785 lectiones.

467 5910 506 5921 ν..

475 5826 521 5861 ἰ
554 5827 681 5899 οεμ.
722 5828 821 5883 οὐκ
859 5827 1113 5900 ἐχούσαις
1144 5845 1197 5887 ο.
1273 5830 1320 5863 δ’
1351 5826 1583 5895 ἐκείνοις
1613 5846 1665 5885 ο.
1744 5828 1790 5861 ⁵⁸
1814 5824 2097 5895 στείρωσιν
2124 5842 2176 5880 ο.
