4014 6208
407 358 511 420 329

1116 357 1522 421 EXPOSITIO
1559 361 1643 423 IN
1670 359 1916 427 EPIST.
1951 363 2053 424 AD
2082 364 2479 429 HEBREOS.
2504 391 2575 402 —
2607 367 2767 429 CAP.
2794 368 2902 429 Χῐ.

3556 364 3662 437 350

410 484 538 522 νον.
572 465 792 531 Πιστδν,
847 471 1127 521 τουτέστιν
1171 466 1387 539 ἀληθῆ,
1430 468 1796 540 ἐπηγγείλατο
1826 471 1975 538 γάρ·

2095 474 2211 537 lem,
2246 473 2295 526 id
2326 483 2409 528 est
2454 488 2641 528 verum
2674 492 2688 537 ;
2747 475 3074 544 promiserat
3119 476 3307 532 enim:
3338 475 3496 533 Circa
3522 480 3658 535 illud

410 559 567 617 Κατὰ
588 558 696 612 τὸν
714 558 925 628 καιρὸν
948 558 1165 612 τοῦτον
1195 559 1548 631 ἐλεύσομαι,
1579 561 1678 616 καὶ
1703 561 1877 615 ἔσται
1906 559 1981 630 τῇ

408 654 602 723 stippa
628 654 780 718 υιός.
1514 702 1523 711 .

476 746 569 800 Διὸ
592 744 693 798 καί
719 745 819 813 ἀφ’
844 746 891 777 ³⁵
918 743 1059 811 ἑνὸς
1080 744 1521 814 ἐγεννήθησαν,
1548 744 1648 798 καὶ
1681 744 1866 797 ταῦτα
1896 761 1985 797 νε-

405 837 805 906 νεκρωμένου,
862 835 1058 903 καθὼς
1112 838 1185 890 τὰ
1236 837 1429 903 ἄστρα
1475 835 1583 890 τοῦ
1612 837 1873 904 οὐρανοῦ
1904 837 1983 902 τῷ

406 931 644 998 πλήθει,
675 930 775 985 καὶ
808 930 889 996 ὡς
933 932 971 999 ὴ
1014 929 1206 999 ἄμμος
1254 931 1291 998 ἠ
1331 929 1492 999 παρὰ
1523 931 1589 983 τὸ
1636 929 1840 999 χεῖλος
1875 930 1985 997 τῆς

406 1023 756 1087 θαλάσσης,
789 1023 826 1090 ἠ
853 1021 1279 1090 ἀναρίθμητος.
1316 1022 1390 1074 Οὐ
1417 1021 1574 1075 τοῦτο
1607 1022 1765 1090 μόνον
1795 1021 1981 1092 ἐποίη-

405 1131 500 1169 σεν
543 1113 817 1183 ήπίστις,
865 1111 926 1164 τὸ
972 1112 1257 1182 γεννῆσαι,
1314 1111 1532 1165 ἀλλ’ὅτι
1560 1112 1651 1165 καὶ
1672 1112 1982 1178 τοσούτους,

406 1206 563 1267 ὅσους
591 1203 712 1256 οὐδὲ
740 1205 797 1255 αἰ
830 1201 1053 1272 εὖφοροι
1088 1205 1364 1271 γυναῖκες.
1385 1203 1547 1254 ’Ὥστε
1587 1202 1681 1255 δύο
1705 1201 1983 1272 θαύματα.

408 1299 534 1361 Πῶς
582 1297 639 1350 δὲ
701 1292 847 1367 ἦσαν
911 1296 1316 1366 ἀναρέθμητοι;
1392 1295 1812 1367 Ἦριθμήθησαν
1873 1296 1985 1365 γὰρ

405 1388 685 1463 πολλάκις.
750 1388 906 1440 Ἤτοι
975 1384 1104 1453 γοῦν
1161 1372 1537 1456 θπερὸολικῶς
1622 1386 1782 1439 τοῦτο
1836 1386 1985 1456 εἴρη-

402 1499 497 1534 τιι
545 1481 685 1534 κατὰ
737 1478 836 1549 τὴν
898 1478 1187 1549 συνήθειαν
1254 1477 1356 1548 τῆς
1434 1478 1683 1549 Γραφῆς,
1739 1478 1816 1542 ὡς
1878 1480 1981 1532 τό⁸

404 1571 664 1642 Εῖὸομεν
684 1573 895 1636 πόλεις
924 1571 1062 1640 ἄχρι
1086 1572 1192 1626 τοῦ
1215 1571 1477 1639 οὐρανοῦ
1504 1588 1517 1601 ·
1549 1571 1583 1642 ἢ
1607 1571 1697 1625 διὰ
1723 1571 1852 1635 τοὺς
1899 1572 1985 1626 ἀεὶ

404 1665 817 1734 ἐπιγινομένους
848 1660 969 1718 εἷπε
994 1663 1056 1717 τὸ
1076 1664 1473 1735 ἀναρίθμητον.

474 1757 637 1811 Κατὰ
674 1757 884 1810 πίστιν
930 1756 1238 1810 ἀπέθανον
1287 1753 1451 1811 οὗτοι
1487 1756 1729 1824 πάντες.
1762 1756 1850 1827 μὴ
1887 1774 1983 1811 κο-

395 1849 719 1919 μισάμενοι
740 1851 786 1883 ⁸⁸
816 1849 925 1915 τὰς
963 1850 1347 1920 ἐπαγγελίας.
1387 1850 1490 1903 Δύο
1518 1850 1757 1904 ἐνταῦθα
1788 1851 1977 1919 ζητεῖ-

400 1957 495 1993 ται
518 1957 532 1970 ·
558 1939 676 2003 πῶς
708 1939 879 1994 εἰπὼν
908 1940 1038 2011 περὶ
1071 1940 1166 1993 τοῦ
1198 1940 1389 2011 Ἑνὼχ,
1416 1941 1520 2006 ὅτι,
1554 1942 1847 2008 Μετετέθη
1876 1941 1981 1995 τοῦ

397 2032 486 2102 μὴ
536 2032 684 2087 ἰδεῖν
727 2032 1021 2087 θάνατον’
1072 2032 1170 2086 νῦν
1213 2033 1383 2102 λέγει,
1431 2032 1762 2088 Ἀπέθανον
1815 2028 1981 2088 οὗτοι

406 2123 671 2191 adﬁce;
700 2125 808 2178 Καὶ
833 2124 1021 2190 πάλιν,
1069 2125 1186 2189 πῶς
1224 2121 1344 2178 εἶπε
1390 2125 1506 2189 νῦν,
1547 2126 1629 2179 ὅτι
1660 2126 1760 2179 οὐκ
1791 2124 1983 2178 ἔλαϐον

403 2213 501 2276 τὰς
528 2215 886 2284 ἐπαγγελίας,
918 2216 1163 2284 καίτοιγε
1193 2216 1286 2269 τὸν
1319 2215 1487 2269 Ἀὀελ
1514 2216 1594 2269 ἔτι
1628 2216 1809 2269 λαλεῖν
1834 2211 1979 2278 εἶπε,

403 2302 491 2357 διὰ
552 2304 646 2357 τοῦ
682 2306 835 2377 παρὰ
887 2308 1026 2359 πᾶσι
1078 2305 1438 2371 δοξάζεσθαις
1508 2306 1619 2360 Καὶ
1679 2307 1772 2360 τὸν
1813 2307 1981 2375 Ἑνὼχ

404 2397 796 2468 μετατεθῆναι,
824 2400 915 2453 τὸν
949 2399 1074 2453 Νῶε
1132 2400 1324 2470 μισθὸν
1353 2400 1561 2464 λαὸεἴν,
1632 2398 1694 2453 τὸ
1739 2400 1981 2469 σωθῆναι

406 2489 544 2559 μετὰ
578 2489 673 2543 τοῦ
708 2491 858 2544 οἰκον
914 2490 1103 2556 αὐτοῦ,
1163 2492 1257 2544 καὶ
1297 2491 1358 2544 τὸ
1425 2491 1633 2544 δίκαιον
1679 2490 1981 2560 κληθῆναι⁸

404 2583 500 2634 καὶ
549 2586 642 2636 τὸν
678 2583 931 2654 Ἀϐραὰμ
963 2584 1350 2654 παιὼποιῆσαι
1379 2587 1444 2639 ἐκ
1489 2585 1591 2654 τῆς
1638 2586 1878 2655 Σάρρας.
1910 2585 1983 2637 Τὸ

406 2672 506 2740 μὲν
544 2668 638 2726 οὖν
661 2690 676 2705 ο
720 2675 1044 2729 Ἀπέθανον
1065 2669 1232 2729 οὗτοι
1254 2674 1498 2739 πάντες,
1526 2675 1677 2741 δέξαι
1702 2675 1824 2728 ἀντὶ
1851 2674 1946 2727 τοῦ
1963 2691 1980 2709 ο

404 2766 466 2816 Οἱ
488 2765 835 2836 τεθνηκότες,
868 2766 1290 2837 ὑπεξῃρημένου
1324 2766 1523 2837 δηλαδὴ
1547 2765 1640 2818 τοῦ
1677 2766 1752 2835 μὴ
1786 2767 1985 2829 ἰδόντος

406 2856 662 2912 θάνατον.
693 2858 766 2911 Τὸ
798 2859 855 2911 δὲ
906 2859 983 2929 μὴ
1016 2859 1205 2912 λαϐεῖν
1239 2859 1342 2922 τὰς
1376 2858 1731 2926 ἐπαγγελίας,
1783 2857 1984 2927 ἀληθὲς

406 2950 539 3020 περὶ
572 2949 790 3003 πάντων
815 2949 1133 3020 λεγόμενον.
1164 2951 1240 3005 Οὐ
1269 2949 1380 3019 γὰρ
1413 2950 1505 3003 ἐπὶ
1537 2948 1749 3012 τούτοις
1802 2950 1985 3018 μόνοις

402 3043 431 3093 ο
460 3042 850 3114 μεγαλόδωρος
876 3043 1010 3106 Θεὸς
1060 3043 1274 3096 διέλυσε
1306 3042 1434 3105 τοὺς
1464 3041 1692 3112 μισθοὺς
1725 3041 1835 3094 τῶν
1884 3058 1983 3111 με·

2086 571 2286 630 tempus
2334 566 2558 632 veniam,
2578 577 2627 622 et
2644 569 2746 622 erit
2773 566 2989 622 Sarrtue
3013 568 3179 637 ﬁlius.

2159 743 2320 799 Vens.
2358 745 2445 800 12.
2483 746 2709 814 Propter
2743 747 2885 818 quod
2912 756 2960 801 et
3011 747 3076 801 ab
3126 765 3230 804 uno
3260 751 3363 805 orti
3392 763 3535 819 sunt,
3575 771 3665 807 eo-

2085 854 2183 907 que
2203 850 2458 904 emortuo,
2481 850 2732 910 tanquam
2758 843 2932 895 sidera
2956 842 3074 897 caeli
3102 845 3155 897 in
3180 844 3590 913 multitudinem,
3613 860 3664 905 et

2084 932 2221 984 sicut
2243 949 2407 985 arena
2432 949 2545 1002 qua'
2563 943 2640 987 est
2659 932 2726 987 ad
2744 950 2892 988 oram
2913 938 3073 989 maris
3101 938 3523 994 innumerabilis.
3545 941 3662 996 Non

2090 1025 2192 1076 hoc
2221 1032 2433 1081 tantum
2456 1024 2634 1080 effecit
2660 1026 2790 1082 ﬁdes
2823 1036 2877 1080 ut
2912 1029 3104 1096 pariat.
3152 1045 3344 1083 verum
3387 1032 3549 1084 etiam
3607 1042 3666 1086 ut

2088 1121 2167 1168 tot
2205 1124 2338 1185 quot
2375 1132 2440 1171 ne
2485 1116 2728 1173 fecuudan
2762 1120 2981 1189 quidem
3016 1120 3291 1176 mulieres.
3318 1120 3505 1191 Itaque
3558 1123 3666 1178 duo

2088 1205 2177 1260 hic
2203 1214 2331 1261 sunt
2384 1208 2670 1265 miracula.
2705 1210 2987 1276 Quomodo
3038 1221 3216 1267 autem
3249 1213 3470 1269 fuerunt
3503 1216 3666 1269 innu-

2088 1300 2573 1356 merabiles?Nam
2650 1303 2793 1357 haud
2885 1320 3011 1358 raro
3071 1310 3519 1362 munerabantur.
3553 1312 3661 1363 Aut

2088 1391 2255 1461 igitur
2285 1393 2390 1447 hoc
2416 1395 2764 1463 hyperbolice
2785 1395 2992 1452 dictum
3028 1406 3135 1460 est,
3160 1398 3314 1467 juxta
3370 1398 3669 1468 Scriptura:

2088 1485 2561 1545 consuetudinem.
2594 1493 2652 1538 ut
2682 1486 2813 1541 illud
2856 1505 2870 1542 :
2919 1488 3154 1543 Vidimus
3197 1491 3350 1545 urbes
3387 1496 3455 1543 ad
3481 1491 3668 1545 εωίιιηι

2088 1588 2251 1639 usque
2308 1571 2525 1626 eductas
2572 1572 2669 1627 “:
2725 1583 2819 1627 aut
2881 1575 3027 1643 quod
3081 1591 3296 1645 semper
3368 1589 3669 1633 nascantur

2087 1664 2207 1728 alii,
2236 1664 2357 1719 ideo
2393 1664 2791 1719 innumerabile
2810 1665 2966 1719 dixit.

2165 1755 2325 1811 Vsus.
2367 1755 2454 1810 15.
2493 1755 2663 1809 Juxta
2692 1756 2849 1825 ﬁdem
2889 1756 3122 1826 defuncti
3164 1767 3284 1811 sunt
3336 1774 3515 1812 omnes
3557 1760 3669 1825 isti,

2086 1864 2189 1901 non
2218 1847 2442 1916 acceptis
2479 1848 2989 1915 repromissionibus.
3043 1849 3160 1903 Duo
3195 1849 3282 1904 hic
3302 1860 3622 1919 qttteruutur
3650 1868 3667 1906 :

2084 1936 2371 2004 Quomodo
2392 1956 2518 1993 cum
2544 1939 2609 1994 de
2648 1938 2830 1994 Enoch
2861 1941 3125 1995 dixisset:
3165 1938 3478 1996 Translata;
3505 1951 3582 1995 est
3612 1958 3673 1996 ne

2083 2033 2277 2087 videret
2336 2043 2579 2099 mortem,
2621 2047 2769 2087 nunc
2802 2032 2971 2095 dicat,
3024 2031 3226 2085 Mortui
3258 2040 3382 2085 sunt
3438 2032 3530 2085 isti
3561 2047 3676 2085 om-

2084 2124 2210 2177 nes?
2235 2121 2313 2177 Ac
2343 2139 2557 2189 rursus,
2590 2124 2683 2193 qui
2715 2122 3113 2186 dixeritmunc,
3137 2140 3231 2179 eos
3259 2140 3367 2178 non
3396 2126 3677 2194 accepisse

2084 2216 2498 2285 promissioues,
2538 2232 2660 2271 cum
2688 2216 2920 2271 Abelum
2974 2226 3156 2271 tamen
3208 2217 3388 2270 adhuc
3420 2216 3568 2285 loqui
3598 2215 3677 2270 af-

2084 2309 2334 2374 ﬁrmat-it,
2393 2308 2835 2378 quandoquidem
2884 2308 3025 2375 apud
3070 2317 3299 2363 cunctos
3329 2307 3677 2362 celebretur?

2084 2400 2292 2457 Deinde
2338 2401 2515 2470 ipsum
2553 2398 2737 2454 Enoch
2766 2401 3092 2453 translatum
3121 2415 3262 2463 esse,
3289 2415 3352 2453 ac
3380 2397 3491 2454 Noe
3534 2413 3678 2453 mero

2085 2491 2273 2548 cedem
2326 2491 2623 2557 accepisse.
2666 2499 2724 2544 ut
2753 2499 3174 2546 conservaretur
3208 2491 3326 2559 ipse
3363 2504 3486 2544 cum
3512 2487 3693 2543 domo'

2088 2602 2207 2652 sua,
2246 2593 2301 2639 et
2367 2596 2425 2639 ut
2452 2585 2638 2651 justus
2672 2592 2972 2638 vocaretur
3007 2602 3023 2639 :
3085 2585 3457 2637 Abrahamum
3511 2581 3674 2636 etiam

2087 2678 2289 2731 liberos
2311 2690 2631 2746 procreasse
2682 2691 2746 2730 ex
2780 2674 3002 2728 Sarrha.
3044 2673 3276 2727 Proinde
3310 2672 3495 2740 istud;
3530 2670 3681 2725 Hor-

2086 2770 2167 2822 tui
2188 2780 2308 2822 sunt
2358 2769 2451 2822 isti
2479 2784 2681 2832 ontnes,
2760 2766 2947 2835 accipe
3001 2781 3140 2835 pro:
3205 2765 3398 2819 Ilortui
3453 2764 3672 2833 quidem

2086 2870 2234 2927 sunt,
2278 2872 2505 2930 excepto
2562 2875 2628 2914 eo
2677 2859 2771 2928 qui
2829 2866 3058 2911 mortem
3096 2872 3206 2911 non
3243 2858 3398 2911 vidit.
3433 2857 3501 2910 At
3545 2871 3676 2910 vero

2085 2952 2228 3023 quod
2272 2967 2377 3005 non
2407 2952 2721 3020 acceperint
2784 2948 3207 3019 promissioues,
3237 2963 3365 3003 vere
3399 2948 3466 3003 de
3497 2946 3679 3001 enmi-

2085 3044 2187 3098 bus
2213 3043 2413 3096 dictum
2466 3050 2568 3096 est.
2597 3039 2716 3095 Non
2747 3040 2893 3094 enim
2942 3053 3041 3108 per
3069 3039 3183 3092 Inec
3214 3046 3424 3091 tantum
3454 3038 3676 3092 muniti-

403 3135 591 3202 γάλων
621 3136 887 3204 καμάτων
914 3135 1014 3203 τῆς
1044 3136 1311 3198 πίστεως,
1344 3133 1425 3203 τῷ
1463 3133 1562 3204 μὲν
1600 3132 1767 3186 ’Ἅϐελ
1799 3135 1891 3185 ἐπὶ
1916 3135 1981 3204 τῇ

2095 3134 2464 3190 nentisssimus
2484 3132 2625 3188 Deus
2648 3132 2911 3201 persolvit
2930 3144 3247 3201 magnorum
3286 3130 3406 3185 tidei
3431 3131 3679 3184 laborum

405 3226 541 3295 παρ’
570 3224 883 3296 ἀνθρώποις
913 3225 1063 3297 δόξῃ,
1084 3225 1161 3296 τῷ
1190 3226 1246 3279 δὲ
1261 3224 1436 3297 Ἑνὼχ
1462 3224 1557 3278 ἐπὶ
1581 3227 1646 3296 τῇ
1675 3225 1984 3295 μεταθέσει,

403 3313 484 3386 τῷ
506 3315 563 3368 δὲ
585 3316 709 3368 Νῶε
743 3315 836 3369 ἐπὶ
865 3319 932 3387 τῇ
961 3318 1025 3369 ὲκ
1051 3316 1146 3369 τοῦ
1175 3316 1568 3386 κατακλυσμοῦ
1600 3315 1869 3386 σωτηρίᾳ,
1891 3317 1988 3369 καὶ

405 3407 489 3478 τῷ
522 3408 779 3480 Ἀδραὰμ
834 3410 931 3462 ὲπὶ
987 3411 1052 3479 τῇ
1103 3409 1419 3480 παιδοποιῖᾳ
1449 3428 1461 3440 ο
1499 3408 1636 3461 ἀλλὰ
1696 3408 1878 3479 δῆλον,
1912 3409 1990 3471 ὡς

404 3499 580 3552 ταῦτα
615 3499 715 3568 μὲν
744 3499 997 3569 γεύματα
1041 3498 1135 3552 καὶ
1163 3498 1486 3569 aegaeon;
1517 3501 1624 3552 εἰσι
1668 3498 1778 3552 τῶν
1798 3498 1991 3568 ἀληθι-

405 3589 513 3641 νῶν
560 3589 929 3657 ἐπαγγελιῶν,
963 3588 1054 3643 διὰ
1084 3590 1213 3652 τοὺς
1274 3588 1651 3660 μικροψύχους
1697 3589 1845 3659 ἡμᾶς
1875 3591 1991 3652 τοῖς

403 3682 586 3751 ἁγίοις
615 3682 998 3752 προδιδόμενα,
1036 3681 1124 3734 ἵνα
1153 3680 1262 3734 ἀπὸ
1310 3679 1517 3735 τούτων
1551 3680 1645 3733 καὶ
1676 3694 1805 3750 περι
1840 3680 1987 3733 ὲκεί-

408 3792 515 3829 νων
540 3773 911 3844 πιστεύωμεν.
946 3773 1117 3828 Ἀλλα
1145 3773 1202 3826 δέ
1234 3789 1358 3826 τινα
1405 3772 1639 3841 μεγάλα,
1690 3773 1785 3825 καὶ
1835 3770 1871 3824 ἃ
1896 3772 1990 3823 ἐπὶ

408 3866 639 3937 καρδίαν
671 3863 962 3936 ἀνθρώπου
989 3865 1089 3918 οὐκ
1128 3863 1318 3933 ἀνέϐη,
1352 3860 1683 3933 ἡτοίμασται
1714 3861 1921 3927 αὐτοῖς,
1957 3859 1993 3914 ἃ

407 3957 559 4013 οὔπω
582 3958 798 4022 ἔλαϐον,
834 3958 1025 4029 ὥσπερ
1052 3958 1150 4012 καὶ
1180 3960 1207 4011 ὁ
1255 3955 1463 4027 Κύριός
1490 3971 1660 4024 φησιν
1689 3956 1747 4007 ὲν
1773 3953 1851 4025 τῷ
1884 3955 1990 4007 Εὑ-

409 4052 674 4122 αγγελίῳ,
726 4052 785 4106 ὲν
812 4050 891 4120 τῷ
920 4050 1018 4104 νῦν
1050 4050 1207 4104 αἰῶνι
1248 4046 1789 4102 ἑκατονταπλασίονα
1829 4046 1991 4117 λήψε-

411 4141 536 4197 σθαι
570 4143 664 4196 τὸν
689 4142 1131 4214 ἀποταξάμενον,
1161 4140 1258 4195 καὶ
1314 4142 1374 4193 ὲν
1409 4138 1487 4211 τῷ
1545 4138 1798 4210 μέλλοντι
1848 4138 1994 4211 ζωὴν

409 4233 650 4288 αἰώνιον.

494 4412 682 4468 Ἀλλὰ
728 4411 1035 4481 πόρῤωθεν
1062 4409 1253 4477 αὐτὰς
1288 4410 1523 4476 ἰδόντες
1550 4409 1654 4465 καὶ
1698 4409 1992 4465 ammad-

2092 3225 2390 3288 mercedes,
2430 3225 2600 3280 Abelo
2634 3223 2855 3294 quidem
2907 3237 3004 3293 per
3035 3223 3266 3293 gloriam
3323 3221 3466 3291 apud
3503 3222 3681 3275 hami-

2091 3318 2417 3383 ncs,Enoch
2450 3331 2581 3372 vero
2631 3332 2725 3386 per
2775 3314 3213 3376 translationem,
3254 3322 3367 3367 tum
3419 3311 3533 3366 Noe
3576 3310 3680 3379 ipsi

2091 3426 2188 3480 per
2223 3409 2706 3466 conservationem
2742 3423 2807 3462 ex
2835 3406 3067 3469 diluvio,
3094 3406 3292 3460 deinde
3323 3403 3557 3461 Abrahae
3587 3418 3683 3472 per

2092 3500 2184 3554 ﬁlii
2236 3499 2672 3570 procreationem
2717 3515 2732 3552 :
2793 3511 2983 3550 verum
3037 3492 3393 3566 perspicuum
3425 3502 3509 3547 est
3564 3492 3680 3546 tunc

2090 3606 2214 3646 esse
2243 3591 2408 3645 veluti
2432 3598 2631 3659 gustus
2664 3587 2934 3658 quosdam
2971 3595 3027 3640 et
3055 3584 3394 3639 arrhaboues
3426 3595 3679 3637 verarum

2092 3686 2548 3756 promissionum,
2611 3691 2838 3753 prepter
2884 3679 3393 3750 pusillanimitatem
3429 3684 3683 3731 nostram

2091 3777 2296 3831 sanctis
2322 3775 2475 3845 prius
2499 3773 2722 3836 tradita,
2759 3779 2817 3826 ut
2849 3770 2918 3824 ab
2953 3770 3038 3824 his
3074 3767 3244 3834 docti,
3275 3767 3343 3822 de
3374 3767 3481 3821 illis
3515 3766 3680 3821 etiam

2093 3868 2147 3922 in
2183 3867 2287 3922 ﬁde
2308 3866 2608 3921 ﬁrmemur.
2636 3864 2761 3919 Alia
2789 3877 2955 3934 porro
3028 3861 3279 3932 qutedam
3334 3859 3597 3929 ingentia,
3628 3863 3686 3911 et

2092 3976 2214 4031 quis
2260 3960 2313 4014 in
2366 3974 2462 4014 cor
2484 3956 2723 4013 hominis
2794 3972 2904 4010 non
2963 3968 3067 4008 con
3089 3952 3449 4012 scenderunt,
3494 3957 3685 4017 parata

2093 4062 2224 4110 sunt
2259 4054 2360 4118 eis,
2397 4065 2518 4120 qua:
2549 4048 2791 4104 nondum
2836 4049 3196 4115 acceperunt,
3239 4041 3383 4096 sicut
3417 4047 3472 4093 et
3498 4038 3686 4092 Domi-

2094 4163 2200 4201 nus
2226 4146 2365 4200 dixit
2389 4145 2443 4199 in
2471 4141 2787 4211 Evangelia,
2822 4139 2937 4193 fore
2967 4148 3025 4192 ut
3056 4136 3103 4192 is
3181 4134 3276 4202 qui
3323 4131 3579 4187 omnibus
3606 4144 3689 4185 re-

2094 4218 2422 4302 nuntiasset,
2453 4234 2767 4304 centuplum
2801 4232 2865 4287 in‘
2918 4232 3024 4285 hoc
3089 4226 3292 4283 saeculo
3315 4224 3587 4294 reciperet
3616 4221 3684 4291 ",

2095 4343 2151 4387 et
2171 4331 2335 4384 vitam
2359 4338 2617 4383 aeternam
2645 4326 2700 4381 in
2736 4323 2941 4379 futuro.

2164 4422 2268 4479 Sed
2301 4439 2335 4476 a
2379 4420 2528 4492 longe
2553 4436 2645 4474 eas
2696 4418 3002 4487 aspicientes
3053 4424 3102 4471 et
3148 4415 3469 4470 salutantes.
3509 4408 3679 4481 736

404 4520 597 4576 μενοι.
652 4505 919 4559 Ἐνταῦθα
977 4504 1276 4559 αἰνίττεται
1336 4505 1535 4567 αὐτοὺς
1577 4504 1648 4557 τὰ
1687 4506 1828 4574 περὶ
1891 4504 1987 4575 τῆς

2098 4514 2198 4571 Hic
2227 4513 2408 4579 innuit
2447 4527 2543 4567 eos
2603 4511 2671 4566 de
2741 4525 2908 4579 regno
2963 4509 3254 4569 caelorum,
3314 4511 3369 4559 et
3399 4517 3689 4557 resurrec-

412 4598 697 4668 βασιλείας
718 4597 833 4651 τῶν
863 4595 1132 4666 οὐρανῶν,
1195 4596 1292 4650 καὶ
1336 4599 1440 4667 τῆς
1472 4595 1843 4662 ἀναστάσεως,
1892 4595 1996 4649 καὶ

410 4690 526 4744 τῶν
574 4689 837 4762 ἀρρήτων
898 4689 1123 4758 ἀγαθῶν
1164 4689 1445 4760 μυστήρια
1499 4689 1596 4743 καὶ
1659 4690 1870 4753 ἰδόντας
1898 4689 1996 4743 καὶ

412 4781 859 4850 ἀσπασαμένους,
889 4781 1169 4833 τουτέστιν
1198 4780 1489 4853 ᾐσθέντας,
1538 4780 1647 4835 ἀπὸ
1681 4783 1997 4852 μεταφορᾶς

410 4872 525 4926 τῶν
548 4872 844 4934 πλεόντων,
869 4871 965 4926 καὶ
994 4872 1279 4942 πόρρωθεν
1301 4872 1558 4943 ὁρώντων
1580 4872 1767 4935 πόλεις
1799 4872 1999 4925 ποθου-

415 4964 607 5035 μένας,
638 4962 704 5026 ἃς
729 4963 865 5034 πρὶν
892 4963 923 5034 ἢ
952 4963 1219 5017 εἰσελθεῖν
1248 4964 1329 5027 εἰς
1360 4965 1550 5031 αὑτὰς,
1586 4963 1996 5035 προφθάνοντες

413 5058 743 5113 οἰκειοῦνται
767 5062 834 5131 τῇ
857 5060 1265 5131 προσρήσει.Ἢ
1293 5059 1388 5113 καὶ
1409 5060 1538 5123 τοὺς
1568 5059 1697 5131 περὶ
1741 5059 1999 5132 Ἀϐραάμ

412 5168 604 5222 φησιν,
635 5152 715 5206 ὅτι
747 5154 906 5206 αὐτοὶ¹
930 5154 1029 5224 μὲν
1063 5155 1165 5206 οὐκ
1190 5149 1384 5205 ἔλαϐον
1413 5151 1512 5215 τὰς
1533 5151 1873 5220 ἐπαγγελίας
1894 5150 1996 5215 τὰς

410 5244 546 5315 περὶ
583 5246 686 5316 τῆς
712 5249 842 5318 γῆς,
873 5245 1159 5317 πόρρωθεν
1208 5244 1266 5297 δὲ
1321 5244 1569 5315 προεϊόον
1602 5244 1796 5309 αὐτὰς,
1835 5260 1997 5297 τουτ-

412 5335 557 5401 έστι,
581 5337 690 5410 πρὸ
720 5340 1007 5409 τεσσάρων
1032 5337 1272 5407 γενεῶν
1302 5336 1456 5391 ὅτιοί
1479 5335 1694 5404 ἔκγονοι
1726 5337 1908 5391 αὐτῶν
1940 5335 1999 5404 ἐξ

411 5423 701 5499 Αἰγύπτου
723 5431 969 5493 ἀνιόντες
995 5429 1469 5502 κληρονομήσουσι
1497 5428 1722 5492 ταύτας.
1757 5427 1911 5500 Αὕτη
1939 5427 2001 5482 δὲ

534 5610 576 5641 ⁸⁸
603 5607 764 5665 Num.
786 5626 906 5677 χιιι,
928 5609 1018 5665 29.
1094 5611 1139 5643 ⁸⁷
1163 5608 1355 5666 Matth.
1382 5624 1496 5678 xu,
1524 5608 1616 5666 29.

2099 4609 2269 4672 tione,
2298 4604 2736 4660 etiueﬂ'abilibus
2796 4602 2955 4658 bonis
3007 4600 3263 4671 mysteria
3327 4604 3447 4652 tum
3484 4595 3685 4650 vidisse

2109 4710 2225 4755 tum
2260 4698 2555 4761 salutasse,
2621 4696 2726 4750 hoc
2777 4703 2861 4751 est
2925 4694 3185 4758 sensisse,
3238 4699 3455 4760 sumpta
3515 4700 3691 4741 meta-

2105 4793 2274 4861 phora
2321 4805 2351 4844 a
2404 4788 2796 4857 navigantibus
2830 4795 2884 4839 et
2916 4785 3105 4856 procul
3136 4781 3499 4838 cernentibus
3529 4778 3699 4833 urbes

2107 4883 2464 4948 desideratas,
2490 4896 2644 4951 quas,
2684 4880 3007 4949 priusquam
3058 4875 3443 4947 ingrediantur
3491 4872 3544 4926 in
3575 4884 3699 4934 eas,

2107 4970 2505 5045 prmvénientes
2561 4969 2911 5025 familiariter
2964 4967 3232 5022 salutant.
3292 4965 3387 5020 Vel
3442 4960 3692 5016 Abraha-

2108 5080 2257 5121 mum
2286 5080 2412 5121 cum
2434 5080 2529 5119 sua
2560 5063 2751 5118 sobole
2797 5075 2898 5117 sua
2964 5058 3240 5130 intelligit,
3300 5057 3557 5128 quoniam
3586 5050 3691 5120 ipsi

2106 5171 2215 5212 non
2238 5153 2980 5225 acceperuntptomissiones
3018 5152 3089 5208 de
3148 5161 3312 5215 terra,
3345 5163 3375 5201 a
3409 5146 3569 5213 longe
3594 5156 3690 5193 au-

2105 5256 2215 5305 tem
2249 5246 2614 5316 praeviderunt
2641 5259 2757 5309 eas,
2797 5245 2899 5299 hoc
2940 5251 3046 5306 est.
3105 5248 3232 5296 ante
3267 5246 3506 5308 quatuor
3527 5244 3680 5302 gena.

2103 5337 2346 5393 rationes
2383 5351 2397 5391 :
2434 5334 2579 5406 quod
2616 5333 3049 5406 posteri'eorum
3098 5346 3164 5386 ex
3218 5327 3453 5398 Egypto
3488 5335 3695 5376 ascen-

2113 5429 2331 5495 dentes,
2392 5427 2767 5486 haereditatem
2819 5440 3005 5481 eurum
3035 5422 3275 5476 adirent.
3325 5414 3453 5471 Haec
3510 5419 3699 5470 autem

1790 5697 1994 5761 Variae
2026 5697 2357 5763 lectiones.

494 5803 541 5839 "
570 5804 630 5871 ἐξ
663 5820 715 5859 ο.
791 5805 837 5840 ⁸⁵
862 5802 1118 5867 λαϐόντες
1150 5819 1205 5858 o.
