4014 6208
317 379 422 446 351
1203 371 1778 439 THEOPHYLACTI
1818 367 2236 429 BULGARIB
2263 370 2306 428 A
2320 369 2615 429 RCHIEP.
2692 432 2695 437 ς
3459 365 3565 430 352

320 492 597 548 enarratio
627 507 735 549 non
763 491 1012 564 sequitur
1033 505 1097 547 ea
1146 507 1269 562 quas
1305 490 1548 546 diximus
1602 488 1672 543 ad
1703 486 1849 542 istud
1874 523 1890 548 .

2004 483 2027 552 ἡ
2066 482 2327 553 ἐξήγησις
2375 482 2476 534 οὐκ
2518 477 2804 534 ἀκολουθεί
2838 480 2950 540 τοῖς
2993 474 3303 546 εἰρημένοις
3356 476 3437 540 εἰς
3464 478 3563 530 τόο

321 581 423 637 Isti
442 598 641 649 omnes,
681 592 742 637 ut
788 598 909 669 quae
938 583 1037 638 soli
1080 582 1395 638 Abrahamo
1424 583 1653 654 ejusque
1688 581 1901 648 nepoti-

2007 570 2185 629 Οὗτοι
2233 572 2476 640 πάντες,
2533 573 2608 637 ὡς
2659 569 2974 641 ἁρμόζουσα
3021 569 3201 640 μόνοις
3254 571 3367 632 τοῖς
3437 569 3605 641 περὶ,

320 671 421 728 bus
452 675 765 728 conveniat.

394 766 463 819 Et
504 767 732 832 confessi
788 767 929 837 quod
973 768 1236 838 peregrini
1263 769 1369 822 sint
1403 774 1451 822 et
1480 767 1708 837 hospites
1746 781 1904 832 super

321 866 541 910 terram.
573 856 688 912 Non
719 860 894 913 solum
922 859 976 912 in
1002 868 1145 914 terra
1194 862 1487 930 promissa,
1513 875 1702 916 verum
1735 859 1899 912 etiam

324 944 381 998 in
405 954 520 999 toto
546 954 814 1001 terrarum
849 949 1000 1003 orbe.
1031 950 1322 1022 Propterea
1364 952 1506 1005 haud
1533 966 1748 1018 acquum
1774 964 1905 1002 cen-

330 1041 530 1095 sebant
560 1040 722 1095 istam
754 1045 1005 1112 accipere
1039 1061 1053 1109 ;
1125 1061 1233 1100 non
1262 1048 1409 1100 enim
1464 1043 1579 1113 ipsa
1606 1041 1749 1113 digni
1786 1042 1903 1099 l‘ue-

321 1139 450 1186 runt
506 1139 689 1199 patres
730 1133 827 1197 illi,
863 1135 958 1188 sed
1015 1137 1176 1191 caelo.
1234 1136 1441 1193 Posteri
1470 1144 1649 1189 autem
1713 1150 1901 1191 eorum

323 1232 651 1291 acceperunt
700 1238 863 1279 eam:
898 1225 972 1280 illi
1008 1237 1149 1281 terra
1179 1227 1394 1281 fuerunt
1436 1225 1621 1296 digni.
1658 1226 1904 1296 Peregri-

322 1326 451 1365 num
481 1320 662 1366 autem
709 1321 767 1368 et
796 1314 1060 1369 advenam
1096 1331 1157 1372 se
1187 1332 1312 1372 esse
1372 1317 1720 1373 Abraltamus
1760 1317 1904 1385 apud

323 1398 578 1456 Chetteus
636 1401 857 1459 disertis
894 1406 1076 1461 verbis
1132 1406 1416 1476 professus
1462 1415 1564 1464 est.
1596 1407 1902 1474 Quinetiam

325 1508 517 1551 omnes
541 1497 676 1553 tales
702 1501 941 1565 luerunt,
971 1508 1030 1556 ut
1076 1501 1241 1556 David
1289 1510 1542 1566 testatur,
1574 1504 1784 1558 Advena
1814 1519 1903 1574 ego

323 1603 441 1640 sum
470 1587 539 1653 ⁸⁸,
575 1590 783 1652 dicens.
821 1594 957 1646 sicut
990 1603 1039 1646 et
1071 1610 1252 1647 omnes
1287 1605 1464 1661 patres
1494 1596 1614 1649 mei.

398 1678 564 1736 Vens.
588 1682 678 1747 M,
704 1683 899 1746 15,16.
932 1685 1038 1750 Qui
1067 1687 1205 1738 enim
1231 1687 1341 1740 ha'c
1370 1689 1568 1752 dicunt,
1602 1687 1903 1758 signiﬁcant

325 1787 382 1824 se
411 1773 639 1825 vatriam
664 1772 942 1842 inquirere.
972 1772 1037 1827 Et
1090 1777 1138 1828 si
1175 1775 1384 1842 quidem
1419 1776 1587 1845 ipsius
1637 1777 1903 1833 meminis—

328 1871 467 1923 sent,
496 1861 562 1916 de
594 1878 698 1931 qua
731 1865 1281 1935 exierunt,7ltabebant
1307 1869 1484 1937 utique
1499 1878 1700 1936 tempus
1732 1885 1903 1923 rever-

325 1953 489 2005 tendi.
533 1951 692 2006 Nunc
747 1964 923 2007 autem
978 1956 1245 2010 meliorem
1302 1967 1570 2024 appetunt,
1619 1958 1901 2013 calestent.

324 2040 680 2105 Confitentes,
718 2044 912 2113 inquit,
954 2046 1167 2114 seipsos
1236 2048 1501 2115 hospites,
1552 2046 1893 2113 signiﬁcant,

325 2132 427 2185 hoc
453 2141 556 2198 est,
596 2134 840 2190 indicant
886 2151 946 2191 se
992 2138 1226 2206 patriam
1280 2138 1580 2205 inquirere.
1615 2136 1905 2191 Videamus

324 2223 493 2293 igitur
547 2226 761 2295 qualem
824 2229 1056 2295 patriam
1126 2230 1448 2297 inquirant:
1516 2239 1906 2284 terrestremne

322 2329 488 2382 quam
524 2315 877 2384 reliquerant,
904 2327 963 2372 ut
986 2319 1258 2373 Abraham
1284 2319 1730 2390 Mesopotamiam
1753 2320 1777 2373 ?
1805 2321 1904 2373 At-

324 2404 418 2470 qui
452 2406 648 2461 licebat
670 2408 721 2462 ei
748 2410 945 2463 reverti
978 2408 1044 2462 ad
1075 2425 1219 2464 eam.
1256 2411 1526 2477 Quoniam
1564 2427 1691 2467 vero
1722 2427 1906 2467 rever-

328 2510 426 2549 sus
460 2511 567 2551 non
596 2505 704 2562 est,
736 2497 1088 2553 manifestum
1124 2512 1211 2554 est
1241 2503 1387 2570 quod
1418 2517 1593 2575 neque
1609 2503 1775 2573 hujus
1792 2519 1904 2559 me-

324 2585 567 2649 minerit,
616 2601 793 2655 neque
837 2588 953 2642 haec
1005 2588 1183 2644 fuerit
1244 2591 1420 2660 patria
1447 2592 1566 2661 ejus
1600 2611 1616 2660 ;
1645 2604 1902 2648 caeterum

323 2674 485 2727 aliam
559 2676 853 2744 expetebat
906 2677 1212 2744 meliorem,
1268 2694 1465 2749 nempe
1497 2684 1808 2745 caelestem.
1847 2685 1902 2743 in

326 2776 490 2828 quant
550 2764 794 2818 nondum
876 2776 1252 2836 opportunum
1335 2781 1454 2826 erat
1516 2772 1567 2827 ei
1638 2788 1907 2831 conscen-

322 2856 478 2911 dere.

397 2942 527 3000 Ideo
554 2962 657 3001 non
686 2947 1030 3018 confunditur
1084 2949 1245 3013 Deus,
1296 2954 1474 3008 vocari
1522 2953 1663 3011 Deus
1695 2974 1900 3014 eorum.

325 3034 407 3090 0b
434 3038 837 3107 hujuscemodi.
867 3040 1064 3112 inquit,
1095 3056 1287 3096 eorum
1319 3045 1575 3100 virtutem
1595 3045 1738 3104 Deus
1766 3050 1901 3106 adeo

2016 664 2289 735 Ἀϐραάμ.

2074 756 2185 810 Καὶ
2220 746 2711 826 ὁμολογήσαντες
2733 754 2823 808 ὅτι
2853 752 3015 819 ξένοι
3044 752 3143 807 καί
3176 750 3575 819 παρεπίδημοί

2003 849 2160 901 εἰσιν
2203 847 2303 899 ἐπὶ
2332 848 2442 914 τῆς
2480 845 2611 916 γῆς.
2658 846 2732 898 Οὐ
2787 847 2947 916 μόνον
2980 845 3080 914 τῆς
3130 843 3572 913 ἐπηγγελμένης,

2004 937 2140 991 ἀλλὰ
2163 939 2342 1008 πάσης
2365 938 2465 1006 τῆς
2488 938 2816 1008 οἰκουμένης
2837 938 2904 991 ⁸⁸.
2922 939 3020 991 Διὰ
3051 937 3212 990 τοῦτο
3239 935 3572 1004 οὐδέὴξίουν

2003 1024 2210 1097 ταύτην
2236 1026 2444 1080 λαϐεῖν.
2480 1027 2554 1080 Bb
2585 1026 2693 1097 γὰρ
2729 1024 2872 1098 ἦσαν
2902 1026 3073 1094 αὐτῆς
3104 1026 3266 1092 ἄξιοι,
3309 1024 3448 1079 ἀλλὰ
3476 1023 3572 1077 τοῦ

2005 1118 2257 1187 ούρανοῦ.
2283 1120 2347 1171 Ol
2374 1118 2429 1172 δέ
2459 1118 2671 1186 ἔκγονοι
2694 1119 2872 1173 αὐτῶν
2896 1119 3086 1171 ἔλαϐον
3118 1117 3343 1188 ταύτην·
3376 1119 3575 1171 ἐκεῖνοι

2004 1206 2112 1277 γὰρ
2145 1202 2286 1278 ἦσαν
2308 1206 2405 1276 τῆς
2433 1209 2537 1278 γῆς
2555 1207 2719 1276 ἄξιοι.
2750 1207 2912 1271 Ξένος
2937 1208 2994 1261 δέ
3028 1202 3167 1261 εἶναι
3193 1207 3288 1260 καὶ
3312 1207 3576 1277 πάροικος

2002 1296 2354 1369 ὡμολόγησεν
2409 1300 2439 1352 ό
2473 1296 2724 1370 Ἀϐραὰμ
2753 1298 2890 1368 πρὸς
2909 1297 3036 1361 τοὺς
3060 1296 3356 1360 Χετταίους
3386 1297 3577 1360 αὐταῖς

2004 1386 2204 1452 λέξεσι.
2239 1389 2386 1459 Πλὴν
2416 1389 2512 1443 καὶ
2543 1389 2742 1451 πάντες
2771 1387 3000 1440 τοιοῦτοι
3038 1382 3200 1456 ἦσαν,
3231 1386 3325 1438 καὶ
3363 1400 3576 1456 μαρτυ-

2006 1482 2091 1550 ρεῖ
2116 1479 2303 1546 Δαϐὶδ,
2345 1479 2637 1548 Πάροικος
2676 1478 2789 1549 ἐγώ
2816 1480 2954 1548 ειμι,
2990 1477 3188 1546 λέγων,
3215 1475 3409 1543 καθὼς
3428 1475 3577 1530 πάν·

2003 1588 2102 1638 τες
2125 1574 2182 1625 οι
2206 1572 2457 1639 πατέρες
2481 1589 2619 1641 μου.

2076 1665 2142 1717 οι
2189 1663 2299 1732 γὰρ
2356 1661 2604 1716 τοιαῦτα
2648 1659 2952 1728 λέγοντες,
2997 1658 3428 1730 ἐμφανίζουσιν
3489 1660 3579 1715 ὅτι

2005 1752 2260 1821 πατρίδα
2292 1749 2657 1818 ἐπιζητοῦσι.
2689 1751 2795 1804 Καὶ
2825 1752 2877 1803 εἰ
2900 1749 3018 1818 μὲν
3060 1749 3301 1815 ἐκείνης
3327 1749 3582 1820 ἐμνημό-

2005 1860 2187 1897 νευον
2214 1843 2316 1912 ἀφ’
2349 1838 2446 1911 ἧς,
2474 1839 2760 1908 ἐξῆλθον,
2791 1835 2961 1907 εἶχον
2986 1838 3063 1892 ἂν
3089 1840 3301 1908 καιρὸν
3316 1840 3582 1909 aranda-

2004 1937 2135 2002 ψαι.
2193 1933 2345 1988 Νυνὶ
2373 1932 2443 1987 δὲ
2484 1933 2824 2002 κρείττονος
2867 1929 3196 2001 ὀρέγονται,
3263 1930 3582 1986 τουτέστιν

2003 2023 2387 2092 ἐπουρανίου.
2413 2022 2703 2091 Λέγοντες,
2762 2022 2946 2091 φησὶν,
2978 2023 3204 2086 ἑαυτοὺς
3239 2021 3445 2088 ξένους,
3482 2024 3581 2092 ἐμ-

2004 2117 2345 2185 φανίζουσιν,
2372 2116 2493 2169 ἀντὶ
2518 2113 2636 2180 τοῦ,
2691 2114 3052 2179 δεικνύουσιν,
3087 2114 3169 2167 ὅτι
3198 2114 3431 2183 πατρίδα
3463 2117 3580 2168 ἐπι-

2005 2205 2283 2275 ζητοῦσιν.
2305 2205 2537 2276 Ἰδωμεν
2567 2200 2661 2257 οὖν
2694 2204 2943 2275 ποταπὴν
2961 2204 3195 2273 πατρίδα
3229 2200 3576 2275 ἐπιζητοῦσν

2003 2300 2104 2368 τὴν
2155 2300 2340 2367 γήϊνον
2370 2300 2435 2368 ἢν
2470 2295 2818 2365 κατέλειψαν,
2861 2296 2936 2358 ὡς
2990 2296 3242 2366 Ἀϐραὰμ
3270 2297 3371 2365 τὴν
3402 2298 3582 2349 Μεσο-

2004 2389 2319 2457 ποταμίανς
2350 2390 2456 2442 Καὶ
2484 2388 2592 2459 μὴν
2618 2386 2747 2457 ἐξῆν
2780 2386 2930 2457 αὐτῷ
2958 2387 3295 2456 ὑποστρέψαι
3326 2389 3404 2450 εἰς
3429 2389 3576 2440 ἐκεί-

2004 2497 2126 2548 νην.
2165 2478 2319 2532 Ἐπεὶ
2364 2479 2421 2532 δὲ
2473 2480 2572 2550 οὐχ
2615 2479 2949 2549 ὑπέστρεψε,
3005 2480 3271 2551 πρόδηλον
3325 2480 3401 2545 ὡς
3454 2479 3580 2533 οὔτε

2004 2572 2211 2643 ταύτης
2247 2571 2657 2641 ἐμνημόνευσεν
2679 2610 2695 2635 ,
2727 2569 2851 2623 οὔτε
2880 2570 3021 2641 αὕτη
3054 2566 3121 2641 ἦν
3154 2570 3303 2642 αύτῷ
3353 2574 3573 2641 πατρὶς,

2004 2663 2119 2718 ἀλλ’
2149 2664 2315 2732 ἄλλης
2338 2663 2602 2734 ἐπεθύμει
2665 2663 2995 2735 κρείττονος,
3021 2664 3298 2718 τουτέστιν
3337 2666 3575 2735 ἐπουρα-

2003 2756 2140 2824 νίου,
2176 2759 2254 2821 εἰς
2275 2757 2343 2828 ἢν
2369 2755 2521 2810 οὔπω
2559 2753 2673 2825 εἶχε
2702 2755 2891 2827 καιρὸν
2924 2756 3216 2825 ἀναϐῆναι.

2075 2938 2174 2993 Διὸ
2229 2924 2341 2993 οὔκ
2389 2938 2819 3007 ἐπαισχύνεται
2862 2935 3086 3002 αὐτοὺς
3135 2938 3170 2990 ό
3217 2935 3381 3001 Θεὸς,
3435 2937 3577 3002 Θει¹ς

2005 3029 2422 3084 ἐπικαλεῖσθαι
2455 3027 2681 3083 αὐτῶν.
2714 3027 2813 3080 Διὰ
2833 3027 2935 3098 τὴν
2959 3026 3213 3096 τοιαύτην
3236 3027 3418 3080 αὐτῶν
3447 3029 3564 3096 ἀρε·

323 3141 421 3182 eos
439 3129 616 3199 magni
644 3128 793 3197 facit,
818 3139 877 3186 ut
908 3147 1033 3188 cum
1065 3132 1136 3188 sit
1162 3133 1328 3190 totius
1380 3137 1562 3191 mundi
1598 3136 1763 3204 Deus,
1788 3151 1900 3195 tum

2004 3117 2102 3184 τὴν
2156 3119 2184 3170 ὁ
2229 3117 2383 3181 Θεὸς,
2417 3117 2604 3185 φησὶν,
2658 3115 2825 3179 οὕτως
2882 3116 2996 3185 ἔχει
3054 3117 3250 3179 αὐτοὺς
3286 3117 3575 3186 μεγάλους,

326 3216 640 3287 invisibilis,
663 3229 775 3275 tum
802 3221 922 3290 ejus
977 3223 1071 3292 qui
1100 3222 1202 3278 sub
1234 3223 1410 3280 visum
1457 3235 1704 3282 nostrum
1736 3230 1902 3297 cadit,

326 3320 440 3361 non
467 3309 741 3366 erubescit
770 3312 1129 3386 peculiariter
1154 3317 1339 3369 vocari
1372 3331 1562 3371 eorum
1598 3317 1762 3385 Deus,
1804 3337 1904 3391 pe-

325 3396 482 3454 rinde
502 3402 662 3471 quasi
687 3402 789 3471 ipsi
812 3404 1071 3460 omnibus
1093 3407 1365 3462 creaturis
1379 3408 1488 3462 sint
1505 3411 1903 3479 aequiparandi.

330 3483 425 3542 Vel
458 3490 662 3559 potius,
701 3491 847 3547 Deus
884 3493 1073 3548 mundi
1102 3494 1322 3564 quidem
1353 3496 1583 3553 visibilis
1609 3497 1753 3555 Deus
1777 3500 1908 3556 dici-

324 3585 436 3642 tur,
463 3586 720 3651 tanquam
747 3579 1011 3641 Conditor
1038 3592 1094 3639 et
1154 3583 1466 3654 Dominus;
1528 3602 1635 3657 qua
1690 3590 1905 3647 ratirme

322 3670 667 3733 ethnicorum
694 3672 856 3727 etiam
893 3685 975 3730 est
1004 3673 1153 3731 Deus
1190 3677 1435 3732 :borum
1485 3686 1667 3735 autem
1735 3680 1904 3737 veluti

327 3758 567 3825 amicus,
607 3759 751 3829 quod
780 3762 957 3829 majus
980 3772 1085 3820 est.

395 3846 620 3903 Pararit
651 3849 789 3905 enim
819 3852 931 3907 illis
984 3854 1268 3912 civitatem.
1301 3857 1455 3915 Adeo
1506 3875 1635 3916 eum
1685 3862 1902 3920 illorum

326 3949 438 3991 non
483 3937 673 4007 pudet,
713 3938 809 3994 sed
844 3938 1147 3999 familiares
1194 3959 1290 4000 eos
1329 3944 1511 4015 habet,
1541 3956 1601 4005 ut.
1631 3958 1685 4005 et
1714 3953 1902 4008 urbem

325 4042 490 4099 quam
521 4029 599 4085 illi
627 4030 1037 4101 desiderabant,
1070 4050 1264 4106 nempe
1293 4038 1596 4107 caelestem,
1629 4046 1904 4113 paraverit

322 4133 426 4176 CIS.

396 4209 566 4269 νεεδ.
609 4213 699 4273 17.
733 4214 870 4272 Fide
896 4218 1085 4275 obtulit
1112 4221 1382 4277 Abraham
1417 4222 1688 4290 Isaacum,
1742 4229 1902 4301 737

324 4315 483 4367 quant
509 4309 823 4360 tentaretur.
851 4304 1025 4377 Major
1054 4308 1309 4365 omnibus
1336 4309 1393 4364 in
1416 4309 1519 4368 (ide
1536 4312 1903 4373 Abrahamus.

323 4388 426 4446 llic
452 4393 600 4448 enim
635 4409 745 4450 non
776 4396 956 4452 solum
986 4407 1187 4455 natura
1211 4401 1508 4471 pugnabat,
1546 4406 1644 4461 sed
1676 4414 1732 4461 et
1775 4426 1903 4465 ver-

2009 3208 2151 3262 ὧστε
2185 3208 2280 3262 τοῦ
2312 3208 2521 3278 κόσμου
2573 3207 2775 3270 παντὸς
2800 3206 2875 3261 ὢν
2906 3207 3058 3272 Θεὸς,
3108 3208 3201 3262 τοῦ
3253 3226 3311 3260 τε
3343 3210 3577 3279 ἀοράτου

2007 3301 2103 3356 καὶ
2131 3300 2225 3355 τοῦ
2253 3300 2671 3387 ὁρωμένου,ούκ
2705 3299 3093 3369 ἐπαισχύνεται
3123 3300 3268 3363 ἰδίως
3295 3300 3578 3355 καλεῖσθαι

2007 3391 2186 3445 αὐτῶν
2216 3392 2368 3456 Θεὸς,
2400 3393 2476 3455 ὡς
2503 3392 2763 3461 ἰσοτίμων
2782 3392 2953 3445 ὅντων
2982 3392 3165 3461 πάσης
3193 3392 3295 3462 τῆς
3322 3392 3578 3455 κτίσεωςο

2010 3482 2210 3553 μᾶλλον
2274 3481 2333 3536 δέ
2384 3480 2480 3535 τοῦ
2513 3481 2612 3552 μὲν
2649 3480 2849 3551 ὁρατοῦ
2883 3480 3093 3552 κόσμου
3118 3480 3245 3543 Θεὸς
3277 3481 3497 3550 λέγεται
3552 3485 3582 3535 ό

2007 3575 2161 3641 Θεὸς,
2193 3574 2269 3639 ὡς
2298 3575 2527 3646 ποιητὴς
2557 3575 2652 3628 καὶ
2678 3572 2882 3647 Κύριος
2902 3589 2917 3603 ·
2964 3572 3105 3628 κατὰ
3154 3556 3315 3627 τοῦτο
3365 3573 3423 3627 δὲ
3485 3572 3582 3627 καὶ

2017 3666 2291 3739 Ἐλλήνων
2329 3665 2463 3730 Θεός
2492 3683 2507 3696 ο
2537 3665 2744 3719 τούτων
2772 3664 2855 3731 δὲ,
2885 3664 2961 3728 ὡς
2985 3664 3161 3733 φίλος,
3192 3663 3222 3717 ὃ
3253 3662 3460 3734 μεῖζον.

2087 3849 2406 3919 Ἠτοίμασε
2433 3848 2543 3918 γὰρ
2570 3847 2775 3914 αὐτοῖς
2803 3848 3004 3902 πόλιν.
3039 3843 3313 3900 Τοσοῦτον
3335 3846 3437 3899 οὐκ
3475 3846 3579 3898 ἐπ-

2005 3941 2325 4013 αισχύνεται
2388 3942 2610 4006 αὐτοὺς,
2662 3941 2778 3995 ἀλλ’
2828 3940 3062 4003 οἰκείους
3117 3938 3254 4008 ἔχει,
3313 3937 3453 3992 ὥστε
3484 3938 3579 3991 καὶ

2004 4035 2106 4106 τὴν
2138 4035 2314 4101 πόλιν,
2352 4035 2417 4105 ἣν
2447 4032 2761 4106 ἐπεθύμουν
2787 4031 2887 4103 τὴν
2911 4033 2969 4087 ἐν
2992 4033 3105 4095 τοῖς
3131 4031 3401 4101 οὐρανοῖς,
3429 4029 3580 4100 ἡτοί-

2008 4143 2180 4198 μασεν
2209 4125 2416 4188 αὐτοῖς.
2434 4158 2443 4163 ε

2073 4220 2283 4274 Πίστει
2334 4216 2794 4286 προσενήνοχεν
2870 4214 3128 4283 ’Δόραὰμ
3182 4212 3290 4267 τὸν
3366 4210 3574 4266 Ἰσαὰκ

2005 4310 2444 4380 πειραζόμενος.
2459 4309 2679 4374 Μείζων
2717 4308 2935 4363 πάντων
2958 4309 3026 4378 τῇ
3048 4306 3230 4359 πίστει
3259 4306 3287 4358 ό
3303 4303 3574 4375 Ἀϐραάμ.

2017 4400 2284 4455 Ἐνταῦθα
2317 4400 2426 4470 γὰρ
2455 4400 2517 4453 οὐ
2555 4400 2714 4468 μόνον
2767 4397 2929 4465 φύσις
2989 4396 3253 4467 ἐμάχετο,
3280 4393 3425 4447 άλλά
3480 4392 3576 4445 καὶ

323 4480 452 4535 bum
489 4479 578 4538 Dei
603 4498 724 4539 cum
762 4487 1019 4544 mandato
1049 4489 1253 4545 divino.
1282 4490 1334 4561 is
1362 4493 1507 4547 enim
1537 4496 1629 4565 qui
1656 4497 1890 4568 dixerat,

2004 4494 2159 4562 λόγος
2220 4491 2358 4545 Θεοῦ
2405 4491 2536 4561 θείῳ
2572 4491 2977 4562 προστάγματι.
3013 4488 3072 4543 Ὀ
3103 4488 3211 4559 γὰρ
3248 4486 3437 4540 εἰπών·
3475 4485 3575 4539 Σοί

328 4572 448 4626 Tibi
476 4582 528 4628 et
555 4577 743 4629 semini
771 4587 860 4631 tuo
881 4578 1018 4635 dabo
1041 4592 1237 4636 terram
1262 4584 1327 4650 δ’,
1359 4584 1406 4639 is
1437 4585 1691 4659 imperat,
1725 4592 1902 4649 Macta

325 4663 495 4732 [ilium
526 4674 695 4719 tuum.
725 4668 1016 4738 Propterea
1065 4674 1265 4730 dicitur
1314 4683 1510 4736 tentari
1532 4684 1899 4754 Abrahamus,

324 4770 432 4809 non
449 4757 594 4825 quod
625 4757 769 4815 Deus
791 4776 931 4832 opus
952 4764 1175 4821 traheret
1196 4771 1433 4842 experiri
1462 4772 1584 4842 ejus
1607 4775 1892 4846 virtutem,

322 4860 510 4900 verum
543 4853 603 4901 ut
641 4863 742 4906 nos
767 4854 1102 4921 experientia
1134 4856 1253 4928 ipsa
1306 4868 1363 4918 et
1422 4866 1687 4933 operibus
1716 4868 1897 4924 disca-

322 4951 447 4991 mus
481 4939 733 4994 virtutem
768 4941 907 5012 ejus.
952 4944 1193 5007 Observa
1217 4959 1398 5009 autem
1435 4954 1582 5024 quod
1633 4960 1892 5015 tentatio-

323 5041 420 5119 nes
448 5027 584 5083 adeo
608 5031 768 5088 utiles
811 5043 961 5100 sunt,
991 5046 1050 5092 ut
1095 5041 1297 5097 nedum
1350 5043 1419 5099 ab
1452 5044 1575 5101 aliis
1594 5044 1739 5103 Deus
1767 5038 1894 5119 per;-

323 5117 504 5173 mittat
528 5134 619 5174 eas
641 5124 995 5193 superinduci
1023 5127 1297 5197 ﬁdelibus,
1322 5148 1510 5190 verum
1566 5134 1688 5207 ipse
1714 5117 1879 5197 etiam

320 5215 513 5278 tentet,
555 5223 610 5268 ut
628 5216 969 5284 probatiores
989 5223 1262 5280 ostendat.

393 5384 559 5446 Vsus.
592 5390 790 5461 17,18,
834 5394 918 5451 19.
969 5395 1039 5450 Et
1108 5399 1434 5470 unigenitum
1493 5404 1766 5475 offerebat,
1802 5411 1894 5481 qui

401 5563 447 5596 ⁴⁸
473 5563 613 5621 l‘sal.
645 5583 873 5638 xxxvtn,
906 5571 993 5628 15.
1070 5573 1115 5619 ⁸9
1144 5574 1283 5633 Gen.
1306 5591 1396 5649 xv,
1432 5596 1563 5639 xvtt.

2002 4586 2102 4641 καὶ
2143 4583 2225 4650 τῷ
2251 4584 2549 4652 σπέρματί
2575 4598 2692 4638 σου
2722 4581 2893 4637 δώσω
2918 4579 3034 4648 τῆν
3060 4578 3200 4649 γῆν,
3226 4570 3382 4640 οὗτος
3406 4592 3579 4647 προσο

2001 4660 2249 4739 τάσσει,
2277 4676 2526 4751 Σφάξον
2576 4676 2643 4731 τὸ
2693 4676 2909 4730 τέκνον
2940 4673 2983 4705 ⁸⁷
3014 4689 3153 4727 σου.
3215 4670 3308 4724 Διὸ
3357 4668 3578 4736 λέγεται

2003 4767 2364 4838 πειράζεσθαι
2400 4766 2674 4838 Ἀϐραὰμ,
2728 4766 2829 4836 οὐχ
2860 4763 2936 4825 ὡς
2968 4761 3063 4816 τοῦ
3119 4758 3258 4815 Θεοῦ
3312 4759 3572 4825 δεομένου

2005 4861 2197 4932 μαθεῖν
2221 4860 2322 4932 τὴν
2354 4858 2523 4912 αὐτοῦ
2579 4852 2805 4929 ἀρετὴν,
2853 4855 2968 4909 ἀλλ’
3004 4854 3091 4907 ἵνα
3116 4853 3279 4923 ἡμεῖς
3306 4853 3371 4920 τῇ
3404 4849 3577 4920 πείρᾳ

2000 4955 2139 5024 αὐτῇ
2172 4953 2267 5008 καὶ
2306 4954 2421 5015 τοῖς
2473 4950 2655 5021 έργοις
2684 4949 2946 5020 μάθωμεν
2999 4945 3098 5017 τὴν
3123 4943 3328 5013 ἀρετὴν
3379 4939 3573 4996 αὐτοῦ.

1999 5048 2316 5119 Σημείωσαι
2338 5044 2417 5104 δὲ,
2449 5044 2533 5098 ὅτι
2569 5042 2822 5097 τοσοῦτον
2851 5039 3124 5109 ὠφέλιμοι
3157 5038 3216 5091 οἱ
3246 5033 3572 5107 πειρασμοὶ,

1998 5141 2139 5195 ὥστε
2160 5141 2221 5193 οὐ
2249 5140 2409 5211 μόνον
2434 5140 2562 5209 παρ’
2592 5137 2767 5192 ἄλλων
2795 5133 3069 5203 συγχωρεῖ
3107 5130 3238 5193 Θεὸς
3266 5126 3571 5197 ἐπάγεσθαι

1999 5229 2226 5294 τούτους
2256 5231 2372 5297 τοῖς
2401 5229 2640 5291 πιστοῖς,
2687 5226 2826 5281 ἀλλὰ
2852 5224 2947 5279 καὶ
2976 5221 3141 5286 αὐτὸς
3168 5220 3447 5293 πειράζει,
3483 5216 3574 5271 ῐνα

2000 5321 2405 5392 δοκιμωτέρους
2432 5319 2617 5391 δείξῃ..

2073 5410 2184 5468 Καὶ
2222 5410 2328 5465 τὸν
2369 5407 2671 5481 μονογενῆ
2710 5407 3082 5479 προσέφερεν
3115 5406 3148 5459 ὀ
3182 5404 3289 5471 τὰς
3325 5402 3576 5471 ἐπαγγε-

1680 5674 1886 5737 Varite
1924 5672 2255 5738 lectiones.

410 5760 454 5793 “
494 5761 597 5831 γῆς
620 5777 673 5819 ο.
750 5765 795 5800 ⁸⁷
831 5767 1053 5841 σπέρμα
1075 5786 1130 5827 o.
