4014 6208
415 313 521 376 353
636 290 649 311 '

1079 313 1483 376 EXPOSETIO
1514 313 1596 374 IN
1634 309 1881 374 EPIST.
1930 309 2030 369 AD
2063 307 2462 370 HEBRIEOS.
2510 330 2582 342 --
2622 306 2782 368 CAP.
2825 304 2934 366 XI.

3567 303 3676 370 35$

413 428 550 492 λιάς
597 421 926 492 δεξάμενος
967 423 1047 492 ⁸⁸,
1094 427 1245 496 πρὸς
1291 427 1365 481 ὃν
1410 427 1682 497 ἐλαλήθη
1710 444 1723 459 ο
1754 426 1878 479 Ὀτι
1923 425 1991 479 ἐν

2096 423 2470 494 promissiones
2503 429 2798 490 acceperat,
2841 420 2911 475 ad
2962 434 3115 490 quem
3166 419 3369 474 dictum
3421 429 3572 484 erat;
3612 421 3681 478 In

426 514 631 570 Ἰσαὰκ
685 513 1060 585 κληθήσεταί
1107 533 1208 571 σοι
1258 517 1497 587 σπέρμα
1521 535 1536 549 ·
1589 515 2003 587 Λογισάμενος

412 608 503 662 ὅτι
532 607 629 661 καί
656 606 724 661 ἐκ
751 607 983 675 νεκρῶν
1004 608 1263 678 ἐγείρειν
1283 609 1544 676 δυνατὸς
1570 613 1604 664 ὁ
1637 610 1800 675 Θεός.
1830 607 2003 661 Τοῦτο

407 699 471 751 τὸ
498 698 834 766 θαυμαστὸν,
862 700 944 751 ὅτι
973 698 1159 769 ἕτερον
1185 698 1260 770 μὴ
1287 698 1427 770 ἔχων
1451 700 1637 762 παῖδα,
1660 698 1727 754 δι’
1743 691 1805 752 οὗ
1832 716 2002 770 προσ-

411 790 577 843 εδόκα
608 787 707 858 τὴν
742 788 1078 857 ἐπαγγελίαν
1111 789 1465 857 ὲκϐήσεσθαι,
1501 790 1640 844 ἀλλὰ
1674 789 1864 844 τοῦτον
1901 789 2001 860 μό·

409 897 520 942 νον,
549 882 698 949 ὅμως
731 880 1105 951 προσήνεγκεν
1130 880 1313 934 αὐτόν.
1344 881 1516 934 ῐιὸθεν
1539 881 1705 950 γοῦνς
1731 881 1839 935 ἀπὸ
1868 880 2000 934 πολ-

406 972 506 1041 λῆς
529 972 794 1034 πίστεως.
827 972 1147 1025 Ἐπίστευσε
1175 972 1283 1043 γὰρ
1317 974 1399 1026 ὅτι
1433 972 1705 1028 δύναταιό
1736 972 1868 1036 Θεὸς
1903 974 1998 1026 καὶ

409 1062 551 1133 μετὰ
592 1062 652 1115 τὸ
697 1062 997 1133 σφαγῆναι,
1044 1062 1109 1116 ὲκ
1153 1062 1363 1134 νεκρῶν
1409 1063 1630 1134 ἐγείρας
1673 1063 1855 1129 αὑτὸν,
1900 1062 2000 1134 τὴν

424 1151 761 1219 ἐπαγγελίαν
791 1151 1116 1222 πληρῶσαι,
1153 1153 1245 1206 κα)⁸
1276 1152 1343 1206 δι’
1367 1152 1533 1207 αὐτοῦ
1567 1151 2001 1216 ἀναϐεϐιωκὸτος

422 1244 697 1314 πληθύναι
727 1243 788 1297 τὸ
825 1245 1066 1315 σπέρμα.
1103 1246 1227 1308 Πῶς
1260 1244 1317 1299 δὲ
1355 1244 1647 1317 μονογενὴς
1680 1241 1747 1316 ἦν
1781 1245 1964 1298 Ἰσαὰκ
1984 1285 1999 1311 ,

402 1322 611 1405 ⁸ὃπουγε
657 1336 753 1389 καὶ
793 1336 885 1389 τὸν
916 1336 1143 1407 Ἰσμαὴλ
1188 1331 1339 1408 size;
1380 1336 1516 1391 Ἀλλ’
1540 1339 1664 1392 ὅσον
1708 1337 1851 1391 κατὰ
1897 1336 1987 1390 τὸν

405 1429 740 1498 ἐπαγγελίας
771 1429 929 1498 λόγον
967 1432 1287 1500 μονογενήςο
1324 1422 1478 1494 οὗτος
1513 1431 1621 1501 γὰρ
1656 1431 1751 1484 καὶ
1786 1430 1990 1501 κυρίως

410 1523 653 1593 σπέρμα.
684 1523 782 1575 Ἑν
808 1522 1015 1577 Ἰσαὰκ
1048 1521 1157 1593 γὰρ
1191 1506 1565 1591 κληθήσεταί
1599 1535 1699 1577 σοι
1733 1522 1994 1593 σπέρμα.

482 1705 663 1758 Ὅθεν
697 1703 879 1757 αὑτὸν
925 1703 1024 1758 καί
1069 1702 1139 1757 ἐν
1179 1702 1499 1773 παραϐολῇ
1537 1704 1881 1772 ἐκομίσατο.
1929 1703 1995 1756 Τί

2108 514 2269 570 Isaac
2297 515 2572 570 vocabitur
2593 516 2688 569 tibi
2711 529 2908 569 semen.
2938 513 3224 568 Arbitrans
3242 513 3381 585 quod
3411 524 3510 568 eta
3538 531 3682 569 mor-

2109 609 2215 662 tuis
2232 608 2492 661 suscitare
2512 617 2698 676 potens
2734 607 2804 660 sit
2838 605 2999 659 Deus.
3067 603 3184 681 Hoc
3208 619 3341 659 sane
3389 605 3548 660 valde
3595 614 3683 661 est

2108 697 2515 762 admirandum,
2548 697 2692 766 quod
2721 711 2846 750 cum
2880 696 3048 750 alium
3080 710 3192 750 non
3229 694 3455 750 haberet
3489 695 3681 763 lilium,

2111 804 2209 860 per
2242 804 2404 859 quem
2449 789 2875 859 promissionem
2911 786 3133 841 evenire
3162 792 3431 854 speraret,
3489 796 3686 857 praeter

2107 880 2255 935 hunc
2311 879 2511 945 solum,
2570 895 2692 933 eum
2739 878 3214 934 tameuobtulerit.
3250 876 3403 933 Unde
3437 878 3686 933 scilicet?

2108 989 2173 1030 ex
2208 974 2376 1028 multa
2417 984 2473 1028 et
2503 971 2712 1044 ingenti
2744 972 2870 1028 ﬁde.
2901 971 3147 1027 Credidit
3168 973 3313 1028 enim
3342 973 3486 1043 quod
3508 972 3685 1043 possit

2107 1065 2251 1120 Deus
2282 1073 2403 1133 post
2435 1066 2659 1131 eaedem,
2701 1079 2731 1119 a
2762 1065 2994 1120 mortuis
3024 1065 3145 1135 ipso
3181 1064 3471 1129 suscitato,
3526 1079 3681 1119 com-

2106 1158 2252 1230 plere
2286 1159 2731 1228 promissionem,
2763 1173 2827 1213 ac
2868 1172 2965 1229 per
2995 1158 3173 1228 ipsum
3205 1157 3505 1212 redivivum
3535 1159 3680 1210 mul-

2104 1249 2351 1318 tiplicare
2384 1264 2592 1304 semen.
2625 1248 2915 1313 Quomodo
2980 1257 3162 1302 autem
3215 1248 3530 1319 unigenitus
3562 1255 3682 1302 erat

2103 1337 2276 1407 lsaac,
2313 1356 2438 1395 eum
2469 1351 2522 1395 et
2550 1340 2827 1393 lsmaelem
2887 1339 3146 1394 haberet?
3170 1339 3241 1391 At
3288 1348 3561 1409 quatenus
3610 1338 3680 1392 ad

2103 1420 2523 1502 promissionem
2546 1432 2803 1502 pertinet,
2828 1430 3142 1501 unigenitus
3159 1437 3277 1486 erat
3302 1446 3315 1482 :
3334 1430 3424 1483 ille
3445 1442 3679 1498 namque

2104 1523 2320 1592 proprie
2350 1538 2537 1578 Semen
2572 1530 2711 1578 erat.
2757 1521 2824 1577 In
2868 1521 3029 1575 Isaac
3089 1523 3229 1576 enim
3274 1522 3545 1578 vocabitur
3582 1521 3677 1575 tibi

2104 1631 2302 1669 semen.

2176 1704 2326 1761 Unde
2358 1717 2405 1761 et
2434 1709 2605 1774 ipsum
2633 1708 2688 1760 in
2710 1704 2969 1777 parabola
2991 1703 3212 1772 accepit.
3242 1703 3382 1769 Quid
3415 1712 3498 1758 est
3528 1704 3674 1772 quod

406 1800 526 1852 ἐστι
564 1797 646 1858 τὸ,
672 1797 741 1850 ἐν
766 1794 1115 1863 παραϐολῇ;
1154 1767 1275 1849 ἄντί
1314 1796 1430 1862 τοῦ,
1466 1767 1531 1849 *ἐν
1572 1767 1747 1867 curro),
1790 1788 1868 1858 είς
1908 1795 1983 1848 ἔν-

2096 1797 2190 1863 ait,
2218 1796 2279 1851 In
2303 1767 2559 1865 parabola
2585 1797 2610 1851 7
2633 1797 2685 1850 id
2711 1767 2815 1862 est,
2847 1796 2901 1850 in
2951 1767 3144 1865 ﬁgura,
3214 1767 3284 1848 ad
3336 1767 3677 1849 demonstra-

406 1887 579 1953 δειξιν
608 1884 906 1956 μυστηρίου
931 1883 1024 1939 τοῦ
1052 1883 1196 1938 κατὰ
1219 1885 1474 1956 Χριστόν.
1498 1885 1710 1955 Ὥσπερ
1736 1884 1843 1953 γὰρ
1868 1883 1989 1935 τότε

407 1980 437 2032 6
470 1978 572 2048 μὲν
601 1977 785 2031 Ἰσαὰκ
810 1976 1032 2048 ἀφείθη,
1055 1978 1084 2029 6
1111 1977 1168 2030 δὲ
1197 1975 1348 2048 κριὸς
1377 1976 1590 2044 ἐσφάγη
1611 1994 1623 2007 ·
1654 1975 1826 2038 οὕτως
1855 1977 1882 2026 6
1910 1968 1989 2036 εἷς

412 2068 675 2142 Χριστὸς,
711 2068 842 2131 Θεὸς
870 2065 945 2121 ὣν
974 2067 1073 2121 καὶ
1105 2066 1392 2138 ἄνθρωπος
1424 2067 1453 2119 6
1486 2067 1679 2131 αὐτὸς,
1716 2066 1855 2119 κατὰ
1890 2065 1989 2135 μὲν

411 2160 472 2213 τὸ
507 2160 848 2229 ἀνθρώπινον
878 2158 1019 2229 ὑπὲρ
1050 2156 1211 2229 ἡμῶν
1240 2156 1429 2227 ἐτύθη,
1462 2159 1494 2227 ἡ
1527 2157 1584 2211 δὲ
1619 2157 1808 2225 θεότης
1843 2158 1988 2210 ἀπα-

413 2249 514 2320 Θὴς
537 2248 799 2318 διέμεινε.
829 2249 938 2302 Καὶ
968 2248 1140 2311 ἄλλως
1168 2247 1246 2311 δὲ,
1272 2248 1301 2300 6
1328 2247 1579 2319 Ἀϐραὰμ
1605 2248 1772 2311 τύπος
1801 2242 1867 2317 ἦν
1892 2245 1986 2299 τοῦ

413 2339 549 2393 Θεοῦ
601 2341 696 2393 καὶ
746 2340 989 2411 Πατρὺς,
1040 2341 1068 2393 6
1100 2337 1286 2393 Ἰσαὰκ
1334 2340 1428 2393 τοῦ
1482 2340 1614 2393 Υίοῦ
1664 2340 1757 2394 τοῦ
1805 2339 1939 2393 Θεοῦ
1968 2356 1982 2370 ’

310 2432 313 2433 ⁷
414 2430 604 2497 ἐπειδὴ
639 2429 864 2501 ἔμελλεν
891 2431 919 2482 6
951 2429 1083 2493 Θεὸς
1112 2428 1173 2482 τὸ
1209 2426 1351 2498 μέγα
1381 2426 1538 2481 τοῦτο
1569 2427 1662 2480 καὶ
1694 2426 1988 2497 ὑπὲρηνοῦν

418 2523 719 2593 μυστήριον
758 2519 1136 2591 οἰκονομῆσαι,
1178 2519 1274 2572 καὶ
1308 2518 1495 2573 δοῦναι
1524 2517 1621 2571 τὸν
1650 2516 1779 2570 Υίδν
1821 2515 1986 2570 αὐτοῦ

417 2614 558 2685 ὑπὲρ
603 2613 784 2686 ἡμῶν,
834 2613 1039 2685 σφόδρα
1085 2610 1463 2681 φιλάνθρωπος
1511 2609 1625 2664 ὤν’
1667 2610 1790 2667 οὐδὲ
1831 2608 1988 2663 τοῦτο

412 2702 689 2777 ἠϐουλήθη
735 2704 810 2767 ὡς
834 2703 995 2774 χάριν
1021 2701 1187 2757 αὑτοῦ
1216 2702 1353 2757 ίδίαν
1374 2701 1581 2770 δοῦναι,
1603 2702 1718 2757 ἀλλ’
1740 2701 1815 2767 ὡς
1840 2704 1988 2772 ὀφει-

412 2793 513 2865 λὴν
545 2793 856 2849 ἀποδοῦναι.
898 2794 1111 2849 Ὠσανεὶ
1143 2792 1369 2847 τοιαῦτα
1403 2793 1579 2864 λέγων
1608 2808 1623 2824 ⁸
1660 2795 1826 2848 Οὐδὲν
1861 2810 1985 2846 και-

411 2885 505 2941 νὸν
526 2884 720 2957 δίδωμι
744 2887 808 2953 τῇ
838 2884 1157 2958 ἀνθρωπίνῃ
1186 2884 1347 2955 φύσει
1379 2885 1519 2951 ὑπὲρ
1545 2884 1715 2953 αὐτῆς
1740 2884 1831 2937 τὸν
1856 2882 1987 2936 Υίόν

415 2994 517 3047 μου
542 2975 708 3031 θύων.
733 2975 794 3029 Ὀ
819 2979 928 3047 γὰρ
950 2974 1202 3057 ’έὶϐραὰμ
1226 2974 1316 3028 τὸν
1341 2973 1470 3028 Υίὸν
1495 2972 1662 3027 αὑτοῦ
1687 2974 1988 3044 ἀνήνεγκεν

2094 1889 2300 1942 tionem
2371 1887 2619 1957 mysterii
2647 1886 2793 1956 quod
2837 1889 2889 1940 in
2948 1884 3171 1940 Christo
3217 1895 3357 1939 erat.
3399 1883 3467 1939 Ut
3525 1884 3675 1940 enim

2092 1986 2205 2031 tum
2237 1975 2389 2031 Isaac
2417 1976 2682 2033 dimissus
2736 1984 2842 2042 est,
2874 1977 3019 2031 aries
3066 1985 3246 2030 autem
3294 1990 3471 2031 caesus
3526 1994 3541 2031 :
3591 1979 3674 2031 sic

2090 2086 2233 2126 unus
2260 2069 2531 2134 Christus,
2557 2071 2649 2139 qui
2670 2075 2726 2125 et
2757 2067 2905 2124 Deus
2948 2078 3034 2122 est
3071 2079 3123 2123 et
3153 2069 3340 2132 homo,
3366 2066 3673 2123 secundum

2028 2231 2049 2244 δ
2090 2167 2383 2221 lmmanam
2417 2175 2698 2232 naturam,
2729 2180 2827 2235 pro
2849 2163 3336 2219 nobisimmolatus
3359 2171 3462 2228 est,
3493 2162 3673 2218 Deitas

2089 2272 2221 2311 vero
2269 2271 2466 2327 expers
2524 2257 2799 2327 passionis
2871 2255 3247 2325 permanebat.
3297 2254 3441 2320 Quin
3509 2254 3671 2309 etiam

2089 2347 2367 2402 Abraham
2395 2345 2503 2400 fuit
2537 2356 2704 2417 typus
2759 2344 2854 2399 Dei
2903 2344 3103 2409 Patris,
3161 2344 3316 2399 Isaac
3369 2360 3498 2399 vero
3549 2344 3674 2399 Filii

2093 2435 2183 2490 Dei
2223 2452 2238 2489 :
2273 2436 2720 2506 quandoquidem
2748 2435 2893 2492 Deus
2937 2452 3034 2491 ceu
3065 2450 3230 2507 supra
3281 2436 3503 2490 modum
3560 2439 3674 2492 cle-

2090 2543 2241 2583 mens
2267 2539 2319 2583 et
2343 2529 2642 2601 benignus,
2681 2544 2939 2601 maguum
2971 2529 3074 2585 hoc
3113 2541 3166 2584 et
3198 2530 3423 2584 humani
3463 2526 3672 2602 ingenii

2087 2631 2307 2690 captum
2342 2635 2689 2691 exsuperans
2720 2624 3039 2692 mysterium
3068 2622 3480 2691 dispensaturus
3503 2629 3671 2687 esset,

2089 2725 2154 2764 ac
2190 2710 2393 2765 Filium
2431 2726 2589 2767 suum
2624 2726 2724 2782 pro
2751 2711 2910 2767 uobis
2944 2712 3205 2779 daturus;
3237 2728 3414 2782 neque
3449 2713 3552 2767 hoc
3572 2728 3674 2767 vo-

2088 2800 2194 2856 luit
2239 2816 2338 2857 ceu
2370 2804 2573 2858 donum
2610 2814 2770 2857 suum
2822 2805 3105 2873 proprium
3176 2819 3242 2858 ex
3276 2804 3450 2874 gratia
3515 2804 3669 2869 dare,

2091 2893 2189 2949 sed
2238 2892 2404 2948 veluti
2439 2893 2682 2948 debitum
2709 2892 2961 2948 reddere.
3008 2891 3241 2947 Perinde
3280 2895 3437 2964 quasi
3472 2893 3619 2947 dicat
3651 2911 3667 2949 :

2087 2987 2233 3043 Nihil
2267 2990 2389 3042 novi
2417 2988 2669 3041 humanae
2700 2993 2908 3041 natura:
2960 2987 3233 3057 impertio,
3260 2986 3453 3040 Filium
3490 3000 3672 3040 meum

411 3066 703 3139 ὑπὲρὲμοῦ
727 3067 1046 3136 σφαγιάσαι.
1074 3066 1235 3119 Ὥστε
1267 3064 1366 3135 τὴν
1395 3063 1619 3134 ὀφειλὴν
1649 3062 1985 3134 ἀποδίδωμι,

2096 3095 2190 3150 pro
2217 3079 2333 3149 ipsa
2364 3077 2675 3131 immolans.
2717 3077 2993 3130 Abraham
3047 3076 3190 3130 enim
3253 3091 3348 3146 pro
3385 3090 3471 3130 me
3521 3085 3576 3130 et
3615 3076 3672 3130 in

411 3159 471 3211 οὑ
509 3159 670 3228 χάριν
702 3157 916 3228 δίδωμι.
941 3159 1013 3211 Ἦ
1041 3157 1123 3222 τὸ,
1160 3157 1232 3211 ἐν
1259 3153 1593 3225 παραϐολῇ,
1628 3156 1750 3210 ἀντὶ
1777 3155 1991 3221 τοῦ,-ὲν

410 3250 490 3323 τῷ
523 3250 662 3321 κριῷ
697 3250 997 3320 ἐκομίσατο
1028 3250 1249 3303 αὐτδνηό
1276 3247 1559 3319 Ἀϐραὰμ,
1590 3249 1899 3314 τουτέστιν,
1933 3249 1993 3303 ἐν

408 3345 477 3414 τῇ
503 3342 769 3398 ἀντιδόσει
787 3341 882 3397 τοῦ
907 3341 1063 3412 κριοῦ
1080 3358 1096 3373 ·
1119 3340 1178 3405 ὃς
1200 3341 1356 3412 κριὸς
1376 3341 1547 3404 τύπος
1571 3337 1638 3412 ἦν
1661 3334 1756 3395 τοῦ
1782 3342 1990 3406 Ἰσαὰκ,

409 3435 713 3500 τουτέστιν,
750 3432 1041 3498 ἀντίτυπος
1070 3432 1165 3486 τοῦ
1199 3432 1385 3488 Ἰσαὰκ
1414 3434 1653 3504 ἐσφάγη.

483 3613 691 3667 Πίστει
724 3612 856 3682 περὶ
886 3614 1237 3684 μελλόντων
1267 3615 1609 3684 εὐλόγησεν
1645 3613 1853 3671 Ἰσαὰκ
1884 3616 1993 3669 τεν

423 3706 633 3764 Ἰακὼϐ
661 3706 762 3760 καὶ
791 3706 900 3761 τὸν
927 3700 1133 3761 Ἠσαῦ.
1164 3706 1336 3761 Πόθεν
1365 3706 1474 3780 γὰρ
1507 3709 1847 3777 ἐπηγγέλετο
1877 3712 1991 3772 τοῖς

412 3800 548 3862 υίοτς
584 3799 751 3853 αὑτοῦ
786 3798 1022 3852 τοσαῦτα
1061 3797 1242 3868 ἀγαθὰ
1283 3799 1444 3863 αὐτὸς
1484 3802 1542 3855 ἑν
1580 3801 1718 3872 ξένῳ
1739 3803 1786 3836 ⁵⁹
1819 3802 1992 3875 καθή-

417 3906 606 3961 μενος,
638 3892 687 3943 εί
720 3889 797 3962 μὴ
828 3888 1178 3957 ἐπίστευσεν,
1208 3890 1290 3944 ὅτι
1318 3892 1347 3943 6
1374 3889 1508 3954 Θεδς
1533 3890 1693 3945 δώσει
1720 3893 1790 3947 τὰ
1819 3893 1992 3963 ἐπηγ-

411 3980 503 4048 νλ
517 3981 688 4052 μένω
713 3981 779 4033 Τί
805 3980 862 4034 δέ
888 3981 1025 4047 ἐστι,
1050 3980 1184 4051 περὶ
1196 3981 1578 4051 pellantur;
1603 3983 1674 4035 Ἢ
1692 3982 1774 4036 ὅτι
1801 3984 1908 4038 τῶν
1934 3986 1991 4037 ἐν

412 4070 490 4141 τῷ
524 4071 774 4142 μέλλοντι
807 4071 995 4136 αἰῶνι,
1026 4072 1126 4144 τὴν
1159 4072 1268 4143 γὰρ
1302 4072 1599 4127 ἀνάστασιν
1620 4072 1859 4145 ¹ᾔδεσαν,
1895 4074 1991 4128 καὶ

414 4161 603 4234 νοηταὶ
629 4158 770 4233 ἦσαν
800 4163 855 4217 αί
889 4161 1155 4231 εὐλογίαι,
1188 4161 1221 4233 ἢ
1256 4162 1385 4233 περὶ
1414 4161 1521 4216 τῶν
1554 4162 1614 4216 ὲν
1644 4166 1709 4234 τῇ
1742 4165 1812 4234 γῇ
1848 4165 1988 4233 ἀγα·

416 4251 547 4319 Θῶν,
593 4249 669 4308 ὧν
711 4252 939 4323 ἔμελλον
974 4252 1130 4307 αὐτοὶ
1169 4253 1493 4323 λαμϐάνειν,
1539 4253 1572 4325 ἦ
1617 4253 1666 4306 οἱ
1706 4251 1767 4317 ἐξ
1810 4254 1990 4307 αὐτῶν

415 4346 825 4417 τεχθησόμενοι.
864 4346 1163 4417 Προτάττει
1204 4345 1262 4400 δὲ
1301 4345 1392 4399 τὸν
1424 4344 1621 4398 Ἰακὼϐ
1665 4344 1760 4399 τοῦ
1794 4343 1986 4409 Ἡσαῦ,

2097 3173 2200 3228 ιιιοί
2231 3171 2461 3243 gratiam
2493 3169 2661 3224 lilium
2692 3184 2852 3223 suum
2874 3168 3161 3223 immolare
3178 3168 3459 3222 sustinuit.
3482 3168 3672 3234 Itaque

2095 3258 2339 3314 debitum
2375 3256 2565 3323 reddo,
2590 3271 2700 3311 non
2725 3256 2958 3327 gratiam
2986 3255 3075 3309 do.
3101 3251 3216 3318 Vel,
3242 3254 3298 3306 in
3327 3254 3674 3308 similitudine

2096 3349 2201 3411 hoc
2232 3356 2341 3417 est,
2380 3349 2436 3402 in
2461 3348 2631 3403 ariete
2666 3346 2866 3402 obtulit
2894 3346 3075 3417 ipsum
3120 3343 3419 3408 Abraham,
3447 3344 3553 3398 hoc
3588 3351 3673 3398 est

2092 3443 2147 3497 in
2186 3442 2592 3512 permutatione
2612 3440 2838 3494 arietis:
2871 3439 2964 3509 qui
2982 3437 3125 3494 aries
3152 3445 3316 3508 typus
3339 3445 3456 3491 erat
3476 3435 3670 3502 lsaaei,

2095 3533 2197 3588 hoc
2227 3541 2332 3600 est,
2374 3532 2548 3602 figura
2583 3533 2757 3587 lsaaci
2802 3546 2941 3588 cassa
2971 3539 3112 3586 erat.

2162 3623 2329 3679 Vens.
2363 3623 2452 3678 20.
2483 3622 2618 3677 Fide
2656 3622 2721 3679 de
2773 3623 2973 3692 futuris
3013 3622 3280 3679 benedixit
3311 3622 3471 3679 Isaac
3500 3619 3670 3676 Iacob

2092 3724 2140 3768 et
2163 3714 2329 3767 Esau.
2365 3708 2518 3768 Unde
2570 3713 2718 3767 enim
2771 3713 3123 3784 promisisset
3163 3714 3291 3768 tllils
3347 3713 3465 3770 suis
3520 3719 3671 3766 tanta

2092 3804 2259 3867 bona,
2307 3804 2423 3873 ipse
2448 3802 2503 3857 in
2532 3802 2821 3872 peregrina
2857 3810 2999 3858 terra
3030 3801 3348 3866 consulens,
3369 3803 3471 3859 nisi
3497 3798 3669 3857 Deum

2092 3886 2365 3966 promissa
2398 3893 2653 3947 daturum
2677 3890 2842 3961 738
2867 3890 3196 3947 credidisset
3223 3889 3413 3957 ?Quid
3431 3905 3563 3945 vero
3587 3897 3673 3944 est

2091 3971 2362 4054 quod'ait,
2390 3984 2453 4037 de
2484 3982 2724 4051 futuris?
2755 3980 2851 4037 Vel
2883 3981 2951 4038 de
2986 3982 3055 4037 iis
3083 3996 3206 4052 qua;
3261 3983 3581 4050 contingent
3614 3982 3671 4034 in

2091 4075 2278 4129 futuro
2326 4074 2552 4139 sazculo,
2623 4072 3080 4128 resurrectionem
3128 4072 3274 4126 enim
3329 4079 3550 4135 norant,
3616 4078 3673 4124 et

2096 4166 2409 4234 Spirituales
2440 4165 2662 4220 fuerunt
2683 4163 3093 4234 promissiones,
3111 4163 3195 4219 vel
3224 4162 3292 4218 de
3314 4171 3476 4218 terra:
3505 4160 3667 4218 bonis

2092 4272 2215 4332 qua:
2253 4259 2357 4329 ipsi
2395 4259 2675 4329 accepturi
2732 4266 2913 4321 erant,
2974 4259 3059 4311 vel
3119 4272 3185 4311 ex
3240 4256 3378 4326 ipsis
3427 4254 3669 4311 oriundi.

2087 4349 2321 4405 Praefert
2342 4359 2521 4405 autem
2549 4348 2718 4405 Jacob
2748 4350 2853 4421 ipsi
2877 4348 3044 4414 Esau,
3068 4362 3167 4404 ceu
3184 4364 3308 4404 cum
3344 4347 3439 4419 qui
3474 4348 3673 4403 virtute

412 4439 488 4502 ὡς
517 4439 795 4508 ἐνάρετον,
823 4439 918 4491 καὶ
944 4438 1019 4502 ὡς
1044 4437 1111 4491 τὰ
1141 4437 1484 4509 πρωτοτόκια
1506 4437 1786 4511 είληφότα,
1814 4437 1908 4491 καὶ
1934 4438 1990 4490 ὲν

2096 4441 2374 4507 claruerit,
2406 4451 2461 4497 et
2483 4442 2577 4512 qui
2607 4442 2697 4510 jus
2726 4440 3173 4511 primogenitum:
3201 4441 3498 4510 acceperit,
3527 4454 3591 4495 ac
3613 4439 3670 4496 iu

414 4532 580 4584 πᾶσιν
612 4531 762 4597 ἄξιον
794 4528 1214 4598 προτάττεσθαι.

481 4626 694 4678 Πίστει
734 4621 947 4677 Ἰακὼϐ
972 4621 1381 4690 ἀποθνήσκων
1403 4625 1667 4678 ἕκαστον
1690 4625 1810 4678 τῶν
1845 4621 1992 4677 Υιῶν

425 4715 649 4783 Ἰωσὴφ
705 4714 1040 4784 sud-mae,
1095 4714 1195 4767 καί
1252 4716 1717 4783 προσεκύνησεν
1769 4713 1868 4769 ἐπὶ
1922 4713 1991 4768 τὸ

411 4804 600 4873 ἀκρον
629 4803 739 4875 τῆς
774 4804 1001 4873 ῥάϐδου
1034 4805 1241 4860 αὐτοῦ.
1277 4805 1396 4859 Υἱοὶ
1434 4806 1633 4877 Ἰωσὴφ
1654 4846 1668 4870 ,
1705 4807 1733 4860 6
1765 4806 1989 4860 Μανασ-

416 4897 514 4966 σῆς
539 4898 634 4950 καὶ
663 4898 692 4949 6
719 4896 960 4968 Ἐφραϊμ
979 4912 993 4928 ⁸
1028 4897 1122 4950 καὶ
1151 4898 1179 4949 ὁ
1213 4897 1312 4966 μὲν
1339 4899 1642 4970 Μανασσῆς
1672 4896 1886 4969 πρῶτος
1904 4897 1950 4929 ιο
1971 4913 1985 4929 .

409 4989 442 5041 6
478 4990 535 5042 δὲ
567 4987 814 5061 Ἐφραῒμ
834 5030 848 5054 ,
884 4987 1110 5059 ὕστερος
1134 5003 1149 5019 ·
1184 4989 1335 5059 ὅμως
1366 4989 1560 5043 Ἰακὼϐ
1602 4989 1866 5059 εὐλόγησε
1897 4987 1989 5041 τὸν

426 5079 669 5153 Ἐφρατμ
703 5080 947 5151 μείζοσιν
977 5080 1283 5150 εὐλογίαις,
1317 5081 1411 5134 καὶ
1439 5083 1505 5153 τῇ
1536 5081 1636 5153 τῆς
1662 5080 1842 5147 δεξιᾶς
1871 5096 1987 5151 χει-

417 5174 507 5241 ρδς
552 5172 883 5240 ὲναλλάγδην
922 5169 1200 5238 ἑπιθέσει,
1242 5174 1336 5225 καὶ
1375 5171 1629 5226 τοσοῦτον
1668 5172 1987 5225 ἐπίστευσεν

414 5264 495 5315 ὅτι
545 5263 872 5334 ὲκϐήσονται
919 5263 974 5317 at!
1018 5263 1282 5332 εὐλογίαι,
1323 5264 1416 5320 καὶ
1469 5263 1778 5335 βασιλεύσει
1825 5268 1857 5337 ἠ
1894 5267 1987 5321 τοῦ

428 5355 672 5428 Ἔφραῒμ
706 5356 879 5429 φυλὴ,
917 5357 1057 5411 ὥστε
1091 5360 1190 5412 καὶ
1222 5361 1334 5422 τοῖς
1366 5358 1551 5429 ἔργοις
1583 5360 1766 5424 αὐτοῖς
1797 5360 1987 5427 ἔδειξε.

416 5450 803 5522 Προσεκύνησε
843 5451 953 5525 γὰρ
984 5452 1064 5524 τῷ
1098 5452 1294 5524 Ἰωσὴφ
1314 5494 1330 5523 ,
1364 5454 1464 5527 τὴν
1498 5454 1698 5519 παντὸς
1732 5454 1825 5509 τοῦ
1859 5456 1990 5512 λαοῦ

2092 4536 2352 4589 omnibus
2373 4535 2571 4603 dignus
2606 4543 2724 4591 erat
2759 4533 2849 4606 qui
2876 4532 3262 4605 praeferreturd

2178 4646 2344 4704 Vens.
2382 4648 2474 4715 2i.
2519 4647 2653 4703 Fide
2703 4647 2872 4704 Jacob
2897 4649 3125 4704 moriens
3161 4647 3397 4720 singulas
3437 4649 3674 4719 ﬁliorum

2095 4739 2291 4804 Ioseph
2322 4740 2607 4802 benedixit,
2627 4751 2674 4794 et
2704 4741 2946 4796 adoravit
2974 4741 3042 4794 ad
3061 4741 3338 4811 fastigium
3358 4741 3516 4811 uirga:
3531 4741 3668 4811 ejus.

2096 4831 2221 4888 Filii
2254 4832 2476 4904 Josepb,
2502 4833 2781 4889 Mauasses
2806 4843 2861 4889 et
2890 4834 3149 4904 Ephraim
3183 4852 3197 4887 :
3232 4832 3512 4889 Manasses
3545 4834 3673 4904 qui-

2096 4925 2219 4979 dem
2253 4924 2402 4993 prior
2438 4934 2577 4989 erat,
2610 4924 2869 4995 Ephraim
2901 4941 3035 4981 vero
3064 4927 3337 4995 posterior
3377 4939 3398 4983 ι
3427 4934 3670 4981 attamen

2094 5014 2358 5085 Ephraim
2388 5014 2558 5071 Jacob
2603 5017 2907 5087 majoribus
2941 5017 3419 5073 benedictionibus
3449 5015 3677 5072 benedi-

2094 5105 2195 5170 xit,
2214 5106 2528 5177 dextraeque
2558 5121 2752 5163 manus
2775 5123 2874 5178 per
2898 5115 3274 5164 transversum
3301 5106 3670 5178 impositioue,

2096 5209 2161 5250 ac
2188 5194 2245 5248 in
2273 5204 2483 5249 tantum
2520 5195 2753 5252 credidit
2804 5206 3098 5253 eventuras
3146 5195 3579 5259 benedictiones,
3617 5204 3673 5249 et

2098 5287 2245 5358 quod
2277 5287 2453 5344 tribus
2473 5286 2729 5359 Ephraim
2753 5300 3041 5361 regnatura
3071 5296 3223 5355 erat;
3250 5295 3309 5341 ut
3333 5297 3388 5343 et
3412 5284 3673 5355 operibus

2101 5376 2235 5446 ipsis
2265 5379 2804 5434 commonstraverit.
2852 5378 3115 5435 Adoravit
3162 5377 3306 5431 enim
3345 5373 3672 5444 Josephum,

2102 5469 2271 5524 totius
2320 5471 2506 5541 populi
2553 5470 2929 5528 adorationem
2978 5468 3326 5527 denuntians.
3386 5466 3675 5537 Quomodo

1768 5640 1974 5703 Variae
2002 5644 2335 5709 lectiones.

492 5730 535 5764 ⁸⁸
559 5730 774 5800 ἀναδεξ.
802 5750 855 5791 0.
935 5738 980 5770 ”
1002 5737 1061 5794 ἐν
1083 5736 1207 5809 ξένῃ
1237 5752 1311 5792 m.
1390 5737 1435 5769 °°
1462 5739 1727 5811 πρότερος
1757 5758 1829 5796 ιιι.
