4014 6208
300 277 408 343 355

1179 271 1765 334 THEOPHYLACTI
1806 268 2220 331 BULGARLE
2267 270 2628 333 ARCHIEP.

3436 273 3541 336 356

301 395 483 446 autem
516 384 811 443 adoravit?
866 384 932 439 ad
964 383 1337 440 summitatem
1375 384 1540 454 virgae
1570 384 1712 455 ejus,
1764 384 1871 438 hoc

1997 383 2349 453 προσκύνησιν
2382 382 2578 454 δηλῶν.
2620 382 2743 446 Πῶς
2783 381 2840 436 δὲ
2883 383 3326 455 προσεκύνησενς
3364 383 3460 437 snt
3493 383 3552 437 τὸ

303 490 410 547 est,
486 479 712 534 innixus
791 478 961 547 virgae
1043 478 1114 531 ob
1140 483 1539 535 ‘senectutem.
1615 473 1874 530 Nonnulli

302 590 432 629 vero
486 574 762 642 inquiunt,
794 568 862 623 ad
907 569 1267 624 summitatem
1288 571 1308 583 "
1326 570 1485 637 virga:
1530 566 1728 636 Joseph
1752 566 1882 619 ado-

1981 474 2152 543 ἄκρον
2191 475 2291 545 τῆς
2334 474 2534 545 ῥάϐδου
2579 472 2745 529 αὐτοῦ
2764 475 2833 539 η,
2872 477 3173 542 τουτέστιν,
3215 475 3556 547 ἑπερεισθεὶς

1979 569 2046 637 τῇ
2081 566 2259 637 ῥάϐδῳ
2289 566 2376 619 διὰ
2402 567 2464 621 τὸ
2495 565 2693 636 γῆρας.
2722 566 2878 629 Τινὲς
2906 567 2983 632 δὲ,
3012 567 3112 620 ἐπὶ
3142 566 3208 620 τὸ
3239 566 3426 637 ἄκρον
3448 565 3559 634 τῆς

305 668 481 732 ravit,
532 664 685 735 regni
751 672 1029 732 sceptrum
1099 676 1196 731 per
1264 661 1474 731 virgam
1538 658 1877 713 adorandum

1997 656 2202 726 5a'6’6ov
2230 656 2338 710 τοῦ
2366 654 2614 725 Ἰωσὴφ,
2648 657 2801 725 φασὶ,
2836 656 3237 728 προσεκύνησε,
3271 657 3557 728 σημαίνων

304 758 645 830 signiﬁcans.

376 929 541 986 Vens.
570 930 660 983 22.
697 928 828 982 Fide
890 925 1085 996 Ioseph
1115 927 1342 983 moriens
1381 926 1446 980 de
1469 925 1615 980 exitu
1647 924 1881 994 ﬁliorum

306 1025 483 1082 Israel
517 1031 837 1078 memoratus
857 1029 958 1086 est,
1000 1038 1062 1075 ac
1102 1021 1167 1074 de
1190 1019 1399 1074 ossibus
1432 1019 1542 1072 suis
1583 1018 1878 1071 mandarit.

306 1118 478 1180 Adeo,
526 1114 728 1185 inquit,
765 1112 1000 1168 credidit
1055 1110 1331 1168 lsraelitas
1370 1125 1437 1164 ex
1482 1108 1875 1180 Aﬁgy'ptolilie-

309 1206 535 1272 randos,
570 1215 630 1258 ut
659 1210 713 1258 et
777 1202 1045 1272 adjurarit
1096 1201 1246 1272 ipsos
1298 1211 1359 1263 ut
1389 1215 1516 1257 ossa
1559 1215 1658 1255 sua
1693 1213 1881 1255 secum

310 1304 681 1366 naportarent.
712 1296 829 1350 Hoc
861 1304 1041 1350 autem
1070 1293 1221 1357 fecit,
1274 1308 1383 1347 non
1429 1293 1578 1363 quod
1637 1293 1878 1363 sepulcri

308 1403 445 1444 cura
467 1387 781 1449 duceretur,
814 1387 908 1455 qui
942 1386 1086 1440 enim
1119 1383 1256 1439 adeo
1307 1385 1527 1455 sapiens
1580 1384 1886 1454 ignorasset

311 1478 531 1533 Domini
565 1492 687 1531 esse
716 1485 919 1531 terram
951 1476 976 1531 Ἰ
1006 1492 1194 1530 verum
1230 1483 1291 1529 ut
1327 1475 1621 1544 perfectam
1655 1475 1884 1530 certitu-

310 1568 496 1622 dinem
548 1569 751 1638 populo
798 1568 977 1632 daret,
1005 1567 1149 1636 quod
1182 1568 1476 1637 promissio
1514 1567 1608 1622 Dei
1664 1568 1886 1622 omnino

311 1659 551 1722 eveniet,
581 1667 745 1726 atque
778 1657 1130 1728 egredientur
1171 1674 1185 1711 :
1211 1665 1264 1711 et
1294 1657 1438 1727 quod
1468 1665 1752 1727 tantopere
1776 1656 1886 1712 Deo

310 1752 544 1820 placeat,
576 1748 722 1818 quod
784 1749 841 1801 in
890 1747 1127 1819 Egypto
1183 1747 1287 1815 ipsi
1349 1764 1458 1804 non
1530 1760 1885 1820 permaneant
1917 1735 1960 1791 Β

312 1850 538 1909 propter
588 1839 695 1894 loci
758 1839 1125 1910 impietatem,
1202 1849 1262 1894 ut
1338 1855 1407 1895 ne
1474 1839 1577 1910 ipsi
1667 1843 1888 1906 quidem

320 1930 595 2000 placuerit
641 1937 701 1985 ut
749 1930 834 1987 vel
886 1945 1016 1987 ossa
1074 1932 1194 2002 ejus
1241 1931 1297 1986 in
1327 1930 1560 2005 Egypto
1621 1933 1889 1989 reconde-

313 2033 528 2076 rentur.
1412 2080 1415 2083 λ

387 2111 556 2169 Vens.
587 2112 680 2168 25.
717 2112 854 2167 Fide
895 2112 1072 2168 Moses
1111 2122 1290 2179 natus,
1324 2114 1617 2169 occultatus
1634 2124 1711 2170 est
1740 2132 1888 2170 men-

315 2203 461 2259 sibus
527 2206 697 2258 tribus
757 2222 790 2258 a
829 2205 1139 2273 parentibus
1171 2205 1304 2271 suis,
1344 2222 1405 2260 eo
1453 2208 1590 2275 quod
1641 2208 1890 2264 vidissent

317 2296 601 2365 elegantem
632 2295 914 2365 infantem,
957 2306 1008 2351 et
1031 2313 1134 2351 non
1157 2297 1443 2352 timuerunt
1466 2300 1601 2369 regis
1640 2301 1890 2356 edictum.

320 2387 690 2442 Enumeratis'
724 2390 936 2459 magnis
967 2389 1104 2444 viris
1137 2390 1230 2458 qui
1270 2388 1375 2443 tidc
1409 2392 1780 2462 transegerint
1828 2406 1892 2447 ea

327 2491 452 2544 quae
483 2474 736 2541 fecerint,
770 2476 836 2530 de
860 2477 1181 2546 parentibus
1206 2477 1372 2531 etiam
1421 2475 1589 2533 Musis
1640 2479 1894 2537 obscuris

320 2567 649 2636 quibusdam
703 2569 968 2638 loquitur,
1037 2567 1289 2624 ruborem
1376 2568 1603 2624 eiiciens
1662 2569 1895 2627 inﬁrmis

321 2657 452 2723 illis,
495 2667 550 2712 et
590 2660 789 2729 pusillo
823 2660 1007 2714 animo
1055 2660 1757 2731 imbutis,quandoquidem
1800 2662 1899 2717 ltu-

317 2749 557 2820 jusmodi
607 2752 743 2805 viris
786 2750 1076 2808 inferiores
1099 2753 1233 2807 sint.
1284 2752 1344 2808 In
1393 2769 1685 2824 progressu
1734 2769 1897 2811 scor-

325 2850 506 2895 torum
547 2840 713 2894 etiam
761 2841 1094 2896 mentionem
1147 2841 1301 2907 facit,
1337 2849 1397 2894 ut
1438 2842 1700 2911 pudorem
1726 2844 1901 2915 majo-

322 2945 439 2987 rem
462 2929 709 2985 inducat.
745 2930 1062 3002 Aitigitur:
1102 2930 1276 2999 Quam
1321 2931 1391 2987 ob
1415 2948 1637 2988 causam
1676 2936 1899 2991 abdide-

1982 748 2044 800 τὸ
2074 749 2172 818 τῆς
2208 748 2484 818 βασιλείας
2519 750 2799 819 σκῆπτρον
2829 748 2917 802 διὰ
2948 748 3049 819 τῆς
3083 748 3278 818 ῥάϐδου
3316 765 3559 818 προσκυ-

1982 839 2317 908 νηθὴσεσθαι
2353 839 2567 909 μέλλον.

2051 933 2256 986 Πίστει
2287 931 2509 1000 Ἰωσὴφ
2542 931 2837 986 τελευτῶν
2868 928 3001 1000 περὶ
3030 926 3140 997 τῆς
3197 928 3416 995 ἐξόδου
3443 929 3564 985 τῶν

1984 1021 2131 1078 υἱῶν
2158 1020 2406 1090 Ἰσραὴλ
2433 1023 2867 1090 ἐμνημόνευσε,
2894 1020 2993 1075 καὶ
3018 1019 3153 1088 περὶ
3191 1018 3310 1073 τῶν
3337 1020 3565 1075 ὀστέων

1986 1112 2178 1168 αὐτοῦ
2206 1112 2565 1167 ἐνετείλατο.
2593 1110 2882 1176 Τοσοῦτον,
2914 1110 3101 1181 φησὶν,
3130 1109 3452 1179 ἐπίστευσεν
3478 1109 3565 1162 ὅτι

1987 1205 2516 1278 ἐλευθερωθήσονται
2542 1205 2592 1258 οἱ
2622 1202 2952 1274 Ἰσραηλῖται
2976 1201 3074 1271 τῆς
3096 1200 3398 1268 Αἰγύπτου,
3424 1199 3565 1254 ὥστε

1987 1300 2081 1353 καὶ
2124 1297 2384 1366 ὥρκωσεν
2429 1296 2662 1360 αὐτοὺς,
2714 1296 2802 1350 ἴνα
2839 1295 2910 1350 τὰ
2978 1294 3112 1348 ὀστᾶ
3157 1292 3323 1346 αὑτοῦ
3368 1310 3565 1346 συναν-

1987 1386 2273 1454 ενέγκωσι.
2297 1387 2466 1439 Τοῦτο
2487 1387 2542 1439 δὲ
2561 1386 2839 1455 ἐποίησεν,
2861 1385 2961 1456 οὐχ
2976 1385 3059 1439 ὅτι
3083 1402 3187 1455 μνη
3197 1383 3364 1454 μείων
3378 1384 3567 1454 ἐφρόν-

1986 1477 2120 1542 τιζε·
2149 1477 2265 1540 πῶς
2291 1478 2400 1549 γὰρ
2424 1480 2454 1531 ὀ
2479 1477 2621 1532 οὕτω
2651 1477 2812 1547 σοφὸς
2839 1476 2938 1530 οὐκ
2966 1475 3080 1548 ᾔδει
3110 1476 3193 1528 ὅτι
3232 1474 3328 1528 τοῦ
3359 1474 3565 1546 Κυρίου

1988 1569 2023 1637 ἡ
2057 1570 2160 1637 γῆ“;
2192 1569 2306 1621 ἀλλ’
2332 1569 2417 1622 ἵνα
2448 1568 2661 1623 τελείαν
2695 1566 3067 1639 πληροφορίαν
3099 1564 3177 1635 τῷ
3209 1564 3324 1635 λαῷ
3357 1565 3450 1636 δῷ,
3484 1566 3567 1618 ὅτι

1992 1658 2209 1722 πάντως
2246 1660 2280 1729 ἡ
2320 1660 2624 1728 ἐπαγγελία
2653 1658 2748 1712 τοῦ
2811 1657 2949 1711 Θεοῦ
2992 1657 3308 1729 ἐκϐήσεται,
3346 1657 3440 1710 καὶ
3480 1656 3570 1723 EE-

1990 1748 2318 1806 ελεύσονται.
2347 1752 2459 1805 Καὶ⁸
2487 1754 2572 1807 ὅτι
2611 1750 2869 1805 τοσοῦτόν
2905 1751 3022 1804 ἐστι
3065 1751 3354 1821 θεάρεστον
3391 1748 3452 1802 τὸ
3494 1748 3570 1822 μὴ

1990 1845 2340 1915 έναπομεῖναι
2380 1842 2578 1906 αὐτοὺς
2614 1844 2681 1913 τῇ
2719 1842 2982 1913 Αἰγύπτῳ
3019 1840 3107 1895 διὰ
3140 1842 3241 1911 τὴν
3280 1841 3396 1894 ἐκεῖ
3434 1839 3568 1894 ἀσέ-

1991 1932 2165 1998 ϐειαν,
2208 1932 2351 1988 ὥστε
2394 1932 2514 1986 οὐδὲ
2554 1931 2705 2004 αὐτῷ
2745 1931 2952 2003 ἀρεστὴ
2994 1934 3028 2003 ή
3073 1932 3132 1984 ὲν
3169 1929 3431 2001 Αἰγύπτῳ
3460 1928 3569 1985 τῶν

1989 2024 2163 2079 ὀστῶν
2193 2025 2504 2087 κατάθεσις.

2060 2117 2268 2170 Πίστει
2317 2117 2539 2185 Μωσῆς
2567 2116 2877 2186 γεννηθείς
2902 2115 3120 2183 ἐκρύϐη
3144 2115 3431 2184 τρίμηνον
3450 2114 3567 2171 ὑπό

1990 2208 2109 2261 τῶν
2137 2210 2406 2277 πατέρων
2433 2208 2618 2262 αὐτοῦ
2635 2248 2650 2271 ,
2679 2207 2829 2261 διότι
2862 2204 3027 2262 εἶδον
3054 2206 3300 2263 ἀστεῖον
3325 2205 3394 2259 τὸ
3422 2221 3559 2261 παι-

1991 2300 2144 2361 δίον,
2171 2299 2271 2353 καί
2295 2302 2406 2354 οὐκ
2433 2300 2822 2370 ἐφοϐήθησαν
2844 2299 2912 2353 τὸ
2940 2299 3231 2369 διάταγμα
3257 2298 3360 2353 τοῦ
3373 2299 3562 2363 ,βασι-

1991 2392 2161 2455 λέως.
2201 2391 2516 2457 Καταλέξας
2546 2391 2748 2461 ἄνδρας
2782 2391 3069 2461 μεγάλους,
3106 2392 3285 2444 πίστει
3318 2392 3571 2460 ἐργασαο

1999 2485 2194 2553 μένους
2233 2482 2268 2537 ἂ
2305 2483 2591 2552 ἐποίησαν,
2626 2483 2775 2552 λέγει
2813 2483 2907 2536 καὶ
2950 2482 3080 2555 περὶ
3109 2480 3220 2537 τῶν
3250 2483 3451 2551 γονέων
3479 2480 3575 2536 τοῦ

1994 2574 2291 2636 Μωῦσέως,
2335 2574 2566 2646 ἀσήμων
2607 2573 2793 2638 τινῶν,
2836 2574 3112 2645 ἐντρέπων
3155 2575 3281 2637 τοὺς
3320 2573 3576 2643 ὀλιγοψυ-

1994 2663 2222 2736 χοῦντας
2258 2666 2531 2731 ἐκείνους,
2566 2665 2683 2734 εἴγε
2715 2664 2974 2721 τοιούτων
3010 2666 3218 2737 ἀνδρῶν
3249 2665 3318 2719 τὰ
3347 2665 3578 2736 δεύτερα

1996 2754 2274 2823 φέρονται.
2310 2753 2522 2825 Προϊὼν
2555 2754 2647 2821 δὲ,
2685 2755 2781 2809 καὶ
2825 2756 3029 2826 πόρνας
3069 2757 3151 2818 είς
3198 2754 3361 2826 μέσον
3396 2754 3576 2824 παρά-

1996 2860 2082 2914 γει
2104 2846 2170 2911 ⁶²,
2215 2845 2303 2898 ἵνα
2343 2846 2506 2900 πλέον
2545 2846 2805 2918 ὲντρέψῃ.
2839 2847 3009 2918 Φησὶν
3049 2846 3164 2908 οὖν,
3210 2848 3354 2909 τίνος
3390 2845 3575 2901 ἕνεκεν

1998 2937 2241 3010 ἔκρυψαν
2262 2938 2546 3012 τρίμηνον,
2568 2940 2663 2995 καὶ
2683 2939 2877 3007 ταῦτα,
2898 2940 3315 3011 προστάγματος
3334 2938 3486 3004 ὄντος
3507 2939 3573 2992 τὰ

324 3031 454 3075 runt
477 3035 602 3074 eum
634 3020 701 3074 ad
743 3020 1019 3077 trimestre
1078 3023 1346 3091 Spatium,
1407 3038 1532 3076 cum
1585 3025 1893 3080 mandatum

2001 3028 2207 3102 ἄρρενα
2234 3029 2586 3100 φονεύεσθαι;
2616 3030 2740 3094 Πῶς
2765 3030 2867 3085 οὐκ
2893 3030 3273 3102 έφοϐήθησανς
3293 3026 3371 3103 τῌ
3396 3031 3574 3101 δῆλον,

324 3115 474 3184 regis
503 3114 842 3185 publicatum
872 3123 1040 3183 esset,
1067 3116 1341 3171 masculos
1384 3114 1640 3172 Hebraeos
1670 3132 1700 3172 e
1722 3118 1893 3174 medio

1999 3120 2077 3185 ὡς
2106 3122 2437 3175 ἐπίστευσαν
2465 3121 2550 3174 ὅτι
2586 3121 2921 3192 σωθήσεται.
2955 3122 3127 3175 Πόθεν
3156 3122 3214 3175 δὲ
3248 3121 3576 3176 ἐπίστευσαν

329 3205 855 3274 tollendosiQuare
900 3222 1010 3263 non
1086 3207 1446 3262 metuerunt?
1502 3204 1893 3274 Planumsane

1997 3213 2079 3267 ὅτι
2114 3212 2447 3283 σωθήσεται;
2480 3213 2563 3267 ὅτι
2596 3209 2736 3268 εἶδον
2765 3214 2827 3267 τὸ
2859 3213 3073 3268 παιδίον
3129 3215 3378 3278 ἀστεῖον,
3411 3229 3572 3266 τουτ-

338 3309 424 3356 est
472 3300 773 3357 credidisse
800 3313 948 3357 eosa
988 3298 1220 3356 Domino
1271 3313 1502 3369 puerum
1563 3313 1893 3356 conservan-

1998 3305 2144 3358 ἐστιν
2176 3303 2394 3376 ὡραῖον,
2430 3307 2495 3376 τῇ
2516 3304 2640 3374 ὕψει
2702 3306 2915 3378 χαρίεν,
2949 3306 3045 3359 καὶ
3074 3304 3400 3359 ἐπίστευσαν
3433 3304 3514 3357 ὅτι
3550 3306 3581 3359 6

327 3390 481 3446 dum.
518 3391 679 3447 Unde
728 3405 861 3447 vero
880 3390 1229 3447 crediderunt
1249 3389 1394 3460 quod
1423 3389 1725 3448 servandus
1741 3392 1893 3447 erati

1999 3394 2134 3458 Θεὸς
2175 3395 2511 3466 ἐχαρίτωσεν
2540 3396 2682 3448 αὐτὸ
2726 3396 2892 3460 εὐθὺς
2940 3397 2999 3450 ὲν
3043 3396 3399 3467 σπαργάνοις.
3443 3393 3582 3448 Φασὶ

328 3480 599 3548 Quoniam
650 3490 1059 3552 conspexerunt
1115 3495 1346 3551 puerum
1403 3481 1731 3552 elegantem,
1800 3485 1893 3538 hoc

2001 3487 2113 3557 γάρ
2141 3504 2246 3551 τοι,
2277 3488 2359 3540 ὅτι
2391 3487 2487 3541 καὶ
2516 3487 2743 3558 ἔμελλον
2778 3488 2928 3560 ῥίψαι
2959 3488 3113 3553 αὐτὸ,
3143 3487 3281 3541 ἀλλὰ
3314 3502 3582 3557 προσμει-

326 3573 492 3646 739
517 3582 601 3629 est
644 3573 962 3644 pulchrum,
990 3581 1213 3643 aspectu
1270 3571 1595 3641 gratiosum,
1655 3575 1893 3630 credide-

1999 3577 2193 3647 διάσαν
2222 3580 2362 3650 μετὰ
2390 3579 2615 3652 χάριτος
2643 3579 2887 3651 ἀφῆκαν
2917 3579 3089 3646 οὕτως
3117 3575 3258 3651 ἦσαν
3283 3577 3433 3651 αὐτῷ
3461 3577 3583 3632 θεῖα

327 3668 570 3729 runtque
620 3675 743 3715 eum
785 3659 892 3716 ista
914 3658 1250 3714 amabilitate
1286 3658 1354 3712 ab
1397 3658 1531 3727 ipsis
1582 3658 1766 3714 statim
1806 3662 1895 3716 in-
2000 3671 2201 3724 πάντα,

326 3753 599 3811 cunabilis
630 3751 791 3807 aDeo
820 3752 1100 3808 donatum.
1122 3748 1283 3814 Nam,
1319 3757 1379 3804 ut
1407 3748 1584 3815 aiunt,
1622 3750 1886 3821 abjecturi
1925 3772 2049 3815 eum
2090 3768 2246 3816 erant
2278 3776 2296 3825 ;
2334 3768 2589 3816 caeterum
2649 3772 2774 3816 cum
2817 3760 3016 3817 blande
3060 3760 3358 3826 arrisisset,
3419 3758 3587 3816 dimi-

332 3855 523 3903 serunt
556 3863 572 3900 :
606 3845 743 3905 adeo
771 3846 955 3901 omnia
976 3846 1079 3916 ipsi
1107 3846 1292 3901 divina
1322 3852 1501 3901 erant.

401 3937 690 3995 “135.25.
735 3936 872 3992 Fide
925 3936 1101 3992 Moses
1151 3936 1372 4009 grandis
1429 3937 1627 4007 factus,
1687 3940 1890 4009 negavit

2078 3938 2287 3993 Πίστει
2341 3935 2567 4002 Μωσῆς
2641 3934 2829 4007 μέγας
2878 3938 3228 4007 γενόμενος,
3275 3938 3586 4007 ἠρνήσατο

325 4046 382 4085 se
410 4046 521 4087 esse
560 4029 734 4101 ﬁlium
788 4029 916 4097 ﬁlia:
951 4028 1278 4089 Pharaonis.
1310 4028 1684 4100 magiseligens
1729 4031 1893 4098 potiu:

2009 4029 2295 4105 λέγεσθαι
2338 4031 2469 4095 Υἱὸς
2503 4029 2793 4097 θυγατρὸς
2829 4027 3066 4096 Φαραὼ,
3098 4027 3344 4098 μᾶλλον
3372 4028 3585 4098 ἐλόμε-

330 4124 489 4193 afﬂigi
516 4140 635 4179 cum
676 4124 868 4192 populo
920 4120 1042 4185 Dei,
1076 4138 1236 4189 quant
1288 4125 1666 4192 temporariam
1703 4132 1893 4192 peccat:

2012 4141 2121 4190 νος
2149 4119 2697 4191 συγκακουχεῖσθαι
2726 4117 2805 4184 τῷ
2833 4117 2961 4183 λαῷ
2985 4118 3091 4174 τοῦ
3123 4118 3302 4183 Θεοῦ,
3329 4118 3369 4188 ἢ
3400 4120 3587 4188 πρόσ-

327 4214 521 4269 habere
559 4215 972 4291 iucunditatem.
1007 4211 1268 4269 Pervenit
1302 4212 1371 4267 ad
1413 4215 1724 4283 exemplum
1773 4213 1893 4283 ipsi:

2013 4230 2228 4284 καιρον
2258 4214 2416 4281 ἔχειν
2456 4211 2747 4280 ἁμαρτίας
2779 4210 3146 4264 ἀπόλαυσιν.
3169 4205 3371 4262 Ἦλθεν
3405 4211 3505 4277 ἐπὶ,
3527 4211 3586 4263 τὸ

331 4308 851 4371 familiarissimum,
905 4303 1093 4360 Mosen
1130 4303 1414 4359 videlicet:
1469 4313 1761 4375 propterea
1805 4305 1893 4359 isn-

2019 4308 2254 4378 μάλιστα
2294 4304 2628 4357 οἰκειότατον
2659 4303 2842 4365 αὐτοῖς
2884 4303 3192 4372 ὑπόδειγμα
3225 4302 3315 4355 τὸν
3348 4303 3581 4371 Μωσῆν,

333 4413 604 4468 moratur,
644 4402 824 4457 fusius
856 4398 988 4454 illud
1022 4407 1284 4452 tractans.
1328 4396 1682 4451 Constructio
1727 4404 1893 4451 auten

2013 4396 2095 4448 διὸ
2118 4396 2213 4449 καὶ
2240 4393 2491 4463 ἐπιμένει
2521 4389 2805 4443 πλατύνων
2830 4390 2899 4443 τὰ
2920 4391 3137 4446 τούτου.
3163 4392 3227 4444 Ἠ
3252 4392 3308 4445 δὲ
3335 4393 3585 4458 σύνταξις

332 4503 418 4550 est
440 4494 795 4562 huiusmodi:
830 4491 964 4545 Fide
1004 4489 1186 4544 Moses
1223 4488 1404 4543 renuit
1450 4488 1556 4545 dici
1592 4487 1734 4542 ﬁlius
1784 4488 1893 4541 ﬁlia

2010 4486 2174 4540 οὓτωο
2208 4485 2397 4536 Πίστει
2426 4481 2632 4552 Μωσῆς
2664 4482 2942 4553 ἠρνήσατο
2973 4483 3227 4553 λέγεσθαι
3260 4483 3382 4547 Υἱὸς
3414 4483 3586 4549 θυγα-

334 4585 656 4640 Pharaonis.
701 4580 980 4648 Quando?
1018 4580 1466 4651 magnustactus,
1521 4579 1623 4635 hoc
1646 4588 1750 4646 est,
1780 4593 1893 4633 cum

2012 4579 2140 4651 τρὸς
2182 4574 2403 4647 Φαραώ.
2450 4574 2620 4641 Πό,τε;
2668 4575 2862 4643 Μέγας
2926 4577 3249 4648 γενόμενος,
3298 4576 3578 4629 τουτέστιν

244 4693 254 4702 ·
336 4675 391 4727 in
424 4673 599 4725 virum
633 4671 746 4740 jam
776 4671 1056 4724 crevisset.
1093 4668 1450 4739 Perspicuum
1476 4670 1621 4724 enim
1653 4681 1739 4725 est
1782 4682 1893 4723 eum

2013 4668 2306 4740 ἀνδρωθεὶς
2328 4667 2449 4738 ήδη.
2478 4666 2750 4738 Πρόδηλον
2780 4666 2890 4739 γὰρ
2918 4669 3001 4722 ὅτι
3021 4667 3248 4739 μείζονά
3261 4685 3383 4721 τινα
3413 4684 3588 4738 προσ-

334 4762 543 4832 majora
563 4772 879 4832 expectasse
906 4770 1256 4831 accepturum
1282 4775 1425 4816 sese.
1445 4756 1684 4815 Verbum
1702 4768 1893 4823 autem,

2010 4761 2172 4814 εδόκα
2195 4758 2531 4813 ἀντιλαϐεῖν.
2553 4757 2628 4810 Τὸ
2668 4759 2747 4824 δὲ,
2770 4760 3070 4830 ἠρνήσατο,
3111 4759 3172 4814 τὸ
3196 4760 3589 4829 ἐπιτεταμένον

335 4855 577 4924 negavit,
638 4854 914 4908 intensum
977 4854 1160 4908 odium
1216 4853 1507 4925 signiticet,
1562 4866 1627 4905 ac
1672 4863 1893 4921 propen-

2016 4854 2170 4922 μῖσος
2211 4850 2381 4921 δηλοῖ,
2424 4850 2519 4903 καὶ
2562 4849 2662 4919 τὴν
2706 4849 3013 4904 ἐνδιάθετον
3055 4850 3195 4921 πρὸς
3232 4850 3302 4903 τὰ
3344 4848 3589 4920 βασίλεια

339 4962 454 5001 sant
480 4945 599 5015 ejus
628 4961 659 5000 a
709 4945 857 5016 regia
898 4943 1206 5000 Pharaonis
1249 4943 1728 5000 abalienationem.
1773 4940 1908 4994 Ani-

336 5036 615 5092 madverte
642 5052 793 5102 vero,
826 5038 1103 5108 quomodo
1134 5047 1416 5107 peccatum
1454 5033 1768 5096 nominarit,
1804 5046 1907 5084 non

335 5129 496 5201 aﬂligi
533 5145 638 5182 una
660 5145 779 5182 cum
804 5129 1090 5198 fratribus.
1117 5129 1231 5184 Hoc
1252 5141 1349 5197 per
1378 5124 1675 5197 prophetas
1719 5122 1910 5193 objicit

335 5221 525 5276 Deus:
582 5219 736 5276 Nihil
785 5222 1125 5291 patiebantur
1164 5231 1319 5287 super
1380 5215 1695 5270 contritione
1745 5211 1904 5268 lose-

332 5313 421 5382 plti
444 5313 515 5379 ⁸ο,
535 5323 801 5368 ctrursus
831 5330 845 5366 :
899 5312 1024 5366 Non
1085 5319 1163 5366 est
1194 5326 1401 5380 egressa
1433 5306 1502 5362 ad
1557 5305 1909 5377 plangendum

406 5488 454 5521 ⁸⁸
487 5489 656 5545 Amos
686 5506 758 5554 vr,
785 5488 838 5544 6.

2013 4941 2385 5013 ἀλλοτρίωσιν.
2407 4940 2551 5010 Ὅρα
2576 4940 2632 4993 δὲ
2660 4942 2779 5004 πῶς
2808 4941 3083 5010 ἁμαρτίαν
3137 4939 3392 5011 ὀνομάζει
3417 4943 3479 4992 τὸ
3500 4939 3587 5009 μὴ

2013 5030 2567 5102 συγκακουχεῖσθαι
2611 5030 2737 5097 τοῖς
2787 5030 3096 5099 ἀδελφοῖς.
3142 5031 3314 5084 Τοῦτο
3359 5030 3454 5084 καὶ
3497 5030 3590 5084 διὰ

2012 5124 2122 5178 τῶν
2153 5121 2449 5193 προφητῶν
2480 5120 2729 5186 ὀνειδίζει
2759 5123 2788 5176 ὀ
2821 5121 2953 5184 Θεός
2975 5139 2988 5153 ·
3027 5124 3149 5176 Οὐκ
3179 5122 3456 5191 ἔπασχον
3483 5121 3591 5173 οὑ-

2012 5211 2121 5267 δὲν
2144 5210 2245 5265 ἐπὶ
2268 5208 2343 5280 τῇ
2373 5208 2664 5279 συντριϐῇ
2691 5210 2797 5265 τοῦ
2829 5209 3061 5281 Ἰωσήφ.
3092 5211 3202 5265 Καὶ
3231 5212 3392 5265 πάλιν
3416 5223 3431 5238 °
3465 5210 3591 5262 Οὐκ

2014 5303 2272 5374 ἐξῆλθεν
2295 5301 2719 5370 ἀνακόψασθαι
2744 5297 2910 5358 οἷκον
2931 5300 3223 5374 ἐχόμενον
3244 5299 3454 5372 αὐτῆς.
3479 5300 3592 5354 Καὶ

1683 5574 1885 5640 Varia:
1918 5573 2251 5637 lectiones.

410 5680 453 5712 ⁶¹
476 5676 573 5732 τοῦ
616 5678 816 5750 Ἰωσήφ
847 5693 899 5735 0.
976 5679 1019 5711 ⁸³
1042 5676 1275 5750 παράξει
1310 5692 1361 5731 o.
