4014 6208
374 298 478 362 357

1012 295 1417 358 EXPOSITIO
1441 295 1522 358 IN
1544 298 1783 360 EPIST.
1815 298 1916 359 AD
1944 296 2338 359 HEBBIEOS.
2376 322 2447 333 -
2477 295 2635 358 CAP.
2676 295 2785 357 XI.

3527 294 3638 362 353

371 406 469 462 ἐπὶ
503 405 603 479 μὲν
632 403 760 468 τοὺς
792 398 1297 471 καταστενᾶζοντας
1331 406 1390 459 ὲν
1417 406 1495 477 τῷ
1529 407 1792 478 Ὶεζεκιὴλ
1824 406 1962 461 δίδο-

2078 408 2292 463 ιὶεὺιαηι
2317 405 2554 461 domum.
2583 405 2662 461 Ac
2700 416 2868 476 super
2925 403 3355 477 ingemiscentcs
3404 402 3462 459 in
3504 405 3643 462 Eze-

373 517 468 554 ται
492 498 554 552 τὸ
590 498 815 568 σημεῖον
837 515 852 529 ·
887 497 1017 562 τούς
1048 498 1105 551 δὲ
1143 498 1311 568 μηδὲν
1355 499 1593 553 τοιοῦτον
1647 500 1961 571 πάσχοντας

374 591 596 645 κόπτειν
630 588 945 644 κελεύονται
987 589 1038 642 οί
1086 588 1326 658 ἄγγελοι.
1365 591 1427 644 Εἰ
1450 591 1507 644 δὲ
1544 591 1595 645 οί
1640 591 1715 662 μὴ
1753 607 1962 659 συγκα-

374 680 733 753 κουχούμενοι
786 679 1005 744 ἑκόντες
1051 682 1165 744 τοῖς
1217 681 1648 750 κακοπαθοῦσιν,
1703 681 1960 754 ἁμαρτά-

372 791 561 839 νουσι,
612 772 666 826 τί
720 771 1001 841 λογιστέον
1054 772 1183 842 περὶ
1234 773 1344 827 τῶν
1397 774 1814 846 κακουχούντων
1866 773 1961 827 καὶ

373 863 851 931 κακοποιούντων;
900 863 1281 933 Πρόσκοιρον
1325 862 1440 921 οὖν
1488 867 1779 937 ἁμαρτίας
1821 866 1959 920 ἁπό-

373 963 565 1015 λαυσιν
590 959 689 1029 τὴν
718 957 818 1029 τῆς
850 956 1128 1028 βασιλείας
1154 959 1367 1030 τρυφῆς
1402 959 1701 1031 μετουσίαν
1729 959 1880 1015 δτλοῖ
1893 961 1957 1014 ⁸³.

447 1218 700 1279 Μείζονα
754 1215 1027 1271 πλοῦτον
1076 1214 1467 1285 ἡγησάμενος
1511 1213 1633 1268 τῶν
1654 1215 1960 1285 Αἰγύπτου

376 1312 700 1381 θησαυρῶν
724 1310 840 1378 τὴν
865 1308 1213 1378 ὀνειδισμὸν
1233 1309 1342 1365 τοῦ
1367 1308 1650 1378 Χριστοῦ.
1676 1308 1790 1362 Οὐκ
1815 1304 1958 1375 εἷπε,

373 1406 447 1459 τὰ
473 1407 529 1459 ὲν
552 1405 803 1476 οὐρανοῖς
827 1401 1170 1472 ἀποκείμενα
1196 1400 1397 1470 ἀγαθὰ,
1423 1400 1560 1455 ἀλλά
1586 1399 1681 1454 καὶ
1700 1398 1801 1471 τὴν
1832 1401 1962 1470 ἀρε-

373 1498 478 1568 τὴν
509 1494 719 1549 ἐκείνου
752 1492 998 1559 δεικνὺς,
1034 1491 1129 1545 καὶ
1163 1492 1362 1555 αὐτοὺς
1397 1490 1816 1562 ἀνακτώμενος,
1852 1491 1962 1546 τὸν

374 1586 726 1656 ὀνειδισμὸν
756 1584 864 1638 τοῦ
900 1582 1160 1652 Χριστοῦ
1195 1579 1369 1636 εἶπεν.
1405 1583 1617 1653 Ὠσπερ
1651 1581 1761 1653 γὰρ
1796 1580 1960 1634 ῦστεο

378 1699 476 1754 ρον
502 1682 596 1733 τὸν
623 1677 857 1749 Χριστὸν
885 1674 1162 1738 ὠνείδιζον
1192 1675 1241 1728 oi
1274 1676 1405 1745 παρ’
1430 1674 1594 1729 αὐτοῦ
1628 1674 1955 1746 εὐεργετού-

2064 500 2240 555 eltiele
2283 500 2471 555 datum
2520 507 2603 555 est
2643 500 2902 571 signum:
2931 514 3027 554 eos
3078 513 3210 553 vero
3237 498 3329 568 qui
3379 499 3513 553 nihil
3544 501 3643 554 hu-

2056 590 2299 661 jusmodi
2367 599 2708 660 paterentur.
2758 590 2935 660 angeli
2980 590 3243 660 jubentur
3297 589 3640 646 exscindere.

2067 681 2224 748 Quod
2266 682 2311 738 si
2366 682 2401 737 ii
2445 684 2540 753 qui
2587 682 2895 737 voluntarie
2953 697 3063 736 una
3115 696 3238 735 cum
3287 681 3500 737 aﬂlictis
3536 698 3642 736 non

2063 773 2400 843 aﬂliguntur,
2432 782 2699 844 peccant;
2732 774 2894 844 quid,
2931 788 3138 844 qtta‘so,
3176 773 3245 827 de
3274 773 3344 829 iis
3396 775 3647 843 cogitau-

2062 863 2192 918 dum
2258 873 2361 928 est,
2394 864 2485 934 qui
2530 864 2672 918 male
2723 871 2962 916 tractant
3016 861 3178 924 alios,
3225 868 3278 914 et
3334 860 3435 931 ipsi
3504 862 3647 917 male

2062 953 2320 1009 faciunt?
2352 954 2496 1025 Ergo
2562 969 2660 1025 per
2690 953 3063 1021 temporariam
3101 954 3301 1020 peccati
3339 953 3649 1022 jucundita-

2064 1053 2165 1099 tem
2225 1045 2495 1114 regiarum
2550 1044 2869 1100 deliciarum
2953 1041 3429 1113 participationem
3476 1045 3647 1115 εἰδυῖα

2063 1135 2211 1192 ﬂeat.

2138 1228 2298 1281 Vens.
2354 1225 2447 1281 26.
2506 1225 2742 1296 ΗαῙογεε
2809 1227 3027 1282 divitias
3071 1229 3383 1283 existimans
3421 1226 3643 1297 £gypti

2062 1317 2329 1371 thesauris
2369 1318 2743 1386 impropeiium
2795 1318 3018 1377 Christi.
3051 1319 3167 1374 Non
3234 1320 3391 1384 dixit,
3439 1336 3561 1389 quae
3590 1322 3644 1373 in

2069 1410 2229 1466 caelis
2274 1410 2517 1480 reposita
2585 1419 2714 1466 sunt
2759 1411 2924 1478 bona,
2990 1428 3178 1467 verum
3223 1413 3476 1467 virtutem
3525 1412 3646 1482 ejus

2062 1502 2480 1567 demonstrans,
2516 1508 2571 1556 et
2609 1502 2733 1556 illos
2782 1502 3037 1559 refovens
3064 1514 3226 1574 atque
3274 1504 3512 1574 erigens,
3546 1505 3645 1557 im-

2060 1595 2369 1665 properium
2408 1592 2631 1660 Christi,
2662 1594 2819 1647 dixit.
2853 1594 3323 1661 Quemadmodum
3351 1596 3495 1650 enim
3516 1611 3644 1665 pos-

2065 1698 2151 1742 tea
2184 1687 2463 1742 Christum
2500 1686 2835 1741 contumelia
2875 1684 3204 1751 adiciebant,
3247 1686 3339 1755 qui
3372 1688 3440 1740 ab
3466 1703 3529 1742 eo
3551 1688 3645 1741 be-

377 1787 560 1843 μενοι,
588 1770 682 1822 καὶ
703 1767 1010 1821 τελευταῖον
1035 1764 1387 1836 ἐσταύρωσαν
1412 1781 1425 1794 ·
1455 1764 1599 1818 οὕτω
1629 1765 1725 1817 καὶ
1754 1764 1953 1836 πρότε-

2078 1778 2254 1835 ιοίίοἱιι
2286 1786 2633 1848 acceperant,
2658 1792 2723 1832 ac
2752 1776 2974 1831 tandem
2998 1778 3154 1832 cruci
3191 1776 3516 1832 aliixerunt:
3562 1778 3643 1832 sic

374 1882 472 1937 ρον
500 1861 708 1931 Μωσῆν
733 1862 782 1914 oi
809 1857 940 1930 παρ’
964 1857 1127 1912 αὐτοῦ
1158 1857 1627 1930 εὐεργετούμενοι.
1661 1856 1721 1912 'U
1750 1859 1860 1928 γὰρ
1890 1858 1954 1912 ὲκ

372 1955 469 2010 τοῦ
499 1953 797 2023 Αἰγυπτίου
832 1949 1050 2022 ρυσθεὶς
1085 1950 1191 2003 ὐπὸ
1221 1950 1467 2013 Μωσέως
1498 1949 1772 2022 Ἐϐραῖος,
1794 1947 1954 2010 αὐτὸς

374 2048 587 2108 ἐκεῖνος
615 2042 801 2113 αῦριον
828 2038 982 2097 εἶπεν
1009 2042 1193 2115 αὐτῷ·
1229 2043 1325 2109 Τις
1351 2058 1427 2097 σε
1454 2041 1831 2107 κατέστησεν
1853 2039 1956 2109 ἅρ-

376 2156 565 2210 χοντα
596 2137 694 2191 καί
727 2134 1026 2204 δικαστὴν
1053 2135 1144 2205 ἐφ’
1170 2133 1330 2205 ἡμᾶς
1346 2149 1367 2199 ;
1392 2133 1477 2204 μὴ
1506 2133 1749 2189 ἀνελεῖν
1770 2149 1847 2202 με
1873 2131 1955 2187 σὺ

378 2231 597 2296 θέλεις,
631 2228 706 2282 ὃν
748 2228 974 2296 τρόπον
1002 2225 1241 2292 ἀνεῖλες
1270 2224 1378 2281 τὸν
1399 2225 1758 2295 Ali-ductor;
1800 2223 1953 2277 Καθ-

377 2318 503 2376 όλου
542 2319 653 2392 γὰρ
683 2317 747 2371 τὸ
771 2316 923 2389 παρά
954 2316 1064 2369 τῶν
1102 2315 1321 2370 οίκείων
1344 2314 1439 2371 καὶ
1480 2314 1958 2385 εὐεργετουμένων

378 2411 742 2477 ὀνειδίζεσθαι
788 2409 822 2481 ἦ
871 2406 1289 2478 κακουχεῐσθαι,
1337 2406 1644 2476 ὀνειδισμὸς
1691 2408 1810 2459 ἐστι
1860 2405 1958 2460 τοῦ

376 2500 641 2574 Χριστοῦ.
673 2496 783 2553 Καὶ
807 2500 916 2562 πᾶς
944 2498 973 2550 ὀ
999 2497 1086 2551 διὰ
1111 2497 1173 2550 τὺ
1202 2496 1368 2552 καλὸν
1398 2495 1541 2550 κατὰ
1566 2495 1660 2549 τοῦ
1688 2495 1960 2567 πράττον-

378 2611 474 2658 τος
511 2592 643 2647 αὐτὸ
675 2589 960 2660 γινόμενος
994 2587 1297 2660 ὀνειδισμὸς
1317 2628 1333 2653 ,
1368 2588 1463 2642 καὶ
1494 2585 1682 2650 ἁπλῶς
1713 2589 1747 2659 ἡ
1784 2585 1963 2655 μάτην

382 2683 651 2748 ἐπίθεσις,
675 2680 976 2752 ὀνειδισμός
1000 2683 1118 2735 ἐστι
1141 2679 1236 2733 τοῦ
1264 2677 1525 2750 Χριστοῦ.
1550 2676 1709 2732 Οῦτω
1732 2677 1841 2748 γάρ
1868 2677 1963 2732 καὶ

379 2776 410 2828 ὀ
450 2773 657 2844 Κύριος
696 2771 1080 2841 ἑδυσφημεῖτο,
1123 2768 1276 2840 φίλος
1315 2767 1562 2822 τελώνων
1599 2767 1835 2833 ἀκούων,
1874 2767 1965 2823 διὰ

382 2867 447 2919 τὸ
488 2863 790 2918 συνεσθίειν
827 2861 1060 2926 ἐκείνοις
1100 2862 1192 2915 ἐπὶ
1234 2859 1481 2931 σωτηρίᾳ
1524 2858 1724 2912 αὐτῶν.
1752 2858 1964 2929 Ὠσπερ

383 2954 478 3012 οὖν
509 2959 542 3028 ἡ
578 2957 793 3022 ἄνεσις,
828 2956 927 3025 τῆς
959 2952 1239 3026 ἁμαρτίας
1270 2954 1452 3019 ἐστὶν,
1516 2949 1690 3014 οῦτως
1718 2952 1748 3006 ὀ
1775 2951 1968 3004 ὀνειδι-

2060 1878 2113 1924 et
2160 1877 2320 1923 antea
2367 1867 2552 1922 Mosen
2624 1868 2921 1939 ignominia
2990 1869 3261 1923 notabant
3310 1868 3345 1922 ii
3391 1869 3445 1923 in
3505 1883 3645 1938 quos

2061 1958 2326 2014 beneficia
2358 1958 2683 2014 contulerat.
2713 1959 2816 2025 Qui
2859 1959 3002 2014 enim
3035 1961 3103 2014 ab
3128 1959 3385 2031 Egyptio
3421 1960 3645 2030 ρει-Μο-

2063 2065 2161 2106 seu
2195 2051 2462 2107 liberatus
2511 2059 2631 2105 erat
2664 2048 2949 2115 Hebraeus,
3011 2050 3100 2104 ille
3140 2050 3256 2120 ipse
3294 2059 3515 2120 postero
3556 2051 3645 2105 die

2064 2142 2202 2198 dixit
2237 2144 2288 2198 ei
2319 2138 2351 2194 ε’
2376 2143 2508 2207 Qui:
2536 2151 2585 2195 te
2607 2142 2882 2196 conatituit
2907 2141 3195 2211 principem
3222 2150 3271 2194 et
3292 2140 3525 2210 judicent
3552 2158 3645 2195 su-

2063 2250 2157 2304 per
2188 2234 2327 2288 nos?
2357 2232 2611 2303 numquid
2651 2248 2732 2286 me
2762 2232 2995 2285 occidere
3032 2233 3128 2297 vis,
3182 2230 3397 2300 perinde
3437 2247 3499 2284 ac
3560 2231 3648 2283 in-

2069 2325 2323 2394 terfecisti
2368 2324 2681 2395 ngyptium
2706 2325 2791 2379 ιιι
2818 2323 3055 2379 Omnino
3082 2324 3226 2377 enim
3253 2338 3282 2376 a
3332 2322 3648 2378 domesticis

2068 2417 2416 2473 etbenelieio
2469 2416 2679 2472 affectis
2728 2409 3059 2473 contumelia
3120 2415 3259 2470 allici
3320 2416 3405 2470 vel
3461 2413 3645 2485 allligi,

2067 2508 2269 2565 Christi
2309 2516 2394 2563 est
2421 2509 2801 2578 opprobrium.
2837 2507 3149 2575 Quinetiam
3212 2510 3394 2562 omnis
3447 2514 3646 2562 contu-

2069 2600 2232 2657 melia
2288 2600 2553 2656 adversus
2582 2616 2707 2656 eum
2739 2600 2833 2670 qui
2864 2600 3065 2654 bonum
3093 2598 3246 2664 facit,
3291 2612 3355 2653 ac
3384 2596 3652 2668 simplici-

2071 2702 2157 2748 ter
2190 2692 2400 2747 molitio
2418 2682 2620 2747 frustra
2650 2703 2927 2762 suscepta,
2942 2690 3147 2746 Christi
3167 2699 3252 2746 est
3268 2688 3648 2760 opprobrium.

2074 2780 2168 2837 Sic
2211 2781 2357 2837 enim
2399 2791 2454 2837 et
2503 2780 2768 2836 Dominus
2806 2780 3212 2844 diliumabatur,
3259 2778 3652 2847 diecbaturque

2071 2871 2488 2943 publicanorum
2514 2870 2746 2936 amicus,
2782 2869 2927 2940 quod
2966 2884 3090 2923 cum
3127 2870 3233 2923 illis
3262 2868 3443 2922 cibum
3472 2881 3635 2936 cape-

2072 2972 2157 3019 ret
2201 2971 2424 3034 propter
2485 2975 2677 3017 eorum
2756 2963 3008 3017 salutent.
3093 2958 3165 3014 Ut
3217 2958 3383 3029 igitur
3445 2956 3655 3012 delicia:

388 3050 524 3122 σμὸς
543 3049 637 3103 τοῦ
662 3049 922 3119 Χριστοῦ,
943 3050 1036 3118 Μὴ
1058 3049 1236 3103 τοίνυν
1255 3049 1613 3117 ἀγανακτεῖτε
1636 3047 1795 3117 ὑμεῖς
1815 3042 1967 3115 παρά

2078 3060 2205 3108 sunt
2246 3049 2476 3121 peccati,
2507 3050 2588 3105 sic
2624 3049 3012 3119 improperium
3054 3055 3140 3105 est
3180 3046 3407 3103 Christi.
3438 3044 3518 3102 Ne
3549 3046 3653 3117 igi-

384 3144 498 3195 τῶν
543 3142 905 3213 συμφυλετῶν
946 3141 1276 3211 θλιϐόμενοι,
1314 3140 1456 3212 πρὸς
1496 3140 1590 3193 τὸν
1629 3138 1838 3209 Μωσῆν
1876 3137 1969 3191 τὸν

388 3234 563 3296 οὕτως
614 3231 826 3296 ἔνδοξον
873 3231 1314 3297 ἀποϐλέποντες,
1360 3229 1457 3285 καὶ
1501 3229 1564 3283 τδ
1616 3227 1836 3300 μεῖζον.
1881 3226 1974 3280 τὸν

389 3322 643 3394 Χριστόν.
675 3320 1012 3391 Ὀνειδισμὸς
1043 3319 1138 3373 τοῦ
1174 3319 1411 3392 Χριστοῦ
1446 3320 1543 3373 καὶ
1578 3320 1607 3371 ὀ
1642 3318 1737 3371 ἐπὶ
1770 3319 1835 3388 τῇ
1874 3316 1974 3370 πέο

386 3430 495 3484 τρᾳ
533 3412 674 3465 κατὰ
712 3412 955 3475 Μωσέως
994 3411 1329 3482 γογγυσμός.
1362 3410 1598 3481 Χριστὸς
1634 3409 1746 3479 γὰρ
1764 3408 1813 3440 ⁸⁵
1839 3398 1908 3480 ἦν
1939 3407 1973 3478 ἡ

394 3505 593 3577 πέτρα.

474 3686 808 3742 Ἀπέσλεπε
850 3684 961 3754 γὰρ
1005 3684 1094 3750 εις
1139 3680 1256 3752 τὴν
1291 3680 1803 3752 μισθαποδοσίαν.
1851 3678 1978 3742 Τοῖς

392 3781 494 3851 τῆς
525 3781 764 3842 πίστεως
794 3779 995 3849 δηλαδὴ
1023 3777 1347 3848 ὀφθαλμοῖς·

466 3874 674 3926 Πίστει
717 3869 1042 3929 κατέλιπεν
1071 3869 1399 3938 Αἴγυπτον,
1430 3864 1518 3937 μὴ
1556 3861 1837 3935 φοϐηθείς
1871 3861 1978 3916 τὸν

396 3965 590 4033 θυμὸν
628 3962 745 4039 τοῦ.
777 3961 1105 4026 βασιλέως.
1146 3959 1214 4013 Τί
1257 3959 1476 4027 ).έγεις;
1521 3957 1615 4011 καὶ
1665 3956 1774 4027 μὴν
1814 3956 1873 4007 ἐν
1911 3956 1979 4025 τῇ

411 4052 606 4120 Ἔξὸδῳ
632 4052 973 4121 γέγραπται·
1001 4049 1293 4120 Ἐφοσήθη
1319 4047 1388 4112 δᾴ
1410 4044 1653 4113 Μωσῆς,
1682 4045 1771 4098 ὄτι
1796 4044 1984 4113 ἐμφα-

398 4142 505 4209 νὲς
537 4142 778 4211 ἐγένετο
808 4142 872 4194 τὸ
899 4138 1083 4210 ῥῆμα.
1121 4140 1283 4194 Ἀλλὰ
1310 4138 1400 4203 τδ,
1428 4137 1514 4207 μὴ
1550 4135 1863 4205 φοϐηθεὶς,
1898 4135 1985 4187 ὲνο

398 4236 578 4290 ταῦθα
617 4234 789 4300 δέξαι,
820 4232 897 4296 ὡς
932 4231 1069 4304 πρὸς
1098 4232 1160 4284 τὸ
1201 4229 1367 4284 πάλιν
1398 4227 1691 4297 ἐπιστῆναι
1720 4227 1786 4296 τῇ
1818 4223 1985 4292 Αίγύ-

402 4346 546 4399 πτῳ,
581 4330 674 4382 καὶ
704 4324 1069 4393 ἀναδέξασθαι
1099 4324 1197 4394 τὴν
1224 4321 1522 4394 ἠγεμονίαν
1551 4319 1663 4374 τῶν
1688 4317 1980 4389 Ἐϐραίων.

2074 3140 2166 3202 tur
2186 3159 2329 3216 aegre
2369 3141 2558 3199 feratis
2580 3156 2701 3207 vos,
2732 3142 2780 3197 si
2836 3155 2864 3195 a
2900 3140 3300 3196 contribulibus
3317 3139 3654 3209 al'tligamini,

2073 3239 2141 3293 ad
2165 3236 2353 3292 Mosen
2387 3234 2571 3289 virum
2629 3239 2743 3286 tam
2771 3232 3043 3287 celebrem
3071 3239 3125 3286 et
3182 3231 3449 3301 inclytum
3488 3228 3656 3298 respi-

2073 3328 2304 3392 cientes,
2339 3333 2394 3379 et
2422 3322 2569 3395 quod
2620 3322 2801 3394 majus
2831 3329 2936 3387 est,
2994 3322 3052 3377 in
3082 3322 3262 3393 ipsum
3310 3319 3473 3393 7&0
3495 3319 3658 3376 Chri-

2072 3425 2238 3472 stum.
2304 3415 2400 3471 Sic
2438 3414 2769 3471 contumelia
2813 3420 2934 3469 erat
2989 3411 3192 3468 Christi
3227 3425 3481 3467 murmur
3507 3411 3656 3483 apud

2074 3517 2284 3581 petram
2316 3515 2509 3564 contra
2530 3505 2721 3562 Mosen
2754 3505 2982 3561 factum.
3017 3501 3151 3557 Nam
3174 3510 3330 3574 petra
3351 3511 3470 3559 erat
3497 3502 3658 3559 Chri-

2075 3610 2216 3657 stus.

2152 3689 2448 3761 Aspieiebat
2462 3690 2600 3745 enim
2626 3690 2694 3745 ad
2716 3682 3381 3744 remunerationem.Fidei
3400 3685 3655 3742 nimirum

2078 3781 2275 3835 oculis.

2152 3869 2321 3924 Vsus.
2353 3868 2444 3924 27.
2476 3868 2612 3923 Fide
2641 3868 2855 3939 reliquit
2876 3867 3191 3941 ﬁgi/ptum,
3221 3889 3324 3927 non
3346 3874 3544 3928 veritus
3578 3872 3663 3925 in-

2084 3961 2447 4032 dignationem
2482 3962 2642 4031 regis.
2684 3959 2895 4030 Ecquid
2951 3963 3071 4017 ais?
3127 3962 3185 4016 lu
3241 3963 3431 4017 Exodo
3477 3973 3661 4017 tamen

2083 4053 2347 4123 scriptum
2378 4060 2463 4107 est
2491 4070 2504 4107 :
2546 4051 2968 4121 Perterrefactus
2995 4062 3072 4105 est
3109 4061 3283 4106 autent
3310 4051 3506 4118 Moses,
3536 4053 3663 4121 quia

2085 4161 2166 4199 res
2193 4146 2374 4198 ist/ure
2402 4143 2675 4214 patefacta
2699 4151 2836 4197 erat.
2861 4144 3151 4208 Caeterum,
3183 4160 3287 4198 non
3327 4146 3547 4208 ueritus,
3572 4143 3664 4199 hic

2086 4240 2296 4310 accipe,
2334 4240 2494 4309 quasi
2554 4238 2808 4303 dixisset,
2859 4237 3094 4310 Egypto
3149 4254 3344 4295 rursus
3406 4253 3662 4309 praeesse,

2088 4339 2253 4399 atque
2313 4328 2665 4383 Hebreorum
2718 4326 3107 4396 praefecturam
3167 4331 3471 4401 suscipere.
3528 4328 3667 4384 Nam

399 4419 741 4491 Φοΰουμένου
793 4418 892 4488 μὲν
941 4417 1051 4487 γὰρ
1098 4411 1168 4486 ἦν
1211 4415 1274 4467 τὸ
1328 4412 1571 4486 μηδόλως
1623 4409 1971 4482 ὑποστρέψαι,

2091 4436 2197 4476 non
2228 4421 2459 4475 omnino
2508 4422 2707 4475 reverti
2753 4438 2931 4493 neque
2960 4439 3024 4478 ea
3055 4439 3176 4494 qua:
3211 4425 3364 4493 prius
3420 4423 3665 4494 aggredi,

407 4511 543 4582 μηδὲ
572 4509 876 4579 ἐγχειρίσαι
906 4505 987 4572 οἷς
1019 4508 1115 4560 καὶ
1146 4505 1358 4577 πρώην.
1417 4505 1570 4558 Ἐπεὶ
1597 4504 1655 4558 δὲ
1686 4503 1851 4558 πάλιν
1882 4502 1986 4555 ὐπ-

405 4601 702 4671 ἐστρεψεν,
735 4598 934 4665 ἔδειξεν
963 4600 1044 4651 ὅτι
1080 4597 1325 4651 πιστεύει
1354 4596 1433 4673 τῷ
1451 4595 1590 4666 Θεῷ.
1622 4595 1747 4659 Πῶς
1763 4591 1856 4650 οῦν
1885 4594 1986 4649 οὐκ

406 4692 625 4762 ἔμεινεν
657 4692 716 4743 ἑν
749 4689 1045 4759 Αἰγύπτῳ,
1079 4688 1216 4741 ἀλλὰ
1255 4689 1515 4742 κατέλιπε
1548 4687 1647 4758 τὴν
1679 4687 1986 4756 Αἴγυπτον,

408 4783 526 4849 εἴγε
575 4781 677 4834 οὐκ
723 4778 1155 4849 ὲφοὸεἴτο;⁹’οτι
1196 4778 1259 4833 τὸ
1302 4779 1383 4843 είς
1429 4778 1704 4850 πρόοπτον
1745 4777 1992 4831 κίνδυνον

412 4875 763 4945 ἐπιῇρίπτειν
798 4871 1015 4938 ἑαυτὸν,
1052 4872 1148 4924 καὶ
1186 4871 1396 4937 λέγειν,
1434 4873 1482 4925 εί
1516 4872 1625 4941 ἄρα
1660 4870 1825 4923 σώσει
1864 4886 1932 4941 με
1967 4871 1997 4923 ὀ

412 4966 545 5029 Θεὸς
566 5006 582 5033 ,
614 4963 1040 5038 ἐκπειράζοντός
1069 4964 1184 5015 ἐστι
1212 4963 1304 5017 τὸν
1334 4962 1494 5028 Θεὸν,
1526 4961 1621 5015 καὶ
1649 4960 1954 5015 διαϐολικόν
1979 4978 1995 4995 ⁸

413 5059 630 5129 Ὠσπερ
656 5060 751 5113 καί
775 5061 804 5112 ὁ
828 5056 1074 5121 διάὄολος
1096 5055 1175 5127 τῷ
1206 5056 1395 5127 Κυρίῳ
1422 5055 1573 5122 ἔλεγε
1588 5070 1606 5087 ο
1630 5055 1716 5109 Βὰ
1727 5057 1789 5108 18
1812 5068 1997 5109 σεαυ-

411 5152 520 5204 τὸν
548 5151 726 5209 κάτω.
750 5151 821 5204 Ἦ
849 5150 932 5217 τὸ,
966 5151 1049 5204 Οὐ
1079 5148 1360 5219 φοϐηθείς
1387 5148 1495 5201 τὸν
1536 5149 1727 5218 θυμὸν
1752 5147 1858 5203 τοῦ
1881 5149 1997 5213 ,ϐα-

413 5242 661 5307 σιλέως,
690 5239 836 5293 οὕτω
862 5241 1077 5312 νόησον,
1108 5240 1191 5293 ὅτι
1218 5238 1387 5308 ἔφυγε
1417 5240 1735 5305 πιστεύσας,
1764 5238 1845 5291 ὅτι
1876 5238 1994 5291 δια-

416 5329 628 5401 δράσει,
669 5332 767 5385 καὶ
804 5331 904 5384 οὐκ
947 5329 1293 5394 ὲπιδιώξεται
1332 5329 1495 5382 αὐτὸν
1533 5330 1561 5383 ὀ
1606 5328 1878 5399 βασιλεὺς,
1916 5328 1993 5393 ὡς

420 5422 763 5493 θυμούμενος
789 5424 911 5476 κατ’
933 5422 1123 5488 αὑτοῦ,
1150 5421 1271 5476 οὐδὲ
1298 5423 1349 5475 εί
1379 5422 1476 5476 καὶ
1504 5421 1799 5491 ὲπιδιώξει,
1827 5439 1997 5477 κατα-

532 5542 577 5574 ⁸¹
619 5542 793 5597 Exod.
818 5557 881 5610 ιι,
914 5542 1004 5598 M.
1079 5542 1127 5575 "
1165 5541 1359 5599 Matth.
1384 5559 1460 5611 ιν,
1494 5542 1547 5599 6.

2092 4515 2388 4569 metuentis
2425 4521 2564 4570 erat.
2607 4513 2745 4579 Quia
2767 4531 2897 4571 vero
2928 4531 3185 4572 reversus
3244 4526 3351 4583 est,
3406 4515 3669 4569 indicavit

2095 4621 2154 4663 se
2187 4606 2345 4662 ﬁdem
2381 4607 2640 4663 adhibere
2671 4606 2802 4664 Deo.
2844 4608 3023 4677 Quare
3049 4610 3221 4681 igitur
3251 4625 3360 4665 non
3395 4609 3596 4663 mansit
3615 4607 3671 4663 in

2084 4696 2352 4769 ’Egypto,
2389 4697 2488 4753 sed
2530 4698 2756 4769 reliquit
2785 4715 2905 4757 eam
2954 4702 2999 4757 si
3050 4716 3157 4755 non
3192 4699 3673 4767 metuebat?Quo-
3753 4755 3761 4763 _

2095 4790 2243 4845 niam
2308 4790 2364 4844 in
2394 4788 2744 4845 manifestum
2768 4791 3069 4862 perieulum
3104 4791 3346 4862 seipsum
3374 4790 3672 4861 conjicere,

2098 4896 2163 4938 ac
2189 4880 2400 4949 dicere,
2438 4879 2704 4936 Fortasse
2767 4896 2854 4938 me
2896 4884 3135 4938 servabit
3196 4885 3364 4950 Deus,
3411 4882 3674 4937 tentantis

2097 4979 2181 5027 est
2217 4968 2414 5037 Deum,
2466 4985 2530 5025 ac
2554 4969 2713 5042 plane
2755 4970 3084 5028 diabolieum
3116 4992 3131 5029 :
3165 4974 3309 5030 sicut
3349 4982 3404 5029 et
3437 4972 3672 5029 Satanas

2102 5064 2334 5121 Domino
2388 5064 2605 5121 dicebat
2652 5063 2851 5120 :Mitte
2903 5076 2951 5121 te
3014 5067 3259 5123 deorsum
3293 5070 3364 5122 ".
3416 5064 3534 5130 Vel,
3571 5081 3675 5119 non

2096 5157 2292 5212 veritus
2323 5158 2742 5229 indignationem
2797 5159 2959 5229 regis,
3004 5159 3153 5215 hunc
3200 5159 3268 5214 ad
3315 5159 3536 5213 modum
3589 5157 3676 5209 in-

2094 5249 2296 5320 tellige,
2354 5265 2548 5321 nempe
2632 5250 2777 5322 quod
2848 5251 3049 5323 fugerit
3108 5251 3339 5308 credens
3392 5247 3539 5317 quod
3597 5250 3672 5303 sit

2097 5354 2380 5405 evasurus,
2430 5356 2606 5411 neque
2663 5356 3076 5412 persecuturum
3158 5356 3361 5411 regem,
3414 5340 3672 5409 tanquam

2102 5444 2516 5488 succensentem
2548 5433 2676 5505 ipsi,
2724 5451 2821 5491 nec
2843 5435 3057 5491 etiamsi
3110 5438 3551 5503 persequeretur,
3580 5449 3676 5505 ap-

1785 5648 1989 5711 νει-ξω
2017 5649 2345 5712 lectiones.

498 5740 543 5771 ”
563 5738 715 5808 λέγει
737 5753 794 5795 0.
871 5738 914 5770 “
940 5738 994 5793 δέ
1020 5755 1072 5793 0.
