4014 6208
353 257 465 320 359

1225 255 1801 317 THEOPHYLACTI
1834 253 2246 315 BULGARIE
2273 255 2632 318 ARCHIEP.

3488 258 3600 323 36)

354 359 776 430 prehensurum.
814 344 1206 427 llujus'autem
1238 359 1314 414 rei
1340 360 1554 430 signum
1604 367 1712 424 est,
1777 358 1922 429 quod

2026 359 2275 428 λήψεται.
2301 362 2505 416 Τούτου
2530 362 2585 415 δὲ
2614 363 2858 433 σημεῖον,
2885 362 2967 418 ὅτι
2994 365 3090 420 καὶ
3116 369 3178 421 ἐκ
3204 365 3462 436 γειτόνων
3485 368 3602 422 δια-

352 449 406 503 in
467 447 664 501 vicinia
729 448 929 501 morari
983 446 1253 516 selegeril,
1318 456 1484 520 atque
1557 450 1633 505 ibi
1686 449 1924 504 latuerit.

350 540 592 594 Proinde
646 538 766 593 ﬁdei
808 537 995 592 ethoc
1025 548 1132 592 est.

426 630 748 684 Im-isibilem
773 629 913 682 enim
965 641 1217 699 tauquam
1252 632 1453 697 videns,
1489 633 1765 687 sustinuit.
1800 631 1928 686 Per-

350 722 477 777 inde
525 721 670 774 cnim
721 722 876 789 quasi
932 721 1139 776 videret
1170 723 1335 778 Deum
1384 739 1568 779 secum
1597 739 1927 780 conversan—

353 820 486 874 tem,
548 813 629 866 sic
677 812 861 865 omnia
914 823 1232 869 constanter
1293 816 1577 871 tolerabat.
1622 815 1923 870 Plurimum

349 904 492 958 enim
548 906 614 957 ad
674 904 988 971 patientiam
1035 905 1268 972 confert,
1328 907 1530 968 habere
1596 923 1811 978 semper
1868 908 1923 961 in

348 1005 530 1050 mente
596 993 799 1060 Deum,
855 997 1078 1065 perinde
1120 1012 1185 1052 ac
1262 997 1428 1053 David
1492 999 1723 1069 inquit:
1783 997 1923 1052 Pro-

345 1083 585 1137 videbam
648 1084 936 1139 Dominum
1008 1087 1063 1140 in
1113 1097 1392 1156 conspectu
1449 1103 1560 1141 meo
1589 1086 1658 1153 ⁸³,
1711 1095 1767 1143 et
1801 1101 1924 1157 quae

344 1184 670 1246 sequuntur.
1287 1249 1291 1253 -

422 1268 582 1323 Vens.
609 1268 700 1324 28.
760 1266 896 1321 Fide
951 1268 1228 1323 celebrauit
1271 1268 1482 1323 Pascha
1516 1278 1565 1324 et
1614 1269 1922 1338 eﬂ'usionem

344 1360 642 1429 sanguinis,
666 1374 726 1412 ne
756 1359 850 1428 qui
877 1359 1118 1412 vastabat
1150 1360 1522 1428 primogenita,
1554 1368 1784 1429 tangeret
1811 1373 1921 1412 eos.

350 1450 549 1504 Paulus
584 1452 786 1520 ubique
828 1451 1009 1505 obiter
1035 1453 1351 1523 mysterium
1403 1452 1924 1521 intcrpouil,quem-

347 1541 640 1596 admodum
668 1543 771 1597 hoc
799 1545 852 1596 in
887 1545 1005 1597 loco
1037 1543 1179 1597 inter
1207 1545 1596 1599 consolandum
1638 1542 1922 1597 Paschatis

355 1636 685 1689 sacramenti
724 1635 990 1690 meminit.
1021 1635 1226 1691 Effusio
1255 1638 1398 1691 enim
1433 1637 1719 1707 sanguinis
1750 1636 1919 1701 illius,

2027 450 2237 521 τρίϐειν
2267 451 2440 505 είλετο
2468 453 2562 506 καὶ
2591 451 2801 505 ἔλαθεν.
2826 452 2990 507 Ὥστε
3017 456 3116 526 τῆς
3153 455 3389 519 πίστεως
3417 454 3597 511 τοῦτο.

2101 633 2217 688 Τὸν
2249 632 2358 704 γὰρ
2393 634 2651 702 ἀόρατον
2669 634 2749 700 ὠς
2775 633 2929 701 ὀρῶν
2961 633 3382 704 ἐκαρτέρησεν.
3412 634 3601 691 Ὡσαν-

2027 727 2079 779 εὶ
2104 726 2212 795 γὰρ
2242 726 2383 797 ὁρῶν
2417 728 2512 801 τὸν
2536 727 2669 779 Θεὸν
2699 728 2927 780 συνόντα
2977 726 3148 797 αὐτῷ,
3175 729 3347 791 οῦτως
3374 726 3603 800 ἐκαρτέ-

2029 834 2109 888 ρει
2137 819 2333 872 πάντα.
2359 819 2619 889 Μεγάλης
2638 819 2745 888 γὰρ
2768 819 3042 889 ὑπομονῆς
3066 820 3349 890 ποιητικὸν
3371 820 3431 873 τὸ
3455 821 3599 890 ἔχειν

2023 910 2112 962 ἀεὶ
2147 912 2203 963 ἐν
2232 911 2307 981 νῷ
2335 910 2425 962 τὸν
2455 911 2588 963 Θεόν
2614 927 2627 941 ·
2660 910 2735 973 ὡς
2770 911 2862 964 καὶ
2890 912 2917 964 ὁ
2944 911 3109 964 Δαείδ
3141 928 3296 982 φησι.
3325 912 3601 983 Προωρώ-

2019 1019 2145 1071 μην
2161 1001 2266 1055 τὸν
2282 1003 2505 1071 Κύριον
2519 1000 2777 1058 ἐῦὠπιίν
2792 1022 2907 1074 μου
2928 1020 2942 1036 ⁶
2976 1006 3071 1059 καὶ
3099 1003 3166 1058 τὰ
3195 1003 3345 1074 ἑξῆς.

2094 1269 2302 1323 Πίστει
2328 1268 2619 1335 πεποίηκε
2644 1268 2710 1321 τὸ
2734 1265 2970 1335 Πάσχα,
2999 1265 3097 1320 καὶ
3120 1264 3235 1334 τὴν
3256 1265 3601 1336 πρόσχυσιν

2024 1360 2132 1415 τοῦ
2159 1361 2433 1429 αἵματος,
2462 1360 2563 1413 ἵνα
2584 1359 2670 1430 μὴ
2699 1362 2732 1414 ὁ
2761 1359 3096 1427 ὀλοθρεύων
3124 1357 3195 1412 τὰ
3222 1361 3595 1441 πρωτότοκα,

2026 1455 2159 1522 θίγῃ
2191 1455 2408 1508 αὐτῶν.
2435 1451 2717 1525 Πανταχοῦ
2750 1454 2778 1506 δ
2802 1452 2846 1483 ⁸⁵
2869 1442 3080 1516 Παῦλος
3114 1454 3172 1507 ὲν
3194 1452 3413 1523 παρόδῳ
3450 1470 3594 1523 παρ·-

2026 1546 2287 1615 εμὸἀλλει
2336 1547 2656 1617 μυστήριον,
2687 1543 2875 1615 ὥσπερ
2902 1538 2997 1596 οῦν
3041 1542 3398 1599 καὶ-ένταῦθα
3425 1546 3481 1596 ὲν
3506 1545 3601 1598 τά-

2029 1635 2110 1700 Eat
2148 1636 2546 1707 παρακλήσεως
2577 1635 2635 1689 τὸ
2665 1632 2759 1689 τοῦ
2801 1628 2993 1703 Πᾶσχα
3037 1636 3337 1705 μυστήριον
3368 1635 3601 1689 καταλέ-

353 1728 455 1780 hoe
512 1734 643 1790 est,
713 1728 954 1782 inunctio
1009 1728 1266 1797 postium,
1316 1728 1581 1783 Dominici
1639 1728 1922 1799 sanguinis

2026 1698 2132 1797 γει.
2166 1698 2239 1781 Ἦ.
2258 1728 2367 1798 γὰρ
2389 1698 2695 1798 πρόσχυσις
2722 1698 2954 1796 αἵματος
2982 1698 3234 1789 ὲδιείνου,⁷
3259 1725 3535 1793 τουτέστιν
3563 1726 3599 1795 ἠ

350 1818 670 1872 effusionem
729 1819 1114 1887 signiﬁcabat,
1170 1835 1279 1890 quo
1340 1822 1628 1890 peruncti,
1685 1820 1923 1891 fugimus

349 1912 403 1962 in
440 1918 598 1965 nocte
660 1911 781 1964 vitae
842 1911 1004 1980 hujus
1069 1911 1523 1983 exterminantem
1557 1927 1665 1966 non
1720 1929 1926 1984 perun-

351 2009 565 2056 ctorum
614 2002 998 2071 primogenita.
1026 2001 1204 2059 Moses
1243 2004 1408 2074 igitur
1432 2019 1557 2059 cum
1596 2012 1709 2059 tum
1745 2004 1926 2059 credi-

351 2090 520 2145 disset
569 2092 853 2161 sanguinis
899 2093 1269 2151 inunctionem
1323 2104 1766 2150 conservaturam
1811 2096 1926 2166 pri-

353 2184 648 2251 mOgeuita,
697 2183 1063 2240 demandabat
1111 2186 1314 2257 populo
1367 2186 1471 2241 hoc
1517 2187 1718 2242 facere.
1760 2188 1925 2257 Atqui

352 2272 445 2328 ille
498 2276 624 2345 agni
672 2277 896 2343 sanguis
943 2284 1083 2332 erat.
1112 2279 1361 2332 Attamen
1393 2285 1668 2348 quatenus
1699 2279 1927 2349 sangui-

352 2363 439 2416 nis
464 2364 669 2418 (Ihristi
714 2352 882 2433 ﬁgura
908 2355 1048 2431 erat,
1088 2375 1292 2421 tantam
1328 2370 1437 2422 vim
1469 2376 1522 2424 et
1544 2370 1801 2424 virtutem
1827 2369 1927 2425 de-

350 2456 703 2509 monstrabat.
753 2455 870 2510 Vos
909 2465 1091 2511 autem
1157 2473 1286 2513 vero
1347 2460 1612 2528 sanguine
1655 2462 1924 2530 peruncti,

355 2564 458 2599 ltuit
507 2548 793 2602 conﬁditis
835 2548 938 2602 isto
965 2549 1300 2604 communiri
1330 2550 1353 2603 ?
1392 2550 1502 2607 lmo
1529 2560 1699 2607 certe.
1731 2551 1924 2619 Porro,

347 2635 557 2690 Pascha
600 2638 914 2703 celebravit,
951 2638 1053 2694 hoc
1105 2648 1211 2706 est,
1246 2657 1399 2696 esum
1442 2643 1591 2711 agni,
1623 2651 1676 2698 et
1711 2659 1930 2715 azymo-

352 2742 495 2788 rum,
535 2739 581 2780 et
612 2727 951 2782 laetuearum
979 2733 1300 2798 agrestium,
1331 2738 1386 2784 et
1403 2730 1639 2786 credidit
1664 2726 1925 2803 populum

347 2835 415 2873 ex
474 2817 709 2889 Aigypto
770 2836 1050 2888 egressum
1105 2835 1487 2878 conservatum
1530 2822 1617 2878 iri.
1652 2823 1781 2878 Erat
1831 2841 1929 2879 au-

347 2918 455 2963 tem
500 2911 640 2966 ratio
699 2926 870 2968 ciente
920 2913 1069 2969 illius
1095 2916 1342 2985 egressui
1400 2917 1642 2987 ipsorum
1704 2932 1926 2974 accom-

352 3001 535 3054 moda.

342 3196 503 3249 quam
534 3182 691 3253 741
723 3199 816 3252 per
842 3184 1072 3238 aridam.
1102 3184 1181 3242 Ne
1208 3188 1414 3253 dicant,
1454 3188 1524 3244 Ut
1559 3190 1687 3260 quid
1712 3190 1924 3261 profers

349 3272 406 3326 in
466 3275 703 3328 medium
730 3276 879 3330 viros
905 3277 1260 3334 inimitabiles
1287 3280 1309 3334 ἲ
1333 3281 1630 3351 protulitet
1669 3284 1923 3354 populum

348 3363 405 3419 in
422 3367 755 3436 exemplum.
791 3368 1085 3425 lmitamini
1115 3371 1284 3439 enim,
1309 3373 1508 3443 inquit,
1560 3375 1696 3431 istos
1729 3377 1922 3435 saltem

345 3469 378 3509 e
413 3456 595 3526 vulgo,
631 3457 722 3537 qui
751 3460 1104 3516 crediderunt
1133 3476 1255 3518 sese
1307 3463 1449 3517 haud
1493 3464 1924 3541 submergendos

347 3559 515 3614 aqua,
565 3548 755 3619 sicque
804 3551 923 3607 ausi
954 3543 1210 3618 luerunt,
1242 3554 1584 3611 conﬁdentes
1619 3558 1726 3612 Deo
1776 3546 1923 3628 quod

345 3637 513 3693 veluti
537 3640 843 3710 peraridam
891 3642 1003 3698 siut
1030 3645 1451 3714 pertransituri:
1486 3649 1620 3703 adeo
1649 3651 1924 3720 quailsunt

347 3726 733 3797 impossibilia,
762 3730 896 3786 ﬁdes
923 3734 1210 3804 possibilia
1260 3735 1452 3791 efﬁcit.
1506 3724 1688 3804 Quare
1739 3739 1923 3812 itaque

345 3831 443 3873 vos
466 3817 750 3876 difﬂditis?
1688 3876 1691 3880 .

418 3907 570 3974 Quod
607 3913 811 3980 experti
848 3912 1112 3985 Egyptii,
1142 3917 1379 3973 devorati
1419 3930 1563 3976 sunt.
1618 3919 1696 3976 Ac
1735 3936 1917 3988 nemo,

350 4001 548 4071 inquit,
582 4000 766 4060 dicere
787 4013 984 4074 potest,
1018 3993 1160 4078 quod
1192 4010 1571 4080 imaginarium
1607 4021 1743 4085 erat,
1780 4028 1920 4084 aqua

349 4107 456 4145 non
487 4102 625 4146 erat.
656 4093 789 4149 Nam
824 4099 968 4167 quod
1011 4115 1160 4155 mare
1189 4109 1328 4166 erat,
1350 4100 1594 4173 [Egyptii
1632 4112 1761 4159 sunt
1787 4105 1921 4160 indi-

345 4182 453 4246 cio,
488 4194 675 4253 utpote
702 4187 793 4255 qui
823 4187 1035 4259 ingredi
1071 4190 1291 4260 quidem
1326 4194 1643 4260 tentabant,
1677 4195 1919 4265 absorpti

348 4289 476 4326 vero
510 4286 637 4329 sunt
662 4277 732 4332 ab
767 4294 856 4344 eo,
907 4288 1023 4344 toto
1069 4282 1233 4337 simul
1271 4290 1463 4339 contra
1512 4299 1607 4339 cos
1651 4296 1916 4354 permoto,

2024 1819 2207 1889 χρίσις
2234 1817 2346 1871 τῶν
2381 1817 2575 1886 φλιῶν,
2604 1816 2703 1870 τὸν
2732 1815 2825 1869 τοῦ
2859 1814 3178 1868 δεσποτικοῦ
3213 1814 3446 1884 αἵματος
3479 1814 3601 1885 ὲδή-

2024 1910 2150 1977 λου,
2181 1910 2249 1963 δι’
2267 1904 2326 1965 οὗ
2356 1909 2669 1981 χριόμενοι,
2702 1906 2977 1978 φεύγομεν
3006 1908 3104 1977 τὴν
3133 1909 3191 1961 ὲν
3221 1909 3285 1977 τῇ
3317 1906 3473 1960 νυκτὶ
3501 1905 3594 1958 τοῦ

2028 2000 2142 2071 βίου
2181 2001 2374 2054 τούτου
2407 1999 2764 2070 ὀλοθρεύοντα
2799 1998 2869 2052 τὰ
2902 1992 3223 2069 πρωτότοκα
3257 1996 3369 2073 τῶν
3404 1994 3477 2067 μὴ
3506 2011 3594 2048 κε-

2026 2096 2354 2166 χρισμένων.
2384 2093 2445 2148 Ὀ
2470 2093 2676 2163 Μωσῆς
2701 2084 2881 2145 τοίνυν
2902 2091 3022 2144 τότε
3054 2087 3374 2165 πιστεύσας,
3400 2089 3480 2141 ὃτι
3502 2085 3593 2140 τοῦ

2027 2188 2257 2257 αἵματος
2283 2189 2316 2256 ἡ
2347 2184 2525 2256 χρίσις
2552 2180 2777 2253 φυλάξει
2800 2182 2868 2236 τὰ
2894 2180 3237 2252 πρωτότοκα,
3262 2176 3598 2250 παρήγγειλε

2026 2279 2105 2351 τῷ
2147 2277 2260 2348 λαῷ
2300 2278 2459 2332 τοῦτο
2503 2276 2749 2346 ποιῆσαι,
2795 2274 2984 2328 Καίτοι
3027 2274 3205 2331 ἐκεῖνο
3248 2269 3417 2342 ἀμνοῦ
3460 2264 3603 2340 αἷμα

2025 2366 2128 2440 ἦν’
2158 2369 2460 2439 ausam,
2492 2367 2627 2421 καθὸ
2668 2365 2868 2419 ὲτύπου
2914 2365 2974 2418 τδ
3016 2363 3111 2417 τοῦ
3148 2359 3383 2433 Χριστοῦ
3426 2356 3597 2430 αἷμα,

2026 2459 2293 2530 τοσαύτην
2337 2460 2489 2528 ἰσχὺν
2535 2456 2756 2522 ἔδειξεν.
2791 2455 2981 2526 Ὑμεῖς
3022 2454 3079 2508 δὲ
3116 2452 3195 2524 τῷ
3235 2452 3477 2524 ἀληθινῷ
3517 2453 3609 2533 αῖέ

2031 2570 2161 2623 ματι
2207 2550 2557 2622 χρισθέντες,
2604 2548 2663 2602 οὐ
2712 2547 2967 2619 θαρρεῖτε
3010 2545 3184 2617 τούτῳ
3228 2544 3597 2615 τειχίζεσθαις

2026 2642 2136 2696 Ναὶ
2168 2642 2296 2712 μήν.
2327 2640 2437 2693 Καὶ
2462 2638 2522 2692 τὸ
2544 2639 2740 2709 Πάσχα
2767 2636 3004 2703 ἐτέλεσε,
3028 2637 3276 2690 τουτέστι
3325 2636 3424 2706 τὴν
3451 2633 3597 2704 βρῶ-

2029 2749 2113 2786 σιν
2142 2731 2234 2784 τοῦ
2269 2730 2443 2802 ἀμνοῦ
2462 2721 2487 2795 ,’
2506 2730 2601 2783 καὶ
2629 2728 2736 2782 τῶν
2764 2727 3012 2799 ἀζύμων,
3044 2729 3141 2782 καὶ
3171 2728 3278 2781 τῶν
3306 2726 3593 2797 πικρίδων,

2028 2825 2123 2878 καὶ
2146 2823 2464 2877 ἐπίστευσεν
2487 2822 2568 2874 ὅτι
2598 2823 2626 2874 ὁ
2652 2820 2779 2883 λαδς
2807 2818 3038 2886 ἐξελθὼν
3061 2820 3158 2886 τῆς
3186 2818 3458 2888 Αἰγύπτου
3483 2818 3598 2871 δια-

2030 2915 2361 2987 σωθήσεται.
2396 2914 2627 2978 Ἐξόδιος
2668 2912 2777 2983 γὰρ
2821 2907 2888 2984 ἦν
2930 2913 2959 2965 ὁ
3002 2912 3200 2982 τρόπος
3245 2909 3340 2964 τοῦ
3380 2910 3597 2965 δείπνου

1951 3028 1998 3091 C
2032 3007 2262 3062 ἐκείνου.

420 3091 582 3146 Vsus.
608 3091 698 3146 29.
758 3091 897 3147 Fide
958 3098 1283 3150 transierunt
1307 3097 1476 3163 fmare
1518 3098 1772 3164 Rubrum,
1802 3107 1926 3155 tan-
1962 3094 1965 3095 ⁷

2101 3099 2303 3156 Πίστει
2333 3097 2627 3167 διέϐησαν
2665 3092 2780 3167 τὴν
2820 3093 3113 3165 Ἐρυθρὰν
3148 3093 3488 3158 θάλασσαν,
3516 3093 3598 3159 ὡς

2025 3185 2122 3241 διὰ
2140 3186 2184 3220 ⁸⁸
2225 3184 2435 3256 ξηρᾶς.
2459 3187 2573 3239 Ἵνα
2619 3185 2695 3257 μὴ
2736 3185 2958 3257 λέγωσι,
2996 3186 3048 3239 τί
3091 3185 3278 3256 φέρεις
3314 3186 3394 3248 είς
3435 3185 3601 3256 μέσον

2026 3277 2338 3349 ἀμιμήτους
2371 3278 2601 3349 avem;
2636 3279 2836 3350 ᾖνεγκε
2868 3279 2965 3332 καὶ
2995 3276 3122 3331 λαὸν
3152 3278 3233 3342 εἰς
3268 3277 3596 3348 ὑπόδειγμα.

2024 3370 2353 3441 Μιμήσασθε
2388 3370 2531 3440 γὰρ,
2565 3371 2734 3441 φησὶ,
2765 3368 2991 3434 τούτους
3018 3368 3149 3439 γοῦν
3178 3370 3303 3435 τοὺς
3333 3368 3427 3423 τοῦ
3459 3369 3601 3440 πλή-

2026 3461 2187 3528 θους,
2227 3460 2308 3532 o'i_
2324 3461 2654 3516 ἐπίστευσαν
2695 3462 2771 3525 ὡς
2814 3461 2915 3514 οὐκ
2946 3460 3250 3523 ,ἐπικλύσει
3297 3461 3495 3524 αὐτοὺς
3537 3459 3601 3514 τὸ

2026 3551 2206 3622 ὕδωρ,
2257 3552 2350 3605 καὶ
2396 3551 2541 3605 οὕτω
2589 3551 3043 3623 κατετόλμησαν,
3091 3551 3468 3623 θαρρήσαντες
3515 3550 3599 3622 τῷ

2023 3643 2162 3716 Θεῷ,
2192 3645 2273 3698 ὅτι
2303 3644 2378 3708 ὼς
2403 3645 2493 3700 διὰ
2517 3644 2690 3715 ξηρᾶς
2716 3644 3023 3698 ἐλεύσονται
3046 3660 3061 3675 ο
3093 3643 3237 3699 οὕτω
3261 3644 3330 3699 τά
3358 3643 3599 3699 ἀδύνατα

2022 3734 2224 3788 δυνατὰ
2250 3736 2396 3788 ποιεί
2424 3736 2459 3806 ἠ
2490 3733 2673 3800 πίστις
2695 3752 2709 3767 ·
2745 3736 2841 3791 καὶ
2871 3735 3001 3799 πῶς,
3019 3736 3179 3808 ὑμεῖς
3205 3737 3520 3803 intersita;

2093 3901 2204 3973 τΗς
2235 3904 2450 3975 πεῖραν
2475 3906 2762 3973 λαϐόντες
2789 3907 3119 3976 Αἰγύπτιοι,
3148 3909 3589 3976 κατεπόθησαν.

2021 4001 2133 4054 Καὶ
2165 4002 2267 4055 οὐκ
2300 4000 2415 4070 ἔχει
2445 4017 2527 4063 τις
2557 4000 2757 4063 εἰπεῖν,
2782 4000 2988 4071 φησιν,
3011 4000 3093 4054 ὅτι
3118 3999 3259 4055 κατὰ
3285 4002 3590 4071 φαντασίαν

2020 4089 2123 4165 ἦν;
2152 4093 2337 4164 Ὕδωρ
2368 4093 2470 4147 οὐκ
2514 4090 2580 4164 ἦν
2600 4109 2614 4123 ο
2645 4093 2863 4165 ὅτιγὰρ
2901 4092 3146 4148 θάλασσα
3167 4089 3257 4166 ἦν,
3310 4095 3517 4161 ἔδειξαν
3540 4096 3591 4150 οἱ

2020 4186 2330 4254 Αἰγύπτιοι,
2359 4184 2722 4256 πειράσαντες
2749 4185 2846 4254 μὲν
2877 4184 3160 4251 εἰσελθεῖν,
3190 4188 3594 4252 καταποθέντες

2020 4275 2075 4329 δὲ
2114 4274 2206 4327 ὑπ’
2258 4276 2447 4344 αὐτῆς,
2494 4272 2699 4343 ἁθρόας
2753 4273 3225 4344 κινηθείσηςκατ⁹
3261 4276 3461 4341 αὐτῶν,
3491 4281 3589 4347 τῆς

344 4363 490 4431 quod
527 4364 580 4417 in
608 4368 843 4422 transitu
884 4368 1243 4433 Hebraeorum
1289 4373 1463 4426 instar
1506 4375 1645 4434 muri
1673 4386 1916 4432 erectum

2026 4368 2083 4418 ἐν
2107 4369 2170 4436 τῇ
2201 4364 2447 4418 διαϐάσει
2478 4363 2587 4416 τῶν
2632 4362 2901 4433 Ἐϐραίων
2924 4365 2999 4429 ὼς
3047 4369 3223 4437 τεῖχος
3253 4368 3547 4438 ἱσταμένης
3570 4384 3587 4400 ⁸

344 4457 709 4511 constiterat:
755 4460 981 4526 perinde
1026 4478 1090 4516 ac
1133 4473 1316 4532 postea
1362 4463 1578 4520 ﬂamma
1621 4466 1913 4524 adversum

343 4551 454 4595 tres
505 4558 700 4615 pueros
749 4557 961 4616 parata,
1002 4555 1453 4607 commonstravit
1499 4555 1646 4625 quod
1696 4555 1913 4612 ﬂamma

339 4643 481 4700 erat,
532 4650 656 4690 cum
707 4637 1032 4710 Babylonios
1076 4630 1350 4699 devorarit
1388 4665 1402 4699 :
1455 4647 1642 4704 itidem
1678 4647 1911 4715 D.mielis

342 4726 550 4790 leones,
582 4731 674 4798 qui
705 4729 978 4787 delatores
1021 4733 1141 4803 ejus
1172 4733 1529 4792 dilaniarunt.

414 4819 581 4875 Vens.
607 4822 693 4877 50.
717 4822 854 4879 Fide
900 4828 1040 4881 muri
1071 4825 1284 4883 Iericho
1315 4840 1646 4893 corruerunt,
1675 4833 1907 4886 circum-

340 4911 456 4966 dati
477 4916 545 4966 ad
564 4924 755 4985 septem
774 4917 906 4971 dies.
927 4916 1059 4974 Fide
1085 4937 1098 4973 :
1134 4918 1244 4977 Deo
1267 4922 1410 4976 enim
1436 4920 1577 4975 istud
1600 4922 1910 4987 mandante,

346 5020 524 5075 neque
551 5005 722 5061 Josue
753 5024 930 5079 neque
980 5012 1216 5081 populus
1259 5012 1605 5077 haesitabant,
1634 5026 1739 5068 nec
1763 5013 1915 5070 dixe-

341 5105 491 5164 runt,
517 5098 726 5171 Ecquid
753 5102 853 5156 hoc
874 5104 1021 5164 est?
1053 5103 1191 5168 Num
1225 5104 1476 5158 tubarum
1512 5103 1726 5159 sonitus
1754 5115 1915 5159 natu-

339 5205 456 5243 ram
498 5190 660 5246 habet
711 5192 1003 5261 dejiciendi
1050 5194 1256 5264 lapides
1304 5200 1359 5248 et
1387 5192 1721 5250 munitiones
1750 5195 1773 5250 τ
1804 5196 1911 5252 Sed

339 5288 485 5336 enim
511 5285 861 5341 crediderunt
888 5287 968 5343 sic
998 5285 1133 5353 fore,
1169 5294 1224 5341 et
1250 5284 1333 5340 sic
1362 5285 1567 5340 factum
1600 5294 1705 5344 est.

414 5465 458 5495 ⁸³
494 5464 633 5520 Psal.
666 5483 755 5534 xv,
789 5467 844 5523 8.

2021 4455 2212 4527 ὥσπερ
2243 4456 2335 4508 καὶ
2363 4454 2588 4525 ὕστερον
2619 4454 2653 4525 ἡ
2683 4454 2825 4517 κατὰ
2845 4456 2971 4519 τοὺς
3020 4460 3173 4527 τρεῖς
3210 4459 3408 4522 παῖδας
3430 4459 3583 4528 φλὸξ⁹

2025 4547 2192 4613 ἔδειξε
2224 4545 2356 4617 φλὸξ
2389 4543 2651 4612 οὖσα,ὂτε
2679 4547 2807 4611 τοὺς
2835 4548 3210 4615 Βαϐυλωνίους
3238 4551 3586 4622 διεὸοσκήθη·

2020 4644 2114 4697 καὶ⁸
2138 4642 2188 4696 οἱ
2218 4642 2358 4696 κατά
2416 4639 2509 4694 τὸν
2560 4639 2760 4711 Δανιὴλ
2806 4638 3021 4704 λέοντες
3075 4643 3201 4706 τοὺς
3248 4638 3592 4715 κατηγόρους

2020 4733 2182 4787 αὐτοῦ
2206 4733 2564 4803 λαφύξαντες.

2091 4826 2298 4879 Πίστει
2337 4824 2409 4879 τὰ
2468 4826 2636 4893 τείχη
2688 4826 2903 4897 Ἰεριχὼ
2951 4826 3154 4895 ἔπεσε,
3202 4830 3591 4886 κυκλωθέντα

2016 4919 2115 4974 ἐπὶ
2145 4919 2296 4973 ἑπτὰ
2324 4919 2570 4987 ἡμέρας.
2595 4918 2807 4971 Πίστειο
2837 4918 2929 4972 τοῦ
2952 4919 3061 4987 γὰρ
3087 4919 3220 4975 Θεοῦ
3254 4924 3594 4993 προστάξαν-

2014 5028 2127 5075 τος,
2181 5011 2242 5064 οὐ
2286 5009 2643 5080 διεκρίθησαν
2673 5010 2701 5062 ὃ
2734 5027 2794 5062 τε
2837 5009 3044 5077 Ἰησοῦς
3101 5012 3196 5065 καὶ
3231 5012 3433 5077 ἀλαὸς,
3488 5013 3591 5068 καὶ

2013 5099 2190 5169 εἷπον,
2219 5100 2285 5154 Τί
2328 5100 2523 5167 τοῦτο;
2555 5101 2877 5169 Σαλπίγγων
2909 5097 3041 5171 ἦχος
3068 5101 3230 5172 φύσιν
3276 5102 3388 5175 εχει
3419 5122 3592 5163 κατα-

2024 5194 2241 5251 ϐάλλειν
2282 5192 2463 5255 λίθους
2510 5192 2607 5247 καὶ
2660 5191 2949 5263 ὲπάλξεις;
2980 5192 3094 5248 ἀλλ’
3145 5194 3471 5251 ἐπίστευσαν
3500 5197 3587 5251 ὅτι

2019 5288 2195 5355 ἔσται,
2228 5286 2324 5341 καὶ
2356 5285 2592 5355 ἐγένετο.

1698 5569 1897 5630 Variae
1945 5568 2276 5631 lectiones.

416 5661 460 5692 "
502 5660 765 5733 πολλαχοῦ
806 5665 897 5717 καὶ
935 5668 963 5718 ὁ
994 5681 1046 5721 ο.
1122 5667 1167 5701 ⁸⁸
1197 5668 1288 5720 ἐπὶ
1317 5682 1371 5723 ο.
