  <div class='ocr_page' id='page_1' title='image "/cluster/home/n/w/nwhite01/storage/ocr_20150623/125/hvd.32044073502429/200.png"; bbox 0 0 4014 6208; ppageno 0'>
   <div class='ocr_carea' id='block_1_1' title="bbox 346 333 441 396">
    <p class='ocr_par' dir='ltr' id='par_1_1' title="bbox 346 333 441 396">
     <span class='ocr_line' id='line_1_1' title="bbox 346 333 441 396; baseline 0 -1"><span class='ocrx_word' id='word_1_1' title='bbox 346 333 441 396; x_wconf 70' lang='lat'><strong>36!</strong></span> 
     </span>
    </p>
   </div>
   <div class='ocr_carea' id='block_1_2' title="bbox 1074 332 2864 395">
    <p class='ocr_par' dir='ltr' id='par_1_2' title="bbox 1074 332 2864 395">
     <span class='ocr_line' id='line_1_2' title="bbox 1074 332 2864 395; baseline -0.001 0"><span class='ocrx_word' id='word_1_2' title='bbox 1074 333 1475 395; x_wconf 79' lang='lat' dir='ltr'><strong>EXPOSITIO</strong></span> <span class='ocrx_word' id='word_1_3' title='bbox 1514 334 1595 394; x_wconf 85' lang='lat' dir='ltr'><strong>IN</strong></span> <span class='ocrx_word' id='word_1_4' title='bbox 1634 332 1851 393; x_wconf 81' lang='lat' dir='ltr'><strong>EPIST</strong></span> <span class='ocrx_word' id='word_1_5' title='bbox 1892 332 1990 391; x_wconf 78' lang='lat' dir='ltr'><strong>AD</strong></span> <span class='ocrx_word' id='word_1_6' title='bbox 2029 333 2417 394; x_wconf 78' lang='lat' dir='ltr'><strong>IlEBR/EOS.</strong></span> <span class='ocrx_word' id='word_1_7' title='bbox 2458 357 2523 369; x_wconf 91' lang='grc'><strong><em>-</em></strong></span> <span class='ocrx_word' id='word_1_8' title='bbox 2556 334 2714 395; x_wconf 82' lang='lat' dir='ltr'><strong>CAP.</strong></span> <span class='ocrx_word' id='word_1_9' title='bbox 2757 336 2864 395; x_wconf 82' lang='lat' dir='ltr'><strong>XI.</strong></span> 
     </span>
    </p>
   </div>
   <div class='ocr_carea' id='block_1_3' title="bbox 3485 339 3591 402">
    <p class='ocr_par' dir='ltr' id='par_1_3' title="bbox 3485 339 3591 402">
     <span class='ocr_line' id='line_1_3' title="bbox 3485 339 3591 402; baseline 0 -1"><span class='ocrx_word' id='word_1_10' title='bbox 3485 339 3591 402; x_wconf 77' lang='lat'><strong>362</strong></span> 
     </span>
    </p>
   </div>
   <div class='ocr_carea' id='block_1_4' title="bbox 414 440 1925 513">
    <p class='ocr_par' dir='ltr' id='par_1_4' title="bbox 414 441 1918 512">
     <span class='ocr_line' id='line_1_4' title="bbox 414 441 1918 512; baseline -0.003 -15"><span class='ocrx_word' id='word_1_11' title='bbox 414 448 617 497; x_wconf 71' lang='grc' dir='ltr'>Πίστει</span> <span class='ocrx_word' id='word_1_12' title='bbox 679 444 858 497; x_wconf 81' lang='grc' dir='ltr'><strong>Ῥαὰϐ</strong></span> <span class='ocrx_word' id='word_1_13' title='bbox 900 445 937 511; x_wconf 76' lang='grc' dir='ltr'>ἡ</span> <span class='ocrx_word' id='word_1_14' title='bbox 968 446 1161 512; x_wconf 80' lang='grc' dir='ltr'>πόρνη</span> <span class='ocrx_word' id='word_1_15' title='bbox 1201 447 1274 499; x_wconf 82' lang='grc' dir='ltr'>οὐ</span> <span class='ocrx_word' id='word_1_16' title='bbox 1326 443 1722 498; x_wconf 70' lang='grc' dir='ltr'><strong>συναπώλετο</strong></span> <span class='ocrx_word' id='word_1_17' title='bbox 1793 441 1918 507; x_wconf 82' lang='grc' dir='ltr'>τοῖς</span> 
     </span>
    </p>
   </div>
   <div class='ocr_carea' id='block_1_5' title="bbox 2029 440 3590 513">
    <p class='ocr_par' dir='ltr' id='par_1_5' title="bbox 2095 440 3590 513">
     <span class='ocr_line' id='line_1_5' title="bbox 2095 440 3590 513; baseline 0.003 -17"><span class='ocrx_word' id='word_1_18' title='bbox 2095 440 2258 497; x_wconf 71' lang='lat' dir='ltr'><strong>Vens.</strong></span> <span class='ocrx_word' id='word_1_19' title='bbox 2279 445 2369 499; x_wconf 76' lang='lat'><strong>3|.</strong></span> <span class='ocrx_word' id='word_1_20' title='bbox 2399 443 2530 499; x_wconf 82' lang='lat' dir='ltr'><strong>Fide</strong></span> <span class='ocrx_word' id='word_1_21' title='bbox 2557 444 2735 498; x_wconf 71' lang='lat' dir='ltr'><strong>Ralm!)</strong></span> <span class='ocrx_word' id='word_1_22' title='bbox 2761 446 3011 497; x_wconf 73' lang='lat' dir='ltr'><strong>meretrix</strong></span> <span class='ocrx_word' id='word_1_23' title='bbox 3035 461 3135 498; x_wconf 85' lang='lat' dir='ltr'><strong>non</strong></span> <span class='ocrx_word' id='word_1_24' title='bbox 3156 446 3309 513; x_wconf 79' lang='lat' dir='ltr'><strong>periit</strong></span> <span class='ocrx_word' id='word_1_25' title='bbox 3338 463 3456 500; x_wconf 82' lang='lat' dir='ltr'><strong>cum</strong></span> <span class='ocrx_word' id='word_1_26' title='bbox 3506 450 3590 501; x_wconf 78' lang='grc' dir='ltr'><strong>ξη-</strong></span> 
     </span>
    </p>
   </div>
   <div class='ocr_carea' id='block_1_6' title="bbox 346 534 1917 606">
    <p class='ocr_par' dir='ltr' id='par_1_6' title="bbox 346 534 1917 606">
     <span class='ocr_line' id='line_1_6' title="bbox 346 534 1917 606; baseline -0.001 -16"><span class='ocrx_word' id='word_1_27' title='bbox 346 535 731 600; x_wconf 70' lang='grc' dir='ltr'>ἇπειθήσασι,</span> <span class='ocrx_word' id='word_1_28' title='bbox 780 534 1080 603; x_wconf 75' lang='grc' dir='ltr'><strong>δεξαμένη</strong></span> <span class='ocrx_word' id='word_1_29' title='bbox 1137 537 1278 602; x_wconf 82' lang='grc' dir='ltr'>τοὺς</span> <span class='ocrx_word' id='word_1_30' title='bbox 1328 538 1759 603; x_wconf 80' lang='grc' dir='ltr'><strong>κατασκόπους</strong></span> <span class='ocrx_word' id='word_1_31' title='bbox 1787 537 1917 606; x_wconf 81' lang='grc' dir='ltr'>μετ’</span> 
     </span>
    </p>
   </div>
   <div class='ocr_carea' id='block_1_7' title="bbox 344 625 1916 698">
    <p class='ocr_par' dir='ltr' id='par_1_7' title="bbox 344 625 1916 698">
     <span class='ocr_line' id='line_1_7' title="bbox 344 625 1916 698; baseline -0.001 -16"><span class='ocrx_word' id='word_1_32' title='bbox 344 625 583 694; x_wconf 74' lang='grc' dir='ltr'>εἰρήνης</span> <span class='ocrx_word' id='word_1_33' title='bbox 603 627 670 680; x_wconf 78' lang='grc'><strong>⁸⁷.</strong></span> <span class='ocrx_word' id='word_1_34' title='bbox 727 625 880 691; x_wconf 74' lang='grc' dir='ltr'>Ἰδοὺ,</span> <span class='ocrx_word' id='word_1_35' title='bbox 910 626 1050 697; x_wconf 83' lang='grc' dir='ltr'>ὅπερ</span> <span class='ocrx_word' id='word_1_36' title='bbox 1093 627 1188 680; x_wconf 76' lang='grc' dir='ltr'><strong>καὶ</strong></span> <span class='ocrx_word' id='word_1_37' title='bbox 1217 628 1478 698; x_wconf 76' lang='grc' dir='ltr'><strong>ἀνωτέρω</strong></span> <span class='ocrx_word' id='word_1_38' title='bbox 1508 625 1687 691; x_wconf 78' lang='grc' dir='ltr'>εἷπον,</span> <span class='ocrx_word' id='word_1_39' title='bbox 1721 629 1916 698; x_wconf 81' lang='grc' dir='ltr'>ἀτιμό-</span> 
     </span>
    </p>
   </div>
   <div class='ocr_carea' id='block_1_8' title="bbox 343 718 1918 793">
    <p class='ocr_par' dir='ltr' id='par_1_8' title="bbox 343 718 1918 793">
     <span class='ocr_line' id='line_1_8' title="bbox 343 718 1918 793; baseline 0 -22"><span class='ocrx_word' id='word_1_40' title='bbox 343 736 505 772; x_wconf 89' lang='grc' dir='ltr'>τατον</span> <span class='ocrx_word' id='word_1_41' title='bbox 533 719 827 789; x_wconf 83' lang='grc' dir='ltr'>πρόσωπον</span> <span class='ocrx_word' id='word_1_42' title='bbox 868 718 1132 790; x_wconf 81' lang='grc' dir='ltr'><strong>παράγει,</strong></span> <span class='ocrx_word' id='word_1_43' title='bbox 1160 720 1249 773; x_wconf 80' lang='grc' dir='ltr'><strong>ἵνα</strong></span> <span class='ocrx_word' id='word_1_44' title='bbox 1282 720 1522 793; x_wconf 75' lang='grc' dir='ltr'>ὲντρέψῃ</span> <span class='ocrx_word' id='word_1_45' title='bbox 1558 721 1766 793; x_wconf 38' lang='grc' dir='ltr'>καὶ-διὰ</span> <span class='ocrx_word' id='word_1_46' title='bbox 1794 719 1918 772; x_wconf 81' lang='grc' dir='ltr'>τού-</span> 
     </span>
    </p>
   </div>
   <div class='ocr_carea' id='block_1_9' title="bbox 343 788 1919 883">
    <p class='ocr_par' dir='ltr' id='par_1_9' title="bbox 343 788 1919 883">
     <span class='ocr_line' id='line_1_9' title="bbox 343 788 1919 883; baseline 0 -19"><span class='ocrx_word' id='word_1_47' title='bbox 343 828 445 864; x_wconf 89' lang='grc' dir='ltr'><strong>του</strong></span> <span class='ocrx_word' id='word_1_48' title='bbox 496 813 608 878; x_wconf 80' lang='grc' dir='ltr'>εἴγε</span> <span class='ocrx_word' id='word_1_49' title='bbox 659 811 916 881; x_wconf 78' lang='grc' dir='ltr'><strong>τοιαύτης</strong></span> <span class='ocrx_word' id='word_1_50' title='bbox 964 812 1219 880; x_wconf 66' lang='grc' dir='ltr'>γυναικὸς</span> <span class='ocrx_word' id='word_1_51' title='bbox 1250 814 1447 883; x_wconf 74' lang='grc' dir='ltr'>ἥττους</span> <span class='ocrx_word' id='word_1_52' title='bbox 1489 788 1785 883; x_wconf 44' lang='grc' dir='ltr'>φαίνοιῖιτο,</span> <span class='ocrx_word' id='word_1_53' title='bbox 1826 813 1919 865; x_wconf 68' lang='grc' dir='ltr'><strong>καὶ⁸</strong></span> 
     </span>
    </p>
   </div>
   <div class='ocr_carea' id='block_1_10' title="bbox 342 902 1918 974">
    <p class='ocr_par' dir='ltr' id='par_1_10' title="bbox 342 902 1918 974">
     <span class='ocr_line' id='line_1_10' title="bbox 342 902 1918 974; baseline 0 -19"><span class='ocrx_word' id='word_1_54' title='bbox 342 906 460 971; x_wconf 74' lang='grc' dir='ltr'><strong>ἅμα</strong></span> <span class='ocrx_word' id='word_1_55' title='bbox 502 902 653 973; x_wconf 81' lang='grc' dir='ltr'><strong>δείξῃ</strong></span> <span class='ocrx_word' id='word_1_56' title='bbox 711 904 802 955; x_wconf 77' lang='grc' dir='ltr'>καὶ</span> <span class='ocrx_word' id='word_1_57' title='bbox 853 903 951 973; x_wconf 75' lang='grc' dir='ltr'>τὴν</span> <span class='ocrx_word' id='word_1_58' title='bbox 1012 903 1242 974; x_wconf 88' lang='grc' dir='ltr'>δύναμιν</span> <span class='ocrx_word' id='word_1_59' title='bbox 1272 905 1371 974; x_wconf 83' lang='grc' dir='ltr'>τῆς</span> <span class='ocrx_word' id='word_1_60' title='bbox 1397 904 1637 968; x_wconf 81' lang='grc' dir='ltr'>πίστεως</span> <span class='ocrx_word' id='word_1_61' title='bbox 1671 903 1918 974; x_wconf 79' lang='grc' dir='ltr'><strong>μεγάλην</strong></span> 
     </span>
    </p>
   </div>
   <div class='ocr_carea' id='block_1_11' title="bbox 340 988 1921 1062">
    <p class='ocr_par' dir='ltr' id='par_1_11' title="bbox 340 988 1921 1062">
     <span class='ocr_line' id='line_1_11' title="bbox 340 988 1921 1062; baseline 0 -17"><span class='ocrx_word' id='word_1_62' title='bbox 340 988 529 1057; x_wconf 70' lang='grc' dir='ltr'>οὖσαν,</span> <span class='ocrx_word' id='word_1_63' title='bbox 597 991 713 1059; x_wconf 72' lang='grc' dir='ltr'>εἴγε</span> <span class='ocrx_word' id='word_1_64' title='bbox 771 992 865 1045; x_wconf 80' lang='grc' dir='ltr'>καὶ</span> <span class='ocrx_word' id='word_1_65' title='bbox 895 992 953 1044; x_wconf 80' lang='grc' dir='ltr'>ὲν</span> <span class='ocrx_word' id='word_1_66' title='bbox 994 994 1111 1056; x_wconf 90' lang='grc' dir='ltr'>τοῖς</span> <span class='ocrx_word' id='word_1_67' title='bbox 1166 993 1638 1062; x_wconf 80' lang='grc' dir='ltr'>κατεγνωσμένοις</span> <span class='ocrx_word' id='word_1_68' title='bbox 1696 992 1921 1046; x_wconf 79' lang='grc' dir='ltr'>τοιαῦτα</span> 
     </span>
    </p>
   </div>
   <div class='ocr_carea' id='block_1_12' title="bbox 342 1082 1919 1153">
    <p class='ocr_par' dir='ltr' id='par_1_12' title="bbox 342 1082 1919 1153">
     <span class='ocr_line' id='line_1_12' title="bbox 342 1082 1919 1153; baseline -0.001 -17"><span class='ocrx_word' id='word_1_69' title='bbox 342 1084 624 1152; x_wconf 76' lang='grc' dir='ltr'><strong>κατορθοῖ.</strong></span> <span class='ocrx_word' id='word_1_70' title='bbox 660 1085 852 1136; x_wconf 88' lang='grc' dir='ltr'>Πίστιν</span> <span class='ocrx_word' id='word_1_71' title='bbox 895 1082 988 1137; x_wconf 81' lang='grc' dir='ltr'><strong>οὖν</strong></span> <span class='ocrx_word' id='word_1_72' title='bbox 1021 1082 1323 1148; x_wconf 68' lang='grc' dir='ltr'>ὶνεδείξατο</span> <span class='ocrx_word' id='word_1_73' title='bbox 1351 1084 1446 1137; x_wconf 70' lang='grc' dir='ltr'><strong>καὶ</strong></span> <span class='ocrx_word' id='word_1_74' title='bbox 1477 1082 1637 1152; x_wconf 77' lang='grc' dir='ltr'>αὕτη,</span> <span class='ocrx_word' id='word_1_75' title='bbox 1664 1082 1919 1153; x_wconf 70' lang='grc' dir='ltr'>κρύψασα</span> 
     </span>
    </p>
   </div>
   <div class='ocr_carea' id='block_1_13' title="bbox 341 1172 1919 1244">
    <p class='ocr_par' dir='ltr' id='par_1_13' title="bbox 341 1172 1919 1244">
     <span class='ocr_line' id='line_1_13' title="bbox 341 1172 1919 1244; baseline -0.001 -19"><span class='ocrx_word' id='word_1_76' title='bbox 341 1175 466 1236; x_wconf 71' lang='grc' dir='ltr'>τοὺς</span> <span class='ocrx_word' id='word_1_77' title='bbox 500 1173 699 1244; x_wconf 83' lang='grc' dir='ltr'>ἄνδρας</span> <span class='ocrx_word' id='word_1_78' title='bbox 748 1172 1114 1243; x_wconf 76' lang='grc' dir='ltr'>ζητουμένους</span> <span class='ocrx_word' id='word_1_79' title='bbox 1154 1174 1229 1236; x_wconf 81' lang='grc' dir='ltr'>ὡς</span> <span class='ocrx_word' id='word_1_80' title='bbox 1277 1174 1678 1236; x_wconf 73' lang='grc' dir='ltr'><strong>κατασκόπους.</strong></span> <span class='ocrx_word' id='word_1_81' title='bbox 1706 1174 1820 1225; x_wconf 73' lang='grc' dir='ltr'>Οὐκ</span> <span class='ocrx_word' id='word_1_82' title='bbox 1852 1172 1919 1226; x_wconf 84' lang='grc' dir='ltr'><strong>ἂν</strong></span> 
     </span>
    </p>
   </div>
   <div class='ocr_carea' id='block_1_14' title="bbox 341 1265 1914 1339">
    <p class='ocr_par' dir='ltr' id='par_1_14' title="bbox 341 1265 1914 1339">
     <span class='ocr_line' id='line_1_14' title="bbox 341 1265 1914 1339; baseline -0.001 -20"><span class='ocrx_word' id='word_1_83' title='bbox 341 1268 398 1319; x_wconf 77' lang='grc' dir='ltr'><strong>δὲ</strong></span> <span class='ocrx_word' id='word_1_84' title='bbox 435 1266 692 1335; x_wconf 63' lang='grc' dir='ltr'>ἔκρυψεν,</span> <span class='ocrx_word' id='word_1_85' title='bbox 719 1267 769 1319; x_wconf 80' lang='grc' dir='ltr'><strong>εί</strong></span> <span class='ocrx_word' id='word_1_86' title='bbox 802 1265 878 1335; x_wconf 83' lang='grc' dir='ltr'>μὴ</span> <span class='ocrx_word' id='word_1_87' title='bbox 912 1265 1235 1319; x_wconf 78' lang='grc' dir='ltr'>ἐπίστευσεν</span> <span class='ocrx_word' id='word_1_88' title='bbox 1267 1267 1347 1319; x_wconf 83' lang='grc' dir='ltr'>ὅτι</span> <span class='ocrx_word' id='word_1_89' title='bbox 1383 1266 1650 1319; x_wconf 80' lang='grc' dir='ltr'>ἁλώσεται</span> <span class='ocrx_word' id='word_1_90' title='bbox 1677 1269 1710 1336; x_wconf 77' lang='grc' dir='ltr'><strong>ἡ</strong></span> <span class='ocrx_word' id='word_1_91' title='bbox 1740 1265 1914 1339; x_wconf 75' lang='grc' dir='ltr'>πόλις.</span> 
     </span>
    </p>
   </div>
   <div class='ocr_carea' id='block_1_15' title="bbox 345 1354 1919 1427">
    <p class='ocr_par' dir='ltr' id='par_1_15' title="bbox 345 1354 1919 1427">
     <span class='ocr_line' id='line_1_15' title="bbox 345 1354 1919 1427; baseline -0.003 -16"><span class='ocrx_word' id='word_1_92' title='bbox 345 1357 502 1411; x_wconf 59' lang='lat' dir='ltr'><strong>Odm:</strong></span> <span class='ocrx_word' id='word_1_93' title='bbox 540 1357 650 1427; x_wconf 80' lang='grc' dir='ltr'>γὰρ</span> <span class='ocrx_word' id='word_1_94' title='bbox 677 1357 783 1426; x_wconf 72' lang='grc' dir='ltr'><strong>ἔφη</strong></span> <span class='ocrx_word' id='word_1_95' title='bbox 818 1373 832 1387; x_wconf 86' lang='grc'><strong>·</strong></span> <span class='ocrx_word' id='word_1_96' title='bbox 875 1358 1220 1423; x_wconf 79' lang='grc' dir='ltr'><strong>Ἐπίσταμαι</strong></span> <span class='ocrx_word' id='word_1_97' title='bbox 1241 1356 1329 1409; x_wconf 85' lang='grc' dir='ltr'>ὅτι</span> <span class='ocrx_word' id='word_1_98' title='bbox 1359 1355 1637 1424; x_wconf 71' lang='grc' dir='ltr'>λήψεσθε</span> <span class='ocrx_word' id='word_1_99' title='bbox 1662 1354 1776 1422; x_wconf 79' lang='grc' dir='ltr'><strong>τὴν</strong></span> <span class='ocrx_word' id='word_1_100' title='bbox 1805 1354 1919 1425; x_wconf 83' lang='grc' dir='ltr'><strong>χώ-</strong></span> 
     </span>
    </p>
   </div>
   <div class='ocr_carea' id='block_1_16' title="bbox 342 1444 1919 1517">
    <p class='ocr_par' dir='ltr' id='par_1_16' title="bbox 342 1444 1919 1517">
     <span class='ocr_line' id='line_1_16' title="bbox 342 1444 1919 1517; baseline -0.003 -15"><span class='ocrx_word' id='word_1_101' title='bbox 342 1466 458 1515; x_wconf 72' lang='grc' dir='ltr'>(ιιν</span> <span class='ocrx_word' id='word_1_102' title='bbox 489 1449 715 1515; x_wconf 79' lang='grc' dir='ltr'>ταύτην</span> <span class='ocrx_word' id='word_1_103' title='bbox 737 1462 751 1475; x_wconf 84' lang='lat'><strong>&#39;</strong></span> <span class='ocrx_word' id='word_1_104' title='bbox 782 1448 1134 1515; x_wconf 76' lang='grc' dir='ltr'>ἠκούσαμεν</span> <span class='ocrx_word' id='word_1_105' title='bbox 1158 1449 1269 1517; x_wconf 77' lang='grc' dir='ltr'><strong>γὰρ</strong></span> <span class='ocrx_word' id='word_1_106' title='bbox 1294 1449 1367 1501; x_wconf 84' lang='grc' dir='ltr'>τὰ</span> <span class='ocrx_word' id='word_1_107' title='bbox 1392 1447 1533 1516; x_wconf 76' lang='grc' dir='ltr'>ἔργα</span> <span class='ocrx_word' id='word_1_108' title='bbox 1579 1445 1764 1514; x_wconf 80' lang='grc' dir='ltr'>ὑμῶν.</span> <span class='ocrx_word' id='word_1_109' title='bbox 1810 1444 1919 1499; x_wconf 75' lang='grc' dir='ltr'><strong>Καὶ</strong></span> 
     </span>
    </p>
   </div>
   <div class='ocr_carea' id='block_1_17' title="bbox 344 1539 1917 1609">
    <p class='ocr_par' dir='ltr' id='par_1_17' title="bbox 344 1539 1917 1609">
     <span class='ocr_line' id='line_1_17' title="bbox 344 1539 1917 1609; baseline 0.001 -19"><span class='ocrx_word' id='word_1_110' title='bbox 344 1539 486 1609; x_wconf 73' lang='grc' dir='ltr'>αὐτὴ</span> <span class='ocrx_word' id='word_1_111' title='bbox 542 1540 645 1609; x_wconf 81' lang='grc' dir='ltr'>μὲν</span> <span class='ocrx_word' id='word_1_112' title='bbox 696 1542 810 1602; x_wconf 82' lang='grc' dir='ltr'>τοῖς</span> <span class='ocrx_word' id='word_1_113' title='bbox 862 1540 1221 1594; x_wconf 74' lang='grc' dir='ltr'>ἀκουσθεῖσιν</span> <span class='ocrx_word' id='word_1_114' title='bbox 1271 1541 1623 1593; x_wconf 80' lang='grc' dir='ltr'>ὲπίστευσεν’</span> <span class='ocrx_word' id='word_1_115' title='bbox 1674 1539 1801 1592; x_wconf 72' lang='grc' dir='ltr'>οἶδὲ</span> <span class='ocrx_word' id='word_1_116' title='bbox 1841 1539 1917 1609; x_wconf 81' lang='grc' dir='ltr'>μὴ</span> 
     </span>
    </p>
   </div>
   <div class='ocr_carea' id='block_1_18' title="bbox 348 1630 1916 1702">
    <p class='ocr_par' dir='ltr' id='par_1_18' title="bbox 348 1630 1916 1702">
     <span class='ocr_line' id='line_1_18' title="bbox 348 1630 1916 1702; baseline 0.001 -19"><span class='ocrx_word' id='word_1_117' title='bbox 348 1632 740 1695; x_wconf 76' lang='grc' dir='ltr'>πιστεύσαντες</span> <span class='ocrx_word' id='word_1_118' title='bbox 770 1634 881 1696; x_wconf 85' lang='grc' dir='ltr'>τοῖς</span> <span class='ocrx_word' id='word_1_119' title='bbox 918 1633 1011 1685; x_wconf 74' lang='grc' dir='ltr'>τοῦ</span> <span class='ocrx_word' id='word_1_120' title='bbox 1062 1630 1198 1685; x_wconf 79' lang='grc' dir='ltr'>Θεοῦ</span> <span class='ocrx_word' id='word_1_121' title='bbox 1243 1632 1585 1702; x_wconf 78' lang='grc' dir='ltr'><strong>Θαυμασίοις,</strong></span> <span class='ocrx_word' id='word_1_122' title='bbox 1617 1630 1916 1684; x_wconf 85' lang='grc' dir='ltr'>ἀπώλοντο.</span> 
     </span>
    </p>
   </div>
   <div class='ocr_carea' id='block_1_19' title="bbox 420 1723 1919 1795">
    <p class='ocr_par' dir='ltr' id='par_1_19' title="bbox 420 1723 1919 1795">
     <span class='ocr_line' id='line_1_19' title="bbox 420 1723 1919 1795; baseline -0.002 -17"><span class='ocrx_word' id='word_1_123' title='bbox 420 1726 526 1779; x_wconf 81' lang='lat' dir='ltr'><strong>Kal</strong></span> <span class='ocrx_word' id='word_1_124' title='bbox 554 1725 611 1778; x_wconf 81' lang='grc' dir='ltr'><strong>τί</strong></span> <span class='ocrx_word' id='word_1_125' title='bbox 640 1724 727 1777; x_wconf 83' lang='grc' dir='ltr'>ἔτι</span> <span class='ocrx_word' id='word_1_126' title='bbox 780 1724 977 1795; x_wconf 65' lang='grc' dir='ltr'><strong>.1ἐ]·ω;</strong></span> <span class='ocrx_word' id='word_1_127' title='bbox 1013 1724 1340 1789; x_wconf 81' lang='grc' dir='ltr'>Καταλύσας</span> <span class='ocrx_word' id='word_1_128' title='bbox 1374 1724 1464 1776; x_wconf 74' lang='grc' dir='ltr'>τὸν</span> <span class='ocrx_word' id='word_1_129' title='bbox 1495 1723 1654 1792; x_wconf 84' lang='grc' dir='ltr'>λόγον</span> <span class='ocrx_word' id='word_1_130' title='bbox 1682 1724 1761 1786; x_wconf 89' lang='grc' dir='ltr'><strong>είς</strong></span> <span class='ocrx_word' id='word_1_131' title='bbox 1820 1723 1919 1794; x_wconf 77' lang='grc' dir='ltr'>τὴν</span> 
     </span>
    </p>
   </div>
   <div class='ocr_carea' id='block_1_20' title="bbox 2021 533 3588 605">
    <p class='ocr_par' dir='ltr' id='par_1_20' title="bbox 2021 533 3588 605">
     <span class='ocr_line' id='line_1_20' title="bbox 2021 533 3588 605; baseline 0.004 -19"><span class='ocrx_word' id='word_1_132' title='bbox 2021 533 2399 597; x_wconf 78' lang='lat' dir='ltr'><strong>obedienlibus.</strong></span> <span class='ocrx_word' id='word_1_133' title='bbox 2431 537 2692 605; x_wconf 70' lang='lat' dir='ltr'><strong>excipiens</strong></span> <span class='ocrx_word' id='word_1_134' title='bbox 2745 536 3105 604; x_wconf 75' lang='lat' dir='ltr'><strong>exploratores</strong></span> <span class='ocrx_word' id='word_1_135' title='bbox 3146 538 3201 590; x_wconf 86' lang='lat' dir='ltr'><strong>in</strong></span> <span class='ocrx_word' id='word_1_136' title='bbox 3253 553 3394 604; x_wconf 85' lang='lat' dir='ltr'><strong>pace.</strong></span> <span class='ocrx_word' id='word_1_137' title='bbox 3431 537 3588 602; x_wconf 87' lang='lat' dir='ltr'><strong>Ecce,</strong></span> 
     </span>
    </p>
   </div>
   <div class='ocr_carea' id='block_1_21' title="bbox 2021 624 3588 699">
    <p class='ocr_par' dir='ltr' id='par_1_21' title="bbox 2021 624 3588 699">
     <span class='ocr_line' id='line_1_21' title="bbox 2021 624 3588 699; baseline 0.005 -24"><span class='ocrx_word' id='word_1_138' title='bbox 2021 624 2167 691; x_wconf 84' lang='lat' dir='ltr'><strong>quod</strong></span> <span class='ocrx_word' id='word_1_139' title='bbox 2201 633 2253 678; x_wconf 88' lang='lat' dir='ltr'><strong>et</strong></span> <span class='ocrx_word' id='word_1_140' title='bbox 2286 639 2454 694; x_wconf 85' lang='lat' dir='ltr'><strong>supra</strong></span> <span class='ocrx_word' id='word_1_141' title='bbox 2485 625 2618 690; x_wconf 83' lang='lat' dir='ltr'><strong>dixi,</strong></span> <span class='ocrx_word' id='word_1_142' title='bbox 2654 626 3263 682; x_wconf 73' lang='lat' dir='ltr'><strong>contumeliosissimum</strong></span> <span class='ocrx_word' id='word_1_143' title='bbox 3300 644 3588 699; x_wconf 75' lang='lat' dir='ltr'><strong>personam</strong></span> 
     </span>
    </p>
   </div>
   <div class='ocr_carea' id='block_1_22' title="bbox 2022 713 3612 785">
    <p class='ocr_par' dir='ltr' id='par_1_22' title="bbox 2022 713 3612 785">
     <span class='ocr_line' id='line_1_22' title="bbox 2022 713 3612 785; baseline 0.008 -22"><span class='ocrx_word' id='word_1_144' title='bbox 2022 713 2294 782; x_wconf 77' lang='lat' dir='ltr'><strong>producit,</strong></span> <span class='ocrx_word' id='word_1_145' title='bbox 2334 725 2390 769; x_wconf 85' lang='grc' dir='ltr'><strong>ιιι</strong></span> <span class='ocrx_word' id='word_1_146' title='bbox 2439 714 2752 785; x_wconf 79' lang='lat' dir='ltr'><strong>pudeiaciat</strong></span> <span class='ocrx_word' id='word_1_147' title='bbox 2791 730 2885 771; x_wconf 83' lang='lat' dir='ltr'><strong>eos</strong></span> <span class='ocrx_word' id='word_1_148' title='bbox 2912 756 2927 781; x_wconf 88' lang='lat'><strong>,</strong></span> <span class='ocrx_word' id='word_1_149' title='bbox 2963 731 3085 770; x_wconf 90' lang='lat' dir='ltr'><strong>cum</strong></span> <span class='ocrx_word' id='word_1_150' title='bbox 3142 718 3232 771; x_wconf 84' lang='lat' dir='ltr'><strong>tali</strong></span> <span class='ocrx_word' id='word_1_151' title='bbox 3273 718 3612 776; x_wconf 80' lang='lat' dir='ltr'><strong>muliercula.</strong></span> 
     </span>
    </p>
   </div>
   <div class='ocr_carea' id='block_1_23' title="bbox 2025 804 3596 880">
    <p class='ocr_par' dir='ltr' id='par_1_23' title="bbox 2025 804 3596 880">
     <span class='ocr_line' id='line_1_23' title="bbox 2025 804 3596 880; baseline 0.004 -22"><span class='ocrx_word' id='word_1_152' title='bbox 2025 804 2315 860; x_wconf 76' lang='lat' dir='ltr'><strong>inferiores</strong></span> <span class='ocrx_word' id='word_1_153' title='bbox 2343 821 2462 861; x_wconf 90' lang='lat' dir='ltr'><strong>esse</strong></span> <span class='ocrx_word' id='word_1_154' title='bbox 2490 807 2800 874; x_wconf 81' lang='lat' dir='ltr'><strong>videantur,</strong></span> <span class='ocrx_word' id='word_1_155' title='bbox 2831 822 2896 861; x_wconf 89' lang='lat' dir='ltr'><strong>ac</strong></span> <span class='ocrx_word' id='word_1_156' title='bbox 2932 809 3095 863; x_wconf 90' lang='lat' dir='ltr'><strong>simul</strong></span> <span class='ocrx_word' id='word_1_157' title='bbox 3129 817 3187 862; x_wconf 87' lang='lat' dir='ltr'><strong>ut</strong></span> <span class='ocrx_word' id='word_1_158' title='bbox 3240 809 3363 864; x_wconf 91' lang='lat' dir='ltr'><strong>ﬁdei</strong></span> <span class='ocrx_word' id='word_1_159' title='bbox 3408 819 3596 880; x_wconf 86' lang='lat' dir='ltr'><strong>polen-</strong></span> 
     </span>
    </p>
   </div>
   <div class='ocr_carea' id='block_1_24' title="bbox 2022 896 3595 969">
    <p class='ocr_par' dir='ltr' id='par_1_24' title="bbox 2022 896 3595 969">
     <span class='ocr_line' id='line_1_24' title="bbox 2022 896 3595 969; baseline 0.004 -21"><span class='ocrx_word' id='word_1_160' title='bbox 2022 896 2153 949; x_wconf 88' lang='lat' dir='ltr'><strong>tiam</strong></span> <span class='ocrx_word' id='word_1_161' title='bbox 2206 913 2236 947; x_wconf 90' lang='lat' dir='ltr'><strong>n</strong></span> <span class='ocrx_word' id='word_1_162' title='bbox 2261 911 2456 965; x_wconf 84' lang='lat' dir='ltr'><strong>agnum</strong></span> <span class='ocrx_word' id='word_1_163' title='bbox 2490 912 2615 952; x_wconf 91' lang='lat' dir='ltr'><strong>esse</strong></span> <span class='ocrx_word' id='word_1_164' title='bbox 2644 899 2917 964; x_wconf 78' lang='lat' dir='ltr'><strong>ostendat,</strong></span> <span class='ocrx_word' id='word_1_165' title='bbox 2955 915 3079 953; x_wconf 91' lang='lat' dir='ltr'><strong>cum</strong></span> <span class='ocrx_word' id='word_1_166' title='bbox 3127 898 3209 952; x_wconf 76' lang='lat' dir='ltr'><strong>vel</strong></span> <span class='ocrx_word' id='word_1_167' title='bbox 3247 900 3299 952; x_wconf 92' lang='lat' dir='ltr'><strong>in</strong></span> <span class='ocrx_word' id='word_1_168' title='bbox 3348 901 3595 969; x_wconf 88' lang='lat' dir='ltr'><strong>reprobis</strong></span> 
     </span>
    </p>
   </div>
   <div class='ocr_carea' id='block_1_25' title="bbox 2023 986 3591 1059">
    <p class='ocr_par' dir='ltr' id='par_1_25' title="bbox 2023 986 3591 1059">
     <span class='ocr_line' id='line_1_25' title="bbox 2023 986 3591 1059; baseline 0.006 -22"><span class='ocrx_word' id='word_1_169' title='bbox 2023 986 2149 1038; x_wconf 77' lang='lat' dir='ltr'><strong>tulitt</strong></span> <span class='ocrx_word' id='word_1_170' title='bbox 2182 986 2400 1040; x_wconf 82' lang='lat' dir='ltr'><strong>eﬂiciat.</strong></span> <span class='ocrx_word' id='word_1_171' title='bbox 2424 986 2608 1042; x_wconf 83' lang='lat' dir='ltr'><strong>Fidem</strong></span> <span class='ocrx_word' id='word_1_172' title='bbox 2650 988 2817 1058; x_wconf 87' lang='lat' dir='ltr'><strong>igitur</strong></span> <span class='ocrx_word' id='word_1_173' title='bbox 2844 990 2960 1059; x_wconf 89' lang='lat' dir='ltr'><strong>ipsa</strong></span> <span class='ocrx_word' id='word_1_174' title='bbox 2991 990 3443 1056; x_wconf 82' lang='lat' dir='ltr'><strong>submonstravit,</strong></span> <span class='ocrx_word' id='word_1_175' title='bbox 3467 1007 3591 1047; x_wconf 89' lang='lat' dir='ltr'><strong>cum</strong></span> 
     </span>
    </p>
   </div>
   <div class='ocr_carea' id='block_1_26' title="bbox 2022 1076 3593 1152">
    <p class='ocr_par' dir='ltr' id='par_1_26' title="bbox 2022 1076 3593 1152">
     <span class='ocr_line' id='line_1_26' title="bbox 2022 1076 3593 1152; baseline 0.005 -24"><span class='ocrx_word' id='word_1_176' title='bbox 2022 1076 2249 1131; x_wconf 83' lang='lat' dir='ltr'><strong>abderet</strong></span> <span class='ocrx_word' id='word_1_177' title='bbox 2298 1078 2445 1133; x_wconf 69' lang='lat' dir='ltr'><strong>viros</strong></span> <span class='ocrx_word' id='word_1_178' title='bbox 2483 1079 2575 1149; x_wconf 90' lang='lat' dir='ltr'><strong>qui</strong></span> <span class='ocrx_word' id='word_1_179' title='bbox 2628 1081 3014 1149; x_wconf 63' lang='lat' dir='ltr'><strong>quaerebantur</strong></span> <span class='ocrx_word' id='word_1_180' title='bbox 3060 1097 3157 1136; x_wconf 88' lang='lat' dir='ltr'><strong>ceu</strong></span> <span class='ocrx_word' id='word_1_181' title='bbox 3198 1082 3593 1152; x_wconf 79' lang='lat' dir='ltr'><strong>exploratores.</strong></span> 
     </span>
    </p>
   </div>
   <div class='ocr_carea' id='block_1_27' title="bbox 2021 1168 3595 1240">
    <p class='ocr_par' dir='ltr' id='par_1_27' title="bbox 2021 1168 3595 1240">
     <span class='ocr_line' id='line_1_27' title="bbox 2021 1168 3595 1240; baseline 0.008 -18"><span class='ocrx_word' id='word_1_182' title='bbox 2021 1168 2137 1223; x_wconf 86' lang='lat' dir='ltr'><strong>Non</strong></span> <span class='ocrx_word' id='word_1_183' title='bbox 2168 1171 2501 1226; x_wconf 83' lang='lat' dir='ltr'><strong>occuluisset</strong></span> <span class='ocrx_word' id='word_1_184' title='bbox 2521 1183 2726 1237; x_wconf 88' lang='lat' dir='ltr'><strong>autem,</strong></span> <span class='ocrx_word' id='word_1_185' title='bbox 2766 1174 2869 1228; x_wconf 83' lang='lat' dir='ltr'><strong>nisi</strong></span> <span class='ocrx_word' id='word_1_186' title='bbox 2908 1174 3227 1230; x_wconf 83' lang='lat' dir='ltr'><strong>credidisset</strong></span> <span class='ocrx_word' id='word_1_187' title='bbox 3257 1176 3445 1231; x_wconf 87' lang='lat' dir='ltr'><strong>urbem</strong></span> <span class='ocrx_word' id='word_1_188' title='bbox 3474 1192 3595 1240; x_wconf 79' lang='lat' dir='ltr'><strong>esse</strong></span> 
     </span>
    </p>
   </div>
   <div class='ocr_carea' id='block_1_28' title="bbox 2023 1262 3594 1336">
    <p class='ocr_par' dir='ltr' id='par_1_28' title="bbox 2023 1262 3594 1336">
     <span class='ocr_line' id='line_1_28' title="bbox 2023 1262 3594 1336; baseline 0.003 -20"><span class='ocrx_word' id='word_1_189' title='bbox 2023 1262 2498 1332; x_wconf 84' lang='lat' dir='ltr'><strong>intercipiendam.</strong></span> <span class='ocrx_word' id='word_1_190' title='bbox 2535 1264 2626 1318; x_wconf 86' lang='lat' dir='ltr'><strong>Sic</strong></span> <span class='ocrx_word' id='word_1_191' title='bbox 2651 1266 2796 1319; x_wconf 89' lang='lat' dir='ltr'><strong>enim</strong></span> <span class='ocrx_word' id='word_1_192' title='bbox 2829 1265 2967 1319; x_wconf 81' lang='lat' dir='ltr'><strong>dixit</strong></span> <span class='ocrx_word' id='word_1_193' title='bbox 2996 1284 3007 1318; x_wconf 90' lang='lat'>:</span> <span class='ocrx_word' id='word_1_194' title='bbox 3061 1265 3399 1336; x_wconf 81' lang='lat' dir='ltr'><strong>Compertum</strong></span> <span class='ocrx_word' id='word_1_195' title='bbox 3430 1268 3594 1323; x_wconf 83' lang='lat' dir='ltr'><strong>habeo</strong></span> 
     </span>
    </p>
   </div>
   <div class='ocr_carea' id='block_1_29' title="bbox 2021 1354 3597 1427">
    <p class='ocr_par' dir='ltr' id='par_1_29' title="bbox 2021 1354 3597 1427">
     <span class='ocr_line' id='line_1_29' title="bbox 2021 1354 3597 1427; baseline 0.005 -23"><span class='ocrx_word' id='word_1_196' title='bbox 2021 1355 2161 1423; x_wconf 83' lang='lat' dir='ltr'><strong>quod</strong></span> <span class='ocrx_word' id='word_1_197' title='bbox 2214 1354 2435 1422; x_wconf 73' lang='lat' dir='ltr'><strong>capietis</strong></span> <span class='ocrx_word' id='word_1_198' title='bbox 2482 1356 2617 1409; x_wconf 76' lang='lat' dir='ltr'><strong>hunc</strong></span> <span class='ocrx_word' id='word_1_199' title='bbox 2661 1356 2876 1411; x_wconf 83' lang='lat' dir='ltr'><strong>locum:</strong></span> <span class='ocrx_word' id='word_1_200' title='bbox 2903 1357 3201 1412; x_wconf 81' lang='lat' dir='ltr'><strong>audivimus</strong></span> <span class='ocrx_word' id='word_1_201' title='bbox 3241 1359 3381 1412; x_wconf 84' lang='lat' dir='ltr'><strong>enim</strong></span> <span class='ocrx_word' id='word_1_202' title='bbox 3436 1375 3597 1427; x_wconf 82' lang='lat' dir='ltr'><strong>opera</strong></span> 
     </span>
    </p>
   </div>
   <div class='ocr_carea' id='block_1_30' title="bbox 2022 1446 3595 1520">
    <p class='ocr_par' dir='ltr' id='par_1_30' title="bbox 2022 1446 3595 1520">
     <span class='ocr_line' id='line_1_30' title="bbox 2022 1446 3595 1520; baseline 0.003 -20"><span class='ocrx_word' id='word_1_203' title='bbox 2022 1456 2214 1500; x_wconf 82' lang='lat' dir='ltr'><strong>vestra.</strong></span> <span class='ocrx_word' id='word_1_204' title='bbox 2251 1446 2314 1499; x_wconf 83' lang='lat' dir='ltr'><strong>Et</strong></span> <span class='ocrx_word' id='word_1_205' title='bbox 2350 1446 2468 1515; x_wconf 87' lang='lat' dir='ltr'><strong>ipsa</strong></span> <span class='ocrx_word' id='word_1_206' title='bbox 2512 1446 2734 1516; x_wconf 90' lang='lat' dir='ltr'><strong>quidem</strong></span> <span class='ocrx_word' id='word_1_207' title='bbox 2763 1449 2968 1505; x_wconf 86' lang='lat' dir='ltr'><strong>auditis</strong></span> <span class='ocrx_word' id='word_1_208' title='bbox 3018 1450 3252 1505; x_wconf 85' lang='lat' dir='ltr'><strong>credidit</strong></span> <span class='ocrx_word' id='word_1_209' title='bbox 3288 1467 3302 1505; x_wconf 91' lang='lat'><strong>:</strong></span> <span class='ocrx_word' id='word_1_210' title='bbox 3335 1452 3428 1520; x_wconf 91' lang='lat' dir='ltr'><strong>qui</strong></span> <span class='ocrx_word' id='word_1_211' title='bbox 3466 1466 3595 1505; x_wconf 84' lang='lat' dir='ltr'><strong>vero</strong></span> 
     </span>
    </p>
   </div>
   <div class='ocr_carea' id='block_1_31' title="bbox 2023 1538 3594 1611">
    <p class='ocr_par' dir='ltr' id='par_1_31' title="bbox 2023 1538 3594 1611">
     <span class='ocr_line' id='line_1_31' title="bbox 2023 1538 3594 1611; baseline 0.004 -20"><span class='ocrx_word' id='word_1_212' title='bbox 2023 1538 2118 1593; x_wconf 87' lang='lat' dir='ltr'><strong>Dei</strong></span> <span class='ocrx_word' id='word_1_213' title='bbox 2152 1538 2419 1595; x_wconf 86' lang='lat' dir='ltr'><strong>mirandis</strong></span> <span class='ocrx_word' id='word_1_214' title='bbox 2452 1541 2616 1596; x_wconf 86' lang='lat' dir='ltr'><strong>rebus</strong></span> <span class='ocrx_word' id='word_1_215' title='bbox 2660 1544 2829 1611; x_wconf 80' lang='lat' dir='ltr'><strong>gestis</strong></span> <span class='ocrx_word' id='word_1_216' title='bbox 2867 1557 2974 1596; x_wconf 91' lang='lat' dir='ltr'><strong>non</strong></span> <span class='ocrx_word' id='word_1_217' title='bbox 3011 1543 3381 1597; x_wconf 86' lang='lat' dir='ltr'><strong>adhibuerunt</strong></span> <span class='ocrx_word' id='word_1_218' title='bbox 3411 1542 3594 1605; x_wconf 87' lang='lat' dir='ltr'><strong>ﬁdem,</strong></span> 
     </span>
    </p>
   </div>
   <div class='ocr_carea' id='block_1_32' title="bbox 2022 1631 2323 1702">
    <p class='ocr_par' dir='ltr' id='par_1_32' title="bbox 2022 1631 2323 1702">
     <span class='ocr_line' id='line_1_32' title="bbox 2022 1631 2323 1702; baseline 0.007 -17"><span class='ocrx_word' id='word_1_219' title='bbox 2022 1631 2323 1702; x_wconf 84' lang='lat' dir='ltr'><strong>perierunt.</strong></span> 
     </span>
    </p>
   </div>
   <div class='ocr_carea' id='block_1_33' title="bbox 2096 1720 3597 1795">
    <p class='ocr_par' dir='ltr' id='par_1_33' title="bbox 2096 1720 3597 1795">
     <span class='ocr_line' id='line_1_33' title="bbox 2096 1720 3597 1795; baseline 0.004 -22"><span class='ocrx_word' id='word_1_220' title='bbox 2096 1720 2261 1778; x_wconf 75' lang='lat' dir='ltr'><strong>Vens.</strong></span> <span class='ocrx_word' id='word_1_221' title='bbox 2313 1723 2403 1778; x_wconf 74' lang='lat'><strong>5‘2.</strong></span> <span class='ocrx_word' id='word_1_222' title='bbox 2454 1720 2659 1793; x_wconf 79' lang='lat' dir='ltr'><strong>Ecquid</strong></span> <span class='ocrx_word' id='word_1_223' title='bbox 2693 1722 2864 1775; x_wconf 81' lang='lat' dir='ltr'><strong>adhuc</strong></span> <span class='ocrx_word' id='word_1_224' title='bbox 2906 1724 3127 1778; x_wconf 82' lang='lat' dir='ltr'><strong>dicunt?</strong></span> <span class='ocrx_word' id='word_1_225' title='bbox 3155 1722 3453 1795; x_wconf 83' lang='lat' dir='ltr'><strong>Postquam</strong></span> <span class='ocrx_word' id='word_1_226' title='bbox 3477 1740 3597 1781; x_wconf 88' lang='lat' dir='ltr'><strong>ser-</strong></span> 
     </span>
    </p>
   </div>
   <div class='ocr_carea' id='block_1_34' title="bbox 348 1813 1925 1887">
    <p class='ocr_par' dir='ltr' id='par_1_34' title="bbox 348 1813 1919 1887">
     <span class='ocr_line' id='line_1_34' title="bbox 348 1813 1919 1887; baseline 0.001 -21"><span class='ocrx_word' id='word_1_227' title='bbox 348 1815 577 1884; x_wconf 82' lang='grc' dir='ltr'><strong>πόρνην,</strong></span> <span class='ocrx_word' id='word_1_228' title='bbox 611 1817 706 1868; x_wconf 82' lang='grc' dir='ltr'>καὶ</span> <span class='ocrx_word' id='word_1_229' title='bbox 752 1815 951 1880; x_wconf 85' lang='grc' dir='ltr'>ίκανῶς</span> <span class='ocrx_word' id='word_1_230' title='bbox 976 1817 1307 1887; x_wconf 83' lang='grc' dir='ltr'>δυσωπήσας</span> <span class='ocrx_word' id='word_1_231' title='bbox 1334 1817 1531 1876; x_wconf 73' lang='grc' dir='ltr'>αὖτοὺς</span> <span class='ocrx_word' id='word_1_232' title='bbox 1561 1816 1669 1870; x_wconf 78' lang='grc' dir='ltr'><strong>ἀπὸ</strong></span> <span class='ocrx_word' id='word_1_233' title='bbox 1698 1816 1796 1885; x_wconf 80' lang='grc' dir='ltr'>τῆς</span> <span class='ocrx_word' id='word_1_234' title='bbox 1824 1813 1919 1867; x_wconf 78' lang='grc' dir='ltr'>τοῦ</span> 
     </span>
    </p>
   </div>
   <div class='ocr_carea' id='block_1_35' title="bbox 2029 1813 3597 1887">
    <p class='ocr_par' dir='ltr' id='par_1_35' title="bbox 2029 1814 3597 1878">
     <span class='ocr_line' id='line_1_35' title="bbox 2029 1814 3597 1878; baseline 0.003 -9"><span class='ocrx_word' id='word_1_235' title='bbox 2029 1829 2240 1869; x_wconf 82' lang='lat' dir='ltr'><strong>munem</strong></span> <span class='ocrx_word' id='word_1_236' title='bbox 2268 1815 2323 1869; x_wconf 92' lang='lat' dir='ltr'><strong>in</strong></span> <span class='ocrx_word' id='word_1_237' title='bbox 2351 1814 2693 1869; x_wconf 86' lang='lat' dir='ltr'><strong>meretricem</strong></span> <span class='ocrx_word' id='word_1_238' title='bbox 2729 1815 2981 1878; x_wconf 85' lang='lat' dir='ltr'><strong>tiniisset,</strong></span> <span class='ocrx_word' id='word_1_239' title='bbox 3024 1829 3088 1870; x_wconf 89' lang='lat' dir='ltr'><strong>ac</strong></span> <span class='ocrx_word' id='word_1_240' title='bbox 3117 1816 3332 1871; x_wconf 84' lang='lat' dir='ltr'><strong>abunde</strong></span> <span class='ocrx_word' id='word_1_241' title='bbox 3356 1817 3492 1872; x_wconf 85' lang='lat' dir='ltr'><strong>satis</strong></span> <span class='ocrx_word' id='word_1_242' title='bbox 3514 1818 3597 1873; x_wconf 90' lang='lat' dir='ltr'><strong>eis</strong></span> 
     </span>
    </p>
   </div>
   <div class='ocr_carea' id='block_1_36' title="bbox 346 1906 1922 1980">
    <p class='ocr_par' dir='ltr' id='par_1_36' title="bbox 346 1906 1922 1980">
     <span class='ocr_line' id='line_1_36' title="bbox 346 1906 1922 1980; baseline 0.001 -22"><span class='ocrx_word' id='word_1_243' title='bbox 346 1906 644 1978; x_wconf 84' lang='grc' dir='ltr'>προσώπου</span> <span class='ocrx_word' id='word_1_244' title='bbox 700 1910 1007 1978; x_wconf 76' lang='grc' dir='ltr'>ποιότητος,</span> <span class='ocrx_word' id='word_1_245' title='bbox 1044 1910 1234 1963; x_wconf 79' lang='grc' dir='ltr'>λοιπὸν</span> <span class='ocrx_word' id='word_1_246' title='bbox 1278 1909 1577 1979; x_wconf 79' lang='grc' dir='ltr'>συντομίας</span> <span class='ocrx_word' id='word_1_247' title='bbox 1597 1908 1758 1980; x_wconf 80' lang='grc' dir='ltr'>χάριν</span> <span class='ocrx_word' id='word_1_248' title='bbox 1779 1908 1922 1961; x_wconf 86' lang='grc' dir='ltr'><strong>κατά</strong></span> 
     </span>
    </p>
   </div>
   <div class='ocr_carea' id='block_1_37' title="bbox 352 1997 1920 2072">
    <p class='ocr_par' dir='ltr' id='par_1_37' title="bbox 352 1997 1920 2072">
     <span class='ocr_line' id='line_1_37' title="bbox 352 1997 1920 2072; baseline -0.001 -21"><span class='ocrx_word' id='word_1_249' title='bbox 352 1998 516 2069; x_wconf 81' lang='grc' dir='ltr'>μέρος</span> <span class='ocrx_word' id='word_1_250' title='bbox 535 1999 635 2069; x_wconf 73' lang='grc' dir='ltr'><strong>μὲν</strong></span> <span class='ocrx_word' id='word_1_251' title='bbox 664 2000 830 2053; x_wconf 78' lang='grc' dir='ltr'>πᾶσιν</span> <span class='ocrx_word' id='word_1_252' title='bbox 850 1999 951 2055; x_wconf 77' lang='grc' dir='ltr'>οὔκ</span> <span class='ocrx_word' id='word_1_253' title='bbox 978 2000 1357 2072; x_wconf 78' lang='grc' dir='ltr'>ἐπεξέρχεται,</span> <span class='ocrx_word' id='word_1_254' title='bbox 1392 1999 1479 2052; x_wconf 81' lang='grc' dir='ltr'>ἵνα</span> <span class='ocrx_word' id='word_1_255' title='bbox 1511 1998 1588 2071; x_wconf 81' lang='grc' dir='ltr'>μὴ</span> <span class='ocrx_word' id='word_1_256' title='bbox 1616 1997 1920 2068; x_wconf 82' lang='grc' dir='ltr'>ἀπειρόκα-</span> 
     </span>
    </p>
   </div>
   <div class='ocr_carea' id='block_1_38' title="bbox 347 2087 1920 2164">
    <p class='ocr_par' dir='ltr' id='par_1_38' title="bbox 347 2087 1920 2164">
     <span class='ocr_line' id='line_1_38' title="bbox 347 2087 1920 2164; baseline -0.002 -20"><span class='ocrx_word' id='word_1_257' title='bbox 347 2092 439 2155; x_wconf 80' lang='grc' dir='ltr'><strong>λος</strong></span> <span class='ocrx_word' id='word_1_258' title='bbox 473 2090 604 2164; x_wconf 79' lang='grc' dir='ltr'><strong>δόξῃ</strong></span> <span class='ocrx_word' id='word_1_259' title='bbox 631 2107 643 2122; x_wconf 89' lang='grc'><strong>·</strong></span> <span class='ocrx_word' id='word_1_260' title='bbox 675 2091 814 2162; x_wconf 74' lang='grc' dir='ltr'>πλὴν</span> <span class='ocrx_word' id='word_1_261' title='bbox 840 2090 963 2145; x_wconf 69' lang='grc' dir='ltr'>οὔτε</span> <span class='ocrx_word' id='word_1_262' title='bbox 997 2093 1172 2161; x_wconf 87' lang='grc' dir='ltr'>πάντη</span> <span class='ocrx_word' id='word_1_263' title='bbox 1215 2092 1529 2162; x_wconf 80' lang='grc' dir='ltr'>ἀποσιωπᾷ,</span> <span class='ocrx_word' id='word_1_264' title='bbox 1581 2088 1719 2143; x_wconf 80' lang='grc' dir='ltr'>ἀλλὰ</span> <span class='ocrx_word' id='word_1_265' title='bbox 1747 2087 1920 2142; x_wconf 80' lang='grc' dir='ltr'>δοκῶν</span> 
     </span>
    </p>
   </div>
   <div class='ocr_carea' id='block_1_39' title="bbox 353 2179 1920 2254">
    <p class='ocr_par' dir='ltr' id='par_1_39' title="bbox 353 2179 1920 2254">
     <span class='ocr_line' id='line_1_39' title="bbox 353 2179 1920 2254; baseline -0.002 -18"><span class='ocrx_word' id='word_1_266' title='bbox 353 2185 736 2254; x_wconf 68' lang='grc' dir='ltr'>παραλείπειν,</span> <span class='ocrx_word' id='word_1_267' title='bbox 782 2188 842 2238; x_wconf 80' lang='grc' dir='ltr'>οὐ</span> <span class='ocrx_word' id='word_1_268' title='bbox 874 2184 1244 2253; x_wconf 82' lang='grc' dir='ltr'>παραλείπει·</span> <span class='ocrx_word' id='word_1_269' title='bbox 1296 2182 1390 2236; x_wconf 76' lang='grc' dir='ltr'>καὶ</span> <span class='ocrx_word' id='word_1_270' title='bbox 1442 2180 1615 2243; x_wconf 73' lang='grc' dir='ltr'>οὕτως</span> <span class='ocrx_word' id='word_1_271' title='bbox 1669 2179 1792 2232; x_wconf 75' lang='grc' dir='ltr'>οὔτε</span> <span class='ocrx_word' id='word_1_272' title='bbox 1827 2179 1920 2233; x_wconf 85' lang='grc' dir='ltr'>τδν</span> 
     </span>
    </p>
   </div>
   <div class='ocr_carea' id='block_1_40' title="bbox 351 2272 1921 2348">
    <p class='ocr_par' dir='ltr' id='par_1_40' title="bbox 351 2272 1921 2348">
     <span class='ocr_line' id='line_1_40' title="bbox 351 2272 1921 2348; baseline -0.003 -20"><span class='ocrx_word' id='word_1_273' title='bbox 351 2278 629 2347; x_wconf 78' lang='grc' dir='ltr'>ἀκροατὴν</span> <span class='ocrx_word' id='word_1_274' title='bbox 675 2278 984 2339; x_wconf 88' lang='grc' dir='ltr'>ἀποκναίει,</span> <span class='ocrx_word' id='word_1_275' title='bbox 1015 2278 1108 2331; x_wconf 76' lang='grc' dir='ltr'><strong>καὶ</strong></span> <span class='ocrx_word' id='word_1_276' title='bbox 1136 2276 1288 2329; x_wconf 76' lang='grc' dir='ltr'>οὐδὲν</span> <span class='ocrx_word' id='word_1_277' title='bbox 1315 2272 1477 2348; x_wconf 85' lang='grc' dir='ltr'>ἦττον</span> <span class='ocrx_word' id='word_1_278' title='bbox 1519 2272 1921 2335; x_wconf 70' lang='grc' dir='ltr'>κατασκευάζει</span> 
     </span>
    </p>
   </div>
   <div class='ocr_carea' id='block_1_41' title="bbox 351 2368 1107 2440">
    <p class='ocr_par' dir='ltr' id='par_1_41' title="bbox 351 2368 1107 2440">
     <span class='ocr_line' id='line_1_41' title="bbox 351 2368 1107 2440; baseline 0 -18"><span class='ocrx_word' id='word_1_279' title='bbox 351 2369 440 2423; x_wconf 75' lang='grc' dir='ltr'><strong>διὰ</strong></span> <span class='ocrx_word' id='word_1_280' title='bbox 468 2368 733 2423; x_wconf 71' lang='grc' dir='ltr'>πλειόνων</span> <span class='ocrx_word' id='word_1_281' title='bbox 778 2368 807 2423; x_wconf 78' lang='grc' dir='ltr'><strong>ὃ</strong></span> <span class='ocrx_word' id='word_1_282' title='bbox 839 2369 1107 2440; x_wconf 83' lang='grc' dir='ltr'>βούλεται.</span> 
     </span>
    </p>
   </div>
   <div class='ocr_carea' id='block_1_42' title="bbox 432 2458 1920 2531">
    <p class='ocr_par' dir='ltr' id='par_1_42' title="bbox 432 2458 1920 2531">
     <span class='ocr_line' id='line_1_42' title="bbox 432 2458 1920 2531; baseline -0.003 -15"><span class='ocrx_word' id='word_1_283' title='bbox 432 2463 766 2530; x_wconf 70' lang='grc' dir='ltr'>Ἔπιλείψει</span> <span class='ocrx_word' id='word_1_284' title='bbox 846 2460 955 2531; x_wconf 77' lang='grc' dir='ltr'><strong>γάρ</strong></span> <span class='ocrx_word' id='word_1_285' title='bbox 1020 2477 1095 2530; x_wconf 75' lang='grc' dir='ltr'><strong>με</strong></span> <span class='ocrx_word' id='word_1_286' title='bbox 1156 2459 1551 2528; x_wconf 72' lang='grc' dir='ltr'>διηγούμενον</span> <span class='ocrx_word' id='word_1_287' title='bbox 1601 2461 1635 2513; x_wconf 87' lang='grc' dir='ltr'><em>ὁ</em></span> <span class='ocrx_word' id='word_1_288' title='bbox 1683 2458 1920 2527; x_wconf 80' lang='grc' dir='ltr'>χρόνος.</span> 
     </span>
    </p>
   </div>
   <div class='ocr_carea' id='block_1_43' title="bbox 353 2550 1925 2623">
    <p class='ocr_par' dir='ltr' id='par_1_43' title="bbox 353 2550 1925 2623">
     <span class='ocr_line' id='line_1_43' title="bbox 353 2550 1925 2623; baseline -0.003 -16"><span class='ocrx_word' id='word_1_289' title='bbox 353 2557 543 2618; x_wconf 80' lang='grc' dir='ltr'>1]οῖο;;</span> <span class='ocrx_word' id='word_1_290' title='bbox 585 2553 615 2621; x_wconf 79' lang='grc' dir='ltr'><strong>ἢ</strong></span> <span class='ocrx_word' id='word_1_291' title='bbox 649 2555 675 2605; x_wconf 82' lang='grc' dir='ltr'>ὁ</span> <span class='ocrx_word' id='word_1_292' title='bbox 710 2557 818 2608; x_wconf 78' lang='grc' dir='ltr'>πᾶς</span> <span class='ocrx_word' id='word_1_293' title='bbox 850 2570 863 2582; x_wconf 90' lang='grc'><strong>·</strong></span> <span class='ocrx_word' id='word_1_294' title='bbox 904 2552 1186 2623; x_wconf 78' lang='grc' dir='ltr'>εἷρηταιδὲ</span> <span class='ocrx_word' id='word_1_295' title='bbox 1220 2570 1397 2612; x_wconf 85' lang='grc' dir='ltr'>τουτο.</span> <span class='ocrx_word' id='word_1_296' title='bbox 1427 2553 1502 2615; x_wconf 85' lang='grc' dir='ltr'>ὡς</span> <span class='ocrx_word' id='word_1_297' title='bbox 1528 2550 1756 2621; x_wconf 82' lang='grc' dir='ltr'>σύνηθες</span> <span class='ocrx_word' id='word_1_298' title='bbox 1793 2550 1925 2620; x_wconf 69' lang='grc' dir='ltr'>ημῖν</span> 
     </span>
    </p>
   </div>
   <div class='ocr_carea' id='block_1_44' title="bbox 348 2643 1921 2735">
    <p class='ocr_par' dir='ltr' id='par_1_44' title="bbox 348 2643 1921 2735">
     <span class='ocr_line' id='line_1_44' title="bbox 348 2643 1921 2735; baseline -0.003 -35"><span class='ocrx_word' id='word_1_299' title='bbox 348 2646 551 2735; x_wconf 60' lang='grc' dir='ltr'>λέγειν,</span> <span class='ocrx_word' id='word_1_300' title='bbox 579 2643 952 2715; x_wconf 75' lang='grc' dir='ltr'>ὑπερϐολικῶς</span> <span class='ocrx_word' id='word_1_301' title='bbox 981 2664 995 2679; x_wconf 86' lang='grc'><strong>·</strong></span> <span class='ocrx_word' id='word_1_302' title='bbox 1032 2644 1065 2715; x_wconf 77' lang='grc' dir='ltr'><strong>ἢ</strong></span> <span class='ocrx_word' id='word_1_303' title='bbox 1100 2646 1127 2697; x_wconf 87' lang='grc' dir='ltr'>ὁ</span> <span class='ocrx_word' id='word_1_304' title='bbox 1157 2646 1222 2715; x_wconf 75' lang='grc' dir='ltr'>τῇ</span> <span class='ocrx_word' id='word_1_305' title='bbox 1267 2643 1553 2714; x_wconf 78' lang='grc' dir='ltr'>Ἐπιστολῇ</span> <span class='ocrx_word' id='word_1_306' title='bbox 1588 2643 1921 2713; x_wconf 79' lang='grc' dir='ltr'>σύμμετρος.</span> 
     </span>
    </p>
   </div>
   <div class='ocr_carea' id='block_1_45' title="bbox 424 2821 1927 2897">
    <p class='ocr_par' dir='ltr' id='par_1_45' title="bbox 424 2821 1927 2897">
     <span class='ocr_line' id='line_1_45' title="bbox 424 2821 1927 2897; baseline -0.005 -15"><span class='ocrx_word' id='word_1_307' title='bbox 424 2827 567 2897; x_wconf 74' lang='grc' dir='ltr'>Περὶ</span> <span class='ocrx_word' id='word_1_308' title='bbox 620 2827 875 2892; x_wconf 83' lang='grc' dir='ltr'>Γεδεὼν,</span> <span class='ocrx_word' id='word_1_309' title='bbox 931 2826 1134 2896; x_wconf 75' lang='grc' dir='ltr'>Βαράκ</span> <span class='ocrx_word' id='word_1_310' title='bbox 1186 2842 1272 2892; x_wconf 80' lang='grc' dir='ltr'><strong>τε,</strong></span> <span class='ocrx_word' id='word_1_311' title='bbox 1335 2825 1437 2880; x_wconf 84' lang='grc' dir='ltr'>καὶ</span> <span class='ocrx_word' id='word_1_312' title='bbox 1495 2823 1779 2893; x_wconf 72' lang='grc' dir='ltr'>Σαμψὼν,</span> <span class='ocrx_word' id='word_1_313' title='bbox 1828 2821 1927 2876; x_wconf 77' lang='grc' dir='ltr'>καὶ</span> 
     </span>
    </p>
   </div>
   <div class='ocr_carea' id='block_1_46' title="bbox 366 2916 1926 2990">
    <p class='ocr_par' dir='ltr' id='par_1_46' title="bbox 366 2916 1926 2990">
     <span class='ocr_line' id='line_1_46' title="bbox 366 2916 1926 2990; baseline -0.004 -15"><span class='ocrx_word' id='word_1_314' title='bbox 366 2919 617 2990; x_wconf 70' lang='grc' dir='ltr'>Ἰεφθάε,</span> <span class='ocrx_word' id='word_1_315' title='bbox 651 2920 827 2975; x_wconf 80' lang='grc' dir='ltr'><strong>Δαόίδ</strong></span> <span class='ocrx_word' id='word_1_316' title='bbox 844 2936 928 2987; x_wconf 80' lang='grc' dir='ltr'><strong>τε,</strong></span> <span class='ocrx_word' id='word_1_317' title='bbox 954 2919 1051 2973; x_wconf 74' lang='grc' dir='ltr'>καὶ</span> <span class='ocrx_word' id='word_1_318' title='bbox 1074 2917 1380 2989; x_wconf 78' lang='grc' dir='ltr'>Σαμουὴλ,</span> <span class='ocrx_word' id='word_1_319' title='bbox 1409 2918 1506 2971; x_wconf 77' lang='grc' dir='ltr'><strong>καί</strong></span> <span class='ocrx_word' id='word_1_320' title='bbox 1543 2916 1662 2970; x_wconf 82' lang='grc' dir='ltr'><strong>τῶν</strong></span> <span class='ocrx_word' id='word_1_321' title='bbox 1692 2930 1926 2985; x_wconf 72' lang='grc' dir='ltr'>προφη-</span> 
     </span>
    </p>
   </div>
   <div class='ocr_carea' id='block_1_47' title="bbox 352 3009 1925 3080">
    <p class='ocr_par' dir='ltr' id='par_1_47' title="bbox 352 3009 1925 3080">
     <span class='ocr_line' id='line_1_47' title="bbox 352 3009 1925 3080; baseline -0.004 -14"><span class='ocrx_word' id='word_1_322' title='bbox 352 3012 494 3066; x_wconf 79' lang='grc' dir='ltr'>τῶν.</span> <span class='ocrx_word' id='word_1_323' title='bbox 530 3012 759 3080; x_wconf 78' lang='grc' dir='ltr'>Ζητοῦσί</span> <span class='ocrx_word' id='word_1_324' title='bbox 802 3029 972 3076; x_wconf 85' lang='grc' dir='ltr'>τινες,</span> <span class='ocrx_word' id='word_1_325' title='bbox 1012 3010 1155 3074; x_wconf 89' lang='grc' dir='ltr'>τίνος</span> <span class='ocrx_word' id='word_1_326' title='bbox 1184 3011 1370 3063; x_wconf 73' lang='grc' dir='ltr'>ἕνεκεν</span> <span class='ocrx_word' id='word_1_327' title='bbox 1411 3009 1621 3078; x_wconf 82' lang='grc' dir='ltr'>Ἰεφθάε</span> <span class='ocrx_word' id='word_1_328' title='bbox 1649 3009 1745 3061; x_wconf 59' lang='grc' dir='ltr'>καὶ.</span> <span class='ocrx_word' id='word_1_329' title='bbox 1772 3009 1925 3077; x_wconf 82' lang='grc' dir='ltr'>Σαμ-</span> 
     </span>
    </p>
   </div>
   <div class='ocr_carea' id='block_1_48' title="bbox 351 3099 1923 3176">
    <p class='ocr_par' dir='ltr' id='par_1_48' title="bbox 351 3099 1923 3176">
     <span class='ocr_line' id='line_1_48' title="bbox 351 3099 1923 3176; baseline -0.004 -17"><span class='ocrx_word' id='word_1_330' title='bbox 351 3104 473 3173; x_wconf 70' lang='grc' dir='ltr'><strong>ψὼν</strong></span> <span class='ocrx_word' id='word_1_331' title='bbox 505 3106 602 3159; x_wconf 84' lang='grc' dir='ltr'>καὶ</span> <span class='ocrx_word' id='word_1_332' title='bbox 646 3104 838 3176; x_wconf 72' lang='grc' dir='ltr'>Βαράκ</span> <span class='ocrx_word' id='word_1_333' title='bbox 884 3104 1098 3173; x_wconf 82' lang='grc' dir='ltr'>τίθησιν</span> <span class='ocrx_word' id='word_1_334' title='bbox 1150 3102 1406 3159; x_wconf 78' lang='grc' dir='ltr'>ἐνταῦθα.</span> <span class='ocrx_word' id='word_1_335' title='bbox 1439 3103 1506 3154; x_wconf 86' lang='grc' dir='ltr'>Τί</span> <span class='ocrx_word' id='word_1_336' title='bbox 1548 3101 1769 3170; x_wconf 83' lang='grc' dir='ltr'>λέγεις;</span> <span class='ocrx_word' id='word_1_337' title='bbox 1807 3099 1923 3169; x_wconf 83' lang='grc' dir='ltr'>Τὴν</span> 
     </span>
    </p>
   </div>
   <div class='ocr_carea' id='block_1_49' title="bbox 354 3165 1996 3267">
    <p class='ocr_par' dir='ltr' id='par_1_49' title="bbox 354 3165 1996 3267">
     <span class='ocr_line' id='line_1_49' title="bbox 354 3165 1996 3267; baseline -0.005 -18"><span class='ocrx_word' id='word_1_338' title='bbox 354 3165 568 3267; x_wconf 69' lang='grc' dir='ltr'>πόρνην</span> <span class='ocrx_word' id='word_1_339' title='bbox 621 3165 756 3261; x_wconf 61' lang='grc' dir='ltr'>θεὶς,</span> <span class='ocrx_word' id='word_1_340' title='bbox 806 3165 1030 3258; x_wconf 74' lang='grc' dir='ltr'>τούτους</span> <span class='ocrx_word' id='word_1_341' title='bbox 1061 3194 1123 3246; x_wconf 81' lang='grc' dir='ltr'><strong>ού</strong></span> <span class='ocrx_word' id='word_1_342' title='bbox 1155 3192 1347 3263; x_wconf 86' lang='grc' dir='ltr'>θήσει;</span> <span class='ocrx_word' id='word_1_343' title='bbox 1406 3192 1500 3262; x_wconf 81' lang='grc' dir='ltr'><strong>Μὴ</strong></span> <span class='ocrx_word' id='word_1_344' title='bbox 1555 3165 1664 3263; x_wconf 71' lang='grc' dir='ltr'>γάρ</span> <span class='ocrx_word' id='word_1_345' title='bbox 1697 3207 1788 3261; x_wconf 91' lang='grc' dir='ltr'><strong>μοι</strong></span> <span class='ocrx_word' id='word_1_346' title='bbox 1833 3165 1926 3243; x_wconf 64' lang='grc' dir='ltr'><strong>τον</strong></span> <span class='ocrx_word' id='word_1_347' title='bbox 1953 3165 1996 3224; x_wconf 74' lang='lat' dir='ltr'>c</span> 
     </span>
    </p>
   </div>
   <div class='ocr_carea' id='block_1_50' title="bbox 352 3281 1925 3355">
    <p class='ocr_par' dir='ltr' id='par_1_50' title="bbox 352 3281 1925 3355">
     <span class='ocr_line' id='line_1_50' title="bbox 352 3281 1925 3355; baseline -0.004 -15"><span class='ocrx_word' id='word_1_348' title='bbox 352 3286 513 3340; x_wconf 79' lang='grc' dir='ltr'>ἄλλον</span> <span class='ocrx_word' id='word_1_349' title='bbox 537 3285 716 3339; x_wconf 83' lang='grc' dir='ltr'>αὐτῶν</span> <span class='ocrx_word' id='word_1_350' title='bbox 754 3283 928 3348; x_wconf 78' lang='grc' dir='ltr'>εἴποις</span> <span class='ocrx_word' id='word_1_351' title='bbox 960 3284 1095 3355; x_wconf 83' lang='grc' dir='ltr'>βίον,</span> <span class='ocrx_word' id='word_1_352' title='bbox 1128 3284 1244 3336; x_wconf 83' lang='grc' dir='ltr'>ἀλλ’</span> <span class='ocrx_word' id='word_1_353' title='bbox 1272 3285 1321 3337; x_wconf 86' lang='grc' dir='ltr'><strong>εί</strong></span> <span class='ocrx_word' id='word_1_354' title='bbox 1356 3284 1432 3354; x_wconf 82' lang='grc' dir='ltr'>μὴ</span> <span class='ocrx_word' id='word_1_355' title='bbox 1496 3281 1742 3353; x_wconf 71' lang='grc' dir='ltr'>ἔλαμψαν</span> <span class='ocrx_word' id='word_1_356' title='bbox 1766 3284 1825 3335; x_wconf 79' lang='grc' dir='ltr'>ὲν</span> <span class='ocrx_word' id='word_1_357' title='bbox 1856 3285 1925 3355; x_wconf 78' lang='grc' dir='ltr'>τῇ</span> 
     </span>
    </p>
   </div>
   <div class='ocr_carea' id='block_1_51' title="bbox 354 3372 1928 3446">
    <p class='ocr_par' dir='ltr' id='par_1_51' title="bbox 354 3372 1928 3446">
     <span class='ocr_line' id='line_1_51' title="bbox 354 3372 1928 3446; baseline -0.002 -18"><span class='ocrx_word' id='word_1_358' title='bbox 354 3376 555 3441; x_wconf 82' lang='grc' dir='ltr'>πίστει,</span> <span class='ocrx_word' id='word_1_359' title='bbox 608 3376 765 3428; x_wconf 81' lang='grc' dir='ltr'>τοῦτο</span> <span class='ocrx_word' id='word_1_360' title='bbox 811 3375 1025 3429; x_wconf 84' lang='grc' dir='ltr'>σκόπει.</span> <span class='ocrx_word' id='word_1_361' title='bbox 1059 3374 1133 3426; x_wconf 80' lang='grc' dir='ltr'><strong>Οὐ</strong></span> <span class='ocrx_word' id='word_1_362' title='bbox 1161 3372 1271 3446; x_wconf 75' lang='grc' dir='ltr'><strong>γάρ</strong></span> <span class='ocrx_word' id='word_1_363' title='bbox 1318 3373 1452 3444; x_wconf 85' lang='grc' dir='ltr'>βίων</span> <span class='ocrx_word' id='word_1_364' title='bbox 1487 3372 1734 3440; x_wconf 72' lang='grc' dir='ltr'>ἐξέτασιν</span> <span class='ocrx_word' id='word_1_365' title='bbox 1761 3375 1928 3426; x_wconf 86' lang='grc' dir='ltr'>ποιεῖ-</span> 
     </span>
    </p>
   </div>
   <div class='ocr_carea' id='block_1_52' title="bbox 350 3465 1168 3533">
    <p class='ocr_par' dir='ltr' id='par_1_52' title="bbox 350 3465 1168 3533">
     <span class='ocr_line' id='line_1_52' title="bbox 350 3465 1168 3533; baseline -0.004 -12"><span class='ocrx_word' id='word_1_366' title='bbox 350 3485 465 3533; x_wconf 90' lang='grc' dir='ltr'>ται,</span> <span class='ocrx_word' id='word_1_367' title='bbox 502 3467 640 3520; x_wconf 82' lang='grc' dir='ltr'>ἀλλὰ</span> <span class='ocrx_word' id='word_1_368' title='bbox 662 3465 897 3530; x_wconf 85' lang='grc' dir='ltr'>πίστεως</span> <span class='ocrx_word' id='word_1_369' title='bbox 921 3465 1168 3531; x_wconf 78' lang='grc' dir='ltr'>ἔνδειξιν.</span> 
     </span>
    </p>
   </div>
   <div class='ocr_carea' id='block_1_53' title="bbox 426 3556 1929 3626">
    <p class='ocr_par' dir='ltr' id='par_1_53' title="bbox 426 3556 1929 3626">
     <span class='ocr_line' id='line_1_53' title="bbox 426 3556 1929 3626; baseline -0.001 -13"><span class='ocrx_word' id='word_1_370' title='bbox 426 3558 494 3614; x_wconf 84' lang='grc' dir='ltr'><strong>οτ</strong></span> <span class='ocrx_word' id='word_1_371' title='bbox 519 3559 619 3612; x_wconf 82' lang='grc' dir='ltr'><strong>διὰ</strong></span> <span class='ocrx_word' id='word_1_372' title='bbox 661 3558 920 3625; x_wconf 76' lang='grc' dir='ltr'>πίστεως</span> <span class='ocrx_word' id='word_1_373' title='bbox 939 3556 1428 3626; x_wconf 75' lang='grc' dir='ltr'>κατηγωνίσαντο</span> <span class='ocrx_word' id='word_1_374' title='bbox 1471 3556 1819 3624; x_wconf 73' lang='grc' dir='ltr'>βασιλείας.</span> <span class='ocrx_word' id='word_1_375' title='bbox 1863 3558 1929 3611; x_wconf 73' lang='lat' dir='ltr'><strong>Oi</strong></span> 
     </span>
    </p>
   </div>
   <div class='ocr_carea' id='block_1_54' title="bbox 353 3650 866 3721">
    <p class='ocr_par' dir='ltr' id='par_1_54' title="bbox 353 3650 866 3721">
     <span class='ocr_line' id='line_1_54' title="bbox 353 3650 866 3721; baseline -0.002 -16"><span class='ocrx_word' id='word_1_376' title='bbox 353 3652 485 3721; x_wconf 75' lang='grc' dir='ltr'>περὶ</span> <span class='ocrx_word' id='word_1_377' title='bbox 516 3651 610 3705; x_wconf 75' lang='grc' dir='ltr'><strong>τὸν</strong></span> <span class='ocrx_word' id='word_1_378' title='bbox 639 3650 866 3704; x_wconf 82' lang='grc' dir='ltr'>Γεδεών.</span> 
     </span>
    </p>
   </div>
   <div class='ocr_carea' id='block_1_55' title="bbox 426 3729 1930 3810">
    <p class='ocr_par' dir='ltr' id='par_1_55' title="bbox 426 3729 1930 3810">
     <span class='ocr_line' id='line_1_55' title="bbox 426 3729 1930 3810; baseline -0.004 -14"><span class='ocrx_word' id='word_1_379' title='bbox 426 3739 800 3810; x_wconf 73' lang='grc' dir='ltr'>Είρτάσαντο</span> <span class='ocrx_word' id='word_1_380' title='bbox 851 3739 1269 3806; x_wconf 81' lang='grc' dir='ltr'>δικαιοσύνην.</span> <span class='ocrx_word' id='word_1_381' title='bbox 1324 3738 1522 3804; x_wconf 83' lang='grc' dir='ltr'>Τίνες;</span> <span class='ocrx_word' id='word_1_382' title='bbox 1577 3736 1737 3791; x_wconf 66' lang='grc' dir='ltr'>αὐτοὶ</span> <span class='ocrx_word' id='word_1_383' title='bbox 1782 3729 1930 3791; x_wconf 73' lang='grc' dir='ltr'>οὗτοι</span> 
     </span>
    </p>
   </div>
   <div class='ocr_carea' id='block_1_56' title="bbox 352 3826 1929 3902">
    <p class='ocr_par' dir='ltr' id='par_1_56' title="bbox 352 3826 1929 3902">
     <span class='ocr_line' id='line_1_56' title="bbox 352 3826 1929 3902; baseline -0.005 -15"><span class='ocrx_word' id='word_1_384' title='bbox 352 3834 452 3887; x_wconf 77' lang='grc' dir='ltr'>καὶ</span> <span class='ocrx_word' id='word_1_385' title='bbox 477 3836 506 3887; x_wconf 83' lang='grc' dir='ltr'><strong>ὁ</strong></span> <span class='ocrx_word' id='word_1_386' title='bbox 535 3832 797 3902; x_wconf 78' lang='grc' dir='ltr'>Σαμψών.</span> <span class='ocrx_word' id='word_1_387' title='bbox 826 3832 939 3885; x_wconf 78' lang='grc' dir='ltr'><strong>Καὶ</strong></span> <span class='ocrx_word' id='word_1_388' title='bbox 972 3832 1081 3900; x_wconf 81' lang='grc' dir='ltr'><strong>γὰρ</strong></span> <span class='ocrx_word' id='word_1_389' title='bbox 1102 3831 1229 3893; x_wconf 81' lang='grc' dir='ltr'>τοὺς</span> <span class='ocrx_word' id='word_1_390' title='bbox 1262 3828 1491 3899; x_wconf 79' lang='grc' dir='ltr'>ἐχθροὺς</span> <span class='ocrx_word' id='word_1_391' title='bbox 1515 3827 1623 3882; x_wconf 82' lang='grc' dir='ltr'><strong>τῶν</strong></span> <span class='ocrx_word' id='word_1_392' title='bbox 1646 3826 1929 3897; x_wconf 79' lang='grc' dir='ltr'>συγγενῶν</span> 
     </span>
    </p>
   </div>
   <div class='ocr_carea' id='block_1_57' title="bbox 353 3918 1933 3994">
    <p class='ocr_par' dir='ltr' id='par_1_57' title="bbox 353 3918 1933 3994">
     <span class='ocr_line' id='line_1_57' title="bbox 353 3918 1933 3994; baseline -0.004 -17"><span class='ocrx_word' id='word_1_393' title='bbox 353 3926 454 3977; x_wconf 81' lang='grc' dir='ltr'>καὶ</span> <span class='ocrx_word' id='word_1_394' title='bbox 504 3924 795 3993; x_wconf 83' lang='grc' dir='ltr'>ὁμοφύλων</span> <span class='ocrx_word' id='word_1_395' title='bbox 849 3921 1150 3994; x_wconf 74' lang='grc' dir='ltr'>ἠμύναντο,</span> <span class='ocrx_word' id='word_1_396' title='bbox 1178 3925 1292 3985; x_wconf 90' lang='grc' dir='ltr'>τοῖς</span> <span class='ocrx_word' id='word_1_397' title='bbox 1356 3922 1453 3991; x_wconf 78' lang='grc' dir='ltr'>μὲν</span> <span class='ocrx_word' id='word_1_398' title='bbox 1492 3919 1715 3983; x_wconf 83' lang='grc' dir='ltr'>οἰκείοις</span> <span class='ocrx_word' id='word_1_399' title='bbox 1744 3918 1933 3989; x_wconf 80' lang='grc' dir='ltr'>φιλάν-</span> 
     </span>
    </p>
   </div>
   <div class='ocr_carea' id='block_1_58' title="bbox 355 4009 1932 4084">
    <p class='ocr_par' dir='ltr' id='par_1_58' title="bbox 355 4009 1932 4084">
     <span class='ocr_line' id='line_1_58' title="bbox 355 4009 1932 4084; baseline -0.003 -17"><span class='ocrx_word' id='word_1_400' title='bbox 355 4015 386 4067; x_wconf 90' lang='grc' dir='ltr'><strong>θ</strong></span> <span class='ocrx_word' id='word_1_401' title='bbox 395 4030 569 4084; x_wconf 85' lang='grc' dir='ltr'>ρωποι</span> <span class='ocrx_word' id='word_1_402' title='bbox 635 4018 917 4082; x_wconf 78' lang='grc' dir='ltr'>φανέντες,</span> <span class='ocrx_word' id='word_1_403' title='bbox 950 4015 1066 4075; x_wconf 85' lang='grc' dir='ltr'>τοῖς</span> <span class='ocrx_word' id='word_1_404' title='bbox 1090 4013 1148 4066; x_wconf 78' lang='grc' dir='ltr'><strong>δὲ</strong></span> <span class='ocrx_word' id='word_1_405' title='bbox 1171 4011 1450 4065; x_wconf 81' lang='grc' dir='ltr'>ἀδικοῦσιν</span> <span class='ocrx_word' id='word_1_406' title='bbox 1473 4011 1689 4081; x_wconf 71' lang='grc' dir='ltr'>ἐχθροῖς</span> <span class='ocrx_word' id='word_1_407' title='bbox 1711 4009 1932 4076; x_wconf 76' lang='grc' dir='ltr'>ἐπεξελ-</span> 
     </span>
    </p>
   </div>
   <div class='ocr_carea' id='block_1_59' title="bbox 353 4100 1932 4172">
    <p class='ocr_par' dir='ltr' id='par_1_59' title="bbox 353 4100 1932 4172">
     <span class='ocr_line' id='line_1_59' title="bbox 353 4100 1932 4172; baseline -0.003 -16"><span class='ocrx_word' id='word_1_408' title='bbox 353 4103 562 4166; x_wconf 82' lang='grc' dir='ltr'>θόντες.</span> <span class='ocrx_word' id='word_1_409' title='bbox 604 4100 776 4156; x_wconf 83' lang='grc' dir='ltr'>Τοῦτο</span> <span class='ocrx_word' id='word_1_410' title='bbox 800 4102 857 4156; x_wconf 85' lang='grc' dir='ltr'><strong>δὲ</strong></span> <span class='ocrx_word' id='word_1_411' title='bbox 890 4100 1260 4172; x_wconf 80' lang='grc' dir='ltr'>δικαιοσύνης,</span> <span class='ocrx_word' id='word_1_412' title='bbox 1286 4101 1347 4155; x_wconf 74' lang='grc' dir='ltr'>τὸ</span> <span class='ocrx_word' id='word_1_413' title='bbox 1380 4101 1599 4170; x_wconf 75' lang='grc' dir='ltr'>ἑκάστῳ</span> <span class='ocrx_word' id='word_1_414' title='bbox 1636 4100 1932 4170; x_wconf 80' lang='grc' dir='ltr'>ἀπονέμειν</span> 
     </span>
    </p>
   </div>
   <div class='ocr_carea' id='block_1_60' title="bbox 350 4193 770 4260">
    <p class='ocr_par' dir='ltr' id='par_1_60' title="bbox 350 4193 770 4260">
     <span class='ocr_line' id='line_1_60' title="bbox 350 4193 770 4260; baseline 0.002 -13"><span class='ocrx_word' id='word_1_415' title='bbox 350 4193 420 4247; x_wconf 78' lang='grc' dir='ltr'>τὸ</span> <span class='ocrx_word' id='word_1_416' title='bbox 440 4194 560 4246; x_wconf 85' lang='grc' dir='ltr'>κατ’</span> <span class='ocrx_word' id='word_1_417' title='bbox 590 4193 770 4260; x_wconf 81' lang='grc' dir='ltr'>ἀξίαν.</span> 
     </span>
    </p>
   </div>
   <div class='ocr_carea' id='block_1_61' title="bbox 444 4277 1935 4354">
    <p class='ocr_par' dir='ltr' id='par_1_61' title="bbox 444 4277 1935 4354">
     <span class='ocr_line' id='line_1_61' title="bbox 444 4277 1935 4354; baseline -0.001 -15"><span class='ocrx_word' id='word_1_418' title='bbox 444 4285 780 4354; x_wconf 79' lang='grc' dir='ltr'>Ἐπέτυχον</span> <span class='ocrx_word' id='word_1_419' title='bbox 840 4284 1235 4354; x_wconf 71' lang='grc' dir='ltr'>ἐπαγγελιῶν.</span> <span class='ocrx_word' id='word_1_420' title='bbox 1271 4277 1396 4337; x_wconf 76' lang='grc' dir='ltr'>υἷον</span> <span class='ocrx_word' id='word_1_421' title='bbox 1419 4284 1447 4336; x_wconf 80' lang='grc' dir='ltr'><strong><em>ὁ</em></strong></span> <span class='ocrx_word' id='word_1_422' title='bbox 1470 4282 1654 4336; x_wconf 79' lang='grc' dir='ltr'>Δαϐίδ.</span> <span class='ocrx_word' id='word_1_423' title='bbox 1712 4284 1935 4351; x_wconf 79' lang='grc' dir='ltr'>Ὠμοσε</span> 
     </span>
    </p>
   </div>
   <div class='ocr_carea' id='block_1_62' title="bbox 351 4373 1929 4447">
    <p class='ocr_par' dir='ltr' id='par_1_62' title="bbox 351 4373 1929 4447">
     <span class='ocr_line' id='line_1_62' title="bbox 351 4373 1929 4447; baseline -0.001 -18"><span class='ocrx_word' id='word_1_424' title='bbox 351 4377 491 4446; x_wconf 82' lang='grc' dir='ltr'>γὰρ,</span> <span class='ocrx_word' id='word_1_425' title='bbox 515 4377 670 4447; x_wconf 75' lang='grc' dir='ltr'>φησὶ,</span> <span class='ocrx_word' id='word_1_426' title='bbox 703 4377 917 4444; x_wconf 81' lang='grc' dir='ltr'>Κύριος</span> <span class='ocrx_word' id='word_1_427' title='bbox 946 4375 1027 4441; x_wconf 86' lang='grc' dir='ltr'>τῷ</span> <span class='ocrx_word' id='word_1_428' title='bbox 1055 4377 1231 4430; x_wconf 76' lang='grc' dir='ltr'><strong>Δαόίδ</strong></span> <span class='ocrx_word' id='word_1_429' title='bbox 1254 4390 1269 4406; x_wconf 72' lang='grc'><strong>⁸</strong></span> <span class='ocrx_word' id='word_1_430' title='bbox 1309 4376 1404 4429; x_wconf 80' lang='grc' dir='ltr'>Ἐκ</span> <span class='ocrx_word' id='word_1_431' title='bbox 1426 4375 1660 4443; x_wconf 81' lang='grc' dir='ltr'>καρποῦ</span> <span class='ocrx_word' id='word_1_432' title='bbox 1680 4373 1787 4442; x_wconf 84' lang='grc' dir='ltr'>τῆς</span> <span class='ocrx_word' id='word_1_433' title='bbox 1808 4392 1929 4429; x_wconf 82' lang='grc' dir='ltr'>κοι-</span> 
     </span>
    </p>
   </div>
   <div class='ocr_carea' id='block_1_63' title="bbox 349 4464 1927 4536">
    <p class='ocr_par' dir='ltr' id='par_1_63' title="bbox 349 4464 1927 4536">
     <span class='ocr_line' id='line_1_63' title="bbox 349 4464 1927 4536; baseline 0.001 -19"><span class='ocrx_word' id='word_1_434' title='bbox 349 4465 494 4529; x_wconf 66' lang='grc' dir='ltr'>,ηας</span> <span class='ocrx_word' id='word_1_435' title='bbox 540 4472 661 4517; x_wconf 84' lang='grc' dir='ltr'><strong>σου</strong></span> <span class='ocrx_word' id='word_1_436' title='bbox 714 4464 972 4533; x_wconf 72' lang='grc' dir='ltr'>θήσομαι</span> <span class='ocrx_word' id='word_1_437' title='bbox 1024 4464 1125 4518; x_wconf 75' lang='grc' dir='ltr'><strong>ἐπὶ</strong></span> <span class='ocrx_word' id='word_1_438' title='bbox 1168 4464 1276 4519; x_wconf 81' lang='grc' dir='ltr'>τοῦ</span> <span class='ocrx_word' id='word_1_439' title='bbox 1336 4466 1557 4533; x_wconf 84' lang='grc' dir='ltr'>θρόνου</span> <span class='ocrx_word' id='word_1_440' title='bbox 1583 4481 1722 4520; x_wconf 83' lang='grc' dir='ltr'>σου.</span> <span class='ocrx_word' id='word_1_441' title='bbox 1751 4466 1927 4536; x_wconf 83' lang='grc' dir='ltr'>Ὅπερ</span> 
     </span>
    </p>
   </div>
   <div class='ocr_carea' id='block_1_64' title="bbox 348 4554 1929 4628">
    <p class='ocr_par' dir='ltr' id='par_1_64' title="bbox 348 4554 1929 4628">
     <span class='ocr_line' id='line_1_64' title="bbox 348 4554 1929 4628; baseline 0.001 -19"><span class='ocrx_word' id='word_1_442' title='bbox 348 4554 632 4625; x_wconf 75' lang='grc' dir='ltr'>αἰσθητῶς</span> <span class='ocrx_word' id='word_1_443' title='bbox 686 4555 786 4625; x_wconf 79' lang='grc' dir='ltr'>μὲν</span> <span class='ocrx_word' id='word_1_444' title='bbox 815 4556 893 4618; x_wconf 84' lang='grc' dir='ltr'>εἰς</span> <span class='ocrx_word' id='word_1_445' title='bbox 917 4554 1239 4627; x_wconf 84' lang='grc' dir='ltr'>Σολομῶντα</span> <span class='ocrx_word' id='word_1_446' title='bbox 1262 4556 1468 4628; x_wconf 70' lang='grc' dir='ltr'>ἀπίὸη,</span> <span class='ocrx_word' id='word_1_447' title='bbox 1507 4557 1712 4627; x_wconf 88' lang='grc' dir='ltr'>νοητῶς</span> <span class='ocrx_word' id='word_1_448' title='bbox 1737 4556 1817 4624; x_wconf 78' lang='grc' dir='ltr'><strong>δὲ,</strong></span> <span class='ocrx_word' id='word_1_449' title='bbox 1849 4558 1929 4620; x_wconf 84' lang='grc' dir='ltr'><strong>είς</strong></span> 
     </span>
    </p>
   </div>
   <div class='ocr_carea' id='block_1_65' title="bbox 350 4647 1932 4720">
    <p class='ocr_par' dir='ltr' id='par_1_65' title="bbox 350 4647 1932 4720">
     <span class='ocr_line' id='line_1_65' title="bbox 350 4647 1932 4720; baseline -0.002 -18"><span class='ocrx_word' id='word_1_450' title='bbox 350 4650 447 4702; x_wconf 78' lang='grc' dir='ltr'>τὸν</span> <span class='ocrx_word' id='word_1_451' title='bbox 475 4649 684 4719; x_wconf 78' lang='grc' dir='ltr'>Κύριον</span> <span class='ocrx_word' id='word_1_452' title='bbox 733 4647 942 4717; x_wconf 83' lang='grc' dir='ltr'>Ἰησοῦν</span> <span class='ocrx_word' id='word_1_453' title='bbox 963 4649 1056 4702; x_wconf 81' lang='grc' dir='ltr'>τὸν</span> <span class='ocrx_word' id='word_1_454' title='bbox 1082 4650 1252 4712; x_wconf 75' lang='grc' dir='ltr'>ὅντως</span> <span class='ocrx_word' id='word_1_455' title='bbox 1287 4650 1635 4719; x_wconf 87' lang='grc' dir='ltr'>Σολομῶντα,</span> <span class='ocrx_word' id='word_1_456' title='bbox 1661 4651 1751 4702; x_wconf 76' lang='grc' dir='ltr'><strong>τὸν</strong></span> <span class='ocrx_word' id='word_1_457' title='bbox 1781 4651 1932 4720; x_wconf 77' lang='grc' dir='ltr'>εἰρη-</span> 
     </span>
    </p>
   </div>
   <div class='ocr_carea' id='block_1_66' title="bbox 350 4737 1932 4811">
    <p class='ocr_par' dir='ltr' id='par_1_66' title="bbox 350 4737 1932 4811">
     <span class='ocr_line' id='line_1_66' title="bbox 350 4737 1932 4811; baseline 0.001 -20"><span class='ocrx_word' id='word_1_458' title='bbox 350 4737 527 4804; x_wconf 82' lang='grc' dir='ltr'>νικὸν,</span> <span class='ocrx_word' id='word_1_459' title='bbox 555 4739 650 4792; x_wconf 82' lang='grc' dir='ltr'><strong>τδν</strong></span> <span class='ocrx_word' id='word_1_460' title='bbox 671 4740 897 4810; x_wconf 79' lang='grc' dir='ltr'>εἰρήνην</span> <span class='ocrx_word' id='word_1_461' title='bbox 921 4739 1264 4811; x_wconf 85' lang='grc' dir='ltr'>αὐτόχρημα.</span> <span class='ocrx_word' id='word_1_462' title='bbox 1295 4739 1467 4792; x_wconf 81' lang='grc' dir='ltr'>Τοῦτο</span> <span class='ocrx_word' id='word_1_463' title='bbox 1493 4738 1602 4811; x_wconf 84' lang='grc' dir='ltr'>γάρ</span> <span class='ocrx_word' id='word_1_464' title='bbox 1633 4739 1932 4810; x_wconf 79' lang='grc' dir='ltr'>ἑρμηνεύε-</span> 
     </span>
    </p>
   </div>
   <div class='ocr_carea' id='block_1_67' title="bbox 351 4831 1571 4903">
    <p class='ocr_par' dir='ltr' id='par_1_67' title="bbox 351 4831 1571 4903">
     <span class='ocr_line' id='line_1_67' title="bbox 351 4831 1571 4903; baseline 0.002 -19"><span class='ocrx_word' id='word_1_465' title='bbox 351 4850 447 4885; x_wconf 86' lang='grc' dir='ltr'><strong>ται</strong></span> <span class='ocrx_word' id='word_1_466' title='bbox 483 4832 760 4903; x_wconf 85' lang='grc' dir='ltr'>Σολομῶν,</span> <span class='ocrx_word' id='word_1_467' title='bbox 789 4831 1083 4903; x_wconf 78' lang='grc' dir='ltr'>ιίρηνικός.</span> <span class='ocrx_word' id='word_1_468' title='bbox 1556 4842 1571 4855; x_wconf 81' lang='grc'><strong>⁸</strong></span> 
     </span>
    </p>
   </div>
   <div class='ocr_carea' id='block_1_68' title="bbox 434 4922 1931 4994">
    <p class='ocr_par' dir='ltr' id='par_1_68' title="bbox 434 4922 1931 4994">
     <span class='ocr_line' id='line_1_68' title="bbox 434 4922 1931 4994; baseline 0.001 -17"><span class='ocrx_word' id='word_1_469' title='bbox 434 4923 751 4993; x_wconf 70' lang='grc' dir='ltr'>Ἔφραξαν</span> <span class='ocrx_word' id='word_1_470' title='bbox 800 4924 1073 4992; x_wconf 84' lang='grc' dir='ltr'>στόματα</span> <span class='ocrx_word' id='word_1_471' title='bbox 1117 4923 1399 4979; x_wconf 65' lang='grc' dir='ltr'>λεόντων.</span> <span class='ocrx_word' id='word_1_472' title='bbox 1461 4923 1523 4977; x_wconf 84' lang='lat'><strong>&#39;0</strong></span> <span class='ocrx_word' id='word_1_473' title='bbox 1558 4922 1757 4994; x_wconf 79' lang='grc' dir='ltr'>Δανιὴλ</span> <span class='ocrx_word' id='word_1_474' title='bbox 1791 4926 1883 4978; x_wconf 68' lang='grc' dir='ltr'><strong>καὶ</strong></span> <span class='ocrx_word' id='word_1_475' title='bbox 1903 4926 1931 4978; x_wconf 85' lang='grc' dir='ltr'>ὁ</span> 
     </span>
    </p>
   </div>
   <div class='ocr_carea' id='block_1_69' title="bbox 355 5014 1267 5083">
    <p class='ocr_par' dir='ltr' id='par_1_69' title="bbox 355 5014 1267 5083">
     <span class='ocr_line' id='line_1_69' title="bbox 355 5014 1267 5083; baseline -0.007 -15"><span class='ocrx_word' id='word_1_476' title='bbox 355 5014 616 5083; x_wconf 77' lang='grc' dir='ltr'>Σαμψὼν.</span> <span class='ocrx_word' id='word_1_477' title='bbox 1258 5026 1267 5062; x_wconf 77' lang='grc' dir='ltr'><strong>ι</strong></span> 
     </span>
    </p>
   </div>
   <div class='ocr_carea' id='block_1_70' title="bbox 433 5107 1932 5177">
    <p class='ocr_par' dir='ltr' id='par_1_70' title="bbox 433 5107 1932 5177">
     <span class='ocr_line' id='line_1_70' title="bbox 433 5107 1932 5177; baseline 0.001 -17"><span class='ocrx_word' id='word_1_478' title='bbox 433 5108 740 5160; x_wconf 80' lang='grc' dir='ltr'>Ἐσόεσαν</span> <span class='ocrx_word' id='word_1_479' title='bbox 768 5107 1028 5176; x_wconf 77' lang='grc' dir='ltr'>δύναμιν</span> <span class='ocrx_word' id='word_1_480' title='bbox 1054 5107 1264 5175; x_wconf 80' lang='grc' dir='ltr'>πυρός.</span> <span class='ocrx_word' id='word_1_481' title='bbox 1297 5108 1360 5159; x_wconf 79' lang='lat' dir='ltr'><strong>Oi</strong></span> <span class='ocrx_word' id='word_1_482' title='bbox 1386 5108 1536 5177; x_wconf 84' lang='grc' dir='ltr'>τρεῖς</span> <span class='ocrx_word' id='word_1_483' title='bbox 1576 5107 1784 5171; x_wconf 86' lang='grc' dir='ltr'>παῖδες.</span> <span class='ocrx_word' id='word_1_484' title='bbox 1819 5108 1932 5162; x_wconf 81' lang='grc' dir='ltr'>Οὐκ</span> 
     </span>
    </p>
   </div>
   <div class='ocr_carea' id='block_1_71' title="bbox 355 5197 1930 5273">
    <p class='ocr_par' dir='ltr' id='par_1_71' title="bbox 355 5197 1930 5273">
     <span class='ocr_line' id='line_1_71' title="bbox 355 5197 1930 5273; baseline 0.001 -18"><span class='ocrx_word' id='word_1_485' title='bbox 355 5197 481 5260; x_wconf 64' lang='grc' dir='ltr'>εἷπε</span> <span class='ocrx_word' id='word_1_486' title='bbox 508 5202 584 5263; x_wconf 79' lang='grc' dir='ltr'><strong>δὲ.</strong></span> <span class='ocrx_word' id='word_1_487' title='bbox 620 5201 893 5256; x_wconf 74' lang='grc' dir='ltr'>Ἐσεεσαν</span> <span class='ocrx_word' id='word_1_488' title='bbox 914 5200 1047 5273; x_wconf 75' lang='grc' dir='ltr'>πῦρ,</span> <span class='ocrx_word' id='word_1_489' title='bbox 1068 5202 1223 5266; x_wconf 80' lang='grc' dir='ltr'>ἀλλὰ,</span> <span class='ocrx_word' id='word_1_490' title='bbox 1250 5203 1513 5269; x_wconf 82' lang='grc' dir='ltr'>Δύναμιν</span> <span class='ocrx_word' id='word_1_491' title='bbox 1540 5201 1753 5269; x_wconf 81' lang='grc' dir='ltr'>πυρὸς,</span> <span class='ocrx_word' id='word_1_492' title='bbox 1782 5203 1812 5254; x_wconf 76' lang='grc' dir='ltr'><strong>ὃ</strong></span> <span class='ocrx_word' id='word_1_493' title='bbox 1836 5204 1930 5256; x_wconf 75' lang='grc' dir='ltr'>καὶ</span> 
     </span>
    </p>
   </div>
   <div class='ocr_carea' id='block_1_72' title="bbox 355 5290 1932 5365">
    <p class='ocr_par' dir='ltr' id='par_1_72' title="bbox 355 5290 1932 5365">
     <span class='ocr_line' id='line_1_72' title="bbox 355 5290 1932 5365; baseline 0.001 -20"><span class='ocrx_word' id='word_1_494' title='bbox 355 5293 545 5364; x_wconf 74' lang='grc' dir='ltr'>μεῖζον</span> <span class='ocrx_word' id='word_1_495' title='bbox 571 5310 585 5323; x_wconf 78' lang='grc'><em>’</em></span> <span class='ocrx_word' id='word_1_496' title='bbox 617 5293 987 5361; x_wconf 73' lang='grc' dir='ltr'>ὶξαπτόμενον</span> <span class='ocrx_word' id='word_1_497' title='bbox 1030 5293 1160 5365; x_wconf 81' lang='grc' dir='ltr'>γὰρ,</span> <span class='ocrx_word' id='word_1_498' title='bbox 1199 5292 1337 5356; x_wconf 81' lang='grc' dir='ltr'>ὅλως</span> <span class='ocrx_word' id='word_1_499' title='bbox 1376 5291 1605 5364; x_wconf 86' lang='grc' dir='ltr'>δύναμιν</span> <span class='ocrx_word' id='word_1_500' title='bbox 1635 5292 1727 5347; x_wconf 84' lang='grc' dir='ltr'>τοῦ</span> <span class='ocrx_word' id='word_1_501' title='bbox 1758 5290 1932 5347; x_wconf 87' lang='grc' dir='ltr'>καίειν</span> 
     </span>
    </p>
   </div>
   <div class='ocr_carea' id='block_1_73' title="bbox 351 5381 1000 5457">
    <p class='ocr_par' dir='ltr' id='par_1_73' title="bbox 351 5381 1000 5457">
     <span class='ocr_line' id='line_1_73' title="bbox 351 5381 1000 5457; baseline -0.003 -17"><span class='ocrx_word' id='word_1_502' title='bbox 351 5387 461 5440; x_wconf 75' lang='grc' dir='ltr'><strong>οὐκ</strong></span> <span class='ocrx_word' id='word_1_503' title='bbox 487 5381 603 5457; x_wconf 72' lang='grc' dir='ltr'>εἷχε</span> <span class='ocrx_word' id='word_1_504' title='bbox 637 5385 769 5439; x_wconf 81' lang='grc' dir='ltr'>κατ’</span> <span class='ocrx_word' id='word_1_505' title='bbox 800 5385 1000 5440; x_wconf 81' lang='grc' dir='ltr'>αὐτῶν.</span> 
     </span>
    </p>
   </div>
   <div class='ocr_carea' id='block_1_74' title="bbox 429 5564 990 5630">
    <p class='ocr_par' dir='ltr' id='par_1_74' title="bbox 429 5564 990 5630">
     <span class='ocr_line' id='line_1_74' title="bbox 429 5564 990 5630; baseline 0 -14"><span class='ocrx_word' id='word_1_506' title='bbox 429 5565 478 5595; x_wconf 74' lang='grc'><strong><em>⁸³</em></strong></span> <span class='ocrx_word' id='word_1_507' title='bbox 503 5564 645 5620; x_wconf 86' lang='lat' dir='ltr'><strong>Psal.</strong></span> <span class='ocrx_word' id='word_1_508' title='bbox 681 5579 866 5630; x_wconf 61' lang='lat' dir='ltr'><strong>eam,</strong></span> <span class='ocrx_word' id='word_1_509' title='bbox 902 5564 990 5618; x_wconf 80' lang='grc' dir='ltr'><strong>Η.</strong></span> 
     </span>
    </p>
   </div>
   <div class='ocr_carea' id='block_1_75' title="bbox 2024 1906 3598 1980">
    <p class='ocr_par' dir='ltr' id='par_1_75' title="bbox 2024 1906 3598 1980">
     <span class='ocr_line' id='line_1_75' title="bbox 2024 1906 3598 1980; baseline 0.005 -22"><span class='ocrx_word' id='word_1_510' title='bbox 2024 1919 2054 1958; x_wconf 86' lang='lat' dir='ltr'><strong>a</strong></span> <span class='ocrx_word' id='word_1_511' title='bbox 2095 1920 2341 1974; x_wconf 75' lang='lat' dir='ltr'><strong>persona:</strong></span> <span class='ocrx_word' id='word_1_512' title='bbox 2387 1906 2651 1975; x_wconf 82' lang='lat' dir='ltr'><strong>qualitate</strong></span> <span class='ocrx_word' id='word_1_513' title='bbox 2680 1907 2940 1975; x_wconf 87' lang='lat' dir='ltr'><strong>pudorem</strong></span> <span class='ocrx_word' id='word_1_514' title='bbox 2978 1906 3304 1972; x_wconf 82' lang='lat' dir='ltr'><strong>induxisset,</strong></span> <span class='ocrx_word' id='word_1_515' title='bbox 3342 1909 3598 1980; x_wconf 85' lang='lat' dir='ltr'><strong>deinceps</strong></span> 
     </span>
    </p>
   </div>
   <div class='ocr_carea' id='block_1_76' title="bbox 2024 1992 3598 2071">
    <p class='ocr_par' dir='ltr' id='par_1_76' title="bbox 2024 1992 3598 2071">
     <span class='ocr_line' id='line_1_76' title="bbox 2024 1992 3598 2071; baseline 0.004 -22"><span class='ocrx_word' id='word_1_516' title='bbox 2024 1996 2329 2066; x_wconf 78' lang='lat' dir='ltr'><strong>compendii</strong></span> <span class='ocrx_word' id='word_1_517' title='bbox 2362 1997 2537 2066; x_wconf 85' lang='lat' dir='ltr'><strong>gratia</strong></span> <span class='ocrx_word' id='word_1_518' title='bbox 2564 1996 2840 2067; x_wconf 77' lang='lat' dir='ltr'><strong>sigillalim</strong></span> <span class='ocrx_word' id='word_1_519' title='bbox 2872 2012 3065 2054; x_wconf 88' lang='lat' dir='ltr'><strong>omnes</strong></span> <span class='ocrx_word' id='word_1_520' title='bbox 3113 1992 3249 2053; x_wconf 84' lang='lat' dir='ltr'><strong>alios</strong></span> <span class='ocrx_word' id='word_1_521' title='bbox 3281 2014 3389 2054; x_wconf 92' lang='lat' dir='ltr'><strong>non</strong></span> <span class='ocrx_word' id='word_1_522' title='bbox 3423 2002 3598 2071; x_wconf 82' lang='lat' dir='ltr'><strong>expli-</strong></span> 
     </span>
    </p>
   </div>
   <div class='ocr_carea' id='block_1_77' title="bbox 2026 2087 3597 2157">
    <p class='ocr_par' dir='ltr' id='par_1_77' title="bbox 2026 2087 3597 2157">
     <span class='ocr_line' id='line_1_77' title="bbox 2026 2087 3597 2157; baseline 0.003 -15"><span class='ocrx_word' id='word_1_523' title='bbox 2026 2094 2138 2154; x_wconf 87' lang='lat' dir='ltr'><strong>cat,</strong></span> <span class='ocrx_word' id='word_1_524' title='bbox 2171 2102 2242 2141; x_wconf 88' lang='lat' dir='ltr'><strong>ue</strong></span> <span class='ocrx_word' id='word_1_525' title='bbox 2276 2087 2496 2157; x_wconf 87' lang='lat' dir='ltr'><strong>ineptus</strong></span> <span class='ocrx_word' id='word_1_526' title='bbox 2524 2102 2647 2143; x_wconf 88' lang='lat' dir='ltr'><strong>esse</strong></span> <span class='ocrx_word' id='word_1_527' title='bbox 2678 2087 2931 2143; x_wconf 78' lang='lat' dir='ltr'><strong>videatur</strong></span> <span class='ocrx_word' id='word_1_528' title='bbox 2966 2108 2979 2144; x_wconf 92' lang='lat'><strong>:</strong></span> <span class='ocrx_word' id='word_1_529' title='bbox 3021 2105 3210 2145; x_wconf 84' lang='lat' dir='ltr'><strong>verum</strong></span> <span class='ocrx_word' id='word_1_530' title='bbox 3243 2106 3346 2145; x_wconf 91' lang='lat' dir='ltr'><strong>nec</strong></span> <span class='ocrx_word' id='word_1_531' title='bbox 3372 2093 3597 2147; x_wconf 90' lang='lat' dir='ltr'><strong>omnino</strong></span> 
     </span>
    </p>
   </div>
   <div class='ocr_carea' id='block_1_78' title="bbox 2027 2177 3600 2252">
    <p class='ocr_par' dir='ltr' id='par_1_78' title="bbox 2027 2177 3600 2252">
     <span class='ocr_line' id='line_1_78' title="bbox 2027 2177 3600 2252; baseline 0.003 -22"><span class='ocrx_word' id='word_1_532' title='bbox 2027 2186 2203 2232; x_wconf 87' lang='lat' dir='ltr'><strong>tamen</strong></span> <span class='ocrx_word' id='word_1_533' title='bbox 2236 2177 2447 2241; x_wconf 87' lang='lat' dir='ltr'><strong>reticet,</strong></span> <span class='ocrx_word' id='word_1_534' title='bbox 2479 2179 2574 2233; x_wconf 84' lang='lat' dir='ltr'><strong>sed</strong></span> <span class='ocrx_word' id='word_1_535' title='bbox 2610 2178 2757 2233; x_wconf 82' lang='lat' dir='ltr'><strong>visus</strong></span> <span class='ocrx_word' id='word_1_536' title='bbox 2790 2182 3347 2248; x_wconf 64' lang='lat' dir='ltr'><strong>prsetermitteremon</strong></span> <span class='ocrx_word' id='word_1_537' title='bbox 3379 2192 3600 2252; x_wconf 69' lang='lat' dir='ltr'><strong>prator-</strong></span> 
     </span>
    </p>
   </div>
   <div class='ocr_carea' id='block_1_79' title="bbox 2026 2268 3598 2339">
    <p class='ocr_par' dir='ltr' id='par_1_79' title="bbox 2026 2268 3598 2339">
     <span class='ocr_line' id='line_1_79' title="bbox 2026 2268 3598 2339; baseline 0.006 -18"><span class='ocrx_word' id='word_1_538' title='bbox 2026 2268 2211 2323; x_wconf 90' lang='lat' dir='ltr'><strong>mittit.</strong></span> <span class='ocrx_word' id='word_1_539' title='bbox 2237 2268 2328 2323; x_wconf 89' lang='lat' dir='ltr'><strong>Sic</strong></span> <span class='ocrx_word' id='word_1_540' title='bbox 2358 2286 2533 2339; x_wconf 88' lang='lat' dir='ltr'><strong>neque</strong></span> <span class='ocrx_word' id='word_1_541' title='bbox 2564 2272 2867 2325; x_wconf 87' lang='lat' dir='ltr'><strong>auditorem</strong></span> <span class='ocrx_word' id='word_1_542' title='bbox 2904 2272 3064 2329; x_wconf 58' lang='lat' dir='ltr'><strong>taedio</strong></span> <span class='ocrx_word' id='word_1_543' title='bbox 3090 2271 3273 2339; x_wconf 81' lang='lat' dir='ltr'><strong>aﬂlcit,</strong></span> <span class='ocrx_word' id='word_1_544' title='bbox 3302 2287 3367 2328; x_wconf 83' lang='lat' dir='ltr'><strong>ac</strong></span> <span class='ocrx_word' id='word_1_545' title='bbox 3391 2275 3598 2330; x_wconf 79' lang='lat' dir='ltr'><strong>nihilo-</strong></span> 
     </span>
    </p>
   </div>
   <div class='ocr_carea' id='block_1_80' title="bbox 2026 2359 3053 2429">
    <p class='ocr_par' dir='ltr' id='par_1_80' title="bbox 2026 2359 3053 2429">
     <span class='ocr_line' id='line_1_80' title="bbox 2026 2359 3053 2429; baseline 0.008 -18"><span class='ocrx_word' id='word_1_546' title='bbox 2026 2359 2210 2413; x_wconf 84' lang='lat' dir='ltr'><strong>minus</strong></span> <span class='ocrx_word' id='word_1_547' title='bbox 2237 2375 2357 2428; x_wconf 72' lang='lat' dir='ltr'><strong>qua:</strong></span> <span class='ocrx_word' id='word_1_548' title='bbox 2390 2361 2505 2414; x_wconf 76' lang='lat' dir='ltr'><strong>vult</strong></span> <span class='ocrx_word' id='word_1_549' title='bbox 2540 2363 2789 2429; x_wconf 88' lang='lat' dir='ltr'><strong>pluribus</strong></span> <span class='ocrx_word' id='word_1_550' title='bbox 2813 2364 3053 2419; x_wconf 88' lang='lat' dir='ltr'><strong>conﬁcit.</strong></span> 
     </span>
    </p>
   </div>
   <div class='ocr_carea' id='block_1_81' title="bbox 2095 2451 3601 2524">
    <p class='ocr_par' dir='ltr' id='par_1_81' title="bbox 2095 2451 3601 2524">
     <span class='ocr_line' id='line_1_81' title="bbox 2095 2451 3601 2524; baseline 0.005 -20"><span class='ocrx_word' id='word_1_551' title='bbox 2095 2451 2313 2520; x_wconf 81' lang='lat' dir='ltr'><strong>Deﬁciet</strong></span> <span class='ocrx_word' id='word_1_552' title='bbox 2339 2453 2478 2505; x_wconf 86' lang='lat' dir='ltr'><strong>enim</strong></span> <span class='ocrx_word' id='word_1_553' title='bbox 2506 2469 2584 2506; x_wconf 84' lang='lat' dir='ltr'><strong>me</strong></span> <span class='ocrx_word' id='word_1_554' title='bbox 2614 2462 2814 2522; x_wconf 82' lang='lat' dir='ltr'><strong>tempus</strong></span> <span class='ocrx_word' id='word_1_555' title='bbox 2833 2464 3212 2511; x_wconf 79' lang='lat' dir='ltr'><strong>renarrantem.</strong></span> <span class='ocrx_word' id='word_1_556' title='bbox 3263 2458 3433 2524; x_wconf 85' lang='lat' dir='ltr'><strong>Quale</strong></span> <span class='ocrx_word' id='word_1_557' title='bbox 3465 2469 3601 2515; x_wconf 88' lang='lat' dir='ltr'><strong>tem-</strong></span> 
     </span>
    </p>
   </div>
   <div class='ocr_carea' id='block_1_82' title="bbox 2027 2544 3599 2616">
    <p class='ocr_par' dir='ltr' id='par_1_82' title="bbox 2027 2544 3599 2616">
     <span class='ocr_line' id='line_1_82' title="bbox 2027 2544 3599 2616; baseline 0.005 -17"><span class='ocrx_word' id='word_1_558' title='bbox 2027 2546 2179 2616; x_wconf 86' lang='lat' dir='ltr'><strong>pus?</strong></span> <span class='ocrx_word' id='word_1_559' title='bbox 2230 2544 2325 2600; x_wconf 82' lang='lat' dir='ltr'><strong>Vel</strong></span> <span class='ocrx_word' id='word_1_560' title='bbox 2361 2546 2677 2601; x_wconf 72' lang='lat' dir='ltr'><strong>universum</strong></span> <span class='ocrx_word' id='word_1_561' title='bbox 2715 2564 2729 2600; x_wconf 92' lang='lat'><strong>:</strong></span> <span class='ocrx_word' id='word_1_562' title='bbox 2782 2546 2987 2601; x_wconf 85' lang='lat' dir='ltr'><strong>dictum</strong></span> <span class='ocrx_word' id='word_1_563' title='bbox 3028 2558 3207 2603; x_wconf 88' lang='lat' dir='ltr'><strong>autem</strong></span> <span class='ocrx_word' id='word_1_564' title='bbox 3252 2552 3504 2608; x_wconf 88' lang='lat' dir='ltr'><strong>cstistud</strong></span> <span class='ocrx_word' id='word_1_565' title='bbox 3540 2562 3599 2607; x_wconf 90' lang='lat' dir='ltr'><strong>ut</strong></span> 
     </span>
    </p>
   </div>
   <div class='ocr_carea' id='block_1_83' title="bbox 2028 2641 3597 2715">
    <p class='ocr_par' dir='ltr' id='par_1_83' title="bbox 2028 2641 3597 2715">
     <span class='ocr_line' id='line_1_83' title="bbox 2028 2641 3597 2715; baseline 0.002 -19"><span class='ocrx_word' id='word_1_566' title='bbox 2028 2641 2269 2696; x_wconf 85' lang='lat' dir='ltr'><strong>solemus</strong></span> <span class='ocrx_word' id='word_1_567' title='bbox 2301 2656 2403 2696; x_wconf 91' lang='lat' dir='ltr'><strong>nos</strong></span> <span class='ocrx_word' id='word_1_568' title='bbox 2434 2641 2607 2711; x_wconf 88' lang='lat' dir='ltr'><strong>loqui,</strong></span> <span class='ocrx_word' id='word_1_569' title='bbox 2638 2641 2991 2714; x_wconf 75' lang='lat' dir='ltr'><strong>hyperbolice</strong></span> <span class='ocrx_word' id='word_1_570' title='bbox 3019 2659 3034 2696; x_wconf 91' lang='lat'><strong>:</strong></span> <span class='ocrx_word' id='word_1_571' title='bbox 3079 2641 3164 2698; x_wconf 77' lang='lat' dir='ltr'><strong>vel</strong></span> <span class='ocrx_word' id='word_1_572' title='bbox 3208 2650 3422 2715; x_wconf 86' lang='lat' dir='ltr'><strong>tempus</strong></span> <span class='ocrx_word' id='word_1_573' title='bbox 3450 2644 3597 2715; x_wconf 86' lang='lat' dir='ltr'><strong>quod</strong></span> 
     </span>
    </p>
   </div>
   <div class='ocr_carea' id='block_1_84' title="bbox 2032 2732 3533 2805">
    <p class='ocr_par' dir='ltr' id='par_1_84' title="bbox 2032 2732 3533 2805">
     <span class='ocr_line' id='line_1_84' title="bbox 2032 2732 3533 2805; baseline 0.013 -20"><span class='ocrx_word' id='word_1_574' title='bbox 2032 2732 2288 2804; x_wconf 72' lang='lat' dir='ltr'><strong>Epistulae</strong></span> <span class='ocrx_word' id='word_1_575' title='bbox 2316 2735 2595 2792; x_wconf 77' lang='lat' dir='ltr'><strong>convenit.</strong></span> <span class='ocrx_word' id='word_1_576' title='bbox 3530 2802 3533 2805; x_wconf 89' lang='lat'><strong>.</strong></span> 
     </span>
    </p>
   </div>
   <div class='ocr_carea' id='block_1_85' title="bbox 2105 2824 3595 2899">
    <p class='ocr_par' dir='ltr' id='par_1_85' title="bbox 2105 2824 3595 2899">
     <span class='ocr_line' id='line_1_85' title="bbox 2105 2824 3595 2899; baseline 0.001 -20"><span class='ocrx_word' id='word_1_577' title='bbox 2105 2826 2177 2880; x_wconf 87' lang='lat' dir='ltr'><strong>De</strong></span> <span class='ocrx_word' id='word_1_578' title='bbox 2210 2824 2439 2891; x_wconf 86' lang='lat' dir='ltr'><strong>Gedeon,</strong></span> <span class='ocrx_word' id='word_1_579' title='bbox 2478 2826 2670 2893; x_wconf 86' lang='lat' dir='ltr'><strong>Barac,</strong></span> <span class='ocrx_word' id='word_1_580' title='bbox 2729 2827 2991 2899; x_wconf 81' lang='lat' dir='ltr'><strong>Sampson</strong></span> <span class='ocrx_word' id='word_1_581' title='bbox 3034 2838 3083 2884; x_wconf 88' lang='lat' dir='ltr'><strong>et</strong></span> <span class='ocrx_word' id='word_1_582' title='bbox 3119 2828 3358 2899; x_wconf 69' lang='lat' dir='ltr'><strong>Jephtlte,</strong></span> <span class='ocrx_word' id='word_1_583' title='bbox 3404 2829 3595 2893; x_wconf 82' lang='lat' dir='ltr'><strong>David,</strong></span> 
     </span>
    </p>
   </div>
   <div class='ocr_carea' id='block_1_86' title="bbox 2030 2914 3598 2991">
    <p class='ocr_par' dir='ltr' id='par_1_86' title="bbox 2030 2914 3598 2991">
     <span class='ocr_line' id='line_1_86' title="bbox 2030 2914 3598 2991; baseline -0.001 -18"><span class='ocrx_word' id='word_1_584' title='bbox 2030 2914 2270 2981; x_wconf 85' lang='lat' dir='ltr'><strong>Samuel,</strong></span> <span class='ocrx_word' id='word_1_585' title='bbox 2303 2927 2352 2971; x_wconf 88' lang='lat' dir='ltr'><strong>et</strong></span> <span class='ocrx_word' id='word_1_586' title='bbox 2386 2919 2671 2988; x_wconf 83' lang='lat' dir='ltr'><strong>prophetis.</strong></span> <span class='ocrx_word' id='word_1_587' title='bbox 2702 2918 2863 2991; x_wconf 65' lang='grc'><strong>742</strong></span> <span class='ocrx_word' id='word_1_588' title='bbox 2896 2919 3161 2985; x_wconf 64' lang='lat' dir='ltr'><strong>Quaerunt</strong></span> <span class='ocrx_word' id='word_1_589' title='bbox 3191 2918 3462 2983; x_wconf 88' lang='lat' dir='ltr'><strong>nonnulli,</strong></span> <span class='ocrx_word' id='word_1_590' title='bbox 3490 2935 3598 2989; x_wconf 84' lang='lat' dir='ltr'><strong>qua</strong></span> 
     </span>
    </p>
   </div>
   <div class='ocr_carea' id='block_1_87' title="bbox 2029 3000 3667 3080">
    <p class='ocr_par' dir='ltr' id='par_1_87' title="bbox 2029 3000 3667 3080">
     <span class='ocr_line' id='line_1_87' title="bbox 2029 3000 3667 3080; baseline 0.001 -17"><span class='ocrx_word' id='word_1_591' title='bbox 2029 3011 2097 3065; x_wconf 90' lang='lat' dir='ltr'><strong>de</strong></span> <span class='ocrx_word' id='word_1_592' title='bbox 2142 3024 2309 3064; x_wconf 80' lang='lat' dir='ltr'><strong>causa</strong></span> <span class='ocrx_word' id='word_1_593' title='bbox 2350 3009 2544 3079; x_wconf 80' lang='lat' dir='ltr'><strong>Jepthe</strong></span> <span class='ocrx_word' id='word_1_594' title='bbox 2585 3018 2640 3064; x_wconf 90' lang='lat' dir='ltr'><strong>et</strong></span> <span class='ocrx_word' id='word_1_595' title='bbox 2688 3010 2956 3080; x_wconf 86' lang='lat' dir='ltr'><strong>Sampson</strong></span> <span class='ocrx_word' id='word_1_596' title='bbox 2996 3019 3052 3065; x_wconf 92' lang='lat' dir='ltr'><strong>et</strong></span> <span class='ocrx_word' id='word_1_597' title='bbox 3084 3010 3252 3065; x_wconf 84' lang='lat' dir='ltr'><strong>Barac</strong></span> <span class='ocrx_word' id='word_1_598' title='bbox 3291 3010 3379 3066; x_wconf 88' lang='lat' dir='ltr'><strong>bie</strong></span> <span class='ocrx_word' id='word_1_599' title='bbox 3413 3020 3597 3080; x_wconf 88' lang='lat' dir='ltr'><strong>ponat.</strong></span> <span class='ocrx_word' id='word_1_600' title='bbox 3666 3000 3667 3003; x_wconf 34' lang='grc'><em>“</em></span> 
     </span>
    </p>
   </div>
   <div class='ocr_carea' id='block_1_88' title="bbox 2031 3101 3602 3173">
    <p class='ocr_par' dir='ltr' id='par_1_88' title="bbox 2031 3101 3602 3173">
     <span class='ocr_line' id='line_1_88' title="bbox 2031 3101 3602 3173; baseline 0.001 -17"><span class='ocrx_word' id='word_1_601' title='bbox 2031 3101 2171 3167; x_wconf 84' lang='lat' dir='ltr'><strong>Quid</strong></span> <span class='ocrx_word' id='word_1_602' title='bbox 2204 3104 2284 3157; x_wconf 88' lang='lat' dir='ltr'><strong>ais</strong></span> <span class='ocrx_word' id='word_1_603' title='bbox 2309 3102 2332 3156; x_wconf 88' lang='lat'><strong>?</strong></span> <span class='ocrx_word' id='word_1_604' title='bbox 2357 3101 2460 3168; x_wconf 85' lang='lat' dir='ltr'><strong>Qui</strong></span> <span class='ocrx_word' id='word_1_605' title='bbox 2492 3111 2731 3157; x_wconf 88' lang='lat' dir='ltr'><strong>scortum</strong></span> <span class='ocrx_word' id='word_1_606' title='bbox 2760 3104 2966 3172; x_wconf 78' lang='lat' dir='ltr'><strong>posuit,</strong></span> <span class='ocrx_word' id='word_1_607' title='bbox 2995 3103 3094 3158; x_wconf 86' lang='lat' dir='ltr'><strong>bos</strong></span> <span class='ocrx_word' id='word_1_608' title='bbox 3121 3102 3602 3173; x_wconf 68' lang='lat' dir='ltr'><strong>praetermitteret?</strong></span> 
     </span>
    </p>
   </div>
   <div class='ocr_carea' id='block_1_89' title="bbox 2031 3192 3604 3264">
    <p class='ocr_par' dir='ltr' id='par_1_89' title="bbox 2031 3192 3604 3264">
     <span class='ocr_line' id='line_1_89' title="bbox 2031 3192 3604 3264; baseline 0 -17"><span class='ocrx_word' id='word_1_609' title='bbox 2031 3195 2145 3249; x_wconf 89' lang='lat' dir='ltr'><strong>Nec</strong></span> <span class='ocrx_word' id='word_1_610' title='bbox 2177 3194 2322 3250; x_wconf 88' lang='lat' dir='ltr'><strong>enim</strong></span> <span class='ocrx_word' id='word_1_611' title='bbox 2344 3201 2429 3249; x_wconf 89' lang='lat' dir='ltr'><strong>est</strong></span> <span class='ocrx_word' id='word_1_612' title='bbox 2459 3193 2607 3264; x_wconf 89' lang='lat' dir='ltr'><strong>quod</strong></span> <span class='ocrx_word' id='word_1_613' title='bbox 2631 3194 2895 3264; x_wconf 86' lang='lat' dir='ltr'><strong>reliquam</strong></span> <span class='ocrx_word' id='word_1_614' title='bbox 2927 3202 3116 3248; x_wconf 87' lang='lat' dir='ltr'><strong>eorum</strong></span> <span class='ocrx_word' id='word_1_615' title='bbox 3152 3194 3319 3249; x_wconf 68' lang='lat' dir='ltr'><strong>vitam</strong></span> <span class='ocrx_word' id='word_1_616' title='bbox 3348 3192 3479 3248; x_wconf 86' lang='lat' dir='ltr'><strong>mihi</strong></span> <span class='ocrx_word' id='word_1_617' title='bbox 3513 3208 3604 3248; x_wconf 80' lang='lat' dir='ltr'><strong>re-</strong></span> 
     </span>
    </p>
   </div>
   <div class='ocr_carea' id='block_1_90' title="bbox 2031 3284 3601 3356">
    <p class='ocr_par' dir='ltr' id='par_1_90' title="bbox 2031 3284 3601 3356">
     <span class='ocr_line' id='line_1_90' title="bbox 2031 3284 3601 3356; baseline -0.001 -16"><span class='ocrx_word' id='word_1_618' title='bbox 2031 3286 2400 3353; x_wconf 87' lang='lat' dir='ltr'><strong>censeas;sed</strong></span> <span class='ocrx_word' id='word_1_619' title='bbox 2429 3302 2558 3339; x_wconf 90' lang='lat' dir='ltr'><strong>num</strong></span> <span class='ocrx_word' id='word_1_620' title='bbox 2582 3284 2634 3340; x_wconf 90' lang='lat' dir='ltr'><strong>in</strong></span> <span class='ocrx_word' id='word_1_621' title='bbox 2666 3285 2770 3342; x_wconf 86' lang='lat' dir='ltr'><strong>ﬁde</strong></span> <span class='ocrx_word' id='word_1_622' title='bbox 2795 3285 3253 3356; x_wconf 84' lang='lat' dir='ltr'><strong>resplendueriut,</strong></span> <span class='ocrx_word' id='word_1_623' title='bbox 3287 3285 3387 3340; x_wconf 84' lang='lat' dir='ltr'><strong>hoc</strong></span> <span class='ocrx_word' id='word_1_624' title='bbox 3421 3295 3601 3340; x_wconf 89' lang='lat' dir='ltr'><strong>tecum</strong></span> 
     </span>
    </p>
   </div>
   <div class='ocr_carea' id='block_1_91' title="bbox 2030 3375 3603 3448">
    <p class='ocr_par' dir='ltr' id='par_1_91' title="bbox 2030 3375 3603 3448">
     <span class='ocr_line' id='line_1_91' title="bbox 2030 3375 3603 3448; baseline -0.001 -16"><span class='ocrx_word' id='word_1_625' title='bbox 2030 3376 2382 3447; x_wconf 85' lang='lat' dir='ltr'><strong>reputa.Non</strong></span> <span class='ocrx_word' id='word_1_626' title='bbox 2417 3379 2563 3432; x_wconf 90' lang='lat' dir='ltr'><strong>enim</strong></span> <span class='ocrx_word' id='word_1_627' title='bbox 2596 3378 2830 3433; x_wconf 80' lang='lat' dir='ltr'><strong>vitarum</strong></span> <span class='ocrx_word' id='word_1_628' title='bbox 2862 3377 3296 3448; x_wconf 84' lang='lat' dir='ltr'><strong>explorationem</strong></span> <span class='ocrx_word' id='word_1_629' title='bbox 3327 3375 3481 3443; x_wconf 79' lang='lat' dir='ltr'><strong>facit,</strong></span> <span class='ocrx_word' id='word_1_630' title='bbox 3508 3377 3603 3432; x_wconf 86' lang='lat' dir='ltr'><strong>sed</strong></span> 
     </span>
    </p>
   </div>
   <div class='ocr_carea' id='block_1_92' title="bbox 2031 3469 2592 3526">
    <p class='ocr_par' dir='ltr' id='par_1_92' title="bbox 2031 3469 2592 3526">
     <span class='ocr_line' id='line_1_92' title="bbox 2031 3469 2592 3526; baseline 0.004 -2"><span class='ocrx_word' id='word_1_631' title='bbox 2031 3469 2155 3525; x_wconf 89' lang='lat' dir='ltr'><strong>ﬁdei</strong></span> <span class='ocrx_word' id='word_1_632' title='bbox 2183 3469 2592 3526; x_wconf 86' lang='lat' dir='ltr'><strong>iudicationem.</strong></span> 
     </span>
    </p>
   </div>
   <div class='ocr_carea' id='block_1_93' title="bbox 2105 3558 3605 3632">
    <p class='ocr_par' dir='ltr' id='par_1_93' title="bbox 2105 3558 3605 3632">
     <span class='ocr_line' id='line_1_93' title="bbox 2105 3558 3605 3632; baseline 0.001 -18"><span class='ocrx_word' id='word_1_633' title='bbox 2105 3560 2272 3619; x_wconf 73' lang='lat' dir='ltr'><strong>Vsus.</strong></span> <span class='ocrx_word' id='word_1_634' title='bbox 2305 3562 2398 3617; x_wconf 77' lang='grc'><strong>55.</strong></span> <span class='ocrx_word' id='word_1_635' title='bbox 2435 3560 2541 3626; x_wconf 81' lang='lat' dir='ltr'><strong>Qui</strong></span> <span class='ocrx_word' id='word_1_636' title='bbox 2567 3577 2660 3630; x_wconf 84' lang='lat' dir='ltr'><strong>per</strong></span> <span class='ocrx_word' id='word_1_637' title='bbox 2678 3562 2835 3630; x_wconf 80' lang='lat' dir='ltr'><strong>[idem</strong></span> <span class='ocrx_word' id='word_1_638' title='bbox 2869 3562 3101 3616; x_wconf 83' lang='lat' dir='ltr'><strong>vicerunt</strong></span> <span class='ocrx_word' id='word_1_639' title='bbox 3136 3576 3314 3632; x_wconf 85' lang='lat' dir='ltr'><strong>regna.</strong></span> <span class='ocrx_word' id='word_1_640' title='bbox 3353 3558 3417 3615; x_wconf 81' lang='lat' dir='ltr'><strong>Hi</strong></span> <span class='ocrx_word' id='word_1_641' title='bbox 3452 3560 3605 3618; x_wconf 86' lang='lat' dir='ltr'><strong>scili-</strong></span> 
     </span>
    </p>
   </div>
   <div class='ocr_carea' id='block_1_94' title="bbox 2030 3651 3048 3723">
    <p class='ocr_par' dir='ltr' id='par_1_94' title="bbox 2030 3651 3048 3723">
     <span class='ocr_line' id='line_1_94' title="bbox 2030 3651 3048 3723; baseline -0.002 -15"><span class='ocrx_word' id='word_1_642' title='bbox 2030 3660 2118 3709; x_wconf 87' lang='lat' dir='ltr'><strong>cet</strong></span> <span class='ocrx_word' id='word_1_643' title='bbox 2157 3653 2248 3723; x_wconf 89' lang='lat' dir='ltr'><strong>qui</strong></span> <span class='ocrx_word' id='word_1_644' title='bbox 2287 3667 2412 3707; x_wconf 85' lang='lat' dir='ltr'><strong>cqu</strong></span> <span class='ocrx_word' id='word_1_645' title='bbox 2435 3651 2689 3708; x_wconf 85' lang='lat' dir='ltr'><strong>Gedeone</strong></span> <span class='ocrx_word' id='word_1_646' title='bbox 2724 3653 3048 3707; x_wconf 88' lang='lat' dir='ltr'><strong>militaruut.</strong></span> 
     </span>
    </p>
   </div>
   <div class='ocr_carea' id='block_1_95' title="bbox 2104 3739 3604 3813">
    <p class='ocr_par' dir='ltr' id='par_1_95' title="bbox 2104 3739 3604 3813">
     <span class='ocr_line' id='line_1_95' title="bbox 2104 3739 3604 3813; baseline 0.001 -18"><span class='ocrx_word' id='word_1_647' title='bbox 2104 3739 2323 3810; x_wconf 83' lang='lat' dir='ltr'><strong>Operati</strong></span> <span class='ocrx_word' id='word_1_648' title='bbox 2380 3750 2502 3793; x_wconf 77' lang='lat' dir='ltr'><strong>sunt</strong></span> <span class='ocrx_word' id='word_1_649' title='bbox 2550 3741 2843 3808; x_wconf 78' lang='lat' dir='ltr'><strong>justitiam.</strong></span> <span class='ocrx_word' id='word_1_650' title='bbox 2896 3740 3128 3805; x_wconf 84' lang='lat' dir='ltr'><strong>Quinam</strong></span> <span class='ocrx_word' id='word_1_651' title='bbox 3172 3740 3308 3796; x_wconf 69' lang='lat' dir='ltr'><strong>illli</strong></span> <span class='ocrx_word' id='word_1_652' title='bbox 3360 3742 3486 3813; x_wconf 79' lang='lat' dir='ltr'><strong>ipsi,</strong></span> <span class='ocrx_word' id='word_1_653' title='bbox 3546 3751 3604 3798; x_wconf 84' lang='lat' dir='ltr'><strong>et</strong></span> 
     </span>
    </p>
   </div>
   <div class='ocr_carea' id='block_1_96' title="bbox 2035 3826 3604 3898">
    <p class='ocr_par' dir='ltr' id='par_1_96' title="bbox 2035 3826 3604 3898">
     <span class='ocr_line' id='line_1_96' title="bbox 2035 3826 3604 3898; baseline 0.003 -16"><span class='ocrx_word' id='word_1_654' title='bbox 2035 3826 2330 3898; x_wconf 88' lang='lat' dir='ltr'><strong>Sampson.</strong></span> <span class='ocrx_word' id='word_1_655' title='bbox 2360 3826 2575 3882; x_wconf 86' lang='lat' dir='ltr'><strong>Etenim</strong></span> <span class='ocrx_word' id='word_1_656' title='bbox 2613 3828 2799 3883; x_wconf 88' lang='lat' dir='ltr'><strong>hostes</strong></span> <span class='ocrx_word' id='word_1_657' title='bbox 2832 3843 3200 3898; x_wconf 81' lang='lat' dir='ltr'><strong>congenerum</strong></span> <span class='ocrx_word' id='word_1_658' title='bbox 3239 3840 3295 3886; x_wconf 90' lang='lat' dir='ltr'><strong>et</strong></span> <span class='ocrx_word' id='word_1_659' title='bbox 3322 3833 3604 3887; x_wconf 84' lang='lat' dir='ltr'><strong>contribu-</strong></span> 
     </span>
    </p>
   </div>
   <div class='ocr_carea' id='block_1_97' title="bbox 2036 3917 3604 3986">
    <p class='ocr_par' dir='ltr' id='par_1_97' title="bbox 2036 3917 3604 3986">
     <span class='ocr_line' id='line_1_97' title="bbox 2036 3917 3604 3986; baseline 0.003 -12"><span class='ocrx_word' id='word_1_660' title='bbox 2036 3920 2168 3975; x_wconf 92' lang='lat' dir='ltr'><strong>lium</strong></span> <span class='ocrx_word' id='word_1_661' title='bbox 2205 3935 2433 3978; x_wconf 89' lang='lat' dir='ltr'><strong>suorum</strong></span> <span class='ocrx_word' id='word_1_662' title='bbox 2480 3920 2575 3973; x_wconf 81' lang='lat' dir='ltr'><strong>ulli</strong></span> <span class='ocrx_word' id='word_1_663' title='bbox 2608 3929 2754 3986; x_wconf 90' lang='lat' dir='ltr'><strong>sunt,</strong></span> <span class='ocrx_word' id='word_1_664' title='bbox 2792 3919 3111 3976; x_wconf 89' lang='lat' dir='ltr'><strong>domesticis</strong></span> <span class='ocrx_word' id='word_1_665' title='bbox 3160 3930 3215 3976; x_wconf 84' lang='lat' dir='ltr'><strong>et</strong></span> <span class='ocrx_word' id='word_1_666' title='bbox 3244 3917 3455 3977; x_wconf 63' lang='lat' dir='ltr'><strong>&#39;amicis</strong></span> <span class='ocrx_word' id='word_1_667' title='bbox 3484 3924 3604 3979; x_wconf 83' lang='lat' dir='ltr'><strong>suis</strong></span> 
     </span>
    </p>
   </div>
   <div class='ocr_carea' id='block_1_98' title="bbox 2035 4010 3607 4068">
    <p class='ocr_par' dir='ltr' id='par_1_98' title="bbox 2035 4010 3607 4068">
     <span class='ocr_line' id='line_1_98' title="bbox 2035 4010 3607 4068; baseline 0.001 -2"><span class='ocrx_word' id='word_1_668' title='bbox 2035 4012 2338 4067; x_wconf 87' lang='lat' dir='ltr'><strong>clementes</strong></span> <span class='ocrx_word' id='word_1_669' title='bbox 2392 4010 2545 4066; x_wconf 82' lang='lat' dir='ltr'><strong>visi:</strong></span> <span class='ocrx_word' id='word_1_670' title='bbox 2600 4010 2865 4066; x_wconf 87' lang='lat' dir='ltr'><strong>adversus</strong></span> <span class='ocrx_word' id='word_1_671' title='bbox 2925 4020 3108 4065; x_wconf 87' lang='lat' dir='ltr'><strong>autem</strong></span> <span class='ocrx_word' id='word_1_672' title='bbox 3153 4011 3263 4065; x_wconf 84' lang='lat' dir='ltr'><strong>vim</strong></span> <span class='ocrx_word' id='word_1_673' title='bbox 3307 4011 3607 4068; x_wconf 82' lang='lat' dir='ltr'><strong>inferentes</strong></span> 
     </span>
    </p>
   </div>
   <div class='ocr_carea' id='block_1_99' title="bbox 2037 4101 3604 4176">
    <p class='ocr_par' dir='ltr' id='par_1_99' title="bbox 2037 4101 3604 4176">
     <span class='ocr_line' id='line_1_99' title="bbox 2037 4101 3604 4176; baseline 0.002 -17"><span class='ocrx_word' id='word_1_674' title='bbox 2037 4106 2247 4171; x_wconf 84' lang='lat' dir='ltr'><strong>hostes,</strong></span> <span class='ocrx_word' id='word_1_675' title='bbox 2292 4105 2659 4174; x_wconf 81' lang='lat' dir='ltr'><strong>insurgentes.</strong></span> <span class='ocrx_word' id='word_1_676' title='bbox 2710 4101 2946 4161; x_wconf 72' lang='lat' dir='ltr'><strong>Justitiee</strong></span> <span class='ocrx_word' id='word_1_677' title='bbox 2992 4119 3156 4176; x_wconf 89' lang='lat' dir='ltr'><strong>porro</strong></span> <span class='ocrx_word' id='word_1_678' title='bbox 3204 4105 3350 4161; x_wconf 84' lang='lat' dir='ltr'><strong>istud</strong></span> <span class='ocrx_word' id='word_1_679' title='bbox 3403 4120 3604 4162; x_wconf 89' lang='lat' dir='ltr'><strong>munus</strong></span> 
     </span>
    </p>
   </div>
   <div class='ocr_carea' id='block_1_100' title="bbox 2032 4178 3608 4264">
    <p class='ocr_par' dir='ltr' id='par_1_100' title="bbox 2032 4178 3608 4264">
     <span class='ocr_line' id='line_1_100' title="bbox 2032 4178 3608 4264; baseline 0 -13"><span class='ocrx_word' id='word_1_680' title='bbox 2032 4204 2135 4261; x_wconf 88' lang='lat' dir='ltr'><strong>est,</strong></span> <span class='ocrx_word' id='word_1_681' title='bbox 2165 4193 2461 4264; x_wconf 89' lang='lat' dir='ltr'><strong>unicuique</strong></span> <span class='ocrx_word' id='word_1_682' title='bbox 2490 4209 2588 4264; x_wconf 89' lang='lat' dir='ltr'><strong>pro</strong></span> <span class='ocrx_word' id='word_1_683' title='bbox 2615 4194 2813 4249; x_wconf 90' lang='lat' dir='ltr'><strong>merito</strong></span> <span class='ocrx_word' id='word_1_684' title='bbox 2851 4195 3111 4251; x_wconf 89' lang='lat' dir='ltr'><strong>tribuere.</strong></span> <span class='ocrx_word' id='word_1_685' title='bbox 3602 4178 3608 4189; x_wconf 30' lang='grc' dir='ltr'><strong>ι</strong></span> 
     </span>
    </p>
   </div>
   <div class='ocr_carea' id='block_1_101' title="bbox 2105 4271 3603 4357">
    <p class='ocr_par' dir='ltr' id='par_1_101' title="bbox 2105 4271 3603 4357">
     <span class='ocr_line' id='line_1_101' title="bbox 2105 4271 3603 4357; baseline 0.001 -16"><span class='ocrx_word' id='word_1_686' title='bbox 2105 4288 2298 4357; x_wconf 79' lang='lat' dir='ltr'><strong>Adepti</strong></span> <span class='ocrx_word' id='word_1_687' title='bbox 2324 4296 2445 4340; x_wconf 78' lang='lat' dir='ltr'><strong>sunt</strong></span> <span class='ocrx_word' id='word_1_688' title='bbox 2472 4271 3170 4355; x_wconf 46' lang='lat' dir='ltr'><strong>promissionesZ‘UtDavid.</strong></span> <span class='ocrx_word' id='word_1_689' title='bbox 3196 4288 3406 4342; x_wconf 71' lang='lat' dir='ltr'><strong>Iuravit</strong></span> <span class='ocrx_word' id='word_1_690' title='bbox 3434 4288 3603 4354; x_wconf 89' lang='lat' dir='ltr'><strong>enim,</strong></span> 
     </span>
    </p>
   </div>
   <div class='ocr_carea' id='block_1_102' title="bbox 2038 4378 3606 4452">
    <p class='ocr_par' dir='ltr' id='par_1_102' title="bbox 2038 4378 3606 4452">
     <span class='ocr_line' id='line_1_102' title="bbox 2038 4378 3606 4452; baseline 0.002 -19"><span class='ocrx_word' id='word_1_691' title='bbox 2038 4379 2237 4449; x_wconf 89' lang='lat' dir='ltr'><strong>inquit,</strong></span> <span class='ocrx_word' id='word_1_692' title='bbox 2274 4378 2531 4433; x_wconf 74' lang='lat' dir='ltr'><strong>Dominus</strong></span> <span class='ocrx_word' id='word_1_693' title='bbox 2566 4378 2760 4434; x_wconf 80' lang='lat' dir='ltr'><strong>Davidi</strong></span> <span class='ocrx_word' id='word_1_694' title='bbox 2784 4394 2805 4432; x_wconf 91' lang='lat'><strong><em>:</em></strong></span> <span class='ocrx_word' id='word_1_695' title='bbox 2841 4379 2917 4434; x_wconf 87' lang='lat' dir='ltr'><strong>De</strong></span> <span class='ocrx_word' id='word_1_696' title='bbox 2956 4380 3133 4449; x_wconf 82' lang='lat' dir='ltr'><strong>fructu</strong></span> <span class='ocrx_word' id='word_1_697' title='bbox 3178 4382 3372 4435; x_wconf 76' lang='lat' dir='ltr'><strong>ventris</strong></span> <span class='ocrx_word' id='word_1_698' title='bbox 3402 4383 3480 4436; x_wconf 88' lang='lat' dir='ltr'><strong>tui</strong></span> <span class='ocrx_word' id='word_1_699' title='bbox 3508 4398 3606 4452; x_wconf 86' lang='lat' dir='ltr'><strong>po-</strong></span> 
     </span>
    </p>
   </div>
   <div class='ocr_carea' id='block_1_103' title="bbox 1964 4469 3607 4555">
    <p class='ocr_par' dir='ltr' id='par_1_103' title="bbox 1964 4469 3607 4555">
     <span class='ocr_line' id='line_1_103' title="bbox 1964 4469 3607 4555; baseline 0.002 -31"><span class='ocrx_word' id='word_1_700' title='bbox 1964 4500 2007 4555; x_wconf 71' lang='lat' dir='ltr'><strong><em>D</em></strong></span> <span class='ocrx_word' id='word_1_701' title='bbox 2039 4488 2161 4525; x_wconf 86' lang='lat' dir='ltr'><strong>nam</strong></span> <span class='ocrx_word' id='word_1_702' title='bbox 2194 4488 2351 4542; x_wconf 73' lang='lat' dir='ltr'><strong>super</strong></span> <span class='ocrx_word' id='word_1_703' title='bbox 2380 4469 2555 4525; x_wconf 71' lang='lat' dir='ltr'><strong>sedem</strong></span> <span class='ocrx_word' id='word_1_704' title='bbox 2580 4480 2727 4524; x_wconf 88' lang='lat' dir='ltr'><strong>tuam</strong></span> <span class='ocrx_word' id='word_1_705' title='bbox 2744 4470 2811 4525; x_wconf 85' lang='grc'><strong>³³.</strong></span> <span class='ocrx_word' id='word_1_706' title='bbox 2840 4470 2994 4538; x_wconf 81' lang='lat' dir='ltr'><strong>Quod</strong></span> <span class='ocrx_word' id='word_1_707' title='bbox 3023 4472 3360 4529; x_wconf 85' lang='lat' dir='ltr'><strong>sensibiliter</strong></span> <span class='ocrx_word' id='word_1_708' title='bbox 3384 4471 3607 4541; x_wconf 87' lang='lat' dir='ltr'><strong>quidem</strong></span> 
     </span>
    </p>
   </div>
   <div class='ocr_carea' id='block_1_104' title="bbox 2041 4561 3609 4633">
    <p class='ocr_par' dir='ltr' id='par_1_104' title="bbox 2041 4561 3609 4633">
     <span class='ocr_line' id='line_1_104' title="bbox 2041 4561 3609 4633; baseline -0.002 -14"><span class='ocrx_word' id='word_1_709' title='bbox 2041 4565 2097 4619; x_wconf 88' lang='lat' dir='ltr'><strong>in</strong></span> <span class='ocrx_word' id='word_1_710' title='bbox 2126 4563 2424 4619; x_wconf 81' lang='lat' dir='ltr'><strong>Salomone</strong></span> <span class='ocrx_word' id='word_1_711' title='bbox 2453 4565 2653 4626; x_wconf 78' lang='lat' dir='ltr'><strong>evenit,</strong></span> <span class='ocrx_word' id='word_1_712' title='bbox 2690 4562 3051 4633; x_wconf 84' lang='lat' dir='ltr'><strong>spiritualiter</strong></span> <span class='ocrx_word' id='word_1_713' title='bbox 3076 4570 3257 4618; x_wconf 87' lang='lat' dir='ltr'><strong>autem</strong></span> <span class='ocrx_word' id='word_1_714' title='bbox 3282 4563 3337 4618; x_wconf 88' lang='lat' dir='ltr'><strong>in</strong></span> <span class='ocrx_word' id='word_1_715' title='bbox 3378 4561 3609 4618; x_wconf 87' lang='lat' dir='ltr'><strong>Domino</strong></span> 
     </span>
    </p>
   </div>
   <div class='ocr_carea' id='block_1_105' title="bbox 2037 4651 3610 4724">
    <p class='ocr_par' dir='ltr' id='par_1_105' title="bbox 2037 4651 3610 4724">
     <span class='ocr_line' id='line_1_105' title="bbox 2037 4651 3610 4724; baseline 0.001 -15"><span class='ocrx_word' id='word_1_716' title='bbox 2037 4653 2168 4710; x_wconf 87' lang='lat' dir='ltr'><strong>Jesu</strong></span> <span class='ocrx_word' id='word_1_717' title='bbox 2226 4652 2317 4724; x_wconf 91' lang='lat' dir='ltr'><strong>qui</strong></span> <span class='ocrx_word' id='word_1_718' title='bbox 2372 4667 2504 4708; x_wconf 79' lang='lat' dir='ltr'><strong>vere</strong></span> <span class='ocrx_word' id='word_1_719' title='bbox 2542 4651 2827 4717; x_wconf 79' lang='lat' dir='ltr'><strong>Salomon,</strong></span> <span class='ocrx_word' id='word_1_720' title='bbox 2860 4652 3143 4722; x_wconf 86' lang='lat' dir='ltr'><strong>paciﬁcus,</strong></span> <span class='ocrx_word' id='word_1_721' title='bbox 3185 4667 3249 4706; x_wconf 89' lang='lat' dir='ltr'><strong>ac</strong></span> <span class='ocrx_word' id='word_1_722' title='bbox 3293 4652 3472 4722; x_wconf 86' lang='lat' dir='ltr'><strong>reipsa</strong></span> <span class='ocrx_word' id='word_1_723' title='bbox 3504 4668 3610 4722; x_wconf 72' lang='lat' dir='ltr'><strong>pax</strong></span> 
     </span>
    </p>
   </div>
   <div class='ocr_carea' id='block_1_106' title="bbox 2036 4743 3611 4815">
    <p class='ocr_par' dir='ltr' id='par_1_106' title="bbox 2036 4743 3611 4815">
     <span class='ocr_line' id='line_1_106' title="bbox 2036 4743 3611 4815; baseline -0.003 -13"><span class='ocrx_word' id='word_1_724' title='bbox 2036 4753 2142 4802; x_wconf 88' lang='lat' dir='ltr'><strong>est.</strong></span> <span class='ocrx_word' id='word_1_725' title='bbox 2183 4745 2242 4800; x_wconf 90' lang='lat' dir='ltr'><strong>1d</strong></span> <span class='ocrx_word' id='word_1_726' title='bbox 2286 4745 2430 4799; x_wconf 90' lang='lat' dir='ltr'><strong>enim</strong></span> <span class='ocrx_word' id='word_1_727' title='bbox 2467 4743 2728 4799; x_wconf 89' lang='lat' dir='ltr'><strong>Salomon</strong></span> <span class='ocrx_word' id='word_1_728' title='bbox 2757 4745 2921 4811; x_wconf 71' lang='lat' dir='ltr'><strong>valet,</strong></span> <span class='ocrx_word' id='word_1_729' title='bbox 2946 4744 2992 4800; x_wconf 88' lang='lat' dir='ltr'><strong>si</strong></span> <span class='ocrx_word' id='word_1_730' title='bbox 3028 4744 3427 4814; x_wconf 86' lang='lat' dir='ltr'><strong>interpreteris,</strong></span> <span class='ocrx_word' id='word_1_731' title='bbox 3459 4744 3611 4815; x_wconf 87' lang='lat' dir='ltr'><strong>paci-</strong></span> 
     </span>
    </p>
   </div>
   <div class='ocr_carea' id='block_1_107' title="bbox 2036 4836 2481 4893">
    <p class='ocr_par' dir='ltr' id='par_1_107' title="bbox 2036 4836 2481 4893">
     <span class='ocr_line' id='line_1_107' title="bbox 2036 4836 2481 4893; baseline -0.002 -1"><span class='ocrx_word' id='word_1_732' title='bbox 2036 4837 2177 4893; x_wconf 89' lang='lat' dir='ltr'><strong>ﬁcus</strong></span> <span class='ocrx_word' id='word_1_733' title='bbox 2208 4836 2481 4892; x_wconf 84' lang='lat' dir='ltr'><strong>videlicet.</strong></span> 
     </span>
    </p>
   </div>
   <div class='ocr_carea' id='block_1_108' title="bbox 2112 4924 3520 4998">
    <p class='ocr_par' dir='ltr' id='par_1_108' title="bbox 2112 4924 3520 4998">
     <span class='ocr_line' id='line_1_108' title="bbox 2112 4924 3520 4998; baseline -0.001 -16"><span class='ocrx_word' id='word_1_734' title='bbox 2112 4925 2505 4982; x_wconf 80' lang='lat' dir='ltr'><strong>Obturaverunt</strong></span> <span class='ocrx_word' id='word_1_735' title='bbox 2536 4941 2631 4980; x_wconf 87' lang='lat' dir='ltr'><strong>ora</strong></span> <span class='ocrx_word' id='word_1_736' title='bbox 2661 4924 2888 4980; x_wconf 83' lang='lat' dir='ltr'><strong>leonum.</strong></span> <span class='ocrx_word' id='word_1_737' title='bbox 2934 4926 3120 4981; x_wconf 86' lang='lat' dir='ltr'><strong>Daniel</strong></span> <span class='ocrx_word' id='word_1_738' title='bbox 3143 4934 3197 4982; x_wconf 85' lang='lat' dir='ltr'><strong>et</strong></span> <span class='ocrx_word' id='word_1_739' title='bbox 3231 4925 3520 4998; x_wconf 86' lang='lat' dir='ltr'><strong>Sampson.</strong></span> 
     </span>
    </p>
   </div>
   <div class='ocr_carea' id='block_1_109' title="bbox 2111 5103 3609 5176">
    <p class='ocr_par' dir='ltr' id='par_1_109' title="bbox 2111 5103 3609 5176">
     <span class='ocr_line' id='line_1_109' title="bbox 2111 5103 3609 5176; baseline -0.002 -13"><span class='ocrx_word' id='word_1_740' title='bbox 2111 5108 2282 5165; x_wconf 77' lang='lat' dir='ltr'><strong>Vsus.</strong></span> <span class='ocrx_word' id='word_1_741' title='bbox 2337 5110 2427 5165; x_wconf 75' lang='grc'><strong>54.</strong></span> <span class='ocrx_word' id='word_1_742' title='bbox 2497 5106 2888 5163; x_wconf 73' lang='lat' dir='ltr'><strong>Exstinaerunt</strong></span> <span class='ocrx_word' id='word_1_743' title='bbox 2946 5106 3198 5176; x_wconf 83' lang='lat' dir='ltr'><strong>impetum</strong></span> <span class='ocrx_word' id='word_1_744' title='bbox 3251 5106 3407 5176; x_wconf 76' lang='lat' dir='ltr'><strong>ignis.</strong></span> <span class='ocrx_word' id='word_1_745' title='bbox 3473 5103 3609 5160; x_wconf 83' lang='lat' dir='ltr'><strong>Tres</strong></span> 
     </span>
    </p>
   </div>
   <div class='ocr_carea' id='block_1_110' title="bbox 2036 5193 3608 5267">
    <p class='ocr_par' dir='ltr' id='par_1_110' title="bbox 2036 5193 3608 5267">
     <span class='ocr_line' id='line_1_110' title="bbox 2036 5193 3608 5267; baseline -0.004 -16"><span class='ocrx_word' id='word_1_746' title='bbox 2036 5197 2214 5267; x_wconf 88' lang='lat' dir='ltr'><strong>pueri.</strong></span> <span class='ocrx_word' id='word_1_747' title='bbox 2259 5196 2378 5252; x_wconf 83' lang='lat' dir='ltr'><strong>Non</strong></span> <span class='ocrx_word' id='word_1_748' title='bbox 2408 5198 2545 5252; x_wconf 85' lang='lat' dir='ltr'><strong>dixit</strong></span> <span class='ocrx_word' id='word_1_749' title='bbox 2589 5204 2790 5263; x_wconf 87' lang='lat' dir='ltr'><strong>autem,</strong></span> <span class='ocrx_word' id='word_1_750' title='bbox 2824 5195 3212 5251; x_wconf 79' lang='lat' dir='ltr'><strong>Exstinxerunt</strong></span> <span class='ocrx_word' id='word_1_751' title='bbox 3236 5195 3437 5262; x_wconf 83' lang='lat' dir='ltr'><strong>ignem,</strong></span> <span class='ocrx_word' id='word_1_752' title='bbox 3487 5193 3608 5255; x_wconf 87' lang='lat' dir='ltr'><strong>sed,</strong></span> 
     </span>
    </p>
   </div>
   <div class='ocr_carea' id='block_1_111' title="bbox 2046 5285 3609 5358">
    <p class='ocr_par' dir='ltr' id='par_1_111' title="bbox 2046 5285 3609 5358">
     <span class='ocr_line' id='line_1_111' title="bbox 2046 5285 3609 5358; baseline -0.004 -17"><span class='ocrx_word' id='word_1_753' title='bbox 2046 5285 2171 5341; x_wconf 82' lang='lat' dir='ltr'><strong>Vim</strong></span> <span class='ocrx_word' id='word_1_754' title='bbox 2194 5287 2355 5357; x_wconf 74' lang='lat' dir='ltr'><strong>ignis,</strong></span> <span class='ocrx_word' id='word_1_755' title='bbox 2403 5286 2548 5355; x_wconf 87' lang='lat' dir='ltr'><strong>quod</strong></span> <span class='ocrx_word' id='word_1_756' title='bbox 2584 5287 2763 5358; x_wconf 87' lang='lat' dir='ltr'><strong>majus</strong></span> <span class='ocrx_word' id='word_1_757' title='bbox 2808 5293 2916 5343; x_wconf 83' lang='lat' dir='ltr'><strong>est.</strong></span> <span class='ocrx_word' id='word_1_758' title='bbox 2956 5285 3180 5343; x_wconf 78' lang='lat' dir='ltr'><strong>Etiamsi</strong></span> <span class='ocrx_word' id='word_1_759' title='bbox 3219 5285 3364 5341; x_wconf 87' lang='lat' dir='ltr'><strong>enim</strong></span> <span class='ocrx_word' id='word_1_760' title='bbox 3413 5296 3609 5336; x_wconf 87' lang='lat' dir='ltr'><strong>accen-</strong></span> 
     </span>
    </p>
   </div>
   <div class='ocr_carea' id='block_1_112' title="bbox 2042 5372 3610 5443">
    <p class='ocr_par' dir='ltr' id='par_1_112' title="bbox 2042 5372 3610 5443">
     <span class='ocr_line' id='line_1_112' title="bbox 2042 5372 3610 5443; baseline -0.001 -12"><span class='ocrx_word' id='word_1_761' title='bbox 2042 5376 2288 5443; x_wconf 88' lang='lat' dir='ltr'><strong>deretur,</strong></span> <span class='ocrx_word' id='word_1_762' title='bbox 2334 5375 2588 5433; x_wconf 79' lang='lat' dir='ltr'><strong>virtutem</strong></span> <span class='ocrx_word' id='word_1_763' title='bbox 2626 5387 2807 5432; x_wconf 87' lang='lat' dir='ltr'><strong>tamen</strong></span> <span class='ocrx_word' id='word_1_764' title='bbox 2866 5376 3057 5433; x_wconf 89' lang='lat' dir='ltr'><strong>urendi</strong></span> <span class='ocrx_word' id='word_1_765' title='bbox 3115 5373 3406 5430; x_wconf 76' lang='lat' dir='ltr'><strong>adversum</strong></span> <span class='ocrx_word' id='word_1_766' title='bbox 3457 5372 3610 5441; x_wconf 83' lang='lat' dir='ltr'><strong>ipsos</strong></span> 
     </span>
    </p>
   </div>
   <div class='ocr_carea' id='block_1_113' title="bbox 2046 5466 2444 5524">
    <p class='ocr_par' dir='ltr' id='par_1_113' title="bbox 2046 5466 2444 5524">
     <span class='ocr_line' id='line_1_113' title="bbox 2046 5466 2444 5524; baseline -0.01 0"><span class='ocrx_word' id='word_1_767' title='bbox 2046 5483 2156 5524; x_wconf 84' lang='lat' dir='ltr'><strong>non</strong></span> <span class='ocrx_word' id='word_1_768' title='bbox 2188 5466 2444 5523; x_wconf 85' lang='lat' dir='ltr'><strong>habebat.</strong></span> 
     </span>
    </p>
   </div>
   <div class='ocr_carea' id='block_1_114' title="bbox 1705 5660 2263 5722">
    <p class='ocr_par' dir='ltr' id='par_1_114' title="bbox 1705 5660 2263 5722">
     <span class='ocr_line' id='line_1_114' title="bbox 1705 5660 2263 5722; baseline 0.002 -3"><span class='ocrx_word' id='word_1_769' title='bbox 1705 5660 1907 5722; x_wconf 78' lang='lat' dir='ltr'><strong>Variae</strong></span> <span class='ocrx_word' id='word_1_770' title='bbox 1936 5660 2263 5722; x_wconf 88' lang='lat' dir='ltr'><strong>lectiones.</strong></span> 
     </span>
    </p>
   </div>
   <div class='ocr_carea' id='block_1_115' title="bbox 424 5758 859 5829">
    <p class='ocr_par' dir='ltr' id='par_1_115' title="bbox 424 5758 859 5829">
     <span class='ocr_line' id='line_1_115' title="bbox 424 5758 859 5829; baseline 0.009 -19"><span class='ocrx_word' id='word_1_771' title='bbox 424 5758 471 5792; x_wconf 64' lang='grc' dir='ltr'><strong>ν</strong></span> <span class='ocrx_word' id='word_1_772' title='bbox 502 5758 559 5810; x_wconf 71' lang='grc' dir='ltr'>ἐν</span> <span class='ocrx_word' id='word_1_773' title='bbox 583 5758 777 5829; x_wconf 71' lang='grc' dir='ltr'>ετρήνῃ</span> <span class='ocrx_word' id='word_1_774' title='bbox 805 5773 859 5814; x_wconf 91' lang='lat'><strong>0.</strong></span> 
     </span>
    </p>
   </div>
   <div class='ocr_carea' id='block_1_116' title="bbox 714 5848 1443 5910">
    <p class='ocr_par' dir='ltr' id='par_1_116' title="bbox 714 5848 1443 5910">
     <span class='ocr_line' id='line_1_116' title="bbox 714 5848 1443 5910; baseline 0 -2"><span class='ocrx_word' id='word_1_775' title='bbox 714 5849 987 5909; x_wconf 78' lang='grc' dir='ltr'>ΡΑτιιοι..</span> <span class='ocrx_word' id='word_1_776' title='bbox 1039 5849 1154 5910; x_wconf 80' lang='lat' dir='ltr'><strong>GR.</strong></span> <span class='ocrx_word' id='word_1_777' title='bbox 1207 5848 1443 5908; x_wconf 78' lang='lat' dir='ltr'><strong>CXXV.</strong></span> 
     </span>
    </p>
   </div>
   <div class='ocr_carea' id='block_1_117' title="bbox 3138 5849 3251 5913">
    <p class='ocr_par' dir='ltr' id='par_1_117' title="bbox 3138 5849 3251 5913">
     <span class='ocr_line' id='line_1_117' title="bbox 3138 5849 3251 5913; baseline 0.018 -2"><span class='ocrx_word' id='word_1_778' title='bbox 3138 5849 3251 5913; x_wconf 11' lang='lat'><strong>712</strong></span> 
     </span>
    </p>
   </div>
  </div>
