4014 6208
390 317 498 382 365

1020 358 1056 379 δ
1140 330 1546 396 EXPOSITIO
1585 338 1668 399 IN
1708 339 1942 403 EPIST.
1980 345 2081 405 AD
2118 348 2507 415 HEBREOS.
2543 383 2607 392 -
2641 361 2925 425 CAP.X[.

3549 376 3656 444 366

406 433 497 499 Ὧς
523 434 572 488 οἱ
606 438 737 509 περὶ
784 439 997 509 Ἠλίαν,
1026 446 1198 511 οὕτως
1220 444 1362 520 ἦσαν
1388 453 1716 525 ἀκτήμονες.
1752 457 1952 513 Ἐπειδί

406 527 501 560 ..λιιι
534 527 688 560 λη’...
747 535 1020 560 ----.ε-..-.
1074 536 1121 560 ,τ
1164 543 1267 560 -.ο
1335 544 1367 560 μ
1438 545 1449 560 ι
1651 548 1663 560 .
1743 548 1770 560 ..
1848 549 1859 560 .

2077 460 2308 532 Elias,et
2330 470 2422 540 qui
2446 487 2569 528 eum
2599 491 2665 530 eo
2694 490 2851 536 erant
2876 497 2892 548 ;
2930 481 3065 539 adeo
3096 499 3278 544 rerum
3308 496 3655 560 possessione

389 527 501 597 γὰρ
534 527 690 584 οὔπω
747 535 1020 609 τοσαύτην
1070 536 1215 611 εἶχον
1243 543 1515 614 ὑπόληψιν
1546 548 1673 617 περὶ
1701 548 1808 602 τῶν
1836 527 1972 604 ἁποέ

390 619 613 686 στόλων,
652 626 793 692 μετὰ
824 627 886 681 τὸ
916 630 1142 685 ἐκείνων
1203 636 1535 708 μνησθῆναι,
1590 639 1686 693 ἐπὶ
1712 642 1805 695 τὸν
1833 660 1970 715 προ-

388 710 567 780 φήτην
619 711 713 765 τὸν
764 714 973 781 ἔνδοξον
1032 721 1127 774 καὶ
1181 724 1564 797 ἀναληφθέντα
1593 730 1741 802 ἥκει.
1777 710 1967 798 Tuas,

385 800 747 872 Περιῆλθον,
774 806 835 858 ab
858 808 1154 866 διώκεσθαι
1220 816 1423 881 αὐτοὺς
1480 800 1635 892 δηλοῖ
1677 825 1773 876 καὶ
1797 824 1970 878 ἀστα-

384 894 521 946 τεῖν.
552 895 796 970 Μηλωτὴ
826 899 905 968 δὲ,
932 902 991 956 τὸ
1018 903 1126 958 τοῦ
1149 906 1375 976 μήλου,
1413 911 1534 982 ἦτοι
1563 913 1659 967 τοῦ
1694 913 1967 986 προϐάτου

381 985 581 1057 δέρμα.

467 1170 951 1244 ’λ’στερούιὶενοι.
989 1179 1077 1244 Ὠς
1109 1185 1272 1250 αὐτὸς
1306 1183 1667 1255 οῦτοςΊὶλίας
1691 1194 1968 1248 καὶἙλισο

378 1265 550 1324 σαῖος.
583 1262 849 1331 Γυναῖκες
879 1270 989 1340 γὰρ
1016 1274 1216 1339 αὐτοὺς
1248 1277 1495 1348 ἔτρεφον.

452 1351 803 1424 Θλιϐόμενοι
834 1396 849 1422 ,
902 1368 1408 1435 κακουχούμενοι.
1471 1372 1545 1425 Οὐ
1615 1375 1788 1446 μικρὰ
1854 1378 1962 1450 γὰρ

375 1444 568 1497 Ἠλίαν
597 1448 833 1512 Ἰεζάϐελ
873 1452 1053 1509 ἔθλιὸε
1083 1458 1373 1517 διώκουσα.

446 1528 566 1589 Ὧν
605 1542 717 1593 οὐκ
747 1537 827 1610 ἦν
869 1544 1042 1613 ἄξιος
1072 1553 1104 1602 ό
1135 1553 1383 1621 κόσμος.
1417 1557 1531 1611 Οὐκ
1565 1557 1737 1629 ἔχετε,
1769 1562 1956 1632 φησὶν,

371 1626 552 1681 εἰπεῖν
617 1630 699 1684 ὃτι
765 1634 1081 1707 ἁμαρτωλοὶ
1151 1642 1325 1710 ὄντες,
1370 1626 1663 1703 τοιαῦτανά
1694 1626 1956 1723 ἔπασχον,

372 1718 514 1771 ἀλλὰ
563 1723 816 1793 τοιοῦτοι,
879 1723 984 1782 οἷοι
1008 1734 1103 1785 καὶ
1133 1734 1229 1788 τοῦ
1251 1737 1461 1808 κόσμου
1492 1740 1660 1795 αὐτοῦ
1697 1742 1956 1814 τιμιώτε-

372 1828 461 1876 ροι
494 1808 654 1866 εἶναι.
686 1817 904 1888 Κόσμον
930 1820 1008 1888 δὲ,
1040 1824 1137 1877 καὶ
1167 1826 1226 1879 τὸ
1265 1828 1476 1899 πλῆθος
1506 1834 1603 1887 καὶ
1637 1808 1957 1906 τὴν-κτίσιν
1990 1811 2033 1867 Β

369 1903 547 1975 αὑτήν
602 1925 768 1978 φησιν
802 1913 833 1983 ἡ
869 1912 1085 1988 Γραφή.
1148 1920 1441 1979 Κάνταῦθα
1498 1921 1592 1982 οῦν
1640 1903 1951 2003 ἀμφότερα.

382 1993 512 2048 Ἐὰν
547 1999 731 2054 πᾶσαν
753 1998 864 2067 οὖν,
896 2009 1050 2076 φησι,
1079 2009 1178 2081 τὴν
1214 2014 1392 2069 κτίσιν
1415 2018 1556 2087 μετὰ
1581 2020 1688 2074 τῶν
1722 2023 1781 2075 ἐν
1815 2023 1953 2095 αὐτῇ

372 2086 681 2157 ἀνθρώπων
711 2095 1040 2171 ἀντιστήσῃς
1071 2104 1306 2170 τούτοις,
1332 2107 1485 2164 οὐδὲν
1516 2110 1763 2180 ἀντάξιον
1790 2114 1955 2186 εὑρή-

373 2196 487 2243 σεις
510 2184 738 2241 τούτων.
806 2189 1070 2247 Ἐνταῦθα
1126 2195 1182 2249 δὲ
1228 2197 1564 2271 διανίστησιν
1618 2206 1799 2260 αὐτῶν
1855 2208 1954 2272 τὰς

372 2273 624 2343 καρδίας,
661 2276 802 2331 ὥστε
847 2282 1015 2352 μηδὲν
1066 2284 1251 2357 ζητεῖν
1273 2290 1380 2345 τῶν
1408 2293 1467 2345 ὲν
1489 2292 1566 2364 τῷ
1594 2296 1807 2367 κόσμῳ,
1838 2298 1953 2367 εἴγε

371 2365 400 2415 ό
429 2363 634 2436 κόσμος
691 2369 792 2423 οὐκ
861 2372 1009 2429 ἔστιν
1037 2377 1188 2443 ἄξιος
1236 2381 1346 2436 τῶν
1402 2363 1825 2458 ἁγίων.⁹Υϐρις
1846 2363 1954 2459 γαρ

371 2474 464 2510 σου
501 2459 674 2527 ἐστὶν,
733 2463 828 2517 ἐὰν
880 2467 1115 2526 ἐνταῦθα
1158 2471 1328 2546 λάϐῃς
1354 2475 1446 2531 τὸν
1486 2477 1700 2545 μισθόν·
1742 2479 1954 2546 ἔδειξας

369 2552 481 2624 γὰρ
510 2558 708 2612 σαυτὸν
753 2559 1063 2632 ούδαμινῶν
1094 2564 1223 2620 ὄντα
1248 2568 1420 2633 ἄξιον.
1467 2569 1531 2624 Εί
1565 2574 1673 2637 πᾶς
1700 2575 1727 2626 ὁ
1748 2575 1953 2646 κόσμος

367 2647 472 2700 ούκ
498 2646 649 2704 ἔστιν
672 2651 823 2718 ἄξιος
848 2655 969 2720 ἐνὸς
999 2655 1184 2725 ἁγίου,
1218 2660 1272 2713 τί
1310 2663 1476 2734 μέρος
1507 2663 1725 2736 ζητείς;

448 2930 551 2986 Ἐν
586 2931 854 3002 ἐρημίαις
883 2939 1286 3009 πλανώμενοι,
1312 2944 1412 2997 καὶ
1455 2945 1647 3013 ὄρεσι,
1670 2946 1770 3001 καὶ
1790 2961 1950 3016 σπη-

361 3023 590 3090 λαίοις,
628 3026 728 3079 και
757 3026 888 3094 ταῖς
913 3030 1089 3097 ὀπαῖς
1116 3032 1229 3100 τῆς
1250 3033 1383 3104 τῆς.
1419 3035 1509 3101 Ὠς
1538 3037 1755 3106 Ἠλίας,
1779 3041 1874 3093 καὶ
1897 3042 1948 3095 oi

364 3118 646 3187 προφῆται
675 3118 733 3172 δὲ
774 3122 823 3174 οί
868 3122 973 3176 ὑπὸ
1044 3125 1254 3180 Ἀὁδίου
1311 3130 1640 3200 τρεφόμενοι
1693 3133 1939 3205 κρύϐδην
1974 3157 2019 3218 c

363 3211 423 3262 ὲν
449 3209 530 3281 τῷ
562 3213 984 3284 σπηλαίῳ.ούδὲ
1006 3217 1104 3290 τὴν
1134 3220 1567 3295 ὲρημίαν,φησὶ,
1590 3225 1732 3293 μετὰ
1761 3226 1947 3292 ἀδείας

362 3302 537 3355 οἰκεῖν
584 3307 1012 3377 συνεχωροῦντο,
1076 3310 1215 3365 ἀλλὰ
1250 3313 1513 3368 κάκεῖθεν
1546 3315 1847 3386 ἠλαύνοντο
1871 3318 1950 3390 τῷ

363 3394 536 3464 φόϐῳ,
599 3399 694 3452 καὶ
751 3397 942 3453 ἄλλοτε
971 3402 1210 3473 ἀλλαχοῦ
1237 3404 1572 3461 ἐπλανῶντο.
1621 3408 1764 3462 Ἀλλ’
1797 3411 1949 3479 ὅμως

358 3482 649 3540 ἐπίστευον
677 3489 1027 3559 παράκλησιν
1058 3493 1281 3548 αἰώνιον
1301 3495 1569 3566 λήψεσθαι
1600 3500 1752 3570 παρὰ
1788 3500 1945 3569 Θεοῦ,

359 3576 455 3629 καὶ
496 3578 773 3649 ὑπέμενον
811 3581 1002 3638 ταῦτα.

431 3670 543 3725 Καὶ
612 3668 782 3729 οὗτοι
857 3675 1085 3745 πάντες
1142 3683 1629 3752 μαρτυρηθέντες
1674 3685 1775 3741 διὰ
1831 3688 1942 3757 τῆς

361 3763 628 3829 πίστεως
681 3768 793 3822 οὐκ
834 3768 1199 3839 ἐκομίσαντο
1248 3773 1365 3842 τὴν
1413 3776 1799 3848 ἐπαγγελίαν.
1855 3781 1942 3845 Τί,

363 3857 519 3923 φησὶ,
575 3860 987 3930 μικροψυχεῖτε,
1038 3864 1204 3917 ὄτιὲν
1232 3866 1311 3936 τῷ
1370 3868 1545 3936 ἀγῶνι
1589 3871 1743 3936 ὄντες
1790 3872 1946 3927 οὔπω

360 3948 463 4008 τὰς
486 3949 723 4017 ancisa;
756 3951 1042 4018 ὲδὲξασθε;
1080 3955 1143 4008 Ol
1170 3958 1454 4027 εἰρημένοι
1515 3960 1718 4025 πάντες
1774 3964 1942 4032 ἅγιοι,

359 4039 543 4093 καίτοι
564 4040 665 4111 ἤδη
692 4045 1134 4116 μαρτυρηθέντες
1156 4048 1244 4102 διὰ
1263 4049 1363 4120 τῆς
1385 4050 1623 4116 πίστεως
1647 4055 1947 4127 εύηρεστη-

360 4134 545 4202 κέναι,
606 4136 760 4191 οὔπω
812 4144 1148 4213 τετυχήκασι
1174 4143 1283 4198 τῶν
1321 4148 1382 4200 ὲν
1414 4146 1670 4219 οὐρανοῖς
1700 4151 1945 4221 ἐπαγγε-

355 4225 514 4282 λιῶν.
546 4228 669 4282 Τῶν
733 4231 843 4303 γὰρ
898 4236 1048 4289 κάτω
1091 4239 1239 4302 τινὲς
1268 4240 1538 4312 ἐπέτυχον
1564 4244 1940 4313 ἐπαγγελιῶν.

360 4315 442 4380 ὡς
472 4319 501 4372 ὁ
528 4320 713 4376 Δαὸίδ.
762 4323 903 4376 Ἀλλ’
932 4327 994 4380 οὐ
1026 4329 1186 4383 τοῦτο
1215 4331 1277 4385 τὸ
1309 4331 1675 4404 ζητούμενον·
1710 4338 1780 4391 τὰ
1805 4336 1864 4391 δὲ
1888 4338 1944 4392 ἐν

356 4411 638 4480 οὐρανοῖς,
670 4413 848 4471 ταῦτα
872 4418 1014 4474 εἰσιν
1042 4419 1212 4487 ὅντως
1237 4425 1585 4496 ἐπαγγελίαι.

434 4684 548 4740 Τοῦ
582 4687 735 4742 Θεοῦ
784 4690 911 4757 περὶ
939 4691 1111 4757 ἡμῶν
1140 4693 1411 4761 κρεῖττόν
1438 4711 1494 4749 τι
1521 4700 1942 4771 προϐλεψαμέ-

350 4790 493 4838 νου,
527 4776 631 4831 ινα
655 4776 742 4847 μὴ
775 4780 955 4847 χωρίς
1007 4781 1179 4851 ἡμῶν
1217 4785 1633 4843 τελειωθῶσιν.
1680 4790 1944 4861 Κρεῖττόν

354 4883 437 4931 τι,
467 4868 746 4935 τουτέστι,
774 4871 914 4943 πρὸς
946 4876 1118 4944 τιμὴν
1141 4875 1323 4945 ἡμῶν.
1352 4878 1471 4931 Ἵνα
1502 4879 1611 4950 γὰρ
1643 4880 1719 4950 μὴ
1741 4882 1942 4938 δοκῶσι

355 4956 708 5013 πλεονεκτεῖν
764 4963 924 5033 ἡμῶν
953 4964 1030 5035 τῷ
1064 4965 1319 5037 πρώτους
1374 4971 1799 5040 στεφανοῦσθαι,
1842 4974 1940 5028 ἕνα

357 5050 498 5103 πᾶσι
526 5052 723 5123 καιρὸν
784 5053 954 5125 ὥρισε
980 5057 1089 5109 τῶν
1122 5059 1427 5127 στεφάνων.
1465 5062 1576 5115 Καὶ
1623 5062 1725 5116 οὐκ
1761 5060 1938 5132 εἶπεν,

356 5141 497 5196 Ἵνα
513 5142 602 5213 μὴ
626 5146 1115 5214 στεφανωθῶσιν,
1132 5149 1402 5214 annm
1419 5151 1504 5221 μὴ
1525 5154 1937 5211 τελειωθῶσιν.

353 5232 521 5286 ’Ὥστε
587 5236 682 5289 καὶ
739 5237 936 5291 τέλειοι
969 5241 1090 5293 τότε
1148 5242 1457 5311 φαίνονται.
1495 5244 1707 5308 ’Ἄλλως
1728 5263 1790 5299 τε
1842 5244 1939 5299 νῦν

350 5324 686 5395 ἀρραϐῶνας
707 5327 890 5399 ἔχουσι
924 5331 1024 5402 τῆς
1064 5334 1250 5404 τιμῆς.
1297 5334 1469 5388 Πόθεν
1520 5335 1629 5408 γὰρ
1684 5337 1868 5401 αὐτοῖς
1902 5341 1936 5409 ἡ

348 5416 438 5479 εἰς
458 5417 519 5470 τὸ
547 5417 763 5491 βοηθεῖν
812 5424 926 5486 τοῖς
950 5423 1401 5496 ἐπικαλουμένοις
1426 5427 1622 5490 αὐτοὺς
1652 5426 1884 5498 δύναμις
1916 5447 1931 5496 ;

347 5505 522 5564 πόθεν
547 5510 610 5563 τὸ
636 5512 956 5584 παρρησίαν
996 5515 1143 5587 ἔχειν
1180 5516 1261 5582 είς
1289 5516 1351 5571 τὸ
1382 5517 1709 5588 πρεσϐεύειν
1736 5536 1753 5586 ;
1784 5519 1849 5572 τὺ
1875 5520 1932 5574 δὲ

2079 558 2357 614 carebant.
2384 560 2519 627 Quia
2556 566 2700 621 enim
2756 570 2996 625 nondum
3035 581 3243 632 tantam
3274 558 3343 636 de
3391 589 3654 655 apostolis

2071 647 2386 715 opinionem
2433 669 2839 729 conceperunt,
2896 672 3188 737 postquam
3235 671 3454 731 illorum
3500 694 3653 735 men-

2072 740 2274 797 tionem
2302 745 2543 813 fecisset,
2563 751 2631 805 ad
2666 752 2926 826 inclytum
2958 762 3277 831 prophetam
3319 768 3413 837 qui
3446 771 3499 826 in
3538 788 3651 830 cm—

2072 831 2183 886 lnm
2214 838 2485 902 sublatus,
2507 842 2671 898 venit.
2700 846 2855 912 Quod
2885 859 3065 906 autem
3087 854 3164 908 ait
3189 873 3200 906 τ
3236 857 3647 932 Circumierunt,

2068 936 2163 977 eos
2204 930 2643 994 persecutionem
2688 951 2808 993 esse
2866 954 3060 1009 passos
3094 945 3322 1018 indicat,
3367 956 3504 1010 etin
3537 974 3649 1015 uno

2069 1013 2188 1069 loco
2210 1032 2318 1072 non
2357 1024 2604 1090 potuisse
2636 1030 2843 1084 murari
2874 1049 2889 1085 :
2936 1030 3131 1090 Melcte
3169 1049 3375 1110 autem,
3414 1047 3533 1103 ovis
3564 1053 3649 1106 vel

2068 1110 2292 1176 pecudis
2331 1125 2417 1168 est
2452 1118 2632 1186 pellis.

2136 1199 2382 1271 Egentes.
2424 1205 2493 1261 Ut
2529 1211 2616 1265 ille
2670 1212 2789 1284 ipse
2836 1216 2981 1274 Elias
3008 1227 3061 1274 et
3093 1219 3345 1284 Elismus.
3388 1230 3646 1294 Mulieres

2065 1291 2208 1345 enim
2241 1310 2334 1350 eos
2370 1298 2612 1357 alebant.

2135 1384 2463 1454 Angustiati,
2527 1395 2728 1464 afﬂicti.
2782 1396 2935 1456 Haud
3008 1419 3203 1474 parum
3258 1411 3400 1468 enim
3466 1415 3639 1475 Etiam

2063 1472 2280 1532 Iezabel
2314 1487 2694 1548 persecutione
2725 1504 2823 1544 sua
2850 1472 3061 1553 aﬂlixit.

2138 1565 2302 1622 Vens.
2338 1572 2427 1628 58.
2483 1574 2687 1641 Quibus
2732 1580 2921 1651 dignus
2950 1604 3053 1641 non
3091 1603 3207 1646 erat
3239 1600 3488 1656 mundus.
3518 1602 3639 1660 Non

2062 1661 2291 1728 potestis
2309 1663 2514 1726 dicere,
2538 1669 2733 1737 inquit,
2757 1674 2901 1740 quod
2930 1689 3248 1745 peccatores
3282 1703 3405 1743 cum
3433 1707 3639 1759 essent,

2066 1751 2181 1806 haec
2226 1753 2335 1807 sint
2380 1758 2527 1825 passi
2564 1776 2578 1811 :
2628 1776 2815 1817 verum
2870 1767 3006 1825 tales
3049 1770 3293 1843 fuerunt,
3329 1789 3386 1834 ut
3432 1794 3486 1838 et
3519 1782 3640 1855 ipso

2063 1846 2268 1898 mundo
2324 1846 2704 1908 honoratiores
2766 1866 2973 1914 essent.
3037 1860 3297 1922 Mundum
3351 1846 3641 1934 autem-et

2062 1933 2346 1992 hominum
2419 1941 2873 2016 multitudinem,
2934 1959 2990 2007 et
3051 1958 3240 2013 mundi
3299 1972 3637 2025 structuram

2060 2026 2343 2098 Scriptura
2377 2032 2634 2101 appellat.
2664 2034 2908 2110 Utraque
2932 2052 3115 2102 autem
3148 2049 3237 2106 hic
3265 2057 3635 2127 accipiuntur.

2058 2113 2117 2171 Si
2152 2119 2333 2190 itaque
2363 2121 2693 2193 universam,
2727 2129 3129 2200 inquit,mundi
3159 2113 3484 2202 structor-am
3510 2164 3634 2205 cum

2061 2210 2373 2268 hominibus
2404 2215 2495 2285 qui
2525 2216 2579 2271 in
2610 2233 2676 2272 eo
2706 2229 2982 2279 suntcum
3025 2225 3146 2285 istis
3184 2233 3456 2302 conferas,
3498 2241 3635 2297 nihil

2058 2301 2307 2359 invenies
2332 2306 2476 2374 quod
2504 2305 2611 2362 illis
2643 2309 2908 2381 dignitate
2938 2320 3288 2389 respondeat.
3325 2325 3424 2382 llic
3443 2301 3632 2386 autem

2056 2395 2254 2450 excitat
2308 2412 2496 2454 eorum
2551 2401 2716 2476 744
2770 2405 2959 2473 corda,
3015 2420 3075 2466 ut
3120 2415 3254 2470 nihil
3294 2422 3631 2480 mundanum

2057 2499 2306 2553 quaerant
2336 2506 2350 2543 :
2387 2489 2660 2561 siquidem
2693 2498 2930 2557 mundus
2960 2513 3045 2559 est
3094 2506 3353 2580 indignus
3385 2513 3630 2573 'sanetis.

2055 2574 2260 2644 Iujuria
2287 2579 2433 2634 enim
2471 2590 2561 2637 tua
2604 2592 2711 2652 est,
2756 2586 2803 2640 si
2848 2587 2942 2645 hic
2984 2597 3261 2665 acceperis
3302 2604 3629 2664 mercedem.

2055 2663 2372 2725 Munstrasti
2425 2672 2572 2729 enim
2623 2676 2856 2748 teipsum
2910 2663 3129 2742 nullius
3172 2704 3301 2746 esse
3358 2697 3543 2764 pretii.
3571 2696 3629 2755 Si

2056 2757 2347 2815 universus
2387 2765 2625 2820 mundus
2642 2782 2752 2823 non
2782 2779 2863 2825 est
2891 2771 3089 2844 dignus
3121 2792 3232 2834 uno
3260 2793 3473 2853 saneto,
3498 2789 3628 2856 quid

2053 2859 2262 2919 partem
2292 2856 2593 2923 quaeritas?

2124 2942 2192 2998 In
2234 2945 2612 3004 solitudinibus
2645 2962 2901 3020 errantes,
2924 2965 2974 3011 et
2994 2961 3278 3031 montibus,
3301 2974 3350 3020 et
3368 2968 3631 3037 speluncis

2053 3044 2102 3088 et
2144 3037 2381 3091 cavernis
2411 3045 2584 3096 terrae.
2614 3039 2683 3097 Ut
2715 3044 2890 3111 Elias,
2928 3055 2982 3102 et
3017 3055 3316 3123 prophetae.
3353 3060 3446 3129 qui
3478 3062 3632 3119 elan-

2052 3126 2233 3182 culum
2260 3129 2330 3185 ab
2370 3128 2540 3186 Abdia
2563 3134 2615 3188 in
2650 3139 2911 3206 spelunca
2938 3141 3246 3202 alebantur.
3277 3126 3464 3222 Neque
3494 3158 3631 3212 soli-

2058 3219 2327 3285 tudinem,
2366 3223 2566 3293 inquit,
2598 3227 2719 3283 sine
2750 3230 2947 3289 timore
2970 3232 3211 3293 incolere
3234 3219 3631 3310 permittebam

2053 3317 2163 3378 tur,
2192 3327 2380 3367 verum
2412 3317 2540 3372 inde
2568 3318 2729 3374 etiam
2767 3332 2914 3379 metu
2953 3326 3334 3399 abigebantur,
3388 3347 3444 3391 et
3483 3355 3630 3396 nunc

2050 3402 2161 3468 hic,
2187 3420 2335 3460 nunc
2379 3407 2492 3463 illic
2523 3410 2874 3469 oberrabant.
2903 3416 3155 3476 Attamen
3182 3425 3475 3483 credebant
3504 3447 3628 3488 sese

2049 3499 2481 3555 consolationem
2516 3511 2777 3558 aeternam
2808 3517 3132 3587 accepturos
3161 3529 3191 3568 a
3224 3515 3353 3585 Deo,
3397 3520 3626 3594 ideoque

2050 3587 2167 3644 haec
2194 3591 2561 3658 patiebantur.

2120 3677 2289 3736 Vens.
2314 3682 2405 3737 59.
2424 3682 2488 3736 Et
2509 3684 2564 3737 hi
2582 3700 2781 3754 omnes,
2810 3692 3103 3748 testimonio
3128 3698 3625 3772 [ideiprobatimon

2048 3786 2355 3841 acceperunt
2387 3779 2867 3844 repromissiouem.
2902 3781 3061 3853 Quid,
3093 3790 3288 3862 inquit.
3336 3800 3624 3867 pusillani-

2049 3878 2166 3918 mes
2193 3866 2344 3930 estis,
2386 3867 2533 3936 quod
2580 3885 2704 3924 eum
2753 3873 2807 3927 in
2848 3881 3150 3953 certamine
3187 3886 3332 3952 silis,
3377 3893 3621 3949 nendum

2049 3956 2371 4025 acceperitis
2423 3961 2760 4028 prtemium?
2813 3965 3058 4025 Praedicti
3136 3989 3330 4032 omnes
3388 3987 3620 4042 sancti.

2048 4046 2263 4104 etiamsi
2295 4050 2667 4107 testimonium
2708 4053 2969 4113 haberent
2999 4064 3144 4131 quod
3187 4066 3296 4121 Deo
3335 4085 3431 4138 per
3462 4074 3621 4129 tidem

2024 4138 2352 4209 .placehant,
2382 4140 2625 4196 nondum
2659 4152 2839 4201 tamen
2870 4154 3107 4207 assecuti
3150 4167 3280 4212 sunt
3318 4163 3622 4220 caelestium

2047 4231 2319 4288 bonorum
2373 4234 2793 4303 promissiones.
2854 4240 3062 4299 lnferas
3109 4248 3327 4314 quidem
3376 4253 3621 4326 adeoque

2048 4333 2338 4381 terrestres
2388 4326 2783 4395 promissiones
2834 4336 3082 4390 nonnulli
3138 4340 3317 4411 adepti
3361 4357 3510 4414 sum,
3563 4366 3623 4406 ut

2050 4414 2239 4471 David.
2285 4415 2554 4473 Caeterum
2609 4419 2663 4474 id
2721 4435 2831 4476 non
2884 4433 3003 4479 erat
3046 4430 3188 4497 quod
3221 4437 3617 4501 qumrebatur:

1975 4495 2025 4553 Ι)
2050 4509 2146 4564 sed
2180 4525 2301 4580 qum
2326 4512 2379 4566 in
2412 4512 2566 4569 etatis
2598 4522 2748 4580 sunt,
2781 4515 2884 4571 ista
2908 4531 3096 4575 revera
3138 4535 3267 4597 sunt
3300 4532 3622 4596 proudesio-

2040 4613 2158 4654 nes.

2116 4690 2283 4748 Vens.
2325 4694 2414 4749 40.
2445 4695 2555 4751 Deo
2583 4698 2648 4752 de
2670 4700 2819 4757 nobis
2847 4704 3036 4759 melius
3065 4708 3270 4778 aliquid
3292 4714 3617 4784 prouidente,

2045 4793 2102 4837 ut
2136 4800 2240 4838 non
2276 4788 2388 4841 sine
2417 4788 2570 4843 nobis
2602 4806 3115 4852 consummarentur.
3158 4797 3349 4858 Melius
3387 4805 3617 4876 aliquid,

2048 4875 2154 4932 hoc
2182 4885 2289 4942 est,
2317 4879 2384 4933 ad
2414 4880 2683 4937 honorem
2720 4894 2990 4942 nostrum.
3027 4888 3104 4945 Ne
3148 4892 3439 4950 videantur
3468 4875 3618 4953 etiim

2044 4969 2207 5025 nobis
2244 4985 2368 5026 esse
2417 4974 2657 5041 potiores
2688 4976 2734 5030 si
2777 4978 2939 5047 primi
2967 4995 3399 5052 coronarentur,
3450 5004 3616 5044 unum

2040 5060 2298 5115 omnibus
2330 5078 2660 5119 coronarum
2706 5076 2922 5138 tempus
2952 5076 3161 5129 statuit.
3215 5077 3327 5133 Nec
3355 5078 3513 5146 dixit,
3548 5080 3619 5135 Ut

2042 5166 2151 5205 non
2184 5164 2603 5220 coronarentur,
2660 5159 2780 5224 sed,
2826 5163 2888 5217 Ut
2944 5180 3047 5220 non
3101 5184 3615 5229 consummarentur.

2093 5243 2331 5304 Proinde
2382 5256 2514 5305 tunc
2546 5250 2774 5317 perfecti
2807 5255 3156 5316 videbuntur.
3186 5260 3474 5327 Praeterea,
3501 5263 3613 5334 jam

2039 5351 2191 5391 nunc
2231 5339 2593 5394 arrhabonem
2628 5348 2683 5396 et
2714 5345 2912 5414 pignus
2942 5346 3167 5405 honoris
3201 5351 3418 5407 habent.
3460 5350 3615 5411 Unde

2043 5426 2190 5482 enim
2253 5428 2334 5483 eis
2398 5440 2644 5499 potestas
2710 5436 3011 5490 auxiliandi
3063 5438 3452 5499 invocantibus
3503 5447 3616 5501 se?

2046 5516 2201 5574 Unde
2230 5518 2364 5588 ipsis
2394 5520 2592 5579 fiducia
2619 5523 2994 5582 intercedendi
3032 5528 3057 5582 τ
3087 5526 3487 5592 Perfectioaem
3515 5553 3615 5594 au-

1695 5695 1899 5759 Varite
1921 5694 2250 5761 lectiones.

450 5790 500 5827 ”
516 5790 698 5848 ταῦτα
722 5809 775 5849 o.
