4014 6208
382 282 514 348 ν-’367
1318 283 1909 346 THEOPHYLACTI
1933 286 2349 352 BULGARLE
2377 292 2732 356 ARCHIEP.
3544 293 3650 358 368

411 406 520 451 tem
559 404 611 450 et
645 394 1320 451 consummationcm‘tum
1352 395 1643 466 accipient.
1666 394 1855 450 Nonne
1880 396 1956 466 igi

2084 400 2290 456 τέλειον
2340 405 2463 457 τότε
2511 404 2903 475 ἀπολήψονται.
2938 399 3084 476 ’Λρα
3133 397 3227 458 οὖν
3270 402 3370 457 οὐκ
3408 402 3586 460 ἀδικεῖ
3621 406 3650 458 ό

408 492 500 538 tur
552 484 788 554 injustas
840 489 924 538 est
974 483 1079 538 illis
1139 483 1306 549 Deus,
1353 482 1398 538 si
1442 497 1544 538 nos
1592 485 1956 539 anteverterin

2085 491 2216 555 Θεὸς
2234 494 2497 562 ἐκείνους,
2528 495 2643 562 εἴτε
2668 495 2970 566 προέλαϐον
3003 495 3100 566 μὲν
3127 496 3186 549 ὲν
3211 496 3323 557 τοῖς
3358 495 3647 565 καμάτοις.

410 575 711 639 laboribus,
739 576 792 628 in
827 574 1049 629 coronis
1075 583 1254 631 autem
1281 592 1382 631 nos
1413 577 1787 648 exspectent?
1826 577 1982 632 Mini-

408 680 493 719 me
528 682 541 718 :
570 679 693 718 nam
721 675 773 718 et
802 664 909 719 illis
943 665 1045 719 hoc
1074 674 1289 737 gratum
1318 677 1421 733 est,
1448 677 1507 722 ut
1556 682 1679 721 cum
1717 666 1980 724 fratribus

404 763 872 809 consummentur.
901 752 1114 826 Corpus
1141 771 1306 810 unum
1341 772 1530 812 omnes
1558 772 1771 812 sumus.
1803 756 1977 827 Majo-

404 860 516 898 rem
550 843 728 914 igitur
767 845 986 914 corpori
1019 846 1349 916 voluptatem
1386 849 1608 916 priebet,
1642 848 1688 903 si
1728 862 1977 902 corruun—

402 935 548 989 niter
600 935 902 990 secundum
963 936 1147 991 omnia
1196 938 1438 993 membra
1498 952 1597 993 sua
1655 945 1971 993 coronetur.

402 1024 545 1081 Deus
583 1033 668 1081 est
692 1023 856 1081 Pater
877 1025 1173 1081 liberorum
1193 1028 1624 1092 amantissimus,
1660 1030 1755 1098 qui
1797 1030 1975 1084 varios

402 1118 562 1173 habet
586 1118 728 1174 ﬁlios
766 1136 780 1186 ;
825 1118 916 1172 alii
945 1120 1188 1187 quidem,
1236 1120 1493 1190 perfectis
1530 1120 1791 1191 operibus
1831 1121 1969 1185 suis,

397 1224 464 1263 ex
498 1210 646 1277 agris
680 1210 917 1267 celerius
945 1211 1194 1274 redeunt,
1237 1212 1327 1265 alii
1361 1226 1488 1265 vero
1525 1212 1840 1269 laborantes
1873 1214 1970 1269 ad.

398 1300 1116 1371 hucibipersistunt.Dedit
1152 1302 1219 1357 iis
1247 1303 1337 1371 qui
1373 1301 1604 1371 primum
1627 1304 1968 1372 laborarunt,

397 1394 876 1464 praegustationem
912 1394 1227 1465 quamdam,
1263 1394 1449 1449 dicens
1477 1408 1540 1448 ac
1569 1395 1835 1450 mandans
1867 1397 1968 1464 eis,

398 1493 460 1538 ut
509 1484 575 1538 ad
634 1484 938 1555 perfectum
977 1500 1148 1553 usque
1190 1484 1502 1539 convivium
1558 1484 1755 1541 fratres
1776 1501 1971 1558 exspe-

395 1585 544 1631 ctent
579 1594 593 1630 :
643 1579 759 1646 qui,
814 1576 1037 1635 humani
1060 1590 1183 1631 cum
1217 1575 1349 1642 sint,
1397 1575 1504 1632 laeti
1535 1587 1879 1648 exspectant,
1913 1587 1970 1632 ut

394 1670 450 1725 in
485 1682 776 1725 commune
805 1668 1202 1724 exhilarentur.

990 1758 1220 1816 CAPUT
1263 1759 1380 1814 ΧΠ.

462 1852 622 1924 745
638 1851 810 1909 Vnus.
833 1852 883 1920 ‘l,
920 1851 1149 1924 Ideoque
1167 1864 1215 1907 et
1254 1871 1351 1909 nos
1379 1861 1582 1907 tantam
1601 1854 1847 1910 habentes
1864 1856 1968 1909 cir-

392 1950 738 2019 cumpositum
758 1949 941 2005 nubem
955 1949 1183 2004 testium.
1203 1947 1319 2002 Non
1334 1948 1490 2011 dixit,
1504 1949 1768 2005 elevatam
1800 1964 1968 2020 super

366 2055 515 2106 ’nos,
552 2041 666 2107 sed,
693 2041 1139 2110 circumpositam,
1170 2039 1272 2094 hoc
1289 2046 1393 2108 est,
1427 2041 1667 2111 undique
1702 2055 1803 2096 nos
1855 2055 1965 2095 am-

393 2130 653 2185 bientem.
670 2130 867 2185 Testes
886 2136 1071 2184 autem
1099 2146 1207 2185 non
1224 2145 1318 2187 eos
1331 2140 1541 2186 tantum
1561 2131 1963 2203 voeathuisunt

391 2219 447 2273 in
477 2217 627 2275 Novo
663 2219 1035 2285 Testamento,
1073 2219 1166 2274 sed
1197 2221 1285 2289 qui
1311 2220 1365 2275 in
1392 2218 1576 2275 Veteri
1606 2222 1793 2276 etiam.
1824 2221 1959 2275 Nam

388 2316 443 2363 et
470 2308 573 2379 ipsi
603 2308 977 2364 testimonium
1007 2309 1358 2380 prtebuerunt
1393 2308 1488 2365 Dei
1520 2306 1961 2381 magniﬁcentiae,

312 2450 313 2453 η
390 2399 470 2453 uti
524 2408 636 2456 tres
689 2401 866 2472 pueri,
917 2400 1108 2456 Daniel
1155 2412 1209 2456 et
1255 2417 1449 2458 omnes
1491 2402 1790 2473 prophetae.
1826 2402 1960 2458 Non

384 2489 521 2545 dixit
580 2497 787 2557 autem,
846 2489 1272 2559 Multitudinem,
1318 2491 1413 2547 sed
1469 2491 1693 2558 Nubem,
1740 2492 1959 2562 praprio

385 2586 625 2640 maxime
667 2600 802 2641 usus
838 2585 1107 2640 vocabulo
1153 2584 1221 2639 ad
1269 2600 1510 2655 praesens
1553 2596 1957 2656 argumentum.

383 2678 652 2745 Quoniam
681 2679 826 2734 enim
860 2677 964 2747 ipsi
991 2676 1348 2731 aﬂlictionum
1378 2684 1517 2732 aestu
1548 2677 1954 2747 premebantur,

381 2768 647 2836 Testium,
669 2769 867 2840 inquit,
884 2768 1144 2824 memoria
1168 2769 1342 2824 instar
1371 2768 1654 2825 nubeculae
1669 2768 1953 2840 cujusdam

382 2861 621 2934 undique
659 2860 951 2917 ambientis
983 2874 1079 2915 vos
1110 2858 1461 2916 rel‘ocillabit.

457 2953 775 3025 Deponentes
823 2969 973 3009 omne
1009 2951 1234 3021 pondus.
1286 2953 1403 3007 Hoc
1454 2961 1556 3018 est,
1611 2955 1953 3008 terrestrium

381 3046 730 3113 negotiorum
771 3044 1064 3107 sarcinam,
1095 3051 1149 3098 et
1172 3056 1334 3096 curas
1366 3042 1475 3097 illis
1494 3041 1776 3099 admistas.
1807 3044 1952 3100 Nihil

378 3134 524 3188 enim
558 3133 705 3189 aliud
750 3144 880 3189 sunt
917 3148 1079 3203 quam
1132 3146 1269 3188 vana
1319 3134 1561 3189 sarcina.
1611 3132 1959 3209 Quid‘igitur

379 3224 698 3297 :egre'fertis
730 3224 797 3280 ab
823 3225 945 3283 istis
985 3224 1205 3280 liberari
1231 3224 1255 3277 ’ἶ

449 3393 519 3448 Et
556 3395 717 3464 facile
757 3396 1108 3450 circumstans
1146 3406 1436 3464 peccaturis.
1478 3394 1575 3451 Vel
1610 3397 1758 3466 quod
1793 3396 1954 3454 facile

378 3503 479 3542 nos
509 3488 850 3555 circumstet,
906 3487 989 3542 vel
1040 3487 1183 3557 quod
1215 3486 1373 3541 facile
1429 3486 1789 3542 devictionem
1845 3490 1953 3558 pati

378 3577 553 3648 possit
584 3595 597 3631 :
631 3577 791 3633 facile
838 3577 982 3633 enim
1025 3585 1128 3645 est,
1169 3578 1214 3632 si
1258 3576 1420 3632 modo
1444 3577 1696 3643 velimus,
1734 3578 1953 3638 vincere

358 3680 683 3742 ,peccatum.
716 3669 810 3725 Vel
835 3678 1057 3741 propter
1082 3670 1225 3740 quod
1264 3670 1420 3732 facile
1448 3670 1737 3740 quisquam
1774 3672 1828 3725 in
1857 3688 1952 3743 pe.

374 3763 547 3817 ricula
574 3762 802 3818 incidit:
842 3762 976 3817 nihil
1003 3762 1145 3817 enim
1170 3761 1305 3817 adeo
1334 3762 1703 3832 periculosum
1735 3770 1792 3815 ut
1821 3777 1950 3833 pec-

372 3860 579 3908 catum.

445 3942 552 3997 Per
585 3942 1205 4013 patientiam'curramus
1226 3943 1553 4012 propositum
1596 3943 1741 3997 nobis
1775 3954 1946 3999 certa-

371 4051 509 4089 men.
543 4032 662 4089 Non
713 4034 899 4104 disits
926 4026 1237 4105 Pugila’tum
1272 4049 1621 4091 eserceamus
1657 4045 1750 4092 aut
1777 4037 1948 4095 lucte-

370 4140 517 4189 mur,
553 4123 650 4180 sed
681 4124 826 4195 quod
859 4125 1106 4179 omnium
1153 4124 1472 4179 facillimum
1522 4134 1660 4190 erat,
1694 4128 1840 4198 quod
1874 4129 1943 4183 ad

369 4227 595 4268 cursum
638 4219 886 4283 spectat,
925 4212 1073 4268 istud
1110 4213 1166 4267 in
1208 4214 1446 4271 medium
1488 4214 1717 4284 profert.
1757 4215 1944 4287 Neque

367 4302 505 4357 dixit
530 4319 545 4357 :
574 4302 852 4358 Addamus
869 4304 1055 4358 cursui
1074 4319 1092 4369 ;
1112 4318 1339 4368 verum,
1370 4302 1427 4358 in
1453 4304 1546 4358 illo
1573 4305 1693 4376 ipso
1722 4323 1940 4378 perma-

1995 1735 2044 1795 Β

2085 584 2142 635 ὲν
2174 583 2230 636 δὲ
2263 585 2375 648 τοῖς
2433 586 2719 654 στεφάνοις
2740 588 2889 656 ἡμᾶς
2927 585 3312 656 περιμένουσιν
3338 603 3353 651 ;
3389 586 3523 638 ἀλλά
3547 589 3636 640 κά.

2085 673 2290 738 κείνοις
2346 678 2505 729 τοῦτο
2560 678 2859 740 ἀσπαστον,
2893 677 2953 729 τὸ
2985 677 3122 746 μετὰ
3161 677 3266 729 τῶν
3291 676 3535 747 ἀδελφῶν
3561 695 3646 731 τεο

2081 762 2392 833 λειωθῆναι.
2450 766 2615 833 Σῶμα
2652 765 2710 819 ἓν
2739 768 3008 828 οἱπάντες
3061 767 3263 836 ἐσμέν*
3322 768 3525 836 μείζων
3569 769 3648 837 τῷ

2080 853 2295 926 σώματι
2324 856 2488 928 ἡδονὴ
2515 859 2643 911 ὅταν
2678 860 2831 928 κοινῇ
2870 859 3226 929 στεφανῶται.
3265 858 3453 930 Πατὴρ
3484 859 3645 929 φιλό-

2080 963 2307 1016 στοργος
2343 949 2371 1000 ό
2399 948 2552 1014 Θεὸς,
2585 949 2875 1018 διαφόρους
2908 948 3047 1019 ἔχων
3077 950 3248 1013 υἱούς·
3275 950 3324 1002 οἱ
3353 949 3454 1017 μὲν
3474 950 3644 1003 ἔπαν-

2075 1036 2240 1105 ἧλθον
2286 1039 2351 1090 ὲκ
2385 1038 2495 1092 τῶν
2533 1038 2723 1109 ἀγρῶν
2748 1038 2955 1108 τάχιον,
2978 1038 3046 1092 τά
3083 1039 3222 1110 ἔργα
3245 1037 3561 1102 ἀνύσαντες,
3594 1041 3645 1092 οἱ

2074 1130 2132 1182 δὲ
2171 1129 2251 1183 ἐτι
2279 1130 2534 1201 μένουσιν
2561 1132 2679 1184 ἐκεῖ
2714 1130 3095 1200 ἐργαζόμενοι.
3121 1130 3333 1184 Δέδοικε
3359 1132 3473 1193 τοῖς
3505 1148 3641 1200 προ-

2075 1221 2314 1290 καμοῦσι
2361 1222 2650 1292 πρόγευμά
2694 1239 2765 1283 τι,
2811 1220 2981 1275 εἰπὼν
3036 1221 3353 1292 περιμένειν
3408 1222 3490 1284 είς
3544 1222 3644 1289 τὴν

2070 1312 2283 1366 τελείαν
2311 1313 2543 1383 εὐωχίαν
2565 1314 2691 1377 τοὺς
2725 1311 2988 1383 ἀδελφούς
3008 1328 3021 1343 ⁶
3048 1313 3096 1365 οἱ
3119 1311 3174 1364 δὲ
3207 1311 3577 1382 φιλάνθρωποι
3598 1312 3641 1342 "'

2071 1400 2223 1465 ὄντες
2254 1402 2532 1474 χαίροντες
2556 1403 2942 1475 ἀναμένουσιν,
2968 1402 3057 1457 ἵνα
3088 1401 3181 1455 καὶ
3209 1402 3362 1472 κοινῇ
3403 1401 3641 1472 εὐφραν-

2074 1491 2227 1545 θῶσι.

2659 1762 2907 1816 ΚΕΦΑΛ.
2958 1762 3056 1818 IB’.

2152 1852 2470 1924 Τοιγαροῦν
2514 1853 2611 1907 καί
2645 1853 2817 1923 ἡμεῖς
2854 1853 3146 1909 τοσοῦτον
3190 1853 3434 1923 ἔχοντες
3480 1866 3639 1920 περι-

2074 1949 2352 2017 κείμενον
2401 1944 2582 2017 νέφος
2627 1948 2965 2016 μαρτύρων.
3040 1947 3152 1999 Οὐκ
3189 1940 3364 2011 εἶπεν,
3408 1946 3635 2014 ὑπεραι-

2074 2041 2339 2112 ρούμενον
2399 2040 2558 2110 ἡμων
2584 2078 2599 2103 ,
2649 2038 2787 2093 ἀλλά
2812 2080 2827 2105 ,
2870 2038 3317 2106 περικείμενον,
3365 2036 3630 2101 τουτέστι,

2071 2131 2337 2186 πάντοθεν
2371 2132 2519 2203 ἡμᾶς
2547 2131 2821 2202 περιέχον.
2882 2131 3179 2200 Μάρτυρας
3208 2127 3286 2195 δὲ,
3335 2127 3397 2182 οὐ
3426 2127 3548 2192 τοὺς
3578 2128 3633 2179 ὲν

2069 2224 2134 2292 τῇ
2168 2222 2342 2291 Καινῇ
2373 2218 2528 2273 καλεῖ
2569 2218 2750 2289 μόνον,
2784 2217 2921 2272 ἀλλά
2954 2217 3050 2271 καὶ
3073 2218 3199 2280 τοὺς
3221 2217 3278 2269 ὲν
3306 2218 3372 2286 τῇ
3403 2214 3632 2286 Παλαιᾷ.

2069 2314 2180 2368 Καὶ
2217 2312 2325 2383 γὰρ
2358 2313 2454 2366 καὶ
2479 2312 2633 2365 αὐτοὶ
2660 2309 3050 2381 ἐμαρτύρησαν
3082 2311 3148 2380 τῇ
3176 2307 3269 2361 τοῦ
3299 2306 3431 2373 Θεοῦ
3466 2322 3633 2378 μεγαο

2068 2406 2328 2473 λειότητι,
2355 2406 2430 2469 ὡς
2445 2407 2495 2458 οἱ
2514 2404 2662 2477 τρεῖς
2693 2402 2902 2466 παῖδες,
2937 2400 3030 2454 καὶ
3057 2400 3273 2469 Δανιὴλ,
3303 2398 3398 2451 καὶ
3432 2396 3636 2459 πάντες

2065 2498 2115 2551 οῖ
2146 2495 2442 2571 προφῆται.
2497 2496 2611 2549 Οὐκ
2662 2489 2783 2546 εἶπε
2826 2492 2903 2557 δὲ,
2960 2490 3186 2562 πλῆθος,
3230 2488 3386 2555 ἀλλὰ,
3423 2488 3632 2558 νέφος,

2064 2591 2369 2644 οἰκειότατα
2409 2589 2545 2661 πρὸς
2573 2589 2672 2659 τὴν
2697 2585 2977 2656 παροῦσαν
3004 2584 3281 2639 ὐπόθεσιν.
3345 2582 3500 2637 Ἐπεὶ
3521 2581 3631 2653 γὰρ

2065 2678 2320 2734 καύσωνα
2349 2674 2494 2748 εῐχον
2541 2676 2695 2730 αὐτοὶ
2725 2675 2832 2728 τῶν
2872 2674 3126 2745 θλίψεων,
3171 2672 3359 2743 ὥσπερ
3408 2687 3493 2733 τις
3545 2685 3632 2722 νε-

2063 2770 2221 2840 φὲλη,
2291 2769 2479 2839 φησιν,
2539 2770 2573 2839 ἡ
2619 2768 2810 2838 μνήμη
2862 2766 2970 2819 τῶν
3024 2763 3316 2836 μαρτύρων
3364 2760 3625 2831 ἀναψύξει

2063 2862 2208 2931 ὑμᾶς
2238 2859 2501 2914 πάντοθεν
2539 2858 2890 2930 περιέχουσα.
3322 2926 3325 2927 ν

2137 2953 2360 3022 "orator
2379 2950 2733 3020 ἀποθέμενοι
2761 2947 2977 3005 πάντα.
3042 2945 3323 3008 Τουτέστι,
3366 2944 3427 2998 τδ
3461 2942 3626 3013 βάρος

2060 3043 2171 3097 τῶν
2204 3043 2408 3112 γηΐνων
2434 3041 2775 3112 πραγμάτων
2823 3040 2920 3093 καὶ
2947 3038 3055 3091 τῶν
3085 3039 3170 3091 ἐπ’
3204 3038 3386 3102 αὐτοῖς
3407 3034 3624 3108 φροντί-

2059 3129 2185 3185 δων.
2246 3131 2413 3184 Οὐδὲν
2459 3130 2592 3200 γὰρ,
2635 3128 2817 3199 φησιν,
2880 3127 3007 3181 ἄλλο
3041 3127 3243 3198 εἰσινῆ
3303 3126 3462 3196 ὄγκος
3517 3123 3626 3193 μά-

2057 3237 2229 3283 ταιος.
2285 3218 2350 3272 Τί
2406 3215 2500 3274 οὖν
2558 3220 2651 3273 ἐπὶ
2712 3221 2779 3290 τῇ
2836 3217 3128 3289 ἀπαλλαγῇ
3175 3216 3383 3271 τούτων
3435 3216 3625 3285 δυσχε-

2062 3307 2270 3377 ραίνετε
2295 3325 2311 3373 ;

2129 3399 2236 3454 Καὶ
2273 3399 2390 3467 τὴν
2425 3400 2856 3467 εὐπερίστατον
2884 3399 3196 3470 ἁμαρτίαν.
3234 3399 3310 3452 Ἣ
3341 3398 3439 3469 τὴν
3468 3397 3626 3451 εὐκό-

2055 3491 2162 3554 λως
2198 3491 2626 3562 περιισταμένην
2650 3494 2818 3562 ἡμᾶς.
2844 3491 2877 3562 ἢ
2905 3491 3005 3563 τὴν
3040 3491 3279 3554 εὐκόλως
3304 3490 3625 3561 περίστασιν

2058 3581 2250 3635 παθεῖν
2280 3582 2607 3653 δυναμένην.
2654 3582 2862 3653 Ῥᾴδιον
2891 3584 3021 3651 γὰρ,
3047 3582 3144 3635 ὲάν
3174 3582 3443 3652 θέλωμεν,
3471 3597 3627 3649 περι-

2054 3671 2309 3743 γενέσθαι
2340 3672 2439 3741 τῆς
2477 3671 2773 3742 ἁμαρτίας.
2831 3670 2900 3725 Ἢ
2943 3670 3014 3723 δι’
3048 3671 3116 3742 ἢν
3145 3669 3386 3732 εὐκόλως
3425 3685 3510 3731 τις
3540 3669 3623 3730 είς

2053 3763 2402 3836 περιστάσεις
2434 3763 2721 3834 ἐμπίπτει,
2774 3762 2926 3816 οὐδὲν
2971 3762 3080 3832 γὰρ
3112 3760 3255 3816 οὕτω
3302 3760 3623 3823 κινδυνῶδες

2051 3854 2126 3919 ὡς
2160 3851 2424 3924 ἁμαρτία.
3435 3903 3438 3906 .

2120 3945 2202 3999 Δι’
2265 3943 2582 4014 ὑπομονῆς
2646 3943 2947 4012 τρέχωμεν
3011 3943 3119 3996 τὸν
3181 3939 3625 4010 προσκείμενον

2049 4038 2194 4110 ἡμῖν
2237 4037 2458 4108 ἀγῶνα.
2511 4037 2626 4091 Οὐκ
2670 4032 2815 4100 εἷπε,
2854 4033 3240 4104 Πυκτεύωμεν,
3269 4032 3389 4087 οὐδὲ
3420 4031 3623 4085 παλαί-

2048 4147 2221 4202 ωμεν,
2250 4129 2362 4183 ἀλλ’
2392 4129 2423 4183 ὃ
2469 4130 2690 4183 πάντων
2722 4127 3054 4198 κουφότερον
3083 4121 3152 4198 ἦν
3176 4125 3238 4179 τὸ
3262 4123 3357 4178 τοῦ
3386 4124 3615 4194 δρόμου,

2046 4221 2209 4275 τοῦτο
2259 4224 2337 4285 εἰς
2396 4220 2560 4289 μέσον
2600 4219 2863 4272 τέθεικεν.
2903 4218 3038 4271 Οὐδὲ
3087 4212 3230 4279 εἷπε,
3279 4214 3616 4286 Προσθῶμεν

2044 4311 2124 4383 τῷ
2152 4312 2358 4382 δρόμῳ,
2386 4308 2521 4375 ἀλλ’,
2552 4308 2638 4369 Ἑν
2658 4307 2805 4378 αὐτῷ
2823 4307 2998 4376 τούτῳ
3018 4302 3619 4372 ὑπομείνωμεν.’Δλλοι
3710 4324 3723 4333 ·

366 4408 617 4449 neamus.
655 4394 759 4448 Alii
785 4395 930 4449 enim
964 4409 1062 4464 par
1087 4393 1509 4460 continentiam,
1545 4397 1635 4450 alii
1655 4414 1760 4467 per
1791 4400 1939 4455 elec-

2063 4402 2148 4454 ιὲν
2200 4402 2308 4470 γὰρ
2354 4399 2421 4452 δι’
2474 4399 2845 4468 ἐγκρατείας,
2880 4397 3032 4451 ἄλλοι
3087 4396 3157 4449 δι’
3214 4393 3611 4464 ἑλεημοσύνης,

272 4543 285 4557 ἢ
364 4497 676 4554 mosynam,
705 4483 796 4537 alii
843 4499 940 4554 per
970 4484 1132 4538 aliam
1158 4483 1415 4539 virtutem
1456 4501 1678 4542 currere
1699 4489 1897 4544 debent
1924 4506 1938 4553 ;

364 4585 464 4625 vos
498 4584 627 4624 vero
666 4586 762 4640 per
792 4572 1110 4639 patientiam
1146 4588 1161 4628 :
1208 4572 1365 4629 vobis
1400 4576 1542 4629 enim
1587 4578 1763 4633 isthac
1799 4594 1937 4648 opus

360 4670 470 4724 est,
499 4662 577 4716 uti
602 4678 767 4732 supra
797 4662 1002 4718 dictum
1040 4676 1143 4721 est.

430 4750 602 4807 Natis.
631 4752 687 4807 2.
723 4752 1047 4822 Aspicientes
1082 4758 1136 4813 in
1181 4769 1447 4815 auctorem
1471 4761 1596 4830 ﬁdei
1615 4770 1665 4816 et
1696 4777 1936 4815 consum-

357 4854 618 4898 matorem
644 4843 847 4901 Iesum.
886 4845 999 4903 Hoc
1030 4858 1135 4912 est.
1187 4852 1233 4907 si
1281 4854 1515 4908 velimus
1554 4852 1766 4907 discere
1796 4866 1932 4921 quo-

362 4937 526 4992 modo
548 4953 643 5005 per
664 4940 994 5008 patientiam
1036 4943 1107 4997 sit
1146 4945 1507 5009 currendum,
1543 4943 1610 4997 ad
1645 4943 1925 5000 Christum

363 5028 768 5099 respiciamus,
821 5035 1282 5101 quemadmodum
1332 5036 1426 5104 qui
1478 5044 1623 5088 artes
1684 5034 1925 5099 discunt,

356 5130 723 5191 prtcceptores
766 5138 898 5179 suos
947 5125 1250 5191 intuentur,
1295 5128 1441 5196 quod
1474 5135 1527 5181 et
1567 5126 1682 5196 ipse
1738 5126 1921 5182 dixit:

2046 4491 2196 4548 ἄλλοι
2232 4492 2300 4544 δι’
2346 4489 2512 4562 ἄλλης
2570 4488 2773 4560 ἀρετῆς
2821 4487 3095 4557 ὀφείλουσι
3146 4485 3399 4557 τρέχειν·
3454 4485 3616 4551 ὑμεῖς

2044 4583 2100 4636 δὲ
2138 4582 2206 4636 δι’
2253 4582 2553 4652 ὑπομονῆς.
2602 4579 2821 4650 Ταύτης
2868 4581 2979 4653 γὰρ
3009 4579 3139 4649 ὑμῖν
3172 4576 3351 4649 χρεία,
3409 4574 3485 4638 ὡς
3517 4574 3615 4627 καὶ

2041 4672 2300 4743 ἀνωτέρω
2326 4673 2671 4744 προείρηται.

2123 4763 2478 4833 Ἀφορῶντες
2523 4767 2611 4830 εις
2640 4762 2747 4816 τόν
2779 4759 2888 4829 τῆς
2911 4761 3169 4823 πίστεως
3209 4753 3480 4825 ἀρχηγὸν
3505 4754 3611 4806 καὶ

2038 4853 2361 4921 τελειωτὴν
2388 4851 2651 4919 Ἰησοῦν.
2683 4852 2989 4911 Τουτέστιν,
3022 4849 3116 4901 ἐὰν
3142 4846 3383 4914 θέλωμεν
3414 4844 3608 4912 μαθεῖν

2037 4946 2096 4999 τὸ
2125 4945 2336 5016 τρέχειν
2356 4944 2402 4975 ⁷⁸
2430 4943 2498 4997 δι’
2519 4943 2817 5013 ὑπομονῆς,
2850 4941 2983 5009 πρὸς
3003 4939 3095 4993 τὸν
3128 4937 3363 5008 Χριστὸν
3390 4934 3610 5004 ἀφορῶ-

2038 5053 2160 5106 μεν,
2191 5035 2382 5106 ὥσπερ
2424 5036 2472 5087 οἱ
2501 5036 2694 5105 τέχνας
2725 5033 3087 5103 μανθάνοντες
3115 5031 3253 5100 πρὸς
3290 5029 3418 5090 τοὺς
3453 5026 3604 5080 διδα-

2036 5127 2266 5190 σκάλους
2290 5143 2304 5159 ο
2344 5127 2481 5195 ὅπερ
2519 5124 2613 5178 οὖν
2646 5124 2742 5177 καὶ
2783 5122 2944 5184 αὐτὸς
2978 5120 3131 5189 ἔλεγε
3166 5136 3182 5151 ο
3234 5119 3465 5174 Μάθετε
3495 5115 3604 5170 ἀπ’

354 5211 563 5268 Discite
584 5231 617 5269 a
648 5232 728 5270 me
742 5214 822 5282 ";
859 5227 913 5271 et
937 5232 1128 5273 rursus
1157 5235 1171 5273 :
1207 5218 1360 5284 Quod
1407 5220 1454 5273 si
1480 5219 1924 5288 patremfamilias

2063 5219 2177 5287 μοῦ
2216 5236 2229 5249 ·
2280 5218 2375 5271 καὶ
2421 5217 2614 5270 πάλιν·
2657 5217 2726 5269 Et
2759 5213 2864 5268 τόν
2893 5211 3331 5277 οἰκοδεσπότην
3361 5205 3604 5267 888.1(8-

360 5299 650 5358 Beelzebub
675 5304 1031 5374 appellarunt,
1062 5314 1261 5375 quanto
1290 5308 1464 5375 potius
1496 5324 1581 5364 vos
1602 5308 1918 5365 domesticos

2063 5311 2179 5365 ὀὺλ
2236 5310 2563 5374 ἐκάλεσαν,
2611 5307 2782 5373 πόσῳ
2827 5301 3066 5376 μᾶλλον
3107 5302 3248 5369 τοὺς
3288 5298 3601 5364 οἰκιακοὺς

434 5477 481 5513 ⁸⁸
509 5477 695 5535 Matth.
728 5494 808 5545 ιι,
851 5479 942 5535 29.

1684 5573 1888 5636 Variae
1913 5573 2243 5636 lectiones.

432 5674 811 5747 πφ-ιλάδελςροι
850 5691 921 5730 m.
998 5675 1040 5709 "
1065 5674 1250 5748 φέρειν
1289 5690 1362 5731 m.
