4014 6208
351 397 461 467 379

1070 403 1489 479 ,ΕΧΡοειΊιο
1522 408 1601 467 IN
1636 409 1873 473 EPIST.
1917 458 1925 472 ι

2058 416 2455 480 ΗΕΒΒίΕΟΞ.
2480 447 2549 459 -
2584 420 2744 482 CAP.
2778 422 2917 482 XII.

3512 428 3637 491 37η

350 506 575 573 αὑτοῦ;
627 507 744 573 καὶ,
784 502 910 564 Οὐκ
959 511 1094 566 ἔστι
1132 517 1405 587 μαθητὴς
1440 518 1592 589 ὑπὲρ
1627 520 1734 575 τὸν
1762 522 1925 578 διδά-

2032 531 2204 598 ipsius
2230 532 2276 565 ⁸⁸
2296 533 2402 588 ?'et
2423 533 2588 590 :‘Non
2606 545 2684 590 est
2709 534 3001 605 discipulus
3036 553 3197 606 supra
3223 539 3533 609 magistrum
3548 543 3615 596 “.

350 603 612 654 σκαλρν.
676 601 743 654 Τί
791 602 849 657 δέ
896 604 1067 670 ἔστιν,
1114 605 1383 677 ἀρχηγὸν
1428 612 1526 665 καὶ
1577 616 1935 680 τελειωτήν;

347 692 630 746 τουτέστιν
681 695 854 759 Αὐτὸς
900 697 994 749 καὶ
1023 696 1122 769 τὴν
1165 700 1348 753 πίστιν
1378 703 1509 772 ἡμῖν
1551 702 1611 768 ἐξ
1643 705 1818 776 ἀρχῆς
1849 707 1935 758 έν-

348 783 547 852 ἐθηκεν
569 788 743 840 ·-οὐ
764 786 876 856 γὰρ
892 788 1062 859 ὑμεῖς
1070 808 1170 856 με,
1191 794 1374 861 φησὶν,
1395 794 1778 863 ἐξελέξασθε,
1796 798 1932 852 ἀλλ’

347 875 467 943 ἐγὼ
503 876 881 947 ἐξελεξάμην
906 879 1060 950 ὑμᾶς
1085 898 1101 913 ·
1126 913 1197 925 —
1216 883 1310 938 καὶ
1338 884 1398 938 τὸ
1435 887 1588 951 τέλος
1621 889 1784 952 αὐτὸς
1812 890 1933 942 ἐπι·

349 963 530 1036 θήσει,
568 967 645 1028 ὡς
674 967 1020 1042 τελειοτάτην
1047 971 1219 1043 αὐτὴν
1240 972 1385 1045 ἔχειν
1416 976 1578 1046 ὑμᾶς.

428 1058 535 1122 Ὃς
587 1057 724 1113 ἀντὶ
765 1057 870 1126 τῆς
920 1062 1317 1133 προκειμένης
1354 1067 1514 1132 αὐτῷ
1540 1067 1750 1137 χαρᾶς,
1816 1073 1932 1126 ὐπ-

346 1147 547 1215 ἐμεινε
577 1149 865 1216 σταυρὸν,
897 1154 1200 1222 αἰσχύνης
1246 1157 1736 1226 καταφρονήσας.
1770 1161 1931 1232 Ἐξῆν

347 1239 461 1308 γάρ
496 1240 646 1311 αὑτῷ
693 1243 768 1312 μὴ
814 1243 1026 1309 παθεῖν,
1061 1246 1136 1318 μὴ
1170 1248 1461 1302 ἀποθανεῖν
1490 1267 1504 1281 ·
1537 1251 1931 1324 ἀναμάρτητος

346 1330 459 1399 γὰρ
493 1329 590 1395 ὣν,
618 1332 835 1404 θανάτῳ
878 1336 977 1407 οὑχ
1024 1338 1282 1395 ὑπέκειτο
1307 1358 1323 1373 ο
1353 1342 1382 1396 ὃ
1425 1345 1522 1398 καὶ
1543 1345 1706 1409 αὑτὸς
1731 1347 1881 1415 λέγει
1911 1365 1927 1379 ⁸

350 1420 631 1489 Ἔρχεται
662 1426 695 1477 ὀ
738 1425 844 1479 τοῦ
874 1428 1109 1498 κόσμου
1156 1430 1377 1501 ἅρχων,
1424 1433 1522 1488 καὶ
1554 1437 1624 1490 ἐν
1649 1437 1779 1508 ἐμοὶ
1816 1442 1928 1497 οὐκ

345 1510 488 1604 ξχει-
509 1513 709 1569 οὐδέν.
746 1518 811 1570 Ei
844 1514 939 1572 οὖν
977 1520 1076 1574 οὑκ
1107 1522 1322 1591 ἢθελεν,
1355 1527 1455 1580 οὑκ
1486 1528 1552 1581 ἂν
1577 1529 1924 1604 ἐσταυρώθη*

342 1602 371 1653 ὃ
403 1602 500 1695 καὶ
526 1604 686 1667 αὑτὸς
721 1606 905 1676 ἔλεγεν
930 1627 945 1642 ο
962 1613 1284 1676 Ὲξουσίαν
1313 1618 1432 1688 ἔχω
1457 1621 1645 1677 θεῖναι
1676 1625 1793 1695 τὴν
1813 1602 1928 1695 ψυ-

340 1693 468 1786 χζήν
489 1712 633 1786 μουζ
687 1698 827 1751 Ἀλλ’
858 1701 1008 1771 ὅμως
1035 1707 1269 1776 σταυρὸν
1301 1709 1585 1781 ὑπέμεινε,
1621 1718 1921 1786 τουτέστιν,

340 1779 441 1849 οὑχ
482 1781 669 1846 ἁπλῶς
720 1784 952 1842 θάνατον
987 1829 1003 1852 ,
1064 1791 1201 1846 ἀλλὰ
1244 1796 1338 1851 τὸν
1391 1779 1779 1871 ἐπονείδιστον,
1830 1779 1923 1861 καλ

339 1873 717 1969 κατεφρόνησε
772 1877 873 1946 τῆς
926 1880 1020 1935 ἐπὶ
1072 1884 1318 1940 τοιούτου
1364 1888 1593 1945 θανάτου
1635 1897 1919 1969 αἰσχύνης.
1955 1867 1999 1922 Β

340 1963 459 2059 ρὺκ
505 1960 627 2018 εἷπε
660 1966 740 2031 δὲ,
772 1968 967 2041 Λύπης
994 1979 1416 2050 καταφρονήσας
1442 1997 1456 2012 ·
1493 1983 1612 2038 οὑδὲ
1645 1960 1762 2058 γάᾇ
1784 1960 1924 2059 μετὰ

338 2054 522 2122 λύπης
553 2058 724 2113 ταῦτα
750 2060 963 2133 ἔφερεν.

427 2148 531 2201 Ἐν
563 2148 731 2220 δεξιᾷ
773 2170 837 2207 τε
865 2155 972 2209 τοῦ
1002 2158 1220 2225 θρόνου
1251 2162 1360 2217 τοῦ
1397 2167 1545 2222 Θεοῦ
1582 2170 1919 2228 κεκάθικεν.

354 2238 522 2311 Ὁρᾷς
542 2242 603 2295 τὸ
631 2244 787 2308 τέλος
819 2247 917 2315 τῆς
950 2249 1233 2322 ὑπομονῆς
1256 2256 1359 2309 ποῦ
1389 2257 1711 2327 ἀναϐιϐάζει
1736 2280 1751 2328 ;
1779 2263 1807 2316 δ
1831 2266 1923 2319 καὶ

343 2332 729 2423 ἁλλαχοῦφησι
761 2352 776 2368 ο
813 2339 910 2391 Διὸ
940 2341 1040 2395 καὶ
1069 2346 1103 2397 ό
1140 2346 1285 2412 Θεὸς
1311 2349 1501 2404 αὐτὸν
1529 2354 1920 2423 ὐπερύψωσο,

342 2422 406 2474 τὸ
463 2423 608 2478 κατὰ
659 2427 839 2497 σάρκα
896 2428 1095 2499 λέγων.
1158 2435 1323 2490 Ὥστε
1369 2438 1594 2496 δύναται
1646 2422 1741 2499 καὶ.
1780 2446 1924 2514 ὑμᾶς

342 2514 684 2612 άμείψασθαι
928 2523 1039 2577 τῶν
1084 2525 1154 2579 δι’
1202 2528 1366 2583 αὑτὸν
1410 2531 1662 2603 θλίψεων.
1719 2538 1784 2591 Ἦ
1814 2539 1924 2612 γάρ

341 2604 604 2702 ένᾼδεξιᾷ
661 2608 923 2681 καθέδρα,
968 2613 1028 2667 τὸ
1087 2617 1225 2688 πρὸς
1276 2619 1367 2675 τὸν
1416 2622 1638 2697 Πατέρα
1680 2604 1924 2702 ἰσότιμον

344 2695 522 2766 δηλοῖ.

427 2792 906 2864 Ἀναλοτίσασθε
944 2799 1055 2869 γὰρ
1081 2801 1192 2857 τὸν
1236 2807 1521 2877 τοιαύτην
1550 2812 1925 2884 ὑπομεμενη-

342 2885 495 2939 κότα
520 2885 674 2955 ὑπὲρ
701 2887 823 2943 τῶν
849 2890 1214 2961 ἁμαρτωλῶν
1232 2898 1319 2962 εις
1339 2899 1527 2954 αὑτὸν
1552 2902 1924 2976 ἀντιλογίαν.

343 2977 545 3031 Καίτοι
597 2979 646 3031 εί
685 2980 781 3035 καὶ
839 2984 1147 3051 ὁμοδούλων
1201 2986 1348 3060 πάθη
1395 2991 1778 3063 ἀναλογίζεται
1817 3015 1923 3065 τις,

346 3068 550 3133 ίκανῶς
575 3071 1005 3142 παραμυθεῖται,
1035 3078 1187 3149 πόσῳ
1222 3080 1422 3150 μᾶλλον
1467 3083 1537 3138 τὰ
1565 3086 1659 3139 τοῦ
1717 3089 1924 3143 Δεσπὸ-

2039 620 2178 687 Quid
2230 632 2411 679 autem
2449 633 2528 682 est
2568 626 2711 695 quod
2749 627 2844 692 ait,
2881 636 3150 681 auctorem
3189 636 3237 682 et
3282 646 3621 685 consumma-

2041 717 2247 771 torem?
2275 714 2387 770 "0c
2428 724 2533 781 est,
2566 717 2686 787 Ipse
2726 718 2883 773 [idem
2933 718 3092 774 nobis
3128 718 3198 773 ab
3243 719 3400 775 initio
3445 721 3620 792 impo-

2037 805 2370 867 suit,——N0n
2403 810 2539 862 enim
2568 825 2657 864 vos
2678 826 2779 872 me,
2801 810 2998 881 inquit,
3021 810 3273 880 elegistis,
3295 812 3384 865 sed
3411 827 3505 882 ego
3529 830 3616 868 vos

2035 897 2166 968 elegi
2188 898 2343 964 ⁸⁷,--
2370 913 2435 954 ac
2470 899 2627 955 tinem
2663 901 2825 956 etiam
2856 909 2911 956 et
2939 902 3467 957 consummationem
3500 903 3630 972 ipse.

2035 999 2293 1059 apponet,
2323 999 2383 1045 ut
2415 1006 2511 1046 vos
2532 1006 2652 1046 eam
2688 990 3139 1061 perfectissimam
3169 992 3438 1047 habeatis.

2108 1084 2217 1149 Qui
2256 1099 2351 1153 pro
2392 1084 2665 1153 proposito
2706 1084 2807 1138 sibi
2851 1084 3050 1154 gaudio
3092 1085 3349 1138 sustinuit
3378 1100 3626 1147 crucem“

2035 1176 2325 1246 ignominia
2376 1184 2697 1245 contempta.
2729 1173 2978 1244 lLicebat
3019 1176 3163 1231 enim
3205 1175 3308 1245 ipsi
3337 1192 3444 1231 non
3478 1179 3610 1246 pati,

2033 1284 2142 1323 nou
2170 1270 2327 1333 mori.
2360 1269 2496 1324 Cum
2532 1269 2676 1324 enim
2712 1269 2921 1336 peccati
2964 1269 3145 1325 omnis
3182 1284 3383 1339 expers
3426 1281 3613 1332 esset.

2033 1364 2194 1415 morti
2243 1377 2351 1416 non
2396 1361 2799 1433 subjiciebatur
2828 1379 2841 1416 :
2884 1361 3031 1430 quod
3063 1368 3118 1417 et
3157 1360 3275 1430 ipse
3302 1360 3379 1415 ait
3407 1379 3420 1415 :
3446 1361 3611 1433 746

2035 1454 2179 1508 Venit
2226 1454 2410 1507 mundi
2458 1454 2699 1522 princeps
2730 1494 2745 1519 ,
2790 1462 2839 1508 et
2900 1455 2952 1509 in
2999 1470 3081 1510 me
3131 1470 3233 1509 non
3265 1454 3417 1508 habet
3452 1453 3613 1522 quid—

2028 1559 2187 1612 quam
2215 1543 2276 1596 ".
2314 1543 2369 1598 Si
2414 1543 2588 1613 igitur
2623 1544 2913 1609 noluisset,
2948 1560 3058 1599 non
3097 1554 3240 1599 esset
3267 1542 3605 1597 crucitixus:

2027 1633 2173 1705 quod
2213 1642 2267 1688 et
2301 1634 2419 1704 ipse
2446 1634 2584 1688 dixit
2615 1651 2630 1689 :
2665 1633 2993 1688 Potestatem
3038 1634 3202 1688 habeo
3230 1634 3455 1701 ponendi
3489 1633 3608 1686 aui-

2028 1740 2166 1777 mam
2197 1739 2365 1777 meam
2403 1722 2471 1775 5°.
2507 1722 2763 1777 Attamen
2793 1738 3017 1779 crucem
3048 1722 3334 1788 sustinuit,
3369 1723 3473 1777 hoc
3503 1734 3607 1783 est,

2026 1830 2136 1870 non
2163 1813 2489 1883 simpliciter
2513 1824 2766 1878 mortem,
2791 1814 2886 1869 sed
2914 1815 3395 1876 contumeliosam,
3418 1829 3609 1884 asper-

2028 1914 2302 1975 natusque
2332 1913 2417 1959 est
2449 1905 2804 1973 ignominiam
2841 1904 2969 1959 inde
3024 1904 3456 1974 provenientem.
3486 1904 3604 1958 Non

2024 2006 2206 2052 autem
2240 1996 2396 2063 dixit,
2428 1995 2672 2051 Tristitia
2694 2004 3006 2065 contempta
3041 2013 3053 2049 :
3098 2010 3275 2065 neque
3304 1995 3449 2051 enim
3477 2011 3600 2050 eum

2025 2089 2247 2145 tristitia
2283 2089 2385 2144 ista
2418 2087 2647 2142 ferebat.

2095 2180 2263 2250 Atque
2299 2182 2355 2234 in
2381 2179 2598 2235 dextera
2626 2178 2763 2232 sedis
2792 2177 2891 2232 Dei
2921 2178 3086 2236 sedet.
3120 2176 3286 2234 Vides
3311 2178 3472 2233 linem
3506 2191 3603 2246 pa-

2025 2272 2249 2351 tientiae,
2273 2285 2381 2341 quo
2413 2270 2699 2340 perducit?
2731 2269 2783 2323 id
2807 2268 2950 2338 quod
2983 2269 3111 2324 alibi
3144 2268 3278 2323 dixit
3308 2286 3322 2323 :
3356 2268 3600 2337 Propter-

2024 2379 2087 2417 ea
2139 2363 2276 2417 Deus
2329 2364 2491 2416 etiam
2532 2361 3082 2430 superexaltaviteum
3113 2362 3159 2393 ιθ
3197 2361 3307 2416 :de
3335 2376 3498 2415 carne
3522 2360 3601 2415 lo-

2025 2470 2221 2526 quens.
2262 2453 2450 2508 Potest
2497 2452 2682 2521 itaque
2735 2452 2890 2506 vobis
2946 2450 3252 2506 mercedem
3308 2449 3601 2518 rependere

2027 2561 2125 2615 pro
2164 2543 2552 2598 aulictionibus
2595 2557 2696 2597 suo
2736 2542 2962 2596 nomine
3006 2541 3273 2596 toleratis.
3335 2539 3606 2596 Cathedra

2026 2636 2171 2693 enim
2200 2647 2254 2690 et
2293 2634 2471 2691 sessio
2505 2633 2574 2689 ad
2597 2634 2871 2700 dextram,
2904 2633 3274 2704 aequalitatem
3302 2648 3423 2689 cum
3446 2630 3606 2687 Patre

2026 2726 2322 2795 signiﬁcat.

2099 2816 2267 2872 Vens.
2305 2816 2358 2871 5.
2395 2813 2694 2886 Recogitate
2721 2813 2859 2868 enim
2890 2828 3009 2867 eum
3036 2812 3317 2883 quitatem
3352 2815 3607 2869 sustinuit

2028 2928 2062 2965 a
2092 2907 2454 2979 peccatoribus
2502 2907 2778 2963 adversum
2818 2921 2877 2961 se
2914 2904 3410 2961 contradictionem.
3449 2905 3605 2971 Quod

2029 3003 2075 3058 si
2107 3002 2233 3072 quis
2267 3014 2658 3056 conservorum
2692 3012 2922 3054 suorum
2970 2995 3298 3052 aﬂlictiones
3323 3004 3603 3066 reputans,

2029 3091 2247 3149 abunde
2273 3107 2332 3147 se
2363 3092 2700 3157 consolatur,
2733 3097 2942 3160 quanto
2977 3090 3151 3157 magis
3178 3088 3223 3144 si
3254 3087 3470 3143 Domini
3495 3088 3602 3151 sui,

339 3174 438 3211 του
470 3160 566 3213 τοῦ
605 3162 865 3234 τοιαύτην
899 3166 1209 3237 ἀντιλογίαν
1253 3172 1692 3246 ὑπομείναντος;
1725 3179 1754 3232 ὃ
1782 3179 1921 3246 ἔστι,

392 3252 429 3270 ,ς
675 3255 693 3270 .
855 3258 867 3270 .
1019 3261 1032 3270 .
1110 3261 1149 3270 .-
1365 3264 1376 3270 -
1531 3267 1541 3270 -

2032 3186 2122 3255 qui
2178 3192 2385 3239 tantam
2440 3181 2936 3240 contradictionem
2978 3179 3220 3249 pertulit,
3283 3177 3605 3234 aﬂlictiones

340 3252 607 3321 γέλωτας,
640 3255 955 3326 χλευασίας,
1009 3261 1209 3331 ὀνείδη,
1248 3264 1390 3318 κατὰ
1439 3267 1731 3337 πρόσωπον
1780 3270 1921 3342 πλη-

342 3346 469 3415 γάς,
517 3349 619 3403 ὅσα
664 3352 958 3421 ἀντέλεγον
997 3357 1118 3417 ταῖς
1165 3355 1540 3423 διδασκαλίαις
1592 3359 1782 3428 αὑτοῦ,
1823 3363 1924 3429 τὰς

337 3440 434 3491 ἐπὶ
462 3440 696 3494 Πιλάτου
723 3443 994 3514 κραυγὰς,
1028 3444 1339 3501 τελευταῖον
1374 3451 1631 3521 σταυρόν.
1682 3453 1923 3524 Ἐμφαν-

337 3530 493 3584 τικδν
525 3533 635 3604 γὰρ
665 3533 747 3598 τὸ,
778 3537 1106 3606 τοσαύτην,
1156 3540 1458 3608 τουτέστιν,
1512 3545 1640 3615 ἄχρι
1689 3546 1936 3612 θανάτου,

338 3623 637 3694 φέρουσαν,
668 3629 763 3681 καὶ
796 3628 988 3691 ταῦτα.
1034 3631 1124 3685 τοῦ
1160 3633 1301 3704 μετὰ
1331 3635 1570 3708 λῃστῶν,
1619 3655 1715 3692 και
1746 3640 1921 3695 ταῦτα

335 3714 448 3769 ὑπὸ
479 3714 844 3791 ἁμαρτωλῶν,
876 3723 986 3777 τῶν
1010 3723 1238 3779 ἐθνικῶν
1266 3727 1488 3801 δηλαδὴ,
1527 3731 1559 3803 ἢ
1603 3733 1697 3787 καὶ
1738 3734 1924 3789 αὑτῶν

334 3808 449 3861 τῶν
488 3810 783 3867 Ἰουδαίων.

409 3901 544 3956 Ἵνα
569 3902 656 3971 μὴ
690 3905 914 3974 κάμητε
943 3908 1075 3975 ταῖς
1090 3911 1318 3980 ψυχαῖς
1349 3913 1520 3983 ὑμῶν
1538 3915 1918 3986 ἐκλυόμενοι.

336 3990 418 4044 τὸ
473 3993 583 4063 γάρ
614 3994 1039 4066 άναλογίσασθαι
1066 4001 1157 4055 τὸν
1209 4004 1470 4075 Χριστὸν,
1505 4005 1729 4061 τονὼσει
1769 4010 1924 4077 ὑμῶν

335 4083 440 4149 τὰς
471 4084 648 4156 ψυχάς
681 4088 776 4141 καὶ
809 4090 1093 4162 νευρὼσει,
1130 4094 1228 4146 καὶ
1257 4094 1359 4149 οὑκ
1407 4095 1560 4150 ἐάσει
1593 4097 1920 4156 ἐκλελύσθαι

332 4178 432 4230 καὶ
464 4178 841 4251 ἀπαγορεῦσαι
876 4183 1013 4254 πρὸς
1043 4183 1142 4247 τάς
1192 4184 1430 4256 θλίψεις.

417 4271 596 4325 Οὔπω
676 4273 889 4343 μέχρις
948 4276 1199 4346 αἵματος
1258 4280 1744 4356 ἀντικατέστητε.
1816 4286 1920 4341 Δύο

334 4363 459 4434 εἴδη
508 4367 911 4436 παρακλήσεως
957 4369 1209 4439 ἀλλήλοις
1238 4375 1376 4428 είσὶν
1403 4378 1620 4433 ἐναντία
1648 4398 1663 4412 ·
1695 4380 1753 4433 ἓν
1786 4380 1907 4450 μὲν,

332 4457 467 4508 ὅταν
524 4456 664 4525 πρὸς
717 4474 837 4511 τινα
885 4458 1016 4532 λέγῃ
1057 4478 1177 4528 τις,
1211 4463 1294 4518 ὅτι
1343 4466 1566 4535 Μεγάλα
1617 4469 1912 4535 πέπονθας.

2027 3292 2213 3333 secum
2258 3274 2574 3346 expendat?
2622 3274 2729 3328 hoc
2764 3280 2870 3340 est,
2906 3272 3075 3335 risus,
3117 3267 3600 3335 subsannationes,

2024 3368 2293 3431 convicia,
2325 3367 2380 3421 in
2408 3365 2601 3420 faciem
2637 3363 2887 3426 verbera,
2920 3376 3262 3432 quacunque
3289 3370 3480 3416 contra
3503 3361 3605 3416 do-

2024 3461 2257 3516 ctrinam
2292 3458 2414 3529 ejus
2442 3456 2719 3517 dicebant,
2753 3454 3025 3509 clamores
3049 3450 3193 3521 apud
3220 3450 3478 3517 Pilatum,
3511 3466 3605 3521 po-

2026 3563 2232 3610 stremo
2265 3565 2483 3606 crucem
2537 3548 2738 3618 ipsam.
2792 3545 3111 3616 Emphatica
3166 3543 3312 3599 enim
3359 3552 3444 3599 est
3499 3544 3604 3600 ista

2025 3644 2215 3709 dictio,
2263 3641 2466 3704 Talem,
2512 3640 2617 3694 hoc
2655 3646 2763 3705 est,
2810 3637 2878 3692 ad
2925 3647 3153 3692 mortem
3187 3651 3363 3707 usque
3397 3636 3602 3707 perdu-

2025 3744 2263 3800 centcm,
2289 3731 2455 3800 idque
2496 3744 2603 3784 una
2634 3743 2759 3783 cum
2800 3726 3130 3792 latronibus,
3159 3725 3321 3795 idque
3348 3741 3378 3780 a
3412 3740 3607 3795 pecca-

2024 3826 2261 3891 toribus,
2302 3823 2543 3879 etbnicis
2567 3819 2844 3883 videlicet,
2883 3817 2999 3873 sive
3033 3818 3166 3886 ipsis
3205 3816 3436 3873 Iudaeis.

2112 3915 2197 3972 Ne
2256 3913 2618 3986 defatigemini
2683 3911 2964 3964 animabus
3024 3910 3212 3964 vestris
3269 3909 3600 3977 deﬁcientes.

2024 4010 2306 4066 Christum
2338 4008 2482 4062 enim
2514 4004 2569 4059 in
2608 4002 2794 4057 animo
2824 4013 3064 4067 versare,
3084 3998 3383 4075 animabus
3410 3997 3608 4052 vestris

2023 4113 2078 4161 ct
2109 4103 2254 4159 vires
2279 4116 2343 4156 ac
2368 4112 2570 4154 nervos
2600 4096 2784 4160 addet,
2816 4108 2916 4151 nec
2961 4092 3104 4149 siuet
3130 4090 3389 4157 deiicere,
3419 4104 3520 4146 nec
3550 4091 3606 4146 in

2024 4193 2414 4253 amictionibus
2441 4191 2760 4261 desperare.

2094 4287 2260 4342 Vens.
2291 4286 2346 4339 4.
2391 4282 2646 4337 Nondum
2673 4281 2742 4337 ad
2780 4278 3089 4350 sanguinem
3119 4292 3281 4346 usque
3311 4276 3605 4332 restitistis.

2026 4380 2152 4436 Dure
2183 4388 2313 4435 sunt
2339 4374 2740 4432 adhortationis
2765 4379 2822 4429 et
2856 4368 3248 4427 consolationis
3279 4368 3491 4439 species
3522 4369 3607 4423 in,-

2025 4479 2107 4526 ter
2153 4484 2213 4525 se
2250 4465 2548 4544 contraria:
2577 4480 2593 4519 :
2625 4463 2795 4518 altera
2836 4459 3082 4531 quidem,
3121 4474 3244 4514 cum
3288 4457 3409 4528 quis
3440 4458 3607 4514 alicui

334 4549 724 4620 ἀναμνήσθητι
771 4552 993 4606 ἐκείνων
1025 4570 1042 4586 ο
1077 4554 1262 4626 ἕτερον
1312 4558 1369 4612 δὲ
1393 4601 1417 4645 ,.
1444 4561 1571 4614 ὅταν
1606 4562 1739 4634 λέγῃ
1768 4581 1783 4595 ·
1809 4564 1915 4619 οὐ-

2032 4564 2201 4620 iicat:
2234 4559 2430 4633 Magna
2468 4556 2688 4631 quidem
2720 4570 2920 4627 passus
2948 4568 3030 4618 es,
3055 4560 3328 4610 memento
3350 4551 3603 4616 illorum;

333 4640 426 4692 δέν
485 4641 631 4710 μέγα
688 4640 839 4696 οὔπω
900 4644 1198 4723 πέπονθας.
1232 4649 1306 4703 Τὸ
1333 4640 1431 4722 μὲν
1462 4653 1572 4726 γὰρ
1601 4656 1916 4725 κάμνουσαν

2032 4658 2185 4714 altera
2209 4670 2374 4720 ~vero,
2405 4668 2529 4709 cum
2560 4650 2709 4705 dicat
2740 4665 2756 4703 :
2792 4647 3068 4703 Nihildum
3113 4644 3271 4699 ardui
3300 4659 3497 4714 passus
3518 4658 3603 4699 es.

334 4734 643 4787 ά-ιακτᾶται
681 4736 778 4803 τὴν
817 4735 1016 4808 ψυχὴν,
1069 4737 1297 4809 ἔχουσαν
1330 4743 1558 4808 πολλοὺς
1594 4748 1919 4818 συνίστορας

334 4826 449 4878 τῶν
484 4826 823 4898 παθημάτων
865 4831 1038 4902 αὑτῆς
1063 4846 1079 4862 ⁶
1126 4832 1186 4886 τὸ
1214 4833 1271 4887 δὲ
1307 4836 1577 4904 φυσᾶσθαι
1620 4838 1921 4909 μέλλουσαν

337 4920 624 4990 κατασπᾷ.
683 4922 777 4973 καὶ
808 4922 1161 4994 ρᾳθυμοῦσαν
1202 4926 1479 4999 διεγείρει.
1540 4929 1767 4993 Τούτοις
1807 4934 1922 4997 τοῖς

337 5011 463 5063 δυσὶ
495 5015 697 5082 χρῆται
728 5013 941 5078 Παῦλος
966 5014 1061 5068 νῦν
1092 5016 1229 5087 πρὸς
1265 5017 1567 5090 Ἐϐραίους.
1594 5019 1779 5074 Εἰπὼν
1811 5022 1922 5093 γὰρ

338 5103 606 5173 ἀνωτέρω
627 5142 643 5167 ,
672 5105 757 5157 ὅτι
788 5105 995 5177 Πολλὴν
1022 5107 1248 5179 ἄθλησιν
1293 5110 1625 5181 ὑπεμείνατε
1661 5112 1922 5183 παθημά-

338 5210 473 5255 των,
526 5193 623 5246 uoti
651 5197 1105 5268 προτρεψάμενος
1163 5200 1509 5271 μιμήσασθαι
1552 5202 1799 5267 ἑαυτοὺς,
1823 5201 1920 5257 νῦν

339 5284 406 5333 τ’)
432 5284 700 5349 ἐναντίον,
726 5285 998 5339 δείκνυσιν
1035 5287 1233 5351 αὐτοὺς
1262 5289 1429 5358 μήπω
1454 5290 1620 5359 μηδὲν
1642 5292 1924 5358 ἀξιόλογον

341 5377 710 5442 ὑποστάντας,
742 5377 817 5440 ῶς
864 5379 931 5433 ἂν
961 5380 1035 5451 μὴ
1081 5382 1384 5452 ἐπαρθῶσι.
1418 5384 1527 5437 Καὶ
1567 5385 1671 5455 ὅρα
1706 5386 1921 5454 σοφίαν.

338 5466 482 5520 Μεθ’
511 5466 541 5520 ὅ
578 5468 825 5541 ἐμνήσθη
869 5470 977 5523 τῶν
1008 5471 1252 5543 ἀρχαίων
1310 5472 1483 5541 άγίων
1539 5475 1649 5528 τῶν
1707 5475 1922 5545 μεγάλα

344 5556 725 5622 ὑποστάντων,
779 5560 873 5612 καὶ
922 5560 1083 5614 αὑτοῦ
1128 5560 1224 5614 τοῦ
1275 5562 1655 5632 Κυρίου,τότε
1682 5563 1924 5621 δείκνυσι

342 5645 417 5698 τά
441 5647 623 5699 αὑτῶν
652 5648 801 5703 οὐδὲν
817 5649 966 5706 ὄντα.
993 5650 1158 5705 Οὔπω
1182 5651 1310 5724 γὰρ,
1336 5655 1520 5724 φησὶν,
1545 5655 1673 5725 ἄχρι
1691 5655 1921 5710 θανάτου

418 5759 691 5837 "__M_atlh.
727 5778 782 5837 x_.
804 5763 897 5837 25.
976 5766 1022 5799 ⁸⁸
1045 5766 1178 5823 ibid.
1211 5765 1300 5822 24.
1378 5768 1425 5801 ⁸⁷
1454 5763 1609 5823 Ιοιιηζ
1649 5786 1735 5837 xv,
1776 5770 1861 5824 16.

351 5833 421 5865 ⁶⁸’
461 5831 625 5888 llcbr.
665 5849 720 5899 ι,
752 5833 840 5888 52.

2023 4747 2163 4803 illud
2213 4745 2357 4800 enim
2423 4742 2663 4801 animam
2726 4739 3072 4797 fatiscentem
3128 4735 3603 4800 refOcillat,ldum

2021 4837 2224 4890 multos
2245 4832 2606 4892 atilictionum
2635 4844 2859 4883 suarum
2891 4836 3065 4887 testes
3084 4827 3266 4883 habet.
3296 4826 3446 4883 [stud
3477 4841 3606 4879 vero

2021 4928 2480 4984 intumescentem
2546 4922 2788 4987 deducit,
2847 4930 2902 4977 et
2968 4921 3318 4990 languentem
3375 4917 3601 4973 excitat.

2030 5018 2192 5078 Hisce
2224 5018 2438 5075 duabus
2463 5030 2611 5071 nunc
2642 5014 2815 5069 utitur
2838 5011 3043 5067 Paulus
3066 5000 3137 5065 ad
3168 5009 3442 5065 Hebrams.
3467 5008 3602 5064 Cum

2028 5111 2172 5167 enim
2211 5125 2376 5180 supra
2410 5107 2679 5162 dixisset:
2709 5103 2962 5172 Magnum
3008 5108 3286 5158 certamen
3338 5098 3605 5157 sustinui-

2028 5199 2132 5256 stis
2174 5199 2494 5269 passionum
2520 5196 2614 5262 “‘,
2646 5194 3079 5262 adhortatusque
3108 5201 3256 5247 esset
3286 5197 3343 5244 ut
3393 5190 3603 5257 seipsos

2029 5292 2394 5356 imitarentur,
2432 5302 2578 5343 nunc
2641 5303 2672 5342 e
2714 5294 2901 5342 contra
2934 5282 3173 5340 ostendit
3232 5296 3327 5336 eos
3362 5279 3601 5333 nondum

2028 5383 2325 5453 quidquam
2354 5379 2717 5437 aestimatione
2737 5377 2958 5446 dignum
2989 5369 3345 5433 sustinuisse,
3367 5382 3437 5422 ne
3468 5364 3601 5422 ede-

2030 5485 2244 5528 rautur.
2272 5471 2348 5525 Ac
2386 5469 2508 5522 vide
2544 5469 2665 5538 ejus
2709 5463 3059 5535 sapientiam.
3095 5459 3455 5526 Posteaquam
3488 5453 3602 5525 pri-

2032 5576 2252 5618 scorum
2280 5566 2620 5620 sanctorum,
2644 5555 2737 5624 qui
2767 5565 2964 5622 magna
2994 5547 3394 5612 sustinuerant,
3438 5554 3604 5616 atque

2034 5654 2169 5708 adeo
2208 5650 2422 5704 Domini
2456 5647 2630 5717 ipsius
2670 5641 3037 5707 meminisset,
3077 5648 3206 5697 tunc
3227 5637 3466 5697 ostendit
3507 5650 3604 5693 eo-

1962 5771 2008 5805 "
2046 5767 2205 5825 Joan.
2249 5782 2362 5830 xw,
2396 5761 2485 5817 '50.
2563 5760 2609 5793 ”
2646 5756 2803 5814 Joan.
2836 5771 2893 5823 ι,
2924 5755 3013 5813 18.
3095 5756 3142 5790 ⁸⁸
3174 5754 3411 5830 Philipp.
3450 5767 3513 5825 tt,
3542 5746 3611 5811 91
