4068 6210
386 387 490 453 371
1306 389 1883 451 THEOPHYLACTI
1925 385 2334 448 BULGARl/E
2370 378 2722 442 ABClllEP.
3532 368 3598 427 37
3623 374 3638 425 ι

379 518 502 560 rum
543 500 865 559 aﬂlictiones
889 500 1064 557 nullas
1083 515 1227 559 esse.
1262 501 1510 559 Nondum
1541 506 1687 562 enim
1724 505 1789 561 ad
1825 522 1966 563 mor-

2104 499 2364 600 φθάσατξν
2401 494 2538 600 δελλά
2583 493 2716 600 fer
2771 485 3050 600 διωέηιιὲν
3089 481 3536 600 ξιεξῖέςῖοξῖέξ
3563 478 3644 600 '3

379 606 488 651 tcm
527 611 719 663 usque,
743 593 937 663 inquit,
964 594 1312 662 pervenistis,
1337 595 1431 650 sed
1458 596 1524 651 ad
1551 599 1957 668 persecutiones

2104 592 2386 664 ὲΧριστδς
2413 589 2541 669 ἀχρι
2583 584 2815 700 θανάτξυ
2857 576 3064 700 item,
3099 573 3641 700 Ἀντιζαῗέστιγῃδξ,

382 699 575 752 usque,
605 690 657 737 et
696 696 867 750 usque
896 682 963 735 ad
994 683 1213 752 rapinas
1240 702 1253 739 :
1297 666 1757 744 Christus—autem
1785 705 1961 761 usque

2104 684 2264 749 ίπὼν,
2305 666 2545 736 δείκνυσι
2584 677 2679 759 καὶ
2708 674 2808 746 τὴν
2856 668 3135 742 ἁμαρτίαν
3171 666 3485 779 σφοδρόνιτι
3511 666 3644 764 πνέ-

383 774 449 827 ad
482 782 711 827 mortem
745 772 914 826 venit.
950 770 1119 827 Porro
1152 789 1273 829 cum
1311 776 1408 841 ait,
1444 780 1739 846 restitistis,
1771 789 1961 835 osten-

2105 795 2240 832 υσαν
2266 818 2281 842 ,
2331 775 2424 829 καὶ
2463 758 2890 839 ἀντικειμένην,
2948 764 3042 816 καὶ
3081 760 3275 820 αὐτοὺς
3312 756 3369 810 δὲ
3405 756 3647 815 ἑστῶτας

2497 863 2506 865 μ
2730 858 2753 865 _
2948 856 2959 865 ,
3119 853 3132 865 ,
3275 852 3297 865 _
3360 864 3365 865 ί
3404 863 3421 865 η
3464 844 3613 865 *νυ-ι

384 864 464 920 dit
494 870 770 933 peccatum
802 862 1096 919 vehemens
1114 866 1368 935 quiddam
1388 871 1616 940 spirare,
1638 887 1867 942 esseque
1884 871 1961 926 eis

2104 869 2167 923 :al.
2204 863 2662 936 ἀγωνιζομένους,
2699 858 2853 912 οὓπω
2894 856 3080 926 μέντοι
3117 853 3175 904 ὲν
3212 852 3325 913 τοῖς
3355 844 3651 913 καιριωτέ-

390 956 728 1023 oppositum,
758 953 909 1025 ipsos
936 962 1120 1010 autem
1149 966 1362 1015 stantes
1413 971 1466 1017 et
1502 964 1956 1039 contranitentes,

388 1042 549 1114 747
581 1042 822 1098 nondum
852 1052 1033 1099 tamen
1067 1043 1124 1099 in
1158 1046 1475 1116 letbalibus,
1494 1066 1682 1106 verum
1716 1051 1770 1105 in
1793 1051 1961 1106 levio-

388 1137 561 1192 ribus.

458 1229 722 1286 Adversus
743 1242 1011 1301 peccatum
1035 1243 1405 1306 repugnantes.
1436 1233 1638 1293 Contra
1665 1233 1962 1295 diabolum,

393 1318 485 1387 qui
520 1327 605 1374 est
641 1328 919 1391 peccatum
965 1323 1166 1397 ipsum,
1218 1332 1405 1394 utpote
1465 1325 1676 1393 primus
1717 1324 1969 1377 inventor

392 1410 513 1478 ejus
558 1419 613 1466 et
662 1422 985 1485 praeceptor.
1044 1413 1141 1471 Vel
1185 1425 1379 1472 contra
1443 1416 1620 1486 ipsum
1659 1431 1965 1486 peccauit".

394 1502 626 1573 ejusque
668 1503 1073 1577 ignominiosos
1130 1508 1376 1575 aﬂ‘ectus,
1430 1508 1588 1565 nobis
1633 1508 1886 1565 inimicos
1919 1519 1972 1564 et

397 1593 754 1661 perniciosos.

475 1683 633 1739 Vens.
676 1685 729 1740 5.
770 1684 839 1740 Et
884 1688 1035 1742 obliti
1066 1691 1192 1744 estis
1233 1690 1644 1749 adhortationis.
1685 1694 1856 1762 Adeo,
1887 1697 1972 1751 in-

401 1771 544 1840 quit,
580 1773 799 1828 remissi
832 1778 968 1832 estis
1001 1788 1055 1832 et
1087 1778 1140 1831 in
1178 1780 1463 1849 segnitiem
1500 1785 1748 1851 resoluti,
1786 1794 1844 1840 ut
1879 1785 1976 1839 ad-

403 1861 739 1919 hortantium
785 1880 881 1921 vos
932 1867 999 1921 ad
1055 1867 1427 1927 fortitudinem
1488 1890 1806 1932 sermonmn
1861 1856 1986 1935 sitis

406 1950 583 2016 obliti,
638 1953 744 2007 etsi
789 1955 1031 2010 nondum
1084 1961 1263 2030 magni
1298 1963 1597 2032 quidquam
1650 1967 1795 2036 passi
1830 1968 1989 2022 estis.

408 2040 664 2111 ingentes
702 2046 847 2100 enim
873 2062 938 2102 ac
970 2047 1149 2119 digna:
1184 2054 1399 2107 ratione
1429 2054 1611 2125 aliqua
1643 2056 1992 2125 alllictiones,

2081 977 2213 1031 ροις,
2252 956 2386 1011 ἀλλὰ
2417 957 2528 1018 τοῖς
2559 949 2932 1021 κουφοτέροις.

2149 1234 2305 1306 Πρὸς
2334 1229 2629 1303 ἁμαρτίαν
2650 1221 3199 1292 ἀνταγωνιζόμενοι.
3241 1216 3387 1288 Πρὸς
3417 1214 3507 1269 τδν
3540 1214 3656 1268 διά·
3698 1272 3707 1287 ι

2081 1328 2238 1381 σολον
2267 1325 2359 1378 τὸν
2386 1320 2709 1393 αὐτόχρημα
2741 1315 3041 1387 ἁμαρτίαν,
3091 1312 3166 1374 ὡς
3213 1306 3442 1380 εὑρετὴν
3486 1307 3657 1374 αὐτῆς

2082 1420 2180 1474 καὶ
2216 1413 2535 1472 διδάσκαλον
2568 1428 2580 1442 ·
2712 1408 2849 1479 πρὸς
2901 1405 3072 1475 αὐτὴν
3110 1403 3209 1473 τὴν
3253 1399 3524 1471 ἁμαρτίαν
3562 1397 3658 1450 καὶ

2082 1510 2154 1566 τὰ
2199 1508 2367 1579 αὐτῆς
2420 1505 2597 1576 ἄτιμα
2642 1500 2827 1572 πάθη,
2878 1499 2949 1552 τὰ
2978 1494 3215 1566 πολέμια
3259 1494 3392 1564 ἡμῖν
3422 1492 3514 1545 καὶ
3540 1489 3659 1542 ὀλέ-

2084 1604 2233 1658 θοια.

2120 1621 2267 1748 piari
2324 1689 2663 1755 ἐκλέλησθε
2708 1681 2817 1751 τῆς
2869 1678 3333 1748 παρακλήσεως.
3392 1672 3662 1728 Τοσοῦτον

2093 1782 2393 1855 παρείθητε
2447 1779 2541 1834 καὶ
2592 1774 2906 1845 caementa,
2957 1770 3103 1824 ὥστε
3134 1769 3228 1822 καὶ
3263 1766 3372 1820 τῶν
3410 1782 3665 1835 παρακαο

2093 1877 2331 1931 λούντων
2370 1873 2450 1939 είς
2500 1870 2757 1941 ἀνδρείαν
2809 1867 2986 1933 λόγων
3042 1859 3375 1915 ἐπελάθεσθε
3408 1896 3423 1922 ,
3487 1856 3667 1910 καίτοι

2099 1969 2269 2040 μήπω
2322 1962 2594 2024 παθόντες
2652 1977 2705 2012 τι
2771 1956 2935 2027 μέγα.
2963 1952 3070 2049 -Τά
3297 1947 3520 2049 μεγαλα.
3572 1944 3669 1998 καὶ

2096 2039 2351 2125 ἀξιόλογα
2391 2053 2539 2123 πάθη
2568 2050 2739 2120 λήθην
2763 2043 3049 2118 ἐμποιοῦσι
3075 2040 3336 2103 πολλάκις
3356 2039 3465 2093 τῶν
3498 2039 3665 2103 ἀναγ-

408 2131 742 2190 oblivioncm
776 2151 1154 2208 saepenumero
1189 2143 1466 2199 incutiunt
1511 2161 1695 2201 rerum
1729 2158 2047 2206 necessa-\
2097 2148 2294 2204 καίων.

408 2221 640 2279 riarum.

488 2313 620 2379 Quae
662 2315 804 2370 vobis
842 2325 1091 2383 tanquam
1120 2321 1250 2390 [iliis
1290 2324 1569 2389 loquitur:
1610 2324 1719 2381 Fili
1748 2329 1842 2395 mi,
1884 2331 1998 2383 noli

415 2406 679 2475 negligere
704 2407 1045 2476 disciplinam
1080 2412 1296 2468 Domini
1319 2417 1387 2470 ⁸⁸.
1418 2418 1536 2473 Non
1588 2420 1733 2473 enim
1762 2422 1999 2490 propriis

414 2496 543 2553 ﬁliis
576 2498 899 2568 loquebatur
925 2500 1207 2572 Salomon,
1252 2506 1345 2561 sed
1376 2509 1634 2565 omnibus
1662 2512 1754 2581 qui
1790 2512 1985 2566 audire

416 2597 694 2659 poterant.
746 2599 801 2647 et
852 2592 1010 2651 vobis
1057 2598 1284 2654 omnino
1323 2618 1335 2654 :
1380 2612 1689 2672 propterea,
1724 2613 1997 2674 tanquam,

420 2684 735 2752 apponitur.

496 2771 679 2842 Neque
705 2775 1014 2848 defatigeris
1045 2778 1171 2834 dum
1204 2782 1268 2835 ab
1290 2798 1349 2837 eo
1375 2786 1639 2855 argueris.
1672 2789 1711 2841 A
1751 2787 1861 2843 Deo
1897 2789 2001 2859 igi-

425 2872 516 2917 tur
569 2867 896 2923 tentationes
932 2870 1324 2928 adducuntur:
1376 2876 1523 2945 quod
1588 2878 1633 2932 si
1681 2894 1712 2935 a
1756 2879 1885 2945 Deo,
1934 2881 2001 2936 ad

2173 2331 2343 2395 Ἦτις
2383 2324 2528 2397 ὑμῖν
2576 2324 2657 2388 ὡς
2701 2317 2855 2384 υίοῒς
2886 2314 3255 2384 διαλέγεταν
3288 2310 3385 2365 Υίέ
3402 2325 3550 2379 μου,
3584 2306 3671 2378 μὴ

2103 2420 2372 2490 ὀλιγώρει
2407 2413 2681 2479 παιδείας
2706 2409 2946 2478 Κυρίου.
2991 2405 3065 2458 Οὐ
3107 2403 3216 2475 γὰρ
3256 2402 3408 2465 ἰδίοις
3450 2399 3586 2461 υίοίς
3632 2400 3663 2452 ό

2103 2511 2356 2582 Σολομῶν
2414 2506 2617 2569 ἐλάλει,
2679 2502 2817 2556 ἀλλὰ
2872 2499 3009 2552 πᾶσι
3061 2497 3175 2558 τοῖς
3218 2492 3440 2548 ἀκούειν
3503 2491 3670 2544 δυνα-

2107 2606 2290 2678 μένοις
2315 2646 2328 2671 ,
2374 2602 2471 2656 καὶ
2524 2600 2654 2671 ὑμῖν
2697 2595 2756 2650 δὲ
2803 2594 3024 2657 πάντως
3057 2605 3073 2622 ·
3126 2588 3216 2644 διὰ
3264 2586 3422 2642 τοῦτο
3452 2586 3533 2655 τὸ,
3572 2584 3676 2651 ὡς,

2103 2699 2299 2751 κεῖται.

2176 2788 2272 2857 Μὴ
2295 2785 2523 2841 ἐκλύου
2558 2780 2656 2839 ὑπ’
2709 2778 2897 2835 αὑτοῦ
2934 2775 3356 2845 ἐλεγχόμενος.
3399 2772 3543 2841 Ἀρα
3583 2763 3677 2823 οὖν

2105 2879 2258 2952 παρὰ
2304 2877 2438 2933 Θεοῦ
2489 2875 2540 2931 οἱ
2598 2874 2891 2944 πειρασμοὶ
2945 2872 3239 2940 ἐπάγονται
3277 2883 3293 2900 ο
3342 2866 3391 2918 εί
3439 2864 3499 2919 δὲ
3529 2863 3679 2952 παρά

426 2956 869 3014 commoditatem
904 2963 1128 3029 omnino
1156 2966 1315 3023 nobis
1354 2967 1570 3024 cedent.
1601 2970 1708 3023 Aut
1730 2972 1874 3025 enim
1900 2973 1994 3042 ipsi

2108 2947 2267 3034 Θεοῦ,
2327 2967 2466 3039 πρὸς
2520 2964 2788 3034 ὠφέλειαν
2817 2960 2977 3032 ἡμῶν
3003 2960 3238 3019 πάντως.
3307 2952 3475 3042 Αὐτὸς
3497 2947 3677 3042 γὰρ-ἢ

428 3046 700 3117 imprimis
736 3049 913 3120 placet
964 3060 1022 3106 ut
1063 3070 1164 3111 nos
1215 3064 1507 3126 tentemur,
1549 3075 1659 3130 quo
1699 3076 1727 3115 a
1766 3038 1994 3131 peccatis

2108 3059 2537 3134 προηγουμένως
2623 3054 2834 3109 εὐδοκεῖ
2899 3052 3046 3122 ἡμᾶς
3125 3041 3485 3134 πειράζεσθαι
3543 3038 3681 3134 πρὸς

432 3138 733 3194 liberemur
763 3158 776 3195 :
807 3153 903 3196 aut
933 3157 1034 3197 nos
1065 3146 1264 3204 tentari
1307 3148 1595 3216 permittit,
1628 3151 1694 3204 ad
1732 3129 1994 3220 probatio-

2109 3129 2366 3207 ἀπόθεσιν
2392 3144 2703 3220 ἁμαρτιῶν,
2741 3144 2774 3215 ἢ
2814 3139 3138 3213 παραχωρεῖ
3188 3136 3325 3207 πρὸς
3357 3129 3682 3200 δοκιμασίαν

432 3244 581 3290 nem,
615 3238 784 3300 utque
823 3232 1010 3302 plures
1044 3249 1451 3305 consequamur
1473 3253 1727 3297 coronas.

2111 3243 2206 3298 καὶ
2237 3241 2536 3310 στεφάνους
2567 3238 2802 3298 πλείους.
3119 3322 3139 3328 Δ
3196 3322 3206 3328 ι
3574 3315 3600 3328 ⁸

509 3320 678 3377 Vens.
712 3322 767 3382 6.
818 3323 990 3391 Quem
1033 3324 1173 3380 enim
1208 3325 1384 3399 diligit
1424 3329 1705 3398 Dominus,
1738 3335 1994 3406 castigat,

2188 3336 2299 3388 Ὃν
2327 3332 2437 3403 γὰρ
2470 3326 2670 3400 ἀγαπᾷ
2716 3327 2953 3395 Κύριος,
3001 3322 3290 3383 παιδεύει,
3315 3315 3600 3426 μαστιγοῖ
3619 3313 3689 3426 δὲ

436 3413 672 3483 ﬂagellat
703 3424 877 3470 autem
899 3432 1102 3472 omnem
1125 3418 1295 3483 ﬁlium
1318 3439 1467 3492 quem
1498 3426 1703 3494 recipit.
1734 3423 1874 3482 Fieri
1908 3442 1994 3482 ιιοι

2114 3426 2310 3482 πάντα
2331 3424 2467 3479 υίόν
2498 3423 2570 3476 ὃν
2598 3420 3013 3491 παραδέχεται.
3060 3416 3345 3470 ’Δδύνατον
3374 3413 3485 3480 γὰρ
3509 3410 3690 3480 εὑρεῖν

441 3499 623 3575 potest
647 3514 705 3561 ut
733 3505 1002 3578 quispiam
1026 3508 1342 3566 inveniatur
1369 3511 1601 3571 dilectus
1636 3514 1746 3571 Deo
1773 3518 1910 3571 citra
1931 3517 1994 3572 ai-

2113 3536 2236 3572 τινα
2268 3516 2379 3569 τῶν
2418 3511 2806 3583 ἀγαπωμένων
2859 3510 2939 3580 τῷ
2987 3507 3178 3579 Κυρίῳ
3222 3504 3393 3577 χωρὶς
3432 3501 3688 3568 θλίψεων.

439 3597 730 3654 ﬂictiones.
763 3597 957 3656 Nonne
982 3599 1147 3671 igitur
1177 3602 1412 3661 latrones
1438 3615 1492 3661 et
1523 3606 1672 3662 fures
1702 3607 1886 3680 ﬂagris
1915 3624 1992 3665 ca:

2104 3602 2262 3679 ’τΑρα
2300 3606 2391 3660 οῦν
2417 3605 2477 3658 ού
2523 3601 2918 3675 μαστιγοῦνται
2946 3600 3042 3655 καὶ
3063 3600 3260 3674 λῃσταὶ
3300 3596 3397 3652 καὶ
3425 3595 3689 3658 κλέπται;

443 3691 689 3746 duntur?
732 3691 903 3749 liliine
927 3703 983 3749 et
1011 3693 1087 3749 illi
1123 3695 1297 3764 sunt?
1338 3696 1562 3754 Minime
1607 3702 1869 3770 gentium.
1900 3701 1994 3756 Not

2118 3703 2242 3756 Υἱοὶ
2266 3694 2360 3754 οὖν
2390 3698 2486 3752 καὶ
2510 3692 2654 3752 οὗτοι
2688 3712 2704 3761 ;
2738 3694 2895 3765 Οὐχί.
2932 3693 3008 3748 Οὐ
3043 3692 3155 3763 γὰρ
3182 3685 3358 3752 εἶπεν,
3403 3689 3486 3742 ὅτι
3529 3687 3637 3748 πᾶς
3665 3686 3693 3737 ὁ

442 3782 588 3836 enim
645 3782 802 3849 dixit,
861 3784 1124 3854 Quisquis
1174 3783 1502 3859 ﬂagellatur,
1563 3797 1649 3845 est
1685 3791 1848 3859 (ilius,
1898 3792 2017 3856 sed,

444 3869 638 3929 Omnis
685 3872 831 3929 illius
863 3872 1181 3945 ﬂagellatur.
1230 3877 1498 3937 Latrones
1540 3882 1705 3953 igitur
1737 3899 1842 3938 non
1882 3884 2020 3938 lilio-

448 3980 569 4019 rum
600 3965 778 4020 instar
800 3964 1163 4038 ﬂagellantur,
1196 3985 1384 4026 verum
1418 3981 1478 4027 ut
1506 3974 1757 4030 scelerati
1780 3976 2021 4046 puniun-

2122 3789 2578 3863 μαστιγούμενος,
2609 3788 2747 3851 υἱὸς,
2807 3785 2946 3839 ἀλλά
2998 3786 3105 3848 πᾶς
3139 3783 3254 3846 υίὸς
3308 3777 3692 3851 μαστιγοῦται.

2120 3882 2327 3955 Annal.
2370 3880 2471 3951 μὲν
2508 3878 2604 3933 οῦν
2636 3879 2736 3949 οὐχ
2765 3877 2842 3941 ὡς
2886 3877 2994 3931 υἱοὶ
3033 3872 3450 3946 μαστιγοῦνται,
3477 3869 3594 3924 ἀλλ’
3616 3869 3693 3931 ὡς

2120 3974 2281 4029 κακοὶ
2316 3971 2659 4035 κολάζονται.
2722 3967 2988 4023 Ἐνταῦθα
3015 3967 3070 4020 δὲ
3099 3962 3401 4037 προειπὼν,
3432 3962 3516 4016 δτι
3560 3973 3696 4014 παι-

447 4064 557 4112 tur.
587 4054 686 4113 Hic
709 4066 890 4114 autem
924 4074 1049 4114 cum
1089 4061 1243 4131 prius
1267 4064 1518 4131 dixisset,
1551 4064 1795 4139 Castigat
1821 4109 1836 4135 ,
1875 4069 1987 4122 intu

2123 4066 2304 4133 δεύει,
2335 4067 2459 4121 τότε
2502 4064 2752 4134 ἐπήγαγε
2788 4062 2870 4125 τὸ,
2901 4059 3201 4129 μαστιγοῖ,
3239 4058 3327 4110 ἵνα
3359 4055 3433 4126 μὴ
3471 4053 3547 4115 ὡς
3592 4067 3693 4104 και

447 4147 513 4204 lit
539 4158 751 4220 postea,
795 4149 1060 4222 Flagellat
1090 4167 1109 4206 :
1141 4162 1200 4207 ut
1234 4170 1343 4211 non
1388 4157 1557 4213 veluti
1597 4159 1824 4215 sceleris
1856 4160 1992 4215 ultio

2124 4159 2248 4222 κίας
2292 4157 2521 4219 ἔκτισιν,
2562 4155 2680 4210 ἀλλ’
2710 4153 2787 4216 ὡς
2818 4153 3103 4206 παίδευσιν
3126 4149 3327 4219 νοήσῃς
3357 4145 3457 4216 τὴν
3502 4140 3698 4214 μαστίο

449 4255 598 4308 nem,
645 4242 740 4298 sed
792 4243 964 4298 veluti
1008 4245 1375 4303 eruditionem
1405 4248 1679 4320 intelligas
1710 4251 1994 4324 ﬂagellatio

2124 4267 2295 4319 γωσιν
2335 4247 2430 4302 τοῦ
2460 4245 2600 4300 υἱοῦ.
2659 4246 2770 4298 ’ον
2806 4243 2863 4297 δὲ
2897 4239 3327 4310 παραδέχεται,
3387 4235 3695 4294 τουτέστιν,

451 4348 576 4389 nem
617 4332 734 4390 ﬁlii.
773 4332 939 4401 Quem
986 4337 1194 4406 recipit,
1245 4337 1349 4393 hoc
1401 4348 1506 4408 est,
1556 4359 1717 4412 quem
1763 4323 1994 4400 admittit

2126 4340 2186 4394 ὃν
2214 4339 2558 4411 ἀποδέχεται,
2588 4335 2647 4389 δν
2678 4332 3167 4406 προσλαμϐάνεται
3191 4327 3352 4381 πλέον
3366 4324 3474 4379 τῶν
3499 4323 3700 4386 ἄλλων,

452 4438 613 4490 quem
657 4440 766 4492 prae
788 4425 1003 4482 exteris
1036 4427 1289 4496 assumit,
1331 4437 1386 4486 et
1425 4430 1752 4490 familiarem
1789 4435 1994 4490 amicus

2128 4431 2188 4487 ὃν
2224 4431 2544 4486 οἰκειοῦται.

453 4515 556 4570 sibi
596 4516 874 4572 conciliat.
2052 4514 2106 4575 Ι)

528 4606 695 4663 Vens.
738 4610 791 4662 7.
834 4606 898 4664 Si
922 4610 1323 4680 castigationem
1361 4615 1657 4680 sustinetis.
1692 4626 1944 4687 tanquam
1966 4617 1994 4686 ﬁ

2199 4608 2267 4662 Et
2301 4604 2579 4660 παιδείαν
2606 4600 2954 4673 ὑπομένετε,
2984 4600 3065 4667 ὡς
3088 4596 3260 4700 υἱοῖς.
3277 4593 3421 4700 rutis-
3444 4588 3711 4700 προς-ςιἶέ-

458 4697 544 4752 liis
585 4698 737 4767 offert
767 4715 821 4767 se
850 4699 994 4753 vobis
1037 4700 1202 4757 Deus.
1252 4702 1383 4771 Quis
1421 4707 1560 4761 enim
1600 4717 1678 4763 est
1709 4683 1854 4777 ﬁlius
1884 4683 1994 4778 quea

2122 4718 2291 4773 ρεται
2317 4703 2349 4755 ὁ
2379 4699 2545 4765 Θεός.
2584 4696 2679 4764 Ίίς
2713 4695 2824 4767 γάρ
2854 4695 3030 4749 ἐστιν
3064 4693 3199 4757 υίὸς
3235 4688 3307 4742 ὃν
3338 4688 3409 4778 ορ
3433 4683 3709 4778 παιδεύει

458 4805 564 4843 non
597 4791 826 4859 castigat
845 4793 1041 4859 pater?
1074 4792 1229 4860 Quod
1251 4796 1299 4849 si
1336 4806 1487 4851 extra
1518 4774 1854 4865 disciplinam
1882 4774 1994 4851 esti:

2131 4792 2368 4861 πατήρ;
2404 4789 2471 4844 Et
2511 4788 2580 4842 δὲ
2626 4790 2810 4859 χωρίς
2837 4787 2978 4841 ἐστε
3021 4781 3315 4846 παιδείας,
3353 4774 3429 4890 ἧς
3462 4775 3710 4890 perago}

460 4880 610 4950 cujus
642 4882 926 4948 participes
951 4883 1085 4953 facti
1107 4898 1227 4940 sunt
1254 4904 1455 4953 omnes,
1485 4905 1607 4960 ergo
1641 4889 1948 4951 adulterini,
1985 4908 1994 4940 ι

2131 4887 2416 4957 γεγόνασι
2464 4880 2708 4947 πάντες,
2753 4880 2867 4950 ἄρα
2893 4879 3059 4933 νόθοι
3087 4874 3249 4936 ἐστὲ,
3291 4872 3395 4981 zeal
3419 4872 3707 4981 οὑέἔίοξ.

460 4989 565 5027 non
588 4973 695 5042 ﬁlii
723 4974 871 5029 estis.
904 4975 982 5031 Ex
1033 4978 1234 5048 quibus
1282 4980 1359 5034 illi
1401 4958 1666 5045 putabant
1708 4994 1830 5034 sese
1860 4994 1887 5031 a
1919 4977 1993 5033 De

2149 4974 2267 5043 Ἀφ’
2303 4966 2379 5027 ὧν
2427 4970 2681 5041 ἐνόμιζον
2711 4969 2866 5023 αὐτοὶ
2890 4961 3380 5034 ἐγκαταλελεῖφθαι
3413 4959 3517 5014 ὑπὸ
3546 4958 3710 5064 Θεοῦί

461 5063 779 5130 derelictos,
813 5081 879 5121 ex
922 5063 989 5122 iis
1022 5067 1265 5124 ostendit
1293 5070 1374 5125 eis
1399 5070 1545 5140 quod
1590 5070 1698 5123 Deo
1738 5084 1882 5123 cura:
1911 5067 1994 5124 lue

2139 5066 2249 5121 ἀπὸ
2308 5062 2513 5118 τούτων
2571 5062 2846 5115 δείκνυσιν
2911 5056 3110 5120 αὐτοὺς
3164 5052 3578 5126 μεμελημένους
3634 5052 3714 5120 τῷ

461 5155 594 5210 rint.
621 5154 679 5210 Si
714 5156 884 5221 enim,
918 5156 1119 5230 inquit,
1147 5159 1534 5216 amictionibus
1564 5159 1903 5226 caruissetis,
1937 5174 1994 5215 nc

2142 5158 2285 5228 Θεῷ.
2320 5157 2389 5209 El.
2428 5155 2527 5227 μὲν
2578 5153 2689 5225 γὰρ
2751 5150 2910 5213 ἐκτὸς
2967 5146 3203 5218 θλίψεων
3239 5142 3369 5217 ἦτε,
3424 5142 3715 5213 ἐφαίνεσθε

462 5248 539 5303 tbi
575 5246 835 5314 fuissetis,
877 5248 1257 5321 illegitimique
1288 5250 1411 5313 ﬁlii,
1436 5260 1490 5307 et
1518 5266 1626 5307 non
1657 5251 1900 5322 genuini.
1932 5252 1994 5308 Cl

2140 5248 2208 5303 ἂν
2245 5248 2329 5301 ὅτι
2359 5245 2504 5300 νόθοι
2541 5245 2669 5298 ὲστὲ
2694 5244 2810 5312 Exul.
2859 5241 2958 5313 οὐχ
3011 5240 3139 5293 υίοί.
3205 5237 3302 5342 Τίς
3352 5238 3460 5308 γὰρ
3498 5234 3718 5342 ’πατὴρ

462 5339 607 5393 enim
639 5349 926 5411 parentum
960 5341 1248 5397 notborum
1274 5342 1547 5398 institutio
1569 5358 1715 5398 curae
1744 5344 1871 5398 est?
1895 5343 1994 5412 Qui

2143 5337 2418 5408 φροντίζει
2448 5335 2784 5397 παιδεύσεως
2809 5331 2980 5386 νόθων
3021 5331 3177 5397 υἱῶν,
3201 5329 3296 5382 καὶ
3318 5326 3715 5397 κοσμιότητοςς

462 5446 594 5485 vero
639 5431 958 5503 amigimini,
1008 5434 1205 5488 exhinc
1254 5435 1703 5493 autem‘obvenit
1741 5436 1896 5493 vobis
1921 5477 1935 5495 .
1976 5453 1988 5489 ι

2153 5428 2306 5501 Ἐπεὶ
2326 5427 2384 5479 δὲ
2417 5424 2687 5490 θλίϐεσθε,
2716 5426 2780 5477 ὲκ
2810 5422 2867 5476 δὲ
2901 5421 3092 5475 τούτου
3114 5419 3458 5486 περιγίνεται
3493 5416 3624 5486 ὑμῖν
3654 5415 3719 5466 τὸ

468 5526 664 5574 ornate
716 5529 881 5591 atque
921 5520 1201 5577 moderate
1243 5522 1457 5591 vivatis,
1488 5525 1714 5594 perinde
1744 5541 1809 5581 ac
1849 5542 1994 5582 omni

2145 5518 2391 5589 κοσμίως
2419 5519 2512 5571 καὶ
2550 5514 3000 5586 κατεσταλμένως
3030 5513 3152 5585 ζῇν,
3179 5511 3326 5565 ὥσπε
3335 5528 3367 5582 ρ
3392 5509 3489 5562 καὶ
3520 5507 3721 5605 πάντες

469 5612 899 5682 praememorati,
928 5612 1183 5672 videlicet
1206 5614 1367 5688 justi.
1400 5616 1495 5691 qui
1529 5628 1581 5675 et
1613 5617 1708 5673 lilii
1749 5617 1841 5674 Dei
1867 5633 1994 5676 voca

2145 5613 2196 5665 oi
2229 5608 2655 5681 προρῥηθέντες,
2692 5607 2896 5681 δηλαδὴ
2933 5604 3155 5674 δίκαιοι,
3195 5602 3248 5658 οἶ
3278 5603 3373 5658 καὶ
3427 5600 3536 5655 υίοὶ
3581 5596 3719 5653 Θεοῦ

541 5793 583 5824 ⁶¹
625 5790 784 5847 Prov.
821 5807 903 5859 ιιι,
940 5794 997 5849 ll
