4068 6210
364 358 466 423 3'73

1150 357 1555 418 EXPOSlTlO
1610 359 1692 419 IN
1734 360 1974 423 EPIST.
2010 361 2109 420 AD
2139 358 2533 420 HEBIUEOS.
2558 383 2628 394 —
2654 357 2813 419 CAP.
2839 357 2977 418 XII.

3505 362 3614 427 374
3632 406 3643 411 -

363 464 738 538 ἐχρημάτισαν
763 478 776 492 ·
813 465 1081 537 πρόδηλον
1122 468 1221 522 καὶ
1272 469 1693 542 ἀναντίρρητον,
1725 470 1810 525 δτι
1851 471 1928 535 ὡς

2053 480 2189 528 sunt:
2228 472 2449 543 planum
2483 478 2566 527 est
2586 479 2642 526 et
2673 466 3050 535 irrel’ragabile
3077 466 3226 539 quod
3259 467 3419 525 vobis
3450 482 3511 526 ut
3544 473 3610 528 ii-

367 560 499 620 υίοίς
566 557 698 627 ὑμῖν
734 557 1107 628 προσφέρεται
1149 560 1179 612 ὁ
1207 558 1362 623 Θεὸς,
1393 562 1489 615 καὶ¹
1515 560 1604 616 διὰ
1648 562 1931 634 φροντίδος

363 649 510 717 ὑμᾶς
548 647 682 716 ἔχει,
717 647 806 700 ἴνα
836 647 909 719 μὴ
945 648 1265 704 ἀπαίδευτοι
1293 649 1555 722 ἁποσῆτε,
1576 650 1692 708 ’καὶ
1718 655 1780 708 ὲκ
1808 654 1930 709 τοῦ·

363 756 455 791 του
491 737 842 807 ἀποκλήρους
869 738 1011 809 ὑμᾶς
1041 739 1314 813 ὲξωθήσῖὶ·

436 824 579 881 Εἶτα
633 828 779 895 τοὺς
820 828 938 899 μὲν
997 832 1108 901 τῆς
1168 835 1397 902 σαρκὸς
1452 835 1623 906 ἡμῶν
1674 838 1936 907 πατέρας

359 920 603 987 εἴχομεν
635 920 980 988 παιδευτὰς,
1012 923 1111 977 καί
1134 923 1590 997 ἐνετρεπόμεθα.
1625 930 1707 983 Οὐ
1726 926 1936 993 πολλῷ

357 1010 607 1080 μᾶλλον
640 1013 1143 1083 ὑποταγησόμεθα
1186 1013 1267 1081 τῷ
1302 1019 1479 1087 πατρί
1520 1017 1640 1072 τῶν
1677 1020 1938 1089 πνευμὰμ

361 1120 503 1168 των,
559 1105 657 1157 καί
706 1102 985 1174 (ﬁdem.
1049 1106 1148 1161 Ἐκ
1182 1109 1292 1163 τῶν
1342 1110 1466 1164 κατ’
1518 1111 1715 1175 αὐτοὺς
1773 1111 1939 1166 πάλιν

360 1195 746 1248 ἀποδείκνυσιν
783 1196 865 1250 δτι
922 1198 1005 1252 δεῖ
1069 1199 1387 1269 ὑπομένειν.
1448 1202 1513 1255 El
1558 1202 1670 1273 γὰρ
1717 1204 1848 1256 ὅταν
1886 1203 1938 1256 οἱ

363 1286 623 1357 σαρκικοί
662 1289 894 1359 πατέρες
950 1289 1242 1344 ἐπαίδευον
1272 1294 1441 1362 ἡμᾶς,
1487 1295 1587 1349 οὐκ
1617 1295 1939 1367 ἐτολμῶμεν

361 1378 740 1447 ἁποπηδῆσαι,
788 1379 905 1434 ἀλλ’
961 1382 1369 1454 ἐνετρεπόμεθα
1421 1386 1518 1440 καὶ
1569 1387 1937 1460 ὑπεμένομεν,

362 1470 466 1524 ὅσα
497 1470 563 1523 ἂν
607 1470 877 1542 ἐπέφερον
905 1490 917 1504 ·
954 1474 1107 1545 πόσῳ
1150 1477 1351 1545 μᾶλλον
1382 1476 1478 1532 νῦν
1516 1477 1612 1532 τοῦ
1644 1479 1780 1533 Θεοῦ
1810 1497 1942 1535 παι·

359 1560 652 1628 δεύοντοςς
691 1562 835 1632 Ὅρα
887 1562 965 1628 δὶ,
1008 1564 1110 1620 οὐκ
1142 1563 1267 1621 εἶπε
1309 1568 1468 1638 Πόσῳ
1496 1571 1698 1641 μᾶλλον
1729 1571 1942 1637 ὑπομε-

362 1650 588 1720 νοῦμεν,
644 1652 783 1718 ἀλλ’,
839 1654 1341 1727 ὑποταγησόμεθα
1369 1675 1383 1692 ο
1422 1661 1637 1725 δεικνὺς
1663 1663 1748 1717 ὅτι
1782 1662 1940 1716 ἀντι-

364 1742 567 1793 στατου
602 1740 718 1794 ἔστι
758 1744 850 1795 καὶ
882 1744 1152 1809 ἀντιθέου,
1178 1747 1240 1800 τὸ
1277 1747 1353 1819 μὴ
1392 1749 1689 1820 ὑπομένειν
1738 1751 1939 1821 θλίψιν.

362 1831 604 1900 Πατέρα
637 1833 694 1886 δὲ
726 1833 1107 1903 πνευμάτων,
1140 1838 1174 1908 ἢ
1205 1838 1315 1893 τῶν
1351 1842 1732 1910 χαρισμάτων,
1770 1843 1803 1914 ἢ
1832 1843 1943 1896 τῶν

360 1923 682 1992 ἀσωμάτων
717 1924 1025 1996 δυνάμεων,
1056 1928 1117 1998 ἢ,
1145 1930 1285 2001 ὅπερ
1313 1931 1410 1985 καὶ
1443 1932 1792 2004 οἰκειότερον,
1830 1932 1944 1986 τῶν

361 2014 581 2085 ψυχῶν.
649 2015 796 2087 Πρὸς
844 2018 957 2086 γὰρ
1019 2019 1429 2092 ἀντιδιαστολὴν
1494 2020 1606 2076 τῶν
1664 2021 1946 2093 σαρκικῶν

365 2106 646 2176 πατέρων,
699 2102 822 2161 εἶπε
876 2108 939 2162 τὸ
1002 2111 1396 2180 πνευματικόν.
1446 2111 1556 2167 Kal
1600 2111 1861 2182 ζήσομεν
1887 2112 1945 2167 δὲ

367 2197 735 2268 προσέθηκεν,
769 2198 855 2252 ἵνα
901 2199 1071 2271 δείξῃ,
1117 2202 1198 2255 δτι
1226 2203 1255 2255 ὁ
1283 2201 1658 2268 ἀνυπότακτος
1693 2203 1816 2258 οὐδὲ
1852 2202 1944 2276 ζῇ.

370 2286 516 2354 Ἐξω
542 2288 653 2360 γάρ
691 2290 808 2343 ἐστι
832 2287 926 2342 τοῦ
962 2287 1123 2355 Θεοῦ,
1147 2289 1205 2354 ὃς
1233 2291 1349 2344 ἐστι
1382 2289 1520 2362 ζωή.

444 2466 512 2518 Ol
556 2467 677 2534 μὲν
733 2463 844 2534 γὰρ
882 2465 1033 2534 πρὸς
1080 2465 1292 2536 ὀλίγας
1342 2466 1588 2536 ἡμέρας.
1651 2466 1792 2521 Οὔτε
1840 2467 1948 2539 γὰρ

370 2558 620 2626 ἰσχύουσι
685 2556 755 2610 δι’
813 2556 936 2609 ὅλου
978 2556 1255 2610 παιδεύειν
1305 2559 1453 2628 ἡμᾶς
1479 2597 1497 2623 ,
1556 2557 1643 2612 ἵνα
1713 2558 1950 2622 τελείους

367 2650 737 2716 ἐργάσωνται.
773 2648 845 2700 Ἢ
870 2650 981 2718 γὰρ
1008 2646 1234 2712 θάνατος
1254 2648 1350 2702 τοῦ
1381 2648 1607 2719 πατρὸς,
1635 2650 1670 2721 ἢ
1697 2648 1948 2720 αὔξησις,

370 2738 404 2806 ἦ
449 2737 757 2809 σκληρότης
793 2737 888 2790 τοῦ
942 2739 1155 2804 παιδὸς,
1204 2738 1385 2809 ἵστησι
1446 2739 1548 2811 τὴν
1603 2740 1849 2794 παιδείαν
1876 2755 1891 2771 ⁸
1922 2742 1953 2795 δ

365 2831 426 2883 δὲ
465 2830 598 2894 Θεὸς
623 2830 712 2884 ἀεὶ
744 2831 1035 2895 παιδεύων,
1063 2830 1294 2886 δύναται
1321 2829 1563 2896 τελείους
1590 2835 1785 2887 ποιεῖν.

443 3020 606 3073 Κατὰ
630 3019 696 3073 τὸ
727 3019 950 3074 δοκοῦν
976 3019 1203 3087 αὐτοῖς,
1233 3018 1576 3075 ἐπαίδευον.
1623 3019 1697 3072 Οὺ
1737 3019 1955 3083 πάντως

2034 565 2124 620 liis
2171 578 2297 619 sese
2336 562 2530 617 oderat
2571 560 2735 626 Deus,
2791 570 2953 630 atque
2987 558 3155 614 vestri
3200 574 3388 615 curam
3435 572 3605 631 gerat.

2035 655 2200 728 748
2230 669 2297 709 ne
2338 654 2646 724 disciplina;
2692 658 2945 723 expertes
2988 648 3256 715 evadatis,
3288 660 3452 722 atquc
3480 653 3611 708 hinc

2037 764 2133 804 vos
2160 745 2475 802 hzereditate
2503 744 2741 800 abdicet.

2105 842 2272 898 Vens.
2305 839 2360 896 9.
2408 841 2601 895 Deinde
2631 848 2808 909 patres
2833 836 3040 909 quidem
3080 838 3259 891 carnis
3287 845 3482 892 nostrae
3516 838 3611 891 ha-

2039 936 2247 990 buimus
2284 933 2599 995 eruditores,
2634 940 2683 985 et
2713 931 3079 985 reverebantur
3112 944 3200 982 eos
3240 944 3257 983 :
3308 945 3412 982 non
3445 929 3611 982 multo

2039 1027 2208 1096 magis
2240 1023 2713 1094 obtemperabimus
2744 1022 2890 1093 patri
2923 1021 3231 1091 spirituum,
3267 1029 3315 1074 et
3349 1021 3615 1075 vivemus?

2041 1117 2115 1173 Ex
2152 1118 2318 1172 rebus
2346 1131 2537 1172 eorum
2566 1114 2908 1170 demonstrat
2937 1125 3136 1168 rursus
3187 1114 3332 1183 quod
3364 1122 3618 1182 oporteat

2041 1226 2137 1267 eos
2167 1209 2441 1280 patientes
2496 1223 2637 1265 esse.
2689 1206 2747 1262 Si
2776 1207 2927 1262 enim
2965 1222 3091 1261 cum
3146 1208 3394 1263 carnales
3434 1219 3615 1277 patres

2040 1319 2143 1360 nos
2167 1302 2537 1371 castigabant,
2582 1316 2693 1355 non
2736 1299 3078 1355 audebamus
3121 1298 3353 1375 resilire,
3390 1299 3487 1353 sed
3519 1314 3620 1368 pn-

2040 1393 2176 1449 dore
2245 1390 2736 1457 suﬂ'undebamur,
2780 1398 2835 1445 et
2886 1389 3158 1459 patienter
3206 1388 3618 1443 sustinebamus

2042 1498 2383 1556 quaecunque
2418 1480 2578 1537 nobis
2609 1480 2960 1546 inferebant,
2991 1488 3200 1549 quanto
3243 1479 3425 1550 potius
3472 1493 3620 1533 nunc

1981 1637 1989 1646 ,
2043 1577 2156 1631 Deo
2210 1590 2311 1630 nos
2364 1572 2712 1641 castigante?
2778 1571 3166 1625 Animadverte
3222 1580 3401 1624 autem
3444 1586 3459 1624 :
3511 1583 3619 1622 non

2044 1667 2203 1732 dixit,
2235 1666 2456 1733 Quanto
2481 1663 2655 1733 magis
2695 1660 3039 1723 suﬂ‘eremus,
3087 1660 3204 1724 sed,
3243 1658 3622 1725 obtemperabi-

2045 1768 2184 1816 mus,
2227 1749 2525 1806 ostendens
2552 1747 2696 1814 quod
2757 1748 2829 1801 sit
2862 1745 3291 1801 contranitentis
3331 1755 3385 1799 et
3420 1746 3622 1799 advero

2046 1841 2218 1896 santis
2244 1838 2375 1903 Deo,
2404 1853 2513 1893 non
2547 1836 2821 1892 sustinere
2848 1834 3223 1890 alﬂictionem.
3271 1834 3491 1888 Patrem
3524 1849 3623 1888 au-

2048 1941 2159 1987 tem
2198 1930 2502 1998 spirituum,
2552 1928 2639 1983 vel
2692 1927 2988 1990 donorum,
3041 1926 3126 1982 vel
3171 1926 3622 1996 incorporearum

2045 2022 2310 2078 virtutum
2335 2021 2508 2088 dixit,
2539 2020 2647 2086 vel,
2677 2018 2823 2090 quod
2858 2018 3033 2091 magis
3067 2019 3344 2089 proprium
3375 2028 3476 2083 est,
3506 2018 3626 2072 ani-

2046 2129 2283 2170 marum.
2317 2112 2399 2167 Ad
2445 2110 2742 2167 discrimen
2782 2112 2929 2166 enim
2981 2110 3281 2164 carnalium
3318 2116 3621 2179 parentum,

2048 2203 2334 2275 spirituale
2363 2201 2569 2272 posuit.
2598 2199 2773 2254 Porro
2802 2198 3031 2265 addidit,
3059 2207 3109 2253 et
3141 2201 3390 2263 vivemus,
3411 2208 3469 2253 ut
3497 2199 3625 2254 sub-

2049 2300 2319 2349 monstret
2351 2292 2758 2348 inobedientem
2797 2305 2909 2345 non
2952 2292 3136 2346 vivere
3171 2307 3185 2343 :
3226 2290 3441 2344 alienus
3475 2290 3619 2343 cnint

2047 2394 2131 2441 est
2166 2400 2195 2440 a
2234 2385 2364 2451 Deo,
2394 2384 2488 2454 qui
2519 2390 2604 2440 est
2631 2382 2763 2438 vita.

2120 2474 2290 2529 Vsus.
2327 2474 2413 2529 lt).
2452 2472 2521 2527 Et
2564 2472 2648 2528 illi
2676 2473 2885 2544 quidem
2926 2481 3152 2540 tempore
3185 2488 3473 2541 paucorum
3517 2472 3625 2525 die-

2051 2581 2188 2619 rum.
2219 2562 2406 2633 Neque
2451 2562 2593 2617 enim
2624 2572 2854 2632 possunt
2892 2562 3120 2617 omnino
3154 2577 3253 2617 nos
3277 2562 3517 2627 erudire,
3552 2562 3623 2613 ita

2052 2664 2112 2708 ut
2157 2653 2432 2722 perfectos
2482 2652 2734 2707 reddant.
2766 2651 2874 2705 Aut
2912 2651 3058 2705 enim
3108 2652 3290 2707 obitus
3323 2652 3512 2721 patris,
3542 2652 3626 2706 vel

2051 2754 2183 2801 tetas
2223 2744 2551 2815 provectior,
2596 2743 2682 2796 vel
2716 2729 2945 2797 durities
2978 2741 3073 2796 lilii
3116 2741 3518 2797 institutionem
3551 2742 3629 2797 si-

2053 2838 2149 2894 stit
2184 2855 2196 2890 :
2230 2845 2286 2890 at
2318 2850 2447 2891 vero
2482 2834 2648 2899 Deus,
2681 2841 2870 2902 utpote
2897 2832 2991 2902 qui
3019 2847 3233 2902 semper
3256 2830 3458 2896 erudit,
3502 2846 3626 2901 per--

2053 2928 2230 2984 fectos
2260 2928 2472 2983 edicere
2497 2933 2699 2996 potest.

2126 3020 2423 3076 Secundum
2465 3019 2783 3074 voluntatem
2820 3034 2975 3071 suam
3010 3015 3319 3071 erudiebant
3359 3031 3469 3069 nos.
3506 3013 3623 3068 Non

370 3112 433 3164 δὲ
466 3112 527 3163 τὸ
564 3111 756 3165 δοκοῦν
802 3111 883 3181 τῷ
921 3112 1091 3182 πατρὶ
1145 3110 1417 3164 λυσιτελεῖ
1479 3108 1557 3180 τῷ
1598 3110 1730 3181 υίῷ·
1770 3109 1951 3164 πολλοὶ

2059 3122 2237 3169 autem
2288 3111 2513 3167 omnino
2563 3109 2708 3180 quod
2766 3110 2907 3179 patri
2962 3111 3139 3163 visum
3185 3114 3309 3173 est,
3362 3107 3491 3162 utile
3547 3118 3632 3161 est

375 3202 489 3271 γὰρ
521 3200 616 3253 καὶ
646 3200 879 3273 αἰσχρὰς
906 3199 1220 3255 διδάσκουσι
1248 3201 1466 3272 τέχνας.

459 3389 523 3442 '0
548 3388 617 3441 δὲ
649 3389 750 3441 ἐπι
779 3388 847 3441 τὸ
894 3386 1229 3457 συμφέρον,
1265 3385 1416 3457 πρὸς
1473 3387 1539 3440 τὸ
1586 3386 1951 3456 μεταλαμϐάσ

380 3499 509 3536 retr
529 3483 576 3514 "
609 3479 718 3549 τῆς
748 3480 1062 3548 ἁγιότητος
1097 3479 1306 3534 αὑτοῦ.
1362 3479 1419 3533 '0
1451 3480 1507 3533 δὲ
1536 3480 1668 3542 Θεδς
1714 3481 1850 3552 πρὸς
1897 3480 1958 3534 τὸ

385 3574 665 3645 συμφέρον
693 3574 827 3643 ἡμῖν
861 3572 1059 3639 ἐπάγει
1086 3571 1185 3641 τὴν
1220 3569 1468 3624 παιδείαν
1495 3586 1511 3601 ο
1563 3570 1663 3641 οὐχ
1693 3571 1779 3625 ἵνα
1810 3571 1953 3645 λάϐῃ

384 3684 436 3721 τι
463 3666 591 3737 παρ’
625 3665 805 3735 ἡμῶν,
836 3664 951 3718 ἀλλ’
981 3664 1070 3717 ίνα
1107 3663 1328 3735 μεταδῷ
1353 3662 1559 3733 μᾶλλον
1595 3664 1693 3733 τῆς
1733 3663 1957 3734 ἁγιότη-

386 3775 498 3824 τος,
530 3757 801 3821 τουτέστι,
828 3756 931 3825 τῆς
958 3755 1329 3826 καθαρότητος
1353 3754 1520 3810 αὑτοῦ
1550 3772 1564 3787 ο
1603 3754 1764 3819 ὥστε,
1802 3755 1954 3822 φησὶ,

386 3848 637 3917 γενέσθαι
671 3849 820 3919 ἡμᾶς
868 3847 1148 3912 δεκτικοὺς
1176 3846 1284 3900 τῶν
1317 3845 1483 3900 αὑτοῦ
1509 3846 1753 3915 ἀγαθῶν.
1813 3846 1960 3916 Ἀρα

387 3939 478 3994 οῦν
506 3942 540 4011 ἡ
575 3939 794 3993 παιδεία
829 3936 1129 4010 μετάληψις
1173 3935 1460 4007 ἀγιότητός
1494 3939 1612 3990 ἐστι
1641 3952 1654 3965 ·
1689 3936 1784 3990 καὶ
1822 3936 1960 3989 είκόο

389 4048 528 4091 τωςο
575 4030 873 4100 σδστρέφει
924 4029 1033 4099 γὰρ
1089 4026 1187 4099 τὴν
1238 4028 1418 4098 ψυχὴν
1466 4027 1605 4098 πρὸς
1661 4026 1752 4080 τὸν
1802 4027 1958 4095 ἆγιον

390 4122 517 4174 Θεὸν
539 4163 554 4186 ,
613 4123 693 4192 μὴ
729 4121 877 4175 ἐῶσα
904 4121 1074 4192 αὐτὴν
1111 4120 1250 4191 πρὸς
1288 4116 1627 4190 ἀνθρώπινόν
1658 4134 1712 4170 τι
1759 4116 1959 4188 ῥέμϐε-

393 4210 540 4264 σθαι.

456 4300 631 4356 Πᾶσα
669 4299 737 4354 δὲ
763 4299 1003 4354 παιδεία
1028 4301 1178 4367 πρὸς
1202 4296 1321 4368 μὲν
1344 4296 1412 4351 τὸ
1440 4298 1636 4368 παρὸν
1688 4300 1761 4354 οὐ
1796 4298 1966 4354 δοκεῖ

394 4392 579 4463 χαρᾶς
614 4388 789 4459 εἶναι,
820 4390 984 4447 ἀλλὰ
1025 4390 1250 4457 λύπης.
1298 4389 1469 4445 Πάλιν
1501 4390 1613 4444 ἀπὸ
1641 4391 1741 4462 τῆς
1771 4391 1956 4462 κοινῆς

2058 3206 2221 3262 etiam
2276 3204 2437 3258 filio:
2492 3203 2739 3274 plerique
2790 3200 2935 3256 enim
2988 3210 3173 3270 turpes
3218 3199 3381 3254 etiam
3434 3198 3633 3253 docent

2057 3308 2223 3353 artes.

2132 3385 2233 3440 llic
2254 3402 2373 3441 vero
2403 3384 2471 3439 ad
2497 3385 2552 3439 id
2580 3384 2717 3455 quod
2745 3383 2877 3437 utile
2905 3390 2983 3437 est
3006 3381 3060 3436 in
3102 3381 3396 3450 recipiendo
3430 3380 3632 3431 sancti-

2060 3480 2359 3549 ﬁcationem
2387 3478 2522 3547 ejus.
2574 3476 2718 3532 Deus
2755 3488 2938 3530 autem
2964 3473 3030 3528 ad
3068 3472 3516 3528 commoditatem
3541 3487 3633 3524 uo-

2059 3580 2230 3628 slram
2256 3571 2684 3643 Ecastigationetn
2732 3568 2966 3631 inducit,
3018 3580 3123 3620 non
3170 3575 3230 3619 ut
3268 3565 3564 3634 quidquam
3602 3577 3631 3615 ιι

2060 3664 2219 3718 nobis
2272 3661 2529 3733 accipiat,
2587 3674 2778 3715 verum
2825 3666 2884 3712 ut
2936 3657 3214 3726 impertiat
3266 3654 3422 3709 nobis
3454 3653 3632 3724 potius

2059 3755 2430 3817 sanctitatem,
2484 3752 2589 3809 hoc
2638 3759 2740 3816 est,
2783 3748 3075 3818 puritatem
3120 3761 3300 3810 suam,
3338 3753 3395 3797 ιιι
3438 3746 3632 3799 simus.

2063 3842 2258 3911 inquit,
2293 3855 2393 3896 nos
2423 3854 2650 3910 capaces
2681 3838 2951 3893 bonorum
2977 3836 3116 3905 ejus.
3149 3834 3437 3904 Disciplina
3472 3833 3637 3902 igitur

2060 3942 2144 3990 est
2176 3926 2520 4003 participatio
2546 3927 2854 3985 sanctitatis
2890 3945 2903 3981 :
2940 3941 3043 3982 nec
3064 3924 3371 3985 immerito:
3405 3938 3635 3976 convcr-

2063 4026 2288 4081 titenim
2314 4024 2551 4078 animam
2578 4021 2648 4075 ad
2674 4020 2839 4076 Deum
2865 4026 3141 4077 sanctum.
3172 4029 3277 4069 non
3306 4014 3494 4068 sinens
3516 4027 3634 4065 cam

2064 4117 2132 4171 ad
2165 4115 2466 4171 humanum
2504 4112 2764 4184 quiddam
2796 4107 3032 4166 devolvi.

2136 4300 2303 4355 Vens.
2356 4300 2441 4353 ll.
2496 4299 2681 4353 Omnis
2737 4305 2913 4350 autem
2963 4293 3241 4359 disciplina
3285 4294 3341 4344 in
3386 4294 3637 4359 pra'senti

2064 4392 2271 4463 quidem
2311 4408 2415 4446 non
2444 4388 2651 4444 videtur
2681 4404 2792 4442 esse
2833 4386 3037 4457 gaudii,
3078 4383 3168 4439 sed
3204 4384 3460 4438 ma’roris.
3500 4383 3640 4436 itur-

393 4483 599 4547 ἑννοίας
625 4482 724 4545 τὰς
763 4482 1018 4552 ἀφορμὰς
1071 4480 1229 4534 ἔλαϐε
1277 4483 1378 4552 τῆς
1430 4482 1829 4551 παραινέσεως,
1867 4483 1951 4536 καί

2067 4501 2163 4541 sus
2194 4500 2222 4537 a
2261 4482 2470 4555 vulgari
2510 4480 2793 4552 opinione,
2843 4474 3247 4532 adhortationis
3291 4475 3639 4530 occasionem

397 4590 523 4643 φησι
554 4590 571 4605 ο
632 4571 805 4628 Πᾶσα
835 4572 903 4626 δὲ
933 4570 1189 4637 παιδεία,
1214 4572 1311 4622 καὶ
1343 4570 1463 4623 θεία
1494 4572 1587 4624 καὶ
1619 4570 1959 4643 ἀνθρωπίνη,

397 4668 464 4719 οὐ
511 4665 682 4719 δοκεῖ
707 4661 896 4733 χαρᾶς
926 4659 1112 4726 εἶναι,
1158 4660 1318 4717 ἀλλὰ
1361 4664 1588 4729 λύπης.
1639 4663 1835 4726 Καλῶς
1880 4663 1964 4728 τὸ,

398 4758 595 4811 Δοκεῖ·
627 4757 689 4810 ού
739 4756 846 4825 γὰρ
868 4755 1082 4826 ἀληθῶς
1110 4755 1227 4808 ἔστι
1249 4753 1447 4824 λύπης.
1492 4754 1615 4817 Πῶς
1650 4755 1754 4825 γὰρ
1786 4755 1851 4809 ἂν
1879 4758 1964 4826 εἴη

400 4848 597 4917 κυρίως
625 4846 823 4917 λύπης,
865 4845 1205 4917 εὐφροσύνης
1251 4841 1386 4900 οὖσα
1446 4846 1666 4918 μήτηρ;
1711 4848 1851 4901 Ἀλλ’
1891 4849 1966 4913 ὡς

405 4938 536 5009 πρὸς
563 4939 715 5007 ἡμᾶς
764 4940 892 5002 τοὺς
934 4938 1383 5009 δυσχεραίνοντας
1416 4937 1551 5008 πρὸς
1586 4937 1685 5003 τὰς
1719 4939 1967 5005 παιδείας

400 5031 478 5094 τὸ,
499 5031 689 5097 Δοκεῖ,
718 5032 955 5102 εἴρηται.

472 5123 758 5191 Ὕστερον
797 5122 867 5175 δὲ
913 5122 1146 5191 καρπὸν
1201 5118 1504 5190 εἰρηνικὸν
1558 5124 1681 5190 τοῖς
1730 5122 1805 5177 δι’
1859 5126 1967 5180 αὺ-

403 5213 509 5281 τῆς
544 5213 1058 5285 γεγυμνασμένοις
1075 5211 1405 5268 ἀποδίδωσι
1446 5214 1855 5285 δικαιοσύνης.
1902 5218 1967 5271 Τί

403 5307 568 5373 ἐστιν,
605 5307 953 5374 ειρηνικόν;
1013 5305 1159 5359 τοῦτ’
1205 5303 1388 5370 ἔστιν,
1438 5306 1747 5379 ἀτάραχον,
1800 5309 1961 5375 λεῖον,

405 5396 554 5467 ἡδύν.
624 5395 686 5450 '0
727 5397 826 5467 μὲν
864 5396 972 5468 γὰρ
1019 5394 1356 5466 λυπούμενος
1407 5397 1733 5467 ταράττεται
1762 5413 1776 5428 ·
1823 5398 1851 5450 ὁ
1910 5398 1970 5453 δὲ

401 5486 608 5558 χαίρων
639 5485 893 5556 λειότητα
918 5502 1038 5539 τινα
1060 5484 1174 5556 ἔχει
1209 5490 1303 5540 καὶ
1324 5486 1591 5558 γαλήνην.
1633 5487 1690 5541 '0
1728 5486 1785 5540 δὲ
1829 5506 1965 5560 καρο

407 5578 509 5645 πὸς
559 5574 715 5643 οὗτος
753 5575 1099 5648 δικαιοσύνης
1142 5577 1281 5645 ἐστὶ,
1335 5578 1469 5633 διότι
1515 5578 1722 5645 δίκαιος
1754 5579 1829 5634 ῶν
1865 5581 1912 5613 ⁷³
1940 5582 1969 5634 δ

2066 4575 2296 4646 accepit,
2329 4583 2384 4629 et
2415 4574 2492 4628 ait
2529 4591 2542 4627 :
2580 4570 2763 4628 Omnis
2793 4567 3100 4637 disciplina,
3131 4573 3241 4620 tam
3265 4567 3448 4620 divina
3477 4582 3638 4636 quam

2070 4667 2332 4732 humana,
2358 4680 2461 4719 non
2495 4664 2698 4718 videtur
2725 4677 2835 4716 esse
2873 4657 3081 4730 gaudii,
3114 4659 3202 4712 sed
3234 4655 3641 4711 mwroris.Pul-

2068 4758 2200 4813 chre
2252 4764 2435 4810 autem
2484 4754 2664 4809 dicit:
2724 4751 2990 4807 Videtur:
3036 4765 3145 4804 non
3193 4748 3337 4803 cnim
3393 4763 3517 4802 vere
3559 4757 3644 4803 est

2072 4850 2327 4904 mmroris
2360 4866 2375 4913 ;
2406 4846 2679 4917 quomodo
2715 4845 2860 4897 enim
2904 4842 3125 4913 proprie
3167 4840 3330 4895 fuerit
3364 4840 3640 4902 memoris,

2072 4958 2197 4997 cum
2241 4942 2312 4997 sit
2356 4938 2558 4994 laetitia:
2597 4936 2804 4992 mater?
2842 4934 2947 4990 Sed
2990 4934 3163 4989 nostri
3222 4941 3498 5004 respectu,
3551 4931 3641 5000 qui

2072 5049 2217 5102 (egre
2256 5031 2487 5088 ferimus
2514 5028 2885 5097 disciplinam,
2921 5024 3162 5085 Videtur.
3200 5023 3401 5078 dictum
3438 5030 3543 5076 est.

2136 5126 2334 5182 Postea
2366 5140 2484 5178 vero
2514 5122 2747 5192 fructum
2788 5128 3037 5188 pacatum
3083 5116 3383 5170 exercitatis
3414 5129 3503 5181 per
3528 5126 3642 5163 eam

2071 5217 2245 5271 reddit
2280 5214 2517 5278 iustitiae.
2555 5210 2695 5278 Quid
2726 5220 2831 5274 est,
2865 5216 3113 5278 pacatum
3138 5206 3163 5258 ?
3193 5204 3306 5257 Hoc
3342 5210 3446 5265 cst,
3486 5199 3642 5252 turba

2071 5316 2381 5373 vacantem,
2430 5306 2641 5370 lazvem,
2681 5316 2926 5358 suavem.
2950 5298 3055 5364 Qui
3090 5295 3235 5350 enim
3265 5289 3643 5355 contristatur,

2074 5398 2480 5455 conturbatur:
2513 5396 2605 5466 qui
2639 5409 2771 5450 vero
2805 5393 3039 5455 lmtatur,
3076 5387 3326 5440 laevorem
3352 5381 3644 5450 quemdam

2079 5491 2266 5553 habet,
2299 5504 2362 5546 ac
2387 5486 2856 5558 tranquillitatem.
2881 5478 3044 5550 749
3075 5474 3310 5529 Fructus
3341 5480 3522 5527 autem
3553 5473 3646 5527 ille

2077 5582 2304 5653 iustitia:
2352 5586 2455 5645 est,
2489 5591 2685 5646 nempe
2722 5570 2866 5645 quod
2902 5568 3065 5632 Deus,
3101 5578 3224 5621 cum
3254 5563 3325 5621 sit
3350 5564 3559 5634 justus,
3589 5564 3655 5619 in

1744 5697 1945 5761 Varia)
1968 5697 2301 5764 lectiones.

482 5799 523 5830 τ’
556 5794 878 5875 μεταλαϐεῖν
900 5813 955 5851 ο.
1029 5795 1074 5827 ⁷³
1097 5794 1242 5848 ἐστιν
1281 5811 1334 5849 ο.
