4068 6210
413 351 518 414 375

1321 360 1895 424 THEOPHYLACTI
1936 365 2344 427 BULGARLE
2379 363 2735 424 ARCllIEP-

412 462 516 517 hoc
546 464 747 519 saaculo
778 466 1024 524 turbatos
1056 466 1167 524 illic
1192 468 1484 527 refocillut.
1511 472 1753 529 Observa
1782 484 1975 532 autem.

2095 477 2247 540 Θεὸς,
2283 477 2407 540 τοὺς
2438 478 2497 528 ὲν
2526 475 2604 547 τῷ
2648 475 2805 528 αἰῶνι
2851 472 3027 545 τούτῳ
3065 472 3406 544 λυπηθέντας
3446 470 3493 502 ⁷⁸
3548 470 3671 522 ἐκεῖ

407 553 555 620 quod
579 554 1025 612 exercitationem
1058 566 1216 614 vocet
1242 559 1611 633 disciplinam,
1638 566 1840 638 quippe
1868 584 1975 638 qua

2092 567 2382 625 ἀναπαύει.
2440 567 2584 638 Ὅρα
2613 566 2671 620 δὲ
2713 566 2795 620 ὅτι
2843 564 3152 635 γυμνασίαν
3204 564 3359 617 καλεῖ
3390 561 3490 632 τὴν
3540 576 3671 613 παι»-

409 645 681 701 conl‘ortet
728 645 933 713 ﬁdeles,
976 662 1040 704 ac
1078 652 1234 725 velut
1261 656 1529 725 quosdam
1561 659 1794 716 athletas
1816 670 1869 715 et
1896 676 1988 716 ro-

2088 659 2275 724 δείαν,
2325 647 2667 729 ῤωῦύουσαν
2713 658 2843 720 τοὺς
2889 657 3154 722 πιστοὺς,
3205 655 3299 708 καὶ
3357 650 3470 707 οἷόν
3512 668 3666 713 τινας

409 733 688 792 bustiores
724 737 907 796 faciat.
956 741 1097 808 Quid
1135 745 1303 815 igitur
1335 762 1455 802 eam
1498 752 1826 808 aversaniini
1868 769 1975 824 qua

2088 738 2345 823 ἀθλητὰς,
2387 752 2480 805 καὶ
2512 750 2905 820 εὐτονωτέρους
2943 748 3224 802 ποιοῦσαν.
3288 744 3360 800 Τί
3401 743 3494 798 οὖν
3528 745 3669 798 ἀπο-

409 830 623 884 animas
650 839 864 887 vestras
894 834 1223 891 confirmat?

485 916 653 974 Vens.
688 919 772 974 l2.
805 921 1099 991 Propterea
1132 929 1383 985 remissas
1414 948 1601 988 manus
1632 951 1695 988 ac
1724 936 1987 991 dissoluta

416 1027 587 1081 genua
624 1013 833 1083 erigite.
872 1013 1053 1072 Veluti
1089 1019 1158 1074 ad
1187 1022 1400 1093 pugiles
1436 1026 1704 1095 quosdam
1733 1038 1786 1084 et
1808 1039 1987 1084 certa-

409 1112 562 1158 tores
600 1104 848 1160 disserit.
890 1106 964 1162 Ex
1002 1108 1144 1166 lsaia
1179 1122 1363 1168 autem
1417 1116 1563 1171 hunc
1613 1118 1718 1172 sibi
1768 1118 1989 1174 desum-

406 1195 518 1262 psit
541 1196 743 1260 locum,
774 1198 1023 1256 indicans
1052 1218 1147 1270 per
1185 1206 1557 1276 metaphoram
1589 1209 1985 1280 praecipuarum

406 1287 670 1356 partium,
712 1291 858 1360 quod
900 1292 1000 1347 toti
1033 1294 1145 1349 sint
1184 1297 1350 1352 soluti
1382 1300 1585 1355 animo.
1616 1300 1808 1359 Manus
1838 1305 1984 1359 enim

410 1381 773 1446 operationis,
799 1384 968 1454 pedes
994 1401 1123 1442 vero
1165 1391 1427 1447 motionis
1478 1401 1609 1448 sunt
1651 1395 1983 1466 symbolum.

406 1469 687 1528 Moerentia
749 1476 953 1547 igitur,
1006 1478 1280 1550 imprimis
1337 1484 1555 1549 animm,
1595 1487 1982 1557 instrumenta,

408 1563 605 1621 deinde
628 1573 682 1620 et
713 1570 968 1639 corporis
999 1585 1064 1626 es
1098 1577 1459 1645 consequenti
1494 1588 1625 1634 sunt
1660 1581 1912 1636 remissa.

480 1743 646 1800 Vens.
680 1748 765 1801 l5.
803 1746 872 1800 Et
892 1764 1103 1818 gressus
1146 1760 1315 1808 rectos
1341 1755 1499 1823 facite
1530 1759 1749 1826 pedibus
1780 1764 1982 1827 vestris,

2090 840 2320 909 φεύγετε
2348 840 2444 912 τὴν
2475 840 2828 912 ὲνισχύουσαν
2854 839 2951 903 τὰς
2979 838 3158 909 ψυχὰς
3184 839 3210 891 ὑ
3220 837 3335 908 μῶν
3359 851 3374 901 ;

2160 935 2256 989 Διὸ
2289 934 2396 1001 τὰς
2440 933 2803 1003 παρειμένας
2837 931 3040 1001 χεζοας
3080 931 3178 984 καὶ
3208 931 3281 985 τὰ
3327 929 3670 997 παραλελυ.

2082 1026 2238 1095 μέγα
2280 1026 2504 1095 γόνατα
2548 1023 2951 1093 ἀνορθώσατε.
2982 1023 3072 1085 Ὦς
3099 1021 3235 1092 πρὸς
3272 1019 3482 1082 πύκτας
3514 1016 3667 1080 τινὰς

2089 1117 2184 1171 καὶ
2214 1115 2525 1184 ἀγωνιστὰς
2556 1116 2884 1186 διαλέγεται.
2934 1114 3068 1170 Ἀπὸ
3100 1113 3202 1183 τῆς
3233 1113 3458 1183 Γραφῆς
3486 1110 3541 1165 δὲ
3570 1108 3666 1163 τοῦ

2102 1207 2328 1263 Ἡσαΐου
2362 1208 2519 1262 τοῦτο
2562 1208 2745 1274 ἔλαϐε,
2786 1206 3050 1261 δεικνύων
3080 1206 3187 1261 ἀπὸ
3218 1203 3530 1276 μεταφορᾶς
3555 1200 3666 1255 τῶν

2090 1299 2442 1371 κυριωτέρων
2496 1301 2703 1372 μερῶν,
2755 1302 2838 1355 ὃτι
2897 1299 3009 1353 ὅλοι
3067 1296 3393 1369 παρειμένοι
3439 1295 3547 1348 eici.
3598 1295 3665 1364 τῇ

2086 1392 2252 1463 ψυχῇ.
2281 1393 2347 1447 Δί
2380 1393 2479 1464 μὲν
2525 1395 2632 1465 γὰρ
2669 1396 2871 1464 χεῖρες,
2907 1390 3187 1462 ἐνεργείας
3217 1405 3234 1423 ο
3265 1390 3315 1443 οἱ
3367 1388 3423 1441 δὲ
3481 1387 3664 1454 πόδες,

2089 1486 2354 1555 κινήσεως
2406 1484 2693 1555 σύμϐολον.
2725 1484 2831 1538 Τοῦ
2878 1481 2972 1538 οὖν
3014 1482 3385 1553 ἀθυμοῦντος,
3446 1481 3539 1534 καὶ
3594 1479 3666 1532 τά

2086 1578 2292 1649 ψυχικά
2351 1580 2450 1648 μὲν
2493 1578 2703 1649 ὄργανα
2754 1577 3209 1650 προηγουμένως,
3258 1574 3353 1628 καὶ
3384 1574 3453 1628 τὰ
3483 1589 3666 1642 σωμα-

2087 1671 2214 1723 τικά
2251 1668 2560 1731 ἀκολούθως
2611 1672 2895 1740 παρεῖναι.
3391 1754 3401 1761 ⁸
3571 1752 3594 1761 _

2159 1760 2265 1813 Kal
2302 1758 2544 1828 τροχιὰς
2568 1760 2745 1827 ὁρθὰς
2779 1758 3074 1826 ποιήσατε
3106 1757 3228 1823 τοῖς
3262 1754 3446 1810 ποσὶν
3477 1754 3663 1823 ὑμῶν,

409 1844 551 1891 utne
586 1839 725 1907 quod
775 1839 1025 1894 claudum
1074 1853 1151 1897 est
1203 1846 1429 1911 aberret,
1480 1852 1649 1920 magis
1690 1864 1864 1906 autem
1891 1871 1975 1908 sa-

2087 1852 2187 1905 Ινα
2220 1852 2306 1920 μὴ
2340 1851 2406 1904 τὸ
2431 1851 2631 1919 χωλὸν
2654 1850 2944 1919 ἐκτραπῇ,
2974 1847 3110 1917 ίαθῇ
3141 1847 3211 1901 δὲ
3242 1845 3504 1916 μᾶλλον.
3551 1843 3669 1894 Ἐνο

407 1936 579 1981 uetur.
634 1928 734 1985 Hic
766 1931 929 1986 veluti
972 1933 1036 1987 ad
1068 1949 1325 1991 cursores
1365 1939 1608 2004 disserit,
1650 1943 1876 2011 perinde
1918 1959 1982 2000 ac

410 2019 463 2069 in
518 2020 893 2087 superioribus
946 2023 1153 2078 dictum
1194 2033 1277 2080 cst
1309 2045 1322 2082 :
1359 2029 1464 2083 Per
1494 2032 1809 2098 patientiam
1862 2051 1983 2088 cur-

407 2124 611 2163 ramus.
648 2110 735 2165 Ait
756 2128 909 2183 ergo,
938 2112 1159 2171 Gressus
1181 2128 1350 2173 rectos
1382 2119 1563 2187 facite.
1595 2123 1802 2193 Τροχιά
1832 2139 1978 2190 vero,

408 2207 493 2250 est
534 2200 617 2254 vel
671 2202 963 2272 vestigium
1013 2218 1142 2261 rotae
1172 2221 1390 2274 currus,
1427 2212 1572 2281 quod
1600 2222 1761 2267 terrae
1796 2214 1982 2284 impri-

409 2288 598 2349 mitur.
660 2291 743 2346 vel
796 2292 949 2348 locus
996 2299 1335 2353 currentium
1387 2301 1619 2369 pedibus
1680 2302 1979 2373 subjectus.

406 2376 530 2431 Sint
573 2379 762 2450 igitur,
798 2382 996 2452 inquit,
1045 2386 1258 2452 orbitae,
1308 2390 1389 2445 vel
1430 2392 1527 2445 via:
1563 2401 1758 2447 vestrae
1799 2394 1978 2461 laeves,

403 2467 582 2538 plana:
603 2479 657 2525 et
682 2475 941 2543 aequales,
970 2476 1072 2532 hoc
1094 2491 1198 2545 εει,
1221 2481 1360 2534 nihil
1392 2496 1668 2552 asperum,
1692 2484 1776 2539 vel
1803 2485 1977 2552 triste,

405 2577 490 2615 vei
519 2566 789 2634 tamquam
817 2567 890 2622 sit
913 2569 966 2622 in
1001 2571 1291 2628 animabus
1317 2574 1549 2631 vestris:
1578 2591 1764 2632 verum
1798 2593 1983 2649 aequa--

404 2652 532 2707 liter
561 2665 614 2708 et
648 2660 811 2725 plane
858 2670 911 2714 et
949 2661 1086 2716 citra
1148 2679 1438 2720 maerorem
1487 2669 1711 2733 currite,
1761 2679 1821 2724 ut
1871 2685 1979 2725 non

404 2742 800 2811 claudicantes,
835 2748 936 2805 hoc
963 2760 1068 2817 est,
1105 2762 1299 2809 natura
1334 2758 1729 2826 pusillanimes.
1762 2760 1981 2817 Judzeo-

407 2850 527 2888 rum
560 2836 614 2890 in
652 2854 858 2894 morem
892 2860 905 2895 :
935 2843 1099 2913 hujus
1126 2867 1135 2897 ι
1162 2848 1248 2901 odi
1286 2850 1429 2902 enim
1455 2867 1588 2921 gens
1622 2861 1705 2908 est
1726 2852 1976 2923 Hebraea,

403 2926 490 2981 vel
540 2928 706 2982 etiam
767 2932 1141 2994 claudicantes
1207 2941 1355 2996 circa
1428 2942 1584 2999 [idem
1647 2945 1976 3014 futurorum,

403 3014 585 3074 adhuc
607 3018 920 3090 oll‘endatis,
950 3026 1314 3100 aberrentque
1348 3033 1512 3102 pedes
1535 3037 1724 3102 vestri,
1748 3037 1852 3092 hoc
1873 3048 1976 3104 est,

407 3112 634 3168 omnino
665 3119 907 3185 perversi
944 3120 1093 3174 ﬁant.
1133 3122 1233 3189 Qui
1276 3126 1420 3179 enim
1459 3128 1718 3192 naturali,
1761 3143 1826 3184 ac
1858 3146 1978 3201 quae

406 3203 677 3276 principio
708 3207 755 3261 ci
784 3210 1006 3277 accidit,
1037 3214 1489 3281 pusillanimitate
1522 3219 1839 3288 impellitur,
1870 3238 1977 3276 non

403 3296 667 3353 cohibens
699 3301 965 3371 seipsum,
1011 3303 1105 3359 sed
1154 3304 1359 3361 dedens
1388 3308 1591 3377 potius,
1620 3311 1755 3365 clam
1796 3312 1849 3366 in
1884 3312 1970 3367 de-

403 3389 734 3456 sperationis
768 3393 1130 3465 praecipitium
1186 3398 1412 3452 omnino
1468 3401 1681 3466 incidit,
1739 3404 1875 3460 adeo
1920 3414 1979 3460 ut

398 3476 531 3533 inde
553 3480 638 3534 vix
667 3484 914 3538 revocari
937 3487 1131 3555 possit.
1163 3486 1295 3542 Date
1319 3498 1500 3546 autem
1528 3494 1708 3561 potius
1732 3508 1973 3564 operam,

402 3578 465 3624 ut
494 3572 637 3641 quod
679 3572 736 3628 in
787 3575 944 3631 vobis
975 3576 1231 3633 claudum
1266 3592 1369 3647 est,
1400 3591 1626 3639 curetur
1658 3601 1674 3639 :
1711 3585 1814 3641 hoc
1870 3597 1975 3655 est,

402 3662 621 3718 etiamsi
654 3664 923 3722 hactenus
954 3669 1365 3727 incredulitatis
1398 3676 1648 3731 nonnihil
1683 3677 1972 3745 habuistis,

404 3754 665 3824 eorrlgite
722 3758 903 3825 potius
939 3777 952 3814 :
1007 3761 1226 3818 ubinam
1266 3766 1410 3821 enim
1445 3775 1594 3823 esset
1631 3768 1682 3823 in
1736 3770 1977 3839 patiente

400 3846 759 3902 incredulitas
788 3850 811 3904 ’ί
837 3851 1227 3916 Animadverte
1257 3868 1439 3914 autem
1484 3862 1759 3930 quomodo
1800 3865 1976 3931 manig

401 3934 542 3989 {este
601 3936 823 3994 inducat
876 3944 1283 4013 ptenitentiam,
1344 3958 1509 4021 atque
1564 3952 1707 4009 istud
1744 3954 1973 4011 observa

397 4037 623 4097 propter
674 4029 1027 4091 Novatiauos.

470 4118 636 4175 Vens.
667 4122 755 4176 M.
781 4124 974 4181 Pacem
989 4133 1366 4200 persequimini
1382 4150 1499 4188 cum
1522 4137 1784 4193 omnibus.
1818 4138 1972 4205 Quod

396 4224 566 4280 supra
613 4211 752 4268 dixit
784 4232 799 4270 :
839 4214 965 4272 Non
996 4220 1290 4277 deserentes
1319 4223 1654 4280 collationem
1712 4238 1971 4295 nostram,

396 4301 452 4355 id
516 4318 666 4360 nunc
717 4305 882 4361 etiam
916 4309 1049 4380 agit,
1093 4312 1160 4366 ad
1192 4313 1537 4369 dilectionem
1592 4332 1970 4389 congregans:

395 4407 501 4448 nec
539 4396 716 4451 solum
746 4413 878 4469 erga
910 4401 1117 4458 amicos
1144 4417 1208 4459 ac
1238 4405 1557 4472 familiares,
1593 4423 1775 4463 verum
1806 4414 1969 4465 etiam

2083 1942 2260 1996 ταῦθα
2286 1942 2359 2005 ὡς
2387 1942 2523 2012 πρὸς
2551 1941 2777 2010 δρομεῖς
2819 1941 3149 2009 διαλέγεται,
3190 1936 3375 1998 καθὼς
3402 1936 3498 1987 καὶ
3527 1935 3668 1987 ἀνω-

2084 2032 2226 2101 τέρω
2267 2030 2458 2102 εἴρηκε
2486 2046 2501 2061 ο
2551 2032 2629 2082 Δι’
2655 2029 2970 2099 ὑπομονῆς
3006 2028 3325 2097 τρέχωμεν.
3360 2025 3527 2095 Φησὶν
3550 2021 3660 2085 οὖν,

2084 2122 2382 2189 Ποιήσατε
2432 2121 2674 2192 τροχιὰς
2710 2121 2909 2192 ὀρθάς.
2956 2119 3163 2191 Τροχιά
3207 2119 3265 2172 δέ
3320 2119 3467 2171 ἐστιν
3518 2116 3552 2185 ἢ
3605 2115 3664 2167 τὸ

2086 2215 2229 2284 ίχνος
2265 2214 2359 2267 τοῦ
2385 2213 2692 2286 ἁρματείου
2722 2213 2940 2284 τροχοῦ,
2971 2212 2999 2266 ὅ
3028 2212 3171 2266 κατά
3199 2212 3299 2279 τῆς
3328 2212 3431 2281 γῆς
3462 2208 3666 2278 χαράτ-

2084 2323 2257 2371 τεται,
2308 2304 2407 2374 ἢὴ
2461 2306 2801 2376 ὑποκειμένη
2851 2306 3005 2375 χώρα
3054 2306 3165 2366 τοῖς
3199 2303 3306 2355 τῶν
3361 2300 3664 2371 τρεχόντων

2083 2396 2261 2450 ποσίν.
2315 2382 2596 2448 Ἔστωσαν
2657 2391 2784 2460 οὖν,
2839 2396 3037 2467 φησὶν,
3101 2396 3158 2448 αἱ
3212 2395 3429 2464 τροχιαὶ
3483 2391 3661 2462 ὑμῶν,

2083 2489 2249 2560 ἤγουν
2299 2488 2354 2541 αἱ
2399 2487 2509 2540 ὁδοὶ
2559 2486 2710 2557 ὑμῶν
2768 2488 2907 2540 λεῖαι
2967 2487 3063 2541 καὶ
3114 2486 3337 2554 ὀμαλαὶ,
3394 2484 3661 2548 τουτέστι,

2086 2583 2254 2652 μηδὲν
2298 2581 2471 2652 τραχὺ
2524 2583 2620 2634 καὶ¹
2671 2580 2916 2652 λυπηρὸν
2966 2581 3059 2633 καὶ¹
3098 2579 3383 2650 ἀνώμαλον
3430 2577 3488 2629 ὲν
3540 2577 3662 2638 ταῖς

2084 2672 2380 2744 ὑμετέραις
2426 2671 2628 2742 ψυχαῖς
2675 2671 2811 2742 ἦτω,
2867 2671 2984 2725 ἀλλ’
3036 2670 3255 2741 ὁμαλῶς
3299 2671 3397 2723 καὶ
3440 2666 3662 2728 ἀλύπως

2082 2763 2179 2818 καὶ
2222 2763 2385 2826 λείως
2433 2761 2682 2833 τρέχετε,
2723 2761 2812 2814 ἵνα
2853 2763 2927 2832 μὴ
2973 2761 3141 2832 χωλοὶ
3170 2760 3324 2823 ὄντες
3350 2801 3366 2826 ,
3412 2758 3661 2811 τουτέστι

2082 2853 2244 2922 φύσει
2291 2850 2760 2924 μικροψυχὸτερον
2807 2851 3162 2922 διακείμενοι,
3219 2849 3315 2904 ἆτε
3372 2846 3611 2901 Ἰουδαῖοι
3639 2859 3659 2877 ⁸

2080 2946 2320 2999 τοιοῦτον
2371 2944 2482 3016 γὰρ
2532 2944 2593 2998 τὸ
2624 2944 2776 3008 ἔθνος
2809 2959 2824 2975 ·
2857 2945 2890 3015 ἢ
2921 2946 3015 2998 καὶ
3044 2944 3377 3015 χωλεύοντες
3424 2940 3551 3011 περὶ
3597 2939 3660 2991 τὸ

2081 3038 2357 3091 πιστεύειν
2410 3038 2522 3100 τοῖς
2582 3036 2890 3107 μέλλουσιν,
2934 3036 3013 3090 ἔτι
3050 3035 3433 3108 προσπλαγῆτε
3463 3034 3530 3099 ’⁵,
3560 3031 3657 3084 καὶ

2082 3129 2430 3200 ὲκτραπῶσιν
2481 3131 2531 3182 οί
2589 3129 2748 3193 πόδες
2827 3129 2982 3199 ὑμῶν
3007 3167 3022 3192 ,
3067 3128 3315 3183 τουτέστι
3381 3124 3660 3185 παντελῶς

2083 3221 2331 3294 στρεϐλοὶ
2371 3220 2659 3288 γένωνται.
2700 3220 2759 3274 Ὀ
2782 3221 2892 3290 γὰρ
2919 3223 2986 3292 τῇ
3022 3223 3248 3292 φυσικῇ,
3291 3220 3323 3290 ἢ
3365 3221 3430 3289 τῇ
3464 3218 3524 3285 ἐξ
3558 3219 3658 3288 ἀρα

2079 3316 2181 3386 χῆς
2224 3313 2612 3385 προσπεσούσῃ
2670 3314 3008 3387 μικροψυχία
3063 3313 3522 3382 συνεπαγόμενος,
3565 3311 3660 3363 καὶ

2083 3406 2158 3479 μὴ
2201 3406 2411 3477 ἀνέχων
2447 3406 2659 3472 ἑαυτὸν,
2700 3406 2817 3460 ἀλλ’
2859 3405 3115 3471 ἐνδιδοὺς,
3151 3405 3403 3459 λανθάνει
3450 3402 3659 3457 παντὰο

2079 3515 2246 3553 πασιν
2274 3497 2584 3567 ,ἐκπίπτων
2632 3499 2713 3563 είς
2780 3498 2873 3553 τὸν
2953 3498 3056 3568 τῆς
3108 3496 3473 3567 ἀπογνώσεως
3526 3512 3661 3567 κρη-

2081 3590 2211 3662 μνδν
2236 3593 2397 3645 τεκαὶ
2441 3590 2829 3655 δυσανάκλιτος
2871 3591 3081 3646 έκεῖθεν
3113 3590 3210 3647 ῶν.
3254 3591 3416 3645 Ἀλλά
3458 3589 3660 3660 μᾶλλον

2079 3683 2439 3748 σπουδάσατε,
2482 3683 2572 3737 ἵνα
2597 3681 2718 3753 ίαθῇ
2751 3682 2814 3736 τὸ
2849 3683 2907 3736 ὲν
2938 3682 3067 3753 ὑμῖν
3120 3681 3378 3753 χωλεῦον,
3412 3680 3661 3735 τουτέστι

2079 3778 2178 3832 κάν
2216 3795 2337 3832 τινα
2375 3776 2638 3831 ἀπιστίαν
2673 3774 2834 3846 ἔχητε
2876 3775 3040 3846 μέχρι
3066 3773 3159 3829 τοῦ
3182 3772 3299 3839 νῦν,
3329 3770 3658 3844 διορθὼθητε

2081 3870 2303 3940 μᾶλλον.
2350 3867 2465 3923 Ποῦ
2507 3867 2618 3939 γὰρ
2645 3867 2703 3920 ὲν
2728 3867 2804 3938 τῷ
2836 3866 3165 3937 ὑπομένοντι
3201 3866 3429 3919 ἀπιστία
3459 3883 3474 3931 ;
3514 3865 3658 3933 Ὅρα

2076 3964 2133 4018 δὲ
2159 3962 2275 4026 πῶς
2302 3961 2516 4030 εἰσάγει
2541 3958 2791 4030 φανερῶς
2820 3960 2920 4030 τὴν
2949 3957 3258 4026 μετάνοιαν,
3290 3958 3387 4011 καὶ
3420 3955 3658 4027 σημείω-

2079 4068 2168 4107 σαι
2198 4052 2356 4105 τοῦτο
2375 4050 2462 4105 διὰ
2482 4050 2608 4114 τοὺς
2625 4048 3022 4111 Ναυατιανούς.

2145 4143 2408 4213 Εἰρήνην
2435 4142 2674 4196 διώκετε
2695 4139 2848 4210 μετὰ
2875 4140 3136 4195 πάντων.
3188 4139 3368 4207 Ὅπερ
3396 4137 3656 4205 ἀνωτέρω

2077 4231 2194 4289 εἷπε
2222 4253 2237 4267 -
2297 4233 2393 4301 Μὴ
2447 4233 2985 4301 ἐγκαταλείποντες
3036 4231 3153 4300 τὴν
3191 4227 3656 4298 ἐπισυναγωγὴν

2078 4325 2326 4393 ἑαυτῶν,
2355 4324 2511 4378 τούτο
2538 4323 2635 4377 καὶ
2672 4323 2765 4377 νῦν
2801 4326 2964 4389 ποιεῖ,
3017 4326 3096 4387 είς
3126 4323 3347 4393 ἀγάπην
3378 4324 3646 4389 συνάγων.

2077 4420 2188 4474 Καὶ
2232 4419 2291 4471 ού
2342 4418 2502 4487 μόνον
2544 4417 2682 4487 πρὸς
2721 4416 2849 4479 τοὺς
2890 4415 3149 4478 οἰκείους,
3179 4412 3320 4469 ἀλλὰ
3365 4413 3461 4467 καὶ
3516 4410 3653 4482 πρὸς

397 4499 526 4554 erga
576 4487 763 4544 hostes
812 4506 999 4560 pacem
1068 4494 1275 4551 habere
1322 4511 1386 4550 ac
1442 4500 1642 4554 sectari
1691 4501 1967 4557 admonet.

2081 4511 2200 4572 τοὺς
2247 4504 2475 4579 ἐχθροὺς
2522 4506 2825 4577 εἰρηνεύειν
2878 4508 3152 4577 παραινεῖ.
3206 4503 3367 4561 Μετὰ
3409 4502 3653 4559 πάντων

395 4574 529 4628 Cum
572 4578 814 4634 omnibus
866 4583 1034 4647 enim,
1074 4585 1271 4654 inquit,
1303 4597 1357 4642 et
1387 4587 1609 4658 Graecis,
1643 4599 1697 4646 et
1745 4591 1970 4661 Judrcis,

394 4676 450 4720 et
499 4667 769 4723 hostibus.
824 4670 1096 4738 Quantum
1122 4676 1291 4746 enim,
1325 4680 1526 4751 inquit,
1584 4685 1637 4738 in
1678 4685 1821 4740 vobis
1868 4696 1966 4753 est,

393 4772 512 4812 cum
543 4760 782 4815 omnibus
809 4762 1106 4820 hominibus
1133 4784 1315 4837 pacem
1364 4773 1547 4829 habete
1574 4776 1639 4831 ⁸³.
1676 4775 1733 4830 Si
1775 4777 1969 4846 hujus-

390 4851 541 4906 modi
567 4854 906 4923 propositum
934 4855 1254 4927 habueritis,
1284 4879 1394 4919 non
1420 4867 1573 4921 eritis
1598 4869 1966 4937 pusillanimes

392 4943 450 4997 in
502 4941 814 5002 allllctione.
871 4944 1082 5014 Reputa
1139 4954 1305 5009 etiam
1366 4958 1511 5025 quod
1560 4958 1723 5027 750
1779 4959 1966 5013 dixit:

393 5033 798 5106 Persequimini,
828 5039 928 5096 hoc
962 5052 1064 5109 est,
1089 5059 1297 5114 pacem,
1316 5048 1478 5104 etiam
1504 5064 1626 5118 qua:
1648 5050 1834 5118 procul
1860 5060 1963 5119 est,

392 5126 612 5182 studete
644 5132 1128 5202 comprehendere,
1180 5153 1300 5193 eam
1361 5139 1427 5194 ad
1466 5155 1559 5196 vos
1601 5140 1753 5211 ipsos
1793 5152 1964 5198 attra-

391 5218 606 5277 hentes.

464 5312 531 5366 Et
564 5316 995 5372 sanctimoniam.
1022 5319 1135 5373 Hoc
1162 5327 1267 5383 est,
1299 5321 1590 5389 puritatem
1620 5341 1634 5378 :
1669 5323 1713 5378 si
1742 5324 1957 5394 quidem

388 5400 652 5473 innuptas
715 5406 984 5478 quispiam
1046 5421 1150 5477 est,
1218 5413 1624 5483 virginitatem;
1677 5420 1720 5473 si
1777 5428 1956 5474 autem

459 5582 501 5610 “
536 5580 692 5640 Rom.
728 5602 825 5653 xu,
858 5590 910 5645 8.

2072 4600 2200 4669 γὰρ,
2256 4600 2410 4670 φησὶ,
2456 4599 2552 4653 καὶ
2602 4597 2893 4669 Ἑλλήνων,
2925 4600 3021 4652 καὶ
3066 4598 3359 4661 Ἰουδαίων,
3401 4595 3497 4649 καὶ
3542 4595 3652 4648 τῶν

2072 4689 2301 4760 ἐχθρῶν.
2327 4689 2517 4742 Ὅσον
2556 4688 2685 4759 γὰρ,
2728 4690 2882 4759 φησὶ,
2915 4689 3006 4758 ἐφ’
3046 4687 3207 4757 ὑμῖν,
3232 4686 3380 4756 μετὰ
3410 4684 3653 4738 πάντων

2068 4779 2394 4848 ἀνθρώπων
2427 4780 2783 4848 εἰρηνεύετε.
2830 4780 2955 4834 Ἐὰν
2984 4779 3041 4832 δὲ
3089 4778 3347 4848 τοιαύτην
3389 4776 3649 4847 πρόθεσιν

2069 4870 2253 4943 ἔχητε,
2300 4872 2452 4925 οὐδὲν
2512 4871 2956 4943 μικροψυχήσετε
2993 4868 3449 4939 ἐπηρεαζόμενοι.
3507 4866 3650 4933 Ὅρα

2071 4964 2128 5018 δὲ
2156 4965 2259 5019 καὶ.
2282 4964 2360 5030 τὸ,
2393 4962 2657 5029 Διὼκετε,
2683 4964 2927 5018 τουτέστι
2961 4964 3056 5017 καὶ
3094 4961 3283 5033 πόρρω
3333 4958 3500 5013 οὖσαν
3546 4957 3648 5025 τὴν

2073 5056 2298 5127 εἰρήνην
2324 5053 2657 5119 σπουδάζετε
2680 5052 3030 5120 καταλαϐεῖν,
3061 5051 3199 5124 πρὸς
3219 5051 3449 5114 ἑαυτοὺς
3483 5047 3645 5120 ἐφέλ-

2071 5164 2279 5211 κοντες.

2139 5332 2244 5385 Καὶ
2293 5332 2399 5384 τὸν
2434 5333 2753 5401 ἁγιασμόν.
2794 5328 3077 5394 Τουτέστι,
3113 5329 3211 5401 τὴν
3246 5328 3600 5400 καθαρότητα
3623 5343 3638 5359 ·

2069 5421 2116 5473 εἰ
2155 5420 2253 5493 μὲν
2282 5419 2496 5490 ἄγαμός
2527 5420 2643 5473 ἐστί
2685 5436 2788 5485 τις,
2838 5419 3122 5491 φυλάττων
3157 5418 3258 5492 τὴν
3297 5416 3597 5490 παρθενίαν
3619 5431 3637 5450 '

1724 5687 1917 5749 Variae
1959 5688 2287 5751 lectiones.

455 5775 502 5808 "
529 5776 847 5843 ἀνιαθέντας
881 5785 998 5837 ἐκεῖ
1023 5786 1318 5843 ἀναπαύων
1351 5804 1401 5843 ο.
1482 5790 1522 5823 ⁷⁸
1563 5790 1946 5862 προσπληγῆτε
1987 5806 2058 5844 ιιι.
2136 5791 2180 5823 ⁷⁸
2220 5789 2380 5865 βυθὸν
2409 5808 2461 5848 o.

3559 349 3667 419 3⁸1ίῖ
3766 382 3781 393 κ
