4068 6210
374 369 479 433 377

1092 378 1495 443 EXPOSI'I‘IO
1530 384 1612 445 IN
1637 383 1871 445 EPIST.
1907 386 2005 445 AD
2035 388 2429 451 ΗΕΒΒᾸΕΟΞ.
2457 415 2526 425 -
2559 391 2717 450 CAP.
2744 391 2885 450 XII.

3527 395 3632 473 3:73

373 485 426 536 εί
455 483 510 537 δὲ
540 484 599 537 ἐν
625 485 809 556 γάμῳ,
849 487 949 558 τὴν
987 491 1343 562 σωφροσύνην
1369 510 1383 525 ·
1422 494 1521 564 οὐχ
1560 496 1640 549 ὅτι
1683 496 1948 565 ἁργιασμός

2060 500 2407 555 matrimonio
2458 501 2682 571 junctus
2719 511 2825 565 est,
2856 499 3205 555 sobrietatem
3267 502 3579 556 custodiens
3611 515 3628 553 :

373 579 526 630 ἐστιν
555 578 583 629 ὁ
624 576 823 645 γάμος,
864 577 981 631 ἀλλ’
1024 580 1105 633 ὅτι
1152 586 1313 652 τηρεῖ
1357 585 1450 636 τὸν
1489 585 1597 638 ἀπὸ
1627 586 1721 639 τοῦ
1756 587 1954 656 βαπτί-

374 686 586 739 σματος
627 669 903 739 ἁγιασμὸν
952 671 1329 741 ἀναπόϐλητον
1366 674 1452 727 διὰ
1480 676 1582 745 τῆς
1611 678 1843 746 νομῖμου
1872 677 1958 745 μί-

372 761 532 824 ξεως.
565 759 759 830 Τίμιος
806 761 908 831 μὲν
934 761 1042 832 γὰρ
1086 764 1114 815 ὁ
1157 763 1356 832 γάμος,
1398 766 1497 836 οὐχ
1526 767 1679 835 ἆγιος
1709 768 1786 830 δὲ,
1820 765 1956 821 ἀλλὰ

369 850 469 905 τοῦ
499 849 780 921 ἀγιασμοῦ
814 851 1012 921 φύλαξ.

434 1036 522 1097 Οὗ
557 1041 739 1109 χωρὶς
778 1039 976 1107 οὐδεὶς
1013 1040 1223 1109 ὄψεται
1257 1041 1365 1094 τὸν
1403 1042 1643 1111 Κύριον.
1677 1042 1813 1095 Ούτε
1846 1042 1953 1112 γὰρ

366 1135 582 1204 πόρνοι,
622 1133 749 1186 οὗτε
796 1134 995 1203 μοιχοὶ,
1027 1132 1152 1187 οὔτε
1186 1133 1445 1203 μαλακοὶ,
1484 1134 1606 1188 οὔτε
1644 1136 1955 1204 ἀρσενοκοῖ-

366 1242 483 1284 ται,
521 1222 798 1293 βασιλείαν
824 1223 962 1276 Θεοῦ
1007 1223 1503 1294 κληρονομήσουσι.
1542 1224 1652 1277 Καὶ
1691 1225 1719 1276 ὁ
1751 1225 1953 1296 Κύριος

362 1314 423 1367 δὲ
454 1316 512 1367 ἐν
533 1314 612 1385 τῷ
637 1313 954 1384 Εὐαγγελίῳ
979 1330 994 1345 ο
1025 1315 1314 1382 Μακάριοι
1348 1318 1403 1368 οί
1431 1315 1675 1383 καθαροὶ
1707 1313 1780 1382 τῇ
1808 1330 1952 1382 καρ-

364 1404 492 1472 δίᾳ,
521 1403 611 1457 ὅτι
641 1405 808 1457 αὐτοὶ
849 1403 1102 1471 ὄψονται
1126 1402 1233 1456 τὸν
1261 1403 1429 1457 Θεόν.

450 1496 964 1562 Ἐπισκοποῦντες
989 1497 1068 1565 μή
1100 1514 1188 1561 τις
1213 1494 1484 1564 ὑστερῶν
1504 1496 1621 1550 ἀπὸ
1652 1494 1758 1564 τῆς
1784 1494 1948 1564 χάρισ

364 1606 469 1654 τος
507 1587 618 1642 τοῦ
659 1589 830 1643 Θεοῦ.
866 1589 1134 1659 Καθάπερ
1161 1589 1280 1642 ὁδόν
1310 1607 1432 1642 τινα
1481 1590 1698 1659 μακρὰν
1738 1588 1950 1641 ὁδευόν-

360 1697 475 1733 των
502 1680 686 1733 αὐτῶν
701 1682 758 1733 ὲν
782 1680 998 1752 συνοδίᾳ
1020 1681 1213 1751 πολλῇ,
1242 1683 1377 1751 φησί
1401 1696 1415 1711 ⁸
1438 1680 1700 1735 Βλέπετε
1736 1681 1818 1749 μή
1860 1699 1948 1746 τις

360 1770 705 1840 ἀπέμεινεν.
753 1772 826 1824 Ού
873 1772 983 1840 γὰρ
1031 1770 1189 1823 τοῦτο
1223 1770 1370 1840 ζητῶ
1412 1773 1588 1840 μόνον,
1655 1771 1740 1823 ἵνα
1787 1772 1947 1838 ύμεῖς

2061 607 2167 645 non
2200 592 2343 661 quod
2370 594 2575 661 nuptize
2610 594 2718 647 sint
2775 591 3162 654 sanctiﬁcatio,
3210 591 3304 645 sed
3347 594 3473 662 quia
3505 608 3632 648 Sull-

2055 685 2444 756 ctilicationem
2481 701 2511 740 a
2554 677 2883 754 baptismate
2918 693 3153 752 partam,
3186 696 3283 750 per
3330 683 3628 754 legitimum

2055 771 2297 835 coitum,
2358 771 2672 826 inviolatam
2729 778 2971 825 servant.
3041 771 3374 825 llonorabilc
3423 775 3631 845 quippe

2054 862 2415 926 connubium,
2464 878 2573 917 non
2621 874 2802 917 autem
2838 870 3115 923 sanctum,
3170 860 3266 915 sed
3317 866 3631 920 sanctiﬁca-

2054 952 2219 1007 tionis
2246 963 2457 1009 custos.

2124 1042 2251 1097 Sine
2266 1061 2370 1114 qua
2392 1060 2543 1098 nemo
2576 1043 2768 1098 ridebit
2789 1044 3091 1100 Dominum.
3117 1045 3305 1117 Neque
3342 1045 3486 1100 enim
3520 1044 3632 1100 for-

2052 1135 2347 1200 nicatores,
2382 1152 2558 1206 neque
2587 1137 2809 1200 mmchi,
2836 1153 3016 1206 neque
3056 1139 3265 1200 molles,
3301 1152 3479 1207 neque
3517 1153 3633 1191 ma-

2051 1231 2329 1285 sculorum
2352 1229 2737 1284 concubitores
2755 1244 2980 1297 regnum
3006 1228 3095 1282 Dei
3118 1228 3517 1284 hazreditabunt
3536 1231 3624 1283 “2

2050 1324 2125 1376 Ae
2166 1320 2428 1375 Dominus
2484 1320 2536 1373 in
2590 1320 2931 1390 Evangelio:
2974 1320 3144 1385 Beati,
3190 1321 3390 1390 inquit,
3446 1321 3629 1373 mundi

2049 1413 2221 1477 corde,
2258 1415 2507 1483 quoniam
2534 1412 2632 1479 ipsi
2672 1412 2831 1465 Deum
2865 1412 3108 1465 videbunt
3139 1411 3206 1466 ⁸³.

2122 1505 2284 1558 Vens.
2312 1503 2398 1557 15.
2438 1502 2844 1557 Considerantes
2880 1520 2945 1557 ne
2974 1504 3089 1572 quis
3121 1502 3255 1556 desit
3281 1503 3470 1572 gratia:
3510 1502 3620 1557 Dei.

2049 1597 2279 1652 Perinde
2330 1597 2487 1665 quasi
2543 1596 2764 1665 longum
2803 1596 2905 1649 iter
2951 1611 3075 1649 cum
3136 1595 3309 1648 multo
3362 1596 3624 1650 comitatu

2047 1687 2254 1741 emensi
2319 1687 2451 1753 sint,
2505 1686 2691 1742 dicit;
2769 1683 2951 1738 Videte
3011 1701 3074 1738 ne
3124 1686 3243 1754 quis
3295 1687 3622 1739 remanserit.

2050 1776 2166 1830 Non
2218 1777 2363 1831 enim
2401 1777 2505 1830 hoc
2555 1790 2741 1844 quer
2774 1775 2976 1838 solum,
3035 1783 3096 1829 ut
3153 1789 3249 1829 vos
3304 1777 3622 1831 accedatis:

360 1861 773 1933 παραγένησθε,
810 1861 924 1914 ἀλλ’
957 1861 1045 1914 ἵνα
1075 1862 1170 1915 καὶ
1199 1862 1326 1924 τοὺς
1354 1861 1547 1924 ἄλλους
1583 1862 1941 1931 ὲπισκοπῆτε,

2048 1868 2144 1923 sed
2190 1880 2246 1921 ut
2277 1867 2415 1921 alios
2456 1867 2620 1921 etiam
2660 1865 3047 1930 consideretis,
3078 1867 3180 1920 hoc
3220 1876 3327 1931 est,
3369 1868 3624 1931 visitctis,

357 1957 607 2009 τουτέστι
644 1953 1051 2021 ἔπισχὲπτησοε
1087 1993 1101 2017 ,
1139 1952 1621 2022 καταλαμϐάνητε,
1664 1967 1944 2021 καταμαν-

359 2047 585 2117 θάνητε,
620 2047 758 2115 ὅπερ
808 2046 955 2098 ἐστὶν
997 2047 1088 2098 ἐπὶ
1117 2045 1228 2099 τῶν
1272 2046 1514 2099 ἀσθενῶν
1547 2060 1560 2074 ’
1592 2044 1692 2099 κᾶν
1737 2039 1817 2105 εἷς
1916 2045 1944 2097 ὁ

359 2138 629 2208 ὑστερῶν,
658 2136 793 2207 μηδὲ
823 2136 1015 2190 τούτου
1047 2137 1492 2206 καταμελήσητε.
1524 2137 1697 2206 Χάριν
1726 2135 1783 2188 δὲ
1805 2132 1940 2187 Θεοῦ

360 2226 459 2295 τὴν
518 2225 700 2279 πίστιν
739 2226 898 2293 φησὶ,
939 2226 1033 2278 καὶ¹
1068 2225 1167 2296 τὴν
1202 2226 1432 2297 ἀρίστην
1488 2225 1785 2289 πολιτείαν,
1848 2223 1945 2276 κα)⁵

358 2319 429 2372 τὰ
467 2319 730 2390 μέλλοντα
753 2318 953 2385 ἀγαθά.
983 2319 1168 2373 Πάντα
1188 2318 1298 2387 γὰρ
1327 2317 1520 2385 ταῦτα,
1555 2318 1653 2386 τῆς
1685 2315 1780 2369 τοῦ
1804 2314 1940 2367 Θεοῦ

358 2412 478 2463 ἐστι
512 2409 753 2480 χάριτος.

428 2503 528 2571 Μή
546 2521 636 2568 τις
654 2500 787 2570 ῥίζα
809 2502 1053 2569 πικρίας
1086 2499 1209 2552 ἅνω
1232 2500 1475 2569 φύουσα
1498 2495 1746 2565 ἐνοχλῇ.
1774 2496 1946 2551 Τοῦτο

356 2598 418 2649 ἐν
446 2595 528 2665 τῷ
558 2595 972 2664 Δευτερονομίῳ
1019 2595 1218 2646 κεῖται.
1283 2591 1483 2645 Ἐλαὸε
1533 2591 1589 2643 δὲ
1651 2591 1784 2643 αὐτὸ
1832 2591 1942 2644 ἀπὸ

358 2688 678 2758 μεταφορᾶς
730 2686 839 2739 τῶν
900 2685 1104 2755 φυτῶν.
1168 2686 1234 2738 Ὃ
1287 2684 1348 2736 δὲ
1398 2682 1634 2752 ἀλλαχοῦ
1691 2683 1939 2753 γράφει,
1984 2728 1995 2733 -

352 2779 551 2848 Μικρὰ
594 2777 738 2849 (tum
796 2778 944 2833 ὅλον
1002 2778 1071 2831 τὸ
1117 2778 1358 2846 φύραμα
1401 2774 1586 2844 ζυμοῖ,
1639 2775 1799 2827 τοῦτο
1848 2774 1943 2827 καὶ

353 2872 595 2927 ἐνταῦθα
629 2889 782 2942 φησι,
817 2872 906 2940 Μή
938 2886 1020 2933 τις
1060 2869 1301 2939 πονηρὸς
1343 2870 1424 2930 είς
1451 2867 1631 2937 λύμην
1676 2866 1941 2920 πλειόνων

354 2958 499 3017 εἶναι
537 2960 926 3034 συγχωρείσθω
958 2978 971 2991 ⁸
1028 2960 1263 3014 ἔκκοπτε
1304 2958 1407 3028 τὴν
1449 2957 1550 3025 τῆς
1592 2957 1818 3026 πικρίας
1854 2955 1938 3029 pt-

354 3056 480 3123 ζαν,
501 3055 765 3119 τουτέστι,
787 3054 887 3123 τῆς
911 3054 1205 3126 ἁμαρτίας,
1224 3052 1311 3106 ἵνα
1338 3051 1412 3122 μὴ
1441 3050 1700 3121 βλαστοὺς
1717 3049 1936 3122 ἐνέγκῃ,

351 3149 601 3203 τουτέστι
643 3147 718 3218 μὴ
762 3146 954 3209 ἄλλους
982 3145 1260 3208 τοιούτους
1281 3144 1503 3214 ποιήσῃ.
1530 3142 1653 3196 Ὅτι
1676 3142 1733 3195 δὲ
1763 3140 1933 3211 πικρὰ
1962 3180 2004 3218 ,ς

351 3243 391 3311 ή
445 3239 713 3310 ἁμαρτία,
780 3237 981 3305 μᾶλλον
1020 3237 1077 3291 δὲ
1125 3236 1279 3289 οὐδὲν
1352 3235 1676 3306 πικρότερον
1742 3231 1934 3300 αὐτῆς,

354 3333 537 3386 ἴσασιν
562 3333 612 3384 οί
642 3329 783 3401 μετὰ
824 3329 885 3383 τὸ
921 3329 1125 3398 πρᾶξαι
1178 3326 1285 3381 ὑπὸ
1311 3325 1409 3380 τοῦ
1448 3325 1749 3385 συνειδότος
1777 3320 1941 3391 τηκό-

353 3443 533 3495 μενοι.
578 3424 725 3494 ’Ὀρα
774 3423 855 3486 δὲ,
907 3424 1008 3475 οὐκ
1057 3418 1211 3474 εἶπεν
1258 3421 1339 3474 ὅτι
1402 3418 1579 3487 πικρὰ
1624 3416 1769 3488 ῥίζα,
1803 3415 1939 3468 ἀλλὰ

351 3519 582 3585 πικρίας
619 3516 745 3586 ῥίζα
772 3532 787 3546 ο
823 3515 924 3586 τὴν
963 3514 1060 3584 μὲν
1083 3514 1190 3582 γὰρ
1218 3510 1421 3582 πικρὰν
1455 3510 1611 3580 ῥίζαν
1649 3508 1765 3560 ἔστι
1800 3523 1938 3576 καρ-

350 3608 492 3671 ποὺς
514 3608 737 3675 γλυκεῖς
758 3607 803 3639 ’⁷
833 3605 1223 3674 προσενεγκεῖν
1249 3617 1265 3632 ·
1291 3602 1392 3671 τὴν
1412 3600 1469 3653 δὲ
1500 3598 1725 3669 πιγρῖας
1759 3597 1935 3666 ῥίζαν,

348 3700 601 3752 τουτέστι
654 3698 757 3767 τὴν
821 3696 1005 3767 πηγὴν
1054 3696 1153 3748 καὶ
1203 3692 1479 3756 ὑπόθεσιν,
1531 3691 1630 3743 οὐκ
1688 3688 1770 3742 ἔνι
1804 3687 1936 3741 ποτὲ

349 3790 562 3858 γλυκὺν
604 3790 848 3857 ἐνεγκεῖν
889 3786 1123 3857 καρπόν.

425 3974 535 4029 Καὶ
564 3971 665 4027 διὰ
690 3972 912 4040 ταύτης
929 3969 1226 4040 μιαν-ϐῶσι
1248 3968 1488 4022 πολλοί.
1517 3968 1655 4030 Τοὺς
1676 3966 1782 4037 γὰρ
1812 3967 1939 4019 ἀσε-

350 4069 471 4131 6εἰς
502 4067 766 4139 ὁρῶντες,
806 4068 887 4129 είς
929 4065 1088 4135 ζῆλον
1132 4061 1313 4115 αὐτῶν
1368 4060 1619 4132 ἔρχονται
1667 4061 1717 4112 ot
1772 4058 1937 4130 ῥᾴθυ-

351 4176 448 4227 μοι
485 4160 553 4223 ⁷⁸,
589 4160 685 4212 καὶ
717 4157 1023 4227 μιαίνονται
1067 4155 1163 4218 τὰς
1202 4153 1403 4225 ψυχάς.
1448 4150 1935 4205 Ἐκκοπτὲσθωσαν

348 4248 450 4304 οὖν
486 4249 816 4305 αἱτοιαῦται
849 4249 1019 4320 ῥίζαι.

426 4342 525 4412 Μή
558 4360 647 4408 τις
679 4341 925 4409 πόρνος,
964 4338 1003 4408 ἢ
1029 4337 1315 4405 βέϐηλος,
1339 4337 1421 4401 ὡς
1462 4335 1676 4398 Ἠσαῦ,
1706 4335 1773 4399 ὃς
1800 4332 1937 4388 ἀντὶ

338 4436 634 4501 ,βρώσεως
680 4431 824 4503 μιᾶς
883 4431 1139 4487 ἀπέδοτο
1186 4430 1260 4484 τὰ
1298 4431 1667 4500 πρωτοτόκια
1724 4429 1930 4483 αὐτοῦ.

2048 1958 2417 2027 cognoscatis,
2470 1957 2837 2027 perdiscatis;
2900 1958 3043 2026 quod
3091 1966 3174 2012 cst
3218 1957 3285 2012 de
3345 1958 3622 2011 intirmis:

2045 2056 2099 2106 et
2123 2049 2169 2104 si
2204 2050 2282 2105 vel
2317 2067 2455 2104 unus
2479 2051 2856 2105 tantummodo
2886 2051 3156 2120 posterior
3179 2051 3362 2115 fuerit,
3393 2066 3459 2103 ne
3484 2050 3628 2104 hunc

2044 2141 2265 2210 quidem
2328 2142 2706 2211 neglexeritis.
2746 2140 2989 2196 Gratiam
3048 2151 3232 2195 autem
3295 2141 3411 2206 Dei,
3467 2140 3625 2193 ﬁdem

2045 2235 2200 2294 dicit.
2232 2245 2284 2289 et
2328 2236 2588 2303 optimam
2634 2235 2760 2289 vitae
2811 2237 3101 2297 rationem,
3142 2234 3391 2303 adeoque
3442 2232 3628 2285 futura

2045 2327 2210 2383 bona.
2246 2327 2371 2381 llaec
2403 2327 2548 2381 enim
2578 2328 2762 2381 Omnia
2790 2334 2920 2381 sunt
2943 2325 3035 2380 Dei
3068 2326 3281 2396 gratim.

2117 2510 2200 2566 Ne
2248 2529 2351 2581 qua
2408 2509 2570 2564 radix
2623 2509 3003 2563 amaritudinis
3064 2526 3275 2565 sursum
3327 2510 3625 2579 germinans

2042 2603 2299 2657 inturbet.
2331 2602 2447 2657 Hoc
2474 2604 2527 2657 in
2568 2602 2993 2657 Deuteronomio
3028 2602 3281 2656 habetur.
3317 2600 3414 2655 Est
3444 2610 3622 2656 autem

2045 2693 2366 2762 metaphora
2404 2708 2433 2746 a
2489 2691 2694 2762 plantis
2747 2700 2987 2760 sumpta.
3024 2690 3180 2756 Quod
3232 2705 3361 2743 vero
3418 2690 3525 2742 alio
3570 2690 3624 2742 ia

2040 2784 2162 2838 loco
2194 2784 2385 2839 scribit
2416 2801 2427 2836 :
2460 2781 2728 2837 Modicum
2762 2782 3007 2850 [enitenti
3041 2793 3203 2835 totam
3246 2797 3479 2835 massam
3517 2780 3626 2849 fer-

2040 2886 2237 2930 mentat
2283 2874 2369 2929 "‘z
2421 2875 2564 2929 istud
2600 2883 2655 2929 et
2691 2875 2778 2927 hic
2823 2873 2979 2939 dicit,
3014 2874 3097 2925 Ne
3134 2874 3258 2940 quis
3302 2887 3499 2941 pravus
3556 2870 3624 2924 ad

2039 2968 2331 3038 plurimum
2361 2965 2655 3036 perniciem
2678 2966 3049 3036 permittatur,
3082 2964 3340 3019 exscinde
3363 2963 3626 3016 ainaritu-

2040 3058 2185 3112 dinis
2213 3056 2476 3122 radicem,
2509 3056 2613 3111 hoc
2653 3063 2734 3111 est
2788 3055 3025 3126 peccati,
3069 3071 3135 3110 ne
3190 3054 3440 3126 germina
3492 3068 3623 3124 pro-

2040 3150 2202 3215 ferat,
2254 3149 2356 3204 hoc
2399 3158 2505 3215 est,
2558 3163 2627 3202 ne
2660 3147 2796 3203 alios
2832 3147 2969 3202 tales
3002 3145 3185 3201 faciat.
3243 3144 3399 3212 Quod
3441 3153 3620 3200 autem

2042 3255 2288 3295 amarum
2330 3240 2403 3294 sit
2437 3247 2748 3309 peceatum,
2784 3238 2894 3292 imo
2928 3253 3060 3291 vero
3092 3237 3225 3291 nihil
3260 3236 3377 3307 ipso
3400 3252 3626 3290 amaru-

1998 3353 2006 3360 ’
2040 3334 2261 3397 lentius,
2299 3333 2335 3387 ii
2379 3339 2653 3387 noverunt
2682 3330 2776 3401 qui
2810 3340 2933 3402 post
2965 3330 3323 3385 commissum
3360 3327 3624 3397 ﬂagitium

2038 3424 2372 3480 conscientia
2427 3430 2799 3478 macerantur.
2845 3422 3089 3477 Observa
3119 3428 3298 3475 autem
3332 3418 3477 3490 quod
3515 3433 3624 3473 non

2039 3516 2240 3572 dixerit
2294 3514 2535 3571 radicem
2594 3529 2715 3568 esse
2771 3529 3039 3577 amaram,
3094 3514 3189 3569 sed
3242 3510 3626 3566 amaritudinis

2039 3609 2277 3662 radicem
2318 3613 2543 3677 :potest
2572 3605 2717 3659 enim
2744 3621 2929 3660 amara
2970 3605 3125 3660 radix
3177 3605 3391 3660 fruetus
3435 3603 3625 3659 dulces

2039 3700 2304 3769 proferre.
2358 3697 2753 3753 Amarulentiae
2810 3706 2992 3753 autem
3052 3699 3315 3765 radicem,
3377 3699 3477 3753 hoc
3515 3706 3620 3763 est,

2038 3790 2264 3854 fontem,
2300 3798 2353 3843 et
2377 3804 2627 3855 causam,
2666 3803 2774 3842 non
2802 3797 2886 3843 est
2938 3790 3201 3857 possibile
3245 3790 3459 3845 dulcem
3496 3804 3625 3861 pro-

2038 3880 2181 3935 ferre
2207 3879 2468 3934 fructum.

2110 3971 2177 4025 Et
2206 3988 2298 4042 per
2337 3971 2487 4025 illam
2526 3971 2867 4042 inquinentur
2898 3971 3074 4025 mulli.
3125 3970 3419 4039 Segniores
3450 3973 3621 4039 enim,

2038 4081 2162 4122 cum
2190 4064 2385 4132 impios
2420 4063 2629 4129 vident,
2665 4062 2731 4116 ad
2786 4077 2976 4117 eorum
3021 4060 3425 4115 aemulationem
3457 4058 3620 4113 deve-

2038 4160 2215 4221 niunt,
2259 4156 2614 4227 ipsorumque
2647 4153 2816 4207 animi
2852 4151 3234 4222 inquinentur.
3286 4151 3477 4221 itaque
3518 4149 3620 4205 hu-

2033 4251 2272 4322 jnsmodi
2307 4250 2523 4303 radices
2554 4247 2969 4302 exscindantur.

2110 4343 2274 4397 Vens.
2314 4342 2400 4397 16.
2436 4340 2521 4395 Ne
2577 4340 2694 4410 quis
2738 4339 3055 4409 fornicator,
3098 4344 3191 4391 aut
3254 4336 3510 4406 profanus
3564 4347 3618 4390 ut

2042 4433 2209 4498 Esau,
2249 4435 2341 4504 qui
2389 4443 2602 4502 propter
2651 4448 2815 4486 unam
2861 4446 3035 4484 escam
3069 4429 3298 4483 vendidit
3350 4429 3620 4498 primitira

349 4494 430 4579 δύ
476 4494 636 4577 τοῦτό
672 4494 858 4593 (prgam,
892 4524 975 4576 ὅτι
1013 4522 1213 4592 πόρνος
1261 4494 1354 4593 ἦν⁷
1386 4520 1582 4583 Ἡσαῦ,
1620 4518 1736 4571 ἀλλ’
1778 4518 1936 4589 ἄχρις

2043 4544 2159 4583 sua.
2201 4526 2321 4580 Non
2357 4527 2462 4581 hoc
2492 4524 2647 4591 dicit,
2698 4524 2845 4594 quod
2880 4524 3021 4577 Esau
3083 4522 3382 4577 fornicator
3431 4522 3615 4584 l‘tnrrit,

347 4613 516 4667 αὑτοῦ
548 4615 770 4683 στῆσον,
808 4610 901 4678 Μή
939 4630 1027 4678 τις
1070 4615 1295 4680 πόρνος
1362 4612 1432 4664 ἐν
1478 4609 1620 4678 ὑμῖν
1662 4608 1803 4676 ἤτω.
1849 4610 1944 4661 Αί-

2043 4618 2134 4673 sed
2172 4619 2260 4672 hic
2288 4618 2421 4673 siste
2450 4617 2540 4679 ad,
2578 4615 2659 4670 Ne
2706 4619 2823 4682 quis
2882 4615 3177 4682 fornicator
3227 4615 3281 4666 in
3338 4614 3480 4667 vobis
3526 4615 3615 4666 sit.

344 4708 586 4760 νΞττεται
651 4708 760 4776 γάρ
803 4721 952 4768 τινας
990 4706 1120 4775 παρ’
1156 4705 1333 4760 αὐτοῖς
1379 4704 1672 4766 τοιούτους,
1718 4704 1777 4757 ού
1821 4703 1945 4771 μέν-

2043 4707 2221 4760 Inuuit
2252 4706 2398 4761 enim
2457 4706 2595 4760 tales
2631 4706 2774 4774 apud
2808 4722 2903 4760 eos
2962 4705 3224 4774 quosdam
3279 4703 3465 4767 fuisse,
3506 4718 3614 4757 non

343 4814 430 4851 τοι
493 4796 744 4869 βούλεται
810 4798 1056 4868 ἐλέγχειν
1106 4800 1321 4861 αὐτοὺς,
1374 4797 1511 4850 ἀλλὰ
1565 4800 1941 4868 προσποιεῖται

2043 4805 2218 4850 tamen
2265 4812 2358 4850 eos
2418 4797 2532 4850 vult
2585 4798 2761 4865 palam
2814 4811 3063 4865 arguere,
3113 4794 3206 4849 sed
3251 4793 3408 4864 751
3466 4793 3619 4864 igno-

345 4891 597 4958 ἄγνοιαν,
626 4891 702 4955 ὠς
735 4891 801 4945 ἂν
832 4890 1256 4962 διορθώσωνται.
1297 4887 1429 4944 Εἶτα
1446 4889 1539 4943 ἀπ’
1567 4891 1734 4960 ἄλλης
1764 4891 1940 4960 ἀρχῆς

2043 4891 2274 4944 rantium
2310 4888 2554 4954 simulat,
2604 4897 2663 4941 nt
2719 4889 3101 4942 emendentur.
3134 4886 3336 4941 Deinde
3393 4888 3462 4940 ab
3511 4886 3619 4941 alio

345 4980 490 5044 εἰπὲ,
522 4980 691 5049 Μηδὲ
722 4980 989 5048 ,ϐέϐηλος
1023 4982 1104 5048 ὡς
1148 4981 1360 5044 Ἠσαῦ,
1395 4982 1638 5034 τουτέστι
1703 4985 1933 5051 γαστρί-

2043 4982 2304 5050 principio
2330 4979 2464 5034 die:
2519 4977 2699 5048 Neque
2752 4978 3011 5047 profanus
3060 4987 3116 5031 ut
3172 4976 3339 5043 Esau,
3371 4978 3472 5032 hoc
3510 4986 3614 5038 est,

350 5088 588 5143 μαργος,
653 5074 943 5142 κοσμικὸς,
1006 5075 1076 5125 τὰ
1127 5073 1474 5142 πνευματικὰ
1537 5073 1780 5144 βεδηλών
1841 5074 1932 5126 καὶ

2043 5074 2448 5144 gastrimargus,
2482 5071 2687 5135 helluo,
2714 5085 2905 5135 vorax,
2947 5070 3278 5133 mundanus,
3311 5068 3616 5137 Spiritnalia

345 5165 706 5217 καταπατῶν.
731 5165 845 5236 Τὴν
875 5165 986 5236 γὰρ
1015 5166 1169 5236 παρὰ
1191 5163 1328 5218 Θεοῦ
1352 5165 1598 5218 δοθεῖσαν
1627 5165 1793 5235 τιμὴν
1821 5167 1931 5217 τῶν

2043 5166 2328 5234 profanans
2385 5170 2438 5217 et
2509 5162 2864 5216 conculcans.
2931 5162 3128 5215 Datum
3183 5162 3331 5216 enim
3409 5175 3438 5213 a
3502 5157 3616 5211 Deo
3676 5154 3687 5158 ”

344 5257 734 5326 πρωτοτοκίων
787 5258 1040 5320 ἀπέδοτο,
1102 5259 1195 5312 καὶ
1240 5257 1414 5313 ταῦτα
1467 5258 1724 5329 βρώσεως
1777 5260 1926 5328 μιᾶς.

2043 5269 2292 5310 sonorem
2347 5253 2795 5325 primogenitum
2844 5253 3110 5318 vendidit,
3166 5253 3329 5322 idque
3368 5263 3467 5318 pro
3505 5260 3612 5300 una

344 5346 522 5398 Τοῦτο
540 5347 599 5400 δέ
624 5350 741 5401 ἐστι
766 5348 1091 5419 βιϐήλωσις,
1123 5350 1155 5418 ἡ
1181 5348 1586 5420 καταφρόνησις
1612 5350 1723 5402 τῶν
1744 5349 1924 5403 θείων.

2043 5363 2184 5404 esea.
2264 5346 2388 5402 llaec
2463 5361 2593 5401 vero
2678 5359 2763 5402 est
2846 5345 3196 5417 profanatio,
3265 5347 3612 5407 contemptus

357 5436 625 5491 Ἐνταῦθα
658 5439 934 5493 δείκνυσιν
967 5441 1154 5503 αὐτοῖς
1193 5441 1356 5495 πόσον
1388 5442 1557 5494 κακὸν
1588 5444 1622 5513 ή
1660 5442 1925 5513 ῥᾳθυμία,

2043 5442 2294 5495 nimirum
2356 5439 2667 5494 divinarum
2734 5453 2945 5494 rerum.
3005 5437 3105 5491 llic
3169 5432 3303 5502 ipsis
3369 5428 3611 5486 ostendit

423 5618 489 5650 ⁸³⁸
534 5616 703 5672 lCor.
748 5636 823 5683 tv,
866 5620 920 5684 9,
952 5620 1037 5674 10.
1123 5621 1167 5651 ⁸³
1198 5621 1389 5676 Matth.
1419 5640 1472 5687 v,
1497 5623 1551 5676 8.
1629 5622 1674 5654 ”
1702 5622 1820 5675 Cal.
1855 5583 1905 5680 ν,
1942 5620 1994 5673 9.

1718 5734 1917 5796 Varia:
1959 5734 2291 5799 lectiones.

430 5831 472 5863 ’⁷
504 5829 705 5896 καλοὺς
744 5848 793 5887 ο,
876 5834 920 5865 ⁷⁸
946 5834 1323 5906 ῥᾳθυμὼτεροι
1355 5853 1408 5893 ο.
