4068 6210
364 349 462 415 381

1098 358 1505 421 EXPOSITIO
1541 361 1624 422 IN
1661 362 1899 421 EI’IST.
1933 363 2034 422 AD
2074 365 2466 430 IIEBRZEOS.
2489 395 2558 407 —
2581 371 2739 432 CAP.
2771 373 2910 432 XII.

3528 367 3634 432 332

364 464 534 517 στῶσι
579 463 657 534 τῷ
689 464 1168 539 ἐπαγγειλαμένῳ,
1209 469 1242 541 ἢ
1278 470 1328 522 οἱ
1365 471 1423 524 ὲν
1455 472 1521 541 τῇ
1563 470 1798 541 Παλαιᾷ.
1844 472 1953 525 Καὶ

2061 475 2184 540 rint,
2214 476 2308 530 sed
2333 477 2579 532 dillidant
2617 480 2664 533 ei
2685 481 2775 548 qui
2813 477 3079 548 promisit,
3107 491 3268 547 quam
3303 478 3393 545 qui
3419 475 3634 532 Veteris

360 558 467 627 ὅρα
503 556 619 618 πῶς
653 559 887 610 ποιεῖται
928 559 1028 630 τὴν
1063 560 1373 632 σύγκρισιν.
1411 562 1547 616 Μεθ’
1585 562 1613 616 ὃ
1654 563 1822 626 ἔδειξε
1857 563 1956 633 τὴν

362 649 645 718 ὑπεροχὴν
677 648 775 718 τῆς
805 649 955 711 Νέας
981 651 1118 721 πρὸς
1147 653 1248 723 τὴν
1279 654 1525 707 Παλαιὰν
1552 653 1638 706 διὰ
1672 652 1952 719 πλειόνων,

361 743 438 804 ὡς
480 742 769 809 ἔγνωσται,
813 743 998 813 τίθησι
1047 745 1141 799 νῦν
1181 747 1274 798 καὶ
1305 747 1374 800 τὰ
1418 747 1632 816 μεγάλα
1663 749 1814 817 παρὰ
1842 752 1951 812 τοῖς

363 835 534 888 πάλαι
567 836 661 886 καὶ
697 834 1011 904 Θαυμαστὰ,
1039 838 1109 889 τὰ
1141 840 1198 890 ἐν
1226 839 1302 905 τῷ
1340 839 1472 909 Σινᾷ
1510 839 1625 909 ὄρει
1664 840 1953 909 γενόμενα,

364 925 461 977 καὶ
491 923 787 992 ἀποφαίνει
827 925 998 978 ταῦτα
1040 928 1218 996 μικρὰ
1255 927 1406 991 ὄντα,
1447 928 1541 982 καὶ
1569 929 1668 981 ούκ
1703 929 1956 996 ἀξιόλογα

362 1013 501 1082 πρὸς
540 1017 609 1066 τὰ
639 1014 740 1083 τῆς
772 1015 936 1077 Νέας.
989 1017 1135 1070 Ἐκεῖ
1173 1018 1272 1086 μὲν
1318 1021 1450 1088 γὰρ,
1486 1022 1643 1090 φησὶ,
1681 1019 1954 1088 φαντασία

363 1104 536 1173 πολλὴ
583 1105 720 1173 πρὸς
760 1104 1025 1176 ἔκπληξιν
1057 1109 1150 1162 τοῦ
1195 1109 1503 1179 νηπιώδους
1532 1111 1745 1163 ἐκείνου
1799 1111 1951 1164 λαοῦ.

361 1199 478 1250 Καὶ
515 1198 624 1267 γὰρ
671 1199 731 1251 τὸ
787 1197 922 1269 πῦρ,
988 1200 1075 1252 ἵνα
1111 1200 1325 1271 δηλωθῇ
1378 1203 1437 1256 τὸ
1484 1203 1808 1256 κολαστικὸν
1858 1203 1952 1255 τοῦ

359 1288 684 1356 νομοθέτου,
718 1290 1051 1360 προσετέθη,
1087 1292 1183 1344 καὶ
1211 1292 1444 1363 φοϐερὸς
1477 1293 1640 1357 εὐθὺς
1668 1296 1834 1364 φανῇ.
1890 1294 1949 1346 Ὀ

360 1380 566 1445 γνόςρος
602 1380 695 1431 καὶ
724 1381 750 1432 ὁ
778 1380 994 1447 σκότος,
1023 1383 1247 1450 ἐδήλουν
1275 1383 1336 1436 τὸ
1368 1386 1823 1455 συνεσκιασμένον
1853 1385 1952 1453 τῆς

361 1470 632 1533 Παλαῖας.
676 1472 738 1524 Εἰ
766 1472 876 1541 γὰρ
918 1473 1104 1542 ἐκείνη
1133 1473 1302 1536 τύπος
1336 1470 1427 1546 ἦν,
1465 1475 1622 1545 δῆλον
1649 1478 1731 1530 ὅτι
1762 1477 1866 1540 ἕως
1889 1470 1951 1528 οῦ

358 1560 525 1631 ἦλθεν
556 1567 588 1634 ὴ
618 1565 868 1636 ἀλήθεια,
902 1567 1134 1636 ἀσαφεῖς
1181 1564 1322 1638 ἦσαν
1360 1571 1410 1623 oi
1451 1570 1636 1636 τύποι,
1674 1571 1748 1641 μὴ
1782 1587 1950 1638 γινω-

360 1657 622 1726 σκόμενοι
668 1657 720 1711 τι
754 1659 998 1727 δηλοῦσι.
1043 1663 1154 1714 Καὶ
1195 1662 1255 1716 τὸ
1291 1663 1522 1734 ἀόρατον
1566 1665 1624 1717 δὲ
1674 1665 1769 1718 τοῦ
1814 1664 1950 1717 Θεοῦ

2059 565 2387 623 Testamenti
2432 578 2674 638 tempore
2716 570 2971 624 vixerint.
3035 568 3288 636 Expende
3338 583 3465 620 vero
3524 582 3633 636 qua

2057 656 2270 710 ratione
2293 661 2758 728 comparationem
2787 660 2968 713 faciat.
3002 658 3362 727 Posteaquam
3398 659 3636 713 ostendit

2055 749 2432 803 excellentiam
2462 749 2599 804 Novi
2648 750 2983 805 Testamenti
3025 766 3188 817 supra
3239 749 3404 803 Vetus
3444 750 3637 805 multis

2055 843 2394 906 nominibus,
2455 845 2532 896 uti
2584 852 2772 896 notum
2817 853 2922 907 est,
2989 859 3132 897 nunc
3184 859 3270 896 res
3311 858 3540 911 magnas
3583 851 3638 898 et

2055 934 2407 989 admirandas
2440 951 2467 987 a
2500 935 2700 1004 priscis
2756 936 2862 989 illis
2901 943 3082 1005 gestas
3116 937 3393 1004 proponit,
3443 951 3637 1003 nempe

2056 1040 2176 1094 qua:
2222 1025 2276 1079 in
2335 1037 2519 1081 monte
2560 1028 2688 1081 Siua
2746 1030 3126 1100 contigerunt,
3168 1039 3330 1097 atque
3397 1027 3637 1081 ostendit

2055 1131 2117 1170 ea
2166 1132 2288 1170 esse
2330 1119 2548 1188 exigua,
2591 1136 2690 1174 nec
2730 1119 2933 1175 habere
2988 1122 3256 1173 rationem
3307 1121 3389 1172 vel
3427 1119 3636 1190 pondus

2053 1222 2161 1276 quo
2194 1207 2345 1262 Novo
2375 1210 2644 1279 adaquari
2674 1223 2896 1280 queant.
2940 1211 3050 1265 Illic
3095 1212 3238 1264 cnim
3269 1211 3449 1264 multa:
3479 1219 3637 1264 erant

2055 1315 2238 1353 rerum
2275 1300 2540 1370 imagines
2571 1302 2624 1354 in
2656 1310 2924 1357 terrorem
2959 1303 3185 1372 puerilis
3226 1302 3386 1355 istius
3428 1301 3629 1371 populi.

2053 1389 2194 1461 Ignis
2240 1394 2384 1444 enim
2440 1391 2658 1447 additus
2705 1398 2814 1458 est,
2866 1400 2925 1446 ut
2982 1392 3386 1461 signiﬁcaretur
3427 1389 3636 1458 punitio

2051 1499 2212 1550 quam
2241 1484 2494 1538 illaturus
2527 1485 2958 1555 cratiegislalor,
2987 1493 3040 1538 et
3077 1494 3135 1538 ut
3166 1483 3480 1537 tremendus
3509 1495 3638 1550 pro-

2054 1572 2202 1626 tinus
2231 1573 2528 1628 videretur.
2571 1573 2758 1628 Turbo
2797 1582 2852 1628 et
2900 1575 3078 1642 caligo
3124 1572 3511 1643 signiﬁcabant
3543 1571 3640 1623 ad-

2056 1663 2452 1717 umbratiouem
2482 1662 2693 1719 Veteris
2729 1662 3110 1718 Iustrumenti.
3161 1662 3217 1715 Si
3269 1663 3412 1715 enim
3463 1661 3636 1729 ﬁgura

357 1750 620 1817 ἐδηλοῦτο
645 1751 731 1805 διὰ
755 1751 980 1806 τούτων.
1013 1755 1251 1822 Γνόεεος
1291 1756 1419 1826 γὰρ,
1451 1758 1636 1826 φησὶν,
1661 1759 1779 1810 ὑπὸ
1808 1757 1954 1822 τοὺς

2061 1764 2204 1810 esset
2258 1753 2430 1810 Vetus
2486 1755 2643 1820 illud,
2711 1756 3061 1825 perspicuum
3124 1762 3209 1808 est
3259 1753 3404 1822 quod
3463 1751 3639 1804 donec

358 1843 551 1909 πόδας
586 1844 796 1898 αὑτοῦ.
845 1844 908 1897 Ἦ
956 1845 1012 1899 δὲ
1055 1845 1252 1899 θύελλα
1297 1847 1576 1917 ῥᾳθύμους
1619 1848 1779 1911 ὄντας
1825 1850 1949 1909 τοὺς

370 1934 664 2004 Ἐϐραίους
691 1935 991 2006 διήγειρεν,
1031 1937 1172 1990 ὥστε
1201 1939 1514 2009 προσέχειν.
1545 1941 1612 1992 Ai.
1637 1940 1694 1992 δὲ
1721 1939 1952 2006 σάλπιγ-

359 2041 478 2090 γες,
531 2023 606 2085 ὡς
653 2028 920 2094 παρόντος
969 2025 1255 2096 βασιλέως.
1295 2027 1468 2080 Τοῦτο
1509 2030 1618 2100 γὰρ
1651 2030 1747 2081 καὶ
1788 2031 1846 2080 ἐν
1879 2031 1947 2099 τῇ

361 2113 597 2183 δευτέρᾳ
619 2116 896 2186 παρουσίᾳ
927 2115 1103 2170 ἔσται.

1981 1815 2030 1874 Β

2059 1847 2374 1900 advenisset
2420 1847 2642 1911 veritas,
2702 1847 2922 1900 obscuri
2959 1862 3090 1900 sane
3144 1847 3249 1915 lypi
3281 1845 3636 1907 exstiterunt,

2057 1953 2182 1991 cum
2217 1953 2326 1991 non
2372 1945 2804 2006 cognosceretur
2830 1937 3090 2007 quidnam
3125 1935 3521 2007 significarent.
3553 1933 3641 1986 In—

2055 2029 2272 2083 visibile
2323 2038 2504 2083 autem
2562 2029 2658 2084 Dei
2696 2029 3045 2084 indicabatur
3097 2045 3194 2100 per
3255 2029 3391 2082 haec.
3454 2025 3640 2094 Cabgo

2056 2117 2225 2182 énim,
2260 2121 2457 2190 inquit,
2486 2120 2581 2174 sub
2622 2121 2836 2190 pedibus
2876 2122 3011 2190 ejus.
3042 2119 3284 2175 Procella
3316 2126 3496 2172 autem
3535 2115 3640 2168 IIe-

363 2205 562 2267 braeos,
597 2214 782 2275 utpote
814 2208 1095 2272 socordes,
1137 2207 1204 2262 ad
1261 2209 1618 2264 attentionem
1653 2209 1937 2265 excitavit.
1982 2207 2150 2264 Tubte
2179 2219 2384 2278 autem,
2420 2213 2588 2268 veluti
2645 2221 2919 2281 praesente
2977 2227 3126 2282 rege.
3160 2211 3216 2266 ld
3249 2214 3394 2268 enim
3465 2221 3517 2264 et
3586 2209 3638 2262 in

363 2301 608 2355 secundo
639 2300 846 2354 Christi
877 2302 1114 2356 adventu
1146 2302 1344 2357 aderit.

433 2394 543 2450 Καὶ
579 2392 750 2462 φωνῇ
801 2393 1118 2463 ῥημάτων,
1157 2391 1232 2464 ἧς
1286 2399 1340 2448 ol
1391 2396 1765 2461 ἀκούσαντες
1807 2409 1955 2463 πσρ-

359 2486 675 2554 ῃτήσαντο
701 2485 788 2554 μὴ
815 2487 1222 2555 προστεθῆναι
1266 2487 1474 2551 αὐτοῖς
1509 2489 1720 2555 λόγον.
1761 2487 1820 2540 '0
1846 2487 1954 2555 γὰρ

363 2577 502 2640 Θεὸς
539 2575 767 2646 ἠκούετο
810 2575 1011 2635 λαλῶν.
1067 2577 1154 2630 ἵνα
1211 2576 1526 2642 ἀξιόπιστος
1575 2580 1606 2648 ἡ
1663 2576 1956 2644 νομοθεσία

361 2670 617 2736 γένηται,
656 2668 750 2720 καὶ
794 2667 868 2738 μὴ
896 2667 1092 2731 δόξωσι
1126 2668 1369 2731 Μωσέως
1416 2663 1555 2721 εἶναι
1614 2669 1681 2720 τὰ
1711 2667 1954 2737 ῥήματα.

363 2761 596 2822 Πάντως
627 2759 686 2812 δὲ
723 2760 758 2828 ὴ
803 2759 900 2829 μὲν
931 2757 1026 2811 τοῦ
1068 2758 1206 2812 Θεοῦ
1240 2759 1390 2828 φωνὴ
1437 2757 1668 2827 φοϐερὰ,
1697 2758 1730 2825 ἡ
1759 2755 1817 2808 δὲ
1859 2752 1954 2806 τοῦ

362 2847 616 2908 Μωσέως
645 2847 825 2916 ἰσχνὴ.
865 2847 956 2899 Διὸ
985 2848 1381 2918 παρῃτήσαντο
1410 2849 1610 2900 ἐκεῖνοι
1655 2847 1746 2898 τὸν
1797 2844 1951 2907 Θεὸν,

364 2939 616 3000 εἰπόντες
637 2939 828 2992 limosi
852 2954 867 2970 ο
891 2938 1075 2992 Λάλει
1103 2939 1256 3007 πρὸς
1283 2938 1441 3008 ἡμᾶς
1468 2938 1570 3004 σὺ,
1605 2937 1700 2991 καὶ
1721 2936 1810 3005 μὴ
1842 2938 1954 2989 λα-

363 3031 544 3084 λείτω
571 3028 714 3097 ἡμῖν
747 3031 780 3082 ό
811 3029 975 3094 Θεός.

441 3119 565 3170 Οὐκ
609 3117 826 3185 ἔφερον
860 3117 971 3186 τὰρ
1012 3117 1076 3170 τὸ
1128 3115 1659 3184 διαστελλόμενον.
1696 3115 1956 3169 Τουτέστι

363 3209 429 3261 τὸ
468 3207 886 3277 διαλαλούμενον
934 3209 980 3241 ⁸⁸
1021 3208 1178 3278 παρὰ
1223 3208 1319 3262 τοῦ
1372 3207 1508 3261 Θεοῦ
1551 3208 1652 3261 ούκ
1694 3207 1955 3276 ἠδύναντο

362 3305 482 3365 τοῖς
511 3302 612 3354 ὠσὶ
643 3300 879 3369 στέγειν,
916 3299 992 3352 ὡν
1040 3298 1294 3369 φοϐερόν.
1341 3299 1484 3368 Ἀρα
1539 3299 1692 3350 αύτοὶ
1725 3297 1956 3366 γεγόναο

2131 2391 2299 2444 Vens.
2333 2389 2424 2446 l9.
2465 2389 2533 2444 Et
2564 2405 2738 2445 vocem
2787 2392 3085 2457 verborum,
3135 2407 3291 2460 quam
3335 2390 3425 2460 qui
3459 2389 3644 2442 audie-

2060 2493 2182 2536 runt
2209 2493 2589 2536 excusaverunt
2617 2500 2669 2537 se
2703 2499 2765 2538 ne
2791 2484 2856 2537 iis
2881 2484 3027 2552 ﬁeret
3052 2483 3282 2536 verbum.
3321 2483 3464 2536 Deus
3493 2481 3638 2534 enim

2061 2574 2386 2628 audiebatur
2440 2575 2613 2642 loqui,
2658 2585 2718 2630 ut
2742 2577 3044 2631 auctoritas
3089 2572 3644 2645 legislationi.eonci-
3718 2635 3724 2643 _

2063 2664 2246 2732 lietur,
2285 2680 2466 2733 neque
2505 2665 2825 2720 existiment
2857 2665 3023 2720 Mosis
3044 2681 3165 2720 esse
3188 2665 3375 2718 verba.
3405 2661 3642 2717 Omnino

2061 2765 2242 2810 autem
2293 2755 2386 2810 Dei
2415 2773 2519 2810 vox
2567 2757 2834 2812 terribilis
2888 2765 3027 2817 erat,
3079 2757 3243 2811 Mosis
3295 2771 3425 2809 vero
3458 2753 3638 2808 exilis.

2058 2844 2214 2901 Unde
2248 2848 2576 2901 recusabant
2624 2849 2704 2902 illi
2754 2849 2946 2908 Deum,
2988 2847 3234 2902 dicentes
3293 2845 3477 2900 Mosi:
3533 2842 3642 2896 Lo-

2054 2955 2210 3009 quere
2239 2949 2295 2994 tu
2325 2939 2394 2994 ad
2432 2956 2548 3005 nos,
2576 2948 2624 2994 et
2663 2955 2726 2993 ne
2746 2939 2997 3008 loquatur
3026 2938 3175 2993 nobis
3209 2937 3344 2991 Deus
3375 2936 3441 2990 “.

2137 3117 2299 3174 VIRS.
2341 3119 2432 3176 20.
2490 3119 2613 3174 Νοη
2662 3122 2801 3175 enim
2837 3120 3117 3189 portabant
3145 3119 3283 3190 quod
3339 3117 3637 3171 dicebatur.

2064 3212 2179 3266 Hoc
2227 3223 2328 3276 est,
2387 3213 2534 3281 quod
2587 3229 2617 3266 a
2670 3212 2778 3267 Deo
2833 3213 3140 3279 dicebatur,
3200 3228 3306 3266 non
3347 3217 3643 3280 patuerunt

2065 3303 2291 3358 auribus
2323 3304 2440 3358 suis
2474 3303 2640 3368 ferre,
2671 3304 2809 3358 adeo
2835 3305 3080 3359 terribile
3108 3315 3246 3357 erat.
3279 3301 3516 3356 Proinde
3541 3299 3644 3367 ipsi

369 3411 456 3447 σιν
504 3395 668 3447 αῐτιοι
699 3391 795 3446 τοῦ
829 3390 920 3445 διὰ.
955 3390 1156 3462 σαρκὸς
1201 3391 1438 3459 φανῆναι
1479 3389 1570 3444 τὸν
1605 3389 1760 3454 Θεὸν,
1788 3389 1861 3451 ὡς
1888 3386 1955 3441 ἂν

2061 3397 2285 3452 fuerunt
2321 3397 2375 3450 in
2408 3413 2572 3453 causa
2608 3414 2706 3452 cur
2742 3397 2883 3453 Deus
2909 3413 3004 3466 per
3038 3409 3262 3452 carnem
3312 3393 3642 3464 apparuerit,

368 3486 621 3556 χωρητδς
642 3485 828 3548 αὐτοῖς
860 3483 1109 3554 γένηται.

441 3574 570 3630 Κᾶν
593 3576 807 3642 θηρίον
845 3574 976 3642 θίγῃ
1011 3573 1116 3626 τοῦ
1164 3572 1361 3640 ὄρους,
1395 3572 1953 3639 λιθοϐοληθήσεται.

369 3667 486 3722 Kal
529 3667 684 3720 οὕτω
715 3665 973 3736 φοϐερὸν
1005 3661 1085 3736 ἦν
1112 3665 1179 3717 τὸ
1209 3663 1674 3732 φανταζόμενον.
1711 3663 1960 3716 Δείκνυσι

374 3762 474 3814 καὶ
513 3762 571 3814 ὲν
609 3757 786 3828 τούτῳ
829 3757 928 3828 τὴν
959 3757 1234 3828 ὑπεροχὴν
1262 3756 1362 3825 τῆς
1401 3756 1569 3818 Νέας.
1618 3755 1681 3808 'II
1715 3755 1810 3823 μὲν
1853 3752 1960 3822 γὰρ

377 3851 594 3906 Παλαιὰ
618 3850 795 3903 καίτοι
831 3848 994 3919 μηδὲν
1021 3847 1220 3918 ἔχουσα
1249 3846 1412 3916 μέγα,
1444 3847 1538 3899 καὶ
1561 3840 1673 3898 οἷον
1698 3847 1731 3914 ἡ
1765 3843 1960 3912 Καινὴ,

375 3946 586 4015 φοῆερὰ
612 3962 697 4008 τις
725 3942 814 4015 ἦν,
849 3945 940 3998 καὶ
971 3943 1095 3996 οὔτε
1129 3942 1318 4013 θηρίον
1358 3941 1454 3995 τοῦ
1493 3941 1652 4012 ὅρους
1697 3937 1964 3993 ἅπτεσθαι

374 4041 510 4108 ἐξῆν
535 4056 548 4069 ·
589 4037 842 4091 τουτέστι
897 4037 1092 4106 κτῆνος
1113 4035 1251 4101 τιέξ
1282 4029 1356 4088 ὧν
1383 4037 1411 4088 ὁ
1445 4034 1573 4097 λαὸς
1601 4029 1766 4102 εἶχεν.
1811 4032 1877 4084 'H
1909 4031 1966 4083 δὲ

375 4134 518 4195 Νέα,
548 4131 728 4182 πάντα
767 4127 950 4180 τέλεια
988 4126 1209 4198 ἔχουσα,
1249 4126 1401 4180 οὐδὲν
1442 4124 1779 4178 ἐνδείκνυται
1812 4121 1968 4191 906:-

381 4223 496 4293 ρὸν,
528 4219 666 4273 ἀλλὰ
695 4218 874 4271 πάντα
900 4220 1060 4287 ἤπια.

452 4311 677 4378 Μωσῆς
732 4305 940 4364 εἷπενο
998 4309 1300 4380 Ἔμφοϐός
1352 4311 1471 4377 ειμι
1509 4306 1610 4361 καὶ
1657 4305 1966 4376 ἔντρομος.

2061 3499 2119 3544 ut
2151 3498 2376 3558 possent
2409 3505 2534 3544 cum
2557 3505 2774 3558 capere.

2132 3575 2295 3630 Vens.
2321 3577 2409 3630 21.
2439 3576 2503 3630 Et
2530 3579 2576 3631 si
2605 3577 2770 3631 bestia
2799 3578 3021 3647 tetigerit
3042 3572 3647 3642 montem,lapidabitur.

2064 3666 2132 3720 Et
2156 3671 2230 3720 ita
2251 3668 2484 3722 terribile
2514 3679 2627 3721 erat
2650 3668 2789 3737 quod
2817 3667 3112 3722 ridebatur.
3143 3669 3249 3722 Per
3291 3667 3394 3720 hoc
3433 3680 3648 3734 quoque

2062 3754 2194 3810 Novi
2235 3756 2565 3811 Testamenti
2612 3759 2990 3812 excellentiam
3027 3757 3253 3811 iudicat.
3285 3755 3453 3810 Vetus
3479 3755 3643 3819 enim,

2064 3845 2164 3899 etsi
2195 3844 2330 3898 nihil
2355 3845 2490 3899 adeo
2515 3861 2767 3915 magnum
2801 3847 3023 3900 haberet
3053 3862 3118 3900 ae
3141 3846 3378 3908 Novum,
3405 3845 3651 3899 terribile

2066 3945 2206 4000 erat,
2243 3950 2417 4004 neque
2443 3935 2680 3990 belluam
2707 3948 2944 3992 montem
2973 3937 3240 4007 attingere
3286 3935 3505 3997 licebat,
3548 3935 3651 3988 hoc

2066 4036 2168 4094 est,
2195 4027 2504 4096 jumeutum
2533 4028 2754 4098 aliquod
2776 4045 2967 4084 eorum
2995 4019 3114 4099 Quae
3139 4029 3371 4099 populus
3393 4027 3646 4082 habebat.

2068 4117 2276 4172 Novum
2311 4128 2494 4174 autem
2521 4121 2705 4174 omnia
2739 4121 2978 4190 perfecta
3016 4120 3241 4184 habens,
3276 4119 3409 4173 nihil
3445 4117 3650 4172 territi-

2070 4228 2194 4268 eum
2237 4228 2344 4281 pra:
2367 4228 2424 4267 se
2451 4214 2578 4277 fert,
2612 4213 2704 4268 sed
2743 4215 2927 4268 omnia
2961 4214 3180 4269 blanda.

2146 4303 2310 4360 Vsus.
2341 4305 2432 4358 2:2.
2465 4305 2640 4360 Moses
2669 4307 2804 4360 dixit
2831 4323 2849 4359 :
2889 4305 3190 4360 Exterritus
3222 4321 3339 4358 sum
3371 4313 3420 4358 et
3459 4313 3653 4357 treme-

379 4407 444 4460 Εἰ
491 4406 550 4458 δὲ
594 4407 800 4476 Μωσῆς
857 4403 1032 4468 οὕτως
1084 4405 1112 4456 ὁ
1161 4401 1420 4456 εἰσελθὼν
1465 4403 1544 4464 εἰς
1588 4399 1678 4455 τὸν
1721 4400 1956 4471 γνόφονὲ

2074 4397 2301 4453 bundus.
2370 4399 2428 4453 Si
2482 4399 2660 4455 Moses
2700 4410 2878 4454 autem
2921 4401 3015 4470 qui
3064 4399 3352 4471 caliginem
3403 4407 3520 4453 erat
3570 4396 3656 4449 in-

383 4500 581 4567 μέγας,
610 4500 636 4551 ὁ
669 4498 798 4560 λαὸς
828 4498 994 4550 πόσον
1023 4513 1040 4564 ;

2075 4503 2317 4558 gressus,
2351 4491 2490 4546 adeo
2525 4507 2758 4562 magnus
2786 4501 2840 4544 et
2868 4491 3158 4557 mirificus,
3202 4503 3348 4545 metu
3396 4490 3471 4544 ita
3531 4503 3655 4559 per—

2077 4584 2262 4638 culsus
2287 4592 2393 4650 est,
2418 4593 2626 4653 quanto
2657 4585 2830 4655 magis
2862 4583 3143 4654 populus?

472 4675 652 4729 Ἀλλὰ
704 4673 1224 4742 προσεληλύθατε.
1267 4671 1496 4724 Ἐκεῖνοι
1546 4670 1608 4724 ού
1644 4668 1956 4742 προσῆλθον

2150 4674 2254 4730 Sed
2294 4678 2616 4732 accessistis.
2660 4675 2742 4730 Illi
2771 4693 2878 4731 non
2910 4682 3283 4738 accesserunt,
3336 4675 3428 4730 sed
3461 4673 3656 4745 prorul

383 4768 524 4820 ἀλλὰ
567 4765 852 4837 πόρρωθεν
899 4765 1284 4833 εἰστήκεισανο
1319 4764 1480 4834 ὑμεῖς
1529 4763 1584 4816 δὲ
1628 4761 1970 4832 προσεληλύ-

384 4858 539 4912 θατε.
593 4858 760 4928 Ὁρᾷς
795 4856 894 4926 τὴν
933 4856 1252 4926 ὑπεροχήνς

456 4949 613 5004 Σιὼν
644 4947 766 5016 ὄρει
799 4947 898 5001 καὶ
930 4949 1107 5000 πόλει
1130 4945 1279 5000 Θεοῦ
1315 4942 1530 5011 ζῶντος
1569 4943 1974 5013 Ἰερουσαλὴμ

385 5043 745 5112 ἐπουρανίῳ.
789 5040 938 5095 Ἀντ)⁸
967 5040 1061 5094 τοῦ
1096 5041 1248 5107 Σινᾶ,
1281 5039 1479 5110 ἔχομεν
1521 5038 1659 5092 Σιὼν
1692 5038 1818 5110 ὅρος
1847 5055 1974 5108 von-

386 5139 500 5200 τὸν,
549 5134 646 5188 καὶ
691 5133 846 5188 πόλιν
886 5132 1082 5204 νοητὴν
1135 5131 1519 5202 Ἰερουσαλήμ.⁶
1553 5131 1830 5185 τουτέστιν
1873 5131 1974 5185 αύ-

389 5227 484 5280 τὸν
516 5225 608 5280 τὸν
639 5225 892 5296 οὐρανὸν,
932 5224 1034 5277 οὐκ
1078 5222 1308 5294 ἔρημον,
1339 5221 1415 5286 ὡς
1447 5223 1666 5278 ἐκεῖνοι.

462 5395 573 5458 Kal
618 5402 913 5472 μυριάσιν
950 5403 1220 5473 ἀγγέλων
1271 5405 1620 5473 πανηγύρει.
1675 5403 1820 5457 ’Δντὶ
1879 5403 1974 5457 τοῦ

466 5581 513 5612 ⁶⁶
534 5569 714 5635 Exod.
751 5595 842 5644 xx,
878 5580 965 5639 18.

2076 4775 2388 4820 steterunt:
2432 4781 2529 4821 vos
2587 4782 2715 4820 vero
2772 4767 3109 4822 accessistis.
3149 4763 3343 4819 Videu’
3383 4765 3657 4820 excelleno

2083 4859 2212 4913 tiam
2242 4857 2265 4910 ?

2153 4948 2312 5020 753
2346 4945 2426 4999 Ad
2458 4957 2682 5000 montem
2708 4945 2858 5010 Sion,
2882 4959 2930 5002 et
2962 4949 3228 5002 civitatem
3278 4946 3377 5001 Dei
3421 4946 3656 5006 virentis,

2080 5039 2378 5095 Jerusalem
2414 5039 2693 5094 cazlestem.
2728 5037 2834 5092 Pro
2861 5037 2992 5093 Sina
3019 5041 3284 5094 habemus
3333 5037 3461 5091 Sion
3498 5053 3656 5090 mou-

2084 5143 2190 5189 tctn
2221 5132 2593 5202 spiritualem,
2623 5139 2679 5186 et
2722 5131 2910 5186 urbem
2953 5131 3296 5202 spiritualem
3327 5111 3657 5188 Ierusalem,

2086 5222 2190 5276 hoc
2219 5228 2324 5286 est,
2355 5221 2535 5291 ipsum
2574 5221 2799 5288 malum,
2850 5237 2962 5276 non
3019 5218 3392 5279 solitudinem,
3438 5213 3654 5266 illorqu

2084 5315 2284 5369 instar.

2159 5403 2230 5458 Et
2281 5403 2350 5458 ad
2405 5405 2740 5461 innumerum
2804 5404 3110 5475 angelorum
3165 5404 3492 5454 conventum.
3549 5393 3654 5448 I‘ro

1749 5673 1949 5737 Variae
1972 5675 2310 5739 lectiones.

468 5769 516 5803 ⁸ο
553 5770 616 5824 τὸ
646 5770 1056 5842 ἐντελλούμενον
1089 5773 1182 5828 καὶ
1217 5773 1637 5845 διαλαλούμενον
1669 5789 1745 5828 m.
