4068 6210
424 372 532 438 383

1341 386 1928 450 THEOPHYLAC’I‘I
1960 389 2371 454 BULGARIIE
2396 392 2750 455 ARCHIEP.

3564 387 3676 451 3‘4

425 488 649 557 populo,
687 488 886 561 inquit,
922 493 1187 551 habemus
1213 510 1313 551 nos
1346 499 1663 567 angelorum
1687 500 1988 571 myriadas,

2095 505 2225 560 λαοῦ
2252 506 2446 578 ἔχομεν
2474 507 2636 574 ἡμεῖς
2681 504 2926 574 ἀγγέλων
2990 503 3271 575 μυριάδας,
3315 501 3435 556 ἀντὶ
3464 500 3555 554 τοῦ
3594 503 3685 568 ςενῖ-

425 579 671 649 adeoque
701 597 802 651 pro
832 597 1032 652 pavore
1062 587 1321 656 gaudium
1351 607 1367 645 :
1400 591 1501 646 hoc
1522 592 1665 646 enim
1698 608 1814 663 per,
1848 592 1994 648 Con-

425 680 653 738 ventum,
680 674 1043 742 signiﬁcatur.
1082 679 1185 734 Ubi
1240 682 1385 736 enim
1419 687 1732 756 panegyris,
1788 687 1861 742 ibi
1912 695 1996 745 est

425 758 631 815 laetitia.
663 762 960 836 Panegyris
992 768 1160 840 igitur
1184 771 1289 826 ista
1322 773 1376 828 in
1410 776 1747 847 myriadibus
1772 778 1999 850 angelo-

422 864 544 905 rum
567 854 841 910 consistit.

497 941 778 1000 Vens.25.
823 947 892 1001 Et
925 950 995 1002 ad
1039 951 1329 1010 Ecclesium
1376 960 1843 1030 primogenitorum
1902 964 1993 1033 qui

419 1035 713 1102 conscripti
741 1047 863 1091 sunt
892 1039 949 1093 in
969 1043 1133 1097 cretis.
1169 1044 1568 1119 Primogenitos
1598 1053 1834 1120 appellat
1860 1053 1996 1110 iide-

422 1124 523 1188 les,
560 1137 912 1184 consecratos
943 1131 1053 1188 Deo
1105 1151 1168 1191 ac
1203 1141 1597 1203 sanetiﬂeatos,
1627 1158 1859 1211 quorum
1896 1161 1997 1201 no-

420 1216 570 1269 mina
607 1227 733 1272 sunt
767 1219 820 1274 in
853 1222 992 1277 libro
1012 1226 1154 1288 vitae.
1184 1230 1409 1296 perinde
1440 1248 1501 1286 ac
1539 1233 1802 1292 Dominus
1831 1237 1995 1291 etiam

417 1303 708 1375 discipulis
737 1309 992 1367 dicebat:
1035 1314 1222 1371 Vestra
1273 1331 1450 1374 autem
1507 1325 1724 1378 nomina
1795 1328 1997 1396 scripta

419 1404 542 1447 sunt
568 1396 622 1448 in
663 1399 808 1453 caelis
839 1401 904 1456 °".
943 1401 1212 1468 Quoniam
1266 1423 1396 1463 vero
1440 1409 1585 1467 Deus
1626 1424 1711 1469 est
1755 1429 2001 1470 commu-

421 1484 508 1538 nis
538 1489 779 1544 omnium
814 1493 999 1557 Pater,
1035 1510 1227 1550 omnes
1276 1499 1494 1568 quidem
1557 1503 1811 1561 homines
1871 1516 1999 1562 sunt

420 1574 513 1626 lilii
543 1575 663 1643 ejus
688 1583 1055 1637 communiter
1084 1603 1097 1638 :
1125 1585 1317 1641 horum
1344 1605 1474 1645 vero
1502 1593 1845 1664 primogeniti
1866 1608 1995 1652 sunt

421 1665 452 1714 li
474 1663 627 1731 leles,
659 1668 902 1738 adeoque
926 1672 1075 1741 digni
1121 1675 1422 1745 adoptione
1453 1663 1715 1750 ﬁliorum,
1758 1702 1879 1755 quae
1911 1696 1997 1742 est

420 1757 724 1811 secundum
756 1763 1119 1828 propositum.
1168 1766 1259 1823 Vel
1290 1770 1614 1840 simpliciter
1645 1791 1838 1832 omnes
1875 1779 1995 1848 qui-

2098 598 2194 652 ϐου
2221 598 2413 671 χαρὰν,
2438 598 2595 652 τοῦτο
2635 598 2742 668 γὰρ
2774 595 3024 664 δηλοῦται
3046 594 3133 649 διὰ
3159 593 3272 657 τοῦ,
3322 594 3679 662 Πανηγύρει.

2100 688 2270 743 Ἔνθα
2290 689 2395 759 γὰρ
2440 690 2768 759 πανήγυρις,
2812 688 2931 740 ἐκεῖ
2953 686 3115 757 χαρά.
3155 685 3219 738 Ἦ
3250 684 3556 755 πανήγυρις
3586 680 3680 736 οὖν

2096 776 2233 848 αῦτη
2279 779 2336 830 ἐν
2385 777 2643 848 μυριάσιν
2692 775 2942 844 ἀγγέλων
2988 773 3325 827 συνίσταται.

2168 952 2280 1007 Καὶ
2326 953 2654 1022 Ἐκκλησία
2702 952 3091 1021 πρωτοτόκων
3145 949 3683 1019 ἀπογεγραμμένων

2098 1043 2167 1096 ἐν
2189 1043 2490 1111 οὐρανοῖς.
2522 1044 2910 1114 Πρωτοτόκους
2941 1042 3096 1096 καλεῖ
3125 1043 3251 1105 τοὺς
3284 1042 3530 1105 πιστοὺς,
3558 1043 3680 1101 τοὺς

2098 1134 2512 1205 ἀφιερωμένους
2551 1134 2689 1205 Θεῷ,
2748 1136 2873 1198 τοὺς
2914 1136 3301 1205 ἡγιασμένους,
3348 1127 3424 1187 ὧν
3467 1135 3537 1187 τὰ
3567 1134 3681 1187 ὀνό-

2100 1243 2246 1295 ματα
2285 1227 2343 1279 ἐν
2387 1226 2554 1297 βίϐλῳ
2576 1224 2740 1296 ζωῆς,
2771 1227 2915 1281 καθὰ
2944 1227 3035 1280 καὶ
3056 1229 3084 1280 ὁ
3126 1225 3332 1298 Κύριος
3363 1228 3476 1288 τοῖς
3508 1224 3682 1295 μαθη-

2096 1319 2215 1379 ταῖς
2243 1316 2431 1385 ἐλεγεν
2453 1336 2466 1350 ·
2516 1316 2713 1387 ’Υμῶν
2731 1317 2800 1370 δὲ
2829 1318 2901 1371 τὰ
2922 1318 3184 1387 ὀνόματα
3204 1315 3431 1386 ἐτράφη
3462 1317 3532 1369 ὲν
3554 1315 3680 1382 τοῖς

2097 1406 2397 1472 οὐρανοῖς.
2446 1406 2667 1478 Ἐπειδὴ
2694 1407 2751 1460 δὲ
2786 1407 2963 1470 κοινός
2991 1409 3108 1460 ἐστι
3148 1406 3338 1476 Πατὴρ
3388 1406 3604 1458 πάντων
3650 1407 3681 1459 6

2097 1495 2247 1560 Θεὸς,
2292 1497 2493 1559 πάντες
2541 1497 2638 1567 μὲν
2685 1496 2959 1567 ἄνθρωποι
3001 1496 3111 1552 υἱοί
3159 1497 3301 1549 εἰσιν
3345 1495 3511 1549 αὑτοῦ
3559 1513 3679 1548 una-

2097 1586 2240 1649 νῶςο
2273 1586 2609 1656 πρωτότοκοι
2663 1587 2720 1641 δὲ
2763 1587 2993 1650 τούτων,
3038 1589 3086 1639 οἱ
3135 1583 3546 1649 πιστεύσαντες.
3583 1586 3679 1638 καὶ

2097 1676 2240 1740 ἄξιοι
2277 1678 2376 1742 τῆς
2418 1678 2560 1731 κατὰ
2603 1678 2862 1748 πρόθεσιν
2890 1676 2933 1710 ⁸⁸
2966 1674 3259 1738 υἱοθεσίας.
3292 1675 3359 1729 Ἦ
3407 1677 3502 1729 καὶ
3545 1676 3680 1729 πάν-

2098 1786 2189 1833 τες
2223 1770 2319 1838 μὲν
2348 1769 2533 1833 ἁπλῶς
2579 1772 2629 1824 οἰ
2673 1770 3039 1833 πιστεύοντες,
3071 1767 3177 1821 υἱοί
3205 1783 3218 1797 ·
3250 1767 3580 1839 πρωτότοκοι
3620 1766 3678 1820 δὲ

420 1850 541 1903 dem
569 1853 877 1920 credentes,
911 1856 1002 1912 ﬁlii
1058 1873 1223 1928 sunt;
1272 1866 1623 1937 primogeniti
1652 1880 1856 1937 autem,
1903 1875 1988 1942 qui

2098 1860 2146 1913 oi
2173 1861 2475 1930 εὐάρεστοι,
2513 1862 2606 1914 καὶ
2639 1861 2746 1916 τῶν
2775 1859 3079 1929 πρεσϐειῶν
3104 1859 3162 1911 ἐν
3206 1857 3350 1927 λόγῳ
3389 1859 3482 1910 καὶ
3524 1856 3678 1911 πολι·

423 1938 533 1993 Dcu
568 1942 705 1999 bene
738 1947 974 2014 placent,
1001 1960 1056 2005 et
1110 1953 1164 2007 in
1218 1957 1385 2012 vcrho
1420 1960 1653 2029 vitaeque
1690 1978 2001 2019 coaversa-

419 2035 569 2087 tione
608 2035 975 2104 legationibus
1006 2046 1148 2113 apud
1183 2045 1353 2102 Deum
1391 2050 1597 2121 dignati
1632 2065 1781 2109 sunt.

498 2125 811 2196 Etjndicem
852 2132 1019 2189 Deum
1044 2141 1300 2194 omnium.
1334 2140 1435 2196 llic
1462 2159 1678 2215 quoque
1713 2156 1992 2217 perterre-

421 2215 558 2270 facit
587 2234 705 2275 eos.
746 2222 1004 2279 Omnium
1045 2229 1216 2295 enim,
1249 2246 1354 2285 non
1394 2230 1703 2293 Judreorum
1759 2244 1991 2302 tantum,

418 2316 677 2364 caeterum
712 2322 766 2367 et
801 2314 1226 2388 fideliumjudex
1257 2331 1364 2376 est.
1389 2322 1544 2378 Illum
1595 2340 1724 2395 ergo
1773 2329 1983 2384 timete.

420 2398 672 2455 Ostendit
709 2411 891 2458 autem
918 2410 1193 2476 quomodo
1224 2412 1300 2465 illi
1342 2414 1618 2471 veteribus
1642 2418 1994 2472 excellentio-

421 2508 508 2545 res
538 2503 694 2563 sunt,
729 2498 999 2567 siquidem
1034 2504 1110 2557 illl
1135 2519 1203 2559 ne
1233 2506 1379 2560 nuda
1404 2508 1622 2578 quidem
1660 2509 1825 2564 verba
1860 2524 1992 2565 sus-

418 2584 710 2652 tinebant,
779 2605 954 2659 neque
1011 2596 1182 2650 monti
1257 2599 1476 2667 quidem
1554 2603 1995 2672 apprOpinquare

419 2676 741 2735 audebant:
781 2698 877 2738 vos
905 2695 1085 2739 autem
1129 2688 1306 2757 ipsum
1344 2690 1584 2758 judicem
1643 2693 1879 2760 adiistis,
1939 2695 1992 2750 id

414 2777 518 2830 est,
552 2768 850 2831 Christum.
884 2774 1047 2830 Pater
1073 2780 1218 2833 enim
1261 2798 1364 2835 non
1395 2782 1603 2846 iudicat
1652 2801 1989 2856 quemquam,

414 2860 777 2926 sedjurlicium
811 2883 961 2921 omne
985 2868 1130 2924 dedit
1175 2872 1311 2928 Filio
1333 2874 1402 2929 “.

489 2950 554 3003 Et
577 2953 646 3005 ad
676 2957 893 3022 spiritus
907 2958 1176 3026 justorum
1216 2965 1586 3033 perfectorum.
1620 2966 1735 3022 Hoc
1764 2978 1868 3033 est,
1905 2969 1970 3022 ad

417 3038 629 3094 animas
659 3057 846 3098 eorum
896 3048 989 3115 qui
1027 3049 1158 3102 clari
1191 3061 1246 3105 et
1273 3054 1499 3121 perfecti
1533 3055 1631 3108 visi
1679 3065 1807 3110 sunt
1846 3056 1987 3124 apud

415 3127 611 3197 Deum,
654 3149 751 3202 per
780 3135 939 3190 ﬁdem
979 3138 1255 3204 videlicet,
1288 3143 1364 3195 uti
1385 3144 1779 3200 demonstravit
1814 3163 1829 3200 :
1866 3148 1991 3215 qui-

417 3217 521 3271 bus
551 3222 714 3276 etiam
743 3224 1079 3294 adjungendi
1111 3229 1264 3297 estis,
1300 3232 1346 3288 si
1386 3235 1546 3289 modo
1592 3236 1716 3291 illos
1770 3236 1987 3295 fueritis

416 3308 638 3364 imitati.

489 3403 651 3459 Vsus.
676 3405 767 3460 2i.
803 3406 881 3461 Ac
914 3413 1227 3466 Testamenti
1258 3412 1396 3470 Novi
1418 3418 1755 3475 mediatorem
1783 3420 1985 3477 Jesum.

412 3489 532 3547 Non
567 3508 785 3551 servum
819 3496 1004 3554 Mosen
1033 3484 1271 3570 adiistis,
1303 3506 1400 3561 sed
1455 3505 1640 3564 Jesum
1694 3510 1988 3568 Dominum

413 3595 686 3643 nostrum.

488 3675 558 3731 Et
585 3680 890 3749 sanguinem
916 3685 1261 3751 aspersionis.
1289 3685 1402 3743 lloc
1431 3697 1540 3754 est,
1568 3690 1985 3760 puriﬁcationis.

417 3763 653 3838 Sanguis
684 3769 831 3825 enim
866 3771 1071 3828 Christi
1097 3789 1425 3846 conspersus
1445 3795 1609 3850 super
1640 3797 1762 3849 nos,
1791 3800 1992 3856 purga-

412 3858 494 3911 vit
521 3873 623 3915 nos
649 3870 707 3916 et
735 3863 1117 3922 sanctiﬁcavit.

487 3963 677 4019 Melius
736 3966 1045 4038 loquentem,
1095 3989 1255 4043 quam
1313 3976 1463 4031 Abel.
1517 3977 1755 4049 Sanguis
1820 3981 1987 4053 igitur

410 4055 595 4113 Abelis
617 4058 833 4117 locutus
864 4064 984 4119 est?
1012 4061 1264 4121 Omnino.
1303 4067 1414 4122 νοτ
1437 4071 1605 4137 enim,
1631 4071 1831 4141 inquit,
1857 4089 1985 4127 san-

412 4149 587 4217 guinis
609 4152 794 4219 fratris
824 4156 907 4208 sui
951 4155 1147 4210 clamat
1182 4160 1251 4211 ad
1290 4177 1369 4214 me
1399 4161 1467 4214 ‘9.
1504 4159 1601 4217 Vel
1632 4164 1777 4232 quod
1812 4180 1978 4234 supra

412 4240 620 4295 dictum
644 4252 754 4309 est,
793 4245 1034 4314 loquitur
1064 4265 1233 4313 nunc,
1285 4268 1407 4305 cum
1441 4254 1752 4307 celebratur
1802 4264 1854 4309 et
1887 4259 1984 4312 de-

410 4340 662 4386 cantatur
689 4336 829 4403 apud
860 4352 1050 4393 omnes
1084 4342 1364 4396 mortales.
1427 4344 1495 4396 At
1526 4344 1733 4401 Christi
1754 4349 1980 4418 sanguis

408 4423 833 4490 splendidiorem
872 4444 1056 4483 vocem
1114 4432 1227 4485 edit
1278 4442 1330 4485 et
1367 4434 1869 4502 signiticantiorem,
1926 4447 1981 4493 et

2011 3180 2058 3245 C

2096 1951 2219 2022 τείᾳ
2245 1951 2540 2021 ἠξιωμένοι
2568 1950 2720 2020 παρὰ
2753 1951 2895 2020 Θεῷ.

2167 2127 2274 2180 Καὶ
2312 2125 2483 2195 κριτῇ
2517 2126 2637 2193 Θεῷ
2671 2127 2932 2181 πάντων.
2966 2124 3229 2180 Ἐνταῦθα
3265 2124 3360 2178 καὶ
3392 2122 3546 2193 φοϐεῖ
3574 2122 3669 2177 αὒ-

2095 2216 2240 2281 τούς.
2286 2219 2509 2272 Πάντων
2539 2221 2671 2290 γὰρ,
2713 2219 2834 2289 οὐχὶ
2888 2218 3155 2273 Ἰουδαίων
3185 2215 3365 2285 μόνον,
3410 2213 3544 2268 ἀλλὰ
3574 2215 3667 2267 καὶ

2096 2311 2301 2363 πιστῶν
2351 2312 2465 2364 ἐστι
2504 2312 2721 2381 κριτής.
2763 2310 3039 2381 Φοϐήθητε
3065 2306 3158 2363 οὖν
3185 2308 3392 2361 τοῦτον.
3422 2307 3668 2359 Δείκνυσι

2094 2397 2153 2451 δὲ
2183 2399 2299 2466 ἅμα
2333 2401 2425 2452 καὶ
2458 2399 2554 2470 τὴν
2577 2399 2848 2471 ὑπεροχὴν
2888 2399 3086 2463 αὐτῶν,
3118 2398 3216 2469 τὴν
3247 2396 3386 2468 πρὸς
3419 2397 3544 2459 τοὺς
3571 2397 3678 2450 πά-

2095 2487 2206 2553 λαι,
2240 2486 2357 2557 εἴγε
2390 2492 2586 2545 ἐκεῖνοι
2618 2492 2718 2559 μὲν
2748 2492 2867 2545 οὐδὲ
2895 2492 3153 2563 ῥημάτων
3176 2490 3347 2560 ψιλῶν
3372 2489 3673 2560 ἠνείχοντο,

2095 2580 2213 2634 οὐδὲ
2243 2582 2484 2649 ἐτόλμων
2517 2584 2735 2652 ἐγγίσαι
2769 2583 2890 2638 οὐδὲ
2915 2584 2993 2655 τῷ
3024 2584 3159 2655 ὄρει·
3193 2583 3349 2653 ὑμεῖς
3373 2580 3431 2634 δὲ
3462 2581 3555 2635 καὶ
3574 2581 3674 2633 αύ-

2093 2668 2172 2737 τῷ
2196 2670 2274 2739 τῷ
2317 2674 2472 2743 κριτῇ
2537 2672 2998 2743 προσεληλύθατε,
3030 2672 3276 2725 τουτέστι
3312 2669 3551 2741 Χριστῷ.
3596 2667 3674 2723 Οὺ

2093 2764 2203 2832 γὰρ
2232 2765 2435 2833 Πατὴρ
2467 2766 2657 2832 κρίνει
2686 2764 2925 2833 οὐδένα,
2963 2765 3126 2820 ἀλλὰ
3167 2763 3281 2832 τὴν
3313 2763 3516 2832 κρίσιν
3557 2760 3674 2819 πᾶ·

2093 2864 2216 2905 σαν
2242 2853 2461 2908 δέδωκε
2495 2855 2574 2920 τῷ
2617 2853 2747 2919 ΥΙῷ.

2164 2943 2275 2998 Καὶ
2298 2946 2596 3015 πνεύμασι
2618 2945 2863 3000 δικαίων
2884 2943 3370 3013 τετελειωμένων.
3387 2942 3671 3005 Τουτὲστι,

2092 3037 2211 3098 ταῖς
2236 3035 2435 3106 ψυχαῖς
2462 3035 2568 3090 τῶν
2598 3036 3074 3107 εὐδοκιμησάντων
3103 3035 3195 3088 καὶ
3228 3032 3451 3088 τελείων
3477 3032 3672 3100 φανέν.

2090 3144 2199 3180 των
2251 3129 2403 3199 παρὰ
2438 3128 2579 3198 Θεῷ,
2618 3128 2707 3182 διὰ
2729 3130 2828 3200 τῆς
2886 3130 3122 3191 πίστεως
3168 3125 3389 3197 δηλαδὴ,
3441 3124 3516 3187 ὡς
3566 3124 3673 3176 ἀπ-

2090 3216 2312 3286 έδειξεν·
2346 3214 2428 3283 οἷς
2487 3219 2709 3290 μέλλετε
2787 3219 3141 3290 συνταγῆναι,
3215 3216 3311 3270 ἐὰν
3391 3214 3671 3286 ζηλώσητε

2088 3312 2332 3376 τούτους.

2158 3405 2269 3461 Rat
2306 3404 2603 3474 Διαθήκης
2641 3405 2797 3471 Νέας
2820 3404 3039 3474 μεσίτῃ
3087 3404 3312 3471 Ἰησοῦ.
3370 3403 3505 3476 Οὐχὶ
3545 3401 3676 3456 Μω-

2089 3501 2156 3570 σῇ
2186 3497 2265 3569 τῷ
2292 3496 2481 3570 δούλῳ,
2511 3497 2648 3554 ἀλλὰ
2697 3499 2872 3569 Ἰησοῦ
2897 3497 2975 3568 τῷ
3003 3498 3189 3567 Κυρίῳ
3212 3496 3393 3567 ἡμῶν.

2158 3674 2267 3728 Καὶ
2329 3675 2530 3744 αἵματι
2567 3675 2925 3744 ῥαντισμοῦ.
2984 3674 3241 3728 Τουτὲστι
3303 3672 3668 3744 καθαρισμοῦ.

2087 3769 2161 3821 Τὸ
2188 3769 2297 3841 γὰρ
2328 3766 2468 3841 αἷμα
2493 3770 2586 3822 τοῦ
2618 3768 2854 3840 Χριστοῦ
2890 3767 3172 3839 ραντισθέν
3202 3766 3287 3837 ἐφ’
3317 3767 3487 3836 ἡμᾶς,
3537 3767 3671 3821 ἐκά-

2088 3862 2219 3933 θαρε
2255 3863 2347 3918 καὶ
2385 3863 2600 3933 ὴγίασε.

2156 3967 2437 4035 Κρεῖττον
2468 3964 2758 4021 λαλοῦντι
2790 3965 2950 4035 παρὰ
2984 3965 3051 4020 τὸ
3088 3967 3290 4022 Ἅϐελ.
3338 3966 3413 4020 Τὸ
3433 3966 3542 4036 γὰρ
3575 3963 3669 4018 τοῦ

2091 4057 2256 4112 ’Ἅϐελ
2305 4058 2564 4123 ἐλάλησε;
2613 4058 2743 4112 Ναί.
2801 4056 2974 4127 Φωνὴ
3028 4058 3159 4130 γὰρ,
3195 4058 3379 4130 φησιν,
3422 4058 3671 4127 αἵματος

2085 4151 2193 4206 τοῦ
2221 4149 2488 4220 ἀδελφοῦ
2517 4164 2634 4205 σου
2658 4149 2782 4217 βοᾷ
2810 4151 2960 4219 πρός
3002 4167 3099 4221 με.
3134 4151 3204 4204 Ἦ
3243 4150 3379 4219 ὅπερ
3411 4149 3507 4204 καί
3529 4152 3671 4203 ἀνω-

2084 4243 2231 4313 τέρω
2274 4243 2508 4313 εἴρηται,
2542 4244 2623 4297 ὅτι
2668 4241 2820 4295 λαλεῖ
2860 4243 2955 4295 καὶ
3001 4241 3098 4295 νῦν
3144 4242 3518 4313 φημιζόμενον
3569 4239 3665 4294 καὶ

2085 4334 2343 4406 ᾀδόμενον
2391 4333 2541 4403 παρὰ
2570 4335 2758 4389 πᾶσιν.
2800 4333 2961 4404 una
2993 4336 3055 4389 τὸ
3082 4335 3177 4389 τοῦ
3228 4334 3469 4406 Χριστοῦ
3522 4335 3668 4404 λαμ-

2088 4424 2358 4495 προτέραν
2410 4424 2596 4493 φωνὴν
2636 4422 2832 4496 ἀφίησι
2872 4426 2969 4478 καὶ
3009 4426 3411 4497 εὐσημοτέραν,
3442 4425 3530 4479 διὰ
3556 4424 3670 4478 τῶν

408 4515 720 4583 clariorem,
769 4535 867 4588 per
907 4537 995 4575 res
1058 4524 1204 4592 ipsas
1260 4525 1526 4591 clamans,
1577 4531 1721 4597 quod
1787 4546 1979 4585 omnes

2090 4515 2424 4584 πραγμάτων
2453 4513 2612 4583 βοῶν.
2661 4515 2742 4567 ὅτι
2772 4514 2981 4580 πάντας
3010 4515 3226 4587 ἡγίασε,
3256 4517 3364 4569 Καὶ
3390 4514 3568 4576 ἄλλως
3607 4512 3669 4567 δὲ

407 4606 787 4660 sanctiﬁcavit.
812 4608 953 4674 Quin
1009 4620 1063 4665 et
1094 4613 1227 4667 alias
1261 4615 1501 4683 loquitur
1533 4637 1546 4672 :
1584 4620 1676 4673 ubi
1709 4621 1979 4673 invenerit

408 4703 646 4748 ruentem
678 4696 974 4763 sinceram,
1004 4704 1205 4757 excitat
1230 4720 1370 4770 eam,
1395 4717 1450 4761 et
1475 4707 1608 4763 facit
1630 4710 1794 4783 754
1809 4714 1974 4782 loqui.

405 4784 638 4851 Spiritus
670 4789 815 4843 enim
842 4792 1075 4861 loquitur
1111 4798 1385 4865 gemitibus
1431 4801 1879 4857 inenarrabilibus
1902 4803 1973 4856 "°.

402 4876 570 4934 Divus
615 4890 798 4936 autem
856 4882 1090 4954 Cyrillus
1157 4889 1237 4944 sic
1302 4890 1590 4957 intellexit,
1644 4894 1788 4963 quod
1846 4908 1975 4949 san-

403 4969 528 5041 guis
556 4971 741 5029 Abelis
804 4973 1116 5034 clamaverit
1150 4981 1411 5037 adversus
1437 4983 1738 5037 occisorem
1772 5000 1787 5036 :
1820 4983 1980 5039 Chri-

2077 4606 2228 4658 λαλεί
2270 4618 2285 4634 ⁶
2326 4604 2455 4658 ἔνθα
2501 4603 2637 4677 εὕρῃ
2679 4605 2918 4659 διάνοιαν
2973 4605 3279 4676 εἰλικρινῆ,
3330 4605 3669 4674 διανίστησιν

2076 4695 2267 4764 αὐτὴν,
2301 4694 2396 4747 καὶ
2430 4697 2575 4748 ποιεῖ
2602 4695 2806 4749 λαλεῖν.
2850 4695 2923 4750 Τὸ
2971 4698 3079 4766 γὰρ
3118 4696 3363 4766 Πνεῦμα
3389 4693 3570 4750 λαλεῖ
3595 4695 3669 4749 ἐν

2076 4785 2434 4856 στεναγμοῖς
2482 4786 2834 4855 ἀλαλήτοις.
2878 4789 2990 4843 Καὶ
3028 4791 3056 4843 ὁ
3101 4787 3257 4857 ἅγιος
3288 4787 3349 4841 δὲ
3397 4786 3667 4860 Κύριλλος

2075 4876 2217 4930 οὕτω
2247 4895 2362 4939 πως
2387 4876 2624 4945 ἐδέξατο,
2657 4878 2740 4931 ὅτι
2770 4877 2834 4934 τὸ
2861 4878 2959 4949 μὲν
2990 4871 3130 4947 αἷμα
3157 4877 3253 4931 τοῦ
3285 4876 3473 4941 Ἅϐελ,
3505 4875 3671 4929 κατέ-

2076 4986 2250 5039 κραγε
2296 4968 2391 5024 τοῦ
2437 4968 2698 5038 φονευτοῦ
2724 4968 2771 5002 ”
2797 4983 2814 5000 ·
2854 4968 2917 5023 τὸ
2962 4968 3022 5024 δὲ
3068 4968 3162 5023 τοῦ
3204 4967 3462 5042 Χριστοῦ,
3523 4965 3668 5039 ὑπὲρ

408 5062 479 5117 sti
515 5071 698 5119 autem
739 5068 965 5138 sanguis
1017 5086 1116 5140 pro
1175 5074 1334 5129 nobis
1369 5075 1613 5145 loquitur
1651 5075 1716 5127 ad
1758 5074 1974 5129 Patrem

2090 5062 2232 5133 hmini
2270 5062 2421 5116 λαλεῖ
2462 5062 2600 5132 πρὸς
2631 5061 2722 5115 τὸν
2749 5060 2913 5116 αὑτοῦ
2955 5060 3197 5132 Πατέρα.

403 5167 589 5207 suum.

478 5244 646 5302 Vsus.
692 5246 784 5303 ‘25.
852 5248 1035 5304 Videte
1090 5266 1153 5304 ne
1211 5253 1457 5306 recusetis
1524 5254 1838 5324 loquentem.
1892 5255 1972 5311 Eo

403 5335 547 5402 quod
589 5347 698 5388 non
732 5336 955 5391 creditis
984 5336 1102 5404 ejus
1139 5338 1616 5406 promissionibus.
1643 5341 1737 5398 sed
1772 5342 1968 5413 despe-

2142 5245 2404 5301 Βλέπετε
2438 5246 2524 5316 μὴ
2541 5249 2546 5255 ’
2563 5246 3019 5316 παραιτήσησθε
3050 5243 3157 5299 τὸν
3188 5239 3520 5298 λαλοῦντα.
3559 5234 3664 5291 Διά

2077 5339 2170 5394 τοῦ
2204 5339 2501 5409 ἀπιστῆσαι
2552 5340 2673 5402 ταῖς
2718 5337 2882 5393 αὐτοῦ
2939 5334 3315 5407 ἐπαγγελίαις,
3376 5331 3472 5387 καὶ
3525 5330 3665 5384 ἁπος

477 5509 520 5541 ⁸⁷
546 5506 706 5566 Joan.
738 5527 790 5576 v,
824 5511 915 5567 22.
994 5513 1038 5546 "
1072 5511 1203 5567 Luc.
1239 5530 1292 5574 x,
1315 5515 1405 5572 22.
1484 5518 1528 5551 “
1558 5520 1692 5576 Gen.
1727 5537 1800 5587 ιν,
1838 5522 1923 5576 10.
2003 5521 2048 5553 ⁷ο
2090 5518 2249 5576 Rom.
2290 5535 2409 5586 vut,
2437 5518 2530 5573 26.

1754 5663 1955 5725 Variae
1992 5661 2322 5724 lectiones.

477 5769 517 5800 ιι
551 5768 870 5841 προαίρεσιν
892 5788 942 5826 0.
1020 5776 1069 5807 “
1089 5775 1319 5846 ἀδελφοῦ
1348 5793 1399 5833 0.
