4068 6210
366 338 470 403 385

1129 340 1532 403 EXPOSITJO
1559 339 1641 402 IN
1676 339 1915 402 EPIST.
1957 338 2058 397 AD
2091 332 2483 397 HEBRIEOS.
2504 333 2749 397 --CAP.
2784 331 2926 394 XII.

3525 336 3635 403 386

364 456 590 525 γνῶναι.
622 452 716 518 Τίς
738 453 845 508 δὲὸ
872 453 1071 521 λαλῶν,
1103 456 1135 526 ἢ
1169 458 1197 509 ὁ
1220 458 1482 528 Χριστόςς
1519 456 1583 511 Εἰ
1612 460 1720 527 γὰρ
1759 456 1821 511 τὸ
1853 449 1942 510 αἲ-

2079 453 2204 508 alis.
2245 451 2379 518 Quis
2428 458 2608 505 autem
2648 449 2850 519 estqui
2892 445 3154 518 loquitur,
3186 446 3295 504 nisi
3340 446 3639 533 Christus?

368 562 451 618 μα
473 544 639 600 αὑτοῦ
668 544 842 613 λαλεῖ,
880 546 1060 617 πολλῷ
1097 549 1297 618 μᾶλλον
1320 548 1482 611 αὐτὸς
1513 549 1601 620 ζῇ.

390 776 405 784 -
439 734 508 787 El
543 732 655 800 γὰρ
684 733 901 787 ἐκεῖνοι
938 736 1050 789 οὐκ
1076 735 1324 804 ἔφυγον,
1381 734 1491 788 τὸν
1530 734 1628 789 ἐπὶ
1667 734 1778 804 γῆς
1812 747 1960 803 παρ-

368 822 760 893 αιτησάμενοι
791 825 1244 894 χρηματίζοντα.
1276 826 1342 878 Τί
1367 830 1468 879 οὐκ
1492 825 1724 896 ἓφύγονς
1749 827 1860 897 Τὴν
1881 844 1960 879 τι-

372 914 607 985 μωρίαν,
642 915 742 984 τὴν
788 916 1086 970 ἀπώλειαν.
1123 918 1249 971 Ἐπὶ
1296 917 1398 988 γῆς
1443 918 1500 970 δὲ
1524 917 1955 989 χρηματίζοντα,

365 1008 462 1060 τὸν
506 1007 711 1076 Μωσῆν
741 1006 910 1076 λέγει,
945 1009 978 1081 ἢ
1018 1011 1113 1063 καὶ
1144 1011 1235 1064 τὸν
1265 1010 1420 1077 Θεὸν,
1456 1011 1548 1063 τὸν
1592 1012 1686 1063 ἀπ’
1726 1011 1959 1081 οὐρανοῦ

369 1100 472 1167 μὲν
501 1098 837 1164 καταϐάντα,
874 1102 966 1154 ἐπὶ
991 1101 1096 1173 γῆς
1135 1101 1194 1155 δὲ
1238 1103 1389 1172 ὅμως
1437 1102 1848 1174 χρηματίζοντα
1872 1101 1961 1154 διὰ

366 1192 636 1254 Μωσέως.
705 1192 794 1243 Ἐν
848 1192 958 1264 γὰρ
1010 1193 1089 1265 τῷ
1132 1193 1249 1265 ὄρει
1293 1194 1371 1264 τῷ
1418 1195 1547 1266 Σινᾷ
1596 1194 1958 1265 ἐχρημάτισε,

364 1283 648 1336 τουτέστιν
679 1281 948 1352 ὡμίλησε,
1002 1283 1272 1355 διελέχθη,
1336 1285 1639 1352 διετάξατο.

439 1452 657 1519 Πολλῷ
683 1453 928 1524 prium»
957 1456 1149 1525 ἡμεῖς,
1178 1461 1232 1513 ol
1257 1458 1365 1512 τὸν
1388 1460 1491 1514 ἀπ’
1513 1460 1790 1529 οὐρανῷν
1812 1477 1965 1517 απο-

369 1546 791 1614 στρεφόμενοι.
824 1548 1083 1600 Τουτέστι
1150 1550 1242 1602 τὸν
1273 1551 1510 1620 Χριστὸν
1536 1553 1627 1606 τὸν
1662 1554 1757 1606 ἀπ’
1804 1556 1966 1624 οὐρα-

370 1637 479 1689 νῶν
535 1638 970 1708 χρηματίζοντα·
1029 1641 1274 1695 τουτέστι
1334 1643 1425 1696 τὸν
1483 1646 1620 1713 μετὰ
1663 1647 1722 1699 τὸ
1768 1647 1968 1714 ἀναλη-

370 1728 577 1798 φθῆναι
599 1727 688 1780 τὸν
709 1730 875 1798 νόμον
908 1731 1040 1798 ἡμῖν
1071 1729 1228 1784 δόντα
1256 1733 1344 1786 διὰ
1365 1733 1459 1786 τοῦ
1489 1734 1824 1805 Πνεύματος.
1858 1739 1969 1809 Οὐχ

2059 543 2215 610 Quod
2257 544 2303 598 si
2343 541 2567 612 sanguis
2613 540 2734 610 ejus
2763 540 3034 610 loquitur,
3068 538 3241 593 multo
3278 539 3462 609 potius
3516 539 3641 612 ipse

2060 635 2217 689 vivit.

2132 726 2193 782 Si
2221 729 2357 781 enim
2383 725 2471 780 illi
2500 741 2604 779 non
2633 725 2943 795 eﬁ‘ugcrunt,
2977 730 3275 777 recusantes
3297 738 3417 776 eum
3442 724 3532 794 qui
3545 739 3639 778 su-

2058 837 2151 889 per
2180 832 2379 874 terram
2416 819 2749 888 loquebatur.
2787 818 2926 884 Quid
2959 831 3066 871 non
3100 815 3456 887 eli‘ugerunt?
3496 815 3639 887 Sup-

2062 912 2301 985 plicium,
2326 912 2650 981 perniciem.
2689 909 2790 964 Per
2823 924 2949 965 eum
2980 917 3162 964 autem
3191 910 3282 978 qui
3320 922 3487 979 super
3522 920 3638 965 ter-

2062 1021 2177 1059 ram
2210 1000 2491 1059 oraculum
2518 1002 2803 1067 reddebat,
2832 1002 3016 1056 Mosen
3042 1001 3317 1073 intelligit,
3338 1001 3423 1055 vel
3444 999 3636 1065 Deum,

2062 1097 2155 1168 qui
2188 1115 2218 1151 e
2249 1096 2405 1152 cmlis
2435 1094 2655 1165 quidem
2688 1093 3075 1157 descendebat,
3108 1109 3272 1161 super
3301 1102 3503 1146 terram
3563 1104 3643 1148 la—

2062 1204 2188 1243 men
2217 1187 2506 1242 oraculum
2530 1186 2725 1241 edebat
2752 1200 2849 1255 per
2877 1183 3082 1238 Mosen.
3105 1181 3160 1236 In
3192 1191 3376 1237 monte
3407 1198 3644 1252 namque

2068 1277 2201 1333 Sina
2242 1276 2610 1349 ἐχρημάτισε,
2647 1275 2752 1329 hoc
2782 1283 2889 1341 est,
2922 1274 3141 1329 locutus
3189 1283 3295 1340 est,
3354 1273 3641 1337 disseruit,

2064 1369 2361 1423 ordinavit.

2139 1454 2310 1508 Multo
2334 1455 2512 1521 potius
2543 1470 2663 1515 nos.
2701 1454 2794 1524 qui
2829 1454 2893 1507 de
2942 1452 3084 1506 (telis
3140 1452 3434 1521 loquentem
3489 1450 3639 1504 nobis

2071 1549 2383 1601 avertimus.
2418 1546 2533 1602 Hoc
2582 1556 2689 1611 est,
2726 1546 3005 1601 Christum
3053 1562 3082 1599 e
3116 1546 3271 1600 coelis
3305 1544 3640 1613 loquentem,

2070 1641 2121 1695 id
2157 1651 2258 1702 est,
2286 1641 2377 1711 qui
2416 1649 2536 1710 post
2563 1640 3001 1708 assumptionem
3033 1653 3211 1702 suam,
3270 1638 3442 1706 legem
3479 1635 3640 1689 nobis

2071 1730 2219 1786 dedit
2247 1747 2342 1804 per
2367 1731 2653 1801 Spiritum.
2684 1730 2804 1784 Non
2829 1738 3011 1783 autem
3035 1727 3201 1783 veluti
3220 1728 3359 1781 alius
3384 1728 3453 1790 sit
3471 1741 3642 1790 nunc,

370 1820 451 1880 ὡς
495 1819 656 1872 ἄλλου
683 1819 739 1872 δὲ
768 1820 919 1883 ὄντος
962 1820 1083 1873 τότε
1117 1822 1210 1875 καὶ
1238 1823 1400 1877 ἄλλου
1437 1823 1553 1890 νῦν,
1595 1825 1755 1879 τοῦτο
1781 1822 1959 1894 εἶπεν,

2077 1826 2205 1880 alius
2252 1839 2382 1878 vero
2425 1833 2591 1887 tunc,
2639 1821 2745 1877 hoc
2777 1821 2949 1885 dixit,
3000 1820 3092 1874 sed
3125 1819 3319 1874 modus
3351 1818 3646 1889 legislatio-

372 1911 492 1964 ἀλλ’
538 1912 568 1963 ὀ
614 1912 811 1981 τρόπος
840 1913 938 1982 τῆς
979 1913 1299 1983 νομοθεσίας
1369 1916 1634 1987 διαφέρει.
1688 1915 1824 1970 Τότε
1864 1918 1965 1987 μὲν

372 2006 487 2074 γὰρ
516 2005 608 2057 ἐπὶ
639 2004 740 2075 τῆς
768 2005 872 2076 γῆς
903 2005 1287 2076 χρηματίζων,
1330 2005 1498 2061 ἔδωκε
1528 2010 1621 2062 τὸν
1652 2010 1837 2079 νόμον
1868 2009 1964 2062 νῦν

375 2097 436 2149 δὲ
477 2097 829 2167 ἀναληφθεὶς,
880 2099 957 2163 ὡς
1003 2100 1242 2171 εἴρηται.
1281 2101 1444 2154 Ὥστε
1485 2102 1860 2173 φοϐερώτερος
1899 2102 1966 2156 ἂν

378 2187 495 2258 εἴη.
538 2189 657 2242 Ὀτι
702 2190 811 2260 γὰρ
848 2190 947 2243 οὐκ
993 2190 1146 2255 ἄλλος
1188 2186 1256 2262 ἦν
1300 2193 1444 2261 τότε,
1496 2195 1589 2248 καὶ
1635 2194 1794 2260 ἄλλος
1842 2194 1963 2261 νῦν,

377 2281 545 2333 ἄκουε
585 2280 748 2333 αὐτοῦ
784 2282 831 2313 ⁸³
866 2281 1058 2335 τούτου
1106 2284 1324 2356 ἐφεξῆς.

456 2369 539 2426 Οὔ
597 2372 634 2439 ἡ
692 2373 862 2442 φωνὴ
901 2374 1017 2441 τὴν
1069 2374 1185 2443 γῆν
1221 2374 1527 2430 ἐσάλευσε
1581 2377 1732 2429 τότεο
1801 2377 1968 2447 ’θρᾷς

378 2466 463 2518 ὅτι
500 2466 594 2517 καὶ
623 2464 743 2517 τότε
765 2467 793 2517 ὁ
843 2465 1017 2518 λαλῶν
1045 2466 1204 2530 αὐτὸς
1233 2462 1323 2538 ἦν,
1358 2468 1386 2520 ὁ
1440 2467 1536 2520 νῦν
1586 2469 1680 2521 ἀπ’
1732 2468 1964 2537 οὐρανοῦ

383 2554 742 2625 χρηματίζων
787 2557 937 2625 ἡμῖν,
1001 2557 1063 2608 'll
1092 2558 1200 2627 γὰρ
1244 2556 1396 2628 φωνὴ
1448 2557 1613 2611 αὐτοῦ
1643 2558 1762 2611 τότε
1805 2561 1864 2612 ἐν
1891 2559 1969 2631 τῷ

382 2648 484 2717 τῆς
507 2647 819 2717 νομοδοσίας
849 2648 1044 2720 καιρῷ,
1084 2647 1180 2720 τὴν
1210 2650 1314 2719 γῆν
1349 2650 1542 2703 ἔσεισε.

457 2822 590 2876 Νῦν
642 2822 710 2875 δὲ
758 2824 1120 2893 ἐπήγγελται
1178 2828 1394 2895 λέγων’
1454 2828 1580 2881 Ἔτι
1646 2827 1807 2892 ᾶ.;ἰξ
1856 2828 1972 2897 ἐγὼ

387 2916 553 2977 σείω,
591 2917 660 2969 οὐ
685 2916 879 2984 μόνον
904 2916 1018 2983 τὴν
1050 2915 1188 2986 γῆν,
1221 2917 1384 2972 ἀλλὰ
1415 2917 1511 2970 καὶ
1552 2917 1657 2970 τόν
1688 2921 1969 2986 οὐρανόν.

388 3008 493 3060 Δύο
528 3008 785 3077 σεισμοὺς
826 3007 1019 3080 ἔχομεν
1068 3008 1176 3062 ἀπὸ
1212 3007 1310 3075 τῆς
1356 3008 1575 3081 Γραφῆς
1603 3025 1670 3076 τε
1688 3011 1925 3080 ημένους
1956 3026 1970 3042 ·

392 3097 662 3170 πρότερον
699 3099 796 3169 μὲν
836 3099 927 3153 τὸν
962 3101 1055 3152 ἐπὶ
1100 3099 1200 3169 τῆς
1233 3100 1279 3132 ⁵⁵
1325 3100 1456 3154 Σινᾶ
1482 3100 1798 3170 νομοθεσίας
1823 3118 1838 3133 ο
1879 3100 1973 3170 Γῆ

2069 1917 2155 1971 nis
2197 1915 2401 1970 diliert.
2449 1914 2590 1969 Tum
2630 1914 2775 1967 enim
2810 1927 2976 1981 super
3018 1921 3220 1966 terram
3251 1925 3437 1981 agens,
3471 1919 3525 1965 et
3555 1925 3645 1965 res

2066 2008 2350 2074 ordinans,
2386 2008 2558 2078 legem
2584 2006 2819 2061 sancivit
2851 2021 2864 2059 :
2897 2019 3043 2059 nunc
3069 2018 3201 2059 vero
3234 2003 3288 2057 in
3321 2003 3532 2057 caelum
3558 2017 3645 2056 as-

2068 2108 2343 2170 sumptus,
2371 2100 2446 2152 ιιιὶ
2466 2098 2673 2153 dictum
2715 2107 2822 2153 est.
2856 2095 3090 2151 Proinde
3129 2095 3427 2149 terribilior
3475 2102 3641 2149 esset.

2066 2192 2222 2260 Quod
2255 2193 2400 2247 enim
2435 2192 2575 2245 haud
2606 2190 2750 2245 alius
2775 2189 2937 2244 fuerit
2965 2200 3118 2252 tunc,
3151 2188 3292 2242 alius
3317 2202 3444 2241 vero
3475 2201 3644 2251 nunc,

2068 2286 2195 2339 audi
2223 2286 2370 2339 hunc
2406 2286 2579 2350 ipsum
2606 2285 2657 2337 in
2696 2282 3073 2351 sequentibus.

2141 2376 2307 2431 Vsus.
2343 2376 2431 2429 26.
2458 2374 2626 2447 Cujus
2661 2388 2760 2427 vox
2792 2384 2989 2425 terram
3031 2382 3155 2423 tunc
3185 2371 3363 2423 movit.
3394 2368 3648 2423 Animad-

2069 2470 2238 2523 vertis
2264 2483 2389 2522 eum
2424 2479 2532 2520 tum
2561 2480 2780 2535 quoque
2825 2464 2998 2519 fuisse
3020 2465 3112 2534 qui
3155 2464 3496 2532 loqueretur,
3552 2462 3645 2531 qui

2071 2559 2231 2614 hodie
2298 2573 2329 2613 e
2389 2558 2543 2612 cmlis
2603 2558 2761 2612 nobis
2828 2572 3089 2626 l‘CSpnnsa
3154 2556 3285 2610 edit.
3338 2554 3451 2609 Vox
3500 2557 3645 2609 enim

2071 2650 2195 2719 ejus
2255 2656 2370 2704 tum
2426 2647 2785 2719 legislalionis
2849 2656 3095 2716 tempore
3154 2653 3355 2699 terram
3411 2658 3651 2699 concus-

2072 2742 2163 2797 sit.

2149 2830 2308 2884 Nuuc
2371 2839 2545 2884 autem
2591 2831 2832 2899 promisit
2890 2830 3106 2883 dicens:
3146 2829 3328 2883 Adhuc
3364 2828 3523 2882 semel
3556 2843 3650 2896 ego

2074 2925 2315 2977 concutio
2345 2938 2448 2974 non
2477 2920 2651 2973 solum
2717 2928 2936 2983 terram,
3004 2918 3094 2972 sed
3132 2928 3182 2971 et
3253 2917 3461 2971 uelum.
3502 2916 3650 2970 Duos

2076 3022 2258 3069 motus
2290 3012 2460 3066 fuisse
2482 3027 2546 3064 ex
2575 3010 2855 3080 Scriptura
2885 3018 3155 3064 tenemus.
3179 3010 3336 3065 Prior
3360 3017 3497 3070 erat,
3527 3022 3649 3062 eum

2076 3109 2132 3162 in
2156 3114 2340 3161 monte
2371 3104 2500 3158 Sina
2534 3104 2615 3158 lex
2642 3106 2972 3157 sanciretur.
3031 3105 3189 3155 Terra
3235 3100 3405 3166 enim,
3478 3099 3653 3167 inquit

390 3197 523 3262 γὰρ,
555 3194 770 3264 φησὶνὸ
799 3193 984 3258 Δαϐὶδ,
1025 3194 1274 3262 ἐσείσθη
1310 3209 1323 3223 ·
1357 3193 1606 3265 δεύτερον
1648 3194 1707 3247 δὲ
1752 3195 1843 3248 τὸν
1880 3194 1972 3248 ἐπὶ

2083 3197 2274 3261 David,
2305 3204 2446 3250 mota
2472 3204 2550 3249 est
2578 3196 2643 3249 '“.
2679 3195 2855 3256 Alter,
2890 3209 3013 3246 Clllll
3049 3195 3101 3245 in
3132 3180 3352 3245 carnem
3398 3189 3654 3245 Christus

389 3287 491 3355 τῆς
521 3289 572 3338 ἐν
607 3287 770 3356 σαρκὶ
797 3286 1107 3356 ἐπιδημίας.
1152 3287 1429 3355 Ἐσείσθη
1479 3287 1609 3357 γὰρ,
1651 3291 1807 3358 φησι,
1862 3285 1973 3343 πᾶ·

392 3393 474 3430 σα
527 3375 926 3444 Ἰερουσαλήμ
970 3392 983 3405 ·
1030 3377 1143 3441 καὶ,
1197 3376 1590 3442 Σεισοήσεται
1650 3376 1723 3431 τὰ
1781 3394 1974 3446 χειρο-

392 3465 615 3530 ποίητα
653 3463 764 3531 τῆς
794 3466 1117 3533 Αἰγύπτου.
1168 3465 1519 3535 Ἐσείσθησαν
1566 3467 1697 3537 γὰρ,
1728 3469 1976 3519 τουτέστι

391 3556 492 3621 τῆς
542 3552 638 3606 τοῦ
697 3554 906 3624 πλανᾷν
955 3556 1079 3617 τοὺς
1134 3555 1305 3608 ταῦτα
1352 3555 1674 3625 σεϐομένους
1736 3558 1978 3620 στάσεως

392 3645 832 3715 ἀπεκινήθησαν,
880 3648 974 3698 καὶ
1014 3645 1322 3715 κατεϐλήοη
1366 3648 1398 3717 ὴ
1449 3649 1600 3716 ἰσχὺς
1652 3648 1850 3700 αὐτῶν.
1907 3648 1978 3698 Τὸ

395 3735 508 3798 οὖν,
546 3738 670 3789 Ἔτι
708 3735 892 3802 ἅπαξ,
918 3739 1099 3807 τρίτον
1146 3737 1368 3807 σεισμὸν
1400 3737 1570 3806 δηλοῖ,
1592 3738 1681 3790 τὸν
1715 3737 1852 3808 μετὰ
1889 3739 1978 3789 τὸν

395 3827 655 3898 δεύτερον
708 3828 1144 3899 συμϐησόμενον,
1184 3829 1349 3897 ἠγουν
1387 3830 1485 3899 τὴν
1534 3829 1626 3881 ἐπὶ
1664 3832 1729 3899 τῇ
1788 3846 1979 3882 συντε-

396 3917 520 3988 λείᾳ
546 3917 639 3971 τοῦ
673 3919 880 3989 κόσμου
908 3920 1277 3991 καινοτομίαν,
1326 3920 1413 3973 ὅτε
1452 3921 1882 3990 μεταστήσονται
1914 3920 1981 3972 τὰ

399 4010 602 4074 πάντα,
643 4009 753 4063 ἀπὸ
787 4011 885 4080 τῆς
930 4011 1138 4082 φθορᾶς
1184 4012 1265 4074 είς
1316 4010 1623 4080 ἀφθαρσίαν
1668 4009 1983 4063 ἐναλλαττο-

402 4119 563 4173 μενα.
618 4103 876 4172 ’Λγταίου
905 4103 949 4134 ⁸⁵
975 4103 1032 4156 δὲ
1070 4103 1130 4156 τὸ
1197 4103 1379 4175 ῥητόν.

482 4285 554 4338 Τὸ
584 4284 811 4350 δὲ,”Ετι
839 4283 1022 4351 ἅπαξ,
1058 4283 1238 4351 δηλοῖ
1272 4284 1389 4338 τῶν
1406 4272 1833 4351 σαλευομένων
1870 4280 1984 4349 τὴν

396 4374 750 4444 μετάθεσιν,
779 4374 860 4439 ὠς
889 4374 1324 4442 πεποιημένων.
1358 4373 1641 4436 Τουτέστι,
1686 4371 1784 4441 τῆς
1815 4371 1985 4441 φθαρ-

404 4466 505 4535 τῆς
537 4466 764 4527 κτίσεως
787 4465 883 4535 τὴν
924 4464 1232 4534 μετάθεσιν,
1268 4462 1367 4546 τῆς
1408 4463 1639 4534 ἐχούσης
1685 4462 1844 4532 φύσιν
1890 4479 1986 4515 σα-

2077 3291 2339 3346 venisset.
2371 3287 2520 3341 Mota
2561 3297 2637 3341 est
2667 3288 2837 3349 enim,
2881 3285 3075 3353 inquit,
3122 3284 3366 3337 universa
3424 3281 3653 3335 Jerusa-

2078 3383 2176 3437 lem
2202 3383 2247 3414 ⁷¹
2281 3400 2296 3435 :
2328 3391 2401 3447 et,
2426 3378 2809 3436 Concutientur
2834 3364 2980 3430 idola
3004 3375 3314 3444 manufacta
3340 3372 3561 3443 Αἴθρη)ιὶ
3585 3374 3652 3425 ⁷³.

2076 3471 2356 3527 Com-ussa
2385 3479 2514 3526 sunt
2546 3470 2714 3532 enim,
2742 3469 2842 3521 hoc
2863 3474 2968 3531 est,
2991 3483 3019 3519 a
3044 3468 3279 3522 statione
3309 3480 3407 3519 sua
3437 3464 3656 3519 sublata

2079 3574 2232 3626 sunt,
2267 3579 2333 3617 ne
2355 3576 2491 3618 suos
2525 3561 2714 3615 fallant
2751 3560 3015 3622 cultores,
3046 3574 3110 3613 ac
3140 3557 3408 3628 dejectum
3440 3564 3523 3611 est
3561 3572 3655 3608 ro-

2081 3656 2183 3708 hur
2219 3655 2486 3721 ipsorum.
2516 3650 2676 3717 Quod
2704 3665 2837 3718 ergo
2866 3649 2963 3711 ait,
3005 3648 3190 3701 Adhuc
3220 3648 3401 3709 semel,
3441 3647 3653 3701 ttrtiam

2081 3744 2501 3798 concussionem
2562 3742 2857 3811 signiﬁcat,
2911 3754 3032 3809 qua:
3073 3747 3195 3808 post
3236 3738 3531 3793 secundam
3572 3745 3657 3788 est

2080 3843 2341 3889 eventura
2379 3850 2393 3886 :
2429 3832 2512 3886 vel
2543 3844 2685 3894 enni,
2719 3845 2842 3899 qua:
2876 3832 2929 3883 in
2966 3828 3157 3883 mutuli
3184 3829 3659 3884 consummatione

2080 3926 2263 3980 futura
2303 3934 2408 3991 est,
2439 3923 2871 3983 innovationem,
2914 3921 3136 3990 quando
3201 3927 3397 3974 cuncta
3460 3919 3661 3972 immu-

2090 4018 2377 4080 tahuntur,
2442 4030 2471 4067 a
2525 4012 2989 4083 corruptibilitate
3047 4010 3114 4064 ad
3184 4009 3660 4077 incorruptionem

2084 4106 2386 4161 alteranda.
2455 4103 2634 4174 Aggtei
2693 4110 2872 4156 autem
2950 4100 3228 4171 prophetae
3286 4099 3391 4152 hoc
3448 4097 3657 4153 dictum

2082 4206 2188 4256 cst.

2162 4290 2329 4346 Vsus.
2354 4289 2444 4343 27.
2482 4287 2634 4353 Quod
2661 4295 2859 4349 autem,
2881 4283 3069 4338 Adhuc
3102 4282 3281 4347 semel,
3303 4280 3455 4345 dicit,
3484 4279 3664 4334 decla-

2088 4393 2173 4437 rat
2198 4382 2473 4437 mobilium
2505 4377 2928 4442 translationem,
2957 4390 3208 4447 tanquam
3232 4374 3519 4443 factorum.
3550 4369 3667 4426 Hoc

2090 4485 2194 4538 est,
2227 4470 2608 4540 corruptibilis
2663 4477 2927 4524 creatura:
2985 4466 3520 4529 transmutationem,
3576 4462 3665 4518 cui

402 4555 679 4615 λεύεσθαι,
714 4557 809 4609 ἆτε
838 4556 903 4626 δὴ
931 4559 1324 4625 πεποιημένης,
1350 4535 1658 4620 τουτέστιν,
1687 4554 1860 4626 ἀρχὴν
1888 4553 1972 4608 λα·

2100 4576 2296 4620 natura
2337 4570 2420 4618 est
2453 4572 2513 4616 ut
2541 4566 2849 4625 moveatur,
2886 4566 2944 4613 ut
2970 4574 3091 4628 qua:
3134 4556 3279 4612 facta
3312 4558 3404 4621 sit,
3457 4558 3511 4611 id
3560 4565 3664 4622 est,

407 4646 612 4716 603cm;
651 4646 746 4699 τοῦ
787 4643 948 4713 εἶναι,
989 4648 1084 4700 καὶ
1110 4647 1422 4715 ἀναγκαίως
1472 4647 1671 4718 δηλαδὴ
1713 4648 1809 4700 καὶ
1839 4648 1990 4710 τέλος

409 4742 661 4812 ἐχούσης.
709 4742 825 4794 Πᾶν
856 4740 1040 4810 γὰρτὸ
1082 4741 1323 4813 ποιηθὲν,
1352 4740 1576 4812 ἡρξατο,
1621 4742 1717 4795 καὶ
1740 4740 1826 4794 διὰ
1867 4740 1992 4796 τοῦ-

410 4851 493 4898 το,
527 4835 651 4886 ὅσον
673 4852 736 4904 γε
766 4837 833 4905 τῇ
868 4833 1045 4904 οἰκείᾳ
1076 4833 1234 4903 φύσει
1278 4835 1373 4888 καὶ
1413 4834 1666 4905 τελευτὴν
1717 4834 1848 4903 ἔχει.
1879 4835 1991 4889 Καὶ

413 4927 523 4995 γὰρ
560 4927 654 4979 καὶ
681 4927 730 4979 οἱ
761 4924 982 4994 ἄγγελοι
1006 4926 1148 4978 κατὰ
1176 4925 1337 4995 φύσιν
1368 4924 1467 4997 μὲν
1490 4926 1590 4979 οὐκ
1621 4924 1989 4995 ἁτελεύτητοι,

417 5016 604 5084 ἐπειδὴ
628 5017 750 5070 οὐδὲ
778 5018 1025 5088 ἄναρχοι·
1058 5016 1237 5087 χάριτι
1279 5016 1337 5070 δὲ
1370 5016 1491 5089 θείᾳ
1535 5016 1594 5070 τὸ
1638 5016 1993 5089 ἀτελεύτητον

418 5104 509 5157 ἔλα
517 5103 627 5159 δον.

496 5383 629 5437 Ἵνα
676 5379 833 5451 μένῃ
895 5378 967 5432 τὰ
1007 5377 1091 5448 μὴ
1146 5377 1548 5447 σαλευόμενα.
1602 5375 1860 5430 Τουτέστι
1922 5377 1991 5432 τὰ

498 5556 542 5587 ⁷⁸
579 5554 724 5610 Psal.
748 5570 914 5622 Lvsv,
943 5557 996 5613 9.
1073 5556 1117 5587 7'
1148 5554 1340 5611 Matth.
1380 5573 1442 5624 ιι,
1467 5556 1520 5610 3.
1597 5559 1649 5592 "
1674 5560 1779 5615 lsa.
1814 5575 1925 5625 xix,
1955 5559 2010 5613 i.

2100 4657 2426 4726 principium
2454 4652 2733 4723 acceperit
2759 4652 3035 4715 essentne,
3066 4666 3129 4706 ac
3163 4650 3479 4706 necessario
3502 4650 3667 4705 etiam

2098 4742 2263 4795 linem
2305 4740 2526 4796 habeat.
2565 4741 2739 4795 Omne
2774 4740 2923 4795 enim
2951 4738 3112 4809 755
3147 4738 3292 4809 quod
3330 4739 3533 4793 iactum
3562 4749 3668 4804 est,

2100 4834 2386 4889 exordium
2421 4831 2613 4886 habuit
2650 4848 2664 4885 :
2694 4831 2838 4887 unde
2855 4816 3130 4901 quatenus
3160 4831 3224 4885 ad
3261 4839 3512 4885 naturam
3539 4830 3661 4900 ejus

2101 4925 2319 4989 attinet,
2344 4923 2503 4978 linem
2531 4922 2698 4976 etiam
2726 4922 3036 4977 habiturum
3072 4933 3175 4978 est.
3208 4921 3343 4977 Nam
3370 4923 3546 4993 angeli
3586 4936 3673 4976 ee-

2063 5070 2072 5078 ,
2101 5015 2343 5070 cundum
2370 5025 2622 5069 naturam
2650 5012 2872 5083 quidem
2896 5027 3005 5068 non
3036 5022 3226 5069 carent
3260 5016 3387 5078 line,
3426 5013 3673 5083 quando-

2105 5104 2325 5174 quidem
2366 5120 2434 5159 ne
2473 5103 2746 5175 principio
2779 5104 2999 5175 quidem
3031 5114 3222 5161 carent
3251 5106 3463 5177 :gratia
3488 5114 3669 5157 autem

2102 5197 2309 5261 divina,
2348 5198 2492 5267 quod
2533 5197 2640 5251 line
2693 5206 2937 5264 careant,
2964 5184 3180 5270 sintque
3205 5197 3560 5259 immortales,
3588 5210 3679 5248 ac-

2104 5297 2388 5344 οεοετιιιιι.

2185 5381 2254 5436 Ut
2294 5391 2538 5437 maneant
2564 5401 2626 5438 ea
2653 5401 2770 5456 qua:
2798 5393 2919 5441 sunt
2953 5383 3266 5440 immobilia.
3302 5380 3415 5437 Hoc
3446 5386 3553 5448 est,
3593 5377 3677 5435 iu-

1781 5672 1983 5734 Variae
2012 5672 2342 5735 lectiones.

503 5770 553 5805 ⁸³
580 5772 688 5826 τῶν
720 5772 869 5842 iege.
900 5787 954 5827 0.
1029 5773 1072 5806 ⁸³
1097 5773 1198 5843 γῆς
1224 5774 1280 5827 ἐν
1317 5773 1376 5827 Σ.
1402 5791 1449 5827 ν.
1492 5789 1544 5829 ο.
1624 5774 1667 5807 ⁸⁵
1697 5773 1854 5827 αὖτοὶ
1885 5791 1937 5830 0.
