4068 6210
444 344 551 409 337

1356 329 1945 393 THEOPHYLACTI
1975 324 2392 389 BULGAIHIE
2425 322 2787 383 ARCHIEP.

3603 318 3713 382 383

439 472 563 513 tura
595 455 756 510 bona.
781 452 918 507 Cum
954 448 1099 504 enim
1129 455 1335 501 mutata
1374 443 1584 500 fuerint
1641 442 1760 495 haec
1823 455 2019 495 corru—

2146 434 2390 489 ιέλλοντα
2434 432 2639 502 ἀγαθά.
2684 430 2935 485 Ἐπειδὶιν
2976 431 3086 503 γάρ
3144 431 3355 502 ἀλλαγῇ
3414 428 3594 485 ταῦτα
3643 433 3713 486 τὰ

441 548 674 622 ptihilia,
710 543 889 598 otnniu
921 550 1036 596 tum
1065 538 1231 609 justis
1278 544 1544 592 eventura
1580 530 2016 602 incorruptibilia

441 647 604 696 erunt
631 648 684 693 et
713 637 1063 699 inconcussa,
1085 630 1223 685 nulli
1256 645 1355 685 seu
1388 627 1736 682 translationi
1769 641 1863 681 seu
1893 639 2019 695 per-

449 727 739 787 mutationi
764 724 1021 780 obnoxia.

517 820 680 874 Vens.
704 818 796 872 28.
824 814 1015 885 Itaque
1076 828 1292 884 regnum
1329 810 1596 865 immobile
1653 808 2020 878 suscipientes,

446 910 728 964 habeamus
763 906 1017 976 gratiam.
1056 902 1535 972 Quandoquidem,
1570 900 1770 971 inquit,
1820 900 2023 953 talibus

447 998 676 1056 ornandi
708 998 883 1052 simus
918 995 1101 1062 bonis,
1131 992 1570 1049 immutabilibus
1621 990 1831 1046 scilicet
1862 998 1915 1045 et
1943 990 2027 1044 in-

447 1090 762 1153 concussis,
803 1104 868 1144 ac
897 1088 1006 1143 tale
1033 1095 1360 1156 tantumque
1405 1100 1635 1156 regnum
1666 1083 2021 1152 accipiemus,

450 1186 578 1239 hinc
613 1183 726 1252 jam
763 1181 982 1233 arrham
1013 1177 1137 1248 ejus
1170 1187 1477 1239 sumentes,
1509 1174 1816 1245 spiritualia
1840 1174 2025 1229 chari-

450 1281 649 1337 smata,
689 1272 975 1325 habeamus
1025 1270 1257 1340 gratiam
1293 1284 1312 1322 :
1362 1268 1468 1324 hoc
1523 1276 1629 1334 est,
1672 1270 1799 1323 non'
1836 1267 2026 1322 dolea-

451 1381 621 1429 mus,
701 1380 879 1433 neque
966 1363 1291 1417 decidamus
1371 1361 1591 1426 animo,
1669 1361 1765 1417 sed
1823 1362 2030 1429 gratias

453 1471 679 1528 agamus
733 1455 784 1511 ei
845 1456 937 1525 qui
991 1454 1123 1508 talia
1186 1467 1313 1507 cum
1373 1452 1555 1518 dedit,
1619 1458 1733 1506 tum
1799 1453 2029 1507 daturus

451 1557 557 1604 est.

527 1635 633 1691 Per
657 1652 816 1706 quam
848 1636 1124 1700 servimus,
1156 1635 1423 1703 placentes
1461 1636 1598 1692 Deo.
1664 1637 1769 1691 Per
1817 1654 1976 1707 quam
2013 1680 2028 1704 ,

454 1728 750 1796 gratiarum
786 1726 1056 1779 actionem
1095 1726 1328 1780 scilicet.
1361 1725 1419 1779 Si
1475 1726 1622 1780 enim
1660 1728 1801 1796 grati
1857 1726 2032 1781 fueri-

457 1833 600 1881 mus,
644 1828 759 1870 tum
805 1816 915 1871 Deo
973 1818 1046 1869 ita
1097 1815 1454 1883 inser-vimus,
1481 1825 1539 1871 ut
1578 1817 1718 1872 bene
1743 1818 1795 1872 ei
1826 1820 2034 1887 placea-

459 1925 603 1975 mus,
652 1924 715 1962 ac
743 1909 910 1963 veluti
937 1909 1177 1963 scientes
1211 1908 1428 1979 qualem
1480 1907 1774 1964 Dominum
1828 1912 2033 1965 hahea-

459 2013 606 2053 mus.
679 1997 793 2051 Nisi
854 1997 1002 2052 enim
1073 2005 1130 2053 et
1184 2013 1283 2068 pro
1348 1998 1750 2067 tranquillitate
1810 2012 1865 2054 et
1938 2016 2036 2070 pro

457 2089 844 2144 amictionibus
868 2089 1007 2158 grati
1036 2104 1248 2153 sumus,
1287 2105 1466 2160 neque
1491 2106 1613 2144 emn
1662 2092 1742 2144 ita
1773 2093 2033 2157 colim‘us,

460 2190 520 2237 ut
547 2182 595 2237 ei
621 2191 835 2252 gratum
874 2183 963 2237 sit.
996 2180 1132 2246 Quis
1159 2182 1303 2236 enim
1351 2197 1566 2245 servus,
1600 2184 1692 2253 qui
1730 2194 2038 2241 murmuret

460 2274 726 2329 adversus
762 2274 1042 2329 dominum
1088 2273 1420 2343 (murmurat
1452 2277 1624 2341 enim,
1674 2277 1767 2345 qui
1791 2278 1840 2332 ei
1872 2286 2033 2348 prout

457 2363 636 2428 decet,
673 2380 781 2418 non
811 2363 1002 2434 servit)
1038 2374 1256 2435 gratum
1320 2365 1455 2419 hero
1510 2366 1734 2421 esltibi-t
1792 2369 2040 2426 ministe-

458 2454 635 2508 rium?
672 2453 968 2524 Propterea
993 2464 1047 2509 et
1076 2455 1163 2508 hic
1193 2454 1310 2523 ipse
1338 2454 1446 2508 alio
1481 2456 1534 2508 in
1571 2457 1690 2512 loco
1734 2458 1885 2519 dicit.
1917 2459 2036 2515 Νο-

2123 526 2360 600 φθαρτὰ,
2397 525 2575 579 πάντα
2609 523 2679 577 τὰ
2713 524 2834 576 τότε
2887 523 2999 585 τοῖς
3030 521 3258 585 δικαίοις
3291 522 3524 593 ὲσόμενα
3560 522 3713 577 ἔσται

2123 620 2377 689 ἄφθαρτα
2406 617 2505 672 καὶ
2537 615 2833 680 ἀσάλευτα,
2870 613 3145 685 μηδεμίαν
3179 615 3470 685 μετάθεσον
3494 614 3529 685 ἢ
3557 614 3713 667 ἐναλ-

2122 712 2297 781 λαγὴν
2328 710 2698 779 ὑφιστάμενα.

2191 804 2290 857 Διὸ
2343 804 2677 867 ,ϐασιλείαν
2720 799 3066 855 ἀσάλευτον
3118 793 3712 866 παραλαμϐάνοντες,

2124 896 2358 965 ἔχωμεν
2386 893 2568 963 χάριν
2588 892 2664 947 ⁸⁸.
2708 892 2950 961 Ἐπειδὴ,
2986 891 3141 961 φησὶ,
3161 888 3419 969 τοιούτων
3452 888 3716 960 μέλλομεν

2126 987 2412 1053 ἀξιοῦσθαι
2444 985 2687 1055 ἀγαθῶν,
2728 984 3087 1053 ἀμεταθέτων
3120 983 3217 1036 καὶ
3245 980 3583 1046 ἀσαλεύτων,
3622 984 3718 1036 καὶ

2126 1081 2385 1149 τοιαύτην
2431 1078 2709 1151 βασιλείαν
2759 1074 3287 1148 παραλαμϐάνομεν,
3332 1072 3583 1127 ἐντεῦθεν
3615 1075 3714 1147 ἥδη
3774 1142 3777 1143 ν

2132 1173 2465 1245 ἀρραϐῶνας
2514 1171 2687 1241 αὐτῆς
2726 1169 3011 1239 δεχόμενοι
3058 1166 3129 1219 τὰ
3174 1165 3523 1235 πνευματικά
3561 1167 3721 1237 χαρί-

2131 1281 2334 1334 σματα,
2359 1263 2589 1332 ἔχωμεν
2616 1258 2795 1329 χάριν
2815 1274 2827 1288 ·
2854 1258 3123 1322 τουτέστι,
3159 1257 3235 1327 μὴ
3269 1254 3547 1324 ἀλγῶμεν,
3584 1255 3719 1325 μηδὲ

2132 1354 2623 1424 ἀποδυσπετῶμεν,
2666 1351 2781 1404 ἀλλ’
2808 1348 3221 1421 εὐχαριστῶμεν
3253 1347 3329 1418 τῷ
3365 1346 3591 1401 τοιαῦτα
3622 1348 3719 1401 καὶ

2132 1446 2233 1515 ἢδη
2271 1446 2438 1511 δόντι,
2476 1445 2570 1498 καὶ
2597 1443 2848 1514 μέλλοντι
2887 1440 3106 1496 δώσειν.

2188 1631 2351 1706 Δι’ἧς
2370 1634 2738 1703 λατρεύωμεν
2752 1629 3088 1700 εὐαρέστως
3106 1627 3185 1694 τῷ
3206 1625 3345 1691 Θεῷ.
3360 1627 3438 1680 Δι’
3452 1621 3549 1697 ἧς,
3568 1626 3722 1696 εὐχα-

2138 1728 2367 1799 ριστίας.
2403 1725 2528 1778 Ἐὰν
2550 1726 2658 1794 γὰρ
2686 1718 2837 1792 ὦμεν
2869 1721 3204 1791 εὐχάριστοι,
3224 1718 3345 1770 τότε
3369 1718 3726 1786 καὶλοτρεύο-

2142 1837 2240 1891 μεν
2257 1818 2587 1888 εὐαρέστως,
2613 1818 2707 1870 καὶ
2721 1800 2797 1879 ὦς
2814 1814 3012 1877 εἰδότες
3037 1816 3186 1866 ποῖον
3212 1809 3489 1879 Δεσπότην
3507 1809 3721 1880 ἔχομεν.

2151 1912 2276 1965 Ἐὰν
2313 1910 2423 1982 γάρ
2455 1910 2532 1981 μὴ
2579 1906 3009 1979 εὐχαριστοῦμεν
3047 1906 3141 1958 καὶ
3170 1902 3312 1974 ὑπὲρ
3355 1903 3594 1957 ἀνέσεων
3629 1900 3724 1954 καὶ

2143 2001 2285 2071 ὑπὲρ
2317 2001 2570 2070 θλίψεως,
2603 1999 2726 2053 οὐδὲ
2756 1997 3092 2068 λατρεύομεν
3134 1995 3466 2064 εὐαρέστως.
3493 1994 3588 2056 Τίς
3616 1996 3722 2060 γὰρ

2141 2094 2328 2157 δοῦλος
2354 2092 2640 2162 γογγύξων
2666 2093 2808 2146 κατὰ
2834 2090 2928 2144 τοῦ
2954 2090 3219 2144 δεσπότου
3255 2086 3671 2160 (γογγύζείγὰρ
3694 2088 3722 2138 ὁ

2147 2188 2222 2260 μὴ
2252 2188 2327 2249 ὡς
2376 2186 2457 2238 δεῖ
2510 2184 2685 2253 τούτῳ
2735 2178 3045 2254 δουλεύων),
3090 2180 3332 2237 δουλεύει
3378 2180 3720 2251 εὐαρέστωςς

2146 2280 2240 2332 Διὸ
2266 2277 2362 2332 καὶ
2400 2276 2562 2339 αὐτὸς
2591 2270 2745 2340 οὗτος
2795 2275 3033 2349 ἀλλαχοῦ
3063 2292 3215 2347 φησι,
3246 2274 3345 2344 Μὴ
3378 2272 3685 2344 gannitus
3707 2290 3722 2304 ο

2141 2371 2236 2425 καὶ
2282 2368 2474 2435 αὖθις,
2510 2368 2712 2423 Πάντα
2750 2369 2970 2423 ποιεῖτε
3002 2369 3180 2439 χωρὶς
3216 2368 3588 2440 γογγυσμῶν.
3620 2369 3727 2423 Καὶ

2153 2463 2484 2533 Ἰσραηλῖται
2530 2460 2588 2514 δὲ
2630 2460 2824 2514 ἔπεσον
2846 2463 2906 2515 ὲν
2936 2464 3002 2531 τῇ
3027 2463 3264 2533 ’ὲρήμῳ,
3296 2462 3372 2524 ὡς
3402 2464 3726 2532 γογγυσταί.

460 2543 553 2596 lite
587 2559 916 2597 murmurare
943 2543 990 2574 "
1020 2559 1036 2610 ;
1064 2550 1119 2596 et
1168 2544 1366 2598 iterum
1397 2564 1410 2599 :
1458 2543 1665 2616 Omnia
1720 2547 1882 2614 facite
1918 2553 2030 2607 sine
2064 2550 2576 2608 murmurationibus
2614 2550 2682 2605 ⁷⁸.
2711 2549 2970 2606 ιετεειίιω
3002 2565 3131 2607 vero
3158 2553 3214 2607 in
3265 2553 3486 2609 deserto
3519 2552 3731 2610 cecide-

460 2645 610 2698 runt,
645 2644 705 2689 ut
737 2643 1191 2690 murmuratores.

532 2727 667 2782 Cum
695 2727 985 2781 reuerentia
1014 2735 1062 2781 et
1098 2728 1374 2799 religione.
1406 2728 1520 2787 Hoc
1546 2740 1653 2797 est,
1681 2734 1815 2787 nihil
1860 2735 2040 2806 impu-

461 2816 600 2874 deus
659 2818 977 2888 loquamur,
1031 2817 1165 2871 nihil
1202 2817 1662 2888 inverecundum,
1709 2823 1803 2878 sed
1828 2825 1914 2878 vel
1946 2826 2041 2879 ha—

464 2910 613 2966 bitus
639 2920 900 2965 externus
934 2909 1321 2966 verecundiam
1351 2912 1548 2968 habeat
1589 2929 1720 2985 erga
1768 2915 2038 2982 homines,

464 3010 519 3057 ct
550 3002 870 3072 religionem
897 3016 1027 3071 erga
1061 3002 1255 3056 Deum.

2220 2733 2377 2789 Μετὰ
2431 2733 2640 2801 αἰδοῦς
2671 2732 2717 2766 ⁸⁷
2749 2735 2848 2788 καὶ
2877 2736 3213 2802 εὐλαϐείας.
3244 2736 3498 2791 Τουτέοτι
3563 2739 3728 2808 μηδὲν

2148 2826 2340 2894 ἰταμὸν
2373 2823 2767 2895 φθεγγώμεθα,
2831 2824 2998 2896 μηδὲν
3054 2826 3433 2896 ἀναίσχυντον,
3469 2827 3601 2881 ἀλλά
3633 2831 3729 2881 καὶ

2144 2920 2206 2971 τὸ
2239 2917 2343 2982 ἔξω
2384 2917 2571 2988 σχῆμα
2633 2917 2770 2970 αἰδῶ
2827 2917 2999 2988 ἐχέτω
3046 2918 3185 2989 πρὸς
3244 2917 3586 2990 ἀνθρώπους,
3630 2921 3728 2974 καὶ

2143 3007 2433 3063 εὐλάϐειαν
2466 3009 2604 3077 πρὸς
2634 3008 2789 3062 Θεόν.

535 3090 700 3146 Vens.
729 3092 822 3146 29.
856 3090 1066 3144 Etenim
1088 3090 1223 3146 Deus
1259 3101 1438 3148 noster
1453 3096 1590 3164 ignis
1612 3113 1922 3154 consumens
1948 3109 2039 3155 est.

2224 3102 2334 3157 Kal
2363 3102 2521 3172 γάρό
2544 3101 2690 3165 Θεὸς
2715 3099 2886 3171 ἡμῶν
2902 3101 3023 3169 πῦρ
3052 3103 3520 3159 καταναλίσκον.
3549 3104 3730 3159 Ἐπει-

467 3180 737 3246 Quoniam
771 3180 985 3235 Veteris
1016 3179 1356 3238 Tcstamenti
1412 3201 1499 3240 res
1537 3190 1813 3246 terribiles
1872 3191 2046 3247 fuisse

471 3270 733 3335 ostendit,
768 3268 905 3323 Novi
961 3286 1090 3324 vero
1121 3273 1255 3326 nihil
1314 3274 1627 3344 hujusmodi
1683 3280 1920 3348 habere;
1981 3300 2046 3341 ne

469 3363 687 3417 illarum
726 3364 1206 3418 mansuetudinem
1262 3366 1566 3437 despicatui
1599 3371 1859 3441 habeant,
1917 3375 1994 3430 ait
2028 3395 2041 3430 :

471 3448 601 3505 Cum
645 3452 937 3504 reverentia
968 3460 1019 3505 et
1068 3453 1317 3524 religione
1375 3460 1576 3527 gratias
1631 3478 1852 3532 agamus
1910 3464 2043 3523 Deo.

473 3543 668 3596 Anima
700 3544 846 3596 enim
882 3559 1005 3613 qua:
1039 3545 1089 3597 in
1123 3545 1511 3606 amictionihus
1541 3551 1818 3624 desperat,
1869 3558 2047 3627 pudo-

472 3649 587 3688 rem
622 3634 831 3703 abjicit.
869 3633 966 3690 Vel
992 3637 1119 3705 quia
1159 3639 1400 3697 servitus
1427 3652 1618 3698 nostra
1642 3660 1764 3700 cum
1791 3663 2048 3705 reveren-

474 3725 549 3780 tia
585 3726 925 3797 ctreligione
961 3728 1075 3782 ﬁeri
1108 3730 1268 3786 solet.
1301 3731 1438 3788 Nam
1483 3736 1625 3791 Deus
1665 3749 1853 3797 uoster
1903 3743 2046 3811 ignis

476 3825 579 3879 est,
616 3830 679 3869 ac
712 3825 927 3885 oportet
955 3819 1243 3891 religiosos
1263 3838 1387 3879 esse
1417 3840 1541 3893 nos,
1580 3843 1650 3884 ne
1694 3834 1855 3886 veluti
1911 3851 2046 3889 con-

477 3915 774 3977 temptorcs
829 3923 894 3965 ac
938 3912 1275 3982 negligentes
1334 3932 1746 3978 consumamur.
1797 3923 2048 3982 Reueren-

476 4006 549 4051 tes
583 3998 750 4061 enim,
784 3999 978 4070 inquit,
1011 4003 1169 4072 facite
1200 4006 1343 4074 ﬁlios
1409 4007 1605 4066 Israel.
1676 4012 1848 4069 Porro
1900 4017 2047 4074 istud

477 4092 908 4147 consolationem
938 4095 1020 4150 eis
1053 4098 1257 4173 prabet
1281 4138 1297 4163 ,
1340 4100 1614 4170 siquidem
1646 4104 1914 4173 ejusmodi
1949 4110 2048 4164 ha-

476 4182 705 4237 beamus
739 4183 929 4250 Demn,
968 4190 1059 4256 qui
1089 4192 1260 4257 possit
1293 4192 1641 4253 adversarios
1667 4209 1888 4258 nostros
1917 4217 2048 4259 con-

474 4288 714 4332 sumere.

970 4371 1137 4445 756
1155 4373 1382 4431 CAPUT
1411 4376 1550 4435 xm.

2153 3195 2219 3267 δὴ
2270 3194 2338 3248 τὰ
2381 3196 2480 3266 μὲν
2525 3199 2627 3269 τῆς
2675 3199 2920 3265 Παλαιᾶς
2962 3200 3168 3273 φοϐερά
3196 3201 3481 3267 ἔδειξε,τά
3528 3204 3584 3257 δὲ
3628 3204 3730 3275 τῆς

2153 3286 2360 3358 Καινῆς
2387 3288 2539 3342 οὐδὲν
2580 3290 2772 3360 ἔχοντα
2821 3292 3057 3347 τοιοῦτον
3086 3309 3102 3325 ο
3147 3293 3232 3347 ἵνα
3266 3294 3340 3365 μὴ
3385 3295 3729 3367 καταφρονή-

2155 3395 2290 3432 σωσι
2319 3380 2418 3451 τῆς
2442 3381 2776 3453 πραότητος,
2807 3385 2959 3455 φησί’
2985 3384 3147 3439 Μετὰ
3184 3386 3389 3454 αἰδοῦς
3424 3388 3519 3442 καί
3548 3391 3734 3443 εὐλα-

2154 3472 2314 3537 ϐείας
2345 3474 2800 3547 εὐχαριστῶμεν
2840 3475 2921 3542 τῷ
2974 3478 3114 3545 Θεῷ.
3161 3480 3325 3551 Ψυχὴ
3373 3482 3487 3552 γὰρ
3524 3484 3583 3535 ὲν
3609 3484 3734 3546 ταῖς

2154 3558 2399 3631 θλίψεσιν
2455 3565 2889 3635 ἀπαναισχυντεί
2935 3567 3414 3638 ἀπογινώσκουσα.
3465 3572 3538 3624 Ἦ
3580 3571 3733 3644 ὃτιή

2153 3651 2379 3726 λατρεία
2410 3654 2569 3725 ήμῶν
2627 3656 2767 3726 μετά
2814 3657 3000 3724 αἰδοῦς
3047 3661 3144 3715 καὶ
3193 3661 3485 3726 εὐλαϐείας
3516 3664 3734 3733 πέφυκε

2154 3744 2420 3812 γίνεσθαι.
2455 3746 2566 3800 Καὶ
2597 3748 2709 3818 γὰρ
2746 3750 2775 3802 δ
2819 3749 2953 3815 Θεὸς
2993 3752 3150 3823 ήμῶν
3206 3752 3318 3825 πῦρ
3360 3758 3499 3823 ἐστι,
3533 3756 3626 3810 καὶ
3653 3757 3737 3811 δεῖ

2155 3834 2410 3902 εὐλαϐεῖς
2446 3831 2587 3891 εἶναι
2639 3840 2810 3909 ἡμᾶς,
2868 3843 2957 3897 ἴνα
3003 3845 3077 3915 μὴ
3126 3848 3604 3920 καταναλωθῶμεν
3654 3849 3737 3915 ὡς

2156 3931 2570 3999 καταφρονηταὶ
2605 3932 2698 3984 καὶ
2753 3932 3056 4006 ἀδιάφοροι.
3090 3939 3386 4004 Εὐλαόεἴς
3415 3943 3544 4013 γὰρ,
3575 3942 3730 4013 φησι,

2155 4020 2449 4087 ποιήσατε
2478 4023 2619 4088 τοὺς
2652 4024 2820 4090 υἱοὺς
2869 4027 3136 4095 Ἰσραήλ.
3179 4030 3350 4085 Τοῦτο
3393 4032 3448 4086 δὲ
3503 4035 3597 4085 καὶ
3627 4050 3735 4086 πα-

2158 4111 2424 4183 ράκλησιν
2452 4114 2632 4180 αὐτοῖς
2685 4118 2864 4187 φέρει,
2898 4121 3016 4187 είγε
3051 4122 3294 4176 τοιοῦτον
3340 4125 3538 4196 ἔχομεν
3574 4125 3732 4192 Θεὸν,

2155 4202 2459 4272 δυνάμενον
2512 4206 2639 4271 τοὺς
2709 4209 3070 4275 ὑπεναντίους
3129 4214 3286 4283 ἡμῶν
3330 4215 3734 4270 καταναλῶσαι.

2745 4394 2996 4450 ΚΕΦΑΛ.
3040 4395 3137 4451 1Γ’.

550 4456 710 4511 \‘eas.
748 4458 796 4521 l,
826 4456 881 4512 Ξ.
919 4457 1170 4515 Charitas
1201 4462 1558 4531 fraternitatis
1589 4481 1822 4529 moneat.
1851 4473 2039 4544 Hospi-

2238 4482 2300 4537 'H
2317 4482 2683 4554 φιλαδελφία
2704 4488 2950 4556 μενέτω.
2983 4490 3097 4560 Τῆς
3122 4490 3475 4563 φιλοξενίας
3489 4493 3575 4565 μὴ
3604 4495 3702 4550 ἐπι
3726 4525 3741 4542 ι

475 4546 706 4600 talitatis
760 4563 823 4601 ne
855 4549 1263 4607 obliviscamini.
1322 4552 1440 4610 Non
1506 4558 1661 4624 dixit,
1720 4562 2050 4635 Comparate

478 4637 710 4692 fratrmn
751 4639 1081 4696 charitatem
1146 4652 1202 4699 et
1259 4645 1732 4718 hospitalitatem:
1772 4657 2050 4716 habebant

474 4728 620 4783 enim
654 4729 772 4794 has,
812 4738 871 4784 ut
920 4733 1137 4788 videtur
1170 4752 1188 4792 :
1226 4752 1441 4806 verum,
1483 4746 1611 4813 quia
1642 4747 1714 4802 ob
1740 4749 2049 4820 frequentes

479 4815 799 4875 alﬂictiones
828 4822 1129 4890 periculum
1162 4838 1283 4883 erat
1331 4847 1399 4887 ne
1453 4835 1598 4890 circa
1659 4838 1758 4894 has
1818 4815 2050 4897 virtutes

477 4907 888 4976 ﬂaccescerent,
925 4910 1202 4984 Charitas,
1263 4921 1464 4991 inquit,
1523 4924 1763 4993 fraterna
1816 4941 2049 4997 maneat,

479 5000 694 5054 stabilis
724 5003 1012 5069 consistat,
1044 5022 1112 5062 ne
1164 5009 1361 5067 sinatis
1389 5028 1510 5067 eam
1552 5015 1790 5087 etingere
1823 5034 1939 5075 vos.
1975 5025 2053 5077 Ac

483 5092 900 5162 hospitalitatis,
957 5097 1157 5168 inquit,
1196 5116 1261 5155 ne
1317 5103 1722 5161 obliviscamini.
1771 5108 2053 5182 Tanquam

482 5187 629 5241 enim
682 5189 900 5257 spoliati
951 5188 1142 5248 es’sent
1198 5181 1558 5255 facultatibus
1618 5201 1755 5266 suis,
1823 5181 2056 5263 [ortasse

483 5280 703 5348 parcius
753 5296 814 5338 se
862 5286 1146 5355 gerebant.
1212 5286 1305 5342 Vel
1358 5289 1410 5344 in
1485 5291 1727 5349 futurum
1779 5312 1874 5353 eos
1933 5315 2058 5353 nm-

480 5369 580 5424 nit.

553 5485 596 5515 ⁷⁸
627 5484 642 5537 l
672 5484 801 5544 Cor.
833 5504 887 5554 ιι,
923 5488 1010 5546 10.
1086 5491 1133 5523 ⁷⁸
1161 5489 1400 5565 Philipp.
1437 5512 1497 5563 ιι,
1529 5498 1614 5552 Η.

2155 4568 2551 4625 λανθάνεσθε.
2622 4575 2735 4627 Οὐκ
2798 4572 2971 4645 εἶπεν,
3024 4581 3105 4633 ὅτι
3147 4582 3435 4652 Κτήσασθε
3488 4587 3743 4655 φιλαδελ-

2157 4660 2286 4730 φίαν
2321 4663 2415 4717 καὶ
2443 4664 2750 4733 φιλοξενίαν
2774 4684 2789 4699 ⁸
2823 4670 2966 4742 εἶχον
3009 4672 3118 4745 γὰρ
3149 4673 3374 4742 ταύτας,
3413 4676 3488 4741 ὡς
3523 4678 3739 4732 ἔοικεν’

2156 4751 2272 4805 ἀλλ’
2299 4755 2487 4828 ἐπειδὴ
2530 4759 2595 4811 ἐκ
2646 4761 2754 4812 τῶν
2810 4762 3051 4832 συνεχῶν
3108 4763 3341 4835 θλίψεων
3395 4769 3744 4825 ἐκινδύνευον

2158 4843 2285 4912 περὶ
2338 4845 2544 4910 ταύτας
2594 4847 2693 4912 τὰς
2753 4850 2957 4922 ἀρετὰς
2997 4854 3490 4929 ἀπορρᾳθυμῆσαι,
3544 4861 3738 4932 φησὶν,

2154 4933 2241 4985 ὅτι
2275 4935 2511 4990 Μενέτω
2537 4940 2575 5005 ἠ
2604 4940 2990 5011 φιλαδελφία,
3018 4945 3208 5015 ἐδραέα
3236 4948 3399 5016 ἔστω,
3432 4950 3507 5022 μὴ
3532 4953 3739 5022 ἐάσητε

2106 5072 2107 5079 η
2154 5024 2321 5097 αὐτὴν
2353 5029 2657 5099 ἀποφυγεῖν
2689 5035 2854 5103 ὑμᾶς.
2891 5038 2999 5090 Καὶ
3045 5037 3157 5107 Τῆς
3181 5042 3551 5109 φιλοξενίας,
3581 5047 3739 5114 φησι,

2152 5116 2238 5185 μὴ
2268 5120 2745 5180 ἐπιλανθάνεσθε
2761 5127 2828 5182 ⁸⁸.
2847 5128 2934 5193 Ὧς
2958 5131 3066 5201 γὰρ
3085 5132 3482 5204 διηρπασμένοι
3498 5138 3563 5190 τά
3584 5137 3743 5205 ὄντα,

2160 5209 2292 5273 ἴσως
2340 5213 2672 5285 φειδομένως
2720 5218 2787 5274 ἂν
2819 5219 3101 5281 διέκειντο.
3130 5226 3201 5279 Ἦ
3225 5228 3321 5282 καὶ
3352 5229 3433 5294 είς
3457 5230 3516 5283 τὺ
3543 5230 3744 5301 μέλλον

2159 5301 2537 5371 ἀσφαλίζεται.

1824 5623 2027 5686 Varite
2058 5624 2390 5693 lectiones.

557 5747 656 5781 86,

647 5750 802 5818 χάριν
822 5768 856 5828 ,⁸
890 5755 923 5823 ἡ
950 5756 1057 5826 γάρ
1087 5758 1354 5828 βασιλεία,

487 5816 727 5890 Regnum
746 5816 1036 5889 enint,'h'oc'
1057 5816 1132 5882 est
1162 5816 1400 5898 justoriti

1402 5765 1717 5866 $091,..ESTW
1751 5774 1783 5841 ἡ
1814 5773 1922 5826 τῶν
1948 5775 2172 5831 δικαίων
2230 5782 2527 5866 ἀπόλαυσις
2563 5787 2806 5866 ἀὶάινιος
2840 5794 2934 5845 καὶ
2975 5795 3282 5866 ἀπέραντος
3334 5814 3409 5854 ιη,
3446 5797 3683 5853 Gratiam
3724 5815 3747 5855 ε

1401 5852 1432 5888 ιι
1466 5837 1718 5908 felicitas,
1754 5837 2039 5902 a'tcrnumi

2146 5866 2194 5905 te
2227 5840 2521 5921 inﬁnitum.
2561 5858 2605 5889 ⁸⁷
2636 5837 2860 5923 ὃέουςύ.
2887 5864 2931 5893 ⁸⁸
2951 5894 3019 5904 -
3044 5837 3299 5922 eiuscui:
3333 5870 3654 5935 σπουδάζετε
3677 5884 3741 5925 υ.
