4068 6210
377 344 482 405 330

1029 343 1431 405 EXI‘OSITIO
1470 345 1549 404 IN
1592 344 1832 407 EPIST.
1867 348 1967 407 AD
1990 348 2383 411 HEBR/EOS.
2422 372 2484 387 ’-
2525 351 2683 413 CAP.
2716 354 2890 416 XIII.

3525 355 3631 420 390

444 452 549 506 Διὰ
579 453 799 520 ταύτης
828 454 937 525 γὰρ
975 453 1198 509 ἔλαθόν
1246 471 1409 518 τινες
1464 455 1817 522 ξενίσαντες
1841 457 1947 526 ἀγ-

2123 459 2231 515 Per
2259 461 2394 515 hanc
2423 464 2505 516 ett?
2509 479 2560 514 ιιι
2593 463 2859 517 latuerunt
2890 463 3106 536 quidam
3133 464 3331 536 angelis
3406 467 3633 537 hospitio

368 548 613 615 γέλους,
652 547 809 601 Οὕτω
858 550 1002 619 μέγα
1049 550 1082 619 ἡ
1141 549 1439 618 φιλοξενία,
1496 550 1591 602 καὶ
1650 550 1711 602 τὸ
1743 550 1957 613 πάντας

367 635 561 698 ἁπλῶς
600 637 984 707 ὑποδέχεσθαι,
1032 641 1127 691 καὶ
1187 640 1262 708 μὴ
1329 639 1675 711 φυλοκρινεῖν
1695 641 1761 705 ⁸⁸,
1816 639 1958 693 ὥστε

368 728 467 779 καὶ
497 726 575 796 τῷ
610 727 862 798 Ἀϐρααμ
888 731 985 782 καὶ
1017 729 1094 800 τῷ
1123 730 1246 783 Λὼτ
1281 732 1556 802 πρόφασις
1580 731 1796 800 ἐγένετο
1818 731 1955 800 αὕτη

371 819 511 887 πρὸς
534 818 595 870 τὸ
620 817 980 883 ὑποδέξασθαι
1012 821 1297 890 ἀγγέλους.
1327 822 1401 875 Τὸ
1422 824 1499 885 δὲ,
1528 824 1810 888 Ἐλαθον,
1835 823 1956 875 ἀντὶ

368 907 489 969 τοῦ,
533 907 809 976 ἠγνόησαν
837 908 920 962 ὅτι
951 908 1176 977 ἄγγελοι
1213 906 1355 981 ἦσαν
1377 912 1427 963 οἱ
1474 911 1829 981 ξενιζόμενοι,
1863 913 1956 963 καὶ

366 997 522 1065 ὅμως
553 998 846 1066 φιλοτίμως
900 1001 1099 1062 αὐτοὺς
1150 1001 1431 1067 ἐξένισαν·
1468 1002 1497 1054 ὃ
1532 1002 1626 1055 καὶ
1681 1001 1954 1071 μεγάλους

368 1090 569 1153 αὐτοὺς
603 1094 749 1144 ποιεῖ
772 1130 787 1155 ,
824 1092 897 1156 ὡς
932 1094 1046 1161 είγε
1078 1093 1319 1164 ᾔδεισαν,
1355 1093 1506 1146 οὐδὲν
1538 1095 1683 1163 μέγα
1709 1094 1949 1147 ἐποίουν.

441 1373 869 1443 Μιμνήσκεσθε
906 1374 1026 1430 τῶν
1066 1375 1351 1446 δεσμίων,
1390 1375 1472 1441 ὡς
1502 1375 1948 1445 συνδεδεμένοι.

373 1469 440 1519 ὐ
471 1470 579 1538 γὰρ
619 1467 1001 1539 συνδεδεμένος
1062 1470 1191 1537 τινὶ,
1228 1469 1333 1523 κᾶν
1386 1470 1517 1542 θέλῃ
1563 1468 1944 1533 ἐπιλαθέσθαι,

363 1561 427 1610 οὒ
455 1559 703 1612 δύναται.

445 1648 572 1704 Τῶν
606 1650 1142 1719 κακουχουμένων,
1184 1653 1263 1716 ὡς
1308 1651 1405 1707 καὶ
1453 1651 1620 1707 αὐτοὶ
1671 1651 1843 1719 ὄντες
1879 1655 1951 1708 ἐν

362 1740 618 1810 σώματι.
651 1743 773 1795 Τῶν
829 1747 1292 1815 κακουχουμένων
1320 1746 1353 1816 ἢ
1385 1747 1442 1798 ὲν
1472 1745 1764 1813 φυλακαῖς,
1811 1745 1843 1816 ἢ
1889 1749 1948 1800 ἐν

361 1831 532 1902 λιμῷ,
569 1833 602 1903 ἢ
649 1834 785 1905 ἄλλῃ
817 1812 1253 1907 θλίψειίὈ-γὰρ
1302 1812 1669 1907 λογιζόμενος,
1714 1838 1796 1890 ὅτι
1832 1812 1947 1890 ⁷καὶ
1980 1812 2019 1866 Β

362 1924 532 1988 αὐτὸς
560 1927 889 1995 ὁμοιοπαθὲς
946 1928 1254 2000 περίκειται
1306 1928 1486 1997 σῶμα,
1536 1929 1945 1999 ἀντιποιήσεται

360 2016 596 2081 τούτων,
634 2019 724 2073 διά
752 2037 812 2074 τε
857 2020 954 2087 τὴν
989 2021 1357 2090 συμπάθειαν,
1388 2023 1483 2075 καὶ
1506 2022 1593 2076 διὰ
1621 2023 1681 2075 τὸ
1707 2020 1948 2091 φοὸηοῆο

362 2125 477 2169 ναι,
508 2110 583 2179 μὴ
619 2116 714 2165 καὶ
747 2111 913 2176 αὐτὸς
966 2115 1081 2175 τοῖς
1117 2114 1327 2183 ὁμοίοις
1368 2117 1689 2183 περιπεσεῖν
1734 2131 1948 2183 συγχω-

368 2199 508 2270 ρηθῇ
542 2201 627 2255 διὰ
658 2202 719 2256 τὸ
748 2203 1192 2276 ἀφιλάνθρωπον.

443 2292 637 2360 Τίμιος
669 2297 703 2348 ό
735 2294 921 2365 γάμος
944 2295 1014 2349 ἐν
1041 2276 1219 2359 πᾶσι,
1243 2294 1339 2348 καὶ
1366 2294 1404 2361 ἡ
1439 2294 1605 2361 κοίτη
1639 2295 1945 2363 ἀμβαντος.

366 2380 516 2452 Ὅρα
545 2384 711 2448 πόσος
742 2386 870 2456 περὶ
904 2384 1257 2457 σωφροσύνης
1290 2384 1441 2454 αὐτῷ
1486 2384 1666 2452 λόγος.
1705 2385 1946 2453 Καὶ.γὰρ

364 2476 462 2526 καὶ
514 2475 774 2546 ἀνωτέρω
819 2478 1093 2546 ἁγιασμοῦ
1155 2473 1533 2547 μνημονεύων,
1590 2475 1719 2546 περὶ
1745 2475 1949 2546 ταύτης

364 2565 545 2634 ἔλεγε,
579 2569 676 2621 καὶ
705 2568 866 2622 πάλιν
914 2570 1051 2639 μετὰ
1100 2567 1275 2622 ταῦτα
1300 2570 1419 2637 ἐρεῖ
1447 2567 1576 2637 περὶ
1609 2567 1823 2637 πόρνων
1853 2569 1950 2621 καὶ

366 2659 596 2728 μοιχῶν.
648 2660 752 2713 Ἕν
781 2659 972 2715 πᾶσιν
1009 2659 1124 2726 οὖν,
1175 2660 1250 2731 μὴ
1302 2660 1361 2712 ὲν
1418 2660 1534 2721 τοῖς
1581 2658 1949 2728 προδεδηκόσι

369 2751 492 2820 μὲν,
523 2751 584 2804 ὲν
623 2751 680 2804 δὲ
709 2754 822 2816 τοῖς
855 2752 998 2816 νέοις
1028 2750 1089 2806 οὔ
1124 2766 1139 2781 ⁸
1171 2749 1286 2804 ἀλλ’
1334 2752 1393 2804 ὲν
1446 2750 1635 2803 πᾶσιν.
1669 2750 1736 2801 ’Ἡ
1768 2750 1865 2802 καὶ
1891 2750 1950 2803 ὲν

365 2841 506 2893 πᾶσι
534 2840 777 2909 τρόποις,
810 2842 906 2896 καὶ
938 2843 998 2895 ἐν
1029 2842 1166 2895 πᾶσι
1219 2841 1452 2911 καιροῖς.
1515 2840 1607 2910 Μὴ
1666 2840 1725 2891 ἐν
1774 2839 1951 2908 θλίψει

370 2931 489 3001 μὲν,
524 2934 583 2984 ὲν
633 2933 818 2987 ἀνέσει
861 2933 917 2987 δὲ
962 2931 1025 2989 οὗ
1053 2949 1068 2964 ·
1106 2933 1182 3004 μὴ
1217 2932 1274 2985 ὲν
1305 2930 1483 3002 τούτῳ
1536 2930 1637 2999 μὲν
1689 2928 1766 3000 τῷ
1792 2931 1950 3000 μέρει

365 3022 572 3093 τίμιος,
617 3025 676 3078 ὲν
710 3023 858 3095 ἄλλῳ
912 3023 972 3078 δὲ
1018 3021 1117 3077 σθ’
1149 3023 1269 3078 ἀλλ’
1304 3021 1427 3087 ὅλος
1474 3022 1543 3076 δι’
1590 3020 1713 3075 ὅλου
1769 3022 1950 3091 τίμιος

2059 553 2301 620 receptis.
2349 553 2500 623 Adeo
2549 556 2810 623 prteclara
2872 571 2961 612 res
3006 563 3091 613 est
3151 555 3515 627 hospitalitas,
3567 574 3633 615 ac

2060 645 2285 712 quosvis
2320 646 2647 712 simpliciter
2670 649 2974 719 suscipere,
3018 664 3120 704 nec
3170 650 3391 705 curiose
3429 650 3496 705 de
3524 668 3631 720 qua

2058 735 2333 805 quispiam
2368 737 2568 791 familia
2594 740 2664 792 sit
2686 742 2999 809 explorare,
3046 748 3106 795 ut
3135 748 3190 796 et
3221 741 3535 796 Abrahamo
3575 754 3632 797 et

2057 826 2159 882 Lot
2184 843 2247 881 ea
2277 828 2376 881 fuit
2404 832 2625 884 occasio
2670 841 2729 884 ιιι
2759 834 2982 901 angelos
3007 833 3325 901 exceperint
3368 834 3627 903 hospitio.

2055 913 2349 970 Latuerunt
2372 924 2581 982 autem,
2613 930 2695 971 est
2730 935 2846 989 pro,
2879 918 3241 974 Nesciverunt
3270 935 3366 975 eos
3406 924 3629 990 angelos

2054 1022 2196 1072 esse,
2247 1023 2386 1076 quos
2445 1008 2680 1077 hospitio
2743 1019 3081 1079 receperant,
3142 1020 3379 1066 attamen
3435 1027 3629 1067 amau-

2054 1110 2136 1153 ter
2194 1108 2251 1154 et
2308 1100 2610 1155 honorifice
2666 1115 2762 1155 cos
2815 1109 3143 1155 tractarunt.
3200 1100 3330 1167 Quae
3377 1116 3466 1155 res
3515 1117 3630 1155 ma-

2052 1205 2189 1261 gnos
2212 1205 2307 1245 cos
2336 1190 2489 1245 facit.
2519 1189 2652 1245 Nam
2686 1191 2730 1247 si
2760 1191 3074 1256 scivissem,
3100 1191 3235 1247 nihil
3267 1192 3445 1263 magni
3471 1192 3630 1247 fecis-

2050 1288 2192 1335 sent.

2122 1374 2291 1429 Vnus.
2350 1374 2403 1427 5.
2452 1373 2768 1430 Mementote
2794 1376 3111 1439 cinctorum,
3170 1382 3421 1445 tanquam
3467 1371 3627 1426 simul

2051 1466 2231 1520 vincti.
2270 1466 2372 1533 Qui
2398 1469 2543 1521 enim
2579 1469 2741 1523 alicui
2769 1470 3024 1541 alligatus
3055 1476 3160 1536 est,
3207 1467 3418 1523 etiamsi
3481 1468 3625 1520 obli-

2050 1557 2183 1610 visci
2219 1558 2364 1621 velit,
2400 1557 2542 1611 ltaud
2576 1568 2772 1627 potest.

2121 1649 2471 1720 Aﬂlictorum,
2498 1659 2746 1719 tauquam
2778 1657 2830 1703 et
2854 1650 2959 1717 ipsi
2989 1649 3040 1702 in
3070 1664 3288 1717 corpore
3331 1657 3620 1704 morantes.

2059 1740 2428 1806 Aﬁlictorum,
2461 1742 2544 1794 vel
2571 1755 2813 1803 carcere,
2837 1740 2921 1794 vel
2945 1741 3107 1801 fame,
3131 1740 3215 1793 vel
3242 1739 3346 1792 alia
3369 1742 3620 1808 quapiam

2049 1833 2387 1887 calamitate.
2424 1831 2528 1897 Qui
2556 1832 2699 1886 enim
2734 1845 2923 1886 secum
2967 1837 3205 1900 reputat,
3250 1843 3310 1885 se
3363 1830 3619 1884 vestitum

2049 1936 2172 1976 esse
2200 1937 2429 1990 corpore
2471 1922 2666 1977 iisdem
2724 1921 3114 1977 amictionibus
3178 1920 3440 1984 obnoxio,
3497 1919 3622 1973 illos

2048 2012 2331 2078 defendet,
2365 2021 2479 2067 tum
2504 2012 2653 2083 quod
2680 2014 3059 2079 condolescat,
3088 2021 3201 2068 tum
3226 2012 3369 2081 quod
3394 2020 3621 2073 metuat,

2049 2120 2118 2159 ne
2142 2114 2194 2157 ct
2223 2105 2337 2175 ipse
2369 2105 2421 2159 in
2462 2105 2661 2160 similia
2685 2105 2826 2160 mala
2862 2104 3108 2162 incidere
3129 2103 3472 2174 permittatur
3496 2116 3626 2172 pro-

2049 2204 2171 2265 pter
2206 2196 2667 2250 inhumauilatcm
2696 2210 2876 2250 suam.

2120 2285 2288 2341 Vnus.
2342 2285 2397 2340 4.
2433 2285 2763 2341 Honorabilc
2809 2284 3132 2345 connubium
3169 2284 3226 2338 in
3257 2283 3519 2348 omnibus,
3572 2291 3622 2336 et

2051 2375 2236 2432 thorus
2294 2376 2695 2431 inmaculatus.
2748 2375 3005 2446 Expende
3041 2383 3246 2445 quanta
3293 2373 3365 2428 sit
3393 2374 3441 2428 ei
3484 2376 3623 2425 ratio

2050 2468 2423 2536 temperantiae
2445 2474 2499 2520 et
2539 2465 2910 2519 continentiae.
2946 2464 3082 2519 Nam
3113 2479 3276 2535 supra
3330 2464 3624 2518 sanctimo-

2050 2558 2155 2614 nia:
2178 2558 2512 2613 mentionem
2550 2555 2782 2621 faciens,
2815 2556 2881 2612 de
2911 2556 3013 2610 hac
3043 2554 3281 2620 dicebat,
3321 2569 3388 2608 ac
3430 2567 3623 2606 rursus

2050 2650 2324 2719 posthaec
2367 2648 2437 2705 de
2474 2647 2909 2703 fornicatoribus
2941 2656 2995 2701 et
3045 2645 3270 2701 numellis
3326 2645 3490 2699 dicet.
3556 2642 3624 2697 1η

2049 2741 2291 2797 omnibus
2318 2741 2518 2813 igitur:
2550 2756 2656 2795 non
2688 2741 2742 2796 in
2771 2740 2906 2796 solis
2941 2737 3298 2809 provectioris
3319 2735 3495 2791 aetatis
3524 2736 3624 2789 Ιιο-

2048 2833 2312 2897 minibus,
2345 2833 2400 2887 in
2432 2832 2731 2903 juvenibus
2763 2844 2945 2887 autem
2989 2847 3099 2886 non
3151 2831 3303 2893 item,
3342 2842 3530 2883 verum
3565 2827 3620 2879 in

2051 2925 2326 2979 omnibus.
2364 2923 2459 2980 Vel
2494 2925 2750 2980 omnibus
2783 2923 2962 2978 modis
3009 2937 3075 2977 ac
3131 2921 3282 2974 omni
3333 2929 3620 2988 tempore:

2051 3031 2162 3072 non
2188 3018 2244 3071 in
2270 3015 2565 3073 afﬂictione
2594 3017 2838 3087 quidem,
2887 3016 2942 3070 in
2998 3012 3399 3082 tranquillitate
3434 3017 3620 3063 autem

363 3112 532 3168 ιστω.
570 3113 832 3168 Ἐνταῦθα
868 3114 927 3170 δὲ
977 3113 1333 3186 ὶντρέπονται
1370 3113 1421 3168 oi
1480 3110 1573 3166 τὸν
1624 3112 1801 3181 γάμον
1832 3111 1947 3164 διαο

2053 3124 2162 3164 non
2206 3108 2335 3163 item
2365 3126 2379 3163 :
2421 3124 2530 3163 non
2563 3109 2615 3162 in
2653 3109 2755 3162 hac
2785 3106 3004 3177 quidem
3040 3113 3194 3174 parte
3239 3103 3539 3172 pretiosum
3569 3107 3626 3153 ct

365 3205 657 3268 ϐάλλοντες
692 3205 983 3277 αἱρετικοί.
1027 3203 1157 3261 Ἰδοὺ
1208 3204 1319 3277 γὰρ
1359 3204 1541 3275 τίμιος
1588 3202 1941 3273 ὀνομάζεται,

364 3298 449 3352 ὅτι
482 3300 541 3351 ἐν
576 3299 903 3371 σωφροσύνῃ
936 3301 1115 3370 τηρεῖ.

2052 3201 2405 3265 honoratum,
2445 3198 2501 3253 in
2544 3198 2635 3252 illa
2665 3212 2794 3253 vero
2831 3210 3032 3259 secus;
3060 3193 3155 3248 sed
3187 3202 3357 3247 totum
3395 3204 3488 3259 per
3506 3203 3625 3243 om-

2054 3293 2146 3345 nia
2211 3291 2512 3362 pretiosum
2578 3291 2672 3345 sit.
2732 3289 2832 3344 Hic
2879 3285 3162 3357 pudebunt
3211 3282 3475 3346 hatretici,
3529 3280 3622 3351 qui

366 3390 780 3445 matrimonium
829 3389 1255 3446 calumniantur.
1309 3387 1449 3442 Ecce
1499 3385 1646 3442 enim
1701 3381 2022 3439 honorabile
2048 3381 2273 3448 dicitur,
2300 3398 2366 3437 eo
2393 3379 2540 3451 quod
2607 3381 2664 3435 in
2731 3378 3096 3450 temperantia
3155 3373 3435 3428 hominem
3490 3384 3625 3427 cou-

365 3495 569 3541 servet.

435 3582 710 3647 Πόρνους
746 3576 816 3631 δὲ
851 3575 952 3631 καὶ
997 3570 1256 3644 μοιχοὺς
1313 3568 1509 3640 κρινεῖ
1539 3571 1571 3624 ὀ
1605 3569 1772 3635 Θεός.
1824 3566 1936 3621 Καὶ

365 3671 606 3727 ἐνταῦθα
658 3672 794 3740 μετὰ
839 3666 1135 3738 ἐπιτιμίων
1168 3662 1601 3737 ὴάπαγόρευσις
1659 3661 1756 3731 τῆς
1807 3675 1941 3728 nop-

365 3764 537 3826 νιίας.
574 3761 778 3832 Κρινεῖ
801 3760 915 3830 γὰρ
965 3761 1000 3813 ὁ
1055 3757 1223 3822 Θεὸς,
1255 3755 1375 3808 ἀντὶ
1424 3752 1544 3819 τοῦ,
1592 3750 1939 3820 κατακρινεῖ.

367 3856 477 3909 Καὶ
510 3854 763 3914 εἰκότως.
800 3850 870 3905 Εἰ
921 3848 1031 3921 γὰρ
1082 3849 1112 3901 ὁ
1162 3846 1341 3915 γάμος
1388 3840 1828 3913 συγκεχώρηται,
1864 3838 1944 3891 δι-

366 3946 535 4008 καίως
559 3947 586 3998 ό
612 3943 810 4015 πόρνος
834 3941 927 3994 καὶ
952 3941 980 3993 ό
1006 3936 1191 4011 μοιχὸς
1213 3935 1550 4000 κολάζονται.

447 4128 878 4200 Ἀφιλάργυρος
923 4127 956 4179 ό
989 4122 1225 4192 τρόπος.
1270 4119 1383 4173 Οὐκ
1430 4112 1586 4179 εἷπε,
1617 4114 1801 4184 Μηδὲν
1853 4112 1947 4167 κέ-

364 4223 572 4292 κτησθε
596 4222 665 4283 ⁸ο,
697 4218 832 4272 ἀλλὰ
855 4259 870 4281 ,
900 4214 1016 4271 Κᾶν
1051 4214 1230 4285 ἔχητε,
1260 4211 1336 4281 μὴ
1385 4204 1485 4281 ἦτε
1539 4204 1944 4276 δεδουλωμένοι,

365 4312 485 4365 ἀλλ’
510 4307 834 4380 ἐλευθερίως
871 4305 1044 4360 ταῦτα
1093 4304 1266 4375 ἔχετε,
1296 4301 1439 4355 ὥστε
1468 4297 1570 4352 κᾶν
1601 4313 1731 4350 ποτε
1777 4295 1947 4348 ἐκπέ-

2120 3564 2493 3620 Fornicatores
2536 3570 2712 3616 autem
2770 3567 2819 3614 et
2854 3557 3077 3613 mtrcltos
3127 3554 3395 3627 judicabit
3460 3554 3621 3608 Deus.

2046 3657 2146 3713 llic
2177 3658 2338 3712 etiam
2372 3671 2494 3711 cum
2526 3653 2783 3723 adjuncta
2838 3652 3034 3713 multa,
3088 3647 3484 3703 fornicationis
3535 3657 3622 3701 cst

2049 3748 2365 3819 prohibitio.
2401 3744 2675 3799 Judicabit
2699 3744 2847 3798 enim
2888 3743 3050 3807 Deus,
3092 3741 3194 3795 hoc
3221 3750 3326 3806 est,
3357 3740 3625 3795 condent-

2052 3837 2225 3893 nabit.
2254 3835 2365 3892 Nec
2396 3834 2671 3889 immerito
2703 3848 2717 3886 :
2744 3833 2791 3886 si
2818 3830 2965 3885 enim
3017 3830 3425 3886 matrimonium
3459 3827 3621 3899 757

2052 3935 2135 3983 est
2165 3925 2518 3998 permissum,
2555 3921 2856 3978 fornicator
2886 3928 2941 3976 et
2971 3919 3221 3976 moechus
3280 3919 3474 3973 merito
3527 3932 3620 3986 pu-

2051 4017 2301 4072 uiuntur.

2126 4109 2293 4165 Vens.
2328 4109 2382 4163 5.
2434 4105 2555 4161 Sint
2611 4119 2780 4157 mores
2828 4101 2941 4156 sine
2989 4099 3240 4156 avaritia.
3289 4095 3407 4151 Non
3457 4095 3620 4163 dixit,

2051 4201 2197 4257 Nihil
2241 4197 2602 4270 possidentis;
2641 4192 2762 4260 sed,
2803 4190 2858 4247 Si
2898 4189 3198 4245 habueritis
3225 4187 3525 4253 facultates,
3554 4203 3621 4241 ne

2053 4291 2374 4362 redigatnini
2429 4290 2484 4343 in
2534 4301 2724 4341 earum
2782 4279 3244 4344 servitutem,scd
3299 4279 3469 4333 libere
3526 4294 3621 4333 eas

371 4424 503 4479 οητε
534 4407 761 4469 τούτων,
806 4403 880 4473 μὴ
911 4400 1319 4471 δυσχεραίνειν·
1360 4397 1497 4467 ὅπερ
1548 4395 1643 4448 καὶ
1694 4390 1948 4462 ἀνωτέρω

2056 4385 2271 4446 habete,
2312 4392 2372 4436 ut
2401 4381 2445 4436 si
2495 4377 2715 4449 quando
2748 4374 3029 4444 contingat
3082 4387 3180 4427 vos
3222 4386 3319 4427 eas
3346 4369 3621 4432 amittere,

367 4498 543 4562 εἶπεν,
575 4498 655 4549 ὅτι
712 4493 830 4562 Τὴν
859 4490 1140 4561 ἁρπαγὴν
1184 4487 1304 4543 τῶν
1338 4485 1732 4555 ὑπαρχόντων
1776 4480 1947 4552 ὑμῶν

362 4588 515 4658 μετὰ
544 4586 734 4657 χαρᾶς
781 4582 1255 4655 προσεδέξασθε.
1288 4580 1398 4634 Καὶ
1439 4578 1614 4640 ἄλλως
1657 4576 1737 4638 δὲ,
1760 4573 1946 4644 ἐπειδὴ

370 4680 558 4734 πολλοὶ
591 4679 731 4749 μετὰ
765 4679 827 4730 τὸ
856 4675 1095 4730 κενῶσαι
1130 4673 1199 4726 τὰ
1229 4672 1566 4742 ὑπάρχοντα,
1619 4665 1950 4730 σπουδάζου-

374 4790 458 4826 σιν
512 4770 858 4826 ἀνακτᾶσθαι
904 4768 1093 4828 πάλιν,
1143 4765 1416 4834 προφάσει
1469 4761 1563 4815 τοῦ
1593 4761 1707 4812 δεῖν
1755 4759 1946 4821 ἐλεεῖν,

372 4864 558 4932 φησιν·
604 4860 1038 4931 Ἀφιλάργυρος
1061 4860 1094 4912 ὀ
1117 4856 1355 4927 τρόπος.
1381 4854 1470 4905 Διὸ
1490 4853 1585 4906 καὶ
1619 4850 1838 4919 ἐπάγειο

455 5046 829 5116 Ἆρκούμενοι
886 5040 1012 5107 τοῖς
1076 5036 1398 5106 παροῦσιν.
1451 5035 1705 5086 Δείκνυσι
1736 5032 1852 5096 πῶς
1884 5030 1952 5086 ἂν

369 5138 736 5208 ἀφιλάργυροι
767 5136 978 5205 εἴημεν.
1022 5131 1149 5184 Ἐὰν
1182 5124 1501 5199 ἀρκούμεθα
1524 5126 1636 5188 τοῖς
1662 5123 1949 5195 παροῦσιν,

370 5232 469 5284 ἐὰν
509 5228 676 5300 μηδὲν
704 5226 866 5280 πλέον
891 5222 1147 5295 ζητῶμεν
1177 5221 1278 5289 τῆς
1298 5218 1488 5290 χρείας
1516 5216 1615 5270 καὶ
1650 5218 1759 5270 τῶν
1785 5217 1953 5283 ἀναγ-

369 5316 570 5370 καίων.
619 5313 679 5368 ’0
711 5312 822 5383 γὰρ
850 5312 1012 5367 πλέον
1063 5305 1139 5367 ὧν
1173 5308 1312 5379 ἔχει,
1344 5305 1544 5378 ζητῶν,
1575 5305 1840 5376 πρόδηλον
1873 5305 1949 5368 ὡς

369 5408 726 5479 φιλάργυρος.

441 5500 639 5564 Αὐτὸς
676 5498 784 5569 γὰρ
812 5498 1054 5566 εῑρηκεν
1089 5511 1107 5529 ο
1145 5497 1228 5551 οὐ
1273 5494 1359 5564 μή
1393 5508 1467 5549 σε
1501 5492 1645 5559 ἀνῶ,
1681 5491 1823 5546 οὐδὲ
1871 5493 1944 5546 οὐ

2055 4494 2167 4534 non
2211 4491 2357 4546 aegro
2414 4475 2600 4528 animo
2659 4469 2883 4525 feratis:
2936 4465 3083 4536 quod
3120 4472 3175 4520 et
3226 4477 3392 4533 Supra
3454 4460 3620 4515 dixit:

2054 4571 2321 4641 Rapinam
2347 4567 2737 4638 possessionum
2785 4570 3082 4616 uestrarum
3109 4572 3226 4610 cum
3257 4553 3447 4608 lwtitia
3474 4566 3626 4606 exce-

2053 4663 2230 4732 pistis.
2264 4659 2470 4716 Deinde
2495 4658 2624 4728 quia
2653 4654 2800 4709 haud
2834 4651 2997 4724 pauci
3031 4657 3325 4719 postquam
3369 4659 3457 4698 res
3495 4656 3626 4698 suas

2002 4740 2021 4751 ’
2056 4752 2364 4815 amiserint,
2431 4764 2525 4803 eas
2585 4758 2914 4814 recuperare
2972 4740 3303 4803 moliuntur,
3359 4741 3624 4805 praetequ

2056 4844 2420 4913 eleemosynat
2441 4840 2503 4894 in
2529 4839 2668 4892 alios
2692 4833 3057 4898 conferendae,
3091 4830 3260 4885 dicit:
3307 4825 3424 4882 Sint
3455 4840 3625 4879 mores

2058 4939 2168 4991 sine
2199 4934 2455 4989 avaritia.
2486 4930 2782 4999 PrOpterea
2813 4926 2981 4982 etiam
3021 4923 3224 4978 infert:

2130 5027 2379 5084 Contenti
2433 5023 2803 5095 praesentibus.
2862 5016 3114 5075 Ostendit
3166 5013 3621 5087 quemadmodum

2052 5123 2122 5177 ab
2156 5119 2385 5174 avaritia
2414 5115 2579 5170 alieni
2631 5128 2754 5170 esse
2788 5113 3067 5183 possimus
3089 5151 3105 5175 ,
3154 5122 3373 5179 nempe,
3415 5106 3463 5161 si
3492 5119 3624 5158 con-

2054 5210 2189 5267 tenti
2219 5210 2395 5265 simus
2426 5205 2815 5277 pratsentibus,
2874 5202 2919 5257 si
2966 5200 3100 5255 nilul
3136 5207 3335 5269 praeter
3378 5209 3533 5249 usum
3566 5198 3623 5244 et

2058 5304 2441 5360 necessitatem
2504 5299 2870 5370 inquiramus.
2929 5294 3034 5362 Qui
3074 5294 3223 5349 enim
3272 5289 3425 5357 plura
3450 5297 3613 5355 quam

2060 5397 2222 5451 habet
2258 5393 2474 5465 quaerit,
2520 5393 2741 5463 planmn
2783 5398 2866 5445 est
2904 5403 3028 5442 eum
3070 5396 3296 5438 avarum
3335 5391 3478 5433 esse.

2132 5488 2254 5557 Ipse
2282 5488 2422 5542 enim
2453 5484 2630 5540 dixit:
2668 5481 2791 5537 Non
2820 5491 2868 5535 te
2900 5478 3156 5539 deseram,
3197 5485 3358 5541 neque
3396 5476 3444 5523 te
3470 5465 3623 5522 dere-

1709 5667 1907 5730 Varite
1945 5666 2271 5728 lectiones.

445 5778 494 5812 ⁸⁸
528 5776 858 5849 φιλοκρινείν
884 5793 938 5832 o.
1016 5775 1064 5808 ”
1098 5774 1312 5845 ἔχοντες
1353 5788 1406 5828 0-
