  <div class='ocr_page' id='page_1' title='image "/cluster/home/n/w/nwhite01/storage/ocr_20150623/125/hvd.32044073502429/215.png"; bbox 0 0 4068 6210; ppageno 0'>
   <div class='ocr_carea' id='block_1_1' title="bbox 438 365 538 432">
    <p class='ocr_par' dir='ltr' id='par_1_1' title="bbox 438 365 538 432">
     <span class='ocr_line' id='line_1_1' title="bbox 438 365 538 432; baseline -0.04 0"><span class='ocrx_word' id='word_1_1' title='bbox 438 365 538 432; x_wconf 87' lang='lat'><strong>391</strong></span> 
     </span>
    </p>
   </div>
   <div class='ocr_carea' id='block_1_2' title="bbox 1356 321 2781 406">
    <p class='ocr_par' dir='ltr' id='par_1_2' title="bbox 1356 321 2781 406">
     <span class='ocr_line' id='line_1_2' title="bbox 1356 321 2781 406; baseline -0.019 0"><span class='ocrx_word' id='word_1_2' title='bbox 1356 332 1943 406; x_wconf 80' lang='lat' dir='ltr'><strong>THEOPHYLACTI</strong></span> <span class='ocrx_word' id='word_1_3' title='bbox 1975 325 2391 390; x_wconf 78' lang='lat' dir='ltr'><strong>BULGARl/E</strong></span> <span class='ocrx_word' id='word_1_4' title='bbox 2426 321 2781 383; x_wconf 78' lang='lat' dir='ltr'><strong>ARCHIEP.</strong></span> 
     </span>
    </p>
   </div>
   <div class='ocr_carea' id='block_1_3' title="bbox 3590 315 3698 380">
    <p class='ocr_par' dir='ltr' id='par_1_3' title="bbox 3590 315 3698 380">
     <span class='ocr_line' id='line_1_3' title="bbox 3590 315 3698 380; baseline -0.037 1"><span class='ocrx_word' id='word_1_5' title='bbox 3590 315 3698 380; x_wconf 74' lang='lat'><strong>392</strong></span> 
     </span>
    </p>
   </div>
   <div class='ocr_carea' id='block_1_4' title="bbox 439 428 2033 552">
    <p class='ocr_par' dir='ltr' id='par_1_4' title="bbox 439 448 2023 552">
     <span class='ocr_line' id='line_1_4' title="bbox 439 448 2023 552; baseline -0.025 -15"><span class='ocrx_word' id='word_1_6' title='bbox 439 485 684 552; x_wconf 84' lang='lat' dir='ltr'><strong>linquam</strong></span> <span class='ocrx_word' id='word_1_7' title='bbox 716 477 788 530; x_wconf 79' lang='grc'><strong>⁷⁸.</strong></span> <span class='ocrx_word' id='word_1_8' title='bbox 816 472 956 540; x_wconf 84' lang='lat' dir='ltr'><strong>Quia</strong></span> <span class='ocrx_word' id='word_1_9' title='bbox 992 464 1291 523; x_wconf 79' lang='lat' dir='ltr'><strong>verisimile</strong></span> <span class='ocrx_word' id='word_1_10' title='bbox 1347 469 1466 516; x_wconf 84' lang='lat' dir='ltr'><strong>erat</strong></span> <span class='ocrx_word' id='word_1_11' title='bbox 1499 452 1795 512; x_wconf 85' lang='lat' dir='ltr'><strong>nonnullos</strong></span> <span class='ocrx_word' id='word_1_12' title='bbox 1840 448 2023 503; x_wconf 89' lang='lat' dir='ltr'><strong>dictu-</strong></span> 
     </span>
    </p>
   </div>
   <div class='ocr_carea' id='block_1_5' title="bbox 2140 428 3698 552">
    <p class='ocr_par' dir='ltr' id='par_1_5' title="bbox 2140 428 3698 552">
     <span class='ocr_line' id='line_1_5' title="bbox 2140 428 3698 509; baseline -0.006 -16"><span class='ocrx_word' id='word_1_13' title='bbox 2140 440 2204 506; x_wconf 67' lang='lat' dir='ltr'><strong>m}</strong></span> <span class='ocrx_word' id='word_1_14' title='bbox 2238 456 2309 494; x_wconf 83' lang='grc' dir='ltr'><strong>σε</strong></span> <span class='ocrx_word' id='word_1_15' title='bbox 2334 438 2739 509; x_wconf 68' lang='grc' dir='ltr'>ἐγκαταλίπω.</span> <span class='ocrx_word' id='word_1_16' title='bbox 2786 434 3006 505; x_wconf 78' lang='grc' dir='ltr'><strong>Ἐπειδὴ</strong></span> <span class='ocrx_word' id='word_1_17' title='bbox 3041 433 3185 498; x_wconf 76' lang='grc' dir='ltr'>εἰκὸς</span> <span class='ocrx_word' id='word_1_18' title='bbox 3211 428 3278 505; x_wconf 77' lang='grc' dir='ltr'>ἦν</span> <span class='ocrx_word' id='word_1_19' title='bbox 3309 447 3458 496; x_wconf 83' lang='grc' dir='ltr'>τινας</span> <span class='ocrx_word' id='word_1_20' title='bbox 3490 431 3666 484; x_wconf 80' lang='grc' dir='ltr'>εἰπεῖν</span> <span class='ocrx_word' id='word_1_21' title='bbox 3685 437 3698 450; x_wconf 83' lang='grc'><strong><em>⁸</em></strong></span> 
     </span>
     <span class='ocr_line' id='line_1_6' title="bbox 2140 521 3698 552; baseline 0 0"><span class='ocrx_word' id='word_1_22' title='bbox 2140 533 2191 552; x_wconf 72' lang='grc' dir='ltr'>πυ</span> <span class='ocrx_word' id='word_1_23' title='bbox 2228 528 2314 552; x_wconf 34' lang='grc'><strong>,7.</strong></span> <span class='ocrx_word' id='word_1_24' title='bbox 2372 531 2432 552; x_wconf 67' lang='grc' dir='ltr'>ει-.</span> <span class='ocrx_word' id='word_1_25' title='bbox 2491 530 2539 552; x_wconf 62' lang='grc' dir='ltr'>-.ι</span> <span class='ocrx_word' id='word_1_26' title='bbox 2556 530 2604 552; x_wconf 69' lang='grc' dir='ltr'><strong>ιιι</strong></span> <span class='ocrx_word' id='word_1_27' title='bbox 2649 528 2713 552; x_wconf 65' lang='lat'><strong>-2.</strong></span> <span class='ocrx_word' id='word_1_28' title='bbox 2773 528 3037 552; x_wconf 67' lang='lat'><strong>:....._.....2..</strong></span> <span class='ocrx_word' id='word_1_29' title='bbox 3076 526 3284 552; x_wconf 77' lang='lat'><strong>:-.....-..</strong></span> <span class='ocrx_word' id='word_1_30' title='bbox 3311 541 3325 552; x_wconf 89' lang='lat'><strong>.</strong></span> <span class='ocrx_word' id='word_1_31' title='bbox 3360 522 3558 552; x_wconf 65' lang='grc' dir='ltr'>..ι-ρει..</span> <span class='ocrx_word' id='word_1_32' title='bbox 3591 521 3698 552; x_wconf 54' lang='lat' dir='ltr'><strong>ne...</strong></span> 
     </span>
    </p>
   </div>
   <div class='ocr_carea' id='block_1_6' title="bbox 450 540 2023 635">
    <p class='ocr_par' dir='ltr' id='par_1_6' title="bbox 450 540 2023 635">
     <span class='ocr_line' id='line_1_7' title="bbox 450 540 2023 635; baseline -0.024 -9"><span class='ocrx_word' id='word_1_33' title='bbox 450 540 543 628; x_wconf 71' lang='lat' dir='ltr'><strong>ros</strong></span> <span class='ocrx_word' id='word_1_34' title='bbox 576 591 588 625; x_wconf 91' lang='lat'>:</span> <span class='ocrx_word' id='word_1_35' title='bbox 620 556 687 622; x_wconf 81' lang='lat' dir='ltr'><strong>At</strong></span> <span class='ocrx_word' id='word_1_36' title='bbox 715 564 845 635; x_wconf 86' lang='lat' dir='ltr'><strong>quid</strong></span> <span class='ocrx_word' id='word_1_37' title='bbox 902 559 1189 616; x_wconf 78' lang='lat' dir='ltr'><strong>faciemus,</strong></span> <span class='ocrx_word' id='word_1_38' title='bbox 1242 553 1287 609; x_wconf 90' lang='lat' dir='ltr'><strong>si</strong></span> <span class='ocrx_word' id='word_1_39' title='bbox 1335 546 1645 606; x_wconf 86' lang='lat' dir='ltr'><strong>necessaria</strong></span> <span class='ocrx_word' id='word_1_40' title='bbox 1694 540 1855 597; x_wconf 86' lang='lat' dir='ltr'><strong>nobis</strong></span> <span class='ocrx_word' id='word_1_41' title='bbox 1915 551 2023 591; x_wconf 87' lang='lat' dir='ltr'><strong>non</strong></span> 
     </span>
    </p>
   </div>
   <div class='ocr_carea' id='block_1_7' title="bbox 458 635 2023 732">
    <p class='ocr_par' dir='ltr' id='par_1_7' title="bbox 458 635 2023 732">
     <span class='ocr_line' id='line_1_8' title="bbox 458 635 2023 732; baseline -0.025 -13"><span class='ocrx_word' id='word_1_42' title='bbox 458 657 790 732; x_wconf 85' lang='lat' dir='ltr'><strong>suppetant?</strong></span> <span class='ocrx_word' id='word_1_43' title='bbox 838 654 976 717; x_wconf 85' lang='lat' dir='ltr'><strong>lloc,</strong></span> <span class='ocrx_word' id='word_1_44' title='bbox 1031 649 1232 717; x_wconf 87' lang='lat' dir='ltr'><strong>inquit,</strong></span> <span class='ocrx_word' id='word_1_45' title='bbox 1260 644 1410 697; x_wconf 91' lang='lat' dir='ltr'><strong>nullo</strong></span> <span class='ocrx_word' id='word_1_46' title='bbox 1443 639 1604 695; x_wconf 89' lang='lat' dir='ltr'><strong>modo</strong></span> <span class='ocrx_word' id='word_1_47' title='bbox 1653 635 1766 689; x_wconf 87' lang='lat' dir='ltr'><strong>ﬁeri</strong></span> <span class='ocrx_word' id='word_1_48' title='bbox 1822 636 2023 701; x_wconf 91' lang='lat' dir='ltr'><strong>potest.</strong></span> 
     </span>
    </p>
   </div>
   <div class='ocr_carea' id='block_1_8' title="bbox 452 726 2022 815">
    <p class='ocr_par' dir='ltr' id='par_1_8' title="bbox 452 726 2022 815">
     <span class='ocr_line' id='line_1_9' title="bbox 452 726 2022 815; baseline -0.024 -4"><span class='ocrx_word' id='word_1_49' title='bbox 452 726 594 810; x_wconf 72' lang='lat' dir='ltr'><strong>Deus</strong></span> <span class='ocrx_word' id='word_1_50' title='bbox 646 750 792 806; x_wconf 89' lang='lat' dir='ltr'><strong>enim</strong></span> <span class='ocrx_word' id='word_1_51' title='bbox 854 761 952 815; x_wconf 87' lang='lat' dir='ltr'><strong>per</strong></span> <span class='ocrx_word' id='word_1_52' title='bbox 1004 741 1200 797; x_wconf 89' lang='lat' dir='ltr'><strong>lsaiam</strong></span> <span class='ocrx_word' id='word_1_53' title='bbox 1261 737 1429 792; x_wconf 87' lang='lat' dir='ltr'><strong>dicit:</strong></span> <span class='ocrx_word' id='word_1_54' title='bbox 1484 731 1606 785; x_wconf 83' lang='lat' dir='ltr'><strong>Non</strong></span> <span class='ocrx_word' id='word_1_55' title='bbox 1664 739 1711 781; x_wconf 84' lang='lat' dir='ltr'><strong>te</strong></span> <span class='ocrx_word' id='word_1_56' title='bbox 1760 726 2022 785; x_wconf 82' lang='lat' dir='ltr'><strong>deserant,</strong></span> 
     </span>
    </p>
   </div>
   <div class='ocr_carea' id='block_1_9' title="bbox 450 819 2025 917">
    <p class='ocr_par' dir='ltr' id='par_1_9' title="bbox 450 819 2025 917">
     <span class='ocr_line' id='line_1_10' title="bbox 450 819 2025 917; baseline -0.021 -15"><span class='ocrx_word' id='word_1_57' title='bbox 450 861 628 917; x_wconf 83' lang='lat' dir='ltr'><strong>neque</strong></span> <span class='ocrx_word' id='word_1_58' title='bbox 682 839 982 913; x_wconf 82' lang='lat' dir='ltr'><strong>quidquam</strong></span> <span class='ocrx_word' id='word_1_59' title='bbox 1048 833 1332 889; x_wconf 90' lang='lat' dir='ltr'><strong>mentitur.</strong></span> <span class='ocrx_word' id='word_1_60' title='bbox 1403 825 1512 882; x_wconf 88' lang='lat' dir='ltr'><strong>Sed</strong></span> <span class='ocrx_word' id='word_1_61' title='bbox 1587 832 1643 878; x_wconf 89' lang='lat' dir='ltr'><strong>ct.</strong></span> <span class='ocrx_word' id='word_1_62' title='bbox 1697 821 1819 875; x_wconf 91' lang='lat' dir='ltr'><strong>illos</strong></span> <span class='ocrx_word' id='word_1_63' title='bbox 1875 819 2025 887; x_wconf 86' lang='lat' dir='ltr'><strong>ipsos</strong></span> 
     </span>
    </p>
   </div>
   <div class='ocr_carea' id='block_1_10' title="bbox 443 909 2026 996">
    <p class='ocr_par' dir='ltr' id='par_1_10' title="bbox 443 909 2026 996">
     <span class='ocr_line' id='line_1_11' title="bbox 443 909 2026 996; baseline -0.021 0"><span class='ocrx_word' id='word_1_64' title='bbox 443 909 661 996; x_wconf 62' lang='lat' dir='ltr'><strong>Iudaeos</strong></span> <span class='ocrx_word' id='word_1_65' title='bbox 686 909 984 990; x_wconf 53' lang='lat' dir='ltr'><strong>uerisimile</strong></span> <span class='ocrx_word' id='word_1_66' title='bbox 1003 938 1123 983; x_wconf 83' lang='lat' dir='ltr'><strong>erat</strong></span> <span class='ocrx_word' id='word_1_67' title='bbox 1152 927 1338 981; x_wconf 86' lang='lat' dir='ltr'><strong>dicere</strong></span> <span class='ocrx_word' id='word_1_68' title='bbox 1371 939 1385 977; x_wconf 89' lang='lat'><strong>:</strong></span> <span class='ocrx_word' id='word_1_69' title='bbox 1419 921 1484 975; x_wconf 87' lang='lat' dir='ltr'><strong>Et</strong></span> <span class='ocrx_word' id='word_1_70' title='bbox 1512 920 1712 990; x_wconf 82' lang='lat' dir='ltr'><strong>quibus</strong></span> <span class='ocrx_word' id='word_1_71' title='bbox 1745 909 2026 985; x_wconf 72' lang='lat' dir='ltr'><strong>praesenti-</strong></span> 
     </span>
    </p>
   </div>
   <div class='ocr_carea' id='block_1_11' title="bbox 448 1003 2024 1089">
    <p class='ocr_par' dir='ltr' id='par_1_11' title="bbox 448 1003 2024 1089">
     <span class='ocr_line' id='line_1_12' title="bbox 448 1003 2024 1089; baseline -0.021 0"><span class='ocrx_word' id='word_1_72' title='bbox 448 1036 553 1089; x_wconf 91' lang='lat' dir='ltr'><strong>bus</strong></span> <span class='ocrx_word' id='word_1_73' title='bbox 590 1025 845 1084; x_wconf 87' lang='lat' dir='ltr'><strong>contenti</strong></span> <span class='ocrx_word' id='word_1_74' title='bbox 902 1020 1152 1079; x_wconf 81' lang='lat' dir='ltr'><strong>erimus?</strong></span> <span class='ocrx_word' id='word_1_75' title='bbox 1207 1016 1319 1073; x_wconf 79' lang='lat' dir='ltr'><strong>Nos</strong></span> <span class='ocrx_word' id='word_1_76' title='bbox 1378 1011 1739 1069; x_wconf 82' lang='lat' dir='ltr'><strong>facultatibus</strong></span> <span class='ocrx_word' id='word_1_77' title='bbox 1818 1003 2024 1061; x_wconf 81' lang='lat' dir='ltr'><strong>nostris</strong></span> 
     </span>
    </p>
   </div>
   <div class='ocr_carea' id='block_1_12' title="bbox 446 1097 2020 1193">
    <p class='ocr_par' dir='ltr' id='par_1_12' title="bbox 446 1097 2020 1193">
     <span class='ocr_line' id='line_1_13' title="bbox 446 1097 2020 1193; baseline -0.023 -13"><span class='ocrx_word' id='word_1_78' title='bbox 446 1120 669 1193; x_wconf 75' lang='lat' dir='ltr'><strong>Spoliali</strong></span> <span class='ocrx_word' id='word_1_79' title='bbox 698 1132 910 1181; x_wconf 88' lang='lat' dir='ltr'><strong>sumus,</strong></span> <span class='ocrx_word' id='word_1_80' title='bbox 946 1125 997 1168; x_wconf 89' lang='lat' dir='ltr'><strong>et</strong></span> <span class='ocrx_word' id='word_1_81' title='bbox 1017 1114 1150 1168; x_wconf 79' lang='lat' dir='ltr'><strong>nihil</strong></span> <span class='ocrx_word' id='word_1_82' title='bbox 1175 1110 1333 1165; x_wconf 85' lang='lat' dir='ltr'><strong>nobis</strong></span> <span class='ocrx_word' id='word_1_83' title='bbox 1360 1113 1634 1176; x_wconf 88' lang='lat' dir='ltr'><strong>superest.</strong></span> <span class='ocrx_word' id='word_1_84' title='bbox 1666 1100 1809 1156; x_wconf 90' lang='lat' dir='ltr'><strong>Dicit</strong></span> <span class='ocrx_word' id='word_1_85' title='bbox 1834 1097 2020 1166; x_wconf 75' lang='lat' dir='ltr'><strong>igitur,</strong></span> 
     </span>
    </p>
   </div>
   <div class='ocr_carea' id='block_1_13' title="bbox 446 1192 2022 1276">
    <p class='ocr_par' dir='ltr' id='par_1_13' title="bbox 446 1192 2022 1276">
     <span class='ocr_line' id='line_1_14' title="bbox 446 1192 2022 1276; baseline -0.02 -7"><span class='ocrx_word' id='word_1_86' title='bbox 446 1192 688 1269; x_wconf 74' lang='lat' dir='ltr'><strong>Potestis</strong></span> <span class='ocrx_word' id='word_1_87' title='bbox 729 1211 796 1264; x_wconf 91' lang='lat' dir='ltr'><strong>iis</strong></span> <span class='ocrx_word' id='word_1_88' title='bbox 846 1223 969 1276; x_wconf 67' lang='lat' dir='ltr'><strong>qua:</strong></span> <span class='ocrx_word' id='word_1_89' title='bbox 1037 1210 1360 1275; x_wconf 82' lang='lat' dir='ltr'><strong>supersunt,</strong></span> <span class='ocrx_word' id='word_1_90' title='bbox 1420 1192 1776 1268; x_wconf 78' lang='lat' dir='ltr'><strong>quantumvis</strong></span> <span class='ocrx_word' id='word_1_91' title='bbox 1851 1202 2022 1258; x_wconf 86' lang='lat' dir='ltr'><strong>pauca</strong></span> 
     </span>
    </p>
   </div>
   <div class='ocr_carea' id='block_1_14' title="bbox 448 1280 2025 1367">
    <p class='ocr_par' dir='ltr' id='par_1_14' title="bbox 448 1280 2025 1367">
     <span class='ocr_line' id='line_1_15' title="bbox 448 1280 2025 1367; baseline -0.016 -10"><span class='ocrx_word' id='word_1_92' title='bbox 448 1304 674 1367; x_wconf 78' lang='lat' dir='ltr'><strong>fuerint,</strong></span> <span class='ocrx_word' id='word_1_93' title='bbox 725 1297 965 1354; x_wconf 85' lang='lat' dir='ltr'><strong>contenti</strong></span> <span class='ocrx_word' id='word_1_94' title='bbox 1002 1311 1163 1350; x_wconf 88' lang='lat' dir='ltr'><strong>esse:</strong></span> <span class='ocrx_word' id='word_1_95' title='bbox 1208 1291 1353 1347; x_wconf 85' lang='lat' dir='ltr'><strong>Deus</strong></span> <span class='ocrx_word' id='word_1_96' title='bbox 1403 1289 1549 1343; x_wconf 89' lang='lat' dir='ltr'><strong>enim</strong></span> <span class='ocrx_word' id='word_1_97' title='bbox 1597 1285 1767 1339; x_wconf 76' lang='lat' dir='ltr'><strong>dixit:</strong></span> <span class='ocrx_word' id='word_1_98' title='bbox 1824 1280 1946 1334; x_wconf 85' lang='lat' dir='ltr'><strong>Non</strong></span> <span class='ocrx_word' id='word_1_99' title='bbox 1978 1291 2025 1331; x_wconf 87' lang='lat' dir='ltr'><strong>te</strong></span> 
     </span>
    </p>
   </div>
   <div class='ocr_carea' id='block_1_15' title="bbox 447 1371 2021 1457">
    <p class='ocr_par' dir='ltr' id='par_1_15' title="bbox 447 1371 2021 1457">
     <span class='ocr_line' id='line_1_16' title="bbox 447 1371 2021 1457; baseline -0.017 -7"><span class='ocrx_word' id='word_1_100' title='bbox 447 1400 710 1457; x_wconf 79' lang='lat' dir='ltr'><strong>deseram,</strong></span> <span class='ocrx_word' id='word_1_101' title='bbox 770 1392 873 1444; x_wconf 85' lang='lat' dir='ltr'><strong>hoc</strong></span> <span class='ocrx_word' id='word_1_102' title='bbox 930 1399 1036 1452; x_wconf 85' lang='lat' dir='ltr'><strong>est,</strong></span> <span class='ocrx_word' id='word_1_103' title='bbox 1076 1402 1183 1440; x_wconf 89' lang='lat' dir='ltr'><strong>non</strong></span> <span class='ocrx_word' id='word_1_104' title='bbox 1223 1395 1275 1437; x_wconf 91' lang='lat' dir='ltr'><strong>te</strong></span> <span class='ocrx_word' id='word_1_105' title='bbox 1335 1382 1610 1436; x_wconf 87' lang='lat' dir='ltr'><strong>omittam.</strong></span> <span class='ocrx_word' id='word_1_106' title='bbox 1670 1376 1748 1430; x_wconf 84' lang='lat' dir='ltr'><strong>Ae</strong></span> <span class='ocrx_word' id='word_1_107' title='bbox 1806 1371 2021 1429; x_wconf 86' lang='lat' dir='ltr'><strong>etiamsi</strong></span> 
     </span>
    </p>
   </div>
   <div class='ocr_carea' id='block_1_16' title="bbox 448 1465 2021 1557">
    <p class='ocr_par' dir='ltr' id='par_1_16' title="bbox 448 1465 2021 1557">
     <span class='ocr_line' id='line_1_17' title="bbox 448 1465 2021 1557; baseline -0.016 -16"><span class='ocrx_word' id='word_1_108' title='bbox 448 1485 741 1557; x_wconf 85' lang='lat' dir='ltr'><strong>Apostolus</strong></span> <span class='ocrx_word' id='word_1_109' title='bbox 775 1484 1010 1538; x_wconf 79' lang='lat' dir='ltr'><strong>fortasse</strong></span> <span class='ocrx_word' id='word_1_110' title='bbox 1041 1480 1109 1533; x_wconf 90' lang='lat' dir='ltr'><strong>de</strong></span> <span class='ocrx_word' id='word_1_111' title='bbox 1150 1477 1314 1533; x_wconf 85' lang='lat' dir='ltr'><strong>rebus</strong></span> <span class='ocrx_word' id='word_1_112' title='bbox 1339 1472 1673 1528; x_wconf 86' lang='lat' dir='ltr'><strong>necessariis</strong></span> <span class='ocrx_word' id='word_1_113' title='bbox 1733 1465 2021 1535; x_wconf 76' lang='lat' dir='ltr'><strong>acceperit,</strong></span> 
     </span>
    </p>
   </div>
   <div class='ocr_carea' id='block_1_17' title="bbox 450 1557 2024 1640">
    <p class='ocr_par' dir='ltr' id='par_1_17' title="bbox 450 1557 2024 1640">
     <span class='ocr_line' id='line_1_18' title="bbox 450 1557 2024 1640; baseline -0.014 -7"><span class='ocrx_word' id='word_1_114' title='bbox 450 1590 510 1635; x_wconf 93' lang='lat' dir='ltr'><strong>tu</strong></span> <span class='ocrx_word' id='word_1_115' title='bbox 549 1594 678 1634; x_wconf 75' lang='lat' dir='ltr'><strong>vero</strong></span> <span class='ocrx_word' id='word_1_116' title='bbox 711 1577 778 1631; x_wconf 90' lang='lat' dir='ltr'><strong>de</strong></span> <span class='ocrx_word' id='word_1_117' title='bbox 813 1575 963 1630; x_wconf 91' lang='lat' dir='ltr'><strong>omni</strong></span> <span class='ocrx_word' id='word_1_118' title='bbox 1019 1570 1240 1640; x_wconf 78' lang='lat' dir='ltr'><strong>negotio</strong></span> <span class='ocrx_word' id='word_1_119' title='bbox 1309 1565 1549 1637; x_wconf 90' lang='lat' dir='ltr'><strong>accipies</strong></span> <span class='ocrx_word' id='word_1_120' title='bbox 1597 1562 1700 1616; x_wconf 84' lang='lat' dir='ltr'><strong>hoc</strong></span> <span class='ocrx_word' id='word_1_121' title='bbox 1754 1560 1843 1613; x_wconf 84' lang='lat' dir='ltr'><strong>Dei</strong></span> <span class='ocrx_word' id='word_1_122' title='bbox 1906 1557 2024 1612; x_wconf 87' lang='lat' dir='ltr'><strong>dic-</strong></span> 
     </span>
    </p>
   </div>
   <div class='ocr_carea' id='block_1_18' title="bbox 452 1683 589 1727">
    <p class='ocr_par' dir='ltr' id='par_1_18' title="bbox 452 1683 589 1727">
     <span class='ocr_line' id='line_1_19' title="bbox 452 1683 589 1727; baseline -0.007 0"><span class='ocrx_word' id='word_1_123' title='bbox 452 1683 589 1727; x_wconf 89' lang='lat' dir='ltr'><strong>tum.</strong></span> 
     </span>
    </p>
   </div>
   <div class='ocr_carea' id='block_1_19' title="bbox 522 1740 2021 1824">
    <p class='ocr_par' dir='ltr' id='par_1_19' title="bbox 522 1740 2021 1824">
     <span class='ocr_line' id='line_1_20' title="bbox 522 1740 2021 1824; baseline -0.017 -7"><span class='ocrx_word' id='word_1_124' title='bbox 522 1762 689 1817; x_wconf 78' lang='lat' dir='ltr'><strong>Vens.</strong></span> <span class='ocrx_word' id='word_1_125' title='bbox 726 1760 780 1813; x_wconf 83' lang='lat'><strong>6.</strong></span> <span class='ocrx_word' id='word_1_126' title='bbox 822 1756 889 1811; x_wconf 92' lang='lat' dir='ltr'><strong>Ut</strong></span> <span class='ocrx_word' id='word_1_127' title='bbox 923 1754 1245 1824; x_wconf 80' lang='lat' dir='ltr'><strong>conﬁdentes</strong></span> <span class='ocrx_word' id='word_1_128' title='bbox 1274 1752 1555 1805; x_wconf 79' lang='lat' dir='ltr'><strong>dicamus:</strong></span> <span class='ocrx_word' id='word_1_129' title='bbox 1603 1746 1855 1800; x_wconf 78' lang='lat' dir='ltr'><strong>Dominus</strong></span> <span class='ocrx_word' id='word_1_130' title='bbox 1894 1740 2021 1795; x_wconf 86' lang='lat' dir='ltr'><strong>mihi</strong></span> 
     </span>
    </p>
   </div>
   <div class='ocr_carea' id='block_1_20' title="bbox 454 1834 2027 1923">
    <p class='ocr_par' dir='ltr' id='par_1_20' title="bbox 454 1834 2027 1923">
     <span class='ocr_line' id='line_1_21' title="bbox 454 1834 2027 1923; baseline -0.015 -15"><span class='ocrx_word' id='word_1_131' title='bbox 454 1855 692 1923; x_wconf 82' lang='lat' dir='ltr'><strong>adjutor,</strong></span> <span class='ocrx_word' id='word_1_132' title='bbox 733 1867 834 1903; x_wconf 83' lang='lat' dir='ltr'><strong>non</strong></span> <span class='ocrx_word' id='word_1_133' title='bbox 868 1846 1058 1902; x_wconf 87' lang='lat' dir='ltr'><strong>timebo</strong></span> <span class='ocrx_word' id='word_1_134' title='bbox 1091 1845 1217 1915; x_wconf 85' lang='lat' dir='ltr'><strong>quid</strong></span> <span class='ocrx_word' id='word_1_135' title='bbox 1241 1843 1410 1911; x_wconf 76' lang='lat' dir='ltr'><strong>faciat</strong></span> <span class='ocrx_word' id='word_1_136' title='bbox 1449 1839 1583 1893; x_wconf 81' lang='lat' dir='ltr'><strong>mihi</strong></span> <span class='ocrx_word' id='word_1_137' title='bbox 1613 1839 1788 1892; x_wconf 78' lang='lat' dir='ltr'><strong>homo.</strong></span> <span class='ocrx_word' id='word_1_138' title='bbox 1837 1834 2027 1900; x_wconf 83' lang='lat' dir='ltr'><strong>Quan-</strong></span> 
     </span>
    </p>
   </div>
   <div class='ocr_carea' id='block_1_21' title="bbox 455 1929 2024 2014">
    <p class='ocr_par' dir='ltr' id='par_1_21' title="bbox 455 1929 2024 2014">
     <span class='ocr_line' id='line_1_22' title="bbox 455 1929 2024 2014; baseline -0.015 -13"><span class='ocrx_word' id='word_1_139' title='bbox 455 1944 749 2014; x_wconf 84' lang='lat' dir='ltr'><strong>doquidem</strong></span> <span class='ocrx_word' id='word_1_140' title='bbox 803 1942 917 1995; x_wconf 66' lang='lat' dir='ltr'><strong>haec</strong></span> <span class='ocrx_word' id='word_1_141' title='bbox 974 1938 1117 1993; x_wconf 87' lang='lat' dir='ltr'><strong>Deus</strong></span> <span class='ocrx_word' id='word_1_142' title='bbox 1160 1937 1324 1997; x_wconf 76' lang='lat' dir='ltr'><strong>dixit,</strong></span> <span class='ocrx_word' id='word_1_143' title='bbox 1385 1943 1534 1988; x_wconf 87' lang='lat' dir='ltr'><strong>certa</strong></span> <span class='ocrx_word' id='word_1_144' title='bbox 1590 1929 1818 1984; x_wconf 80' lang='lat' dir='ltr'><strong>omnino</strong></span> <span class='ocrx_word' id='word_1_145' title='bbox 1875 1932 2024 1980; x_wconf 89' lang='lat' dir='ltr'><strong>sunt.</strong></span> 
     </span>
    </p>
   </div>
   <div class='ocr_carea' id='block_1_22' title="bbox 457 2018 2030 2104">
    <p class='ocr_par' dir='ltr' id='par_1_22' title="bbox 457 2018 2030 2104">
     <span class='ocr_line' id='line_1_23' title="bbox 457 2018 2030 2104; baseline -0.015 -12"><span class='ocrx_word' id='word_1_146' title='bbox 457 2039 721 2104; x_wconf 89' lang='lat' dir='ltr'><strong>Deinceps</strong></span> <span class='ocrx_word' id='word_1_147' title='bbox 744 2034 910 2104; x_wconf 80' lang='lat' dir='ltr'><strong>igitur</strong></span> <span class='ocrx_word' id='word_1_148' title='bbox 941 2031 1278 2087; x_wconf 81' lang='lat' dir='ltr'><strong>conﬁdenter</strong></span> <span class='ocrx_word' id='word_1_149' title='bbox 1301 2028 1570 2087; x_wconf 84' lang='lat' dir='ltr'><strong>dicamus,</strong></span> <span class='ocrx_word' id='word_1_150' title='bbox 1595 2022 1738 2091; x_wconf 86' lang='lat' dir='ltr'><strong>quod</strong></span> <span class='ocrx_word' id='word_1_151' title='bbox 1761 2018 2030 2087; x_wconf 86' lang='lat' dir='ltr'><strong>diripien-</strong></span> 
     </span>
    </p>
   </div>
   <div class='ocr_carea' id='block_1_23' title="bbox 459 2116 2031 2189">
    <p class='ocr_par' dir='ltr' id='par_1_23' title="bbox 459 2116 2031 2189">
     <span class='ocr_line' id='line_1_24' title="bbox 459 2116 2031 2189; baseline -0.015 -4"><span class='ocrx_word' id='word_1_152' title='bbox 459 2142 543 2184; x_wconf 88' lang='lat' dir='ltr'><strong>tes</strong></span> <span class='ocrx_word' id='word_1_153' title='bbox 586 2129 727 2183; x_wconf 88' lang='lat' dir='ltr'><strong>bona</strong></span> <span class='ocrx_word' id='word_1_154' title='bbox 778 2132 986 2189; x_wconf 87' lang='lat' dir='ltr'><strong>nostra,</strong></span> <span class='ocrx_word' id='word_1_155' title='bbox 1048 2136 1148 2176; x_wconf 90' lang='lat' dir='ltr'><strong>nos</strong></span> <span class='ocrx_word' id='word_1_156' title='bbox 1196 2119 1251 2173; x_wconf 91' lang='lat' dir='ltr'><strong>in</strong></span> <span class='ocrx_word' id='word_1_157' title='bbox 1299 2116 1586 2189; x_wconf 74' lang='lat' dir='ltr'><strong>angustias</strong></span> <span class='ocrx_word' id='word_1_158' title='bbox 1646 2129 1756 2168; x_wconf 90' lang='lat' dir='ltr'><strong>non</strong></span> <span class='ocrx_word' id='word_1_159' title='bbox 1806 2120 2031 2180; x_wconf 83' lang='lat' dir='ltr'><strong>protru-</strong></span> 
     </span>
    </p>
   </div>
   <div class='ocr_carea' id='block_1_24' title="bbox 454 2199 608 2273">
    <p class='ocr_par' dir='ltr' id='par_1_24' title="bbox 454 2199 608 2273">
     <span class='ocr_line' id='line_1_25' title="bbox 454 2199 608 2273; baseline 0.006 -1"><span class='ocrx_word' id='word_1_160' title='bbox 454 2199 608 2273; x_wconf 57' lang='lat' dir='ltr'><strong>deni.</strong></span> 
     </span>
    </p>
   </div>
   <div class='ocr_carea' id='block_1_25' title="bbox 532 2294 2030 2371">
    <p class='ocr_par' dir='ltr' id='par_1_25' title="bbox 532 2294 2030 2371">
     <span class='ocr_line' id='line_1_26' title="bbox 532 2294 2030 2371; baseline -0.011 -8"><span class='ocrx_word' id='word_1_161' title='bbox 532 2308 698 2362; x_wconf 75' lang='lat' dir='ltr'><strong>Vens.</strong></span> <span class='ocrx_word' id='word_1_162' title='bbox 733 2308 784 2361; x_wconf 87' lang='lat'><strong>7.</strong></span> <span class='ocrx_word' id='word_1_163' title='bbox 824 2305 1135 2360; x_wconf 76' lang='lat' dir='ltr'><strong>Mementote</strong></span> <span class='ocrx_word' id='word_1_164' title='bbox 1173 2300 1577 2371; x_wconf 64' lang='lat' dir='ltr'><strong>praepositorum</strong></span> <span class='ocrx_word' id='word_1_165' title='bbox 1606 2305 1916 2357; x_wconf 80' lang='lat' dir='ltr'><strong>vestrorum,</strong></span> <span class='ocrx_word' id='word_1_166' title='bbox 1941 2294 2030 2364; x_wconf 85' lang='lat' dir='ltr'><strong>qui</strong></span> 
     </span>
    </p>
   </div>
   <div class='ocr_carea' id='block_1_26' title="bbox 461 2386 2031 2455">
    <p class='ocr_par' dir='ltr' id='par_1_26' title="bbox 461 2386 2031 2455">
     <span class='ocr_line' id='line_1_27' title="bbox 461 2386 2031 2455; baseline -0.011 -1"><span class='ocrx_word' id='word_1_167' title='bbox 461 2401 626 2455; x_wconf 77' lang='lat' dir='ltr'><strong>locuti</strong></span> <span class='ocrx_word' id='word_1_168' title='bbox 659 2408 781 2453; x_wconf 88' lang='lat' dir='ltr'><strong>sunt</strong></span> <span class='ocrx_word' id='word_1_169' title='bbox 812 2398 955 2452; x_wconf 84' lang='lat' dir='ltr'><strong>vobis</strong></span> <span class='ocrx_word' id='word_1_170' title='bbox 1002 2394 1215 2450; x_wconf 77' lang='lat' dir='ltr'><strong>verbum</strong></span> <span class='ocrx_word' id='word_1_171' title='bbox 1246 2393 1359 2446; x_wconf 88' lang='lat' dir='ltr'><strong>Dei.</strong></span> <span class='ocrx_word' id='word_1_172' title='bbox 1401 2392 1482 2446; x_wconf 85' lang='lat' dir='ltr'><strong>Ad</strong></span> <span class='ocrx_word' id='word_1_173' title='bbox 1532 2391 1634 2445; x_wconf 86' lang='lat' dir='ltr'><strong>hoc</strong></span> <span class='ocrx_word' id='word_1_174' title='bbox 1675 2386 2031 2442; x_wconf 84' lang='lat' dir='ltr'><strong>Thessaloni-</strong></span> 
     </span>
    </p>
   </div>
   <div class='ocr_carea' id='block_1_27' title="bbox 460 2478 2034 2559">
    <p class='ocr_par' dir='ltr' id='par_1_27' title="bbox 460 2478 2034 2559">
     <span class='ocr_line' id='line_1_28' title="bbox 460 2478 2034 2559; baseline -0.01 -12"><span class='ocrx_word' id='word_1_175' title='bbox 460 2508 653 2547; x_wconf 86' lang='lat' dir='ltr'><strong>censes</strong></span> <span class='ocrx_word' id='word_1_176' title='bbox 679 2504 899 2559; x_wconf 87' lang='lat' dir='ltr'><strong>quoque</strong></span> <span class='ocrx_word' id='word_1_177' title='bbox 929 2487 1347 2546; x_wconf 85' lang='lat' dir='ltr'><strong>adhortabatur,</strong></span> <span class='ocrx_word' id='word_1_178' title='bbox 1398 2491 1456 2536; x_wconf 93' lang='lat' dir='ltr'><strong>ut</strong></span> <span class='ocrx_word' id='word_1_179' title='bbox 1512 2496 1606 2537; x_wconf 85' lang='lat' dir='ltr'><strong>eos</strong></span> <span class='ocrx_word' id='word_1_180' title='bbox 1658 2478 2034 2533; x_wconf 83' lang='lat' dir='ltr'><strong>abundantius</strong></span> 
     </span>
    </p>
   </div>
   <div class='ocr_carea' id='block_1_28' title="bbox 461 2568 2031 2642">
    <p class='ocr_par' dir='ltr' id='par_1_28' title="bbox 461 2568 2031 2642">
     <span class='ocr_line' id='line_1_29' title="bbox 461 2568 2031 2642; baseline -0.01 -8"><span class='ocrx_word' id='word_1_181' title='bbox 461 2582 673 2634; x_wconf 75' lang='lat' dir='ltr'><strong>hortere</strong></span> <span class='ocrx_word' id='word_1_182' title='bbox 704 2579 1009 2632; x_wconf 70' lang='lat' dir='ltr'><strong>abicerent.</strong></span> <span class='ocrx_word' id='word_1_183' title='bbox 1041 2583 1124 2629; x_wconf 77' lang='lat' dir='ltr'><strong>Ac</strong></span> <span class='ocrx_word' id='word_1_184' title='bbox 1158 2572 1625 2642; x_wconf 80' lang='lat' dir='ltr'><strong>quemadmodum</strong></span> <span class='ocrx_word' id='word_1_185' title='bbox 1668 2570 1744 2624; x_wconf 87' lang='lat' dir='ltr'><strong>illi</strong></span> <span class='ocrx_word' id='word_1_186' title='bbox 1803 2568 2031 2623; x_wconf 81' lang='lat' dir='ltr'><strong>verbum</strong></span> 
     </span>
    </p>
   </div>
   <div class='ocr_carea' id='block_1_29' title="bbox 461 2660 2034 2741">
    <p class='ocr_par' dir='ltr' id='par_1_29' title="bbox 461 2660 2034 2741">
     <span class='ocr_line' id='line_1_30' title="bbox 461 2660 2034 2741; baseline -0.008 -16"><span class='ocrx_word' id='word_1_187' title='bbox 461 2671 804 2741; x_wconf 89' lang='lat' dir='ltr'><strong>impertiunt,</strong></span> <span class='ocrx_word' id='word_1_188' title='bbox 838 2671 919 2723; x_wconf 89' lang='lat' dir='ltr'><strong>sic</strong></span> <span class='ocrx_word' id='word_1_189' title='bbox 944 2669 1044 2732; x_wconf 89' lang='lat' dir='ltr'><strong>illi,</strong></span> <span class='ocrx_word' id='word_1_190' title='bbox 1085 2667 1131 2722; x_wconf 91' lang='lat' dir='ltr'><strong>si</strong></span> <span class='ocrx_word' id='word_1_191' title='bbox 1185 2666 1301 2720; x_wconf 81' lang='lat' dir='ltr'><strong>ﬁeri</strong></span> <span class='ocrx_word' id='word_1_192' title='bbox 1348 2665 1539 2734; x_wconf 74' lang='lat' dir='ltr'><strong>possit,</strong></span> <span class='ocrx_word' id='word_1_193' title='bbox 1595 2669 1923 2716; x_wconf 84' lang='lat' dir='ltr'><strong>succurrant</strong></span> <span class='ocrx_word' id='word_1_194' title='bbox 1953 2660 2034 2713; x_wconf 87' lang='lat' dir='ltr'><strong>eis</strong></span> 
     </span>
    </p>
   </div>
   <div class='ocr_carea' id='block_1_30' title="bbox 464 2748 2033 2827">
    <p class='ocr_par' dir='ltr' id='par_1_30' title="bbox 464 2748 2033 2827">
     <span class='ocr_line' id='line_1_31' title="bbox 464 2748 2033 2827; baseline -0.009 -14"><span class='ocrx_word' id='word_1_195' title='bbox 464 2761 520 2813; x_wconf 92' lang='lat' dir='ltr'><strong>in</strong></span> <span class='ocrx_word' id='word_1_196' title='bbox 582 2759 828 2814; x_wconf 77' lang='lat' dir='ltr'><strong>externis</strong></span> <span class='ocrx_word' id='word_1_197' title='bbox 878 2758 1129 2827; x_wconf 86' lang='lat' dir='ltr'><strong>corporis</strong></span> <span class='ocrx_word' id='word_1_198' title='bbox 1209 2752 1659 2808; x_wconf 86' lang='lat' dir='ltr'><strong>necessitatibus.</strong></span> <span class='ocrx_word' id='word_1_199' title='bbox 1726 2749 1840 2804; x_wconf 88' lang='lat' dir='ltr'><strong>Hoc</strong></span> <span class='ocrx_word' id='word_1_200' title='bbox 1886 2748 2033 2803; x_wconf 86' lang='lat' dir='ltr'><strong>enim</strong></span> 
     </span>
    </p>
   </div>
   <div class='ocr_carea' id='block_1_31' title="bbox 463 2843 2034 2919">
    <p class='ocr_par' dir='ltr' id='par_1_31' title="bbox 463 2843 2034 2919">
     <span class='ocr_line' id='line_1_32' title="bbox 463 2843 2034 2919; baseline -0.01 -11"><span class='ocrx_word' id='word_1_201' title='bbox 463 2854 642 2908; x_wconf 86' lang='lat' dir='ltr'><strong>innuit</strong></span> <span class='ocrx_word' id='word_1_202' title='bbox 673 2868 787 2919; x_wconf 82' lang='lat' dir='ltr'><strong>per,</strong></span> <span class='ocrx_word' id='word_1_203' title='bbox 822 2850 1157 2904; x_wconf 81' lang='lat' dir='ltr'><strong>Mementote.</strong></span> <span class='ocrx_word' id='word_1_204' title='bbox 1188 2845 1285 2902; x_wconf 86' lang='lat' dir='ltr'><strong>Vel</strong></span> <span class='ocrx_word' id='word_1_205' title='bbox 1319 2847 1387 2901; x_wconf 88' lang='lat' dir='ltr'><strong>ad</strong></span> <span class='ocrx_word' id='word_1_206' title='bbox 1436 2843 1794 2900; x_wconf 88' lang='lat' dir='ltr'><strong>imitationem</strong></span> <span class='ocrx_word' id='word_1_207' title='bbox 1845 2855 2034 2898; x_wconf 88' lang='lat' dir='ltr'><strong>eorum</strong></span> 
     </span>
    </p>
   </div>
   <div class='ocr_carea' id='block_1_32' title="bbox 465 2945 859 3001">
    <p class='ocr_par' dir='ltr' id='par_1_32' title="bbox 465 2945 859 3001">
     <span class='ocr_line' id='line_1_33' title="bbox 465 2945 859 3001; baseline -0.01 -1"><span class='ocrx_word' id='word_1_208' title='bbox 465 2948 601 3001; x_wconf 85' lang='lat' dir='ltr'><strong>istos</strong></span> <span class='ocrx_word' id='word_1_209' title='bbox 635 2945 859 2999; x_wconf 79' lang='lat' dir='ltr'><strong>excitat.</strong></span> 
     </span>
    </p>
   </div>
   <div class='ocr_carea' id='block_1_33' title="bbox 536 3027 2038 3106">
    <p class='ocr_par' dir='ltr' id='par_1_33' title="bbox 536 3027 2038 3106">
     <span class='ocr_line' id='line_1_34' title="bbox 536 3027 2038 3106; baseline -0.011 -11"><span class='ocrx_word' id='word_1_210' title='bbox 536 3040 770 3106; x_wconf 87' lang='lat' dir='ltr'><strong>Quorum</strong></span> <span class='ocrx_word' id='word_1_211' title='bbox 822 3040 1084 3093; x_wconf 76' lang='lat' dir='ltr'><strong>intuentes</strong></span> <span class='ocrx_word' id='word_1_212' title='bbox 1124 3037 1327 3089; x_wconf 71' lang='lat' dir='ltr'><strong>exitum</strong></span> <span class='ocrx_word' id='word_1_213' title='bbox 1363 3030 1800 3096; x_wconf 83' lang='lat' dir='ltr'><strong>conuersationis,</strong></span> <span class='ocrx_word' id='word_1_214' title='bbox 1854 3027 2038 3081; x_wconf 84' lang='lat' dir='ltr'><strong>imita-</strong></span> 
     </span>
    </p>
   </div>
   <div class='ocr_carea' id='block_1_34' title="bbox 2128 521 3704 596">
    <p class='ocr_par' dir='ltr' id='par_1_34' title="bbox 2128 521 3704 596">
     <span class='ocr_line' id='line_1_35' title="bbox 2128 521 3704 596; baseline -0.007 -11"><span class='ocrx_word' id='word_1_215' title='bbox 2128 533 2192 584; x_wconf 79' lang='grc' dir='ltr'>Τί</span> <span class='ocrx_word' id='word_1_216' title='bbox 2222 528 2315 585; x_wconf 63' lang='grc' dir='ltr'>οὖν</span> <span class='ocrx_word' id='word_1_217' title='bbox 2366 531 2433 584; x_wconf 87' lang='grc' dir='ltr'><strong>ἂν</strong></span> <span class='ocrx_word' id='word_1_218' title='bbox 2487 530 2608 583; x_wconf 77' lang='grc' dir='ltr'>οὐδὲ</span> <span class='ocrx_word' id='word_1_219' title='bbox 2646 528 2716 581; x_wconf 83' lang='grc' dir='ltr'><strong>τὰ</strong></span> <span class='ocrx_word' id='word_1_220' title='bbox 2768 528 3041 594; x_wconf 80' lang='grc' dir='ltr'>ἀναγκαῖα</span> <span class='ocrx_word' id='word_1_221' title='bbox 3075 526 3326 596; x_wconf 76' lang='grc' dir='ltr'>ἔχωμενς</span> <span class='ocrx_word' id='word_1_222' title='bbox 3359 522 3558 593; x_wconf 72' lang='grc' dir='ltr'>φησιν’</span> <span class='ocrx_word' id='word_1_223' title='bbox 3591 521 3704 576; x_wconf 78' lang='grc' dir='ltr'><strong>Οὐκ</strong></span> 
     </span>
    </p>
   </div>
   <div class='ocr_carea' id='block_1_35' title="bbox 2125 612 3704 689">
    <p class='ocr_par' dir='ltr' id='par_1_35' title="bbox 2125 612 3704 689">
     <span class='ocr_line' id='line_1_36' title="bbox 2125 612 3704 689; baseline -0.008 -11"><span class='ocrx_word' id='word_1_224' title='bbox 2125 625 2242 678; x_wconf 72' lang='grc' dir='ltr'>ἐστι</span> <span class='ocrx_word' id='word_1_225' title='bbox 2276 623 2457 684; x_wconf 79' lang='grc' dir='ltr'>τοῦτο,</span> <span class='ocrx_word' id='word_1_226' title='bbox 2493 624 2594 675; x_wconf 72' lang='grc' dir='ltr'><strong>οὐκ</strong></span> <span class='ocrx_word' id='word_1_227' title='bbox 2624 621 2795 673; x_wconf 77' lang='grc' dir='ltr'>ἔστιν.</span> <span class='ocrx_word' id='word_1_228' title='bbox 2835 620 2894 672; x_wconf 86' lang='grc' dir='ltr'>Ὀ</span> <span class='ocrx_word' id='word_1_229' title='bbox 2926 619 3032 689; x_wconf 81' lang='grc' dir='ltr'>γὰρ</span> <span class='ocrx_word' id='word_1_230' title='bbox 3064 618 3194 680; x_wconf 78' lang='grc' dir='ltr'>Θεὸς</span> <span class='ocrx_word' id='word_1_231' title='bbox 3216 615 3306 670; x_wconf 79' lang='grc' dir='ltr'><strong>διὰ</strong></span> <span class='ocrx_word' id='word_1_232' title='bbox 3336 615 3432 668; x_wconf 80' lang='grc' dir='ltr'>τοῦ</span> <span class='ocrx_word' id='word_1_233' title='bbox 3476 612 3704 667; x_wconf 84' lang='grc' dir='ltr'><strong>Ἦσαῖου</strong></span> 
     </span>
    </p>
   </div>
   <div class='ocr_carea' id='block_1_36' title="bbox 2125 707 3706 784">
    <p class='ocr_par' dir='ltr' id='par_1_36' title="bbox 2125 707 3706 784">
     <span class='ocr_line' id='line_1_37' title="bbox 2125 707 3706 784; baseline -0.004 -16"><span class='ocrx_word' id='word_1_234' title='bbox 2125 717 2294 784; x_wconf 83' lang='grc' dir='ltr'>λέγει,</span> <span class='ocrx_word' id='word_1_235' title='bbox 2321 719 2401 770; x_wconf 82' lang='grc' dir='ltr'>ὅτι</span> <span class='ocrx_word' id='word_1_236' title='bbox 2429 718 2510 769; x_wconf 85' lang='grc' dir='ltr'><strong>Οὐ</strong></span> <span class='ocrx_word' id='word_1_237' title='bbox 2533 713 2619 784; x_wconf 77' lang='grc' dir='ltr'>μή</span> <span class='ocrx_word' id='word_1_238' title='bbox 2647 728 2721 767; x_wconf 84' lang='grc' dir='ltr'><strong>σε</strong></span> <span class='ocrx_word' id='word_1_239' title='bbox 2746 710 2870 768; x_wconf 82' lang='grc' dir='ltr'>ἀνῶ</span> <span class='ocrx_word' id='word_1_240' title='bbox 2894 729 2908 743; x_wconf 77' lang='grc' dir='ltr'><strong>ο</strong></span> <span class='ocrx_word' id='word_1_241' title='bbox 2941 712 3035 764; x_wconf 78' lang='grc' dir='ltr'>καὶ</span> <span class='ocrx_word' id='word_1_242' title='bbox 3072 710 3133 763; x_wconf 79' lang='grc' dir='ltr'><strong>οὐ</strong></span> <span class='ocrx_word' id='word_1_243' title='bbox 3176 709 3431 778; x_wconf 75' lang='grc' dir='ltr'>ψεύδεται</span> <span class='ocrx_word' id='word_1_244' title='bbox 3463 707 3706 767; x_wconf 81' lang='grc' dir='ltr'>πάντως.</span> 
     </span>
    </p>
   </div>
   <div class='ocr_carea' id='block_1_37' title="bbox 2138 798 3708 868">
    <p class='ocr_par' dir='ltr' id='par_1_37' title="bbox 2138 798 3708 868">
     <span class='ocr_line' id='line_1_38' title="bbox 2138 798 3708 868; baseline -0.008 -6"><span class='ocrx_word' id='word_1_245' title='bbox 2138 808 2299 863; x_wconf 82' lang='grc' dir='ltr'>Ἀλλὰ</span> <span class='ocrx_word' id='word_1_246' title='bbox 2354 809 2447 860; x_wconf 67' lang='grc' dir='ltr'><strong>καὶ</strong></span> <span class='ocrx_word' id='word_1_247' title='bbox 2502 805 2701 868; x_wconf 74' lang='grc' dir='ltr'>αὐτοὺς</span> <span class='ocrx_word' id='word_1_248' title='bbox 2759 805 2817 857; x_wconf 86' lang='grc' dir='ltr'>δὲ</span> <span class='ocrx_word' id='word_1_249' title='bbox 2883 802 3104 865; x_wconf 62' lang='grc' dir='ltr'>τούτους</span> <span class='ocrx_word' id='word_1_250' title='bbox 3159 802 3284 864; x_wconf 78' lang='grc' dir='ltr'>τοὺς</span> <span class='ocrx_word' id='word_1_251' title='bbox 3339 799 3399 864; x_wconf 79' lang='grc' dir='ltr'>ἐξ</span> <span class='ocrx_word' id='word_1_252' title='bbox 3439 798 3708 852; x_wconf 81' lang='grc' dir='ltr'><strong>Ἰουδαίων</strong></span> 
     </span>
    </p>
   </div>
   <div class='ocr_carea' id='block_1_38' title="bbox 2124 887 3706 969">
    <p class='ocr_par' dir='ltr' id='par_1_38' title="bbox 2124 887 3706 969">
     <span class='ocr_line' id='line_1_39' title="bbox 2124 887 3706 969; baseline -0.008 -17"><span class='ocrx_word' id='word_1_253' title='bbox 2124 899 2270 962; x_wconf 73' lang='grc' dir='ltr'>εἰκὸς</span> <span class='ocrx_word' id='word_1_254' title='bbox 2297 895 2362 969; x_wconf 80' lang='grc' dir='ltr'>ἦν</span> <span class='ocrx_word' id='word_1_255' title='bbox 2394 899 2587 963; x_wconf 79' lang='grc' dir='ltr'>εἰπεῖν,</span> <span class='ocrx_word' id='word_1_256' title='bbox 2611 898 2692 950; x_wconf 77' lang='grc' dir='ltr'><strong>ὅτι</strong></span> <span class='ocrx_word' id='word_1_257' title='bbox 2714 895 2890 958; x_wconf 70' lang='lat' dir='ltr'><strong>Deiot;</strong></span> <span class='ocrx_word' id='word_1_258' title='bbox 2918 892 3181 965; x_wconf 80' lang='grc' dir='ltr'>παροῦσιν</span> <span class='ocrx_word' id='word_1_259' title='bbox 3212 887 3706 963; x_wconf 76' lang='grc' dir='ltr'>ἀρκεσθησόμεθας</span> 
     </span>
    </p>
   </div>
   <div class='ocr_carea' id='block_1_39' title="bbox 2139 981 3708 1061">
    <p class='ocr_par' dir='ltr' id='par_1_39' title="bbox 2139 981 3708 1061">
     <span class='ocr_line' id='line_1_40' title="bbox 2139 981 3708 1061; baseline -0.007 -17"><span class='ocrx_word' id='word_1_260' title='bbox 2139 992 2329 1061; x_wconf 83' lang='grc' dir='ltr'>Ἡμεῖς</span> <span class='ocrx_word' id='word_1_261' title='bbox 2379 991 2786 1061; x_wconf 75' lang='grc' dir='ltr'>διηρπάγημεν,</span> <span class='ocrx_word' id='word_1_262' title='bbox 2818 986 2975 1040; x_wconf 80' lang='grc' dir='ltr'>οὐδὲν</span> <span class='ocrx_word' id='word_1_263' title='bbox 3032 985 3228 1055; x_wconf 76' lang='grc' dir='ltr'>ἔχομεν</span> <span class='ocrx_word' id='word_1_264' title='bbox 3282 982 3489 1036; x_wconf 81' lang='grc' dir='ltr'>λοιπόν.</span> <span class='ocrx_word' id='word_1_265' title='bbox 3540 981 3708 1050; x_wconf 75' lang='grc' dir='ltr'>Φησὶν</span> 
     </span>
    </p>
   </div>
   <div class='ocr_carea' id='block_1_40' title="bbox 2124 1070 3705 1147">
    <p class='ocr_par' dir='ltr' id='par_1_40' title="bbox 2124 1070 3705 1147">
     <span class='ocr_line' id='line_1_41' title="bbox 2124 1070 3705 1147; baseline -0.009 -10"><span class='ocrx_word' id='word_1_266' title='bbox 2124 1080 2218 1137; x_wconf 75' lang='grc' dir='ltr'><strong>οὖν</strong></span> <span class='ocrx_word' id='word_1_267' title='bbox 2246 1084 2327 1136; x_wconf 80' lang='grc' dir='ltr'><strong>ὅτι</strong></span> <span class='ocrx_word' id='word_1_268' title='bbox 2370 1081 2609 1134; x_wconf 74' lang='grc' dir='ltr'>Δύνασθε</span> <span class='ocrx_word' id='word_1_269' title='bbox 2652 1082 2764 1143; x_wconf 76' lang='grc' dir='ltr'>τοῖς</span> <span class='ocrx_word' id='word_1_270' title='bbox 2792 1078 3184 1147; x_wconf 69' lang='grc' dir='ltr'><strong>ὑπολειφθεῖσι,</strong></span> <span class='ocrx_word' id='word_1_271' title='bbox 3215 1074 3316 1128; x_wconf 82' lang='grc' dir='ltr'><strong>κᾶν</strong></span> <span class='ocrx_word' id='word_1_272' title='bbox 3343 1072 3549 1144; x_wconf 83' lang='grc' dir='ltr'>βραχέα</span> <span class='ocrx_word' id='word_1_273' title='bbox 3574 1070 3705 1135; x_wconf 78' lang='grc' dir='ltr'>εἷεν,</span> 
     </span>
    </p>
   </div>
   <div class='ocr_carea' id='block_1_41' title="bbox 2124 1167 3708 1249">
    <p class='ocr_par' dir='ltr' id='par_1_41' title="bbox 2124 1167 3708 1249">
     <span class='ocr_line' id='line_1_42' title="bbox 2124 1167 3708 1249; baseline -0.006 -18"><span class='ocrx_word' id='word_1_274' title='bbox 2124 1178 2430 1249; x_wconf 70' lang='grc' dir='ltr'>ἀρκεῖσθαι.</span> <span class='ocrx_word' id='word_1_275' title='bbox 2466 1176 2647 1246; x_wconf 69' lang='grc' dir='ltr'><strong>Ὀγᾶρ</strong></span> <span class='ocrx_word' id='word_1_276' title='bbox 2673 1175 2803 1238; x_wconf 79' lang='grc' dir='ltr'>Θεὸς</span> <span class='ocrx_word' id='word_1_277' title='bbox 2830 1172 3069 1245; x_wconf 75' lang='grc' dir='ltr'>εἴρηκεν·</span> <span class='ocrx_word' id='word_1_278' title='bbox 3093 1174 3173 1226; x_wconf 81' lang='grc' dir='ltr'><strong>Οὐ</strong></span> <span class='ocrx_word' id='word_1_279' title='bbox 3190 1170 3277 1241; x_wconf 83' lang='grc' dir='ltr'>μή</span> <span class='ocrx_word' id='word_1_280' title='bbox 3295 1185 3369 1225; x_wconf 77' lang='grc' dir='ltr'><strong>σε</strong></span> <span class='ocrx_word' id='word_1_281' title='bbox 3384 1167 3528 1233; x_wconf 82' lang='grc' dir='ltr'>ἀνῶ,</span> <span class='ocrx_word' id='word_1_282' title='bbox 3551 1185 3708 1221; x_wconf 80' lang='grc' dir='ltr'>τουτ-</span> 
     </span>
    </p>
   </div>
   <div class='ocr_carea' id='block_1_42' title="bbox 2125 1256 3703 1340">
    <p class='ocr_par' dir='ltr' id='par_1_42' title="bbox 2125 1256 3703 1340">
     <span class='ocr_line' id='line_1_43' title="bbox 2125 1256 3703 1340; baseline -0.009 -14"><span class='ocrx_word' id='word_1_283' title='bbox 2125 1273 2274 1326; x_wconf 79' lang='grc' dir='ltr'>έστιν</span> <span class='ocrx_word' id='word_1_284' title='bbox 2336 1273 2409 1325; x_wconf 76' lang='grc' dir='ltr'>Οὐ</span> <span class='ocrx_word' id='word_1_285' title='bbox 2460 1270 2533 1340; x_wconf 82' lang='grc' dir='ltr'>μή</span> <span class='ocrx_word' id='word_1_286' title='bbox 2584 1286 2642 1322; x_wconf 89' lang='grc' dir='ltr'><strong>σε</strong></span> <span class='ocrx_word' id='word_1_287' title='bbox 2672 1269 2839 1321; x_wconf 79' lang='grc' dir='ltr'>ἐάσω.</span> <span class='ocrx_word' id='word_1_288' title='bbox 2900 1265 2962 1319; x_wconf 76' lang='lat' dir='ltr'><strong>Et</strong></span> <span class='ocrx_word' id='word_1_289' title='bbox 2992 1265 3133 1334; x_wconf 84' lang='grc' dir='ltr'><strong>τάχα</strong></span> <span class='ocrx_word' id='word_1_290' title='bbox 3161 1265 3217 1317; x_wconf 76' lang='grc' dir='ltr'><strong>δὲ</strong></span> <span class='ocrx_word' id='word_1_291' title='bbox 3241 1264 3337 1318; x_wconf 72' lang='grc' dir='ltr'>καὶ</span> <span class='ocrx_word' id='word_1_292' title='bbox 3381 1256 3409 1317; x_wconf 77' lang='grc' dir='ltr'><strong>ὅ</strong></span> <span class='ocrx_word' id='word_1_293' title='bbox 3448 1262 3703 1314; x_wconf 80' lang='grc' dir='ltr'>Ἀπόστο-</span> 
     </span>
    </p>
   </div>
   <div class='ocr_carea' id='block_1_43' title="bbox 2125 1355 3709 1435">
    <p class='ocr_par' dir='ltr' id='par_1_43' title="bbox 2125 1355 3709 1435">
     <span class='ocr_line' id='line_1_44' title="bbox 2125 1355 3709 1435; baseline -0.009 -16"><span class='ocrx_word' id='word_1_294' title='bbox 2125 1367 2217 1428; x_wconf 83' lang='grc' dir='ltr'><strong>λος</strong></span> <span class='ocrx_word' id='word_1_295' title='bbox 2253 1366 2383 1435; x_wconf 78' lang='grc' dir='ltr'>περὶ</span> <span class='ocrx_word' id='word_1_296' title='bbox 2411 1364 2521 1417; x_wconf 84' lang='grc' dir='ltr'><strong>τῶν</strong></span> <span class='ocrx_word' id='word_1_297' title='bbox 2552 1360 2828 1433; x_wconf 80' lang='grc' dir='ltr'>χρειωδῶν</span> <span class='ocrx_word' id='word_1_298' title='bbox 2875 1359 3155 1425; x_wconf 76' lang='grc' dir='ltr'><strong>ἐξεδέξατο</strong></span> <span class='ocrx_word' id='word_1_299' title='bbox 3182 1357 3363 1418; x_wconf 85' lang='grc' dir='ltr'>τοῦτο,</span> <span class='ocrx_word' id='word_1_300' title='bbox 3395 1355 3529 1410; x_wconf 80' lang='grc' dir='ltr'>ἀλλὰ</span> <span class='ocrx_word' id='word_1_301' title='bbox 3555 1355 3618 1408; x_wconf 77' lang='grc' dir='ltr'>σύ</span> <span class='ocrx_word' id='word_1_302' title='bbox 3646 1371 3709 1421; x_wconf 89' lang='grc' dir='ltr'><strong>γε</strong></span> 
     </span>
    </p>
   </div>
   <div class='ocr_carea' id='block_1_44' title="bbox 2125 1447 3711 1527">
    <p class='ocr_par' dir='ltr' id='par_1_44' title="bbox 2125 1447 3711 1527">
     <span class='ocr_line' id='line_1_45' title="bbox 2125 1447 3711 1527; baseline -0.008 -16"><span class='ocrx_word' id='word_1_303' title='bbox 2125 1462 2219 1512; x_wconf 71' lang='grc' dir='ltr'>καὶ</span> <span class='ocrx_word' id='word_1_304' title='bbox 2250 1459 2346 1512; x_wconf 78' lang='grc' dir='ltr'>ἐπὶ</span> <span class='ocrx_word' id='word_1_305' title='bbox 2407 1456 2609 1520; x_wconf 81' lang='grc' dir='ltr'>παντὸς</span> <span class='ocrx_word' id='word_1_306' title='bbox 2662 1455 2990 1527; x_wconf 73' lang='grc' dir='ltr'>πράγματος</span> <span class='ocrx_word' id='word_1_307' title='bbox 3047 1452 3195 1519; x_wconf 76' lang='grc' dir='ltr'>δέξαι</span> <span class='ocrx_word' id='word_1_308' title='bbox 3224 1450 3382 1506; x_wconf 80' lang='grc' dir='ltr'>τοῦτο</span> <span class='ocrx_word' id='word_1_309' title='bbox 3407 1449 3573 1521; x_wconf 70' lang='grc' dir='ltr'>ῥηθὲν</span> <span class='ocrx_word' id='word_1_310' title='bbox 3603 1447 3711 1502; x_wconf 77' lang='grc' dir='ltr'>ὑπὸ</span> 
     </span>
    </p>
   </div>
   <div class='ocr_carea' id='block_1_45' title="bbox 2125 1552 2282 1607">
    <p class='ocr_par' dir='ltr' id='par_1_45' title="bbox 2125 1552 2282 1607">
     <span class='ocr_line' id='line_1_46' title="bbox 2125 1552 2282 1607; baseline -0.013 0"><span class='ocrx_word' id='word_1_311' title='bbox 2125 1552 2282 1607; x_wconf 77' lang='grc' dir='ltr'>Θευῦ.</span> 
     </span>
    </p>
   </div>
   <div class='ocr_carea' id='block_1_46' title="bbox 2205 1733 3710 1814">
    <p class='ocr_par' dir='ltr' id='par_1_46' title="bbox 2205 1733 3710 1814">
     <span class='ocr_line' id='line_1_47' title="bbox 2205 1733 3710 1814; baseline -0.013 -12"><span class='ocrx_word' id='word_1_312' title='bbox 2205 1748 2386 1802; x_wconf 72' lang='grc' dir='ltr'>Ὥστε</span> <span class='ocrx_word' id='word_1_313' title='bbox 2439 1745 2809 1814; x_wconf 74' lang='grc' dir='ltr'>θαρῤοῧντας</span> <span class='ocrx_word' id='word_1_314' title='bbox 2856 1742 3016 1811; x_wconf 72' lang='grc' dir='ltr'>’ἡμᾶς</span> <span class='ocrx_word' id='word_1_315' title='bbox 3064 1739 3265 1809; x_wconf 72' lang='grc' dir='ltr'>λέγειν</span> <span class='ocrx_word' id='word_1_316' title='bbox 3294 1751 3309 1768; x_wconf 84' lang='grc'>⁶</span> <span class='ocrx_word' id='word_1_317' title='bbox 3342 1733 3559 1803; x_wconf 72' lang='grc' dir='ltr'>Κύριός</span> <span class='ocrx_word' id='word_1_318' title='bbox 3610 1748 3710 1801; x_wconf 81' lang='grc' dir='ltr'><strong>μοι</strong></span> 
     </span>
    </p>
   </div>
   <div class='ocr_carea' id='block_1_47' title="bbox 2123 1825 3715 1911">
    <p class='ocr_par' dir='ltr' id='par_1_47' title="bbox 2123 1825 3715 1911">
     <span class='ocr_line' id='line_1_48' title="bbox 2123 1825 3715 1911; baseline -0.013 -13"><span class='ocrx_word' id='word_1_319' title='bbox 2123 1843 2376 1911; x_wconf 76' lang='grc' dir='ltr'>βοηθὸς,</span> <span class='ocrx_word' id='word_1_320' title='bbox 2417 1841 2517 1894; x_wconf 80' lang='grc' dir='ltr'><strong>καὶ</strong></span> <span class='ocrx_word' id='word_1_321' title='bbox 2557 1842 2629 1894; x_wconf 87' lang='grc' dir='ltr'>οὐ</span> <span class='ocrx_word' id='word_1_322' title='bbox 2673 1838 3089 1908; x_wconf 73' lang='grc' dir='ltr'>φοϐηθήσομαι</span> <span class='ocrx_word' id='word_1_323' title='bbox 3114 1835 3172 1889; x_wconf 78' lang='grc' dir='ltr'>τί</span> <span class='ocrx_word' id='word_1_324' title='bbox 3217 1829 3456 1897; x_wconf 77' lang='grc' dir='ltr'>ποιήσει</span> <span class='ocrx_word' id='word_1_325' title='bbox 3479 1845 3581 1897; x_wconf 87' lang='grc' dir='ltr'><strong>μοι</strong></span> <span class='ocrx_word' id='word_1_326' title='bbox 3610 1825 3715 1879; x_wconf 78' lang='grc' dir='ltr'><strong>ἄν·</strong></span> 
     </span>
    </p>
   </div>
   <div class='ocr_carea' id='block_1_48' title="bbox 2131 1917 3711 2004">
    <p class='ocr_par' dir='ltr' id='par_1_48' title="bbox 2131 1917 3711 2004">
     <span class='ocr_line' id='line_1_49' title="bbox 2131 1917 3711 2004; baseline -0.015 -13"><span class='ocrx_word' id='word_1_327' title='bbox 2131 1941 2381 2004; x_wconf 82' lang='grc' dir='ltr'>θρωπος.</span> <span class='ocrx_word' id='word_1_328' title='bbox 2425 1931 2580 1986; x_wconf 78' lang='grc' dir='ltr'>Ἐπεὶ</span> <span class='ocrx_word' id='word_1_329' title='bbox 2608 1930 2781 1985; x_wconf 82' lang='grc' dir='ltr'>ταῦτα</span> <span class='ocrx_word' id='word_1_330' title='bbox 2815 1926 2970 1983; x_wconf 84' lang='grc' dir='ltr'>εἶπεν</span> <span class='ocrx_word' id='word_1_331' title='bbox 3019 1929 3047 1981; x_wconf 86' lang='grc' dir='ltr'>ὀ</span> <span class='ocrx_word' id='word_1_332' title='bbox 3094 1924 3249 1988; x_wconf 73' lang='grc' dir='ltr'>Θεὸς,</span> <span class='ocrx_word' id='word_1_333' title='bbox 3298 1919 3465 1976; x_wconf 77' lang='grc' dir='ltr'>πιστὰ</span> <span class='ocrx_word' id='word_1_334' title='bbox 3493 1917 3711 1977; x_wconf 78' lang='grc' dir='ltr'>πάντως</span> 
     </span>
    </p>
   </div>
   <div class='ocr_carea' id='block_1_49' title="bbox 2131 2008 3706 2094">
    <p class='ocr_par' dir='ltr' id='par_1_49' title="bbox 2131 2008 3706 2094">
     <span class='ocr_line' id='line_1_50' title="bbox 2131 2008 3706 2094; baseline -0.013 -13"><span class='ocrx_word' id='word_1_335' title='bbox 2131 2029 2259 2083; x_wconf 80' lang='grc' dir='ltr'>εἰσι.</span> <span class='ocrx_word' id='word_1_336' title='bbox 2285 2028 2486 2080; x_wconf 71' lang='grc' dir='ltr'>Λοιπὸν</span> <span class='ocrx_word' id='word_1_337' title='bbox 2507 2020 2598 2078; x_wconf 69' lang='grc' dir='ltr'><strong>οὖν</strong></span> <span class='ocrx_word' id='word_1_338' title='bbox 2629 2021 2963 2094; x_wconf 74' lang='grc' dir='ltr'>θαρροῦντες</span> <span class='ocrx_word' id='word_1_339' title='bbox 2983 2017 3254 2087; x_wconf 86' lang='grc' dir='ltr'>λέγωμεν,</span> <span class='ocrx_word' id='word_1_340' title='bbox 3279 2015 3361 2067; x_wconf 85' lang='grc' dir='ltr'>ὅτι</span> <span class='ocrx_word' id='word_1_341' title='bbox 3393 2012 3441 2066; x_wconf 84' lang='lat' dir='ltr'><strong>oi</strong></span> <span class='ocrx_word' id='word_1_342' title='bbox 3476 2008 3706 2078; x_wconf 83' lang='grc' dir='ltr'>διαρπά-</span> 
     </span>
    </p>
   </div>
   <div class='ocr_carea' id='block_1_50' title="bbox 2132 2100 3705 2184">
    <p class='ocr_par' dir='ltr' id='par_1_50' title="bbox 2132 2100 3705 2184">
     <span class='ocr_line' id='line_1_51' title="bbox 2132 2100 3705 2184; baseline -0.012 -12"><span class='ocrx_word' id='word_1_343' title='bbox 2132 2112 2324 2183; x_wconf 65' lang='grc' dir='ltr'>ζοντες</span> <span class='ocrx_word' id='word_1_344' title='bbox 2361 2116 2430 2168; x_wconf 84' lang='grc' dir='ltr'>τὰ</span> <span class='ocrx_word' id='word_1_345' title='bbox 2475 2114 2794 2184; x_wconf 80' lang='grc' dir='ltr'>ὑπάρχοντα</span> <span class='ocrx_word' id='word_1_346' title='bbox 2834 2109 3018 2181; x_wconf 76' lang='grc' dir='ltr'>ὴμῶν,</span> <span class='ocrx_word' id='word_1_347' title='bbox 3054 2109 3116 2161; x_wconf 78' lang='grc' dir='ltr'><strong>οὐ</strong></span> <span class='ocrx_word' id='word_1_348' title='bbox 3154 2104 3516 2160; x_wconf 82' lang='grc' dir='ltr'>στενὼσουσιν</span> <span class='ocrx_word' id='word_1_349' title='bbox 3544 2100 3705 2169; x_wconf 75' lang='grc' dir='ltr'>ἡμᾶς.</span> 
     </span>
    </p>
   </div>
   <div class='ocr_carea' id='block_1_51' title="bbox 2207 2283 3709 2369">
    <p class='ocr_par' dir='ltr' id='par_1_51' title="bbox 2207 2283 3709 2369">
     <span class='ocr_line' id='line_1_52' title="bbox 2207 2283 3709 2369; baseline -0.015 -14"><span class='ocrx_word' id='word_1_350' title='bbox 2207 2299 2627 2369; x_wconf 81' lang='grc' dir='ltr'>Μνημονεύετε</span> <span class='ocrx_word' id='word_1_351' title='bbox 2686 2293 2806 2350; x_wconf 87' lang='grc' dir='ltr'><strong>τῶν</strong></span> <span class='ocrx_word' id='word_1_352' title='bbox 2860 2289 3212 2362; x_wconf 67' lang='grc' dir='ltr'>ἡγουμένων</span> <span class='ocrx_word' id='word_1_353' title='bbox 3253 2284 3440 2356; x_wconf 79' lang='grc' dir='ltr'>ὑμῶν,</span> <span class='ocrx_word' id='word_1_354' title='bbox 3497 2283 3709 2347; x_wconf 76' lang='grc' dir='ltr'>οἵτινες</span> 
     </span>
    </p>
   </div>
   <div class='ocr_carea' id='block_1_52' title="bbox 2132 2373 3715 2459">
    <p class='ocr_par' dir='ltr' id='par_1_52' title="bbox 2132 2373 3715 2459">
     <span class='ocr_line' id='line_1_53' title="bbox 2132 2373 3715 2459; baseline -0.015 -11"><span class='ocrx_word' id='word_1_355' title='bbox 2132 2393 2450 2459; x_wconf 77' lang='grc' dir='ltr'><strong>ἐλάλησαν</strong></span> <span class='ocrx_word' id='word_1_356' title='bbox 2500 2388 2642 2458; x_wconf 84' lang='grc' dir='ltr'>ὑμῖν</span> <span class='ocrx_word' id='word_1_357' title='bbox 2694 2380 2803 2440; x_wconf 74' lang='grc' dir='ltr'>τ’ὀν</span> <span class='ocrx_word' id='word_1_358' title='bbox 2847 2386 3036 2452; x_wconf 71' lang='grc' dir='ltr'>λόγον</span> <span class='ocrx_word' id='word_1_359' title='bbox 3067 2380 3176 2435; x_wconf 83' lang='grc' dir='ltr'>τοῦ</span> <span class='ocrx_word' id='word_1_360' title='bbox 3210 2378 3379 2435; x_wconf 80' lang='grc' dir='ltr'>Θεοῦ.</span> <span class='ocrx_word' id='word_1_361' title='bbox 3410 2375 3581 2429; x_wconf 83' lang='grc' dir='ltr'>Τοῦτο</span> <span class='ocrx_word' id='word_1_362' title='bbox 3621 2373 3715 2426; x_wconf 73' lang='grc' dir='ltr'>καὶ</span> 
     </span>
    </p>
   </div>
   <div class='ocr_carea' id='block_1_53' title="bbox 2138 2465 3713 2550">
    <p class='ocr_par' dir='ltr' id='par_1_53' title="bbox 2138 2465 3713 2550">
     <span class='ocr_line' id='line_1_54' title="bbox 2138 2465 3713 2550; baseline -0.015 -11"><span class='ocrx_word' id='word_1_363' title='bbox 2138 2481 2597 2538; x_wconf 81' lang='grc' dir='ltr'>Θεσσαλονικεῦσι</span> <span class='ocrx_word' id='word_1_364' title='bbox 2623 2475 2881 2550; x_wconf 80' lang='grc' dir='ltr'><strong>παρῄνει,</strong></span> <span class='ocrx_word' id='word_1_365' title='bbox 2925 2475 3071 2528; x_wconf 81' lang='grc' dir='ltr'>ὥστε</span> <span class='ocrx_word' id='word_1_366' title='bbox 3103 2472 3248 2543; x_wconf 75' lang='grc' dir='ltr'>ἐχειν</span> <span class='ocrx_word' id='word_1_367' title='bbox 3269 2468 3468 2531; x_wconf 72' lang='grc' dir='ltr'>αὐτοὺς</span> <span class='ocrx_word' id='word_1_368' title='bbox 3496 2468 3555 2520; x_wconf 75' lang='grc' dir='ltr'>ὲν</span> <span class='ocrx_word' id='word_1_369' title='bbox 3580 2465 3713 2534; x_wconf 81' lang='grc' dir='ltr'>τιμῇ</span> 
     </span>
    </p>
   </div>
   <div class='ocr_carea' id='block_1_54' title="bbox 2138 2561 3718 2649">
    <p class='ocr_par' dir='ltr' id='par_1_54' title="bbox 2138 2561 3718 2649">
     <span class='ocr_line' id='line_1_55' title="bbox 2138 2561 3718 2649; baseline -0.014 -17"><span class='ocrx_word' id='word_1_370' title='bbox 2138 2573 2635 2649; x_wconf 78' lang='grc' dir='ltr'>ὑπερεκπερισσοῦ.</span> <span class='ocrx_word' id='word_1_371' title='bbox 2670 2573 2782 2626; x_wconf 80' lang='grc' dir='ltr'><strong>Καὶ</strong></span> <span class='ocrx_word' id='word_1_372' title='bbox 2819 2569 3011 2639; x_wconf 83' lang='grc' dir='ltr'>ὥσπερ</span> <span class='ocrx_word' id='word_1_373' title='bbox 3043 2569 3244 2620; x_wconf 73' lang='grc' dir='ltr'>ἐκεῖνοι</span> <span class='ocrx_word' id='word_1_374' title='bbox 3294 2561 3390 2617; x_wconf 76' lang='grc' dir='ltr'><strong>τοῦ</strong></span> <span class='ocrx_word' id='word_1_375' title='bbox 3427 2561 3588 2628; x_wconf 80' lang='grc' dir='ltr'>λόγου</span> <span class='ocrx_word' id='word_1_376' title='bbox 3620 2576 3718 2629; x_wconf 81' lang='grc' dir='ltr'>με·</span> 
     </span>
    </p>
   </div>
   <div class='ocr_carea' id='block_1_55' title="bbox 2135 2649 3717 2730">
    <p class='ocr_par' dir='ltr' id='par_1_55' title="bbox 2135 2649 3717 2730">
     <span class='ocr_line' id='line_1_56' title="bbox 2135 2649 3717 2730; baseline -0.014 -9"><span class='ocrx_word' id='word_1_377' title='bbox 2135 2667 2463 2730; x_wconf 71' lang='grc' dir='ltr'>ταδιδόασιν,</span> <span class='ocrx_word' id='word_1_378' title='bbox 2487 2664 2681 2725; x_wconf 74' lang='grc' dir='ltr'>οὕτως,</span> <span class='ocrx_word' id='word_1_379' title='bbox 2718 2663 2766 2715; x_wconf 79' lang='grc' dir='ltr'><strong>ει</strong></span> <span class='ocrx_word' id='word_1_380' title='bbox 2804 2660 2982 2714; x_wconf 75' lang='grc' dir='ltr'>ἔνεστι</span> <span class='ocrx_word' id='word_1_381' title='bbox 3042 2656 3255 2728; x_wconf 82' lang='grc' dir='ltr'><strong>βοηθεῖν</strong></span> <span class='ocrx_word' id='word_1_382' title='bbox 3295 2653 3479 2715; x_wconf 81' lang='grc' dir='ltr'>αὐτοῖς</span> <span class='ocrx_word' id='word_1_383' title='bbox 3507 2650 3567 2703; x_wconf 71' lang='grc' dir='ltr'>ὲν</span> <span class='ocrx_word' id='word_1_384' title='bbox 3595 2649 3717 2710; x_wconf 85' lang='grc' dir='ltr'>ταῖς</span> 
     </span>
    </p>
   </div>
   <div class='ocr_carea' id='block_1_56' title="bbox 2139 2738 3714 2828">
    <p class='ocr_par' dir='ltr' id='par_1_56' title="bbox 2139 2738 3714 2828">
     <span class='ocr_line' id='line_1_57' title="bbox 2139 2738 3714 2828; baseline -0.013 -16"><span class='ocrx_word' id='word_1_385' title='bbox 2139 2759 2483 2828; x_wconf 81' lang='grc' dir='ltr'><strong>σωματικαῖς</strong></span> <span class='ocrx_word' id='word_1_386' title='bbox 2528 2754 2761 2826; x_wconf 81' lang='grc' dir='ltr'>χρείαις.</span> <span class='ocrx_word' id='word_1_387' title='bbox 2786 2751 2958 2805; x_wconf 84' lang='grc' dir='ltr'>Τοῦτο</span> <span class='ocrx_word' id='word_1_388' title='bbox 2999 2748 3111 2821; x_wconf 85' lang='grc' dir='ltr'>γὰρ</span> <span class='ocrx_word' id='word_1_389' title='bbox 3140 2746 3437 2801; x_wconf 78' lang='grc' dir='ltr'><strong>αἰνίττεται</strong></span> <span class='ocrx_word' id='word_1_390' title='bbox 3479 2741 3568 2794; x_wconf 81' lang='grc' dir='ltr'>διὰ</span> <span class='ocrx_word' id='word_1_391' title='bbox 3598 2738 3714 2802; x_wconf 79' lang='grc' dir='ltr'>τοῦ,</span> 
     </span>
    </p>
   </div>
   <div class='ocr_carea' id='block_1_57' title="bbox 2139 2829 3719 2916">
    <p class='ocr_par' dir='ltr' id='par_1_57' title="bbox 2139 2829 3719 2916">
     <span class='ocr_line' id='line_1_58' title="bbox 2139 2829 3719 2916; baseline -0.013 -13"><span class='ocrx_word' id='word_1_392' title='bbox 2139 2847 2577 2916; x_wconf 75' lang='grc' dir='ltr'>Μνημονεύετε.</span> <span class='ocrx_word' id='word_1_393' title='bbox 2615 2844 2688 2897; x_wconf 85' lang='grc' dir='ltr'><em>Ἢ</em></span> <span class='ocrx_word' id='word_1_394' title='bbox 2717 2842 2814 2897; x_wconf 77' lang='grc' dir='ltr'><strong>καὶ</strong></span> <span class='ocrx_word' id='word_1_395' title='bbox 2866 2840 3003 2912; x_wconf 84' lang='grc' dir='ltr'>πρὸς</span> <span class='ocrx_word' id='word_1_396' title='bbox 3036 2839 3273 2912; x_wconf 80' lang='grc' dir='ltr'><strong>μίμησιν</strong></span> <span class='ocrx_word' id='word_1_397' title='bbox 3297 2833 3478 2890; x_wconf 80' lang='grc' dir='ltr'>αὐτῶν</span> <span class='ocrx_word' id='word_1_398' title='bbox 3500 2829 3719 2886; x_wconf 73' lang='grc' dir='ltr'>ἐπαλεί-</span> 
     </span>
    </p>
   </div>
   <div class='ocr_carea' id='block_1_58' title="bbox 2142 2939 2511 3009">
    <p class='ocr_par' dir='ltr' id='par_1_58' title="bbox 2142 2939 2511 3009">
     <span class='ocr_line' id='line_1_59' title="bbox 2142 2939 2511 3009; baseline -0.003 -16"><span class='ocrx_word' id='word_1_399' title='bbox 2142 2958 2233 3009; x_wconf 83' lang='grc' dir='ltr'>φει</span> <span class='ocrx_word' id='word_1_400' title='bbox 2266 2939 2511 3001; x_wconf 82' lang='grc' dir='ltr'><strong>τούτους.</strong></span> 
     </span>
    </p>
   </div>
   <div class='ocr_carea' id='block_1_59' title="bbox 2210 3017 3718 3096">
    <p class='ocr_par' dir='ltr' id='par_1_59' title="bbox 2210 3017 3718 3096">
     <span class='ocr_line' id='line_1_60' title="bbox 2210 3017 3718 3096; baseline -0.013 -10"><span class='ocrx_word' id='word_1_401' title='bbox 2210 3027 2323 3085; x_wconf 84' lang='grc' dir='ltr'>Ὧν</span> <span class='ocrx_word' id='word_1_402' title='bbox 2344 3024 2821 3096; x_wconf 77' lang='grc' dir='ltr'>ἀναθεωροῦντες</span> <span class='ocrx_word' id='word_1_403' title='bbox 2856 3022 2971 3092; x_wconf 82' lang='grc' dir='ltr'>τὴν</span> <span class='ocrx_word' id='word_1_404' title='bbox 3006 3022 3260 3077; x_wconf 75' lang='grc' dir='ltr'>ἔκϐασιν</span> <span class='ocrx_word' id='word_1_405' title='bbox 3288 3017 3400 3087; x_wconf 83' lang='grc' dir='ltr'>τῆς</span> <span class='ocrx_word' id='word_1_406' title='bbox 3426 3017 3718 3083; x_wconf 81' lang='grc' dir='ltr'>ἀναστρο-</span> 
     </span>
    </p>
   </div>
   <div class='ocr_carea' id='block_1_60' title="bbox 465 3106 2033 3203">
    <p class='ocr_par' dir='ltr' id='par_1_60' title="bbox 465 3120 2033 3200">
     <span class='ocr_line' id='line_1_61' title="bbox 465 3120 2033 3200; baseline -0.01 -13"><span class='ocrx_word' id='word_1_407' title='bbox 465 3135 593 3187; x_wconf 82' lang='lat' dir='ltr'><strong>mini</strong></span> <span class='ocrx_word' id='word_1_408' title='bbox 626 3133 805 3200; x_wconf 79' lang='lat' dir='ltr'><strong>ﬁdem.</strong></span> <span class='ocrx_word' id='word_1_409' title='bbox 869 3129 983 3183; x_wconf 83' lang='lat' dir='ltr'><strong>Hoc</strong></span> <span class='ocrx_word' id='word_1_410' title='bbox 1026 3137 1131 3188; x_wconf 87' lang='lat' dir='ltr'><strong>est.</strong></span> <span class='ocrx_word' id='word_1_411' title='bbox 1180 3126 1428 3181; x_wconf 79' lang='lat' dir='ltr'><strong>exactius</strong></span> <span class='ocrx_word' id='word_1_412' title='bbox 1472 3122 1911 3178; x_wconf 89' lang='lat' dir='ltr'><strong>considerantes.</strong></span> <span class='ocrx_word' id='word_1_413' title='bbox 1959 3120 2033 3172; x_wconf 85' lang='lat' dir='ltr'><strong>Ac</strong></span> 
     </span>
    </p>
   </div>
   <div class='ocr_carea' id='block_1_61' title="bbox 2140 3106 3719 3203">
    <p class='ocr_par' dir='ltr' id='par_1_61' title="bbox 2145 3106 3719 3194">
     <span class='ocr_line' id='line_1_62' title="bbox 2145 3106 3719 3194; baseline -0.015 -15"><span class='ocrx_word' id='word_1_414' title='bbox 2145 3121 2285 3194; x_wconf 73' lang='grc' dir='ltr'>φῆς,</span> <span class='ocrx_word' id='word_1_415' title='bbox 2313 3119 2590 3191; x_wconf 78' lang='grc' dir='ltr'><strong>μιμεῖσθε</strong></span> <span class='ocrx_word' id='word_1_416' title='bbox 2624 3119 2740 3186; x_wconf 80' lang='grc' dir='ltr'>τὴν</span> <span class='ocrx_word' id='word_1_417' title='bbox 2773 3117 3003 3171; x_wconf 75' lang='grc' dir='ltr'>πίστιν.</span> <span class='ocrx_word' id='word_1_418' title='bbox 3052 3112 3369 3176; x_wconf 86' lang='grc' dir='ltr'>Τουτέστιν,</span> <span class='ocrx_word' id='word_1_419' title='bbox 3395 3106 3719 3179; x_wconf 81' lang='grc' dir='ltr'>ἀκριὸέστε-</span> 
     </span>
    </p>
   </div>
   <div class='ocr_carea' id='block_1_62' title="bbox 466 3212 2034 3296">
    <p class='ocr_par' dir='ltr' id='par_1_62' title="bbox 466 3212 2034 3296">
     <span class='ocr_line' id='line_1_63' title="bbox 466 3212 2034 3296; baseline -0.008 -19"><span class='ocrx_word' id='word_1_420' title='bbox 466 3221 931 3296; x_wconf 86' lang='lat' dir='ltr'><strong>quemadmodum</strong></span> <span class='ocrx_word' id='word_1_421' title='bbox 998 3218 1261 3287; x_wconf 84' lang='lat' dir='ltr'><strong>discipuli</strong></span> <span class='ocrx_word' id='word_1_422' title='bbox 1335 3215 1565 3286; x_wconf 88' lang='lat' dir='ltr'><strong>pictoris</strong></span> <span class='ocrx_word' id='word_1_423' title='bbox 1648 3214 1715 3268; x_wconf 85' lang='lat' dir='ltr'><strong>ad</strong></span> <span class='ocrx_word' id='word_1_424' title='bbox 1796 3212 2034 3282; x_wconf 89' lang='lat' dir='ltr'><strong>primum</strong></span> 
     </span>
    </p>
   </div>
   <div class='ocr_carea' id='block_1_63' title="bbox 467 3307 2036 3386">
    <p class='ocr_par' dir='ltr' id='par_1_63' title="bbox 467 3307 2036 3386">
     <span class='ocr_line' id='line_1_64' title="bbox 467 3307 2036 3386; baseline -0.008 -13"><span class='ocrx_word' id='word_1_425' title='bbox 467 3317 777 3386; x_wconf 84' lang='lat' dir='ltr'><strong>exemplar,</strong></span> <span class='ocrx_word' id='word_1_426' title='bbox 833 3316 916 3369; x_wconf 91' lang='lat' dir='ltr'><strong>sic</strong></span> <span class='ocrx_word' id='word_1_427' title='bbox 971 3322 1027 3370; x_wconf 89' lang='lat' dir='ltr'><strong>et</strong></span> <span class='ocrx_word' id='word_1_428' title='bbox 1083 3326 1180 3368; x_wconf 75' lang='lat' dir='ltr'><strong>vos</strong></span> <span class='ocrx_word' id='word_1_429' title='bbox 1224 3325 1506 3381; x_wconf 88' lang='lat' dir='ltr'><strong>nunquam</strong></span> <span class='ocrx_word' id='word_1_430' title='bbox 1559 3325 1670 3365; x_wconf 90' lang='lat' dir='ltr'><strong>non</strong></span> <span class='ocrx_word' id='word_1_431' title='bbox 1737 3307 2036 3377; x_wconf 75' lang='lat' dir='ltr'><strong>deligentes</strong></span> 
     </span>
    </p>
   </div>
   <div class='ocr_carea' id='block_1_64' title="bbox 468 3402 2038 3472">
    <p class='ocr_par' dir='ltr' id='par_1_64' title="bbox 468 3402 2038 3472">
     <span class='ocr_line' id='line_1_65' title="bbox 468 3402 2038 3472; baseline -0.008 -8"><span class='ocrx_word' id='word_1_432' title='bbox 468 3409 662 3464; x_wconf 79' lang='lat' dir='ltr'><strong>oculo‘s</strong></span> <span class='ocrx_word' id='word_1_433' title='bbox 685 3406 751 3460; x_wconf 81' lang='lat' dir='ltr'><strong>ad</strong></span> <span class='ocrx_word' id='word_1_434' title='bbox 782 3407 1012 3472; x_wconf 73' lang='lat' dir='ltr'><strong>exitum,</strong></span> <span class='ocrx_word' id='word_1_435' title='bbox 1046 3405 1151 3459; x_wconf 87' lang='lat' dir='ltr'><strong>hoc</strong></span> <span class='ocrx_word' id='word_1_436' title='bbox 1174 3414 1281 3469; x_wconf 87' lang='lat' dir='ltr'><strong>est,</strong></span> <span class='ocrx_word' id='word_1_437' title='bbox 1314 3403 1384 3457; x_wconf 89' lang='lat' dir='ltr'><strong>ad</strong></span> <span class='ocrx_word' id='word_1_438' title='bbox 1434 3402 1597 3457; x_wconf 83' lang='lat' dir='ltr'><strong>tinem</strong></span> <span class='ocrx_word' id='word_1_439' title='bbox 1631 3403 1875 3471; x_wconf 88' lang='lat' dir='ltr'><strong>ipsorum</strong></span> <span class='ocrx_word' id='word_1_440' title='bbox 1906 3413 2038 3453; x_wconf 88' lang='lat' dir='ltr'><strong>con-</strong></span> 
     </span>
    </p>
   </div>
   <div class='ocr_carea' id='block_1_65' title="bbox 468 3493 2036 3563">
    <p class='ocr_par' dir='ltr' id='par_1_65' title="bbox 468 3493 2036 3563">
     <span class='ocr_line' id='line_1_66' title="bbox 468 3493 2036 3563; baseline -0.006 -10"><span class='ocrx_word' id='word_1_441' title='bbox 468 3498 824 3563; x_wconf 79' lang='lat' dir='ltr'><strong>versationis,</strong></span> <span class='ocrx_word' id='word_1_442' title='bbox 872 3497 927 3551; x_wconf 89' lang='lat' dir='ltr'><strong>id</strong></span> <span class='ocrx_word' id='word_1_443' title='bbox 969 3504 1076 3563; x_wconf 87' lang='lat' dir='ltr'><strong>est,</strong></span> <span class='ocrx_word' id='word_1_444' title='bbox 1104 3509 1321 3550; x_wconf 86' lang='lat' dir='ltr'><strong>morum</strong></span> <span class='ocrx_word' id='word_1_445' title='bbox 1351 3504 1405 3550; x_wconf 90' lang='lat' dir='ltr'><strong>et</strong></span> <span class='ocrx_word' id='word_1_446' title='bbox 1456 3496 1604 3557; x_wconf 72' lang='lat' dir='ltr'><strong>vitae,</strong></span> <span class='ocrx_word' id='word_1_447' title='bbox 1630 3494 1772 3563; x_wconf 90' lang='lat' dir='ltr'><strong>quod</strong></span> <span class='ocrx_word' id='word_1_448' title='bbox 1832 3493 2036 3547; x_wconf 87' lang='lat' dir='ltr'><strong>bonum</strong></span> 
     </span>
    </p>
   </div>
   <div class='ocr_carea' id='block_1_66' title="bbox 469 3583 2039 3657">
    <p class='ocr_par' dir='ltr' id='par_1_66' title="bbox 469 3583 2039 3657">
     <span class='ocr_line' id='line_1_67' title="bbox 469 3583 2039 3657; baseline -0.006 -11"><span class='ocrx_word' id='word_1_449' title='bbox 469 3593 628 3646; x_wconf 85' lang='lat' dir='ltr'><strong>linem</strong></span> <span class='ocrx_word' id='word_1_450' title='bbox 664 3597 826 3644; x_wconf 87' lang='lat' dir='ltr'><strong>nacta</strong></span> <span class='ocrx_word' id='word_1_451' title='bbox 860 3591 955 3655; x_wconf 83' lang='lat' dir='ltr'><strong>sit,</strong></span> <span class='ocrx_word' id='word_1_452' title='bbox 992 3588 1280 3642; x_wconf 89' lang='lat' dir='ltr'><strong>imitamini</strong></span> <span class='ocrx_word' id='word_1_453' title='bbox 1317 3589 1566 3657; x_wconf 83' lang='lat' dir='ltr'><strong>ipsorum</strong></span> <span class='ocrx_word' id='word_1_454' title='bbox 1596 3586 1781 3640; x_wconf 81' lang='lat' dir='ltr'><strong>ﬁdem.</strong></span> <span class='ocrx_word' id='word_1_455' title='bbox 1817 3584 1892 3638; x_wconf 83' lang='lat' dir='ltr'><strong>Ex</strong></span> <span class='ocrx_word' id='word_1_456' title='bbox 1935 3583 2039 3638; x_wconf 81' lang='lat' dir='ltr'><strong>[ide</strong></span> 
     </span>
    </p>
   </div>
   <div class='ocr_carea' id='block_1_67' title="bbox 466 3673 2036 3749">
    <p class='ocr_par' dir='ltr' id='par_1_67' title="bbox 466 3673 2036 3749">
     <span class='ocr_line' id='line_1_68' title="bbox 466 3673 2036 3749; baseline -0.006 -14"><span class='ocrx_word' id='word_1_457' title='bbox 466 3682 611 3736; x_wconf 86' lang='lat' dir='ltr'><strong>enim</strong></span> <span class='ocrx_word' id='word_1_458' title='bbox 642 3680 749 3733; x_wconf 82' lang='lat' dir='ltr'><strong>vita</strong></span> <span class='ocrx_word' id='word_1_459' title='bbox 800 3692 935 3749; x_wconf 86' lang='lat' dir='ltr'><strong>pura</strong></span> <span class='ocrx_word' id='word_1_460' title='bbox 993 3679 1261 3732; x_wconf 86' lang='lat' dir='ltr'><strong>nascitur.</strong></span> <span class='ocrx_word' id='word_1_461' title='bbox 1322 3678 1378 3730; x_wconf 90' lang='lat' dir='ltr'><strong>Si</strong></span> <span class='ocrx_word' id='word_1_462' title='bbox 1424 3676 1569 3731; x_wconf 90' lang='lat' dir='ltr'><strong>enim</strong></span> <span class='ocrx_word' id='word_1_463' title='bbox 1636 3673 1836 3729; x_wconf 81' lang='lat' dir='ltr'><strong>futuris</strong></span> <span class='ocrx_word' id='word_1_464' title='bbox 1879 3674 2036 3728; x_wconf 83' lang='lat' dir='ltr'><strong>(idem</strong></span> 
     </span>
    </p>
   </div>
   <div class='ocr_carea' id='block_1_68' title="bbox 468 3767 2039 3842">
    <p class='ocr_par' dir='ltr' id='par_1_68' title="bbox 468 3767 2039 3842">
     <span class='ocr_line' id='line_1_69' title="bbox 468 3767 2039 3842; baseline -0.006 -15"><span class='ocrx_word' id='word_1_465' title='bbox 468 3772 634 3842; x_wconf 77' lang='lat'><strong>758</strong></span> <span class='ocrx_word' id='word_1_466' title='bbox 667 3786 774 3826; x_wconf 92' lang='lat' dir='ltr'><strong>non</strong></span> <span class='ocrx_word' id='word_1_467' title='bbox 815 3769 1163 3833; x_wconf 85' lang='lat' dir='ltr'><strong>adhiberent,</strong></span> <span class='ocrx_word' id='word_1_468' title='bbox 1217 3767 1311 3824; x_wconf 91' lang='lat' dir='ltr'><strong>sed</strong></span> <span class='ocrx_word' id='word_1_469' title='bbox 1358 3767 1693 3831; x_wconf 90' lang='lat' dir='ltr'><strong>dubitarent,</strong></span> <span class='ocrx_word' id='word_1_470' title='bbox 1742 3778 2039 3819; x_wconf 81' lang='lat' dir='ltr'><strong>conversa-</strong></span> 
     </span>
    </p>
   </div>
   <div class='ocr_carea' id='block_1_69' title="bbox 468 3854 2039 3931">
    <p class='ocr_par' dir='ltr' id='par_1_69' title="bbox 468 3854 2039 3931">
     <span class='ocr_line' id='line_1_70' title="bbox 468 3854 2039 3931; baseline -0.005 -12"><span class='ocrx_word' id='word_1_471' title='bbox 468 3865 670 3919; x_wconf 84' lang='lat' dir='ltr'><strong>tionem</strong></span> <span class='ocrx_word' id='word_1_472' title='bbox 702 3859 1234 3931; x_wconf 83' lang='lat' dir='ltr'><strong>irrepreltensibilem</strong></span> <span class='ocrx_word' id='word_1_473' title='bbox 1264 3874 1367 3914; x_wconf 91' lang='lat' dir='ltr'><strong>non</strong></span> <span class='ocrx_word' id='word_1_474' title='bbox 1398 3858 1785 3914; x_wconf 87' lang='lat' dir='ltr'><strong>ostendissent.</strong></span> <span class='ocrx_word' id='word_1_475' title='bbox 1825 3854 2039 3911; x_wconf 78' lang='lat' dir='ltr'><strong>Rursus</strong></span> 
     </span>
    </p>
   </div>
   <div class='ocr_carea' id='block_1_70' title="bbox 470 3948 2037 4022">
    <p class='ocr_par' dir='ltr' id='par_1_70' title="bbox 470 3948 2037 4022">
     <span class='ocr_line' id='line_1_71' title="bbox 470 3948 2037 4022; baseline -0.003 -12"><span class='ocrx_word' id='word_1_476' title='bbox 470 3966 651 4010; x_wconf 89' lang='lat' dir='ltr'><strong>autem</strong></span> <span class='ocrx_word' id='word_1_477' title='bbox 679 3953 1193 4022; x_wconf 82' lang='lat' dir='ltr'><strong>pusillanimitatem</strong></span> <span class='ocrx_word' id='word_1_478' title='bbox 1250 3967 1440 4006; x_wconf 88' lang='lat' dir='ltr'><strong>eorum</strong></span> <span class='ocrx_word' id='word_1_479' title='bbox 1495 3959 1688 4018; x_wconf 85' lang='lat' dir='ltr'><strong>curat;</strong></span> <span class='ocrx_word' id='word_1_480' title='bbox 1745 3950 1827 4005; x_wconf 87' lang='lat' dir='ltr'><strong>vel</strong></span> <span class='ocrx_word' id='word_1_481' title='bbox 1878 3948 2037 4005; x_wconf 85' lang='lat' dir='ltr'><strong>Iidem</strong></span> 
     </span>
    </p>
   </div>
   <div class='ocr_carea' id='block_1_71' title="bbox 471 4044 1419 4117">
    <p class='ocr_par' dir='ltr' id='par_1_71' title="bbox 471 4044 1419 4117">
     <span class='ocr_line' id='line_1_72' title="bbox 471 4044 1419 4117; baseline -0.002 -16"><span class='ocrx_word' id='word_1_482' title='bbox 471 4049 787 4117; x_wconf 76' lang='lat' dir='ltr'><strong>dogmatum</strong></span> <span class='ocrx_word' id='word_1_483' title='bbox 814 4045 969 4100; x_wconf 85' lang='lat' dir='ltr'><strong>dicit.</strong></span> <span class='ocrx_word' id='word_1_484' title='bbox 1009 4044 1179 4099; x_wconf 81' lang='lat' dir='ltr'><strong>Infert</strong></span> <span class='ocrx_word' id='word_1_485' title='bbox 1216 4044 1419 4114; x_wconf 73' lang='lat' dir='ltr'><strong>igitur:</strong></span> 
     </span>
    </p>
   </div>
   <div class='ocr_carea' id='block_1_72' title="bbox 545 4134 2040 4201">
    <p class='ocr_par' dir='ltr' id='par_1_72' title="bbox 545 4134 2040 4201">
     <span class='ocr_line' id='line_1_73' title="bbox 545 4134 2040 4201; baseline -0.001 -12"><span class='ocrx_word' id='word_1_486' title='bbox 545 4136 710 4191; x_wconf 76' lang='lat' dir='ltr'><strong>Vens.</strong></span> <span class='ocrx_word' id='word_1_487' title='bbox 746 4140 800 4190; x_wconf 81' lang='lat'><strong>8.</strong></span> <span class='ocrx_word' id='word_1_488' title='bbox 835 4134 993 4190; x_wconf 82' lang='lat' dir='ltr'><strong>Jesus</strong></span> <span class='ocrx_word' id='word_1_489' title='bbox 1029 4135 1272 4192; x_wconf 76' lang='lat' dir='ltr'><strong>Christus</strong></span> <span class='ocrx_word' id='word_1_490' title='bbox 1304 4136 1419 4190; x_wconf 76' lang='lat' dir='ltr'><strong>fieri</strong></span> <span class='ocrx_word' id='word_1_491' title='bbox 1453 4144 1502 4190; x_wconf 90' lang='lat' dir='ltr'><strong>et</strong></span> <span class='ocrx_word' id='word_1_492' title='bbox 1541 4134 1699 4190; x_wconf 83' lang='lat' dir='ltr'><strong>hodie</strong></span> <span class='ocrx_word' id='word_1_493' title='bbox 1727 4135 1886 4201; x_wconf 87' lang='lat' dir='ltr'><strong>idem,</strong></span> <span class='ocrx_word' id='word_1_494' title='bbox 1910 4134 2040 4189; x_wconf 80' lang='lat' dir='ltr'><strong>etin</strong></span> 
     </span>
    </p>
   </div>
   <div class='ocr_carea' id='block_1_73' title="bbox 473 4228 2042 4294">
    <p class='ocr_par' dir='ltr' id='par_1_73' title="bbox 473 4228 2042 4294">
     <span class='ocr_line' id='line_1_74' title="bbox 473 4228 2042 4294; baseline -0.001 -10"><span class='ocrx_word' id='word_1_495' title='bbox 473 4231 692 4288; x_wconf 66' lang='lat' dir='ltr'><strong>uacula.</strong></span> <span class='ocrx_word' id='word_1_496' title='bbox 751 4228 1008 4283; x_wconf 78' lang='lat' dir='ltr'><strong>Nonnulli</strong></span> <span class='ocrx_word' id='word_1_497' title='bbox 1068 4229 1212 4283; x_wconf 89' lang='lat' dir='ltr'><strong>enim</strong></span> <span class='ocrx_word' id='word_1_498' title='bbox 1274 4230 1351 4282; x_wconf 91' lang='lat' dir='ltr'><strong>uti</strong></span> <span class='ocrx_word' id='word_1_499' title='bbox 1409 4228 1667 4294; x_wconf 84' lang='lat' dir='ltr'><strong>videtur,</strong></span> <span class='ocrx_word' id='word_1_500' title='bbox 1710 4228 2042 4283; x_wconf 83' lang='lat' dir='ltr'><strong>exstiterunt</strong></span> 
     </span>
    </p>
   </div>
   <div class='ocr_carea' id='block_1_74' title="bbox 474 4319 2039 4385">
    <p class='ocr_par' dir='ltr' id='par_1_74' title="bbox 474 4319 2039 4385">
     <span class='ocr_line' id='line_1_75' title="bbox 474 4319 2039 4385; baseline -0.003 -8"><span class='ocrx_word' id='word_1_501' title='bbox 474 4324 636 4377; x_wconf 84' lang='lat' dir='ltr'><strong>ﬁdem</strong></span> <span class='ocrx_word' id='word_1_502' title='bbox 702 4320 1099 4384; x_wconf 84' lang='lat' dir='ltr'><strong>adulterantes,</strong></span> <span class='ocrx_word' id='word_1_503' title='bbox 1157 4325 1212 4374; x_wconf 90' lang='lat' dir='ltr'><strong>et</strong></span> <span class='ocrx_word' id='word_1_504' title='bbox 1264 4319 1567 4374; x_wconf 83' lang='lat' dir='ltr'><strong>dicentes:</strong></span> <span class='ocrx_word' id='word_1_505' title='bbox 1622 4319 1776 4374; x_wconf 83' lang='lat' dir='ltr'><strong>Alius</strong></span> <span class='ocrx_word' id='word_1_506' title='bbox 1831 4319 2039 4385; x_wconf 82' lang='lat' dir='ltr'><strong>veniet,</strong></span> 
     </span>
    </p>
   </div>
   <div class='ocr_carea' id='block_1_75' title="bbox 473 4409 2038 4483">
    <p class='ocr_par' dir='ltr' id='par_1_75' title="bbox 473 4409 2038 4483">
     <span class='ocr_line' id='line_1_76' title="bbox 473 4409 2038 4483; baseline -0.002 -15"><span class='ocrx_word' id='word_1_507' title='bbox 473 4429 635 4483; x_wconf 89' lang='lat' dir='ltr'><strong>quem</strong></span> <span class='ocrx_word' id='word_1_508' title='bbox 676 4412 842 4466; x_wconf 87' lang='lat' dir='ltr'><strong>hodie</strong></span> <span class='ocrx_word' id='word_1_509' title='bbox 897 4426 1071 4481; x_wconf 88' lang='lat' dir='ltr'><strong>usque</strong></span> <span class='ocrx_word' id='word_1_510' title='bbox 1096 4418 1420 4479; x_wconf 83' lang='lat' dir='ltr'><strong>exspectant</strong></span> <span class='ocrx_word' id='word_1_511' title='bbox 1468 4409 1660 4464; x_wconf 82' lang='lat' dir='ltr'><strong>Judaei.</strong></span> <span class='ocrx_word' id='word_1_512' title='bbox 1713 4410 1804 4463; x_wconf 80' lang='lat' dir='ltr'><strong>Ait</strong></span> <span class='ocrx_word' id='word_1_513' title='bbox 1839 4410 2038 4480; x_wconf 80' lang='lat' dir='ltr'><strong>igitur:</strong></span> 
     </span>
    </p>
   </div>
   <div class='ocr_carea' id='block_1_76' title="bbox 2149 3196 3721 3288">
    <p class='ocr_par' dir='ltr' id='par_1_76' title="bbox 2149 3196 3721 3288">
     <span class='ocr_line' id='line_1_77' title="bbox 2149 3196 3721 3288; baseline -0.013 -22"><span class='ocrx_word' id='word_1_514' title='bbox 2149 3232 2240 3288; x_wconf 85' lang='grc' dir='ltr'><strong>ρον</strong></span> <span class='ocrx_word' id='word_1_515' title='bbox 2286 3208 2751 3269; x_wconf 77' lang='grc' dir='ltr'>ἁνασκοποῢντες.</span> <span class='ocrx_word' id='word_1_516' title='bbox 2781 3208 2889 3261; x_wconf 79' lang='grc' dir='ltr'><strong>Καὶ</strong></span> <span class='ocrx_word' id='word_1_517' title='bbox 2916 3204 3104 3274; x_wconf 90' lang='grc' dir='ltr'>ῶσπερ</span> <span class='ocrx_word' id='word_1_518' title='bbox 3141 3200 3384 3274; x_wconf 79' lang='grc' dir='ltr'>μαθηταὶ</span> <span class='ocrx_word' id='word_1_519' title='bbox 3429 3196 3721 3268; x_wconf 77' lang='grc' dir='ltr'><strong>ζωγράφου</strong></span> 
     </span>
    </p>
   </div>
   <div class='ocr_carea' id='block_1_77' title="bbox 2145 3286 3720 3376">
    <p class='ocr_par' dir='ltr' id='par_1_77' title="bbox 2145 3286 3720 3376">
     <span class='ocr_line' id='line_1_78' title="bbox 2145 3286 3720 3376; baseline -0.015 -15"><span class='ocrx_word' id='word_1_520' title='bbox 2145 3286 2282 3376; x_wconf 78' lang='grc' dir='ltr'>πρὸς</span> <span class='ocrx_word' id='word_1_521' title='bbox 2314 3305 2375 3356; x_wconf 76' lang='grc' dir='ltr'>τὸ</span> <span class='ocrx_word' id='word_1_522' title='bbox 2402 3301 2737 3374; x_wconf 84' lang='grc' dir='ltr'>ἀρχέτυπον,</span> <span class='ocrx_word' id='word_1_523' title='bbox 2795 3296 2970 3361; x_wconf 78' lang='grc' dir='ltr'>οὕτως</span> <span class='ocrx_word' id='word_1_524' title='bbox 3031 3296 3191 3367; x_wconf 83' lang='grc' dir='ltr'>ὑμεῖς</span> <span class='ocrx_word' id='word_1_525' title='bbox 3242 3292 3333 3347; x_wconf 82' lang='grc' dir='ltr'><strong>ἀεὶ</strong></span> <span class='ocrx_word' id='word_1_526' title='bbox 3367 3290 3655 3363; x_wconf 81' lang='grc' dir='ltr'>βλέποντες</span> <span class='ocrx_word' id='word_1_527' title='bbox 3674 3286 3720 3318; x_wconf 78' lang='grc'>⁸⁸</span> 
     </span>
    </p>
   </div>
   <div class='ocr_carea' id='block_1_78' title="bbox 2145 3379 3725 3469">
    <p class='ocr_par' dir='ltr' id='par_1_78' title="bbox 2145 3379 3725 3469">
     <span class='ocr_line' id='line_1_79' title="bbox 2145 3379 3725 3469; baseline -0.011 -18"><span class='ocrx_word' id='word_1_528' title='bbox 2145 3398 2283 3469; x_wconf 75' lang='grc' dir='ltr'>πρὸς</span> <span class='ocrx_word' id='word_1_529' title='bbox 2314 3396 2414 3467; x_wconf 79' lang='grc' dir='ltr'><strong>τὴν</strong></span> <span class='ocrx_word' id='word_1_530' title='bbox 2446 3394 2695 3459; x_wconf 76' lang='grc' dir='ltr'>ἔκϐασιν,</span> <span class='ocrx_word' id='word_1_531' title='bbox 2739 3390 2989 3446; x_wconf 80' lang='grc' dir='ltr'><strong>τουτέστι</strong></span> <span class='ocrx_word' id='word_1_532' title='bbox 3063 3388 3126 3443; x_wconf 85' lang='grc' dir='ltr'><strong>τδ</strong></span> <span class='ocrx_word' id='word_1_533' title='bbox 3174 3386 3331 3449; x_wconf 81' lang='grc' dir='ltr'>τέλος</span> <span class='ocrx_word' id='word_1_534' title='bbox 3385 3384 3487 3455; x_wconf 83' lang='grc' dir='ltr'>τῆς</span> <span class='ocrx_word' id='word_1_535' title='bbox 3542 3379 3725 3436; x_wconf 83' lang='grc' dir='ltr'>αὐτῶν</span> 
     </span>
    </p>
   </div>
   <div class='ocr_carea' id='block_1_79' title="bbox 2146 3473 3728 3559">
    <p class='ocr_par' dir='ltr' id='par_1_79' title="bbox 2146 3473 3728 3559">
     <span class='ocr_line' id='line_1_80' title="bbox 2146 3473 3728 3559; baseline -0.011 -17"><span class='ocrx_word' id='word_1_536' title='bbox 2146 3488 2519 3559; x_wconf 80' lang='grc' dir='ltr'>ἀναστροφῆς,</span> <span class='ocrx_word' id='word_1_537' title='bbox 2568 3486 2597 3538; x_wconf 81' lang='grc' dir='ltr'><strong>ὃ</strong></span> <span class='ocrx_word' id='word_1_538' title='bbox 2645 3486 2763 3538; x_wconf 76' lang='grc' dir='ltr'>ἐστι</span> <span class='ocrx_word' id='word_1_539' title='bbox 2815 3477 3118 3546; x_wconf 78' lang='grc' dir='ltr'>πολιτείας,</span> <span class='ocrx_word' id='word_1_540' title='bbox 3151 3480 3236 3533; x_wconf 85' lang='grc' dir='ltr'>ὅτι</span> <span class='ocrx_word' id='word_1_541' title='bbox 3288 3475 3527 3548; x_wconf 82' lang='grc' dir='ltr'>χρηστὸν</span> <span class='ocrx_word' id='word_1_542' title='bbox 3572 3473 3728 3535; x_wconf 79' lang='grc' dir='ltr'>τέλος</span> 
     </span>
    </p>
   </div>
   <div class='ocr_carea' id='block_1_80' title="bbox 2147 3564 3727 3651">
    <p class='ocr_par' dir='ltr' id='par_1_80' title="bbox 2147 3564 3727 3651">
     <span class='ocr_line' id='line_1_81' title="bbox 2147 3564 3727 3651; baseline -0.01 -18"><span class='ocrx_word' id='word_1_543' title='bbox 2147 3580 2295 3651; x_wconf 74' lang='grc' dir='ltr'>ἔσχε,</span> <span class='ocrx_word' id='word_1_544' title='bbox 2340 3576 2600 3649; x_wconf 83' lang='grc' dir='ltr'>μιμεῖσθε</span> <span class='ocrx_word' id='word_1_545' title='bbox 2646 3574 2827 3629; x_wconf 70' lang='grc' dir='ltr'>αὐτῶν</span> <span class='ocrx_word' id='word_1_546' title='bbox 2870 3574 2972 3644; x_wconf 80' lang='grc' dir='ltr'>τὴν</span> <span class='ocrx_word' id='word_1_547' title='bbox 3019 3571 3224 3627; x_wconf 80' lang='grc' dir='ltr'>πίστιν.</span> <span class='ocrx_word' id='word_1_548' title='bbox 3288 3568 3422 3625; x_wconf 79' lang='grc' dir='ltr'><strong>Ἀπὸ</strong></span> <span class='ocrx_word' id='word_1_549' title='bbox 3464 3566 3577 3637; x_wconf 83' lang='grc' dir='ltr'>γὰρ</span> <span class='ocrx_word' id='word_1_550' title='bbox 3625 3564 3727 3634; x_wconf 77' lang='grc' dir='ltr'>τῆς</span> 
     </span>
    </p>
   </div>
   <div class='ocr_carea' id='block_1_81' title="bbox 2147 3658 3729 3740">
    <p class='ocr_par' dir='ltr' id='par_1_81' title="bbox 2147 3658 3729 3740">
     <span class='ocr_line' id='line_1_82' title="bbox 2147 3658 3729 3740; baseline -0.01 -14"><span class='ocrx_word' id='word_1_551' title='bbox 2147 3673 2386 3735; x_wconf 80' lang='grc' dir='ltr'>πίστεως</span> <span class='ocrx_word' id='word_1_552' title='bbox 2408 3673 2436 3724; x_wconf 83' lang='grc' dir='ltr'>ὁ</span> <span class='ocrx_word' id='word_1_553' title='bbox 2461 3669 2573 3740; x_wconf 83' lang='grc' dir='ltr'>βίος</span> <span class='ocrx_word' id='word_1_554' title='bbox 2601 3671 2630 3721; x_wconf 85' lang='grc' dir='ltr'><strong>ὁ</strong></span> <span class='ocrx_word' id='word_1_555' title='bbox 2661 3666 2922 3738; x_wconf 78' lang='grc' dir='ltr'>καθαρός.</span> <span class='ocrx_word' id='word_1_556' title='bbox 2956 3664 3019 3718; x_wconf 83' lang='lat' dir='ltr'><strong>Ei</strong></span> <span class='ocrx_word' id='word_1_557' title='bbox 3048 3665 3124 3735; x_wconf 80' lang='grc' dir='ltr'>μὴ</span> <span class='ocrx_word' id='word_1_558' title='bbox 3153 3664 3261 3733; x_wconf 82' lang='grc' dir='ltr'>γὰρ</span> <span class='ocrx_word' id='word_1_559' title='bbox 3308 3661 3593 3716; x_wconf 77' lang='grc' dir='ltr'>ἐπίστευον</span> <span class='ocrx_word' id='word_1_560' title='bbox 3612 3658 3729 3720; x_wconf 77' lang='grc' dir='ltr'>τοῖς</span> 
     </span>
    </p>
   </div>
   <div class='ocr_carea' id='block_1_82' title="bbox 2149 3753 3729 3837">
    <p class='ocr_par' dir='ltr' id='par_1_82' title="bbox 2149 3753 3729 3837">
     <span class='ocr_line' id='line_1_83' title="bbox 2149 3753 3729 3837; baseline -0.01 -18"><span class='ocrx_word' id='word_1_561' title='bbox 2149 3764 2460 3837; x_wconf 78' lang='grc' dir='ltr'>μέλλουσιν,</span> <span class='ocrx_word' id='word_1_562' title='bbox 2506 3762 2642 3817; x_wconf 85' lang='grc' dir='ltr'>ἀλλὰ</span> <span class='ocrx_word' id='word_1_563' title='bbox 2681 3757 2985 3823; x_wconf 68' lang='grc' dir='ltr'>ἐδίσταζον,</span> <span class='ocrx_word' id='word_1_564' title='bbox 3011 3757 3113 3811; x_wconf 81' lang='grc' dir='ltr'>οὐκ</span> <span class='ocrx_word' id='word_1_565' title='bbox 3143 3757 3212 3810; x_wconf 82' lang='grc' dir='ltr'><strong>ἂν</strong></span> <span class='ocrx_word' id='word_1_566' title='bbox 3237 3753 3580 3818; x_wconf 75' lang='grc' dir='ltr'>ἐπεδείξαντο</span> <span class='ocrx_word' id='word_1_567' title='bbox 3628 3766 3729 3804; x_wconf 87' lang='grc' dir='ltr'>πο-</span> 
     </span>
    </p>
   </div>
   <div class='ocr_carea' id='block_1_83' title="bbox 2147 3841 3730 3925">
    <p class='ocr_par' dir='ltr' id='par_1_83' title="bbox 2147 3841 3730 3925">
     <span class='ocr_line' id='line_1_84' title="bbox 2147 3841 3730 3925; baseline -0.01 -15"><span class='ocrx_word' id='word_1_568' title='bbox 2147 3857 2354 3910; x_wconf 83' lang='grc' dir='ltr'>λιτείαν</span> <span class='ocrx_word' id='word_1_569' title='bbox 2396 3854 2708 3925; x_wconf 80' lang='grc' dir='ltr'>ἄμεμπτον.</span> <span class='ocrx_word' id='word_1_570' title='bbox 2767 3849 2939 3904; x_wconf 85' lang='grc' dir='ltr'>Πάλιν</span> <span class='ocrx_word' id='word_1_571' title='bbox 2994 3849 3051 3903; x_wconf 75' lang='grc' dir='ltr'>δὲ</span> <span class='ocrx_word' id='word_1_572' title='bbox 3096 3848 3159 3901; x_wconf 80' lang='grc' dir='ltr'><strong>τὸ</strong></span> <span class='ocrx_word' id='word_1_573' title='bbox 3185 3845 3524 3917; x_wconf 77' lang='grc' dir='ltr'>μικρόψυχον</span> <span class='ocrx_word' id='word_1_574' title='bbox 3547 3841 3730 3899; x_wconf 83' lang='grc' dir='ltr'>αὐτῶν</span> 
     </span>
    </p>
   </div>
   <div class='ocr_carea' id='block_1_84' title="bbox 2153 3935 3726 4023">
    <p class='ocr_par' dir='ltr' id='par_1_84' title="bbox 2153 3935 3726 4023">
     <span class='ocr_line' id='line_1_85' title="bbox 2153 3935 3726 4023; baseline -0.01 -17"><span class='ocrx_word' id='word_1_575' title='bbox 2153 3950 2478 4023; x_wconf 83' lang='grc' dir='ltr'>θεραπεύει·</span> <span class='ocrx_word' id='word_1_576' title='bbox 2507 3949 2542 4019; x_wconf 80' lang='grc' dir='ltr'>ἢ</span> <span class='ocrx_word' id='word_1_577' title='bbox 2579 3949 2764 4004; x_wconf 81' lang='grc' dir='ltr'>πίστιν</span> <span class='ocrx_word' id='word_1_578' title='bbox 2782 3946 2884 4009; x_wconf 76' lang='grc' dir='ltr'>τὴν</span> <span class='ocrx_word' id='word_1_579' title='bbox 2911 3945 3020 3999; x_wconf 90' lang='grc' dir='ltr'><strong>τῶν</strong></span> <span class='ocrx_word' id='word_1_580' title='bbox 3041 3942 3326 4014; x_wconf 79' lang='grc' dir='ltr'>δογμάτων</span> <span class='ocrx_word' id='word_1_581' title='bbox 3349 3940 3518 4009; x_wconf 83' lang='grc' dir='ltr'>λέγει.</span> <span class='ocrx_word' id='word_1_582' title='bbox 3557 3935 3726 3991; x_wconf 79' lang='grc' dir='ltr'><strong>Ἐπά-</strong></span> 
     </span>
    </p>
   </div>
   <div class='ocr_carea' id='block_1_85' title="bbox 2145 4039 2390 4115">
    <p class='ocr_par' dir='ltr' id='par_1_85' title="bbox 2145 4039 2390 4115">
     <span class='ocr_line' id='line_1_86' title="bbox 2145 4039 2390 4115; baseline 0.004 -17"><span class='ocrx_word' id='word_1_583' title='bbox 2145 4062 2234 4115; x_wconf 85' lang='grc' dir='ltr'><strong>γει</strong></span> <span class='ocrx_word' id='word_1_584' title='bbox 2261 4039 2354 4100; x_wconf 85' lang='grc' dir='ltr'><strong>οὖν</strong></span> <span class='ocrx_word' id='word_1_585' title='bbox 2375 4059 2390 4075; x_wconf 94' lang='grc'><strong>·</strong></span> 
     </span>
    </p>
   </div>
   <div class='ocr_carea' id='block_1_86' title="bbox 2233 4121 3728 4205">
    <p class='ocr_par' dir='ltr' id='par_1_86' title="bbox 2233 4121 3728 4205">
     <span class='ocr_line' id='line_1_87' title="bbox 2233 4121 3728 4205; baseline -0.011 -13"><span class='ocrx_word' id='word_1_586' title='bbox 2233 4136 2473 4205; x_wconf 83' lang='grc' dir='ltr'>Ἰησοῦς</span> <span class='ocrx_word' id='word_1_587' title='bbox 2513 4133 2769 4203; x_wconf 79' lang='grc' dir='ltr'>Χριστὸς</span> <span class='ocrx_word' id='word_1_588' title='bbox 2809 4131 2951 4202; x_wconf 83' lang='grc' dir='ltr'>χθὲς</span> <span class='ocrx_word' id='word_1_589' title='bbox 3004 4130 3106 4184; x_wconf 81' lang='grc' dir='ltr'><strong>καὶ</strong></span> <span class='ocrx_word' id='word_1_590' title='bbox 3151 4129 3419 4198; x_wconf 78' lang='grc' dir='ltr'>σήμερον</span> <span class='ocrx_word' id='word_1_591' title='bbox 3462 4127 3495 4180; x_wconf 84' lang='grc' dir='ltr'>ὁ</span> <span class='ocrx_word' id='word_1_592' title='bbox 3523 4121 3728 4188; x_wconf 82' lang='grc' dir='ltr'>αὐτὸς,</span> 
     </span>
    </p>
   </div>
   <div class='ocr_carea' id='block_1_87' title="bbox 2149 4214 3733 4295">
    <p class='ocr_par' dir='ltr' id='par_1_87' title="bbox 2149 4214 3733 4295">
     <span class='ocr_line' id='line_1_88' title="bbox 2149 4214 3733 4295; baseline -0.013 -9"><span class='ocrx_word' id='word_1_593' title='bbox 2149 4232 2247 4286; x_wconf 76' lang='grc' dir='ltr'><strong>καὶ</strong></span> <span class='ocrx_word' id='word_1_594' title='bbox 2294 4233 2381 4295; x_wconf 76' lang='grc' dir='ltr'>εἰς</span> <span class='ocrx_word' id='word_1_595' title='bbox 2434 4227 2579 4292; x_wconf 83' lang='grc' dir='ltr'>τοὺς</span> <span class='ocrx_word' id='word_1_596' title='bbox 2632 4224 2875 4291; x_wconf 73' lang='grc' dir='ltr'>αἶῶνας.</span> <span class='ocrx_word' id='word_1_597' title='bbox 2925 4223 3017 4287; x_wconf 84' lang='grc' dir='ltr'>Ὧς</span> <span class='ocrx_word' id='word_1_598' title='bbox 3069 4222 3213 4276; x_wconf 74' lang='grc' dir='ltr'>ἔοικε</span> <span class='ocrx_word' id='word_1_599' title='bbox 3244 4224 3378 4289; x_wconf 81' lang='grc' dir='ltr'>γὰρ,</span> <span class='ocrx_word' id='word_1_600' title='bbox 3403 4214 3546 4289; x_wconf 74' lang='grc' dir='ltr'>ἦσαν</span> <span class='ocrx_word' id='word_1_601' title='bbox 3581 4230 3733 4276; x_wconf 77' lang='grc' dir='ltr'>τινες</span> 
     </span>
    </p>
   </div>
   <div class='ocr_carea' id='block_1_88' title="bbox 2152 4307 3730 4394">
    <p class='ocr_par' dir='ltr' id='par_1_88' title="bbox 2152 4307 3730 4394">
     <span class='ocr_line' id='line_1_89' title="bbox 2152 4307 3730 4394; baseline -0.011 -17"><span class='ocrx_word' id='word_1_602' title='bbox 2152 4323 2674 4394; x_wconf 79' lang='grc' dir='ltr'>παραχαράττοντες</span> <span class='ocrx_word' id='word_1_603' title='bbox 2728 4317 2827 4388; x_wconf 84' lang='grc' dir='ltr'>τὴν</span> <span class='ocrx_word' id='word_1_604' title='bbox 2892 4317 3113 4380; x_wconf 75' lang='grc' dir='ltr'>πίστιν,</span> <span class='ocrx_word' id='word_1_605' title='bbox 3158 4315 3258 4368; x_wconf 73' lang='grc' dir='ltr'><strong>καὶ</strong></span> <span class='ocrx_word' id='word_1_606' title='bbox 3304 4313 3592 4380; x_wconf 81' lang='grc' dir='ltr'>λέγοντες,</span> <span class='ocrx_word' id='word_1_607' title='bbox 3643 4307 3730 4360; x_wconf 84' lang='grc' dir='ltr'>ὅτι</span> 
     </span>
    </p>
   </div>
   <div class='ocr_carea' id='block_1_89' title="bbox 2151 4397 3734 4484">
    <p class='ocr_par' dir='ltr' id='par_1_89' title="bbox 2151 4397 3734 4484">
     <span class='ocr_line' id='line_1_90' title="bbox 2151 4397 3734 4484; baseline -0.011 -17"><span class='ocrx_word' id='word_1_608' title='bbox 2151 4415 2380 4484; x_wconf 82' lang='grc' dir='ltr'>Ἕτερος</span> <span class='ocrx_word' id='word_1_609' title='bbox 2425 4411 2567 4483; x_wconf 77' lang='grc' dir='ltr'>ἣξει,</span> <span class='ocrx_word' id='word_1_610' title='bbox 2603 4409 2663 4463; x_wconf 84' lang='grc' dir='ltr'>ὃν</span> <span class='ocrx_word' id='word_1_611' title='bbox 2699 4411 2794 4463; x_wconf 76' lang='grc' dir='ltr'>καὶ</span> <span class='ocrx_word' id='word_1_612' title='bbox 2847 4409 3010 4478; x_wconf 84' lang='grc' dir='ltr'>μέχρι</span> <span class='ocrx_word' id='word_1_613' title='bbox 3051 4405 3145 4460; x_wconf 82' lang='grc' dir='ltr'><strong>τοῦ</strong></span> <span class='ocrx_word' id='word_1_614' title='bbox 3200 4404 3297 4458; x_wconf 80' lang='grc' dir='ltr'>νῦν</span> <span class='ocrx_word' id='word_1_615' title='bbox 3360 4397 3734 4471; x_wconf 80' lang='grc' dir='ltr'>προσδοκῶσιν</span> 
     </span>
    </p>
   </div>
   <div class='ocr_carea' id='block_1_90' title="bbox 481 4486 2033 4571">
    <p class='ocr_par' dir='ltr' id='par_1_90' title="bbox 481 4500 2033 4571">
     <span class='ocr_line' id='line_1_91' title="bbox 481 4500 2033 4571; baseline 0 -14"><span class='ocrx_word' id='word_1_616' title='bbox 481 4505 628 4559; x_wconf 84' lang='lat' dir='ltr'><strong>idem</strong></span> <span class='ocrx_word' id='word_1_617' title='bbox 690 4512 773 4558; x_wconf 90' lang='lat' dir='ltr'><strong>est</strong></span> <span class='ocrx_word' id='word_1_618' title='bbox 832 4502 1088 4556; x_wconf 84' lang='lat' dir='ltr'><strong>Christus</strong></span> <span class='ocrx_word' id='word_1_619' title='bbox 1141 4502 1273 4568; x_wconf 85' lang='lat' dir='ltr'><strong>heri,</strong></span> <span class='ocrx_word' id='word_1_620' title='bbox 1342 4500 1529 4565; x_wconf 88' lang='lat' dir='ltr'><strong>idest,</strong></span> <span class='ocrx_word' id='word_1_621' title='bbox 1576 4502 1724 4555; x_wconf 89' lang='lat' dir='ltr'><strong>omni</strong></span> <span class='ocrx_word' id='word_1_622' title='bbox 1774 4502 2033 4571; x_wconf 76' lang='lat' dir='ltr'><strong>praeteritt</strong></span> 
     </span>
    </p>
   </div>
   <div class='ocr_carea' id='block_1_91' title="bbox 2140 4486 3731 4571">
    <p class='ocr_par' dir='ltr' id='par_1_91' title="bbox 2170 4486 3731 4570">
     <span class='ocr_line' id='line_1_92' title="bbox 2170 4486 3731 4570; baseline -0.012 -13"><span class='ocrx_word' id='word_1_623' title='bbox 2170 4504 2434 4570; x_wconf 75' lang='grc' dir='ltr'>Ἑϐραῖοι.</span> <span class='ocrx_word' id='word_1_624' title='bbox 2467 4500 2640 4570; x_wconf 76' lang='grc' dir='ltr'>Φησὶν</span> <span class='ocrx_word' id='word_1_625' title='bbox 2692 4496 2789 4551; x_wconf 72' lang='grc' dir='ltr'><strong>οὖν</strong></span> <span class='ocrx_word' id='word_1_626' title='bbox 2819 4496 2902 4550; x_wconf 80' lang='grc' dir='ltr'>ὃτι</span> <span class='ocrx_word' id='word_1_627' title='bbox 2933 4495 3105 4558; x_wconf 80' lang='grc' dir='ltr'>Αὐτός</span> <span class='ocrx_word' id='word_1_628' title='bbox 3138 4496 3252 4546; x_wconf 85' lang='grc' dir='ltr'>ἐστι</span> <span class='ocrx_word' id='word_1_629' title='bbox 3288 4491 3523 4561; x_wconf 78' lang='grc' dir='ltr'>Χριστὸς</span> <span class='ocrx_word' id='word_1_630' title='bbox 3562 4486 3731 4557; x_wconf 79' lang='grc' dir='ltr'>χθὲς,</span> 
     </span>
    </p>
   </div>
   <div class='ocr_carea' id='block_1_92' title="bbox 480 4593 2051 4666">
    <p class='ocr_par' dir='ltr' id='par_1_92' title="bbox 480 4593 2051 4666">
     <span class='ocr_line' id='line_1_93' title="bbox 480 4593 2051 4666; baseline -0.004 -15"><span class='ocrx_word' id='word_1_631' title='bbox 480 4607 746 4666; x_wconf 85' lang='lat' dir='ltr'><strong>tempore,</strong></span> <span class='ocrx_word' id='word_1_632' title='bbox 778 4604 827 4648; x_wconf 89' lang='lat' dir='ltr'><strong>et</strong></span> <span class='ocrx_word' id='word_1_633' title='bbox 856 4595 1031 4657; x_wconf 80' lang='lat' dir='ltr'><strong>hodie,</strong></span> <span class='ocrx_word' id='word_1_634' title='bbox 1074 4595 1179 4647; x_wconf 89' lang='lat' dir='ltr'><strong>boe</strong></span> <span class='ocrx_word' id='word_1_635' title='bbox 1201 4602 1306 4656; x_wconf 87' lang='lat' dir='ltr'><strong>est,</strong></span> <span class='ocrx_word' id='word_1_636' title='bbox 1337 4593 1594 4662; x_wconf 72' lang='lat' dir='ltr'><strong>praesenti</strong></span> <span class='ocrx_word' id='word_1_637' title='bbox 1626 4602 1892 4662; x_wconf 83' lang='lat' dir='ltr'><strong>tempore,</strong></span> <span class='ocrx_word' id='word_1_638' title='bbox 1923 4593 2051 4646; x_wconf 71' lang='lat' dir='ltr'><strong>et&#39;in</strong></span> 
     </span>
    </p>
   </div>
   <div class='ocr_carea' id='block_1_93' title="bbox 479 4682 2053 4753">
    <p class='ocr_par' dir='ltr' id='par_1_93' title="bbox 479 4682 2053 4753">
     <span class='ocr_line' id='line_1_94' title="bbox 479 4682 2053 4753; baseline -0.003 -12"><span class='ocrx_word' id='word_1_639' title='bbox 479 4686 700 4749; x_wconf 72' lang='lat' dir='ltr'><strong>sti-cuia,</strong></span> <span class='ocrx_word' id='word_1_640' title='bbox 781 4685 960 4738; x_wconf 85' lang='lat' dir='ltr'><strong>t‘utura</strong></span> <span class='ocrx_word' id='word_1_641' title='bbox 1024 4683 1256 4748; x_wconf 88' lang='lat' dir='ltr'><strong>scilicet,</strong></span> <span class='ocrx_word' id='word_1_642' title='bbox 1328 4682 1576 4753; x_wconf 87' lang='lat' dir='ltr'><strong>adeoque</strong></span> <span class='ocrx_word' id='word_1_643' title='bbox 1635 4684 1882 4750; x_wconf 78' lang='lat' dir='ltr'><strong>inﬁnita,</strong></span> <span class='ocrx_word' id='word_1_644' title='bbox 1948 4697 2053 4738; x_wconf 89' lang='lat' dir='ltr'><strong>nec</strong></span> 
     </span>
    </p>
   </div>
   <div class='ocr_carea' id='block_1_94' title="bbox 479 4771 2051 4845">
    <p class='ocr_par' dir='ltr' id='par_1_94' title="bbox 479 4771 2051 4845">
     <span class='ocr_line' id='line_1_95' title="bbox 479 4771 2051 4845; baseline -0.003 -15"><span class='ocrx_word' id='word_1_645' title='bbox 479 4778 660 4831; x_wconf 72' lang='lat' dir='ltr'><strong>veniet</strong></span> <span class='ocrx_word' id='word_1_646' title='bbox 692 4776 849 4829; x_wconf 89' lang='lat' dir='ltr'><strong>alius.</strong></span> <span class='ocrx_word' id='word_1_647' title='bbox 878 4773 954 4828; x_wconf 85' lang='lat' dir='ltr'><strong>Ne</strong></span> <span class='ocrx_word' id='word_1_648' title='bbox 982 4776 1179 4830; x_wconf 79' lang='lat' dir='ltr'><strong>erretis</strong></span> <span class='ocrx_word' id='word_1_649' title='bbox 1213 4774 1398 4845; x_wconf 82' lang='lat' dir='ltr'><strong>igitur.</strong></span> <span class='ocrx_word' id='word_1_650' title='bbox 1427 4771 1558 4829; x_wconf 86' lang='lat' dir='ltr'><strong>Vel:</strong></span> <span class='ocrx_word' id='word_1_651' title='bbox 1581 4773 2051 4839; x_wconf 82' lang='lat' dir='ltr'><strong>Quemadmodum</strong></span> 
     </span>
    </p>
   </div>
   <div class='ocr_carea' id='block_1_95' title="bbox 479 4865 2054 4941">
    <p class='ocr_par' dir='ltr' id='par_1_95' title="bbox 479 4865 2054 4941">
     <span class='ocr_line' id='line_1_96' title="bbox 479 4865 2054 4941; baseline -0.003 -18"><span class='ocrx_word' id='word_1_652' title='bbox 479 4871 805 4941; x_wconf 66' lang='lat' dir='ltr'><strong>praepositos</strong></span> <span class='ocrx_word' id='word_1_653' title='bbox 841 4875 1056 4922; x_wconf 70' lang='lat' dir='ltr'><strong>vestros</strong></span> <span class='ocrx_word' id='word_1_654' title='bbox 1082 4881 1195 4921; x_wconf 89' lang='lat' dir='ltr'><strong>non</strong></span> <span class='ocrx_word' id='word_1_655' title='bbox 1238 4865 1505 4931; x_wconf 88' lang='lat' dir='ltr'><strong>deseruit,</strong></span> <span class='ocrx_word' id='word_1_656' title='bbox 1559 4866 1652 4920; x_wconf 84' lang='lat' dir='ltr'><strong>sed</strong></span> <span class='ocrx_word' id='word_1_657' title='bbox 1691 4866 1744 4921; x_wconf 93' lang='lat' dir='ltr'><strong>in</strong></span> <span class='ocrx_word' id='word_1_658' title='bbox 1797 4865 2054 4920; x_wconf 84' lang='lat' dir='ltr'><strong>omnibus</strong></span> 
     </span>
    </p>
   </div>
   <div class='ocr_carea' id='block_1_96' title="bbox 485 4957 2056 5028">
    <p class='ocr_par' dir='ltr' id='par_1_96' title="bbox 485 4957 2056 5028">
     <span class='ocr_line' id='line_1_97' title="bbox 485 4957 2056 5028; baseline -0.001 -14"><span class='ocrx_word' id='word_1_659' title='bbox 485 4961 690 5028; x_wconf 85' lang='lat' dir='ltr'><strong>adjuvit</strong></span> <span class='ocrx_word' id='word_1_660' title='bbox 718 4976 836 5024; x_wconf 85' lang='lat' dir='ltr'><strong>eos,</strong></span> <span class='ocrx_word' id='word_1_661' title='bbox 890 4960 1036 5013; x_wconf 84' lang='lat' dir='ltr'><strong>hunc</strong></span> <span class='ocrx_word' id='word_1_662' title='bbox 1061 4959 1127 5013; x_wconf 88' lang='lat' dir='ltr'><strong>ad</strong></span> <span class='ocrx_word' id='word_1_663' title='bbox 1162 4959 1390 5014; x_wconf 89' lang='lat' dir='ltr'><strong>modum</strong></span> <span class='ocrx_word' id='word_1_664' title='bbox 1438 4966 1493 5013; x_wconf 87' lang='lat' dir='ltr'><strong>et</strong></span> <span class='ocrx_word' id='word_1_665' title='bbox 1553 4957 1707 5012; x_wconf 75' lang='lat' dir='ltr'><strong>vobis</strong></span> <span class='ocrx_word' id='word_1_666' title='bbox 1767 4958 2056 5012; x_wconf 82' lang='lat' dir='ltr'><strong>auxitiabi-</strong></span> 
     </span>
    </p>
   </div>
   <div class='ocr_carea' id='block_1_97' title="bbox 482 5052 1081 5109">
    <p class='ocr_par' dir='ltr' id='par_1_97' title="bbox 482 5052 1081 5109">
     <span class='ocr_line' id='line_1_98' title="bbox 482 5052 1081 5109; baseline -0.002 -2"><span class='ocrx_word' id='word_1_667' title='bbox 482 5062 590 5109; x_wconf 92' lang='lat' dir='ltr'><strong>tur.</strong></span> <span class='ocrx_word' id='word_1_668' title='bbox 634 5052 778 5108; x_wconf 89' lang='lat' dir='ltr'><strong>Idem</strong></span> <span class='ocrx_word' id='word_1_669' title='bbox 810 5052 954 5107; x_wconf 87' lang='lat' dir='ltr'><strong>enim</strong></span> <span class='ocrx_word' id='word_1_670' title='bbox 976 5061 1081 5109; x_wconf 88' lang='lat' dir='ltr'><strong>est.</strong></span> 
     </span>
    </p>
   </div>
   <div class='ocr_carea' id='block_1_98' title="bbox 558 5241 2059 5312">
    <p class='ocr_par' dir='ltr' id='par_1_98' title="bbox 558 5241 2059 5312">
     <span class='ocr_line' id='line_1_99' title="bbox 558 5241 2059 5312; baseline -0.002 -17"><span class='ocrx_word' id='word_1_671' title='bbox 558 5241 724 5297; x_wconf 68' lang='lat' dir='ltr'><strong>Vens.</strong></span> <span class='ocrx_word' id='word_1_672' title='bbox 762 5241 816 5297; x_wconf 85' lang='lat'><strong>9.</strong></span> <span class='ocrx_word' id='word_1_673' title='bbox 867 5243 1133 5299; x_wconf 82' lang='lat' dir='ltr'><strong>Doctrim’s</strong></span> <span class='ocrx_word' id='word_1_674' title='bbox 1184 5246 1348 5299; x_wconf 82' lang='lat' dir='ltr'><strong>variis</strong></span> <span class='ocrx_word' id='word_1_675' title='bbox 1392 5254 1443 5298; x_wconf 89' lang='lat' dir='ltr'><strong>et</strong></span> <span class='ocrx_word' id='word_1_676' title='bbox 1495 5243 1783 5312; x_wconf 82' lang='lat' dir='ltr'><strong>peregrinis</strong></span> <span class='ocrx_word' id='word_1_677' title='bbox 1836 5257 1899 5295; x_wconf 85' lang='lat' dir='ltr'><strong>ne</strong></span> <span class='ocrx_word' id='word_1_678' title='bbox 1955 5243 2059 5295; x_wconf 85' lang='lat' dir='ltr'><strong>cir-</strong></span> 
     </span>
    </p>
   </div>
   <div class='ocr_carea' id='block_1_99' title="bbox 484 5332 2044 5402">
    <p class='ocr_par' dir='ltr' id='par_1_99' title="bbox 484 5332 2044 5402">
     <span class='ocr_line' id='line_1_100' title="bbox 484 5332 2044 5402; baseline 0 -15"><span class='ocrx_word' id='word_1_679' title='bbox 484 5333 875 5401; x_wconf 79' lang='lat' dir='ltr'><strong>cumferamini.</strong></span> <span class='ocrx_word' id='word_1_680' title='bbox 948 5332 1147 5399; x_wconf 81' lang='lat' dir='ltr'><strong>Variis,</strong></span> <span class='ocrx_word' id='word_1_681' title='bbox 1179 5334 1229 5388; x_wconf 89' lang='lat' dir='ltr'><strong>id</strong></span> <span class='ocrx_word' id='word_1_682' title='bbox 1263 5343 1368 5402; x_wconf 88' lang='lat' dir='ltr'><strong>est,</strong></span> <span class='ocrx_word' id='word_1_683' title='bbox 1398 5348 1545 5388; x_wconf 92' lang='lat' dir='ltr'><strong>nunc</strong></span> <span class='ocrx_word' id='word_1_684' title='bbox 1593 5333 1698 5396; x_wconf 89' lang='lat' dir='ltr'><strong>bis,</strong></span> <span class='ocrx_word' id='word_1_685' title='bbox 1748 5348 1892 5387; x_wconf 91' lang='lat' dir='ltr'><strong>nunc</strong></span> <span class='ocrx_word' id='word_1_686' title='bbox 1917 5332 2044 5396; x_wconf 89' lang='lat' dir='ltr'><strong>illis,</strong></span> 
     </span>
    </p>
   </div>
   <div class='ocr_carea' id='block_1_100' title="bbox 480 5422 2044 5495">
    <p class='ocr_par' dir='ltr' id='par_1_100' title="bbox 480 5422 2044 5495">
     <span class='ocr_line' id='line_1_101' title="bbox 480 5422 2044 5495; baseline -0.003 -18"><span class='ocrx_word' id='word_1_687' title='bbox 480 5433 535 5477; x_wconf 88' lang='lat' dir='ltr'><strong>et</strong></span> <span class='ocrx_word' id='word_1_688' title='bbox 561 5423 851 5492; x_wconf 79' lang='lat' dir='ltr'><strong>aliquando</strong></span> <span class='ocrx_word' id='word_1_689' title='bbox 883 5423 953 5479; x_wconf 85' lang='lat' dir='ltr'><strong>ab</strong></span> <span class='ocrx_word' id='word_1_690' title='bbox 984 5423 1129 5491; x_wconf 90' lang='lat' dir='ltr'><strong>istis,</strong></span> <span class='ocrx_word' id='word_1_691' title='bbox 1158 5423 1451 5495; x_wconf 85' lang='lat' dir='ltr'><strong>aliquando</strong></span> <span class='ocrx_word' id='word_1_692' title='bbox 1483 5422 1552 5478; x_wconf 89' lang='lat' dir='ltr'><strong>ab</strong></span> <span class='ocrx_word' id='word_1_693' title='bbox 1588 5422 1713 5478; x_wconf 84' lang='lat' dir='ltr'><strong>illis.</strong></span> <span class='ocrx_word' id='word_1_694' title='bbox 1751 5423 2044 5485; x_wconf 66' lang='lat' dir='ltr'><strong>Praeterea,</strong></span> 
     </span>
    </p>
   </div>
   <div class='ocr_carea' id='block_1_101' title="bbox 552 5598 906 5666">
    <p class='ocr_par' dir='ltr' id='par_1_101' title="bbox 552 5598 906 5666">
     <span class='ocr_line' id='line_1_102' title="bbox 552 5598 906 5666; baseline 0.008 -13"><span class='ocrx_word' id='word_1_695' title='bbox 552 5601 597 5633; x_wconf 78' lang='lat'>&quot;</span> <span class='ocrx_word' id='word_1_696' title='bbox 626 5598 741 5657; x_wconf 89' lang='lat' dir='ltr'><strong>Jos.</strong></span> <span class='ocrx_word' id='word_1_697' title='bbox 776 5618 813 5666; x_wconf 87' lang='lat' dir='ltr'><strong>t,</strong></span> <span class='ocrx_word' id='word_1_698' title='bbox 852 5602 906 5656; x_wconf 80' lang='lat'><strong>5.</strong></span> 
     </span>
    </p>
   </div>
   <div class='ocr_carea' id='block_1_102' title="bbox 2150 4578 3732 4659">
    <p class='ocr_par' dir='ltr' id='par_1_102' title="bbox 2150 4578 3732 4659">
     <span class='ocr_line' id='line_1_103' title="bbox 2150 4578 3732 4659; baseline -0.011 -10"><span class='ocrx_word' id='word_1_699' title='bbox 2150 4594 2419 4655; x_wconf 79' lang='grc' dir='ltr'>τουτέστι,</span> <span class='ocrx_word' id='word_1_700' title='bbox 2444 4591 2534 4645; x_wconf 85' lang='grc' dir='ltr'><strong>τδν</strong></span> <span class='ocrx_word' id='word_1_701' title='bbox 2570 4588 2907 4659; x_wconf 82' lang='grc' dir='ltr'>παρελθόντα</span> <span class='ocrx_word' id='word_1_702' title='bbox 2941 4587 3125 4641; x_wconf 82' lang='grc' dir='ltr'>πάντα</span> <span class='ocrx_word' id='word_1_703' title='bbox 3163 4585 3375 4656; x_wconf 82' lang='grc' dir='ltr'>χρόνον,</span> <span class='ocrx_word' id='word_1_704' title='bbox 3403 4580 3503 4635; x_wconf 74' lang='grc' dir='ltr'><strong>καὶ</strong></span> <span class='ocrx_word' id='word_1_705' title='bbox 3534 4578 3732 4647; x_wconf 75' lang='grc' dir='ltr'>σήμε-</span> 
     </span>
    </p>
   </div>
   <div class='ocr_carea' id='block_1_103' title="bbox 2146 4670 3733 4758">
    <p class='ocr_par' dir='ltr' id='par_1_103' title="bbox 2146 4670 3733 4758">
     <span class='ocr_line' id='line_1_104' title="bbox 2146 4670 3733 4758; baseline -0.011 -16"><span class='ocrx_word' id='word_1_706' title='bbox 2146 4706 2279 4758; x_wconf 85' lang='grc' dir='ltr'>ρον,</span> <span class='ocrx_word' id='word_1_707' title='bbox 2333 4684 2602 4750; x_wconf 82' lang='grc' dir='ltr'>τουτέστι,</span> <span class='ocrx_word' id='word_1_708' title='bbox 2639 4681 2782 4735; x_wconf 85' lang='grc' dir='ltr'>κατὰ</span> <span class='ocrx_word' id='word_1_709' title='bbox 2830 4680 2923 4733; x_wconf 75' lang='grc' dir='ltr'>τὸν</span> <span class='ocrx_word' id='word_1_710' title='bbox 2968 4677 3260 4743; x_wconf 72' lang='grc' dir='ltr'>ἐνεστῶτα,</span> <span class='ocrx_word' id='word_1_711' title='bbox 3295 4676 3396 4729; x_wconf 76' lang='grc' dir='ltr'><strong>καὶ</strong></span> <span class='ocrx_word' id='word_1_712' title='bbox 3458 4676 3547 4739; x_wconf 77' lang='grc' dir='ltr'><strong>εις</strong></span> <span class='ocrx_word' id='word_1_713' title='bbox 3585 4670 3733 4737; x_wconf 79' lang='grc' dir='ltr'>τοὺς</span> 
     </span>
    </p>
   </div>
   <div class='ocr_carea' id='block_1_104' title="bbox 2152 4764 3733 4846">
    <p class='ocr_par' dir='ltr' id='par_1_104' title="bbox 2152 4764 3733 4846">
     <span class='ocr_line' id='line_1_105' title="bbox 2152 4764 3733 4846; baseline -0.011 -12"><span class='ocrx_word' id='word_1_714' title='bbox 2152 4779 2395 4844; x_wconf 71' lang='grc' dir='ltr'>αἰῶνας,</span> <span class='ocrx_word' id='word_1_715' title='bbox 2445 4778 2572 4839; x_wconf 74' lang='grc' dir='ltr'>τοὺς</span> <span class='ocrx_word' id='word_1_716' title='bbox 2612 4775 2908 4846; x_wconf 89' lang='grc' dir='ltr'>μέλλοντας</span> <span class='ocrx_word' id='word_1_717' title='bbox 2946 4773 3042 4825; x_wconf 78' lang='grc' dir='ltr'>καὶ</span> <span class='ocrx_word' id='word_1_718' title='bbox 3093 4769 3450 4840; x_wconf 80' lang='grc' dir='ltr'>ἀπεράντους,</span> <span class='ocrx_word' id='word_1_719' title='bbox 3487 4766 3581 4820; x_wconf 71' lang='grc' dir='ltr'>καὶ</span> <span class='ocrx_word' id='word_1_720' title='bbox 3630 4764 3733 4834; x_wconf 81' lang='grc' dir='ltr'>οὐχ</span> 
     </span>
    </p>
   </div>
   <div class='ocr_carea' id='block_1_105' title="bbox 2153 4856 3735 4943">
    <p class='ocr_par' dir='ltr' id='par_1_105' title="bbox 2153 4856 3735 4943">
     <span class='ocr_line' id='line_1_106' title="bbox 2153 4856 3735 4943; baseline -0.01 -17"><span class='ocrx_word' id='word_1_721' title='bbox 2153 4874 2273 4943; x_wconf 76' lang='grc' dir='ltr'>ἥξει</span> <span class='ocrx_word' id='word_1_722' title='bbox 2302 4872 2509 4941; x_wconf 71' lang='grc' dir='ltr'>ἕτερος.</span> <span class='ocrx_word' id='word_1_723' title='bbox 2566 4869 2658 4937; x_wconf 83' lang='grc' dir='ltr'><strong>Μὴ</strong></span> <span class='ocrx_word' id='word_1_724' title='bbox 2716 4866 2896 4920; x_wconf 75' lang='grc' dir='ltr'>τοίνυν</span> <span class='ocrx_word' id='word_1_725' title='bbox 2947 4861 3246 4917; x_wconf 83' lang='grc' dir='ltr'>πλανᾶσθε.</span> <span class='ocrx_word' id='word_1_726' title='bbox 3282 4863 3352 4915; x_wconf 89' lang='grc' dir='ltr'><strong>Ἢ</strong></span> <span class='ocrx_word' id='word_1_727' title='bbox 3402 4862 3484 4913; x_wconf 83' lang='grc' dir='ltr'>ὅτι</span> <span class='ocrx_word' id='word_1_728' title='bbox 3540 4856 3735 4927; x_wconf 74' lang='grc' dir='ltr'>ῶσπερ</span> 
     </span>
    </p>
   </div>
   <div class='ocr_carea' id='block_1_106' title="bbox 2155 4950 3732 5033">
    <p class='ocr_par' dir='ltr' id='par_1_106' title="bbox 2155 4950 3732 5033">
     <span class='ocr_line' id='line_1_107' title="bbox 2155 4950 3732 5033; baseline -0.013 -15"><span class='ocrx_word' id='word_1_729' title='bbox 2155 4967 2280 5026; x_wconf 72' lang='grc' dir='ltr'>τοὺς</span> <span class='ocrx_word' id='word_1_730' title='bbox 2311 4960 2650 5033; x_wconf 79' lang='grc' dir='ltr'>ἡγουμένους</span> <span class='ocrx_word' id='word_1_731' title='bbox 2691 4957 2844 5027; x_wconf 81' lang='grc' dir='ltr'>ὑμῶν</span> <span class='ocrx_word' id='word_1_732' title='bbox 2891 4957 2954 5010; x_wconf 80' lang='grc' dir='ltr'><strong>οὐ</strong></span> <span class='ocrx_word' id='word_1_733' title='bbox 2985 4955 3297 5017; x_wconf 88' lang='grc' dir='ltr'>κατέλιπεν,</span> <span class='ocrx_word' id='word_1_734' title='bbox 3328 4951 3441 5006; x_wconf 84' lang='grc' dir='ltr'>ἀλλ’</span> <span class='ocrx_word' id='word_1_735' title='bbox 3473 4952 3534 5002; x_wconf 79' lang='grc' dir='ltr'>ἐν</span> <span class='ocrx_word' id='word_1_736' title='bbox 3564 4950 3732 5004; x_wconf 81' lang='grc' dir='ltr'>πᾶσιν</span> 
     </span>
    </p>
   </div>
   <div class='ocr_carea' id='block_1_107' title="bbox 2157 5042 3731 5125">
    <p class='ocr_par' dir='ltr' id='par_1_107' title="bbox 2157 5042 3731 5125">
     <span class='ocr_line' id='line_1_108' title="bbox 2157 5042 3731 5125; baseline -0.01 -14"><span class='ocrx_word' id='word_1_737' title='bbox 2157 5053 2599 5125; x_wconf 76' lang='grc' dir='ltr'>ἀντελαμϐάνετο</span> <span class='ocrx_word' id='word_1_738' title='bbox 2640 5050 2842 5115; x_wconf 83' lang='grc' dir='ltr'>αὐτῶν,</span> <span class='ocrx_word' id='word_1_739' title='bbox 2869 5049 3014 5102; x_wconf 81' lang='grc' dir='ltr'>οὓτω</span> <span class='ocrx_word' id='word_1_740' title='bbox 3039 5048 3132 5101; x_wconf 81' lang='grc' dir='ltr'><strong>καὶ</strong></span> <span class='ocrx_word' id='word_1_741' title='bbox 3166 5045 3321 5116; x_wconf 79' lang='grc' dir='ltr'>ὑμῶν</span> <span class='ocrx_word' id='word_1_742' title='bbox 3354 5042 3731 5114; x_wconf 81' lang='grc' dir='ltr'>ἀντιλήψεται.</span> 
     </span>
    </p>
   </div>
   <div class='ocr_carea' id='block_1_108' title="bbox 2169 5145 2725 5215">
    <p class='ocr_par' dir='ltr' id='par_1_108' title="bbox 2169 5145 2725 5215">
     <span class='ocr_line' id='line_1_109' title="bbox 2169 5145 2725 5215; baseline -0.009 -14"><span class='ocrx_word' id='word_1_743' title='bbox 2169 5148 2229 5201; x_wconf 85' lang='lat'><strong>&#39;0</strong></span> <span class='ocrx_word' id='word_1_744' title='bbox 2259 5148 2422 5210; x_wconf 79' lang='grc' dir='ltr'>αὐτὸς</span> <span class='ocrx_word' id='word_1_745' title='bbox 2452 5145 2561 5215; x_wconf 81' lang='grc' dir='ltr'>γὰρ</span> <span class='ocrx_word' id='word_1_746' title='bbox 2586 5146 2725 5197; x_wconf 77' lang='grc' dir='ltr'>ἐστι.</span> 
     </span>
    </p>
   </div>
   <div class='ocr_carea' id='block_1_109' title="bbox 2230 5222 3732 5306">
    <p class='ocr_par' dir='ltr' id='par_1_109' title="bbox 2230 5222 3732 5306">
     <span class='ocr_line' id='line_1_110' title="bbox 2230 5222 3732 5306; baseline -0.011 -14"><span class='ocrx_word' id='word_1_747' title='bbox 2230 5236 2509 5306; x_wconf 82' lang='grc' dir='ltr'>Διδαχαῖς</span> <span class='ocrx_word' id='word_1_748' title='bbox 2540 5236 2841 5297; x_wconf 62' lang='grc' dir='ltr'>ποικίλαις</span> <span class='ocrx_word' id='word_1_749' title='bbox 2861 5231 2958 5285; x_wconf 73' lang='grc' dir='ltr'><strong>καὶ</strong></span> <span class='ocrx_word' id='word_1_750' title='bbox 2981 5229 3186 5295; x_wconf 79' lang='grc' dir='ltr'>ξέναις</span> <span class='ocrx_word' id='word_1_751' title='bbox 3206 5225 3292 5298; x_wconf 78' lang='grc' dir='ltr'>μὴ</span> <span class='ocrx_word' id='word_1_752' title='bbox 3317 5222 3732 5294; x_wconf 72' lang='grc' dir='ltr'>περιφέρεσθσ.</span> 
     </span>
    </p>
   </div>
   <div class='ocr_carea' id='block_1_110' title="bbox 2161 5308 3737 5393">
    <p class='ocr_par' dir='ltr' id='par_1_110' title="bbox 2161 5308 3737 5393">
     <span class='ocr_line' id='line_1_111' title="bbox 2161 5308 3737 5393; baseline -0.016 -7"><span class='ocrx_word' id='word_1_753' title='bbox 2161 5331 2497 5393; x_wconf 63' lang='lat' dir='ltr'><strong>Domuum,</strong></span> <span class='ocrx_word' id='word_1_754' title='bbox 2526 5329 2646 5389; x_wconf 83' lang='grc' dir='ltr'>ταῖς</span> <span class='ocrx_word' id='word_1_755' title='bbox 2675 5324 2861 5379; x_wconf 82' lang='grc' dir='ltr'>ἄλλοτε</span> <span class='ocrx_word' id='word_1_756' title='bbox 2891 5320 3103 5386; x_wconf 80' lang='grc' dir='ltr'>ἄλλαις,</span> <span class='ocrx_word' id='word_1_757' title='bbox 3135 5319 3232 5372; x_wconf 72' lang='grc' dir='ltr'><strong>καὶ</strong></span> <span class='ocrx_word' id='word_1_758' title='bbox 3261 5316 3393 5388; x_wconf 82' lang='grc' dir='ltr'>παρ’</span> <span class='ocrx_word' id='word_1_759' title='bbox 3428 5313 3603 5369; x_wconf 77' lang='grc' dir='ltr'>ἄλλων</span> <span class='ocrx_word' id='word_1_760' title='bbox 3633 5308 3737 5364; x_wconf 75' lang='grc' dir='ltr'><strong>καὶ</strong></span> 
     </span>
    </p>
   </div>
   <div class='ocr_carea' id='block_1_111' title="bbox 2161 5402 3733 5487">
    <p class='ocr_par' dir='ltr' id='par_1_111' title="bbox 2161 5402 3733 5487">
     <span class='ocr_line' id='line_1_112' title="bbox 2161 5402 3733 5487; baseline -0.013 -12"><span class='ocrx_word' id='word_1_761' title='bbox 2161 5422 2358 5487; x_wconf 82' lang='grc' dir='ltr'>ἄλλων,</span> <span class='ocrx_word' id='word_1_762' title='bbox 2390 5419 2527 5474; x_wconf 77' lang='grc' dir='ltr'>ἀλλὰ</span> <span class='ocrx_word' id='word_1_763' title='bbox 2552 5418 2645 5472; x_wconf 73' lang='grc' dir='ltr'>καὶ</span> <span class='ocrx_word' id='word_1_764' title='bbox 2676 5416 2854 5481; x_wconf 78' lang='grc' dir='ltr'>ξέναις</span> <span class='ocrx_word' id='word_1_765' title='bbox 2907 5413 3003 5467; x_wconf 84' lang='grc' dir='ltr'>τοῦ</span> <span class='ocrx_word' id='word_1_766' title='bbox 3048 5410 3212 5484; x_wconf 82' lang='grc' dir='ltr'>ὀρθοῦ</span> <span class='ocrx_word' id='word_1_767' title='bbox 3240 5409 3535 5480; x_wconf 85' lang='grc' dir='ltr'>δόγματος.</span> <span class='ocrx_word' id='word_1_768' title='bbox 3572 5402 3733 5457; x_wconf 84' lang='grc' dir='ltr'>Ἔστι</span> 
     </span>
    </p>
   </div>
   <div class='ocr_carea' id='block_1_112' title="bbox 1820 5691 2384 5757">
    <p class='ocr_par' dir='ltr' id='par_1_112' title="bbox 1820 5691 2384 5757">
     <span class='ocr_line' id='line_1_113' title="bbox 1820 5691 2384 5757; baseline -0.005 -4"><span class='ocrx_word' id='word_1_769' title='bbox 1820 5693 2023 5756; x_wconf 77' lang='lat' dir='ltr'><strong>Variae</strong></span> <span class='ocrx_word' id='word_1_770' title='bbox 2049 5691 2384 5757; x_wconf 88' lang='lat' dir='ltr'><strong>lectiones.</strong></span> 
     </span>
    </p>
   </div>
   <div class='ocr_carea' id='block_1_113' title="bbox 582 5798 1142 5864">
    <p class='ocr_par' dir='ltr' id='par_1_113' title="bbox 582 5798 1142 5864">
     <span class='ocr_line' id='line_1_114' title="bbox 582 5798 1142 5864; baseline 0.02 -16"><span class='ocrx_word' id='word_1_771' title='bbox 582 5799 622 5826; x_wconf 71' lang='lat'><strong>‘-&quot;</strong></span> <span class='ocrx_word' id='word_1_772' title='bbox 665 5798 1063 5864; x_wconf 67' lang='grc' dir='ltr'>ἀποϐλέποντες</span> <span class='ocrx_word' id='word_1_773' title='bbox 1089 5821 1142 5858; x_wconf 88' lang='grc' dir='ltr'><strong>ο.</strong></span> 
     </span>
    </p>
   </div>
  </div>
