4068 6210
454 381 1413 413 ε..-.-..-...-......,-.....-...

985 600 2087 784 BONIFACII
2277 613 3151 788 FINETTI

1622 964 1900 1024 ORDINIS
1962 965 2527 1026 PREDICATOREM

618 1100 808 1277 1M
901 1162 1546 1283 TERTIUM
1696 1148 2290 1285 TOMUM“
2418 1125 3559 1297 THEOPHYLACTI'

1729 1429 2433 1525 ΡΒᾹΞΓΑΤΙΟν

502 387 1413 399 mh—

502 387 1839 415 MM“...—

540 1782 591 1840 Γ.
627 1781 786 1842 Cum
827 1781 942 1844 viri
980 1785 1369 1862 gravissimi,
1403 1802 1684 1866 quorum
1716 1786 2096 1848 auctoritate
2148 1791 2534 1882 cqmmoveri
2579 1809 2683 1856 me
2711 1795 3157 1873 aequissimum
3205 1805 3360 1871 erat,
3410 1798 3703 1875 impense

455 1890 682 1957 Optare
710 1900 782 1943 se
817 1882 975 1944 mihi
1009 1886 1505 1963 signiﬁcassent,
1546 1894 1616 1947 ut
1647 1886 1816 1948 tertii
1858 1886 2053 1964 hujus
2080 1886 2313 1947 edendi
2348 1890 2499 1949 tomi
2527 1889 2591 1951 in
2630 1908 2729 1954 me
2768 1910 2983 1954 curam
3019 1895 3395 1972 reciperem,
3427 1900 3709 1963 laborem

458 1982 634 2072 hunc
694 1984 1181 2047 detrectandum
1235 1986 1390 2049 mihi
1437 1986 1705 2048 minime
1755 1987 2009 2058 censui,
2052 1987 2403 2062 praesertim
2455 2006 2600 2050 cum
2628 1991 2702 2066 ii,
2744 1994 2855 2071 qui
2899 2010 3021 2055 suo
3074 2010 3176 2056 me
3215 2013 3379 2073 pene
3430 1998 3709 2077 imperio

454 2080 846 2159 compellere
878 2086 1268 2161 potuissent,
1310 2104 1423 2166 pro
1454 2086 1691 2148 eximia
1737 2086 2131 2148 humanitate
2163 2102 2281 2149 sua
2309 2087 2388 2149 ad
2418 2089 2483 2149 id
2534 2092 2822 2154 muneris
2871 2092 3286 2156 subeundum
3322 2100 3712 2174 persuadere

460 2181 702 2244 ratione
728 2183 1110 2260 maluerint;
1147 2186 1481 2249 neminem.
1516 2186 1765 2249 aientes
1798 2185 1863 2248 id
1896 2187 2100 2265 magis
2132 2187 2384 2258 decere,
2445 2206 2636 2267 quam
2666 2208 2788 2263 me,
2831 2195 2949 2271 qui
2990 2193 3235 2256 inedita
3255 2197 3710 2277 TheOphylacti

463 2283 699 2357 Opera,
730 2285 973 2365 quibus
1007 2286 1162 2348 tomi
1199 2286 1387 2348 istius
1423 2304 1563 2363 pars
1602 2287 1881 2347 maxima
1906 2287 2430 2359 constat,.Latine
2463 2290 2768 2351 vertenda
2807 2292 3273 2369 suscepissem.
3321 2296 3477 2356 Cum
3516 2298 3713 2375 igitur

460 2382 538 2442 ad
581 2382 879 2461 id,.qnod
911 2385 1056 2448 sine
1089 2384 1344 2463 piaculo
1384 2402 1681 2448 recusare
1718 2384 1831 2446 vix-
1857 2393 2163 2462 poteram,
2199 2385 2710 2465 aggrediendum
2748 2390 3037 2451 animum
3066 2391 3492 2471 appulissem,
3525 2393 3713 2457 facile

463 2482 787 2558 intellexi,
820 2485 1141 2565 assumpti
1168 2494 1409 2565 partem
1436 2486 1657 2566 aperis
1687 2502 1832 2548 esse
1860 2484 2171 2548 nonnulla
2203 2486 2270 2547 in
2302 2493 2547 2549 tomum
2601 2489 2900 2551 eumdem
2945 2490 3219 2568 prtefari,
3267 2492 3511 2570 quibus
3559 2511 3713 2570 Ope-

465 2605 633 2658 rum,
664 2606 812 2666 qua)
865 2590 1175 2661 continet,
1221 2590 1618 2670 laborisque,
1659 2606 1855 2670 quem
1885 2589 1950 2651 in
1997 2589 2226 2652 eodem
2275 2590 2624 2670 insumpsi,
2668 2592 2983 2655 rationem
3027 2594 3311 2675 aliquam
3366 2580 3713 2660 lectoribus

464 2686 825 2748 redderem.
859 2690 997 2762 Qua
1026 2690 1087 2751 in
1124 2707 1190 2751 re
1218 2689 1377 2752 illud
1412 2689 1702 2751 omnium
1737 2690 1942 2767 primo
1968 2688 2370 2767 purgandum
2395 2689 2751 2764 videretur,
2775 2691 2947 2769 quod
2972 2691 3202 2754 tertius
3226 2692 3348 2755 iste
3376 2693 3710 2773 TheOphy

467 2787 613 2849 lacti
645 2796 856 2852 tomus
890 2794 1090 2856 multo
1108 2793 1392 2855 [fortasse
1424 2792 1661 2865 serius,
1702 2807 1893 2870 quam
1925 2807 2079 2867 spes
2105 2789 2268 2853 facta
2296 2790 2556 2865 fuisset,
2596 2793 2662 2853 in
2698 2791 2907 2854 lucem
2948 2812 3123 2855 nunc
3145 2795 3406 2856 demum
3441 2794 3714 2873 profera-

470 2896 610 2963 tur;
664 2890 787 2951 nisi
831 2909 977 2969 qme
1018 2892 1290 2954 dicenda
1322 2890 1600 2953 inferius
1634 2890 1792 2952 mibi
1825 2898 2002 2965 sunt,
2051 2890 2270 2953 labore
2322 2908 2424 2953 me
2458 2891 2585 2952 isto
2634 2892 2942 2953 levarent.
2978 2894 3070 2953 Ex
3107 2892 3190 2953 iis
3225 2893 3400 2954 enim
3457 2893 3715 2971 planum

467 2999 998 3068 compertumque
1032 2989 1162 3061 ﬁet,
1184 2987 1436 3051 nullius
1457 2989 1738 3061 incuria,
1764 2988 1876 3050 sed
1908 2988 2003 3050 rei
2032 2987 2267 3054 melius
2291 2990 2590 3067 gerendm
2619 2991 2840 3052 studio
2874 3007 3114 3052 moram
3146 2998 3380 3052 tantam
3419 2991 3717 3071 injectum

469 3091 697 3154 fuisse.
740 3092 897 3152 Cum
936 3108 1213 3170 namque
1248 3092 1554 3171 pleraque
1583 3108 1777 3170 opera
1807 3109 1953 3171 qum
1983 3092 2288 3154 volumen
2318 3090 2499 3152 istud
2529 3089 3003 3170 complectitur,
3037 3098 3148 3151 aut
3175 3090 3523 3152 admodum
3557 3110 3717 3165 rara,

477 3201 585 3252 aut
619 3189 808 3270 plane
849 3194 1091 3255 inedita
1130 3190 1364 3267 forent,
1398 3209 1470 3255 ac
1501 3194 1791 3275 quautam
1829 3193 2021 3256 etiam
2053 3192 2301 3257 detecta
2353 3193 2828 3267 recentissima,
2877 3191 2947 3251 in
2974 3189 3061 3252 iis
3091 3189 3482 3272 colligendis
3520 3190 3719 3273 (quod

474 3295 731 3358 nonnisi
777 3296 988 3359 aliena
1025 3311 1217 3375 Opera
1254 3296 1538 3375 prmstari
1574 3297 1868 3375 poterat),
1906 3297 1970 3359 in
2020 3296 2404 3376 eisdemque
2435 3296 2512 3359 ad
2566 3297 2818 3376 prelum
2872 3296 3173 3374 parandis
3215 3295 3363 3375 plus
3408 3296 3719 3375 temporis

473 3399 717 3462 insumi
749 3399 1035 3477 oportuit
1069 3416 1260 3480 quam
1308 3400 1675 3478 putabatur.
1719 3400 1995 3461 Necesse
2028 3399 2244 3479 itaque
2283 3398 2410 3461 fuit
2459 3408 2728 3476 coeptam
2776 3396 2929 3458 tomi
2976 3396 3175 3474 hujus
3223 3395 3720 3476 impressionem

476 3500 861 3579 aliquandiu
890 3500 1346 3562 intermittere.
1388 3502 1625 3561 Verum
1665 3517 1743 3561 ne
1785 3500 2046 3561 interim
2072 3516 2178 3561 res
2209 3499 2474 3562 omnino
2512 3505 2573 3559 et
2599 3498 3033 3577 undequaque
3067 3514 3386 3575 suspensa
3412 3503 3718 3565 maneret,

475 3608 540 3662 et
575 3617 654 3662 ne
694 3600 842 3678 plus
871 3616 1059 3678 mque
1091 3599 1537 3661 studiosorum
1568 3599 1902 3663 hominum
1936 3598 2333 3676 exspectatio
2368 3588 2859 3674 produceretur,
2893 3597 3163 3657 solertes
3192 3596 3499 3657 editionis
3529 3593 3719 3672 hujus

478 3709 810 3765 curatores
847 3708 1092 3763 tomum
1126 3709 1455 3780 quartum,
1482 3702 1597 3782 qui
1631 3709 1692 3764 et
1733 3703 2004 3764 ultimus
2042 3701 2205 3773 erit,
2240 3700 2420 3777 prelo
2445 3700 2926 3781 subjiciendum
2960 3705 3288 3770 curarunt,
3344 3705 3415 3757 ut
3451 3713 3583 3775 quo
3613 3712 3721 3757 se-

482 3813 616 3875 rius
645 3811 929 3874 studiosi
956 3811 1224 3872 tertium
1249 3812 1446 3872 istum
1479 3808 1831 3888 accipiunt,
1860 3824 1938 3869 eo
1966 3805 2285 3868 maturius
2320 3805 2449 3864 sint
2483 3813 2724 3865 tomum
2760 3800 3429 3877 ultimum.accepturi
3469 3821 3482 3858 :
3533 3801 3722 3877 cujus

483 3933 623 3979 cum
652 3914 1004 3992 impressio
1038 3916 1307 3976 multum
1342 3910 1832 3993 progressa-jam
1864 3909 1971 3979 sit,
2001 3904 2291 3985 polliceri
2330 3912 2513 3967 certo
2537 3920 2913 3982 possumus,
2958 3918 3127 3963 eum
3176 3898 3402 3977 paucis
3455 3900 3722 3974 posthac

489 4018 821 4090 mensibus
853 4014 1262 4093 proditurum
1309 4013 1377 4075 in
1411 4013 1642 4075 lucem.
1682 4012 1887 4085 Quam
1918 4024 2073 4070 sane
2105 4007 2365 4069 brevem
2402 4005 2779 4068 dilationem
2817 4020 2894 4066 eo
2928 4001 3215 4080 tequiore
3246 3996 3462 4058 animo
3485 3996 3721 4058 tolera:

487 4115 576 4176 bit
604 4114 960 4177 benevolus
991 4113 1217 4187 lector,
1262 4129 1395 4186 quo
1440 4110 1743 4190 majorem
1770 4115 1873 4172 est
1903 4126 1981 4170 ex
2013 4106 2208 4187 hujus
2240 4100 2600 4169 voluminis
2630 4102 2910 4166 lectione
2951 4101 3341 4179 voluptatem
3385 4101 3723 4173 perceptu-

487 4235 595 4279 rus
649 4237 797 4283 cum
849 4225 933 4281 ob
980 4216 1284 4280 eximiam
1334 4229 1605 4291 operum
1656 4211 1850 4273 ineo
1902 4215 2354 4273 contentorum
2414 4203 2870 4282 praestantiam,
2914 4209 3053 4265 tum
3105 4207 3361 4280 prapter
3400 4198 3723 4277 insignem

489 4319 864 4381 earumdem
897 4317 1295 4384 varietatem,
1327 4329 1450 4391 qua
1485 4310 1833 4389 prtesertim
1870 4310 1978 4380 iis,
2017 4307 2129 4388 qui
2162 4307 2292 4385 jam
2325 4305 2485 4367 editi
2531 4312 2706 4374 sunt,
2762 4311 2972 4364 tomus
3008 4302 3133 4364 iste
3182 4300 3511 4381 prtecellit.
3565 4301 3724 4361 Cum

490 4417 657 4479 enim
690 4419 1008 4497 cxcgctica
1040 4416 1137 4479 illi
1171 4421 1416 4478 tantum
1452 4428 1643 4491 Opera
1674 4412 2042 4481 exhibeant,
2105 4408 2213 4469 hic
2235 4416 2297 4468 et
2334 4407 2676 4485 exegetica,
2712 4414 2772 4468 et
2800 4403 3109 4472 oratoria,
3152 4409 3214 4463 et
3240 4419 3445 4472 sacra,
3472 4406 3536 4462 et
3567 4417 3725 4478 pro-

491 4523 662 4601 fana,
695 4529 756 4585 et
787 4521 1119 4592 historica,
1146 4524 1207 4579 et
1224 4515 1535 4600 politica,
1559 4520 1620 4575 et
1648 4512 2006 4591 dogmatica
2034 4509 2203 4572 haud
2235 4508 2592 4588 injucunda
2623 4522 2777 4568 sane
2808 4502 3226 4582 permistione
3257 4500 3726 4578 complectitur,

494 4596 560 4681 ut
593 4627 762 4697 patet
801 4635 882 4679 ex
914 4618 1202 4693 ipsorum
1225 4596 1506 4692 onerum
1542 4609 1855 4690 catalogo,
1889 4608 2004 4687 qui
2036 4604 2331 4688 sequens’
2358 4613 2480 4668 est.
2511 4607 2556 4665 Ι.
2593 4602 3092 4666 Commentarius
3124 4600 3192 4662 in
3220 4598 3378 4661 Acta
3405 4596 3729 4678 apostolo—

491 4739 655 4794 rum,
684 4721 898 4781 editus
933 4717 1094 4779 olim
1130 4734 1165 4779 a
1194 4714 1438 4778 Sifano.
1470 4713 1546 4773 ll.
1577 4710 1757 4772 Alter
1787 4709 1854 4770 in
1890 4708 2112 4770 eadem
2150 4709 2301 4769 Acta
2328 4705 2830 4768 Commentariun
2860 4720 3087 4766 recens
3118 4709 3341 4766 erutus
3379 4719 3459 4763 ex
3491 4698 3729 4763 biblio-

497 4821 673 4884 theca
706 4823 1028 4880 Vattcana.
1064 4816 1175 4879 111.
1202 4812 1700 4877 Commentarius
1729 4812 1796 4872 in
1823 4808 2148 4889 Epistolas
2186 4807 2569 4871 Catholicae.
2604 4807 2711 4867 ιν.
2741 4805 2965 4867 Oratio
3002 4806 3071 4867 in
3120 4802 3559 4865 adorationem
3581 4817 3731 4888 gru-

495 4924 608 4983 cis.
640 4923 717 4983 V.
757 4919 979 4983 Oratio
1016 4918 1085 4978 in
1115 4914 1663 4995 prwscntationcm
1690 4912 1766 4972 Β.
1805 4910 2027 4973 Maria:
2064 4907 2373 4987 Virginis.
2408 4909 2517 4969 Vl.
2550 4907 2939 4983 Martyrium
2969 4902 3325 4984 quindecim
3358 4912 3731 4981 martyrum,

496 5023 606 5100 qui
641 5020 814 5099 passi
848 5026 998 5081 sunt
1028 5017 1384 5095 imperante
1412 5012 1674 5075 Julianu
1713 5015 2039 5090 Apostata.
2065 5010 2206 5071 Vl].
2237 5008 2558 5070 Allocutio
2590 5008 2664 5069 de
2696 5009 2868 5071 iisin
2900 5006 3124 5085 quibus
3155 5005 3374 5067 Latini
3399 5004 3730 5082 reprehen-

497 5099 737 5184 duntur
768 5140 816 5180 α’
837 5118 1098 5181 Grecis.
1132 5116 1302 5176 Vill.
1335 5112 1668 5174 Institutio
1700 5112 1877 5190 regia
1926 5109 2009 5168 ad
2038 5109 2528 5171 Constantinum
2554 5107 3201 5186 Porphyrogenitum.
3230 5106 3341 5166 IX.
3365 5099 3733 5163 Encomium

496 5228 563 5289 in
604 5225 1048 5302 imperatorem
1077 5218 1372 5279 Alexium
1402 5216 1803 5278 Cornnenum.
1838 5216 1920 5276 X.
1953 5213 2263 5291 Epistolas
2285 5213 2518 5292 viginti
2544 5228 2773 5275 recens
2800 5219 3001 5274 erutae
3039 5227 3116 5273 ex
3148 5206 3535 5270 bibliotheca
3573 5200 3733 5263 Vati-

504 5349 678 5389 cuna.
712 5328 825 5388 XI.
862 5327 1161 5387 Extrema
1201 5338 1345 5400 pars
1372 5319 1646 5383 hamiliw
1671 5318 2034 5380 undecimae
2066 5315 2136 5383 in
2167 5316 2735 5378 Resurrcctionem.
2769 5316 2914 5377 XII.
2946 5307 3439 5377 Commentarius
3480 5304 3549 5363 in
3581 5302 3734 5362 Acta

499 5427 934 5507 apostolorum
959 5440 1038 5484 ex
1073 5422 1456 5485 bibliotheca
1501 5418 1869 5479 Florentino
1904 5414 2210 5478 Mcdicea.
2244 5418 2422 5480 Χ111.
2462 5416 2770 5497 Epistolw
2798 5435 2837 5474 a
2867 5412 3148 5478 Meursio
3186 5416 3243 5468 et
3270 5405 3487 5507 Lamia
3536 5400 3734 5463 editw.

500 5529 820 5603 Quoniam
854 5541 1009 5586 vero
1042 5524 1121 5584 de
1153 5521 1458 5585 omnibus
1493 5522 1592 5582 his
1621 5519 1838 5597 aliqua
1869 5518 2319 5595 praemonenda
2348 5525 2689 5595 sunt,quo
2712 5515 2994 5593 quisque
3022 5510 3097 5571 ad
3132 5521 3357 5568 eorum
3392 5502 3735 5565 lectionem

501 5601 750 5690 accedat
786 5624 1081 5703 paratior,
1117 5620 1557 5683 Praefationem
1596 5619 1755 5682 hanc
1788 5617 1851 5679 in
1890 5616 2155 5679 totidem
2188 5624 2349 5695 quot
2394 5622 2598 5692 partes
2632 5612 2784 5673 torui
2822 5608 3013 5683 hujus
3049 5616 3223 5677 sunt,
3271 5601 3551 5665 dividam
3593 5617 3733 5661 socc

562 5775 578 5793 ‘
604 5772 846 5823 Editionis
872 5772 1074 5825 Venetae
1095 5781 1238 5837 quam
1262 5763 1532 5825 sequimur.
