4068 6210
369 361 468 429 ‘09
1160 374 1239 442 ΙΝ
1294 378 1725 456 SEQUENTIA
1779 392 2363 457 THEOPHYLAC’I‘I
2413 399 2758 464 StiRlPTA‘.
3499 408 3606 473 “0

363 474 459 534 Sin
493 476 762 583 outttinn
779 478 1039 556 sustuli,
1077 488 1296 548 saltem
1325 501 1655 573 utrunque
1693 498 1930 574 sopivi.
1963 501 2132 572 Quid
2165 516 2312 564 cem
2347 505 2722 569 excitaverit
2752 509 3000 586 denuo,
3026 522 3102 572 ex
3131 527 3282 576 mox
3309 513 3608 579 dicendis

357 582 779 651 perSpH-u'um
817 582 942 644 (iet.

1781 721 2058 782 SECTIO
2107 719 2182 783 ΙῘ.

635 846 725 916 De
759 846 1218 926 Commentario
1253 865 1318 926 in
1349 867 1501 928 Acta
1525 873 1954 948 apostolorum
1997 891 2213 937 recens
2248 891 2426 942 cruto
2477 901 2556 943 e1:
2587 875 2966 948 bibliotltecd‘
3002 884 3318 950 Vaticana.

435 989 547 1112 Ῑγ.
595 1003 1015 1112 Ptmcedentis
1058 1013 1511 1080 Commentarii
1565 1022 1920 1099 impressio
1959 1025 2035 1086 ad
2091 1019 2465 1092 umbilicum
2510 1032 2716 1096 ferme
2772 1043 3176 1112 pervenerat,
3211 1053 3356 1099 cum
3401 1037 3599 1097 Roma

354 1098 543 1211 pilata.
567 1113 718 1165 sunt
742 1098 880 1211 tria
900 1108 1052 1172 folia
1089 1113 1360 1211 alterius
1396 1098 1853 1182 Commentarii
1900 1123 1965 1185 in
2011 1126 2234 1188 eadem
2281 1131 2724 1205 apostolorum
2751 1098 2931 1206 Acta,
2960 1134 3074 1211 qui
3223 1134 3449 1196 codice
3498 1136 3596 1196 lti-

354 1196 701 1308 bliothecte
742 1204 1066 1271 Vaticante
1111 1200 1664 1294 'l‘beOphylactum
1715 1219 1968 1296 praefert
2000 1196 2350 1288 auctorem.
2398 1222 2584 1290 Facta
2627 1196 3594 1308 collatione.deprehendimus,

353 1291 714 1411 Romanum
741 1308 1132 1411 aSifaniano
1162 1333 1309 1377 cum
1343 1316 1409 1378 in
1432 1317 1606 1392 aliis,
1642 1326 1775 1382 tum
1807 1326 2158 1399 praesertim
2192 1325 2498 1391 brevitate
2549 1330 2948 1411 discrepare.
3000 1291 3135 1394 Hoc
3169 1349 3320 1394 vero
3361 1335 3595 1396 nedum

354 1406 639 1512 Priorem
677 1406 1145 1512 dubitationem
1173 1415 1339 1478 circa
1372 1420 1736 1497 genuinum
1771 1420 1958 1486 illius
1989 1427 2450 1490 Commentarii
2488 1406 2812 1493 auctorem
2862 1434 3075 1494 denuo
3123 1433 3447 1504 excitavit,
3481 1437 3594 1495 sed

355 1507 548 1611 Etiam
589 1507 881 1611 ,δηίωυω
935 1529 1014 1575 εο
1059 1515 1420 1592 ίηοιίηενίῐ,
1474 1528 1542 1582 ut
1580 1525 1932 1596 crederem,
1981 1526 2153 1589 hunc
2204 1529 2420 1606 potids
2479 1545 2701 1594 recens
2755 1533 3099 1603 detectum,
3154 1549 3343 1611 quam
3400 1533 3584 1593 illum

355 1592 840 1708 Ibeopltylacto
869 1616 1109 1676 auctori
1140 1619 1592 1681 ascribendum
1626 1639 1768 1683 esse
1800 1639 1818 1683 :
1860 1592 2219 1702 praesertim.
2265 1630 2435 1706 quod
2491 1629 2746 1690 brevior
2787 1630 2988 1690 multo
3037 1592 3483 1708 sit,1adcoque
3516 1633 3592 1692 ad

353 1696 935 1786 Theophylacteam
967 1718 1443 1792 commentandi
1488 1719 1800 1783 rationem
1836 1696 2100 1802 propius
2126 1696 2430 1790 accedere
2462 1729 2776 1790 videatur.
2807 1696 3283 1789 Nonnullaalia
3316 1696 3594 1792 subinde

350 1803 548 1868 ltoma
581 1821 833 1888 accepta
861 1815 1010 1878 folia
1045 1835 1170 1879 non
1205 1819 1414 1880 solum
1460 1820 1620 1884 hanc
1647 1823 1802 1884 mihi
1834 1827 2276 1904 suspicionem
2304 1831 2656 1901 ﬁrmarunt,
2697 1830 2806 1891 sed
2840 1829 3030 1891 etiam
3065 1828 3372 1891 editionis
3400 1829 3594 1909 hujus

347 1909 762 1974 curatoribus
796 1916 1141 1979 consilium
1178 1919 1566 1998 injecerunt,
1610 1921 1781 1984 hunc
1825 1936 2089 2005 qdoque
2137 1929 2678 1992 Commentarium
2732 1931 2791 1991 in
2843 1929 3052 1992 lucem
3103 1928 3483 2002 emittendi;
3526 1938 3596 1992 ut

346 2025 546 2091 quem
579 2015 874 2092 (aqualis,
911 2021 1106 2081 unius
1140 2040 1372 2100 nempe
1404 2027 1674 2095 codicis,
1708 2030 2051 2091 auctoritas
2100 2031 2278 2092 velut
2315 2031 2776 2112 TlteOphylacti
2817 2031 3038 2093 fretum
3089 2032 3591 2100 commendaret,

350 2116 409 2178 is
437 2117 625 2179 etiam
660 2120 890 2198 tequali
930 2126 1204 2199 publica)
1238 2127 1400 2189 lucis
1436 2129 1678 2191 honore
1708 2132 2055 2195 frueretur.
2097 2133 2388 2196 Consilio
2418 2129 2595 2203 huic,
2630 2147 3002 2214 quanquam
3039 2133 3176 2211 ipse
3205 2141 3424 2195 auctor
3449 2151 3590 2194 esse

352 2216 697 2290 nolu0rim,
731 2227 1221 2301 repugnandum
1264 2232 1473 2290 tamen
1517 2227 1671 2288 mihi
1730 2248 1872 2292 esse
1907 2250 2030 2294 non
2083 2231 2340 2304 censui,
2372 2233 2615 2310 quippe
2663 2234 2775 2310 qui
2816 2219 3220 2312 perspectum
3267 2231 3591 2303 haberem,

350 2317 644 2377 eruditos
673 2316 969 2384 homines
1005 2323 1240 2386 nedum
1293 2332 1490 2398 certa,
1529 2326 1639 2387 sed
1682 2335 1744 2388 et
1778 2330 1972 2391 dubia
2020 2347 2210 2408 Opera
2245 2334 2470 2393 eodem
2520 2331 2854 2393 volumine
2900 2333 3092 2392 edere
3142 2331 3588 2392 consucvisse.

349 2409 503 2476 Herc
537 2417 802 2494 quidem
833 2437 1023 2500 opera
1048 2424 1125 2486 ad
1163 2425 1398 2488 calcem
1435 2427 1782 2491 voluminis
1820 2431 2196 2510 pleruque
2233 2432 2618 2510 rejiciuntur
2649 2454 2664 2494 :
2695 2441 2756 2494 at
2786 2432 2958 2510 quod
2993 2431 3111 2494 hoc
3151 2431 3348 2492 istum
3384 2431 3590 2492 locum

349 2527 624 2598 teneret,
652 2524 720 2586 in
751 2543 938 2589 causa
969 2526 1096 2590 fuit
1131 2529 1261 2608 jam
1293 2530 1588 2593 absoluta
1620 2533 2078 2596 Commentarii
2113 2537 2536 2615 praecedentis
2574 2536 2944 2617 impressio.
2972 2537 3381 2598 Censuerunt
3414 2533 3589 2595 enim

345 2624 662 2698 editores,
700 2629 1235 2704 Commentarios,
1269 2633 1381 2713 qui
1413 2631 1578 2697 circa
1613 2636 1903 2699 eamdem
1931 2648 2339 2704 versarentur
2373 2641 2731 2716 materiem,
2766 2643 3124 2718 eodemque
3151 2637 3352 2701 ferme
3394 2635 3592 2698 dubio

347 2725 736 2802 laborarent,
773 2733 909 2796 loco
933 2734 1372 2814 sejungendos
1404 2753 1532 2799 non
1567 2750 1738 2802 esse.
1770 2739 1958 2812 Hinc,
1991 2743 2240 2805 cteteris
2265 2744 2530 2807 interim
2561 2743 3032 2824 prtetermissis,
3053 2759 3199 2823 qua;
3227 2759 3352 2821 prm
3383 2740 3591 2801 moni-

347 2825 472 2888 bus
512 2828 844 2905 habebam,
895 2831 1092 2912 hujus
1142 2834 1369 2898 Latine
1418 2835 1713 2899 vertendi
1768 2836 2048 2902 laborem
2097 2858 2442 2921 aggressus
2481 2862 2649 2906 sum.
2699 2844 2886 2918 Quod
2940 2845 3094 2906 dum
3133 2858 3478 2920 exsequor,
3527 2851 3590 2903 et

347 2929 898 2994 Commentaribm
933 2932 1150 3012 ipsum
1184 2938 1453 3015 propius
1478 2939 1922 3018 attentiusque
1952 2941 2306 3021 perspicio,
2342 2945 2409 3005 in
2443 2945 2763 3024 prioribus
2800 2944 3069 3024 quidem
3106 2960 3222 3005 sex
3271 2939 3590 3018 capitibus

341 3037 412 3092 et
443 3032 698 3106 septimi
731 3037 998 3101 dimidia
1021 3039 1224 3104 ferme
1259 3051 1434 3121 parte
1471 3057 1790 3124 perpauca
1824 3064 1968 3110 esse
2000 3048 2439 3127 deprehendo,
2468 3067 2612 3129 quas
2637 3049 2699 3110 in
2742 3048 3214 3112 Commentario
3261 3044 3588 3108 Sifaniano

348 3147 476 3196 non
515 3135 827 3212 inessent,
873 3157 944 3202 ac
974 3139 1176 3204 ferme
1208 3142 1419 3206 solum
1469 3146 1535 3207 in
1575 3163 1654 3210 eo
1700 3149 2092 3228 discrepare,
2126 3153 2300 3229 quod
2343 3149 2450 3212 ille
2482 3150 2698 3223 multo
2747 3150 3064 3228 prolixior
3094 3149 3203 3222 sit,
3231 3165 3351 3210 seu
3385 3147 3586 3210 multo

349 3233 532 3312 plura
569 3235 917 3300 contineat.
949 3238 1222 3318 lusaper
1250 3241 1386 3305 fere
1417 3246 1633 3307 omnia
1669 3263 1816 3322 qua;
1845 3247 2107 3328 utrique
2140 3247 2509 3312 communia
2536 3232 2714 3326 sunt,
2743 3250 2904 3312 adeo
2937 3267 3080 3312 cum
3118 3249 3334 3312 verbis
3381 3248 3588 3327 Chry-

347 3335 616 3396 sostomi
650 3352 1030 3417 congruere,
1061 3346 1131 3402 ut
1157 3341 1415 3404 deﬁniri
1452 3345 1556 3406 vix
1586 3355 1697 3408 aut
1725 3350 1996 3410 omnino
2029 3367 2156 3412 non
2194 3358 2410 3430 queat,
2445 3359 2662 3414 utrum
2694 3369 2840 3429 qum
2867 3351 3210 3414 Vaticanus
3243 3351 3586 3413 Commen-

345 3436 551 3498 tarius
587 3437 651 3498 in
688 3438 1009 3517 praedictis
1040 3435 1360 3520 capitibus
1410 3446 1623 3522 habet,
1663 3465 1742 3510 ex
1787 3451 2143 3524 Sifaniano,
2182 3452 2281 3516 vel
2333 3453 2537 3515 simili
2568 3453 2792 3533 aliquo
2819 3452 3198 3531 exemplari,
3233 3469 3311 3514 an
3358 3453 3588 3512 imme-

347 3537 518 3598 diate
542 3555 620 3598 ex
655 3539 795 3614 ipso
835 3537 1288 3618 Chrysostomo
1310 3546 1652 3627 desumpta
1677 3541 1947 3614 fuerint.
1972 3552 2149 3614 'lllud
2182 3563 2430 3616 certum
2453 3553 2732 3628 videtur,
2756 3571 2829 3616 ea
2863 3554 2928 3616 in
2971 3562 3141 3630 parte
3163 3553 3324 3614 adeo
3357 3568 3586 3627 Ρυτυηι

349 3648 579 3716 putum
615 3643 910 3706 exhiberi
966 3646 1526 3727 Chrysostomum,
1579 3661 1649 3715 ut
1687 3653 1792 3717 hic
1820 3655 1918 3716 illi
1959 3655 2191 3718 titulus
2237 3656 2470 3718 merito
2505 3658 2704 3736 aptari
2741 3661 2956 3735 posset
2986 3677 3004 3718 :
3033 3656 3286 3718 Scholia
3331 3656 3400 3718 in
3429 3655 3589 3715 Acta

343 3744 775 3823 apostolorum
799 3759 879 3808 ex
908 3747 1370 3827 Chrysoa‘tonto.
1404 3754 1546 3815 Atia
1576 3771 1916 3835 perpauca,
1944 3773 2089 3836 quae
2112 3757 2170 3819 ei
2205 3758 2429 3820 insunt
2469 3767 2550 3820 ex
2589 3757 2720 3820 alio
2748 3773 2922 3836 penu
2947 3757 3348 3836 deprompta,
3384 3758 3574 3819 Com-

350 3847 664 3909 mentario
686 3847 816 3926 jam
841 3844 1132 3913 confecto
1158 3851 1513 3933 superaddi
1543 3855 1753 3919 aliena
1787 3873 1980 3920 manu
2007 3864 2296 3935 potuere.
3233 3919 3238 3922 _

429 3938 506 4007 ν.
542 3948 664 4010 Sed
719 3947 881 4011 illud
917 3939 1036 4012 hoc
1087 3951 1226 4015 loco
1255 3953 1899 4019 animadVertendum
1939 3961 2060 4029 est,
2103 3955 2304 4036 quod,
2344 3967 2491 4020 eum
2540 3949 3042 4035 Chrysostomus
3083 3955 3149 4016 in
3181 3953 3469 4033 qualibet
3509 3970 3584 4012 ex

341 4047 482 4111 Uis
512 4049 800 4115 bomiliis
844 4054 1248 4133 propositum
1291 4057 1480 4117 LUCtB
1520 4064 1768 4120 textum
1802 4059 1900 4122 bis
1943 4064 2270 4138 percurrat
2296 4081 2313 4132 ;
2343 4076 2463 4121 seu
2488 4065 2634 4138 post
2667 4057 2961 4136 primam,
3006 4071 3277 4134 eamque
3325 4053 3584 4115 brevem

346 4155 689 4216 verborum
722 4154 1269 4233 explanationem,
1297 4155 1488 4218 aliam
1508 4170 1695 4237 teque
1725 4159 1983 4223 breVem
2022 4167 2087 4223 et
2122 4160 2516 4242 quandoque
2549 4155 2944 4227 breviorem,
2980 4154 3080 4216 bis
3107 4162 3215 4214 aut
3255 4148 3587 4211 similibus

346 4254 560 4316 Verbis
594 4253 964 4333 praemissis,
1010 4256 1348 4316 subuectat
1397 4269 1412 4314 :
1456 4258 1596 4312 Ἀλλ’
1625 4259 1824 4328 ῐδωμεν
1851 4258 1952 4313 ἄνη

1979 4257 2160 4313 δεντι
2189 4253 2611 4331 εἰρημένατηά
2649 4255 2942 4334 superius
2984 4251 3155 4316 dicta
3199 4256 3585 4329 repetamusv

341 4363 570 4417 auctor
599 4355 815 4430 istius,
854 4355 1160 4435 quisquis
1206 4355 1466 4419 demum
1519 4352 1632 4417 ille
1662 4352 1903 4426 fuerit,
1943 4353 2400 4418 Commentarii
2436 4355 2629 4420 modo
2661 4373 2741 4418 ex
2787 4356 3012 4435 prima,
3059 4352 3249 4415 modo
3283 4368 3362 4414 ex
3392 4349 3587 4412 altera

348 4455 812 4533 Explanatione
867 4457 1063 4519 Verba
1115 4457 1471 4536 depromit;
1524 4461 1588 4518 et
1624 4453 1890 4532 quidem
1941 4451 2325 4532 plerumque
2377 4462 2446 4518 ut
2496 4453 2567 4518 in
2622 4463 2799 4518 textu
2848 4451 3284 4534 Chrysostomi
3331 4450 3588 4529 jacent:

341 4555 560 4616 solum
611 4556 896 4631 mutatis,
943 4555 1206 4631 additis,
1245 4554 1347 4618 vel
1389 4555 1694 4634 demptis,
1741 4551 2002 4632 majoris
2050 4553 2357 4617 claritatis
2405 4556 2503 4619 vel
2555 4555 2889 4618 brevitatis
2919 4555 3146 4634 gratia,
3200 4551 3589 4634 quibusdam

346 4657 742 4736 quandoque
777 4658 1013 4731 verbis,
1049 4664 1116 4720 ut
1140 4657 1254 4736 qui
1289 4673 1417 4720 non
1449 4663 1574 4718 tam
1607 4655 1688 4716 de
1721 4652 1959 4722 verbis,
1998 4664 2189 4732 quam
2233 4655 2314 4716 de
2344 4669 2543 4719 sensu
2590 4654 3031 4735 Cbrysostomi
3082 4652 3420 4718 laboraret.
3450 4651 3589 4724 Qua

341 4754 556 4815 tamen
594 4756 662 4815 in
699 4772 793 4830 re,
827 4755 908 4828 si,
941 4755 1118 4834 quod
1149 4753 1308 4817 mihi
1335 4753 1562 4817 videor
1590 4751 2008 4830 comperisse,
2042 4747 2316 4814 candide
2347 4753 2533 4816 fateri
2557 4753 2767 4829 liceat,
2803 4770 2931 4816 non
2971 4770 3226 4833 semper
3257 4751 3416 4813 satis
3448 4750 3590 4812 feli-

343 4853 504 4916 citer
526 4872 649 4918 suo
688 4855 802 4918 illa
835 4856 1180 4919 defunctus
1212 4866 1309 4920 est
1342 4872 1614 4918 munere
1647 4876 1662 4916 :
1698 4845 2023 4916 interdum
2057 4853 2232 4916 enim
2263 4861 2373 4917 aut
2403 4855 2752 4936 snpprimit
2781 4858 2998 4930 verba,
3030 4875 3176 4938 quae
3204 4855 3590 4935 perficiendo

350 4955 576 5017 sensui
605 4957 968 5020 necessaria
997 4966 1181 5022 erant
1225 4979 1240 5019 :
1277 4963 1389 5020 aut
1426 4956 1781 5036 superﬂua,
1819 4971 1966 5035 qum
1993 4972 2260 5020 sensum
2307 4957 2741 5022 interturbent
2779 4961 2994 5038 petius
3016 4975 3206 5040 quam
3249 4958 3587 5021 clariorem

341 5053 640 5125 reddant,
671 5045 999 5135 adjungit;
1033 5055 1134 5118 vel
1173 5054 1240 5118 in
1274 5047 1682 5116 scholiorum
1713 5052 1968 5115 delectu
2004 5054 2283 5130 praeterit
2313 5053 2602 5117 meliora.
2633 5057 2835 5130 Quam
2868 5055 2951 5118 ob
3001 5073 3134 5120 rem
3176 5056 3583 5118 Commenta-

342 5155 486 5216 rius
515 5154 641 5217 ista
676 5145 1184 5232 Theophylacto,
1221 5152 1363 5215 viro
1387 5149 1680 5214 doctrina
1708 5158 1771 5213 et
1795 5144 2030 5230 judicii
2074 5150 2439 5214 maturitate
2471 5151 2822 5231 praestanti,
2873 5152 3344 5234 abjudicandus
3379 5151 3580 5214 videri

329 5255 481 5333 jure
518 5258 764 5334 posset,
803 5245 932 5316 nisi
963 5253 1094 5316 huic
1129 5255 1350 5316 omnia
1397 5251 1465 5315 in
1503 5251 2046 5331 subsequentium
2095 5250 2508 5315 librariorum
2544 5253 2971 5326 oscitantiam,
3020 5256 3118 5318 vel
3169 5254 3582 5334 imperitiam,

333 5370 409 5422 ac
433 5349 674 5439 saepius
705 5359 1133 5420 temeritatem
1169 5357 1512 5420 retundere
1548 5358 1893 5436 praastaret.
1923 5352 2086 5419 Illud
2123 5355 2284 5418 mihi
2315 5356 2742 5436 eXploratum,
2773 5359 3124 5436 exemplar,
3157 5355 3330 5436 quod
3366 5354 3583 5418 Latine

336 5459 719 5523 vertendum
754 5455 998 5534 accepi,
1031 5449 1283 5517 mendis
1313 5455 1591 5533 aliisque
1623 5454 1981 5518 defectibus
2019 5472 2166 5518 esse
2199 5473 2565 5533 respersum
2601 5479 2616 5520 :
2649 5458 2839 5538 cujus
2869 5458 2959 5520 rei
2997 5457 3182 5535 culpa
3213 5470 3338 5517 non
3371 5454 3430 5516 ei
3468 5447 3579 5534 qui

336 5559 552 5637 ipsum
611 5557 920 5626 exaravit,
970 5556 1080 5636 qui
1128 5550 1281 5617 satis
1317 5556 1672 5634 diligentiae
1703 5573 1831 5636 praa
1858 5574 1927 5619 se
1953 5557 2098 5629 fert,
2146 5558 2257 5619 sed
2289 5557 2594 5619 Vaticano
2641 5559 2844 5621 codici
2905 5557 3241 5621 tribuenda
3295 5557 3579 5620 videtur.

338 5659 680 5738 Quidquid
717 5676 868 5721 vero
903 5657 1018 5720 hac
1048 5657 1127 5719 de
1161 5675 1226 5718 re
1257 5657 1360 5730 sit,
1397 5675 1475 5721 eo
1507 5667 1678 5720 certe
1713 5658 1914 5737 major
1948 5657 2102 5718 mihi
2140 5658 2201 5719 in
2239 5641 2456 5719 Latina
2499 5657 2941 5720 concinnanda
2983 5657 3280 5722 versione
3319 5658 3580 5736 impen-

336 5761 597 5824 dendus
632 5758 750 5820 fuit
784 5756 980 5831 labor,
1017 5772 1148 5834 quo
1178 5753 1588 5836 frequentius
1614 5774 1877 5820 necesse
1911 5754 2106 5818 habui
2143 5773 2288 5818 cum
2329 5755 2772 5833 Chrysostouti
2827 5756 3006 5823 fonte
3049 5757 3216 5823 illud
3243 5755 3573 5829 conferre;
