  <div class='ocr_page' id='page_1' title='image "/cluster/home/n/w/nwhite01/storage/ocr_20150623/125/hvd.32044073502429/225.png"; bbox 0 0 4068 6210; ppageno 0'>
   <div class='ocr_carea' id='block_1_1' title="bbox 511 360 3742 432">
    <p class='ocr_par' dir='ltr' id='par_1_1' title="bbox 511 360 3742 432">
     <span class='ocr_line' id='line_1_1' title="bbox 511 360 3742 432; baseline 0.001 -8"><span class='ocrx_word' id='word_1_1' title='bbox 511 360 612 432; x_wconf 72' lang='grc' dir='ltr'><strong>ιιι</strong></span> <span class='ocrx_word' id='word_1_2' title='bbox 1394 362 1402 375; x_wconf 73' lang='grc'><strong>⁸</strong></span> <span class='ocrx_word' id='word_1_3' title='bbox 1556 362 1939 423; x_wconf 79' lang='lat' dir='ltr'><strong>BONIFACII</strong></span> <span class='ocrx_word' id='word_1_4' title='bbox 1984 364 2295 425; x_wconf 83' lang='lat' dir='ltr'><strong>FlNETTI</strong></span> <span class='ocrx_word' id='word_1_5' title='bbox 2322 367 2717 428; x_wconf 77' lang='lat' dir='ltr'><strong>I’R/EFATIO</strong></span> <span class='ocrx_word' id='word_1_6' title='bbox 2936 376 2941 379; x_wconf 85' lang='grc'><em>’</em></span> <span class='ocrx_word' id='word_1_7' title='bbox 3484 396 3489 401; x_wconf 89' lang='grc'><strong>·</strong></span> <span class='ocrx_word' id='word_1_8' title='bbox 3635 365 3742 430; x_wconf 66' lang='grc' dir='ltr'><strong>4ὶὲ</strong></span> 
     </span>
    </p>
   </div>
   <div class='ocr_carea' id='block_1_2' title="bbox 512 476 3743 564">
    <p class='ocr_par' dir='ltr' id='par_1_2' title="bbox 512 476 3743 564">
     <span class='ocr_line' id='line_1_2' title="bbox 512 476 3743 564; baseline -0.001 -18"><span class='ocrx_word' id='word_1_9' title='bbox 512 499 583 547; x_wconf 89' lang='lat' dir='ltr'><strong>ut</strong></span> <span class='ocrx_word' id='word_1_10' title='bbox 618 492 677 549; x_wconf 91' lang='lat' dir='ltr'><strong>et</strong></span> <span class='ocrx_word' id='word_1_11' title='bbox 716 484 854 564; x_wconf 84' lang='lat' dir='ltr'><strong>ejus</strong></span> <span class='ocrx_word' id='word_1_12' title='bbox 886 481 1118 545; x_wconf 82' lang='lat' dir='ltr'><strong>menda</strong></span> <span class='ocrx_word' id='word_1_13' title='bbox 1145 478 1567 558; x_wconf 77' lang='lat' dir='ltr'><strong>corrigerem,</strong></span> <span class='ocrx_word' id='word_1_14' title='bbox 1594 485 1685 552; x_wconf 84' lang='lat' dir='ltr'><strong>et,</strong></span> <span class='ocrx_word' id='word_1_15' title='bbox 1714 478 1822 539; x_wconf 89' lang='lat' dir='ltr'><strong>ubi</strong></span> <span class='ocrx_word' id='word_1_16' title='bbox 1854 481 2106 542; x_wconf 80' lang='lat' dir='ltr'><strong>deesset</strong></span> <span class='ocrx_word' id='word_1_17' title='bbox 2135 476 2406 560; x_wconf 74' lang='lat' dir='ltr'><strong>aliquid,</strong></span> <span class='ocrx_word' id='word_1_18' title='bbox 2442 484 2835 563; x_wconf 88' lang='lat' dir='ltr'><strong>supplerem.</strong></span> <span class='ocrx_word' id='word_1_19' title='bbox 2880 486 2948 546; x_wconf 86' lang='lat' dir='ltr'><strong>ln</strong></span> <span class='ocrx_word' id='word_1_20' title='bbox 2995 485 3079 546; x_wconf 90' lang='lat' dir='ltr'><strong>iis</strong></span> <span class='ocrx_word' id='word_1_21' title='bbox 3119 500 3288 555; x_wconf 90' lang='lat' dir='ltr'><strong>vero,</strong></span> <span class='ocrx_word' id='word_1_22' title='bbox 3321 499 3465 563; x_wconf 63' lang='lat' dir='ltr'><strong>quas</strong></span> <span class='ocrx_word' id='word_1_23' title='bbox 3509 499 3584 545; x_wconf 76' lang='lat' dir='ltr'><strong>ex</strong></span> <span class='ocrx_word' id='word_1_24' title='bbox 3615 481 3743 544; x_wconf 88' lang='lat' dir='ltr'><strong>alio</strong></span> 
     </span>
    </p>
   </div>
   <div class='ocr_carea' id='block_1_3' title="bbox 509 577 3747 664">
    <p class='ocr_par' dir='ltr' id='par_1_3' title="bbox 509 577 3747 664">
     <span class='ocr_line' id='line_1_3' title="bbox 509 577 3747 664; baseline -0.001 -18"><span class='ocrx_word' id='word_1_25' title='bbox 509 583 689 646; x_wconf 86' lang='lat' dir='ltr'><strong>fonte</strong></span> <span class='ocrx_word' id='word_1_26' title='bbox 729 584 951 644; x_wconf 88' lang='lat' dir='ltr'><strong>hausta</strong></span> <span class='ocrx_word' id='word_1_27' title='bbox 997 586 1175 655; x_wconf 91' lang='lat' dir='ltr'><strong>sunt,</strong></span> <span class='ocrx_word' id='word_1_28' title='bbox 1206 596 1351 641; x_wconf 90' lang='lat' dir='ltr'><strong>cum</strong></span> <span class='ocrx_word' id='word_1_29' title='bbox 1383 577 1711 642; x_wconf 82' lang='lat' dir='ltr'><strong>Sifaniano</strong></span> <span class='ocrx_word' id='word_1_30' title='bbox 1740 581 2236 657; x_wconf 80' lang='lat' dir='ltr'><strong>Commentario,</strong></span> <span class='ocrx_word' id='word_1_31' title='bbox 2268 591 2328 643; x_wconf 91' lang='lat' dir='ltr'><strong>et</strong></span> <span class='ocrx_word' id='word_1_32' title='bbox 2351 584 2716 664; x_wconf 83' lang='lat' dir='ltr'><strong>apographo</strong></span> <span class='ocrx_word' id='word_1_33' title='bbox 2746 584 3145 658; x_wconf 77' lang='lat' dir='ltr'><strong>Florentino,</strong></span> <span class='ocrx_word' id='word_1_34' title='bbox 3170 588 3248 645; x_wconf 88' lang='lat' dir='ltr'><strong>de</strong></span> <span class='ocrx_word' id='word_1_35' title='bbox 3279 601 3411 662; x_wconf 87' lang='lat' dir='ltr'><strong>quo</strong></span> <span class='ocrx_word' id='word_1_36' title='bbox 3437 581 3747 654; x_wconf 78' lang='lat' dir='ltr'><strong>inferius,</strong></span> 
     </span>
    </p>
   </div>
   <div class='ocr_carea' id='block_1_4' title="bbox 511 683 3759 766">
    <p class='ocr_par' dir='ltr' id='par_1_4' title="bbox 511 683 3759 766">
     <span class='ocr_line' id='line_1_4' title="bbox 511 683 3759 766; baseline -0.002 -15"><span class='ocrx_word' id='word_1_37' title='bbox 511 688 811 751; x_wconf 87' lang='lat' dir='ltr'><strong>eumdem</strong></span> <span class='ocrx_word' id='word_1_38' title='bbox 844 687 911 747; x_wconf 92' lang='lat' dir='ltr'><strong>in</strong></span> <span class='ocrx_word' id='word_1_39' title='bbox 952 685 1141 747; x_wconf 85' lang='lat' dir='ltr'><strong>ﬁnem</strong></span> <span class='ocrx_word' id='word_1_40' title='bbox 1168 684 1413 747; x_wconf 78' lang='lat' dir='ltr'><strong>contuli</strong></span> <span class='ocrx_word' id='word_1_41' title='bbox 1453 705 1468 743; x_wconf 89' lang='lat'><strong>:</strong></span> <span class='ocrx_word' id='word_1_42' title='bbox 1515 683 1697 762; x_wconf 90' lang='lat' dir='ltr'><strong>plura</strong></span> <span class='ocrx_word' id='word_1_43' title='bbox 1728 684 1904 745; x_wconf 83' lang='lat' dir='ltr'><strong>enim</strong></span> <span class='ocrx_word' id='word_1_44' title='bbox 1936 684 2217 766; x_wconf 81' lang='lat' dir='ltr'><strong>singulis</strong></span> <span class='ocrx_word' id='word_1_45' title='bbox 2253 685 2429 749; x_wconf 85' lang='lat' dir='ltr'><strong>hisce</strong></span> <span class='ocrx_word' id='word_1_46' title='bbox 2460 687 2937 749; x_wconf 90' lang='lat' dir='ltr'><strong>commentariis</strong></span> <span class='ocrx_word' id='word_1_47' title='bbox 2965 686 3334 748; x_wconf 86' lang='lat' dir='ltr'><strong>communia</strong></span> <span class='ocrx_word' id='word_1_48' title='bbox 3378 692 3553 757; x_wconf 89' lang='lat' dir='ltr'><strong>sunt,</strong></span> <span class='ocrx_word' id='word_1_49' title='bbox 3582 685 3759 745; x_wconf 78' lang='lat' dir='ltr'><strong>adeo</strong></span> 
     </span>
    </p>
   </div>
   <div class='ocr_carea' id='block_1_5' title="bbox 512 785 3745 869">
    <p class='ocr_par' dir='ltr' id='par_1_5' title="bbox 512 785 3745 869">
     <span class='ocr_line' id='line_1_5' title="bbox 512 785 3745 869; baseline -0.002 -16"><span class='ocrx_word' id='word_1_50' title='bbox 512 803 582 853; x_wconf 91' lang='lat' dir='ltr'><strong>ut</strong></span> <span class='ocrx_word' id='word_1_51' title='bbox 606 789 773 852; x_wconf 90' lang='lat' dir='ltr'><strong>alius</strong></span> <span class='ocrx_word' id='word_1_52' title='bbox 811 807 889 852; x_wconf 83' lang='lat' dir='ltr'><strong>ex</strong></span> <span class='ocrx_word' id='word_1_53' title='bbox 921 790 1047 853; x_wconf 90' lang='lat' dir='ltr'><strong>alio</strong></span> <span class='ocrx_word' id='word_1_54' title='bbox 1079 789 1404 850; x_wconf 84' lang='lat' dir='ltr'><strong>emendari</strong></span> <span class='ocrx_word' id='word_1_55' title='bbox 1437 791 1827 869; x_wconf 85' lang='lat' dir='ltr'><strong>quandoque</strong></span> <span class='ocrx_word' id='word_1_56' title='bbox 1863 792 2088 868; x_wconf 90' lang='lat' dir='ltr'><strong>possit,</strong></span> <span class='ocrx_word' id='word_1_57' title='bbox 2121 797 2313 869; x_wconf 89' lang='lat' dir='ltr'><strong>atque</strong></span> <span class='ocrx_word' id='word_1_58' title='bbox 2346 791 2659 869; x_wconf 89' lang='lat' dir='ltr'><strong>suppleri.</strong></span> <span class='ocrx_word' id='word_1_59' title='bbox 2693 792 3016 865; x_wconf 88' lang='lat' dir='ltr'><strong>Quantum</strong></span> <span class='ocrx_word' id='word_1_60' title='bbox 3052 787 3418 868; x_wconf 87' lang='lat' dir='ltr'><strong>hujusmodi</strong></span> <span class='ocrx_word' id='word_1_61' title='bbox 3454 785 3745 848; x_wconf 89' lang='lat' dir='ltr'><strong>collatio-</strong></span> 
     </span>
    </p>
   </div>
   <div class='ocr_carea' id='block_1_6' title="bbox 513 886 3746 970">
    <p class='ocr_par' dir='ltr' id='par_1_6' title="bbox 513 886 3746 970">
     <span class='ocr_line' id='line_1_6' title="bbox 513 886 3746 970; baseline -0.002 -19"><span class='ocrx_word' id='word_1_62' title='bbox 513 891 709 952; x_wconf 87' lang='lat' dir='ltr'><strong>nibus</strong></span> <span class='ocrx_word' id='word_1_63' title='bbox 742 890 1223 964; x_wconf 90' lang='lat' dir='ltr'><strong>Commentarii,</strong></span> <span class='ocrx_word' id='word_1_64' title='bbox 1258 906 1391 970; x_wconf 89' lang='lat' dir='ltr'><strong>quo</strong></span> <span class='ocrx_word' id='word_1_65' title='bbox 1426 891 1506 953; x_wconf 91' lang='lat' dir='ltr'><strong>de</strong></span> <span class='ocrx_word' id='word_1_66' title='bbox 1554 890 1810 968; x_wconf 92' lang='lat' dir='ltr'><strong>loquor,</strong></span> <span class='ocrx_word' id='word_1_67' title='bbox 1866 896 2115 951; x_wconf 79' lang='lat' dir='ltr'><strong>textum</strong></span> <span class='ocrx_word' id='word_1_68' title='bbox 2154 906 2274 969; x_wconf 86' lang='lat' dir='ltr'><strong>ego</strong></span> <span class='ocrx_word' id='word_1_69' title='bbox 2324 888 2726 969; x_wconf 78' lang='lat' dir='ltr'><strong>per-fecerim,</strong></span> <span class='ocrx_word' id='word_1_70' title='bbox 2759 898 3182 970; x_wconf 90' lang='lat' dir='ltr'><strong>compertum,</strong></span> <span class='ocrx_word' id='word_1_71' title='bbox 3212 886 3746 965; x_wconf 83' lang='lat' dir='ltr'><strong>exploratumque</strong></span> 
     </span>
    </p>
   </div>
   <div class='ocr_carea' id='block_1_7' title="bbox 516 985 3753 1070">
    <p class='ocr_par' dir='ltr' id='par_1_7' title="bbox 516 985 3753 1070">
     <span class='ocr_line' id='line_1_7' title="bbox 516 985 3753 1070; baseline -0.002 -19"><span class='ocrx_word' id='word_1_72' title='bbox 516 993 718 1054; x_wconf 77' lang='lat' dir='ltr'><strong>lector</strong></span> <span class='ocrx_word' id='word_1_73' title='bbox 772 992 1057 1065; x_wconf 83' lang='lat' dir='ltr'><strong>habebit,</strong></span> <span class='ocrx_word' id='word_1_74' title='bbox 1094 992 1155 1054; x_wconf 88' lang='lat' dir='ltr'><strong>si</strong></span> <span class='ocrx_word' id='word_1_75' title='bbox 1188 992 1501 1067; x_wconf 77' lang='lat' dir='ltr'><strong>advertat,</strong></span> <span class='ocrx_word' id='word_1_76' title='bbox 1533 992 1728 1054; x_wconf 88' lang='lat' dir='ltr'><strong>verba</strong></span> <span class='ocrx_word' id='word_1_77' title='bbox 1765 1009 1799 1053; x_wconf 88' lang='lat' dir='ltr'><strong>a</strong></span> <span class='ocrx_word' id='word_1_78' title='bbox 1834 1009 2044 1054; x_wconf 36' lang='lat' dir='ltr'><strong>me‘ex</strong></span> <span class='ocrx_word' id='word_1_79' title='bbox 2081 991 2270 1054; x_wconf 86' lang='lat' dir='ltr'><strong>dictis</strong></span> <span class='ocrx_word' id='word_1_80' title='bbox 2313 991 2603 1055; x_wconf 85' lang='lat' dir='ltr'><strong>fontibus</strong></span> <span class='ocrx_word' id='word_1_81' title='bbox 2638 993 2851 1056; x_wconf 84' lang='lat' dir='ltr'><strong>addita</strong></span> <span class='ocrx_word' id='word_1_82' title='bbox 2879 993 3058 1055; x_wconf 88' lang='lat' dir='ltr'><strong>hisce</strong></span> <span class='ocrx_word' id='word_1_83' title='bbox 3094 990 3305 1070; x_wconf 78' lang='lat' dir='ltr'><strong>signis</strong></span> <span class='ocrx_word' id='word_1_84' title='bbox 3341 993 3364 1065; x_wconf 82' lang='lat'>[</span> <span class='ocrx_word' id='word_1_85' title='bbox 3443 991 3462 1063; x_wconf 93' lang='lat'>]</span> <span class='ocrx_word' id='word_1_86' title='bbox 3500 985 3753 1053; x_wconf 83' lang='lat' dir='ltr'><strong>inclusa</strong></span> 
     </span>
    </p>
   </div>
   <div class='ocr_carea' id='block_1_8' title="bbox 512 1090 3747 1172">
    <p class='ocr_par' dir='ltr' id='par_1_8' title="bbox 512 1090 3747 1172">
     <span class='ocr_line' id='line_1_8' title="bbox 512 1090 3747 1172; baseline -0.002 -19"><span class='ocrx_word' id='word_1_87' title='bbox 512 1107 682 1153; x_wconf 91' lang='lat' dir='ltr'><strong>esse.</strong></span> <span class='ocrx_word' id='word_1_88' title='bbox 730 1092 824 1152; x_wconf 78' lang='lat' dir='ltr'><strong>Ad</strong></span> <span class='ocrx_word' id='word_1_89' title='bbox 856 1092 1209 1170; x_wconf 75' lang='lat' dir='ltr'><strong>marginem</strong></span> <span class='ocrx_word' id='word_1_90' title='bbox 1249 1108 1400 1154; x_wconf 91' lang='lat' dir='ltr'><strong>vero</strong></span> <span class='ocrx_word' id='word_1_91' title='bbox 1429 1092 1755 1154; x_wconf 88' lang='lat' dir='ltr'><strong>lateralem</strong></span> <span class='ocrx_word' id='word_1_92' title='bbox 1787 1090 2096 1169; x_wconf 77' lang='lat' dir='ltr'><strong>ascriptus</strong></span> <span class='ocrx_word' id='word_1_93' title='bbox 2125 1093 2406 1172; x_wconf 86' lang='lat' dir='ltr'><strong>reperiet</strong></span> <span class='ocrx_word' id='word_1_94' title='bbox 2434 1094 2757 1157; x_wconf 77' lang='lat' dir='ltr'><strong>variantes</strong></span> <span class='ocrx_word' id='word_1_95' title='bbox 2810 1094 3145 1167; x_wconf 82' lang='lat' dir='ltr'><strong>lectiones,</strong></span> <span class='ocrx_word' id='word_1_96' title='bbox 3193 1105 3323 1153; x_wconf 90' lang='lat' dir='ltr'><strong>non</strong></span> <span class='ocrx_word' id='word_1_97' title='bbox 3353 1095 3564 1151; x_wconf 87' lang='lat' dir='ltr'><strong>tamen</strong></span> <span class='ocrx_word' id='word_1_98' title='bbox 3606 1102 3747 1148; x_wconf 87' lang='lat' dir='ltr'><strong>om-</strong></span> 
     </span>
    </p>
   </div>
   <div class='ocr_carea' id='block_1_9' title="bbox 513 1188 3737 1275">
    <p class='ocr_par' dir='ltr' id='par_1_9' title="bbox 513 1188 3737 1275">
     <span class='ocr_line' id='line_1_9' title="bbox 513 1188 3737 1275; baseline -0.002 -21"><span class='ocrx_word' id='word_1_99' title='bbox 513 1209 670 1261; x_wconf 87' lang='lat' dir='ltr'><strong>nes;</strong></span> <span class='ocrx_word' id='word_1_100' title='bbox 703 1210 848 1255; x_wconf 90' lang='lat' dir='ltr'><strong>cum</strong></span> <span class='ocrx_word' id='word_1_101' title='bbox 882 1192 1288 1271; x_wconf 84' lang='lat' dir='ltr'><strong>superﬂuum</strong></span> <span class='ocrx_word' id='word_1_102' title='bbox 1317 1201 1379 1255; x_wconf 91' lang='lat' dir='ltr'><strong>et</strong></span> <span class='ocrx_word' id='word_1_103' title='bbox 1406 1193 1639 1255; x_wconf 87' lang='lat' dir='ltr'><strong>inutile</strong></span> <span class='ocrx_word' id='word_1_104' title='bbox 1663 1193 1874 1255; x_wconf 89' lang='lat' dir='ltr'><strong>visum</strong></span> <span class='ocrx_word' id='word_1_105' title='bbox 1908 1193 2075 1256; x_wconf 85' lang='lat' dir='ltr'><strong>mihi</strong></span> <span class='ocrx_word' id='word_1_106' title='bbox 2115 1195 2342 1270; x_wconf 84' lang='lat' dir='ltr'><strong>fuerit,</strong></span> <span class='ocrx_word' id='word_1_107' title='bbox 2383 1195 2642 1275; x_wconf 87' lang='lat' dir='ltr'><strong>quoties</strong></span> <span class='ocrx_word' id='word_1_108' title='bbox 2671 1194 3079 1257; x_wconf 84' lang='lat' dir='ltr'><strong>manifestum</strong></span> <span class='ocrx_word' id='word_1_109' title='bbox 3120 1191 3387 1271; x_wconf 80' lang='lat' dir='ltr'><strong>aliquod</strong></span> <span class='ocrx_word' id='word_1_110' title='bbox 3432 1188 3737 1250; x_wconf 89' lang='lat' dir='ltr'><strong>mendum</strong></span> 
     </span>
    </p>
   </div>
   <div class='ocr_carea' id='block_1_10' title="bbox 517 1288 3729 1375">
    <p class='ocr_par' dir='ltr' id='par_1_10' title="bbox 517 1288 3729 1375">
     <span class='ocr_line' id='line_1_10' title="bbox 517 1288 3729 1375; baseline -0.002 -24"><span class='ocrx_word' id='word_1_111' title='bbox 517 1294 1025 1373; x_wconf 72' lang='lat' dir='ltr'><strong>expungendum</strong></span> <span class='ocrx_word' id='word_1_112' title='bbox 1067 1293 1210 1366; x_wconf 84' lang='lat' dir='ltr'><strong>fuit,</strong></span> <span class='ocrx_word' id='word_1_113' title='bbox 1243 1293 1431 1355; x_wconf 82' lang='lat' dir='ltr'><strong>toties</strong></span> <span class='ocrx_word' id='word_1_114' title='bbox 1462 1300 1608 1354; x_wconf 88' lang='lat' dir='ltr'><strong>nota</strong></span> <span class='ocrx_word' id='word_1_115' title='bbox 1646 1294 1862 1375; x_wconf 89' lang='lat' dir='ltr'><strong>aliqua</strong></span> <span class='ocrx_word' id='word_1_116' title='bbox 1896 1296 2227 1375; x_wconf 87' lang='lat' dir='ltr'><strong>marginali</strong></span> <span class='ocrx_word' id='word_1_117' title='bbox 2268 1298 2595 1359; x_wconf 87' lang='lat' dir='ltr'><strong>Lectorem</strong></span> <span class='ocrx_word' id='word_1_118' title='bbox 2627 1312 2909 1368; x_wconf 90' lang='lat' dir='ltr'><strong>monere,</strong></span> <span class='ocrx_word' id='word_1_119' title='bbox 2947 1303 3014 1357; x_wconf 90' lang='lat' dir='ltr'><strong>ut</strong></span> <span class='ocrx_word' id='word_1_120' title='bbox 3044 1295 3199 1356; x_wconf 90' lang='lat' dir='ltr'><strong>alias</strong></span> <span class='ocrx_word' id='word_1_121' title='bbox 3230 1292 3379 1354; x_wconf 82' lang='lat' dir='ltr'><strong>fecit</strong></span> <span class='ocrx_word' id='word_1_122' title='bbox 3422 1288 3679 1352; x_wconf 86' lang='lat' dir='ltr'><strong>Sifanus</strong></span> <span class='ocrx_word' id='word_1_123' title='bbox 3713 1307 3729 1345; x_wconf 90' lang='lat'><strong>:</strong></span> 
     </span>
    </p>
   </div>
   <div class='ocr_carea' id='block_1_11' title="bbox 513 1388 3740 1475">
    <p class='ocr_par' dir='ltr' id='par_1_11' title="bbox 513 1388 3740 1475">
     <span class='ocr_line' id='line_1_11' title="bbox 513 1388 3740 1475; baseline -0.002 -22"><span class='ocrx_word' id='word_1_124' title='bbox 513 1395 595 1454; x_wconf 88' lang='lat' dir='ltr'><strong>ob</strong></span> <span class='ocrx_word' id='word_1_125' title='bbox 632 1412 822 1473; x_wconf 89' lang='lat' dir='ltr'><strong>quam</strong></span> <span class='ocrx_word' id='word_1_126' title='bbox 858 1412 988 1456; x_wconf 81' lang='lat' dir='ltr'><strong>rem</strong></span> <span class='ocrx_word' id='word_1_127' title='bbox 1023 1404 1234 1456; x_wconf 84' lang='lat' dir='ltr'><strong>tamen</strong></span> <span class='ocrx_word' id='word_1_128' title='bbox 1266 1411 1413 1455; x_wconf 89' lang='lat' dir='ltr'><strong>eum</strong></span> <span class='ocrx_word' id='word_1_129' title='bbox 1448 1392 2055 1472; x_wconf 86' lang='lat' dir='ltr'><strong>reprehendendum</strong></span> <span class='ocrx_word' id='word_1_130' title='bbox 2083 1414 2211 1459; x_wconf 90' lang='lat' dir='ltr'><strong>non</strong></span> <span class='ocrx_word' id='word_1_131' title='bbox 2244 1406 2421 1475; x_wconf 89' lang='lat' dir='ltr'><strong>puto,</strong></span> <span class='ocrx_word' id='word_1_132' title='bbox 2456 1416 2599 1459; x_wconf 87' lang='lat' dir='ltr'><strong>cum</strong></span> <span class='ocrx_word' id='word_1_133' title='bbox 2632 1413 2759 1459; x_wconf 92' lang='lat' dir='ltr'><strong>non</strong></span> <span class='ocrx_word' id='word_1_134' title='bbox 2785 1399 2860 1460; x_wconf 88' lang='lat' dir='ltr'><strong>ad</strong></span> <span class='ocrx_word' id='word_1_135' title='bbox 2887 1395 3288 1472; x_wconf 82' lang='lat' dir='ltr'><strong>diligentiam</strong></span> <span class='ocrx_word' id='word_1_136' title='bbox 3316 1393 3414 1454; x_wconf 91' lang='lat' dir='ltr'><strong>vel</strong></span> <span class='ocrx_word' id='word_1_137' title='bbox 3449 1388 3740 1468; x_wconf 88' lang='lat' dir='ltr'><strong>peritiam</strong></span> 
     </span>
    </p>
   </div>
   <div class='ocr_carea' id='block_1_12' title="bbox 512 1485 3761 1573">
    <p class='ocr_par' dir='ltr' id='par_1_12' title="bbox 512 1485 3761 1573">
     <span class='ocr_line' id='line_1_12' title="bbox 512 1485 3761 1573; baseline -0.002 -21"><span class='ocrx_word' id='word_1_138' title='bbox 512 1508 694 1553; x_wconf 84' lang='lat' dir='ltr'><strong>suam</strong></span> <span class='ocrx_word' id='word_1_139' title='bbox 747 1495 1215 1567; x_wconf 85' lang='lat' dir='ltr'><strong>ostentandam,</strong></span> <span class='ocrx_word' id='word_1_140' title='bbox 1265 1494 1376 1556; x_wconf 84' lang='lat' dir='ltr'><strong>sed</strong></span> <span class='ocrx_word' id='word_1_141' title='bbox 1423 1494 1501 1555; x_wconf 84' lang='lat' dir='ltr'><strong>ad</strong></span> <span class='ocrx_word' id='word_1_142' title='bbox 1538 1510 1795 1557; x_wconf 81' lang='lat' dir='ltr'><strong>omnem</strong></span> <span class='ocrx_word' id='word_1_143' title='bbox 1847 1496 2241 1558; x_wconf 84' lang='lat' dir='ltr'><strong>inﬁdelitatis</strong></span> <span class='ocrx_word' id='word_1_144' title='bbox 2291 1498 2707 1560; x_wconf 83' lang='lat' dir='ltr'><strong>amovendam</strong></span> <span class='ocrx_word' id='word_1_145' title='bbox 2742 1494 3179 1573; x_wconf 72' lang='lat' dir='ltr'><strong>suspicionem</strong></span> <span class='ocrx_word' id='word_1_146' title='bbox 3223 1492 3287 1553; x_wconf 92' lang='lat' dir='ltr'><strong>id</strong></span> <span class='ocrx_word' id='word_1_147' title='bbox 3319 1490 3530 1569; x_wconf 77' lang='lat' dir='ltr'><strong>egisse</strong></span> <span class='ocrx_word' id='word_1_148' title='bbox 3560 1485 3761 1548; x_wconf 32' lang='lat' dir='ltr'><strong>facile.</strong></span> 
     </span>
    </p>
   </div>
   <div class='ocr_carea' id='block_1_13' title="bbox 513 1595 789 1657">
    <p class='ocr_par' dir='ltr' id='par_1_13' title="bbox 513 1595 789 1657">
     <span class='ocr_line' id='line_1_13' title="bbox 513 1595 789 1657; baseline 0.007 -2"><span class='ocrx_word' id='word_1_149' title='bbox 513 1595 789 1657; x_wconf 87' lang='lat' dir='ltr'><strong>credam.</strong></span> 
     </span>
    </p>
   </div>
   <div class='ocr_carea' id='block_1_14' title="bbox 600 1712 3744 1804">
    <p class='ocr_par' dir='ltr' id='par_1_14' title="bbox 600 1712 3744 1804">
     <span class='ocr_line' id='line_1_14' title="bbox 600 1712 3744 1804; baseline -0 -23"><span class='ocrx_word' id='word_1_150' title='bbox 600 1723 708 1783; x_wconf 71' lang='grc' dir='ltr'><strong>Π.</strong></span> <span class='ocrx_word' id='word_1_151' title='bbox 741 1724 928 1783; x_wconf 86' lang='lat' dir='ltr'><strong>Hunc</strong></span> <span class='ocrx_word' id='word_1_152' title='bbox 959 1721 1331 1785; x_wconf 80' lang='lat' dir='ltr'><strong>conferendi</strong></span> <span class='ocrx_word' id='word_1_153' title='bbox 1372 1721 1680 1798; x_wconf 88' lang='lat' dir='ltr'><strong>laborem,</strong></span> <span class='ocrx_word' id='word_1_154' title='bbox 1719 1723 2112 1802; x_wconf 81' lang='lat' dir='ltr'><strong>exemplaris</strong></span> <span class='ocrx_word' id='word_1_155' title='bbox 2146 1726 2533 1787; x_wconf 84' lang='lat' dir='ltr'><strong>emendandi</strong></span> <span class='ocrx_word' id='word_1_156' title='bbox 2567 1725 3001 1804; x_wconf 74' lang='lat' dir='ltr'><strong>supplendiVe</strong></span> <span class='ocrx_word' id='word_1_157' title='bbox 3031 1738 3244 1793; x_wconf 68' lang='lat' dir='ltr'><strong>causa,</strong></span> <span class='ocrx_word' id='word_1_158' title='bbox 3276 1730 3400 1780; x_wconf 89' lang='lat' dir='ltr'><strong>non</strong></span> <span class='ocrx_word' id='word_1_159' title='bbox 3437 1716 3649 1777; x_wconf 86' lang='lat' dir='ltr'><strong>solum</strong></span> <span class='ocrx_word' id='word_1_160' title='bbox 3679 1712 3744 1772; x_wconf 77' lang='lat' dir='ltr'><strong>in</strong></span> 
     </span>
    </p>
   </div>
   <div class='ocr_carea' id='block_1_15' title="bbox 514 1823 3747 1909">
    <p class='ocr_par' dir='ltr' id='par_1_15' title="bbox 514 1823 3747 1909">
     <span class='ocr_line' id='line_1_15' title="bbox 514 1823 3747 1909; baseline -0.001 -31"><span class='ocrx_word' id='word_1_161' title='bbox 514 1823 871 1900; x_wconf 75' lang='lat' dir='ltr'><strong>prioribus,</strong></span> <span class='ocrx_word' id='word_1_162' title='bbox 914 1834 978 1886; x_wconf 90' lang='lat' dir='ltr'><strong>ut</strong></span> <span class='ocrx_word' id='word_1_163' title='bbox 1005 1824 1137 1903; x_wconf 82' lang='lat' dir='ltr'><strong>jam</strong></span> <span class='ocrx_word' id='word_1_164' title='bbox 1174 1825 1387 1899; x_wconf 90' lang='lat' dir='ltr'><strong>innui,</strong></span> <span class='ocrx_word' id='word_1_165' title='bbox 1429 1824 1776 1904; x_wconf 86' lang='lat' dir='ltr'><strong>capitibus,</strong></span> <span class='ocrx_word' id='word_1_166' title='bbox 1808 1829 1919 1889; x_wconf 90' lang='lat' dir='ltr'><strong>sed</strong></span> <span class='ocrx_word' id='word_1_167' title='bbox 1948 1828 2011 1890; x_wconf 92' lang='lat' dir='ltr'><strong>in</strong></span> <span class='ocrx_word' id='word_1_168' title='bbox 2047 1828 2332 1909; x_wconf 90' lang='lat' dir='ltr'><strong>qualibet</strong></span> <span class='ocrx_word' id='word_1_169' title='bbox 2362 1829 2571 1908; x_wconf 90' lang='lat' dir='ltr'><strong>ipsius</strong></span> <span class='ocrx_word' id='word_1_170' title='bbox 2619 1837 2792 1908; x_wconf 89' lang='lat' dir='ltr'><strong>parte</strong></span> <span class='ocrx_word' id='word_1_171' title='bbox 2828 1827 3067 1891; x_wconf 89' lang='lat' dir='ltr'><strong>subivi.</strong></span> <span class='ocrx_word' id='word_1_172' title='bbox 3120 1826 3617 1903; x_wconf 54' lang='lat' dir='ltr'><strong>Chryso~tomtts</strong></span> <span class='ocrx_word' id='word_1_173' title='bbox 3653 1826 3747 1877; x_wconf 87' lang='lat' dir='ltr'><strong>ta-</strong></span> 
     </span>
    </p>
   </div>
   <div class='ocr_carea' id='block_1_16' title="bbox 520 1920 3747 2005">
    <p class='ocr_par' dir='ltr' id='par_1_16' title="bbox 520 1920 3747 2005">
     <span class='ocr_line' id='line_1_16' title="bbox 520 1920 3747 2005; baseline -0.001 -22"><span class='ocrx_word' id='word_1_174' title='bbox 520 1940 663 1983; x_wconf 89' lang='lat' dir='ltr'><strong>men</strong></span> <span class='ocrx_word' id='word_1_175' title='bbox 699 1938 827 1984; x_wconf 90' lang='lat' dir='ltr'><strong>non</strong></span> <span class='ocrx_word' id='word_1_176' title='bbox 854 1922 941 1984; x_wconf 89' lang='lat' dir='ltr'><strong>ita</strong></span> <span class='ocrx_word' id='word_1_177' title='bbox 972 1922 1345 2001; x_wconf 84' lang='lat' dir='ltr'><strong>frequenter</strong></span> <span class='ocrx_word' id='word_1_178' title='bbox 1374 1924 1549 1986; x_wconf 89' lang='lat' dir='ltr'><strong>adire</strong></span> <span class='ocrx_word' id='word_1_179' title='bbox 1583 1940 1748 2002; x_wconf 86' lang='lat' dir='ltr'><strong>Opus</strong></span> <span class='ocrx_word' id='word_1_180' title='bbox 1782 1926 1941 1987; x_wconf 89' lang='lat' dir='ltr'><strong>mibi</strong></span> <span class='ocrx_word' id='word_1_181' title='bbox 1972 1926 2119 2002; x_wconf 88' lang='lat' dir='ltr'><strong>fuit,</strong></span> <span class='ocrx_word' id='word_1_182' title='bbox 2154 1946 2298 1992; x_wconf 91' lang='lat' dir='ltr'><strong>cum</strong></span> <span class='ocrx_word' id='word_1_183' title='bbox 2325 1946 2359 1991; x_wconf 90' lang='lat' dir='ltr'><strong>a</strong></span> <span class='ocrx_word' id='word_1_184' title='bbox 2390 1931 2603 1991; x_wconf 90' lang='lat' dir='ltr'><strong>medio</strong></span> <span class='ocrx_word' id='word_1_185' title='bbox 2640 1929 2895 1990; x_wconf 89' lang='lat' dir='ltr'><strong>circiter</strong></span> <span class='ocrx_word' id='word_1_186' title='bbox 2927 1926 3201 2005; x_wconf 81' lang='lat' dir='ltr'><strong>septimo</strong></span> <span class='ocrx_word' id='word_1_187' title='bbox 3232 1923 3437 2001; x_wconf 81' lang='lat' dir='ltr'><strong>capite</strong></span> <span class='ocrx_word' id='word_1_188' title='bbox 3475 1938 3507 1981; x_wconf 90' lang='lat' dir='ltr'><strong>a</strong></span> <span class='ocrx_word' id='word_1_189' title='bbox 3550 1920 3747 1996; x_wconf 73' lang='lat' dir='ltr'><strong>Chry-</strong></span> 
     </span>
    </p>
   </div>
   <div class='ocr_carea' id='block_1_17' title="bbox 518 2012 3742 2108">
    <p class='ocr_par' dir='ltr' id='par_1_17' title="bbox 518 2012 3742 2108">
     <span class='ocr_line' id='line_1_17' title="bbox 518 2012 3742 2108; baseline -0.002 -26"><span class='ocrx_word' id='word_1_190' title='bbox 518 2028 803 2083; x_wconf 90' lang='lat' dir='ltr'><strong>sostomo</strong></span> <span class='ocrx_word' id='word_1_191' title='bbox 836 2022 1036 2101; x_wconf 89' lang='lat' dir='ltr'><strong>magis</strong></span> <span class='ocrx_word' id='word_1_192' title='bbox 1077 2022 1438 2096; x_wconf 90' lang='lat' dir='ltr'><strong>discedere,</strong></span> <span class='ocrx_word' id='word_1_193' title='bbox 1471 2030 1532 2085; x_wconf 90' lang='lat' dir='ltr'><strong>et</strong></span> <span class='ocrx_word' id='word_1_194' title='bbox 1570 2022 2045 2089; x_wconf 89' lang='lat' dir='ltr'><strong>Commentario</strong></span> <span class='ocrx_word' id='word_1_195' title='bbox 2096 2028 2161 2089; x_wconf 88' lang='lat' dir='ltr'><strong>in</strong></span> <span class='ocrx_word' id='word_1_196' title='bbox 2196 2032 2349 2091; x_wconf 76' lang='lat' dir='ltr'><strong>Acta</strong></span> <span class='ocrx_word' id='word_1_197' title='bbox 2382 2029 2821 2108; x_wconf 88' lang='lat' dir='ltr'><strong>apostolorum</strong></span> <span class='ocrx_word' id='word_1_198' title='bbox 2869 2027 2990 2088; x_wconf 89' lang='lat' dir='ltr'><strong>sub</strong></span> <span class='ocrx_word' id='word_1_199' title='bbox 3037 2025 3298 2088; x_wconf 88' lang='lat' dir='ltr'><strong>nomine</strong></span> <span class='ocrx_word' id='word_1_200' title='bbox 3365 2012 3742 2085; x_wconf 79' lang='lat' dir='ltr'><strong>OEcumenii</strong></span> 
     </span>
    </p>
   </div>
   <div class='ocr_carea' id='block_1_18' title="bbox 509 2120 3742 2218">
    <p class='ocr_par' dir='ltr' id='par_1_18' title="bbox 509 2120 3742 2218">
     <span class='ocr_line' id='line_1_18' title="bbox 509 2120 3742 2218; baseline -0 -38"><span class='ocrx_word' id='word_1_201' title='bbox 509 2136 642 2218; x_wconf 71' lang='lat' dir='ltr'><strong>jam</strong></span> <span class='ocrx_word' id='word_1_202' title='bbox 676 2121 919 2184; x_wconf 90' lang='lat' dir='ltr'><strong>dudum</strong></span> <span class='ocrx_word' id='word_1_203' title='bbox 956 2125 1213 2203; x_wconf 87' lang='lat' dir='ltr'><strong>vulgato</strong></span> <span class='ocrx_word' id='word_1_204' title='bbox 1246 2124 1324 2185; x_wconf 90' lang='lat' dir='ltr'><strong>ad</strong></span> <span class='ocrx_word' id='word_1_205' title='bbox 1355 2126 1665 2188; x_wconf 88' lang='lat' dir='ltr'><strong>amussim</strong></span> <span class='ocrx_word' id='word_1_206' title='bbox 1701 2127 1836 2188; x_wconf 89' lang='lat' dir='ltr'><strong>fere</strong></span> <span class='ocrx_word' id='word_1_207' title='bbox 1870 2129 2215 2191; x_wconf 85' lang='lat' dir='ltr'><strong>convenire</strong></span> <span class='ocrx_word' id='word_1_208' title='bbox 2240 2129 2803 2208; x_wconf 84' lang='lat' dir='ltr'><strong>deprehenderim.</strong></span> <span class='ocrx_word' id='word_1_209' title='bbox 2853 2128 2944 2189; x_wconf 88' lang='lat' dir='ltr'><strong>Eo</strong></span> <span class='ocrx_word' id='word_1_210' title='bbox 2971 2138 3177 2189; x_wconf 85' lang='lat' dir='ltr'><strong>tamen</strong></span> <span class='ocrx_word' id='word_1_211' title='bbox 3222 2122 3424 2185; x_wconf 84' lang='lat' dir='ltr'><strong>multo</strong></span> <span class='ocrx_word' id='word_1_212' title='bbox 3458 2126 3555 2181; x_wconf 82' lang='lat' dir='ltr'><strong>est</strong></span> <span class='ocrx_word' id='word_1_213' title='bbox 3602 2120 3742 2218; x_wconf 83' lang='lat' dir='ltr'><strong>bre-</strong></span> 
     </span>
    </p>
   </div>
   <div class='ocr_carea' id='block_1_19' title="bbox 515 2216 3745 2306">
    <p class='ocr_par' dir='ltr' id='par_1_19' title="bbox 515 2216 3745 2306">
     <span class='ocr_line' id='line_1_19' title="bbox 515 2216 3745 2306; baseline -0.002 -25"><span class='ocrx_word' id='word_1_214' title='bbox 515 2216 681 2297; x_wconf 80' lang='lat' dir='ltr'><strong>vior,</strong></span> <span class='ocrx_word' id='word_1_215' title='bbox 715 2222 866 2300; x_wconf 89' lang='lat' dir='ltr'><strong>quia</strong></span> <span class='ocrx_word' id='word_1_216' title='bbox 917 2222 1133 2302; x_wconf 87' lang='lat' dir='ltr'><strong>plures</strong></span> <span class='ocrx_word' id='word_1_217' title='bbox 1168 2222 1624 2301; x_wconf 79' lang='lat' dir='ltr'><strong>longioresque</strong></span> <span class='ocrx_word' id='word_1_218' title='bbox 1656 2224 1723 2286; x_wconf 93' lang='lat' dir='ltr'><strong>in</strong></span> <span class='ocrx_word' id='word_1_219' title='bbox 1759 2222 1867 2285; x_wconf 82' lang='lat' dir='ltr'><strong>illo</strong></span> <span class='ocrx_word' id='word_1_220' title='bbox 1907 2233 2236 2289; x_wconf 89' lang='lat' dir='ltr'><strong>contentas</strong></span> <span class='ocrx_word' id='word_1_221' title='bbox 2273 2226 2739 2306; x_wconf 71' lang='lat' dir='ltr'><strong>eXpositiones,</strong></span> <span class='ocrx_word' id='word_1_222' title='bbox 2782 2242 2927 2304; x_wconf 71' lang='lat' dir='ltr'><strong>qua)</strong></span> <span class='ocrx_word' id='word_1_223' title='bbox 2970 2222 3241 2284; x_wconf 86' lang='lat' dir='ltr'><strong>fortasse</strong></span> <span class='ocrx_word' id='word_1_224' title='bbox 3288 2235 3458 2281; x_wconf 85' lang='lat' dir='ltr'><strong>mera</strong></span> <span class='ocrx_word' id='word_1_225' title='bbox 3500 2216 3745 2278; x_wconf 81' lang='lat' dir='ltr'><strong>addita-</strong></span> 
     </span>
    </p>
   </div>
   <div class='ocr_carea' id='block_1_20' title="bbox 515 2315 3751 2405">
    <p class='ocr_par' dir='ltr' id='par_1_20' title="bbox 515 2315 3751 2405">
     <span class='ocr_line' id='line_1_20' title="bbox 515 2315 3751 2405; baseline -0.002 -24"><span class='ocrx_word' id='word_1_226' title='bbox 515 2329 729 2383; x_wconf 86' lang='lat' dir='ltr'><strong>menta</strong></span> <span class='ocrx_word' id='word_1_227' title='bbox 761 2328 934 2397; x_wconf 91' lang='lat' dir='ltr'><strong>sunt,</strong></span> <span class='ocrx_word' id='word_1_228' title='bbox 975 2324 1417 2402; x_wconf 70' lang='lat' dir='ltr'><strong>praetermittit.</strong></span> <span class='ocrx_word' id='word_1_229' title='bbox 1454 2325 1574 2386; x_wconf 87' lang='lat' dir='ltr'><strong>Sed</strong></span> <span class='ocrx_word' id='word_1_230' title='bbox 1609 2341 1708 2387; x_wconf 89' lang='lat' dir='ltr'><strong>me</strong></span> <span class='ocrx_word' id='word_1_231' title='bbox 1738 2325 2010 2387; x_wconf 84' lang='lat' dir='ltr'><strong>fortasse</strong></span> <span class='ocrx_word' id='word_1_232' title='bbox 2040 2324 2144 2389; x_wconf 88' lang='lat' dir='ltr'><strong>hic</strong></span> <span class='ocrx_word' id='word_1_233' title='bbox 2173 2326 2519 2405; x_wconf 88' lang='lat' dir='ltr'><strong>quisquam</strong></span> <span class='ocrx_word' id='word_1_234' title='bbox 2556 2323 2992 2401; x_wconf 83' lang='lat' dir='ltr'><strong>interpellabit</strong></span> <span class='ocrx_word' id='word_1_235' title='bbox 3024 2336 3253 2399; x_wconf 64' lang='lat' dir='ltr'><strong>rogans</strong></span> <span class='ocrx_word' id='word_1_236' title='bbox 3288 2340 3304 2379; x_wconf 89' lang='lat'><strong>:</strong></span> <span class='ocrx_word' id='word_1_237' title='bbox 3337 2320 3518 2380; x_wconf 86' lang='lat' dir='ltr'><strong>Tune</strong></span> <span class='ocrx_word' id='word_1_238' title='bbox 3554 2315 3751 2394; x_wconf 78' lang='lat' dir='ltr'><strong>igitur</strong></span> 
     </span>
    </p>
   </div>
   <div class='ocr_carea' id='block_1_21' title="bbox 511 2415 3751 2501">
    <p class='ocr_par' dir='ltr' id='par_1_21' title="bbox 511 2415 3751 2501">
     <span class='ocr_line' id='line_1_21' title="bbox 511 2415 3751 2501; baseline -0.002 -19"><span class='ocrx_word' id='word_1_239' title='bbox 511 2419 895 2482; x_wconf 78' lang='lat' dir='ltr'><strong>OEcumenii</strong></span> <span class='ocrx_word' id='word_1_240' title='bbox 954 2422 1497 2483; x_wconf 89' lang='lat' dir='ltr'><strong>Commentarium</strong></span> <span class='ocrx_word' id='word_1_241' title='bbox 1546 2421 1613 2482; x_wconf 92' lang='lat' dir='ltr'><strong>in</strong></span> <span class='ocrx_word' id='word_1_242' title='bbox 1654 2420 2119 2501; x_wconf 82' lang='lat' dir='ltr'><strong>TheOphylacti</strong></span> <span class='ocrx_word' id='word_1_243' title='bbox 2169 2422 2460 2486; x_wconf 84' lang='lat' dir='ltr'><strong>editione</strong></span> <span class='ocrx_word' id='word_1_244' title='bbox 2509 2421 2698 2483; x_wconf 83' lang='lat' dir='ltr'><strong>nobis</strong></span> <span class='ocrx_word' id='word_1_245' title='bbox 2746 2421 3063 2483; x_wconf 80' lang='lat' dir='ltr'><strong>exhibes?</strong></span> <span class='ocrx_word' id='word_1_246' title='bbox 3101 2417 3368 2479; x_wconf 84' lang='lat' dir='ltr'><strong>Minime</strong></span> <span class='ocrx_word' id='word_1_247' title='bbox 3416 2431 3586 2478; x_wconf 72' lang='lat' dir='ltr'><strong>vero.</strong></span> <span class='ocrx_word' id='word_1_248' title='bbox 3628 2415 3751 2475; x_wconf 90' lang='lat' dir='ltr'><strong>Sed</strong></span> 
     </span>
    </p>
   </div>
   <div class='ocr_carea' id='block_1_22' title="bbox 514 2516 3750 2600">
    <p class='ocr_par' dir='ltr' id='par_1_22' title="bbox 514 2516 3750 2600">
     <span class='ocr_line' id='line_1_22' title="bbox 514 2516 3750 2600; baseline -0.002 -18"><span class='ocrx_word' id='word_1_249' title='bbox 514 2520 1059 2582; x_wconf 83' lang='lat' dir='ltr'><strong>Commentarium</strong></span> <span class='ocrx_word' id='word_1_250' title='bbox 1093 2520 1574 2600; x_wconf 81' lang='lat' dir='ltr'><strong>&#39;l‘heOphylacto</strong></span> <span class='ocrx_word' id='word_1_251' title='bbox 1601 2529 1921 2600; x_wconf 90' lang='lat' dir='ltr'><strong>ereptum,</strong></span> <span class='ocrx_word' id='word_1_252' title='bbox 1956 2522 2259 2584; x_wconf 88' lang='lat' dir='ltr'><strong>Vaticano</strong></span> <span class='ocrx_word' id='word_1_253' title='bbox 2286 2522 2506 2585; x_wconf 87' lang='lat' dir='ltr'><strong>codice</strong></span> <span class='ocrx_word' id='word_1_254' title='bbox 2537 2522 2919 2584; x_wconf 83' lang='lat' dir='ltr'><strong>sententiam</strong></span> <span class='ocrx_word' id='word_1_255' title='bbox 2952 2536 3063 2599; x_wconf 70' lang='lat' dir='ltr'><strong>pro</strong></span> <span class='ocrx_word' id='word_1_256' title='bbox 3098 2517 3212 2580; x_wconf 92' lang='lat' dir='ltr'><strong>illo</strong></span> <span class='ocrx_word' id='word_1_257' title='bbox 3243 2516 3511 2589; x_wconf 85' lang='lat' dir='ltr'><strong>ferente,</strong></span> <span class='ocrx_word' id='word_1_258' title='bbox 3539 2516 3750 2577; x_wconf 81' lang='lat' dir='ltr'><strong>eidem</strong></span> 
     </span>
    </p>
   </div>
   <div class='ocr_carea' id='block_1_23' title="bbox 517 2614 3752 2701">
    <p class='ocr_par' dir='ltr' id='par_1_23' title="bbox 517 2614 3752 2701">
     <span class='ocr_line' id='line_1_23' title="bbox 517 2614 3752 2701; baseline -0.001 -21"><span class='ocrx_word' id='word_1_259' title='bbox 517 2619 1000 2698; x_wconf 84' lang='lat' dir='ltr'><strong>&#39;l‘heOphylacto</strong></span> <span class='ocrx_word' id='word_1_260' title='bbox 1031 2620 1337 2688; x_wconf 85' lang='lat' dir='ltr'><strong>restituo;</strong></span> <span class='ocrx_word' id='word_1_261' title='bbox 1367 2621 1543 2698; x_wconf 86' lang='lat' dir='ltr'><strong>quod</strong></span> <span class='ocrx_word' id='word_1_262' title='bbox 1594 2619 1659 2681; x_wconf 82' lang='lat' dir='ltr'><strong>in</strong></span> <span class='ocrx_word' id='word_1_263' title='bbox 1694 2620 1822 2683; x_wconf 89' lang='lat' dir='ltr'><strong>alio</strong></span> <span class='ocrx_word' id='word_1_264' title='bbox 1853 2621 2144 2701; x_wconf 86' lang='lat' dir='ltr'><strong>ejusdem</strong></span> <span class='ocrx_word' id='word_1_265' title='bbox 2175 2618 2639 2683; x_wconf 87' lang='lat' dir='ltr'><strong>commentario</strong></span> <span class='ocrx_word' id='word_1_266' title='bbox 2685 2618 2953 2698; x_wconf 86' lang='lat' dir='ltr'><strong>contigit</strong></span> <span class='ocrx_word' id='word_1_267' title='bbox 2991 2615 3099 2695; x_wconf 87' lang='lat' dir='ltr'><strong>(a).</strong></span> <span class='ocrx_word' id='word_1_268' title='bbox 3147 2619 3368 2694; x_wconf 83' lang='lat' dir='ltr'><strong>Neque</strong></span> <span class='ocrx_word' id='word_1_269' title='bbox 3408 2614 3752 2693; x_wconf 71' lang='lat' dir='ltr'><strong>quisquam</strong></span> 
     </span>
    </p>
   </div>
   <div class='ocr_carea' id='block_1_24' title="bbox 520 2718 3755 2804">
    <p class='ocr_par' dir='ltr' id='par_1_24' title="bbox 520 2718 3755 2804">
     <span class='ocr_line' id='line_1_24' title="bbox 520 2718 3755 2804; baseline 0 -23"><span class='ocrx_word' id='word_1_270' title='bbox 520 2719 627 2781; x_wconf 90' lang='lat' dir='ltr'><strong>hic</strong></span> <span class='ocrx_word' id='word_1_271' title='bbox 653 2718 810 2780; x_wconf 91' lang='lat' dir='ltr'><strong>mihi</strong></span> <span class='ocrx_word' id='word_1_272' title='bbox 845 2720 1271 2784; x_wconf 86' lang='lat' dir='ltr'><strong>ducentorum</strong></span> <span class='ocrx_word' id='word_1_273' title='bbox 1302 2721 1556 2782; x_wconf 81' lang='lat' dir='ltr'><strong>circiter</strong></span> <span class='ocrx_word' id='word_1_274' title='bbox 1582 2738 1897 2785; x_wconf 80' lang='lat' dir='ltr'><strong>annorum</strong></span> <span class='ocrx_word' id='word_1_275' title='bbox 1930 2723 2406 2802; x_wconf 88' lang='lat' dir='ltr'><strong>possessionem</strong></span> <span class='ocrx_word' id='word_1_276' title='bbox 2438 2739 2555 2804; x_wconf 92' lang='lat' dir='ltr'><strong>pro</strong></span> <span class='ocrx_word' id='word_1_277' title='bbox 2586 2721 2987 2785; x_wconf 84' lang='lat' dir='ltr'><strong>OEcumenio</strong></span> <span class='ocrx_word' id='word_1_278' title='bbox 3018 2721 3331 2783; x_wconf 88' lang='lat' dir='ltr'><strong>obtrudat.</strong></span> <span class='ocrx_word' id='word_1_279' title='bbox 3363 2723 3514 2782; x_wconf 86' lang='lat' dir='ltr'><strong>Nam</strong></span> <span class='ocrx_word' id='word_1_280' title='bbox 3544 2735 3755 2795; x_wconf 85' lang='lat' dir='ltr'><strong>prom-</strong></span> 
     </span>
    </p>
   </div>
   <div class='ocr_carea' id='block_1_25' title="bbox 518 2816 3753 2903">
    <p class='ocr_par' dir='ltr' id='par_1_25' title="bbox 518 2816 3753 2903">
     <span class='ocr_line' id='line_1_25' title="bbox 518 2816 3753 2903; baseline -0.001 -20"><span class='ocrx_word' id='word_1_281' title='bbox 518 2827 696 2898; x_wconf 78' lang='lat' dir='ltr'><strong>ptum</strong></span> <span class='ocrx_word' id='word_1_282' title='bbox 730 2828 828 2882; x_wconf 91' lang='lat' dir='ltr'><strong>est</strong></span> <span class='ocrx_word' id='word_1_283' title='bbox 861 2838 1184 2902; x_wconf 81' lang='lat' dir='ltr'><strong>regerere,</strong></span> <span class='ocrx_word' id='word_1_284' title='bbox 1222 2836 1360 2884; x_wconf 87' lang='lat' dir='ltr'><strong>eam</strong></span> <span class='ocrx_word' id='word_1_285' title='bbox 1393 2823 1657 2902; x_wconf 85' lang='lat' dir='ltr'><strong>quidem</strong></span> <span class='ocrx_word' id='word_1_286' title='bbox 1697 2825 1772 2887; x_wconf 90' lang='lat' dir='ltr'><strong>ad</strong></span> <span class='ocrx_word' id='word_1_287' title='bbox 1800 2826 1945 2887; x_wconf 87' lang='lat' dir='ltr'><strong>lites</strong></span> <span class='ocrx_word' id='word_1_288' title='bbox 1975 2826 2054 2886; x_wconf 91' lang='lat' dir='ltr'><strong>de</strong></span> <span class='ocrx_word' id='word_1_289' title='bbox 2086 2816 2470 2903; x_wconf 70' lang='lat' dir='ltr'><strong>prmdiorum</strong></span> <span class='ocrx_word' id='word_1_290' title='bbox 2501 2821 2935 2903; x_wconf 88' lang='lat' dir='ltr'><strong>possessione,</strong></span> <span class='ocrx_word' id='word_1_291' title='bbox 2969 2839 3097 2884; x_wconf 87' lang='lat' dir='ltr'><strong>non</strong></span> <span class='ocrx_word' id='word_1_292' title='bbox 3128 2838 3279 2884; x_wconf 83' lang='lat' dir='ltr'><strong>vero</strong></span> <span class='ocrx_word' id='word_1_293' title='bbox 3301 2823 3380 2884; x_wconf 87' lang='lat' dir='ltr'><strong>de</strong></span> <span class='ocrx_word' id='word_1_294' title='bbox 3422 2830 3753 2883; x_wconf 86' lang='lat' dir='ltr'><strong>auctorum</strong></span> 
     </span>
    </p>
   </div>
   <div class='ocr_carea' id='block_1_26' title="bbox 515 2916 3753 3002">
    <p class='ocr_par' dir='ltr' id='par_1_26' title="bbox 515 2916 3753 3002">
     <span class='ocr_line' id='line_1_26' title="bbox 515 2916 3753 3002; baseline -0.001 -22"><span class='ocrx_word' id='word_1_295' title='bbox 515 2919 936 2997; x_wconf 84' lang='lat' dir='ltr'><strong>germanitate</strong></span> <span class='ocrx_word' id='word_1_296' title='bbox 967 2920 1367 2983; x_wconf 85' lang='lat' dir='ltr'><strong>dirimendas</strong></span> <span class='ocrx_word' id='word_1_297' title='bbox 1399 2921 1637 2984; x_wconf 90' lang='lat' dir='ltr'><strong>valere.</strong></span> <span class='ocrx_word' id='word_1_298' title='bbox 1673 2922 1738 2983; x_wconf 91' lang='lat' dir='ltr'><strong>Si</strong></span> <span class='ocrx_word' id='word_1_299' title='bbox 1796 2922 1968 2984; x_wconf 91' lang='lat' dir='ltr'><strong>enim</strong></span> <span class='ocrx_word' id='word_1_300' title='bbox 2020 2919 2351 3000; x_wconf 84' lang='lat' dir='ltr'><strong>legitimus</strong></span> <span class='ocrx_word' id='word_1_301' title='bbox 2393 2922 2671 3002; x_wconf 88' lang='lat' dir='ltr'><strong>alicujus</strong></span> <span class='ocrx_word' id='word_1_302' title='bbox 2701 2922 2917 3002; x_wconf 85' lang='lat' dir='ltr'><strong>operis</strong></span> <span class='ocrx_word' id='word_1_303' title='bbox 2967 2927 3190 2984; x_wconf 80' lang='lat' dir='ltr'><strong>auctor</strong></span> <span class='ocrx_word' id='word_1_304' title='bbox 3229 2920 3464 2982; x_wconf 83' lang='lat' dir='ltr'><strong>vetusti</strong></span> <span class='ocrx_word' id='word_1_305' title='bbox 3510 2916 3753 2981; x_wconf 87' lang='lat' dir='ltr'><strong>codicis</strong></span> 
     </span>
    </p>
   </div>
   <div class='ocr_carea' id='block_1_27' title="bbox 515 3015 3750 3099">
    <p class='ocr_par' dir='ltr' id='par_1_27' title="bbox 515 3015 3750 3099">
     <span class='ocr_line' id='line_1_27' title="bbox 515 3015 3750 3099; baseline -0.001 -21"><span class='ocrx_word' id='word_1_306' title='bbox 515 3017 894 3080; x_wconf 87' lang='lat' dir='ltr'><strong>auctoritate</strong></span> <span class='ocrx_word' id='word_1_307' title='bbox 924 3019 1283 3098; x_wconf 83' lang='lat' dir='ltr'><strong>delegatur,</strong></span> <span class='ocrx_word' id='word_1_308' title='bbox 1319 3019 1414 3081; x_wconf 92' lang='lat' dir='ltr'><strong>illi</strong></span> <span class='ocrx_word' id='word_1_309' title='bbox 1454 3019 1740 3098; x_wconf 88' lang='lat' dir='ltr'><strong>profecto</strong></span> <span class='ocrx_word' id='word_1_310' title='bbox 1770 3019 2245 3081; x_wconf 85' lang='lat' dir='ltr'><strong>restituendum</strong></span> <span class='ocrx_word' id='word_1_311' title='bbox 2274 3019 2451 3098; x_wconf 81' lang='lat' dir='ltr'><strong>quod</strong></span> <span class='ocrx_word' id='word_1_312' title='bbox 2485 3021 2816 3099; x_wconf 86' lang='lat' dir='ltr'><strong>pr0prium</strong></span> <span class='ocrx_word' id='word_1_313' title='bbox 2867 3019 3079 3098; x_wconf 85' lang='lat' dir='ltr'><strong>ipsius</strong></span> <span class='ocrx_word' id='word_1_314' title='bbox 3127 3035 3267 3080; x_wconf 90' lang='lat' dir='ltr'><strong>esse</strong></span> <span class='ocrx_word' id='word_1_315' title='bbox 3317 3015 3750 3096; x_wconf 84' lang='lat' dir='ltr'><strong>cognoscitur,</strong></span> 
     </span>
    </p>
   </div>
   <div class='ocr_carea' id='block_1_28' title="bbox 516 3113 3753 3197">
    <p class='ocr_par' dir='ltr' id='par_1_28' title="bbox 516 3113 3753 3197">
     <span class='ocr_line' id='line_1_28' title="bbox 516 3113 3753 3197; baseline -0.002 -18"><span class='ocrx_word' id='word_1_316' title='bbox 516 3117 694 3181; x_wconf 89' lang='lat' dir='ltr'><strong>nulla</strong></span> <span class='ocrx_word' id='word_1_317' title='bbox 728 3117 939 3179; x_wconf 91' lang='lat' dir='ltr'><strong>habita</strong></span> <span class='ocrx_word' id='word_1_318' title='bbox 978 3120 1227 3180; x_wconf 88' lang='lat' dir='ltr'><strong>ratione</strong></span> <span class='ocrx_word' id='word_1_319' title='bbox 1258 3118 1564 3197; x_wconf 87' lang='lat' dir='ltr'><strong>temporis</strong></span> <span class='ocrx_word' id='word_1_320' title='bbox 1596 3116 1695 3179; x_wconf 89' lang='lat' dir='ltr'><strong>vel</strong></span> <span class='ocrx_word' id='word_1_321' title='bbox 1737 3117 2215 3197; x_wconf 86' lang='lat' dir='ltr'><strong>possessionis;</strong></span> <span class='ocrx_word' id='word_1_322' title='bbox 2252 3117 2606 3195; x_wconf 72' lang='lat' dir='ltr'><strong>praesertim</strong></span> <span class='ocrx_word' id='word_1_323' title='bbox 2639 3118 2692 3179; x_wconf 91' lang='lat' dir='ltr'><strong>si</strong></span> <span class='ocrx_word' id='word_1_324' title='bbox 2735 3116 2868 3179; x_wconf 59' lang='lat' dir='ltr'><strong>haec</strong></span> <span class='ocrx_word' id='word_1_325' title='bbox 2895 3114 3037 3177; x_wconf 88' lang='lat' dir='ltr'><strong>sine</strong></span> <span class='ocrx_word' id='word_1_326' title='bbox 3072 3114 3276 3194; x_wconf 91' lang='lat' dir='ltr'><strong>justo,</strong></span> <span class='ocrx_word' id='word_1_327' title='bbox 3314 3122 3382 3177; x_wconf 91' lang='lat' dir='ltr'><strong>ut</strong></span> <span class='ocrx_word' id='word_1_328' title='bbox 3412 3114 3538 3176; x_wconf 87' lang='lat' dir='ltr'><strong>dici</strong></span> <span class='ocrx_word' id='word_1_329' title='bbox 3566 3113 3753 3188; x_wconf 88' lang='lat' dir='ltr'><strong>solet,</strong></span> 
     </span>
    </p>
   </div>
   <div class='ocr_carea' id='block_1_29' title="bbox 518 3207 3758 3296">
    <p class='ocr_par' dir='ltr' id='par_1_29' title="bbox 518 3207 3758 3296">
     <span class='ocr_line' id='line_1_29' title="bbox 518 3207 3758 3296; baseline -0.002 -20"><span class='ocrx_word' id='word_1_330' title='bbox 518 3215 709 3278; x_wconf 89' lang='lat' dir='ltr'><strong>titulo</strong></span> <span class='ocrx_word' id='word_1_331' title='bbox 754 3216 1077 3296; x_wconf 79' lang='lat' dir='ltr'><strong>acquisita</strong></span> <span class='ocrx_word' id='word_1_332' title='bbox 1127 3216 1236 3288; x_wconf 86' lang='lat' dir='ltr'><strong>sit,</strong></span> <span class='ocrx_word' id='word_1_333' title='bbox 1274 3226 1348 3279; x_wconf 88' lang='lat' dir='ltr'><strong>ut</strong></span> <span class='ocrx_word' id='word_1_334' title='bbox 1403 3217 1469 3278; x_wconf 90' lang='lat' dir='ltr'><strong>in</strong></span> <span class='ocrx_word' id='word_1_335' title='bbox 1513 3215 1856 3294; x_wconf 70' lang='lat' dir='ltr'><strong>prmsentia</strong></span> <span class='ocrx_word' id='word_1_336' title='bbox 1889 3214 2163 3276; x_wconf 88' lang='lat' dir='ltr'><strong>arbitror</strong></span> <span class='ocrx_word' id='word_1_337' title='bbox 2219 3212 2592 3292; x_wconf 88' lang='lat' dir='ltr'><strong>contigisse.</strong></span> <span class='ocrx_word' id='word_1_338' title='bbox 2645 3215 2799 3276; x_wconf 84' lang='lat' dir='ltr'><strong>Nam</strong></span> <span class='ocrx_word' id='word_1_339' title='bbox 2841 3215 3125 3275; x_wconf 89' lang='lat' dir='ltr'><strong>Donatus</strong></span> <span class='ocrx_word' id='word_1_340' title='bbox 3161 3210 3591 3282; x_wconf 87' lang='lat' dir='ltr'><strong>Veronensis,</strong></span> <span class='ocrx_word' id='word_1_341' title='bbox 3643 3207 3758 3289; x_wconf 86' lang='lat' dir='ltr'><strong>qui</strong></span> 
     </span>
    </p>
   </div>
   <div class='ocr_carea' id='block_1_30' title="bbox 518 3310 3755 3393">
    <p class='ocr_par' dir='ltr' id='par_1_30' title="bbox 518 3310 3755 3393">
     <span class='ocr_line' id='line_1_30' title="bbox 518 3310 3755 3393; baseline -0.003 -17"><span class='ocrx_word' id='word_1_342' title='bbox 518 3313 1062 3377; x_wconf 88' lang='lat' dir='ltr'><strong>Commentarium</strong></span> <span class='ocrx_word' id='word_1_343' title='bbox 1106 3313 1290 3375; x_wconf 91' lang='lat' dir='ltr'><strong>illum</strong></span> <span class='ocrx_word' id='word_1_344' title='bbox 1331 3313 1736 3376; x_wconf 82' lang='lat' dir='ltr'><strong>OEcumenio</strong></span> <span class='ocrx_word' id='word_1_345' title='bbox 1781 3312 2192 3392; x_wconf 89' lang='lat' dir='ltr'><strong>inscriptum,</strong></span> <span class='ocrx_word' id='word_1_346' title='bbox 2246 3315 2461 3376; x_wconf 65' lang='lat' dir='ltr'><strong>Greece</strong></span> <span class='ocrx_word' id='word_1_347' title='bbox 2515 3318 2786 3385; x_wconf 88' lang='lat' dir='ltr'><strong>tantum,</strong></span> <span class='ocrx_word' id='word_1_348' title='bbox 2832 3312 3119 3393; x_wconf 81' lang='lat' dir='ltr'><strong>vulgavit</strong></span> <span class='ocrx_word' id='word_1_349' title='bbox 3148 3312 3435 3374; x_wconf 90' lang='lat' dir='ltr'><strong>omnium</strong></span> <span class='ocrx_word' id='word_1_350' title='bbox 3486 3310 3755 3389; x_wconf 89' lang='lat' dir='ltr'><strong>primus,</strong></span> 
     </span>
    </p>
   </div>
   <div class='ocr_carea' id='block_1_31' title="bbox 515 3409 3758 3491">
    <p class='ocr_par' dir='ltr' id='par_1_31' title="bbox 515 3409 3758 3491">
     <span class='ocr_line' id='line_1_31' title="bbox 515 3409 3758 3491; baseline -0.001 -18"><span class='ocrx_word' id='word_1_351' title='bbox 515 3411 800 3483; x_wconf 88' lang='lat' dir='ltr'><strong>nullum,</strong></span> <span class='ocrx_word' id='word_1_352' title='bbox 851 3427 966 3473; x_wconf 93' lang='lat' dir='ltr'><strong>cur</strong></span> <span class='ocrx_word' id='word_1_353' title='bbox 1012 3412 1074 3473; x_wconf 91' lang='lat' dir='ltr'><strong>ei</strong></span> <span class='ocrx_word' id='word_1_354' title='bbox 1119 3410 1504 3474; x_wconf 83' lang='lat' dir='ltr'><strong>tribuendus</strong></span> <span class='ocrx_word' id='word_1_355' title='bbox 1551 3412 1657 3486; x_wconf 86' lang='lat' dir='ltr'><strong>sit,</strong></span> <span class='ocrx_word' id='word_1_356' title='bbox 1700 3409 2196 3474; x_wconf 84' lang='lat' dir='ltr'><strong>fundamentum</strong></span> <span class='ocrx_word' id='word_1_357' title='bbox 2248 3418 2357 3474; x_wconf 91' lang='lat' dir='ltr'><strong>aut</strong></span> <span class='ocrx_word' id='word_1_358' title='bbox 2408 3409 2666 3474; x_wconf 90' lang='lat' dir='ltr'><strong>titulum</strong></span> <span class='ocrx_word' id='word_1_359' title='bbox 2720 3413 2939 3483; x_wconf 75' lang='lat' dir='ltr'><strong>affert;</strong></span> <span class='ocrx_word' id='word_1_360' title='bbox 2991 3413 3356 3475; x_wconf 88' lang='lat' dir='ltr'><strong>Hentenius</strong></span> <span class='ocrx_word' id='word_1_361' title='bbox 3406 3428 3583 3483; x_wconf 88' lang='lat' dir='ltr'><strong>vero,</strong></span> <span class='ocrx_word' id='word_1_362' title='bbox 3642 3409 3758 3491; x_wconf 87' lang='lat' dir='ltr'><strong>qui</strong></span> 
     </span>
    </p>
   </div>
   <div class='ocr_carea' id='block_1_32' title="bbox 516 3511 3755 3593">
    <p class='ocr_par' dir='ltr' id='par_1_32' title="bbox 516 3511 3755 3593">
     <span class='ocr_line' id='line_1_32' title="bbox 516 3511 3755 3593; baseline -0.002 -18"><span class='ocrx_word' id='word_1_363' title='bbox 516 3515 818 3575; x_wconf 90' lang='lat' dir='ltr'><strong>eumdem</strong></span> <span class='ocrx_word' id='word_1_364' title='bbox 860 3514 1081 3577; x_wconf 86' lang='lat' dir='ltr'><strong>Latine</strong></span> <span class='ocrx_word' id='word_1_365' title='bbox 1119 3513 1188 3575; x_wconf 92' lang='lat' dir='ltr'><strong>in</strong></span> <span class='ocrx_word' id='word_1_366' title='bbox 1222 3513 1434 3577; x_wconf 88' lang='lat' dir='ltr'><strong>lucem</strong></span> <span class='ocrx_word' id='word_1_367' title='bbox 1485 3515 1728 3588; x_wconf 87' lang='lat' dir='ltr'><strong>emisit,</strong></span> <span class='ocrx_word' id='word_1_368' title='bbox 1759 3515 1829 3576; x_wconf 88' lang='lat' dir='ltr'><strong>in</strong></span> <span class='ocrx_word' id='word_1_369' title='bbox 1861 3514 2249 3577; x_wconf 84' lang='lat' dir='ltr'><strong>OEcumenii</strong></span> <span class='ocrx_word' id='word_1_370' title='bbox 2287 3511 2570 3575; x_wconf 79' lang='lat' dir='ltr'><strong>favorem</strong></span> <span class='ocrx_word' id='word_1_371' title='bbox 2600 3513 2799 3583; x_wconf 89' lang='lat' dir='ltr'><strong>solam</strong></span> <span class='ocrx_word' id='word_1_372' title='bbox 2831 3514 3015 3575; x_wconf 82' lang='lat' dir='ltr'><strong>aﬂ&#39;ert</strong></span> <span class='ocrx_word' id='word_1_373' title='bbox 3060 3513 3209 3593; x_wconf 73' lang='lat' dir='ltr'><strong>styli</strong></span> <span class='ocrx_word' id='word_1_374' title='bbox 3255 3511 3755 3574; x_wconf 86' lang='lat' dir='ltr'><strong>similitudinem</strong></span> 
     </span>
    </p>
   </div>
   <div class='ocr_carea' id='block_1_33' title="bbox 515 3614 3760 3697">
    <p class='ocr_par' dir='ltr' id='par_1_33' title="bbox 515 3614 3760 3697">
     <span class='ocr_line' id='line_1_33' title="bbox 515 3614 3760 3697; baseline -0.002 -19"><span class='ocrx_word' id='word_1_375' title='bbox 515 3632 661 3678; x_wconf 88' lang='lat' dir='ltr'><strong>cum</strong></span> <span class='ocrx_word' id='word_1_376' title='bbox 691 3616 823 3677; x_wconf 88' lang='lat' dir='ltr'><strong>alio</strong></span> <span class='ocrx_word' id='word_1_377' title='bbox 854 3616 1334 3683; x_wconf 85' lang='lat' dir='ltr'><strong>Commentario</strong></span> <span class='ocrx_word' id='word_1_378' title='bbox 1364 3635 1559 3697; x_wconf 89' lang='lat' dir='ltr'><strong>quem</strong></span> <span class='ocrx_word' id='word_1_379' title='bbox 1589 3616 1984 3679; x_wconf 87' lang='lat' dir='ltr'><strong>OEcumenii</strong></span> <span class='ocrx_word' id='word_1_380' title='bbox 2017 3633 2160 3679; x_wconf 84' lang='lat' dir='ltr'><strong>esse</strong></span> <span class='ocrx_word' id='word_1_381' title='bbox 2185 3616 2336 3695; x_wconf 86' lang='lat' dir='ltr'><strong>jure</strong></span> <span class='ocrx_word' id='word_1_382' title='bbox 2359 3615 2640 3679; x_wconf 86' lang='lat' dir='ltr'><strong>dubitari</strong></span> <span class='ocrx_word' id='word_1_383' title='bbox 2675 3631 2803 3679; x_wconf 84' lang='lat' dir='ltr'><strong>non</strong></span> <span class='ocrx_word' id='word_1_384' title='bbox 2831 3622 3064 3695; x_wconf 88' lang='lat' dir='ltr'><strong>potest.</strong></span> <span class='ocrx_word' id='word_1_385' title='bbox 3097 3615 3219 3677; x_wconf 90' lang='lat' dir='ltr'><strong>Sed</strong></span> <span class='ocrx_word' id='word_1_386' title='bbox 3251 3614 3371 3676; x_wconf 89' lang='lat' dir='ltr'><strong>hoc</strong></span> <span class='ocrx_word' id='word_1_387' title='bbox 3415 3627 3760 3691; x_wconf 81' lang='lat' dir='ltr'><strong>argumen-</strong></span> 
     </span>
    </p>
   </div>
   <div class='ocr_carea' id='block_1_34' title="bbox 515 3715 3754 3797">
    <p class='ocr_par' dir='ltr' id='par_1_34' title="bbox 515 3715 3754 3797">
     <span class='ocr_line' id='line_1_34' title="bbox 515 3715 3754 3797; baseline 0.001 -25"><span class='ocrx_word' id='word_1_388' title='bbox 515 3719 679 3787; x_wconf 89' lang='lat' dir='ltr'><strong>tum,</strong></span> <span class='ocrx_word' id='word_1_389' title='bbox 717 3731 862 3777; x_wconf 89' lang='lat' dir='ltr'><strong>cum</strong></span> <span class='ocrx_word' id='word_1_390' title='bbox 900 3716 1281 3797; x_wconf 88' lang='lat' dir='ltr'><strong>plerumque</strong></span> <span class='ocrx_word' id='word_1_391' title='bbox 1313 3716 1741 3791; x_wconf 88' lang='lat' dir='ltr'><strong>imbecillum,</strong></span> <span class='ocrx_word' id='word_1_392' title='bbox 1784 3724 1918 3779; x_wconf 91' lang='lat' dir='ltr'><strong>tum</strong></span> <span class='ocrx_word' id='word_1_393' title='bbox 1946 3717 2014 3779; x_wconf 90' lang='lat' dir='ltr'><strong>in</strong></span> <span class='ocrx_word' id='word_1_394' title='bbox 2048 3715 2170 3780; x_wconf 88' lang='lat' dir='ltr'><strong>hoc</strong></span> <span class='ocrx_word' id='word_1_395' title='bbox 2212 3733 2481 3795; x_wconf 84' lang='lat' dir='ltr'><strong>operum</strong></span> <span class='ocrx_word' id='word_1_396' title='bbox 2528 3733 2769 3796; x_wconf 83' lang='lat' dir='ltr'><strong>genere</strong></span> <span class='ocrx_word' id='word_1_397' title='bbox 2808 3718 3057 3781; x_wconf 88' lang='lat' dir='ltr'><strong>nullius</strong></span> <span class='ocrx_word' id='word_1_398' title='bbox 3104 3717 3291 3796; x_wconf 85' lang='lat' dir='ltr'><strong>plane</strong></span> <span class='ocrx_word' id='word_1_399' title='bbox 3323 3717 3577 3779; x_wconf 88' lang='lat' dir='ltr'><strong>roboris</strong></span> <span class='ocrx_word' id='word_1_400' title='bbox 3606 3726 3703 3776; x_wconf 65' lang='grc' dir='ltr'><strong>θεοί</strong></span> <span class='ocrx_word' id='word_1_401' title='bbox 3738 3735 3754 3776; x_wconf 91' lang='lat'><strong>:</strong></span> 
     </span>
    </p>
   </div>
   <div class='ocr_carea' id='block_1_35' title="bbox 520 3811 3751 3898">
    <p class='ocr_par' dir='ltr' id='par_1_35' title="bbox 520 3811 3751 3898">
     <span class='ocr_line' id='line_1_35' title="bbox 520 3811 3751 3898; baseline 0.001 -25"><span class='ocrx_word' id='word_1_402' title='bbox 520 3811 653 3874; x_wconf 71' lang='lat' dir='ltr'><strong>haec</strong></span> <span class='ocrx_word' id='word_1_403' title='bbox 680 3814 880 3890; x_wconf 89' lang='lat' dir='ltr'><strong>enim,</strong></span> <span class='ocrx_word' id='word_1_404' title='bbox 911 3834 1056 3880; x_wconf 90' lang='lat' dir='ltr'><strong>cum</strong></span> <span class='ocrx_word' id='word_1_405' title='bbox 1082 3818 1316 3881; x_wconf 86' lang='lat' dir='ltr'><strong>alienis</strong></span> <span class='ocrx_word' id='word_1_406' title='bbox 1362 3818 1758 3898; x_wconf 27' lang='lat' dir='ltr'><strong>plerumque,</strong></span> <span class='ocrx_word' id='word_1_407' title='bbox 1780 3824 2077 3880; x_wconf 76' lang='lat' dir='ltr'><strong>contexta</strong></span> <span class='ocrx_word' id='word_1_408' title='bbox 2111 3817 2242 3879; x_wconf 85' lang='lat' dir='ltr'><strong>sint</strong></span> <span class='ocrx_word' id='word_1_409' title='bbox 2293 3817 2525 3891; x_wconf 86' lang='lat' dir='ltr'><strong>verbis,</strong></span> <span class='ocrx_word' id='word_1_410' title='bbox 2569 3835 2774 3881; x_wconf 87' lang='lat' dir='ltr'><strong>unum</strong></span> <span class='ocrx_word' id='word_1_411' title='bbox 2806 3819 3241 3898; x_wconf 85' lang='lat' dir='ltr'><strong>eumdemque</strong></span> <span class='ocrx_word' id='word_1_412' title='bbox 3274 3818 3514 3896; x_wconf 84' lang='lat' dir='ltr'><strong>stylum</strong></span> <span class='ocrx_word' id='word_1_413' title='bbox 3545 3819 3751 3878; x_wconf 84' lang='lat' dir='ltr'><strong>conti-</strong></span> 
     </span>
    </p>
   </div>
   <div class='ocr_carea' id='block_1_36' title="bbox 518 3920 3759 4002">
    <p class='ocr_par' dir='ltr' id='par_1_36' title="bbox 518 3920 3759 4002">
     <span class='ocr_line' id='line_1_36' title="bbox 518 3920 3759 4002; baseline -0 -25"><span class='ocrx_word' id='word_1_414' title='bbox 518 3922 750 3980; x_wconf 91' lang='lat' dir='ltr'><strong>nenter</strong></span> <span class='ocrx_word' id='word_1_415' title='bbox 781 3936 908 3998; x_wconf 64' lang='lat' dir='ltr'><strong>prie</strong></span> <span class='ocrx_word' id='word_1_416' title='bbox 929 3938 999 3983; x_wconf 91' lang='lat' dir='ltr'><strong>se</strong></span> <span class='ocrx_word' id='word_1_417' title='bbox 1021 3921 1187 3984; x_wconf 88' lang='lat' dir='ltr'><strong>ferre</strong></span> <span class='ocrx_word' id='word_1_418' title='bbox 1210 3938 1337 3984; x_wconf 92' lang='lat' dir='ltr'><strong>non</strong></span> <span class='ocrx_word' id='word_1_419' title='bbox 1372 3930 1668 4001; x_wconf 87' lang='lat' dir='ltr'><strong>possunt.</strong></span> <span class='ocrx_word' id='word_1_420' title='bbox 1689 3922 1766 3984; x_wconf 89' lang='lat' dir='ltr'><strong>Et</strong></span> <span class='ocrx_word' id='word_1_421' title='bbox 1794 3938 1949 3982; x_wconf 91' lang='lat' dir='ltr'><strong>sane</strong></span> <span class='ocrx_word' id='word_1_422' title='bbox 1973 3920 2040 3983; x_wconf 90' lang='lat' dir='ltr'><strong>in</strong></span> <span class='ocrx_word' id='word_1_423' title='bbox 2072 3920 2193 3985; x_wconf 90' lang='lat' dir='ltr'><strong>hoc</strong></span> <span class='ocrx_word' id='word_1_424' title='bbox 2220 3921 2688 3986; x_wconf 88' lang='lat' dir='ltr'><strong>Commentario</strong></span> <span class='ocrx_word' id='word_1_425' title='bbox 2728 3923 3028 4002; x_wconf 84' lang='lat' dir='ltr'><strong>pleraque</strong></span> <span class='ocrx_word' id='word_1_426' title='bbox 3060 3939 3133 3984; x_wconf 80' lang='lat' dir='ltr'><strong>ex</strong></span> <span class='ocrx_word' id='word_1_427' title='bbox 3170 3921 3646 4000; x_wconf 70' lang='lat' dir='ltr'><strong>Chrysostomo,</strong></span> <span class='ocrx_word' id='word_1_428' title='bbox 3686 3921 3759 3979; x_wconf 79' lang='lat' dir='ltr'><strong>it-</strong></span> 
     </span>
    </p>
   </div>
   <div class='ocr_carea' id='block_1_37' title="bbox 519 4014 3749 4102">
    <p class='ocr_par' dir='ltr' id='par_1_37' title="bbox 519 4014 3749 4102">
     <span class='ocr_line' id='line_1_37' title="bbox 519 4014 3749 4102; baseline 0.001 -24"><span class='ocrx_word' id='word_1_429' title='bbox 519 4014 649 4079; x_wconf 91' lang='lat' dir='ltr'><strong>lius</strong></span> <span class='ocrx_word' id='word_1_430' title='bbox 686 4036 948 4100; x_wconf 90' lang='lat' dir='ltr'><strong>quoque</strong></span> <span class='ocrx_word' id='word_1_431' title='bbox 983 4023 1198 4083; x_wconf 83' lang='lat' dir='ltr'><strong>verbis</strong></span> <span class='ocrx_word' id='word_1_432' title='bbox 1232 4022 1615 4102; x_wconf 87' lang='lat' dir='ltr'><strong>plerumque</strong></span> <span class='ocrx_word' id='word_1_433' title='bbox 1654 4020 1944 4093; x_wconf 86' lang='lat' dir='ltr'><strong>retentis,</strong></span> <span class='ocrx_word' id='word_1_434' title='bbox 2002 4028 2286 4085; x_wconf 87' lang='lat' dir='ltr'><strong>mutuata</strong></span> <span class='ocrx_word' id='word_1_435' title='bbox 2323 4030 2505 4092; x_wconf 84' lang='lat' dir='ltr'><strong>sunt;</strong></span> <span class='ocrx_word' id='word_1_436' title='bbox 2536 4022 2660 4083; x_wconf 87' lang='lat' dir='ltr'><strong>alia</strong></span> <span class='ocrx_word' id='word_1_437' title='bbox 2706 4038 2783 4084; x_wconf 80' lang='lat' dir='ltr'><strong>ex</strong></span> <span class='ocrx_word' id='word_1_438' title='bbox 2814 4021 2962 4084; x_wconf 89' lang='lat' dir='ltr'><strong>aliis</strong></span> <span class='ocrx_word' id='word_1_439' title='bbox 2995 4022 3290 4084; x_wconf 89' lang='lat' dir='ltr'><strong>Patribus</strong></span> <span class='ocrx_word' id='word_1_440' title='bbox 3334 4057 3356 4084; x_wconf 84' lang='lat'><strong>.~</strong></span> <span class='ocrx_word' id='word_1_441' title='bbox 3388 4021 3582 4100; x_wconf 56' lang='lat' dir='ltr'><strong>quod.</strong></span> <span class='ocrx_word' id='word_1_442' title='bbox 3601 4022 3749 4100; x_wconf 59' lang='lat' dir='ltr'><strong>qui-</strong></span> 
     </span>
    </p>
   </div>
   <div class='ocr_carea' id='block_1_38' title="bbox 514 4119 3751 4203">
    <p class='ocr_par' dir='ltr' id='par_1_38' title="bbox 514 4119 3751 4203">
     <span class='ocr_line' id='line_1_38' title="bbox 514 4119 3751 4203; baseline -0 -22"><span class='ocrx_word' id='word_1_443' title='bbox 514 4119 663 4182; x_wconf 90' lang='lat' dir='ltr'><strong>dem</strong></span> <span class='ocrx_word' id='word_1_444' title='bbox 700 4131 944 4186; x_wconf 91' lang='lat' dir='ltr'><strong>constat</strong></span> <span class='ocrx_word' id='word_1_445' title='bbox 974 4142 1052 4185; x_wconf 75' lang='lat' dir='ltr'><strong>ex</strong></span> <span class='ocrx_word' id='word_1_446' title='bbox 1083 4140 1161 4186; x_wconf 92' lang='lat' dir='ltr'><strong>eo</strong></span> <span class='ocrx_word' id='word_1_447' title='bbox 1193 4125 1366 4203; x_wconf 90' lang='lat' dir='ltr'><strong>quod</strong></span> <span class='ocrx_word' id='word_1_448' title='bbox 1409 4125 1591 4203; x_wconf 89' lang='lat' dir='ltr'><strong>plura</strong></span> <span class='ocrx_word' id='word_1_449' title='bbox 1624 4124 1688 4185; x_wconf 90' lang='lat' dir='ltr'><strong>in</strong></span> <span class='ocrx_word' id='word_1_450' title='bbox 1731 4125 2100 4185; x_wconf 66' lang='lat' dir='ltr'><strong>Graecorum</strong></span> <span class='ocrx_word' id='word_1_451' title='bbox 2136 4124 2411 4197; x_wconf 79' lang='lat' dir='ltr'><strong>Catenis,</strong></span> <span class='ocrx_word' id='word_1_452' title='bbox 2450 4130 2520 4185; x_wconf 89' lang='lat' dir='ltr'><strong>ut</strong></span> <span class='ocrx_word' id='word_1_453' title='bbox 2546 4124 2749 4198; x_wconf 89' lang='lat' dir='ltr'><strong>aiunt,</strong></span> <span class='ocrx_word' id='word_1_454' title='bbox 2790 4124 3032 4200; x_wconf 82' lang='lat' dir='ltr'><strong>eisdem</strong></span> <span class='ocrx_word' id='word_1_455' title='bbox 3064 4123 3278 4185; x_wconf 89' lang='lat' dir='ltr'><strong>verbis</strong></span> <span class='ocrx_word' id='word_1_456' title='bbox 3320 4139 3622 4199; x_wconf 75' lang='lat' dir='ltr'><strong>expressa</strong></span> <span class='ocrx_word' id='word_1_457' title='bbox 3668 4119 3751 4181; x_wconf 85' lang='lat' dir='ltr'><strong>le-</strong></span> 
     </span>
    </p>
   </div>
   <div class='ocr_carea' id='block_1_39' title="bbox 517 4222 3732 4303">
    <p class='ocr_par' dir='ltr' id='par_1_39' title="bbox 517 4222 3732 4303">
     <span class='ocr_line' id='line_1_39' title="bbox 517 4222 3732 4303; baseline -0.001 -21"><span class='ocrx_word' id='word_1_458' title='bbox 517 4228 771 4299; x_wconf 85' lang='lat' dir='ltr'><strong>gantur.</strong></span> <span class='ocrx_word' id='word_1_459' title='bbox 796 4224 1068 4286; x_wconf 89' lang='lat' dir='ltr'><strong>Ubinam</strong></span> <span class='ocrx_word' id='word_1_460' title='bbox 1097 4241 1251 4303; x_wconf 89' lang='lat' dir='ltr'><strong>ergo</strong></span> <span class='ocrx_word' id='word_1_461' title='bbox 1281 4223 1665 4286; x_wconf 89' lang='lat' dir='ltr'><strong>OEcumenii</strong></span> <span class='ocrx_word' id='word_1_462' title='bbox 1693 4224 1947 4302; x_wconf 81' lang='lat' dir='ltr'><strong>stylus?</strong></span> <span class='ocrx_word' id='word_1_463' title='bbox 1983 4225 2139 4286; x_wconf 86' lang='lat' dir='ltr'><strong>Cum</strong></span> <span class='ocrx_word' id='word_1_464' title='bbox 2168 4224 2271 4285; x_wconf 90' lang='lat' dir='ltr'><strong>hic</strong></span> <span class='ocrx_word' id='word_1_465' title='bbox 2301 4239 2428 4284; x_wconf 90' lang='lat' dir='ltr'><strong>non</strong></span> <span class='ocrx_word' id='word_1_466' title='bbox 2462 4224 2540 4285; x_wconf 91' lang='lat' dir='ltr'><strong>de</strong></span> <span class='ocrx_word' id='word_1_467' title='bbox 2573 4230 2853 4295; x_wconf 89' lang='lat' dir='ltr'><strong>auctore,</strong></span> <span class='ocrx_word' id='word_1_468' title='bbox 2887 4224 2999 4285; x_wconf 90' lang='lat' dir='ltr'><strong>sed</strong></span> <span class='ocrx_word' id='word_1_469' title='bbox 3034 4225 3112 4285; x_wconf 93' lang='lat' dir='ltr'><strong>de</strong></span> <span class='ocrx_word' id='word_1_470' title='bbox 3144 4222 3481 4285; x_wconf 88' lang='lat' dir='ltr'><strong>collectore</strong></span> <span class='ocrx_word' id='word_1_471' title='bbox 3510 4228 3732 4299; x_wconf 84' lang='lat' dir='ltr'><strong>agatur</strong></span> 
     </span>
    </p>
   </div>
   <div class='ocr_carea' id='block_1_40' title="bbox 516 4321 3702 4404">
    <p class='ocr_par' dir='ltr' id='par_1_40' title="bbox 516 4321 3702 4404">
     <span class='ocr_line' id='line_1_40' title="bbox 516 4321 3702 4404; baseline -0.002 -21"><span class='ocrx_word' id='word_1_472' title='bbox 516 4322 595 4383; x_wconf 86' lang='lat' dir='ltr'><strong>ad</strong></span> <span class='ocrx_word' id='word_1_473' title='bbox 623 4321 770 4397; x_wconf 91' lang='lat' dir='ltr'><strong>alia,</strong></span> <span class='ocrx_word' id='word_1_474' title='bbox 810 4322 865 4385; x_wconf 84' lang='lat' dir='ltr'><strong>si</strong></span> <span class='ocrx_word' id='word_1_475' title='bbox 910 4340 1056 4402; x_wconf 68' lang='lat' dir='ltr'><strong>quas</strong></span> <span class='ocrx_word' id='word_1_476' title='bbox 1103 4323 1256 4398; x_wconf 89' lang='lat' dir='ltr'><strong>sint,</strong></span> <span class='ocrx_word' id='word_1_477' title='bbox 1296 4332 1672 4402; x_wconf 88' lang='lat' dir='ltr'><strong>argumenta</strong></span> <span class='ocrx_word' id='word_1_478' title='bbox 1711 4322 2063 4404; x_wconf 85' lang='lat' dir='ltr'><strong>confugere</strong></span> <span class='ocrx_word' id='word_1_479' title='bbox 2093 4330 2367 4402; x_wconf 90' lang='lat' dir='ltr'><strong>oportet.</strong></span> <span class='ocrx_word' id='word_1_480' title='bbox 2415 4325 2496 4385; x_wconf 79' lang='lat' dir='ltr'><strong>At</strong></span> <span class='ocrx_word' id='word_1_481' title='bbox 2537 4321 2717 4386; x_wconf 90' lang='lat' dir='ltr'><strong>nulla</strong></span> <span class='ocrx_word' id='word_1_482' title='bbox 2769 4332 3121 4401; x_wconf 90' lang='lat' dir='ltr'><strong>suppetunt</strong></span> <span class='ocrx_word' id='word_1_483' title='bbox 3163 4340 3274 4403; x_wconf 87' lang='lat' dir='ltr'><strong>pro</strong></span> <span class='ocrx_word' id='word_1_484' title='bbox 3318 4321 3702 4386; x_wconf 76' lang='lat' dir='ltr'><strong>OECllmCDit</strong></span> 
     </span>
    </p>
   </div>
   <div class='ocr_carea' id='block_1_41' title="bbox 515 4425 3720 4507">
    <p class='ocr_par' dir='ltr' id='par_1_41' title="bbox 515 4425 3720 4507">
     <span class='ocr_line' id='line_1_41' title="bbox 515 4425 3720 4507; baseline -0.001 -21"><span class='ocrx_word' id='word_1_485' title='bbox 515 4426 803 4487; x_wconf 88' lang='lat' dir='ltr'><strong>Donatus</strong></span> <span class='ocrx_word' id='word_1_486' title='bbox 831 4429 1094 4506; x_wconf 90' lang='lat' dir='ltr'><strong>quidem</strong></span> <span class='ocrx_word' id='word_1_487' title='bbox 1134 4428 1533 4489; x_wconf 86' lang='lat' dir='ltr'><strong>Veronensis</strong></span> <span class='ocrx_word' id='word_1_488' title='bbox 1573 4444 1770 4507; x_wconf 86' lang='lat' dir='ltr'><strong>supra</strong></span> <span class='ocrx_word' id='word_1_489' title='bbox 1818 4427 2118 4491; x_wconf 88' lang='lat' dir='ltr'><strong>laudatus</strong></span> <span class='ocrx_word' id='word_1_490' title='bbox 2151 4426 2223 4488; x_wconf 90' lang='lat' dir='ltr'><strong>in</strong></span> <span class='ocrx_word' id='word_1_491' title='bbox 2269 4428 2486 4489; x_wconf 75' lang='lat' dir='ltr'><strong>Graeca</strong></span> <span class='ocrx_word' id='word_1_492' title='bbox 2518 4427 2597 4489; x_wconf 88' lang='lat' dir='ltr'><strong>ad</strong></span> <span class='ocrx_word' id='word_1_493' title='bbox 2635 4426 2938 4489; x_wconf 88' lang='lat' dir='ltr'><strong>lectorem</strong></span> <span class='ocrx_word' id='word_1_494' title='bbox 2986 4427 3271 4507; x_wconf 88' lang='lat' dir='ltr'><strong>Epistola</strong></span> <span class='ocrx_word' id='word_1_495' title='bbox 3318 4425 3591 4489; x_wconf 89' lang='lat' dir='ltr'><strong>editioni</strong></span> <span class='ocrx_word' id='word_1_496' title='bbox 3621 4444 3720 4486; x_wconf 79' lang='lat' dir='ltr'><strong>su.-</strong></span> 
     </span>
    </p>
   </div>
   <div class='ocr_carea' id='block_1_42' title="bbox 515 4527 3733 4611">
    <p class='ocr_par' dir='ltr' id='par_1_42' title="bbox 515 4527 3733 4611">
     <span class='ocr_line' id='line_1_42' title="bbox 515 4527 3733 4611; baseline -0.001 -23"><span class='ocrx_word' id='word_1_497' title='bbox 515 4527 774 4605; x_wconf 81' lang='lat' dir='ltr'><strong>praeﬁxa</strong></span> <span class='ocrx_word' id='word_1_498' title='bbox 810 4528 1011 4589; x_wconf 83' lang='lat' dir='ltr'><strong>multa</strong></span> <span class='ocrx_word' id='word_1_499' title='bbox 1058 4529 1125 4589; x_wconf 92' lang='lat' dir='ltr'><strong>in</strong></span> <span class='ocrx_word' id='word_1_500' title='bbox 1178 4527 1241 4589; x_wconf 90' lang='lat' dir='ltr'><strong>id</strong></span> <span class='ocrx_word' id='word_1_501' title='bbox 1271 4538 1662 4607; x_wconf 80' lang='lat' dir='ltr'><strong>argumenta,</strong></span> <span class='ocrx_word' id='word_1_502' title='bbox 1698 4538 1875 4592; x_wconf 80' lang='grc' dir='ltr'><strong>πολλὰ</strong></span> <span class='ocrx_word' id='word_1_503' title='bbox 1898 4538 2175 4609; x_wconf 76' lang='grc' dir='ltr'><strong>τεκμήρια</strong></span> <span class='ocrx_word' id='word_1_504' title='bbox 2204 4528 2270 4590; x_wconf 91' lang='lat' dir='ltr'><strong>in</strong></span> <span class='ocrx_word' id='word_1_505' title='bbox 2309 4535 2608 4607; x_wconf 86' lang='lat' dir='ltr'><strong>promptu</strong></span> <span class='ocrx_word' id='word_1_506' title='bbox 2647 4544 2717 4591; x_wconf 91' lang='lat' dir='ltr'><strong>se</strong></span> <span class='ocrx_word' id='word_1_507' title='bbox 2752 4527 2986 4592; x_wconf 85' lang='lat' dir='ltr'><strong>habere</strong></span> <span class='ocrx_word' id='word_1_508' title='bbox 3022 4528 3288 4592; x_wconf 78' lang='lat' dir='ltr'><strong>afﬁrmat</strong></span> <span class='ocrx_word' id='word_1_509' title='bbox 3319 4546 3335 4591; x_wconf 89' lang='lat'><strong>:</strong></span> <span class='ocrx_word' id='word_1_510' title='bbox 3366 4548 3498 4611; x_wconf 78' lang='lat' dir='ltr'><strong>quw</strong></span> <span class='ocrx_word' id='word_1_511' title='bbox 3530 4539 3733 4590; x_wconf 78' lang='lat' dir='ltr'><strong>tamen</strong></span> 
     </span>
    </p>
   </div>
   <div class='ocr_carea' id='block_1_43' title="bbox 521 4625 3761 4710">
    <p class='ocr_par' dir='ltr' id='par_1_43' title="bbox 521 4625 3761 4710">
     <span class='ocr_line' id='line_1_43' title="bbox 521 4625 3761 4710; baseline 0.001 -24"><span class='ocrx_word' id='word_1_512' title='bbox 521 4625 770 4702; x_wconf 76' lang='lat' dir='ltr'><strong>subdit,</strong></span> <span class='ocrx_word' id='word_1_513' title='bbox 803 4645 933 4689; x_wconf 82' lang='lat' dir='ltr'><strong>non</strong></span> <span class='ocrx_word' id='word_1_514' title='bbox 952 4627 1176 4708; x_wconf 76' lang='lat' dir='ltr'><strong>affero,</strong></span> <span class='ocrx_word' id='word_1_515' title='bbox 1203 4647 1284 4689; x_wconf 76' lang='lat' dir='ltr'><strong>ne</strong></span> <span class='ocrx_word' id='word_1_516' title='bbox 1305 4629 1373 4689; x_wconf 76' lang='lat' dir='ltr'><strong>in</strong></span> <span class='ocrx_word' id='word_1_517' title='bbox 1394 4631 1595 4708; x_wconf 76' lang='lat' dir='ltr'><strong>specie</strong></span> <span class='ocrx_word' id='word_1_518' title='bbox 1623 4629 1950 4710; x_wconf 61' lang='lat' dir='ltr'><strong>Epistolas,</strong></span> <span class='ocrx_word' id='word_1_519' title='bbox 1985 4628 2131 4709; x_wconf 69' lang='lat' dir='ltr'><strong>plus</strong></span> <span class='ocrx_word' id='word_1_520' title='bbox 2149 4647 2331 4710; x_wconf 86' lang='lat' dir='ltr'><strong>quam</strong></span> <span class='ocrx_word' id='word_1_521' title='bbox 2348 4627 2617 4701; x_wconf 78' lang='lat' dir='ltr'><strong>deceret,</strong></span> <span class='ocrx_word' id='word_1_522' title='bbox 2646 4628 2946 4707; x_wconf 73' lang='lat' dir='ltr'><strong>prolixus</strong></span> <span class='ocrx_word' id='word_1_523' title='bbox 2972 4646 3185 4703; x_wconf 75' lang='lat' dir='ltr'><strong>essem,</strong></span> <span class='ocrx_word' id='word_1_524' title='bbox 3216 4637 3301 4691; x_wconf 73' lang='grc' dir='ltr'><strong>ἵνα</strong></span> <span class='ocrx_word' id='word_1_525' title='bbox 3332 4638 3411 4708; x_wconf 79' lang='grc' dir='ltr'><strong>μὴ</strong></span> <span class='ocrx_word' id='word_1_526' title='bbox 3438 4639 3497 4691; x_wconf 74' lang='grc' dir='ltr'><strong>ὲν</strong></span> <span class='ocrx_word' id='word_1_527' title='bbox 3519 4640 3761 4707; x_wconf 81' lang='grc' dir='ltr'><strong>σχήματι</strong></span> 
     </span>
    </p>
   </div>
   <div class='ocr_carea' id='block_1_44' title="bbox 527 4728 2133 4813">
    <p class='ocr_par' dir='ltr' id='par_1_44' title="bbox 527 4733 2112 4813">
     <span class='ocr_line' id='line_1_44' title="bbox 527 4733 2112 4813; baseline 0.001 -21"><span class='ocrx_word' id='word_1_528' title='bbox 527 4736 850 4811; x_wconf 79' lang='grc' dir='ltr'><strong>Ἐπιστολῆς</strong></span> <span class='ocrx_word' id='word_1_529' title='bbox 879 4740 1054 4812; x_wconf 79' lang='grc' dir='ltr'>πέραν</span> <span class='ocrx_word' id='word_1_530' title='bbox 1069 4739 1163 4795; x_wconf 80' lang='grc' dir='ltr'><strong>τοῦ</strong></span> <span class='ocrx_word' id='word_1_531' title='bbox 1188 4739 1399 4806; x_wconf 85' lang='grc' dir='ltr'><strong>δέοντος</strong></span> <span class='ocrx_word' id='word_1_532' title='bbox 1417 4741 1833 4813; x_wconf 81' lang='grc' dir='ltr'><strong>μακρολογήσω.</strong></span> <span class='ocrx_word' id='word_1_533' title='bbox 1877 4733 1957 4792; x_wconf 78' lang='lat' dir='ltr'><strong>At</strong></span> <span class='ocrx_word' id='word_1_534' title='bbox 1992 4747 2112 4810; x_wconf 86' lang='lat' dir='ltr'><strong>ego</strong></span> 
     </span>
    </p>
   </div>
   <div class='ocr_carea' id='block_1_45' title="bbox 2156 4728 3762 4813">
    <p class='ocr_par' dir='ltr' id='par_1_45' title="bbox 2156 4728 3762 4810">
     <span class='ocr_line' id='line_1_45' title="bbox 2156 4728 3762 4810; baseline -0.001 -18"><span class='ocrx_word' id='word_1_535' title='bbox 2156 4730 2409 4810; x_wconf 84' lang='lat' dir='ltr'><strong>quidem</strong></span> <span class='ocrx_word' id='word_1_536' title='bbox 2444 4729 2740 4791; x_wconf 89' lang='lat' dir='ltr'><strong>lubenter</strong></span> <span class='ocrx_word' id='word_1_537' title='bbox 2786 4728 2966 4791; x_wconf 86' lang='lat' dir='ltr'><strong>illius</strong></span> <span class='ocrx_word' id='word_1_538' title='bbox 2998 4730 3429 4809; x_wconf 81' lang='lat' dir='ltr'><strong>prolixitatem</strong></span> <span class='ocrx_word' id='word_1_539' title='bbox 3468 4731 3762 4806; x_wconf 76' lang='lat' dir='ltr'><strong>epistolas</strong></span> 
     </span>
    </p>
   </div>
   <div class='ocr_carea' id='block_1_46' title="bbox 516 4829 3752 4913">
    <p class='ocr_par' dir='ltr' id='par_1_46' title="bbox 516 4829 3752 4913">
     <span class='ocr_line' id='line_1_46' title="bbox 516 4829 3752 4913; baseline -0.001 -19"><span class='ocrx_word' id='word_1_540' title='bbox 516 4830 841 4907; x_wconf 88' lang='lat' dir='ltr'><strong>tulissem,</strong></span> <span class='ocrx_word' id='word_1_541' title='bbox 884 4840 954 4895; x_wconf 90' lang='lat' dir='ltr'><strong>ut</strong></span> <span class='ocrx_word' id='word_1_542' title='bbox 981 4831 1355 4913; x_wconf 86' lang='lat' dir='ltr'><strong>hujusmodi</strong></span> <span class='ocrx_word' id='word_1_543' title='bbox 1387 4840 1782 4910; x_wconf 88' lang='lat' dir='ltr'><strong>argumenta,</strong></span> <span class='ocrx_word' id='word_1_544' title='bbox 1830 4848 1949 4892; x_wconf 85' lang='lat' dir='ltr'><strong>seu</strong></span> <span class='ocrx_word' id='word_1_545' title='bbox 1998 4831 2403 4910; x_wconf 85' lang='lat' dir='ltr'><strong>conjecturas</strong></span> <span class='ocrx_word' id='word_1_546' title='bbox 2443 4830 2513 4891; x_wconf 90' lang='lat' dir='ltr'><strong>in</strong></span> <span class='ocrx_word' id='word_1_547' title='bbox 2554 4836 2774 4907; x_wconf 87' lang='lat' dir='ltr'><strong>aperto</strong></span> <span class='ocrx_word' id='word_1_548' title='bbox 2821 4836 3092 4908; x_wconf 88' lang='lat' dir='ltr'><strong>poneret</strong></span> <span class='ocrx_word' id='word_1_549' title='bbox 3126 4848 3140 4891; x_wconf 91' lang='lat'>:</span> <span class='ocrx_word' id='word_1_550' title='bbox 3183 4829 3341 4907; x_wconf 89' lang='lat' dir='ltr'><strong>quin</strong></span> <span class='ocrx_word' id='word_1_551' title='bbox 3376 4840 3437 4892; x_wconf 87' lang='lat' dir='ltr'><strong>et</strong></span> <span class='ocrx_word' id='word_1_552' title='bbox 3468 4832 3752 4912; x_wconf 85' lang='lat' dir='ltr'><strong>simplici</strong></span> 
     </span>
    </p>
   </div>
   <div class='ocr_carea' id='block_1_47' title="bbox 517 4929 3759 5014">
    <p class='ocr_par' dir='ltr' id='par_1_47' title="bbox 517 4929 3759 5014">
     <span class='ocr_line' id='line_1_47' title="bbox 517 4929 3759 5014; baseline -0.001 -17"><span class='ocrx_word' id='word_1_553' title='bbox 517 4935 661 5014; x_wconf 89' lang='lat' dir='ltr'><strong>ejus</strong></span> <span class='ocrx_word' id='word_1_554' title='bbox 700 4933 1070 4997; x_wconf 87' lang='lat' dir='ltr'><strong>testimonio</strong></span> <span class='ocrx_word' id='word_1_555' title='bbox 1102 4935 1289 4998; x_wconf 83' lang='lat' dir='ltr'><strong>ﬁdem</strong></span> <span class='ocrx_word' id='word_1_556' title='bbox 1315 4949 1442 4997; x_wconf 91' lang='lat' dir='ltr'><strong>non</strong></span> <span class='ocrx_word' id='word_1_557' title='bbox 1469 4934 1907 5006; x_wconf 90' lang='lat' dir='ltr'><strong>detrectarem,</strong></span> <span class='ocrx_word' id='word_1_558' title='bbox 1949 4930 2076 4992; x_wconf 88' lang='lat' dir='ltr'><strong>nisi</strong></span> <span class='ocrx_word' id='word_1_559' title='bbox 2111 4929 2401 4993; x_wconf 88' lang='lat' dir='ltr'><strong>Vaticani</strong></span> <span class='ocrx_word' id='word_1_560' title='bbox 2432 4929 2674 4992; x_wconf 86' lang='lat' dir='ltr'><strong>codicis</strong></span> <span class='ocrx_word' id='word_1_561' title='bbox 2703 4929 3048 4993; x_wconf 87' lang='lat' dir='ltr'><strong>auctoritas</strong></span> <span class='ocrx_word' id='word_1_562' title='bbox 3076 4930 3156 4992; x_wconf 90' lang='lat' dir='ltr'><strong>ab</strong></span> <span class='ocrx_word' id='word_1_563' title='bbox 3183 4930 3325 5009; x_wconf 90' lang='lat' dir='ltr'><strong>ejus</strong></span> <span class='ocrx_word' id='word_1_564' title='bbox 3355 4949 3455 4994; x_wconf 90' lang='lat' dir='ltr'><strong>me</strong></span> <span class='ocrx_word' id='word_1_565' title='bbox 3486 4942 3759 4996; x_wconf 86' lang='lat' dir='ltr'><strong>senten-</strong></span> 
     </span>
    </p>
   </div>
   <div class='ocr_carea' id='block_1_48' title="bbox 518 5029 3758 5117">
    <p class='ocr_par' dir='ltr' id='par_1_48' title="bbox 518 5029 3758 5117">
     <span class='ocr_line' id='line_1_48' title="bbox 518 5029 3758 5117; baseline -0.001 -19"><span class='ocrx_word' id='word_1_566' title='bbox 518 5036 607 5098; x_wconf 90' lang='lat' dir='ltr'><strong>tia</strong></span> <span class='ocrx_word' id='word_1_567' title='bbox 634 5043 946 5098; x_wconf 88' lang='lat' dir='ltr'><strong>avocaret.</strong></span> <span class='ocrx_word' id='word_1_568' title='bbox 979 5036 1385 5117; x_wconf 85' lang='lat' dir='ltr'><strong>Quanquam,</strong></span> <span class='ocrx_word' id='word_1_569' title='bbox 1416 5050 1499 5095; x_wconf 90' lang='lat' dir='ltr'><strong>ne</strong></span> <span class='ocrx_word' id='word_1_570' title='bbox 1528 5031 1687 5111; x_wconf 92' lang='lat' dir='ltr'><strong>quid</strong></span> <span class='ocrx_word' id='word_1_571' title='bbox 1716 5030 2156 5103; x_wconf 90' lang='lat' dir='ltr'><strong>dissimulem,</strong></span> <span class='ocrx_word' id='word_1_572' title='bbox 2180 5029 2577 5092; x_wconf 87' lang='lat' dir='ltr'><strong>diminutum</strong></span> <span class='ocrx_word' id='word_1_573' title='bbox 2601 5029 2895 5092; x_wconf 85' lang='lat' dir='ltr'><strong>nonnihil</strong></span> <span class='ocrx_word' id='word_1_574' title='bbox 2928 5029 3013 5091; x_wconf 90' lang='lat' dir='ltr'><strong>sit</strong></span> <span class='ocrx_word' id='word_1_575' title='bbox 3047 5030 3335 5093; x_wconf 72' lang='lat' dir='ltr'><strong>Vaticani</strong></span> <span class='ocrx_word' id='word_1_576' title='bbox 3368 5032 3613 5094; x_wconf 67' lang='lat' dir='ltr'><strong>codicis</strong></span> <span class='ocrx_word' id='word_1_577' title='bbox 3645 5032 3758 5094; x_wconf 86' lang='lat' dir='ltr'><strong>hac</strong></span> 
     </span>
    </p>
   </div>
   <div class='ocr_carea' id='block_1_49' title="bbox 519 5128 3758 5215">
    <p class='ocr_par' dir='ltr' id='par_1_49' title="bbox 519 5128 3758 5215">
     <span class='ocr_line' id='line_1_49' title="bbox 519 5128 3758 5215; baseline -0.002 -11"><span class='ocrx_word' id='word_1_578' title='bbox 519 5142 598 5204; x_wconf 90' lang='lat' dir='ltr'><strong>de</strong></span> <span class='ocrx_word' id='word_1_579' title='bbox 631 5157 696 5203; x_wconf 92' lang='lat' dir='ltr'><strong>re</strong></span> <span class='ocrx_word' id='word_1_580' title='bbox 719 5140 1192 5203; x_wconf 87' lang='lat' dir='ltr'><strong>testimonium.</strong></span> <span class='ocrx_word' id='word_1_581' title='bbox 1227 5142 1368 5203; x_wconf 87' lang='lat' dir='ltr'><strong>Non</strong></span> <span class='ocrx_word' id='word_1_582' title='bbox 1396 5138 1569 5200; x_wconf 90' lang='lat' dir='ltr'><strong>enim</strong></span> <span class='ocrx_word' id='word_1_583' title='bbox 1602 5133 1988 5214; x_wconf 89' lang='lat' dir='ltr'><strong>simpliciter</strong></span> <span class='ocrx_word' id='word_1_584' title='bbox 2017 5134 2139 5196; x_wconf 89' lang='lat' dir='ltr'><strong>hoc</strong></span> <span class='ocrx_word' id='word_1_585' title='bbox 2165 5149 2357 5213; x_wconf 88' lang='lat' dir='ltr'><strong>opus,</strong></span> <span class='ocrx_word' id='word_1_586' title='bbox 2383 5128 2463 5196; x_wconf 86' lang='lat' dir='ltr'><strong>ut&#39;</strong></span> <span class='ocrx_word' id='word_1_587' title='bbox 2480 5132 2604 5195; x_wconf 88' lang='lat' dir='ltr'><strong>fert</strong></span> <span class='ocrx_word' id='word_1_588' title='bbox 2634 5133 3063 5208; x_wconf 87' lang='lat' dir='ltr'><strong>consuetudo,</strong></span> <span class='ocrx_word' id='word_1_589' title='bbox 3086 5133 3467 5197; x_wconf 88' lang='lat' dir='ltr'><strong>inscribitur</strong></span> <span class='ocrx_word' id='word_1_590' title='bbox 3500 5156 3516 5195; x_wconf 86' lang='lat'><strong>:</strong></span> <span class='ocrx_word' id='word_1_591' title='bbox 3545 5145 3758 5215; x_wconf 76' lang='grc' dir='ltr'><strong>Θεοφυ-</strong></span> 
     </span>
    </p>
   </div>
   <div class='ocr_carea' id='block_1_50' title="bbox 515 5236 2121 5322">
    <p class='ocr_par' dir='ltr' id='par_1_50' title="bbox 515 5236 2092 5322">
     <span class='ocr_line' id='line_1_50' title="bbox 515 5236 2092 5322; baseline -0.006 -17"><span class='ocrx_word' id='word_1_592' title='bbox 515 5247 1054 5322; x_wconf 73' lang='grc' dir='ltr'><strong>λάκτουἘρμηνεία,</strong></span> <span class='ocrx_word' id='word_1_593' title='bbox 1090 5237 1540 5317; x_wconf 78' lang='lat' dir='ltr'><strong>Theophylacti</strong></span> <span class='ocrx_word' id='word_1_594' title='bbox 1569 5236 2092 5309; x_wconf 78' lang='lat' dir='ltr'><strong>Commentarius,</strong></span> 
     </span>
    </p>
   </div>
   <div class='ocr_carea' id='block_1_51' title="bbox 2155 5236 3761 5322">
    <p class='ocr_par' dir='ltr' id='par_1_51' title="bbox 2155 5236 3761 5316">
     <span class='ocr_line' id='line_1_51' title="bbox 2155 5236 3761 5316; baseline 0.002 -18"><span class='ocrx_word' id='word_1_595' title='bbox 2155 5236 2240 5298; x_wconf 75' lang='lat' dir='ltr'><strong>vel</strong></span> <span class='ocrx_word' id='word_1_596' title='bbox 2265 5236 2757 5316; x_wconf 75' lang='lat' dir='ltr'><strong>Interpretatio;</strong></span> <span class='ocrx_word' id='word_1_597' title='bbox 2784 5239 2896 5298; x_wconf 88' lang='lat' dir='ltr'><strong>sed</strong></span> <span class='ocrx_word' id='word_1_598' title='bbox 2933 5257 2948 5297; x_wconf 91' lang='lat'><strong>:</strong></span> <span class='ocrx_word' id='word_1_599' title='bbox 2988 5243 3291 5316; x_wconf 83' lang='grc' dir='ltr'><strong>Ἐρμηνεια</strong></span> <span class='ocrx_word' id='word_1_600' title='bbox 3313 5245 3423 5299; x_wconf 78' lang='grc' dir='ltr'><strong>ἀπὸ</strong></span> <span class='ocrx_word' id='word_1_601' title='bbox 3448 5245 3544 5315; x_wconf 83' lang='grc' dir='ltr'><strong>τῆς</strong></span> <span class='ocrx_word' id='word_1_602' title='bbox 3575 5246 3761 5316; x_wconf 83' lang='grc' dir='ltr'>φωνῆς</span> 
     </span>
    </p>
   </div>
   <div class='ocr_carea' id='block_1_52' title="bbox 521 5336 2127 5419">
    <p class='ocr_par' dir='ltr' id='par_1_52' title="bbox 521 5336 2127 5419">
     <span class='ocr_line' id='line_1_52' title="bbox 521 5336 2127 5419; baseline -0.002 -17"><span class='ocrx_word' id='word_1_603' title='bbox 521 5347 1006 5419; x_wconf 80' lang='grc' dir='ltr'><strong>Θεοφυ).ἀκτου.κ.</strong></span> <span class='ocrx_word' id='word_1_604' title='bbox 1028 5364 1080 5400; x_wconf 87' lang='grc' dir='ltr'><strong>τ.</strong></span> <span class='ocrx_word' id='word_1_605' title='bbox 1111 5346 1186 5411; x_wconf 82' lang='grc' dir='ltr'><strong>λ..</strong></span> <span class='ocrx_word' id='word_1_606' title='bbox 1221 5337 1726 5400; x_wconf 80' lang='lat' dir='ltr'><strong>Camm&#39;entarius</strong></span> <span class='ocrx_word' id='word_1_607' title='bbox 1760 5338 1855 5398; x_wconf 89' lang='lat' dir='ltr'><strong>vel</strong></span> <span class='ocrx_word' id='word_1_608' title='bbox 1891 5336 2127 5416; x_wconf 79' lang='lat' dir='ltr'><strong>Interpt</strong></span> 
     </span>
    </p>
   </div>
   <div class='ocr_carea' id='block_1_53' title="bbox 2155 5336 3761 5419">
    <p class='ocr_par' dir='ltr' id='par_1_53' title="bbox 2159 5336 3761 5416">
     <span class='ocr_line' id='line_1_53' title="bbox 2159 5336 3761 5416; baseline 0.001 -18"><span class='ocrx_word' id='word_1_609' title='bbox 2159 5338 2349 5400; x_wconf 76' lang='lat' dir='ltr'><strong>etalio</strong></span> <span class='ocrx_word' id='word_1_610' title='bbox 2378 5355 2461 5399; x_wconf 77' lang='lat' dir='ltr'><strong>ea:</strong></span> <span class='ocrx_word' id='word_1_611' title='bbox 2486 5355 2632 5399; x_wconf 77' lang='lat' dir='ltr'><strong>voce</strong></span> <span class='ocrx_word' id='word_1_612' title='bbox 2686 5336 3161 5416; x_wconf 76' lang='lat' dir='ltr'><strong>Theophylacti,</strong></span> <span class='ocrx_word' id='word_1_613' title='bbox 3211 5346 3334 5399; x_wconf 91' lang='lat' dir='ltr'><strong>etc.</strong></span> <span class='ocrx_word' id='word_1_614' title='bbox 3376 5338 3455 5397; x_wconf 82' lang='lat' dir='ltr'><strong>At</strong></span> <span class='ocrx_word' id='word_1_615' title='bbox 3489 5338 3647 5416; x_wconf 90' lang='lat' dir='ltr'><strong>quid</strong></span> <span class='ocrx_word' id='word_1_616' title='bbox 3683 5356 3761 5399; x_wconf 74' lang='lat' dir='ltr'><strong>ex</strong></span> 
     </span>
    </p>
   </div>
   <div class='ocr_carea' id='block_1_54' title="bbox 533 5433 3759 5516">
    <p class='ocr_par' dir='ltr' id='par_1_54' title="bbox 533 5433 3759 5516">
     <span class='ocr_line' id='line_1_54' title="bbox 533 5433 3759 5516; baseline 0.001 -19"><span class='ocrx_word' id='word_1_617' title='bbox 533 5433 905 5516; x_wconf 88' lang='lat' dir='ltr'><strong>hujusmodi</strong></span> <span class='ocrx_word' id='word_1_618' title='bbox 947 5434 1396 5515; x_wconf 89' lang='lat' dir='ltr'><strong>inscriptionis</strong></span> <span class='ocrx_word' id='word_1_619' title='bbox 1428 5433 1804 5498; x_wconf 89' lang='lat' dir='ltr'><strong>diversitate</strong></span> <span class='ocrx_word' id='word_1_620' title='bbox 1830 5434 2051 5515; x_wconf 86' lang='lat' dir='ltr'><strong>colligi</strong></span> <span class='ocrx_word' id='word_1_621' title='bbox 2081 5442 2299 5516; x_wconf 85' lang='lat' dir='ltr'><strong>queat,</strong></span> <span class='ocrx_word' id='word_1_622' title='bbox 2332 5435 2501 5498; x_wconf 90' lang='lat' dir='ltr'><strong>haud</strong></span> <span class='ocrx_word' id='word_1_623' title='bbox 2532 5434 2852 5514; x_wconf 89' lang='lat' dir='ltr'><strong>intelligo,</strong></span> <span class='ocrx_word' id='word_1_624' title='bbox 2887 5437 3040 5511; x_wconf 90' lang='lat' dir='ltr'><strong>nisi,</strong></span> <span class='ocrx_word' id='word_1_625' title='bbox 3081 5434 3179 5497; x_wconf 87' lang='lat' dir='ltr'><strong>vel</strong></span> <span class='ocrx_word' id='word_1_626' title='bbox 3208 5436 3378 5499; x_wconf 87' lang='lat' dir='ltr'><strong>hunc</strong></span> <span class='ocrx_word' id='word_1_627' title='bbox 3416 5436 3759 5500; x_wconf 82' lang='lat' dir='ltr'><strong>Commen-</strong></span> 
     </span>
    </p>
   </div>
   <div class='ocr_carea' id='block_1_55' title="bbox 522 5648 3760 5771">
    <p class='ocr_par' dir='ltr' id='par_1_55' title="bbox 522 5648 3760 5771">
     <span class='ocr_line' id='line_1_55' title="bbox 522 5648 3760 5771; baseline -0.001 -65"><span class='ocrx_word' id='word_1_628' title='bbox 522 5649 673 5771; x_wconf 56' lang='grc' dir='ltr'><strong>ηοω)</strong></span> <span class='ocrx_word' id='word_1_629' title='bbox 729 5651 1166 5709; x_wconf 76' lang='lat' dir='ltr'><strong>Commentarios</strong></span> <span class='ocrx_word' id='word_1_630' title='bbox 1253 5652 1643 5724; x_wconf 80' lang='lat' dir='ltr'><strong>&#39;l&#39;hcophyla’cti</strong></span> <span class='ocrx_word' id='word_1_631' title='bbox 1706 5654 1759 5709; x_wconf 91' lang='lat' dir='ltr'><strong>in</strong></span> <span class='ocrx_word' id='word_1_632' title='bbox 1814 5652 2087 5723; x_wconf 73' lang='lat' dir='ltr'><strong>Epistolas</strong></span> <span class='ocrx_word' id='word_1_633' title='bbox 2124 5649 2275 5709; x_wconf 80' lang='lat' dir='ltr'><strong>Pauli</strong></span> <span class='ocrx_word' id='word_1_634' title='bbox 2309 5654 2485 5723; x_wconf 80' lang='lat' dir='ltr'><strong>prium</strong></span> <span class='ocrx_word' id='word_1_635' title='bbox 2512 5653 2693 5709; x_wconf 79' lang='lat' dir='ltr'><strong>editus</strong></span> <span class='ocrx_word' id='word_1_636' title='bbox 2713 5661 2796 5709; x_wconf 81' lang='lat' dir='ltr'><strong>est</strong></span> <span class='ocrx_word' id='word_1_637' title='bbox 2828 5653 3120 5710; x_wconf 71' lang='lat' dir='ltr'><strong>al‘orsena</strong></span> <span class='ocrx_word' id='word_1_638' title='bbox 3148 5651 3255 5709; x_wconf 85' lang='lat' dir='ltr'><strong>sub</strong></span> <span class='ocrx_word' id='word_1_639' title='bbox 3315 5651 3535 5707; x_wconf 82' lang='lat' dir='ltr'><strong>nomine</strong></span> <span class='ocrx_word' id='word_1_640' title='bbox 3601 5648 3760 5702; x_wconf 69' lang='lat' dir='ltr'><strong>Atha-</strong></span> 
     </span>
     <span class='ocr_line' id='line_1_56' title="bbox 599 5734 1121 5771; baseline -0.002 0"><span class='ocrx_word' id='word_1_641' title='bbox 599 5734 684 5771; x_wconf 76' lang='grc' dir='ltr'><strong>δη.</strong></span> <span class='ocrx_word' id='word_1_642' title='bbox 1116 5765 1121 5770; x_wconf 87' lang='grc'>.</span> 
     </span>
    </p>
   </div>
   <div class='ocr_carea' id='block_1_56' title="bbox 599 5734 1121 5772">
    <p class='ocr_par' dir='ltr' id='par_1_56' title="bbox 599 5734 1121 5772">
     <span class='ocr_line' id='line_1_57' title="bbox 599 5734 1121 5772; baseline -0.002 -1"><span class='ocrx_word' id='word_1_643' title='bbox 599 5734 684 5772; x_wconf 65' lang='grc'><strong>811.</strong></span> <span class='ocrx_word' id='word_1_644' title='bbox 1116 5765 1121 5770; x_wconf 91' lang='grc'>.</span> 
     </span>
    </p>
   </div>
  </div>
