4068 6210
351 416 454 484 413
1163 425 1247 485 IN
1289 425 1726 498 SEQUENTIA
1759 427 2341 495 TIIEOPHYLACTI
2377 438 2715 500 SCRIPTA.
3487 445 3584 507 514

350 530 583 592 tarium
617 547 696 592 ex
728 546 839 592 ore
871 531 1080 607 ipsius
1114 528 1602 614 'l‘lieophylacti,
1638 540 1794 633 dum
1817 543 1965 603 Acta
1999 546 2434 621 apostolorum
2481 554 2716 629 pOputo
2748 570 2866 614 suo
2897 557 3283 633 explanaret,
3318 574 3348 618 θ
3381 559 3590 637 tachy-

351 631 597 708 grapho
627 632 1220 712 aliquoexceptum
1254 649 1430 711 esse;
1473 639 1576 700 vel
1603 657 1680 700 ex
1711 626 1838 704 alio
1864 643 2106 709 fusiore
2140 649 2429 727 ejusdem
2470 626 2937 718 Commentario
2963 626 3432 736 depromptum.
3467 626 3586 720 5.3a

355 742 663 794 neutrum
705 750 780 794 ex
829 732 931 793 his
969 735 1345 813 contigisse,
1389 753 1754 817 quanquam
1815 742 2194 806 alterutrum
2250 747 2323 806 ad
2365 766 2512 808 eum
2553 732 3586 834 Theophylactovadjudicandum

345 829 693 903 sufficeret,
742 841 1133 909 argumento
1161 842 1258 895 est
1308 835 1540 898 similis
1588 840 1922 916 inscriptio
1978 845 2239 921 praeﬁxa
2322 849 2635 911 Procemio
2682 829 3129 915 commentarii
3179 855 3468 934 ejusdem
3521 858 3586 918 in

349 937 634 1005 quatuor
664 931 1040 1007 Evangelia,
1073 934 1247 1011 quod
1282 944 1485 997 exstat
1521 938 1582 998 in
1619 939 2006 1005 bibliotheca
2041 944 2851 1013 Cmsareo-Vindobonensi
2880 954 3097 1016 codice
3125 931 3266 1027 27i,
3298 975 3440 1035 qua:
3473 958 3589 1022 hoc

349 1033 544 1091 modo
599 1049 667 1093 se
736 1031 926 1094 habet
989 1051 1004 1094 ἒ
1077 1045 1379 1114 Ἐρμηνεία
1436 1048 1545 1100 τῶν
1603 1053 1883 1122 τεσσάρων
1920 1047 2268 1121 Εὑαγγελιῶν
2328 1059 2436 1110 ἀπὸ
2498 1064 2681 1131 φωνῆς
2726 1063 3104 1130 Θεοφυλάκτου
3158 1031 3589 1139 ἀρχιεέισκόπου

343 1138 708 1207 Βουλγαρίας,
744 1130 1196 1210 Ιπιενρνεταιίο
1219 1147 1492 1212 quatuor
1511 1138 1949 1217 Evangeliorut

1981 1162 2096 1204 tea:
2122 1160 2266 1206 voce
2293 1149 2740 1229 Theophylacti
2755 1130 3216 1236 archiepiscopi
3229 1130 3547 1240 bulgaria’
3570 1183 3587 1221 :

345 1239 411 1290 et
443 1239 652 1290 tamen
687 1231 861 1308 quod
902 1231 1144 1294 ibidem
1180 1236 1480 1310 sequitur
1508 1238 1888 1300 Prooemium
1917 1243 1984 1302 in
2013 1255 2286 1321 quatuor
2313 1247 2659 1328 Etangelia
2691 1262 2786 1315 est
2817 1231 2984 1318 illud
3008 1231 3174 1319 idem
3196 1231 3379 1338 quod
3407 1262 3586 1322 codi-

344 1346 456 1390 ces
494 1329 535 1387 ii
590 1327 962 1405 prmferunt,
999 1332 1112 1409 qui
1146 1343 1457 1397 consueta
1490 1349 1924 1416 prwnotantur

1985 1343 2321 1423 pigraphe,
2358 1350 2662 1412 nimirum
2701 1362 3121 1431 τΘεοφυλάκτου
3162 1366 3456 1435 Ἐρμηνεία
3511 1371 3591 1429 εἰς

340 1439 592 1510 τέσσαρα
616 1439 941 1507 Eua-{7512a,
984 1426 1436 1513 Thcophylt’tcti
1467 1439 1920 1518 Interpretatio

1987 1462 2012 1501 rt
2045 1456 2319 1523 quatuor
2347 1447 2727 1528 Evangelia;
2763 1456 3055 1532 quamvis
3094 1456 3232 1534 ipse
3258 1443 3593 1521 Commen¥

343 1531 550 1592 larius
583 1532 644 1592 in
672 1532 862 1594 citato
894 1535 1146 1609 codice,
1187 1540 1404 1600 nescio
1438 1557 1574 1620 qua
1616 1548 1693 1604 de
1727 1557 1939 1619 causa,
1986 1560 2113 1607 non
2151 1560 2396 1612 exstet:
2437 1560 2530 1614 est
2561 1554 2802 1634 quippe
2850 1559 3230 1620 Prooemium
3271 1563 3348 1621 ab
3382 1561 3590 1638 ipsius

343 1631 803 1693 Commentarii
835 1651 1100 1713 corpore
1131 1637 1452 1699 avulsum.
1488 1642 1781 1702 Fortasse
1817 1644 1920 1717 iis,
1960 1647 2068 1725 qui
2107 1649 2188 1707 ita
2242 1649 2651 1729 inscripsere,
2689 1631 2862 1732 gemui},
2894 1674 3043 1728 υοτε,
3081 1659 3348 1734 perinde
3389 1669 3481 1718 est
3522 1678 3593 1722 ac

340 1729 742 1808 Ea‘positio;
791 1749 921 1812 quo
955 1735 1145 1795 etiam
1179 1735 1242 1797 in
1283 1754 1477 1800 sensu
1506 1748 1746 1816 γλῶσσα,
1782 1743 2001 1822 lingua
2047 1746 2366 1808 interdum
2423 1729 2798 1827 usurpatur.
2828 1729 2973 1814 Haec
3011 1754 3342 1834 aliquanto
3381 1759 3592 1821 fusius

339 1838 722 1906 persecutus
751 1849 919 1904 sum,
963 1852 1087 1898 non
1126 1843 1190 1898 ul
1228 1837 1396 1898 hunc
1425 1839 1968 1903 Commentarium
2002 1854 2176 1907 certo
2217 1847 2533 1910 vindicem
2579 1851 3080 1931 Theolihylacto,
3115 1857 3286 1934 quod
3315 1875 3430 1919 nec
3458 1860 3586 1920 ﬁeri

344 1943 544 2006 posse
575 1945 921 2008 cognosco,
954 1951 1097 1996 cum
1131 1936 1302 1998 alius
1332 1939 1529 1999 codex
1562 1955 1770 2018 aeque,
1800 1942 1901 2002 sin
1942 1944 2166 2021 magis,
2203 1955 2493 2009 vetustus
2537 1947 2731 2011 alium
2766 1951 3222 2032 diversumque
3251 1957 3591 2020 Commen-

341 2030 579 2092 tarium
617 2033 684 2093 in
719 2034 941 2096 eadem
980 2039 1417 2115 apostolorum
1457 2041 1604 2103 Acta
1650 2043 2135 2124 TheOphylacto
2181 2048 2420 2110 diserte
2455 2049 2717 2126 tribuat,
2768 2053 2820 2113 is
2877 2030 3133 2131 nempe,
3164 2056 3268 2134 qui
3306 2074 3335 2116 a
3379 2057 3593 2120 Silano

341 2136 442 2191 est
477 2131 732 2206 editus;
798 2135 909 2197 sed
938 2144 1008 2198 ut
1036 2154 1259 2200 eorum
1295 2143 1678 2202 sententiam
1717 2144 1980 2205 minime
2023 2145 2505 2223 improhandam
2539 2151 2974 2224 ostenderem,
3011 2154 3118 2232 qui
3163 2172 3308 2214 eum
3361 2155 3422 2216 in
3461 2165 3590 2216 ter-

344 2233 444 2294 tio
475 2231 667 2312 hujus
701 2234 1010 2300 editionis
1047 2239 1380 2302 volumine
1405 2240 1613 2303 locum
1651 2243 1885 2306 habere
1919 2245 2290 2320 voluerunt,
2330 2249 2574 2310 tametsi
2602 2251 2870 2312 maxima
2906 2270 2982 2314 ex
3011 2262 3181 2330 parte
3210 2255 3591 2333 jampridem

342 2335 470 2396 sub
519 2336 901 2398 UEcumenii
947 2340 1208 2401 nomine
1265 2342 1637 2420 prod‘iisset.
1691 2345 1810 2404 Sed
1859 2352 1920 2406 et
1960 2362 2035 2407 eo
2073 2347 2274 2424 magis
2323 2348 2481 2408 mihi
2522 2345 2654 2411 bene
2693 2351 3070 2413 disserenda
3127 2354 3366 2431 putavi,
3417 2359 3588 2430 quod

341 2437 755 2498 OEcumenio
787 2438 980 2501 etiam
1010 2440 1525 2504 Commentarios
1575 2443 1930 2522 insequens
1968 2446 2301 2523 eripiatur.
2329 2447 2642 2526 Quojure
2690 2449 2879 2525 paulo
2915 2460 3061 2529 post
3115 2453 3590 2525 demonstratio,

342 2535 455 2595 ubi
499 2535 774 2613 primum
807 2538 1144 2604 absolvero
1175 2559 1246 2603 ea
1279 2561 1422 2621 quae
1453 2545 1531 2606 de
1566 2546 1761 2606 hocce
1796 2547 2270 2610 Commentario
2307 2549 2464 2609 mihi
2496 2549 2704 2611 adhuc
2734 2551 3002 2612 dicenda
3044 2561 3422 2632 supersunt.

423 2633 565 2702 VII.
604 2640 723 2702 Ubi
756 2642 1304 2708 Commentarium
1349 2645 1518 2709 hunc
1553 2664 1696 2708 cum
1733 2649 2249 2725 OEcumeniano,
2283 2652 2368 2714 ita
2392 2664 2540 2714 eum
2570 2653 2846 2728 appello,
2887 2653 2999 2733 qui
3032 2653 3175 2733 ejus
3205 2655 3464 2715 nomine
3491 2654 3593 2714 in-

339 2739 624 2818 scriptus
650 2743 910 2819 prodiit,
942 2747 1131 2808 modo
1156 2764 1353 2826 supra
1393 2747 1565 2810 dicto
1594 2765 1950 2828 congruere
2006 2753 2454 2826 animadverti,
2489 2753 2746 2831 quoties
2779 2768 2993 2816 meum
3057 2755 3383 2832 exemplar
3427 2770 3600 2814 mene

339 2841 580 2902 dosum
627 2851 735 2906 aut
767 2845 1063 2910 mutilum
1120 2867 1285 2925 esse,
1317 2852 1489 2930 quod
1552 2852 1926 2930 frequenter
1961 2856 2252 2933 conligit,
2333 2855 2731 2932 suspicabar,
2780 2858 2991 2935 ipsum
3023 2858 3278 2931 adii,ut
3329 2857 3596 2918 detectis

341 2940 726 3004 medicinam
786 2946 1164 3009 vulneribus
1208 2949 1597 3025 reperirem;
1644 2953 1820 3030 quod
1877 2951 2260 3031 plerumque
2291 2952 2572 3017 feliciter
2627 2955 3052 3018 succedebat:
3091 2955 3413 3036 siquidem
3486 2957 3597 3016 ille

342 3055 422 3100 ex
465 3041 772 3104 nitidiore
837 3047 1170 3126 magisque
1231 3046 1483 3126 integro
1538 3049 1758 3111 codice
1793 3049 2174 3125 desumptus
2217 3066 2360 3112 esse
2417 3049 2698 3114 videtur.
2739 3053 3068 3113 Interdum
3116 3061 3323 3113 tamen
3377 3059 3598 3112 textus

345 3147 620 3220 uterque
652 3154 991 3224 corruptus
1014 3147 1170 3210 mihi
1209 3150 1386 3212 visus
1419 3159 1536 3226 est,
1569 3154 1740 3232 quod
1779 3160 2006 3215 neuter
2037 3168 2393 3231 congruum
2428 3169 2690 3215 sensum
2717 3153 2873 3214 mihi
2897 3152 3216 3216 funderet.
3255 3156 3414 3215 Tum
3451 3171 3607 3214 vero

345 3243 446 3304 vei
484 3245 561 3305 ad
594 3245 991 3311 Sifanianum
1049 3240 1617 3327 Commentarium,
1653 3253 1748 3316 vel
1813 3256 1891 3316 ad
1932 3252 2370 3334 apographum
2417 3255 2895 3329 Florentinum,
2937 3255 3032 3315 vel
3091 3254 3166 3316 ad
3210 3256 3603 3333 praecipuum

344 3349 636 3427 omnium
671 3347 913 3412 fontem
951 3352 1498 3432 Ch'rysostomum,
1535 3363 1595 3418 et
1625 3358 2014 3437 quandoque
2045 3357 2121 3420 ad
2177 3371 2403 3417 omnes
2428 3355 2576 3417 illos
2613 3354 3086 3435 confugiebam.
3121 3356 3441 3418 Nonnulla
3481 3356 3603 3416 hu-

345 3443 448 3516 ius
484 3447 576 3509 rei
627 3451 1009 3528 exemplain
1043 3452 1353 3519 inferiore
1402 3458 1686 3536 margine
1741 3458 2112 3538 paginarum
2156 3459 2456 3519 adnotata
2495 3456 2693 3519 lector
2750 3457 3094 3520 observare
3133 3457 3387 3534 poterit.
3448 3458 3604 3519 Cum

346 3567 500 3615 vero
536 3560 702 3615 recte
733 3572 804 3616 se
829 3553 1096 3619 habebat
1125 3575 1386 3632 sensus,
1417 3561 1536 3623 etsi
1570 3562 1851 3624 viderem
1873 3563 2424 3640 Chrysostomum,
2457 3566 2566 3621 aut
2598 3559 2882 3638 aliquem
2919 3577 2994 3622 ex
3031 3563 3396 3622 memoratis
3429 3563 3618 3621 Cum:

349 3658 682 3720 mentariis
719 3660 815 3722 vel
846 3661 1082 3734 verbis,
1131 3661 1231 3724 vel
1264 3663 1490 3726 ordine
1532 3665 1924 3743 discrepare,
1959 3664 2120 3728 nihil
2151 3665 2219 3726 in
2256 3663 2608 3742 exemplari
2650 3677 2794 3730 meo
2828 3662 3298 3724 immutandum
3329 3665 3550 3726 censui
3590 3685 3604 3723 :

348 3773 476 3824 non
522 3762 694 3823 enim
743 3763 906 3825 alios
943 3781 1372 3845 quoscunque
1431 3767 1978 3838 Commentarios,
2034 3763 2451 3846 quantumvis
2516 3763 2843 3824 interdum
2895 3763 2992 3823 vel
3035 3763 3244 3840 COpia,
3309 3763 3404 3826 vel
3449 3782 3602 3826 con-

349 3862 658 3926 cinnitate
692 3863 1146 3941 praferendos,
1176 3867 1288 3928 sed
1334 3866 1505 3928 hunc
1537 3867 1842 3930 duntaxat
1881 3869 2262 3930 Vaticanum
2289 3864 2480 3926 edere
2534 3861 2690 3922 mihi
2724 3863 3148 3924 constitutum
3185 3871 3357 3925 erat:
3385 3881 3607 3941 quam-

351 3962 572 4024 obrem
636 3964 714 4025 de
774 3964 887 4027 illo
928 3966 1369 4029 tantummodo
1405 3967 1790 4044 corrigendo
1822 3975 1883 4028 et
1923 3984 1957 4028 a
2019 3966 2435 4028 librariorum
2483 3962 2748 4042 injuriis
2782 3962 3170 4024 vindicando
3225 3963 3380 4022 mihi
3433 3965 3606 4023 labo-

351 4069 625 4131 randum
660 4070 1050 4134 existimavi.
1082 4072 1250 4134 Hinc
1279 4072 1470 4135 etiam
1504 4073 1586 4133 ita
1626 4073 1812 4134 illum
1850 4072 2304 4135 excudendum
2350 4069 2597 4142 curavi,
2630 4077 2699 4130 ut
2729 4083 2860 4146 quo
2899 4066 3166 4143 propius
3201 4067 3332 4127 ﬁeri
3369 4076 3607 4144 posset,

353 4170 732 4233 Vaticanum
769 4173 980 4252 ipsum
1015 4175 1302 4237 codicem
1335 4181 1845 4252 reprmsentaret.
1894 4176 2096 4249 Quam
2130 4175 2212 4235 ob
2239 4187 2522 4246 causam,
2555 4188 2702 4238 cum
2735 4169 3144 4232 inVaticano
3167 4167 3390 4228 codice
3421 4184 3612 4227 sacrm

348 4271 695 4349 Scriptura)
735 4281 946 4337 textus
977 4274 1042 4336 in
1071 4275 1298 4348 varias,
1347 4293 1495 4356 quas
1523 4293 1554 4338 ει
1593 4275 1830 4338 Grmcis
1860 4275 1924 4337 in
1953 4292 2125 4337 sacra
2161 4274 2445 4353 liturgia,
2489 4272 2776 4335 Paschali
2811 4277 3120 4379 tempore,
3167 4269 3608 4379 perleguntur,

357 4376 666 4438 lectiones
696 4377 1074 4456 dispertitos
1101 4377 1307 4456 primo
1347 4379 1750 4446 exhibeatur.
1786 4384 1847 4440 et
1890 4393 2019 4456 quo
2053 4393 2325 4488 quisque
2361 4375 2484 4488 die.
2515 4375 2594 4437 ab
2630 4373 2876 4488 eisdem
2903 4369 3227 4488 recitand‘a
3262 4369 3378 4488 sit,
3421 4369 3613 4488 adan

354 4484 525 4537 tetur
557 4498 573 4548 ;
605 4494 678 4539 ac
710 4485 1008 4554 prieterea
1039 4477 1290 4556 integer
1322 4480 1596 4541 Actuum
1631 4478 2066 4558 apostolorum
2099 4477 2259 4538 liber
2306 4492 2432 4539 non
2465 4469 2533 4539 in
2577 4484 2720 4538 octo
2753 4490 2947 4553 supra
2999 4469 3276 4580 viginti,_
3316 4476 3386 4529 ut
3442 4469 3610 4580 apud

356 4593 474 4640 nos
508 4580 896 4658 Graecosque
953 4580 1406 4653 communiter,
1450 4582 1566 4643 sed
1609 4581 1674 4642 in
1719 4580 2138 4660 quadraginta
2173 4581 2380 4659 capita
2434 4580 2803 4651 dividatur;
2854 4577 2974 4640 hoc
3008 4581 3211 4637 totum
3259 4573 3398 4648 ipse
3463 4573 3614 4630 reti-

355 4681 642 4743 nendum
677 4679 918 4759 putavi.
959 4681 1249 4743 Attamen
1282 4687 1352 4744 ut
1379 4680 1822 4744 studiosorum
1855 4683 2193 4744 commodo
2238 4687 2299 4742 et
2331 4680 2597 4743 utilitati
2626 4676 3062 4751 consulerem,
3099 4691 3244 4738 cum
3391 4669 3616 4786 latera-

359 4786 483 4846 lem
517 4785 896 4864 marginem,
935 4792 1067 4847 tum
1097 4786 1162 4846 in
1193 4783 1404 4847 fronte
1455 4783 1832 4863 paginarum
1889 4784 2264 4846 eorumdem
2297 4784 2579 4863 capitum
2610 4795 2951 4846 numerum
2976 4778 3164 4857 ,ἱυιίδ
3200 4774 3390 4887 ηφδίε
3439 4771 3616 4887 δ”ξίῗ’

355 4886 586 4965 eisque
616 4895 982 4949 consuetam
1021 4885 1429 4964 partitionem
1456 4883 1748 4964 adjunxi.
1781 4882 1948 4955 Quia
1981 4901 2132 4946 vero
2161 4884 2476 4963 prmdictaa
2505 4882 2814 4988 lectiones
2847 4895 2973 4988 non
3012 4893 3177 4988 .sese
3210 4877 3352 4936 sine
3406 4871 3621 4962 medio

356 4963 718 5066 excipiunt,
749 4985 863 5047 sed
893 4963 1084 5046 modo
1122 4984 1327 5063 plura,
1366 4963 1554 5047 modo
1595 4984 1916 5063 pauciora,
1963 5001 2106 5063 quin
2147 4985 2212 5046 in
2270 5001 2448 5046 sacra
2480 4981 2743 5060 liturgia
2783 4976 3463 5084 perlegiuequaquam
3499 4987 3618 5084 ,δίδ-

358 5092 517 5164 Ient,
556 5091 892 5168 interjecta
921 5088 1278 5151 identidem
1311 5094 1488 5163 sunt,
1535 5087 1684 5150 ideo
1712 5087 1828 5167 qui
1866 5087 2246 5150 Vaticanum
2275 5088 2564 5150 codicem
2610 5083 2922 5154 exaravit,
2975 5081 3048 5142 ad
3084 5075 3454 5187 earumdem
3493 5075 3608 5187 i‘n'r

358 5199 523 5258 tium
551 5195 1034 5273 terminumque
1062 5191 1514 5265 indicandum,
1541 5194 1606 5253 in
1663 5190 1974 5270 margine,
2011 5191 2110 5253 vel
2136 5191 2327 5253 etiam
2384 5192 2551 5252 intra
2585 5187 2834 5267 paginas
2862 5199 3098 5296 corpus.
3139 5177 3442 5296 δρβρδυίί
3502 5172 3616 5296 Ρξδ

359 5318 552 5364 voces
587 5321 602 5361 :
644 5297 813 5372 ἀρχὴ,
840 5273 1116 5372 initium,
1149 5297 1322 5371 τέλος,
1356 5297 1524 5376 ﬁnis.
1570 5298 1645 5356 Et
1673 5295 1825 5375 quia
1853 5311 2077 5359 omnes
2108 5297 2250 5358 ista)
2299 5296 2637 5368 lectiones,
2669 5287 3214 5400 quemadmodum
3376 5284 3616 5346 nostra,

359 5406 450 5476 ita
489 5404 557 5464 in
586 5404 956 5465 Graacorum
982 5401 1246 5480 liturgia
1279 5401 1606 5480 incipiunt
1666 5401 1767 5462 his
1801 5401 1958 5464 verb

2012 5421 2018 5459 ί
2062 5423 2076 5462 =
2128 5406 2217 5460 Ἐν
2245 5405 2482 5466 ἐκείναις
2518 5401 2778 5472 ἡμέραις,
2851 5396 2929 5456 In
2963 5392 3177 5455 diebus
3237 5387 3410 5452 illis;
3452 5398 3618 5460 saepe

362 5508 552 5569 etiam
578 5505 796 5584 aliqua
828 5503 1015 5566 verba
1043 5505 1121 5566 ad
1146 5503 1479 5566 clariorem
1536 5520 1769 5566 sensus
1807 5503 2286 5567 inchoationem
2329 5499 2655 5561 adduntur
2707 5497 3241 5602 velrepeluntur:
3290 5489 3422 5602 huic
3451 5502 3620 5602 quo-

361 5627 490 5691 que
522 5607 826 5670 librarius
875 5625 910 5670 e
962 5608 1227 5686 regione
1270 5608 1568 5687 ascripsit
1626 5609 1690 5670 in
1734 5608 2044 5687 margine.
2092 5609 2331 5668 Verum
2382 5621 2528 5664 cum
2579 5601 2709 5661 haec
2743 5600 2956 5659 minus
3000 5591 3356 5709 necessaria
3389 5590 3621 5709 forent,

362 5717 494 5776 imo
525 5713 809 5792 aliquam
837 5728 1056 5789 parere
1088 5711 1533 5774 confusionem
1597 5712 1944 5774 lectoribus
1985 5717 2267 5790 possent,
2296 5725 2373 5769 ex
2401 5706 2526 5769 alia
2560 5710 2915 5816 vero-parte
2961 5715 3088 5762 non
3112 5705 3268 5760 satis
3299 5705 3622 5816 accurato

360 5820 660 5880 adnotata
718 5816 1130 5894 reperissem,
1185 5816 1383 5880 satius
1425 5819 1579 5881 d-uxi
1621 5837 1692 5881 ea
1751 5835 2008 5894 prorsus
2047 5814 2387 5879 omittere:
2455 5807 2828 5888 praeserlim,
2864 5823 3008 5870 cum
3041 5823 3119 5869 ex
3182 5804 3622 5868 θοο¹θδί³⁵ίιίτο
