4068 6210
514 373 625 438 415
1563 375 1949 438 BONlF-ACII
2002 380 2120 440 FIN

2169 380 2307 440 lTTl
2346 381 2739 442 ΡΒᾹΞΕΑΤΙΟ
3671 385 3775 448 416

514 485 876 546 Graecorum
918 479 1108 554 libro,
1140 482 1253 559 qui
1286 482 1628 562 Apostolus
1665 487 1857 565 vulgo
1893 488 2154 565 dicitur,
2188 493 2472 571 quisque
2513 491 2704 554 facile
2749 493 2987 555 rescire
3018 493 3244 570 possit,
3276 493 3435 572 quid
3470 511 3504 556 a
3541 499 3777 558 Grmcis

515 603 591 647 ex
625 585 886 645 Actibus
909 583 1278 660 apostolicis
1312 586 1552 665 perlegi
1589 587 1657 649 in
1688 605 1864 652 sacra
1887 589 2150 671 liturgia
2184 592 2411 661 soleat.
2443 611 2518 675 ac
2542 611 2673 673 quo
2698 595 2902 672 capite
2933 609 3138 671 quove
3169 593 3395 672 capitis
3430 613 3616 657 versu
3644 598 3781 658 sin-

511 689 680 770 gulze
717 687 842 748 illae
877 686 1182 750 lectiones
1216 694 1325 751 aut
1353 689 1660 768 incipiant
1689 700 1800 756 aut
1830 693 2148 758 desinant.
2184 696 2304 758 Sed
2339 695 2443 758 hic
2461 705 2804 775 antequam
2843 696 3007 759 ultra
3039 697 3448 778 progredior,
3482 698 3776 760 animad-

514 795 762 849 vertere
812 794 1062 866 praastat
1106 806 1246 869 pag.
1296 791 1416 852 216
1448 793 1750 854 mendum
1785 792 2129 874 irrepsisse
2185 797 2253 858 in
2285 797 2681 875 designanda
2737 796 3094 868 Dominica,
3127 797 3204 858 ad
3255 813 3446 878 quam
3499 798 3778 874 pertinet

518 883 729 956 lectio,
764 901 908 961 quae
935 883 1019 945 ibi
1059 887 1400 966 sequitur:
1439 906 1584 952 nam
1626 909 1742 970 pro
1782 890 2114 955 Dominica
2153 895 2425 956 secunda
2453 905 2598 974 post
2635 894 2901 968 Pascha,
2939 894 3283 974 legendum
3308 902 3428 967 est,
3454 897 3782 957 Dominica

514 981 784 1042 secunda
815 983 1069 1046 Pascha
1099 985 1210 1066 (α).
1244 987 1588 1064 Caeterum,
1618 990 1850 1068 posito,
1892 999 1962 1054 ut
1995 991 2307 1067 diximus,
2351 993 2694 1072 Scriptura)
2734 1003 2944 1066 textu,
2968 993 3272 1072 sequitur
3307 991 3374 1053 iu
3400 993 3620 1059 codice
3657 1009 3781 1054 no-

516 1095 646 1146 stro
677 1088 1214 1163 Commentarius,
1245 1090 1435 1169 isque
1471 1094 1567 1156 vel
1609 1098 1878 1157 omnino
1906 1095 2112 1170 solus,
2147 1097 2265 1160 hoc
2289 1105 2407 1170 est,
2474 1115 2740 1176 prorsus
2787 1097 3052 1160 omissis
3093 1105 3306 1158 textus
3365 1095 3610 1167 verbis,
3679 1095 3776 1157 vel

519 1181 599 1242 iis
633 1187 1073 1248 tantummodo
1104 1190 1532 1268 compellatis,
1563 1207 1712 1272 qum
1738 1196 2234 1273 respondentem
2275 1197 2576 1258 inchoant
2619 1213 2901 1258 .versum.
2941 1197 3078 1257 Hoc
3121 1211 3267 1256 cum
3300 1194 3774 1256 incommodum

519 1281 743 1342 lectori
774 1282 1065 1346 futurum
1105 1289 1710 1370 animadverteram,
1735 1297 1908 1374 quod
1938 1290 2087 1356 hinc
2113 1297 2568 1359 Commentarii
2598 1314 2832 1360 sensus
2866 1296 3214 1369 obscurior
3253 1294 3577 1356 interdum
3623 1295 3774 1356 red-

520 1388 800 1460 deretur,
838 1405 958 1468 ego
983 1391 1082 1453 sin
1123 1408 1401 1471 semper,
1437 1393 1810 1474 frequenter
1839 1406 2074 1471 tamen,
2109 1399 2343 1461 intacto
2413 1401 2674 1480 quidem
2727 1402 2942 1463 Grieco
2987 1408 3188 1468 textu,
3223 1400 3284 1460 in
3323 1398 3618 1460 versione
3667 1400 3780 1459 La-

522 1484 653 1547 tina
685 1489 1009 1564 paucailla
1033 1489 1382 1569 Scriptores
1411 1493 1599 1554 verba
1646 1495 1894 1569 addidi,
1942 1513 2090 1574 quas
2149 1499 2223 1559 ad
2250 1497 2604 1560 faciliorem
2645 1498 3098 1560 Commentarii
3133 1496 3622 1572 intelligentiam
3658 1513 3771 1554 ne-

521 1591 798 1651 cessaria
828 1591 1234 1654 videbantur.
1272 1596 1749 1675 Nonnunquam
1792 1597 1985 1660 etiam
2017 1615 2208 1660 unam
2238 1599 2332 1660 vel
2369 1599 2631 1661 alteram
2668 1600 3068 1679 particulam,
3107 1598 3204 1660 vel
3245 1597 3559 1668 voculam,
3586 1612 3775 1674 quam

529 1701 739 1755 textus
771 1695 1027 1756 Graecus
1068 1711 1195 1756 non
1242 1696 1524 1768 haberet.
1577 1699 1853 1775 inserui,
1909 1717 2041 1780 quo
2083 1702 2478 1762 commodior
2513 1703 2592 1764 de
2638 1718 2764 1764 una
2801 1701 2878 1763 ad
2904 1701 3165 1764 alteram
3213 1698 3783 1761 commentationis

526 1804 768 1877 partem
808 1797 1109 1872 transitus
1139 1801 1336 1861 ﬁeret.
1376 1804 1447 1862 Et
1491 1802 1625 1864 haec
1653 1805 1921 1883 quidem
1951 1804 2029 1866 de
2065 1804 2258 1866 hocce
2333 1806 2836 1872 Commentario.
2900 1821 3174 1882 meoque
3213 1803 3279 1862 in
3328 1801 3514 1862 illum
3541 1799 3779 1861 labore.

605 1903 777 1964 VIII.
817 1905 1140 1982 Perpauca
1169 1922 1340 1967 nunc
1392 1907 1468 1968 de
1522 1907 1832 1970 Vaticano
1858 1909 2105 1978 codice,
2139 1908 2206 1967 in
2245 1924 2375 1985 quo
2443 1909 2549 1968 ille
2595 1908 2987 1978 continetur,
3016 1905 3286 1968 dicenda
3341 1909 3618 1964 manent.
3669 1900 3782 1958 Co-

529 2001 653 2063 dex
689 2002 823 2078 ille,
881 2013 948 2066 ut
978 2006 1170 2083 tipse,
1214 2007 1324 2087 qui
1357 2005 1902 2069 Commentarium
1951 2009 2316 2086 descripsit,
2354 2009 2690 2070 certiorem
2725 2027 2824 2070 me
2854 2009 3026 2080 fecit,
3061 2008 3229 2068 inter
3289 2004 3625 2064 \"aticanOS
3682 2003 3778 2056 est

530 2105 757 2168 ordine
796 2110 1310 2172 sexcentesimus
1343 2111 1930 2190 quinquagesimus
1967 2112 2322 2182 secundus,
2361 2111 2427 2173 in
2451 2111 2609 2174 folio
2642 2115 2916 2186 minore,
2963 2109 3322 2173 initialibus
3359 2105 3588 2167 litteris
3619 2098 3782 2178 Optio

529 2224 632 2268 me
672 2206 955 2285 ﬁguratis
993 2214 1054 2267 et
1097 2207 1282 2284 pictis
1316 2215 1603 2270 ornatus.
1655 2213 1811 2270 Nota
1870 2210 2198 2287 temporis,
2232 2229 2362 2289 quo
2401 2212 2679 2290 scriptus
2702 2211 2845 2283 fuit,
2873 2222 3088 2280 caret;
3120 2209 3229 2269 sed
3261 2207 3514 2269 decimo
3560 2209 3780 2281 quarto

529 2308 782 2369 circiter
844 2307 1080 2370 saeculo
1119 2316 1412 2370 exaratus
1461 2326 1541 2370 ex
1603 2309 1984 2370 characteris
2043 2309 2288 2372 ratione
2339 2310 2705 2387 conjicitur.
2755 2313 2988 2371 Praeter
3041 2308 3202 2379 alia,‘
3227 2305 3512 2369 continet
3578 2300 3785 2379 primo

529 2411 1098 2483 Commentarium,
1143 2428 1337 2490 quem
1364 2411 1647 2482 edimus,
1673 2412 1738 2473 in
1779 2416 1925 2475 Acta
1953 2413 2392 2492 apostolorum
2430 2436 2442 2474 :
2479 2414 2585 2476 cui
2617 2413 3021 2492 prasinittitur
3054 2411 3252 2472 Index
3289 2409 3566 2484 capitum
3600 2403 3788 2464 istius

533 2511 703 2586 libri,
729 2513 1002 2593 ejusque
1037 2515 1530 2592 Argumentum,
1564 2515 1928 2594 cujusmodi
1981 2525 2254 2592 exstant,
2312 2517 2422 2580 ille
2456 2516 2722 2595 quidem
2772 2522 2920 2576 ante
2991 2511 3415 2580 Sil‘anianum,
3479 2507 3598 2566 hoc
3643 2512 3788 2566 ante

532 2612 1092 2674 OEcumenianum
1130 2613 1698 2676 Commentarium.
1757 2615 2032 2676 Exhibet
2067 2625 2369 2693 praeterea
2401 2615 2950 2692 Peregrinationes
2987 2611 3198 2680 Pauli,
3240 2615 3429 2685 prout
3461 2607 3522 2667 in
3556 2605 3792 2666 Millia-

534 2727 612 2774 na
643 2711 799 2774 Novi
850 2713 1238 2773 Testamenti
1275 2713 1586 2784 editione,
1623 2720 1686 2776 et
1711 2715 1880 2789 apud
1915 2716 2390 2778 OEcumenium
2437 2713 2791 2783 habentur;
2857 2710 2976 2771 hoc
3025 2717 3118 2771 est
3154 2710 3343 2785 paulo
3373 2706 3557 2766 aliter
3610 2720 3681 2764 ac
3721 2701 3787 2762 in

534 2813 727 2876 Silani
770 2812 1424 2892 editioneJeguntur,
1469 2821 1531 2876 et
1578 2831 1611 2877 a
1651 2815 1836 2877 nobis
1883 2815 1984 2877 hic
2023 2825 2165 2891 post
2222 2815 2425 2893 ipsius
2467 2813 2664 2876 Silani
2718 2812 3038 2890 Epistolas
3095 2818 3156 2871 et
3202 2805 3592 2888 bypotbesiu
3639 2803 3790 2864 libri

536 2909 810 2975 Actuum
843 2909 1258 2990 proferuntur
1288 2909 1393 2992 (b).

1933 3058 2217 3123 SECTIO
2251 3060 2362 3122 ιιι.

1444 3199 1529 3266 De
1561 3200 2018 3267 Commentario
2051 3205 2119 3266 in
2157 3205 2478 3284 Epistolas
2506 3204 2886 3268 Catholicus.

617 3350 731 3416 IX.
770 3351 1329 3432 Diu-multumque
1359 3353 1437 3414 ab
1485 3354 1680 3434 hujus
1724 3353 2029 3415 editionis
2065 3354 2468 3416 curatoribus
2517 3353 2868 3414 laboratum
2919 3356 3045 3422 est,
3081 3347 3460 3425 priusquam
3486 3344 3569 3402 de
3601 3339 3796 3419 hocce

539 3455 1009 3527 Commentario
1041 3455 1391 3517 emittenda
1425 3457 1492 3518 in
1533 3459 1738 3520 lucem
1785 3459 2231 3533 decernerent,
2285 3466 2397 3522 aut
2426 3460 2772 3520 decernere
2805 3474 2874 3518 se
2911 3455 3061 3534 jure
3096 3469 3282 3532 posse
3307 3452 3790 3513 arbitrarentur.

542 3556 817 3618 Polliciti
875 3558 1140 3636 quidem
1189 3558 1285 3620 illi
1352 3568 1555 3636 erant,
1599 3578 1743 3623 sese
1790 3563 1956 3623 inter
1985 3571 2210 3625 caetera
2270 3562 2463 3626 etiam
2513 3560 2829 3624 ineditum
2882 3556 3421 3637 Thcophylactiin
3467 3550 3794 3634 Epistolas

541 3663 898 3725 Catholica:
931 3665 1472 3727 Commentarium
1531 3683 1677 3728 esse
1719 3666 1982 3729 daturos
2028 3688 2044 3728 :
2101 3667 2302 3747 idque
2333 3666 2485 3745 jure
2512 3665 2760 3742 Optimo
2794 3657 3090 3742 polliceri
3140 3668 3452 3740 poterant.
3486 3676 3630 3721 eum
3655 3657 3786 3735 jam

545 3765 946 3844 possiderent
981 3769 1268 3830 Grex-um
1302 3767 1842 3830 Commentarium
1873 3787 1954 3830 ex
1986 3769 2206 3832 codice
2249 3766 2689 3830 celeberrimas
2715 3763 3118 3830 bibliothecae
3150 3756 3801 3824 Cmsareo-Vindobo-

543 3866 769 3928 nensis
805 3866 1221 3944 descriptum,
1253 3881 1446 3946 quem
1483 3866 1579 3930 Cl.
1618 3867 1992 3932 Lambecius
2023 3867 2088 3930 in
2123 3865 2611 3931 Commentariis
2632 3849 2927 3944 ejusdem
2960 3861 3369 3925 bibliothecae
3398 3861 3475 3922 ad
3507 3856 3793 3921 codicem

540 3969 685 4041 220,
723 3968 1265 4046 quemadmodum
1317 3968 1508 4030 etiam
1545 3969 1876 4031 Nesselius
1913 3968 2204 4048 ejusdem
2255 3966 2660 4030 abbreviator
2710 3965 2797 4027 ita
2849 3962 3328 4042 TheOphylacto
3367 3961 3683 4032 tribuunt,
3725 3969 3796 4021 ut

545 4072 790 4135 nullam
833 4072 913 4134 de
957 4073 1243 4152 genuino
1286 4073 1428 4152 ejus
1475 4079 1732 4134 auctore
1767 4071 2062 4150 ingeram
2090 4071 2554 4150 suspicionem,
2597 4067 2969 4147 nullamque
3011 4065 3642 4129 cuilibetdubitandi
3676 4083 3795 4127 an-

545 4190 679 4237 sam
711 4173 1147 4253 suppeditent.
1189 4175 1453 4244 Verum,
1488 4191 1633 4235 cum
1662 4173 1820 4234 illud
1845 4173 2286 4252 apographum
2317 4171 2654 4234 Latinitate
2683 4168 3051 4231 donandum
3077 4166 3231 4229 mihi
3263 4166 3566 4227 traditum
3598 4173 3797 4236 esset,

549 4276 849 4339 versione
887 4276 992 4337 vix
1022 4274 1340 4348 inchoata,
1371 4274 1452 4338 de
1488 4274 1688 4352 ipsius
1706 4280 1967 4336 auctore
2005 4272 2172 4335 haud
2201 4271 2437 4352 exigua
2474 4269 2630 4332 mihi
2668 4276 2765 4331 est
2793 4268 3014 4331 oborta
3037 4266 3326 4346 suspicio
3361 4287 3378 4327 :
3420 4273 3798 4344 tantumque

548 4397 622 4444 ca
659 4394 1001 4459 pregressu
1056 4376 1380 4439 versionis
1411 4372 1716 4466 excrevit,
1754 4383 1823 4436 ut
1863 4375 2084 4455 paucis
2119 4374 2298 4437 foliis
2330 4373 2550 4437 Latine
2581 4370 2869 4444 redditis,
2904 4370 2970 4432 i'n
3007 4386 3144 4432 eam
3175 4371 3562 4432 sententiam
3594 4373 3796 4433 deve-

551 4480 782 4554 nerim,
838 4478 1378 4542 Commentarium
1431 4475 1609 4538 illum
1669 4477 1774 4538 vix
1809 4494 1882 4538 ac
1935 4495 2013 4538 ne
2061 4476 2167 4538 vix
2222 4474 2488 4554 quidem
2527 4488 2676 4534 esse
2721 4469 3200 4549 Theophylacto
3253 4471 3797 4550 adjudicandum;

553 4586 715 4642 adeo
744 4578 824 4640 ab
866 4577 1011 4656 ejus
1042 4575 1234 4656 genio
1265 4582 1456 4653 atque
1489 4593 1524 4638 a
1559 4594 1701 4638 vera
1739 4583 2178 4654 consuetaque
2225 4570 2696 4635 commentandi
2739 4573 2987 4633 ratione
3025 4569 3185 4631 mihi
3219 4571 3400 4633 visus
3435 4578 3529 4634 est
3571 4572 3804 4634 abhor-

557 4696 719 4743 rere.
755 4679 1211 4740 Verumtamen
1241 4693 1319 4739 ne
1364 4676 1620 4754 penitus
1653 4675 1946 4754 οι)ἱηίοηὶ
1985 4674 2136 4736 huic
2163 4673 2579 4745 adhaarerem,
2610 4673 2678 4733 in
2709 4686 2900 4734 causa
2930 4679 3068 4734 erat
3100 4671 3434 4734 inaudisse
3469 4689 3590 4745 me,
3622 4674 3804 4734 emti-

553 4795 716 4850 cem,
771 4794 851 4838 ex
902 4791 1036 4856 quo
1090 4774 1541 4855 depromptum
1595 4773 1803 4837 fuerat
1853 4771 2315 4851 apographum,
2359 4778 2676 4834 vetustate
2709 4785 2969 4850 usuque
3004 4771 3166 4833 adeo
3193 4772 3485 4834 attritum
3529 4789 3698 4845 esse,
3730 4791 3804 4833 ac

556 4880 918 4963 perdifﬁcili
967 4879 1160 4943 etiam
1217 4878 1576 4943 charactere
1605 4887 1960 4950 exaratum,
2007 4885 2077 4938 ut
2123 4892 2159 4938 a
2209 4873 2607 4956 peritissimo
2637 4890 2901 4954 quoque
2954 4871 3059 4934 vix
3092 4873 3235 4953 legi.
3270 4873 3521 4952 integre
3559 4881 3801 4952 posset.

555 4980 985 5057 Quamobrem
1005 4978 1324 5060 quidquid
1355 4979 1418 5041 in
1450 4993 1528 5040 eo
1551 4977 1890 5039 dissonum
1925 4970 2271 5054 minusque
2301 4982 2804 5037 consentaneum
2835 4982 3219 5048 occurreret,
3244 4969 3306 5036 id
3339 4976 3407 5037 in
3437 4989 3800 5037 amanuen-

557 5082 650 5146 sis
679 5079 1067 5156 imperitiam
1100 5079 1196 5142 vel
1228 5077 1666 5140 inﬁdelitatem
1705 5073 1962 5138 rel‘undi
1997 5089 2184 5152 posse
2211 5073 2585 5137 arbitrabar.
2619 5072 2696 5133 Ut
2733 5070 2907 5134 hunc
2937 5071 3099 5136 mihi
3141 5073 3522 5152 scrupulum
3553 5071 3802 5134 exime-

563 5198 726 5256 rem,
755 5179 834 5243 ab
862 5180 973 5254 iis,
999 5196 1274 5260 quorum
1303 5179 1634 5251 intererat,
1665 5176 2022 5253 impetravi,
2058 5184 2127 5238 ut
2148 5175 2370 5246 saltem
2399 5190 2592 5254 pauca
2620 5171 2773 5234 folia
2803 5172 3118 5253 abaliquo
3145 5175 3534 5250 peritissimo
3553 5175 3691 5236 viro
3721 5186 3800 5234 ex

561 5278 790 5344 eodem
819 5280 1038 5343 codice
1069 5278 1289 5340 denuo
1307 5277 1730 5346 exscribenda
1763 5283 2085 5343 curarent.
2122 5276 2310 5350 Quod
2364 5290 2476 5353 pro
2512 5275 2755 5342 eximio
2801 5289 2922 5336 suo
2953 5273 3018 5336 in
3064 5291 3279 5343 sacras
3311 5274 3552 5336 litteras
3584 5271 3808 5334 studio

559 5392 858 5462 prastare
891 5381 1096 5448 voluit
1125 5380 1226 5443 vir
1255 5378 1654 5443 clarissimus
1684 5388 1747 5441 et
1781 5379 2150 5459 linguarum
2195 5374 3067 5460 orientaliumperitissimus
3106 5376 3390 5444 Adamus
3421 5371 3809 5436 Franciscus

633 5572 710 5644 (α)
742 5572 819 5627 Ea
851 5569 1061 5644 scilicet
1098 5583 1233 5638 qua:
1281 5582 1311 5622 a
1368 5565 1552 5644 nobis_
1587 5565 1859 5644 Dominica
1882 5567 2124 5644 _in_.4lbis
2233 5559 2852 5644 hebdomadaPaschali
2889 5561 3566 5644 megljapte,_respondeat.

562 5623 886 5709 appellatur,
924 5623 1239 5695 Grmciéaru
1276 5645 1470 5709 vocant
1513 5637 1796 5709 Κυριωεὴν
1817 5637 1909 5690 τοῦ
1947 5639 2125 5709 Ἀπι-

2240 5708 2246 5709 ί
2307 5639 2380 5708 (b)
2411 5628 2546 5690 Vide
2581 5634 2733 5709 iul‘ra
2757 5651 2909 5691 num.
2954 5623 3242 5709 va,_tibi
3283 5623 3352 5688 de
3398 5630 3813 5709 t_‘._on_unent_a_rio

564 5697 767 5778 πᾏίσχα,
804 5697 1129 5764 Dominicam
1169 5697 1652 5778 Antipasrhwtséu
1691 5697 2126 5776 Céntrapasclm;
2237 5708 2288 5761 in
2311 5697 2465 5760 ‘A'eta
2524 5708 2898 5771 apostolorum
2936 5721 2999 5760 ex
3035 5705 3365 5761 bibliotheca
3402 5697 3816 5760 Medicum—Flo-

563 5777 734 5850 quod,
796 5789 855 5834 ut
908 5791 1057 5850 puto,
1123 5777 1309 5837 sancto
1367 5779 1469 5832 diei
1527 5777 1746 5833 Pascha:
1802 5795 1832 5834 e
1887 5779 2121 5844 regione,
2234 5785 2440 5832 rrntina
2474 5789 2652 5833 etum.
