4068 6210
347 222 442 285 417
1173 220 1257 282 ΙΝ
1289 215 1723 291 SEQUENTIA
1751 216 1953 278 THEO

1979 217 2332 282 E’IIYLACTI
2376 221 2690 282 SCRIPTA
2703 269 2716 283 .
3481 222 3585 283 1118

350 361 422 423 de
453 358 699 435 Kollar,
747 357 1015 420 laudatae
1062 356 1464 419 bibliothecas
1489 363 1706 418 custos
1739 356 2214 419 meritissimus.
2252 357 2427 418 ldem
2476 372 2625 418 vero
2668 355 2731 420 ei
2763 353 3181 428 describenti,
3221 353 3395 435 quod
3431 354 3585 416 mihi

322 457 820 537 .interpretanti,
859 455 1396 519 inciditdubium.
1430 457 1549 516 Sed
1594 453 1728 528 ille,
1775 455 1948 533 quod
1987 454 2144 516 mihi
2181 472 2590 533 summOpere
2632 453 2918 534 cupienti
2945 451 3153 516 facere
3176 468 3304 514 non
3337 452 3590 527 licebat,

345 558 751 622 cxsecutioni
801 556 1144 618 mandavit.
1206 554 1551 618 Consuluit
1605 553 1854 616 scilicet
1904 554 2192 616 codicem
2239 557 2381 627 222,
2446 555 2515 618 in
2556 570 2686 633 quo
2730 555 2965 633 pariter
3014 550 3477 630 Theophylacti
3516 550 3584 612 in

344 659 672 738 Epistolas
723 657 1080 719 Catholicas
1133 655 1675 718 Commentarium
1724 654 2041 719 contineri
2106 654 2482 717 Lambecius
2527 663 2589 717 et
2621 653 2952 716 Nesselius
2992 650 3323 721 afﬁrmant,
3374 659 3442 712 ut
3481 650 3593 712 hac

345 765 695 840 utriusque
729 760 974 824 codicis
1020 759 1435 824 contentione
1469 760 1820 838 detegeret,
1853 774 1930 820 an
1963 758 2133 821 idem
2169 758 2266 822 vel
2299 758 2600 822 diversus
2650 758 2718 821 in
2778 766 3050 834 utroque
3083 753 3593 818 Commentarius

346 873 542 926 esset.
577 864 839 942 Reperit
873 870 1086 923 autem
1123 877 1248 924 non
1279 862 1422 922 sine
1454 859 1880 923 admiratione
1923 860 2290 934 diversum;
2325 868 2385 922 et
2420 867 2724 938 praeterea
2757 859 2972 933 talem,
3020 857 3130 936 qui
3169 856 3345 917 tanto
3389 855 3592 932 magis

347 960 808 1040 TheOpliylacti
845 957 1136 1038 genium,
1187 957 1495 1028 indolem,
1547 957 1868 1030 ordinem,
1916 956 2182 1037 stylum,
2214 957 2633 1038 suojudicio,
2671 975 2795 1036 prae
2818 973 2886 1018 se
2911 956 3130 1028 ferret,
3164 964 3404 1033 quanto
3433 952 3594 1014 alter

243 1081 258 1120 ς
345 1065 426 1126 ab
463 1063 562 1123 bis
602 1059 905 1121 omnibus
940 1056 1273 1119 videbatur
1304 1056 1429 1118 sibi
1488 1054 1688 1134 magis
1738 1056 2016 1119 alienus.
2059 1058 2279 1135 Neque
2335 1073 2485 1119 vero
2530 1057 2633 1117 hic
2677 1054 2961 1118 substitit
3007 1054 3106 1117 vir
3152 1051 3392 1132 publici
3435 1052 3591 1115 boni

345 1163 871 1227 amantissimus:
903 1158 1012 1220 sed
1060 1157 1174 1218 tria
1209 1158 1585 1236 posterioris
1620 1156 1814 1238 hujus
1852 1157 2304 1220 Commentarii
2341 1155 2518 1231 folia,
2566 1174 2710 1236 qum
2763 1153 3138 1234 speciminis
3172 1154 3314 1218 loco
3345 1166 3590 1223 essent,

345 1262 758 1330 cxscribendi
800 1260 1075 1322 laborem
1102 1259 1270 1321 ultro
1302 1257 1624 1336 suscepit;
1655 1257 2030 1338 eisdemque
2059 1257 2236 1320 foliis
2259 1274 2402 1319 cum
2435 1256 2580 1320 aliis
2612 1255 2866 1317 duobus
2901 1271 2978 1318 ex
3013 1254 3222 1331 priore
3250 1255 3592 1314 Commen-

349 1369 516 1429 tario
543 1365 618 1428 ad
655 1361 934 1424 editores
982 1358 1396 1430 transmissis,
1433 1357 1512 1418 de
1556 1373 1670 1418 sua
1701 1357 2105 1422 dubitatione
2137 1357 2444 1420 certiores
2488 1372 2599 1417 eos
2637 1355 2812 1429 fecit,
2863 1370 3254 1432 operamque
3294 1368 3476 1412 suam
3520 1351 3586 1412 in

351 1488 492 1535 rem
527 1469 846 1548 publicam
881 1465 1348 1532 humanissime
1379 1464 1636 1531 obtulit.
1669 1463 1798 1538 llli,
1835 1480 1902 1525 re
1942 1461 2291 1540 diligenter
2333 1475 2665 1539 perpensa,
2719 1459 3000 1537 priorem
3047 1455 3587 1520 Commentarium

347 1572 430 1633 ab
462 1570 578 1633 hac
608 1569 894 1632 editione
942 1565 1369 1647 rejiciendum
1415 1582 1586 1636 esse,
1667 1560 2000 1627 confestim
2035 1562 2462 1621 decreverunt
2497 1575 2512 1614 :
2551 1555 2896 1635 praesertim
2933 1571 3076 1616 cum
3116 1554 3358 1614 interea
3415 1551 3595 1614 dete-

350 1682 585 1736 ctuma
617 1688 716 1732 me
743 1678 934 1740 esset,
962 1686 1107 1729 eum
1145 1665 1306 1728 nihil
1329 1665 1500 1726 aliud
1539 1681 1704 1736 esse,
1743 1679 1934 1742 quam
1967 1677 2205 1724 meram
2229 1661 2594 1722 Graacorum
2628 1654 3051 1734 quorumdam
3085 1656 3337 1714 Patrum
3370 1653 3435 1713 in
3485 1673 3591 1715 eas

353 1771 678 1851 Epistolas
717 1769 1030 1841 Catenam,
1074 1768 1256 1845 plane
1288 1765 1566 1828 similem
1598 1763 1689 1823 illi
1726 1779 1869 1841 qum
1913 1769 2114 1822 exstat
2165 1758 2401 1820 Oxonii
2451 1758 2514 1817 in
2551 1755 2942 1817 bibliotheca
2977 1753 3246 1832 Collegii
3281 1754 3435 1814 Novi
3482 1773 3590 1812 co-

350 1849 630 1944 dice‘58,
669 1889 744 1932 ex
798 1887 942 1950 qua-
975 1867 1287 1930 nonnulla
1344 1865 1575 1943 selegit
1612 1872 1672 1926 et
1705 1861 1970 1941 protulit
2014 1860 2417 1924 Christianus
2449 1849 2728 1920 Wolfius
2768 1867 2918 1918 tom.
2987 1855 3074 1916 Ill
3131 1853 3596 1914 Anecdotorum

349 1976 718 2038 ercorum
756 1990 790 2034 a
826 1990 964 2051 pag.
998 1971 1100 2034 92.
1144 1977 1204 2031 et
1239 1977 1394 2030 tom.
1422 1969 1528 2040 ιν,
1557 1983 1589 2027 a
1627 1983 1766 2045 pag.
1803 1970 1860 2026 1.
1906 1966 2088 2029 Facta
2123 1978 2398 2040 namque
2427 1959 2798 2034 collatione,
2829 1975 2900 2020 ea
2932 1957 3147 2020 omnia
3190 1958 3256 2018 in
3297 1956 3597 2034 praedicto

350 2075 725 2155 apographo
759 2072 1146 2136 verbotenus
1201 2077 1448 2130 exstare
1489 2083 1947 2144 compereram,
1983 2081 2061 2127 eo
2092 2063 2232 2126 solo
2256 2061 2662 2136 discrimine,
2694 2063 2864 2142 quod
2894 2061 2956 2122 in
2987 2059 3343 2121 Oxoniensi
3375 2058 3596 2120 codice

355 2175 623 2238 nemina
684 2175 963 2243 Patrum,
1015 2183 1291 2247 quorum
1354 2166 1545 2228 verba
1595 2163 1991 2235 referuntur,
2042 2169 2333 2224 accurate
2371 2168 2588 2222 essent
2623 2163 2961 2233 adnotata;
3010 2159 3071 2220 in
3105 2156 3593 2225 Vindobonensi

355 2293 537 2350 vero,
587 2290 716 2336 uno
760 2278 1025 2343 tantum,
1068 2266 1166 2330 vel
1202 2266 1401 2328 altero
1433 2265 1724 2342 excepto,
1769 2263 1899 2329 sint
1937 2261 2198 2341 penitus
2247 2260 2672 2340 prmtermissa
2705 2277 2719 2320 :
2753 2275 2897 2338 quae
2935 2276 3036 2320 res
3067 2257 3598 2335 interpretantem

360 2397 461 2440 me
485 2375 665 2439 valde
697 2371 1064 2454 torquebat;
1089 2366 1237 2449 quia
1258 2363 1529 2426 sublatis
1553 2363 1928 2427 nominibus
1952 2362 2105 2432 illis,
2141 2379 2353 2440 neque
2381 2361 2512 2422 ullo
2535 2361 2702 2421 inter
2733 2377 2804 2420 ca
2838 2376 2984 2438 quae
3012 2359 3384 2419 dicerentur
3413 2373 3580 2416 nexu

351 2484 728 2555 apparente,
763 2488 889 2534 non
924 2464 1434 2532 Commentarius
1466 2461 1725 2542 aliquis,
1751 2462 1862 2522 'sed
1893 2478 2100 2536 SOOptB
2123 2458 2408 2530 dissutte,
2443 2468 2504 2522 et
2540 2476 2730 2522 arena
2755 2458 2897 2519 sine
2921 2457 3112 2527 calce,
3141 2461 3210 2518 ut
3253 2455 3381 2516 dici
3409 2454 3595 2526 solet,

357 2578 760 2642 viderentur.
799 2574 1062 2643 Verum,
1097 2567 1152 2628 si
1206 2566 1291 2626 ita
1337 2573 1456 2635 est,
1490 2562 1773 2654 inquies,
1808 2563 2134 2638 quomodo
2169 2561 2246 2624 cl.
2272 2559 2653 2622 Lambecius
2696 2557 3238 2623 Commentarium
3275 2555 3598 2636 ejusmodi

357 2672 843 2754 TheOphylacto
875 2667 1316 2730 indubitanter
1351 2657 1686 2740 ascripsit?
1742 2661 1973 2722 Eadem
2022 2677 2251 2738 nempe
2306 2661 2576 2733 ratione,
2614 2657 2995 2735 respondeo,
3046 2673 3170 2736 qua
3222 2665 3283 2718 et
3323 2657 3487 2718 duos
3531 2656 3597 2719 in

359 2778 622 2842 easdem
659 2769 974 2852 Epistolas
1009 2763 1539 2834 Commentarios,
1590 2759 1837 2822 tametsi
1883 2757 2198 2831 diversos,
2235 2759 2348 2821 uni
2381 2758 2723 2837 eidemque
2761 2757 2985 2821 tribuit
3033 2757 3300 2818 auctori.
3345 2755 3601 2820 Scilicet

361 2897 478 2942 eos
519 2868 1022 2942 Commentarios
1062 2867 1202 2946 ipse
1235 2883 1362 2929 non
1397 2867 1573 2945 legit,
1609 2883 1822 2943 neque
1851 2865 1929 2926 de
1964 2881 2188 2930 eorum
2217 2863 2576 2924 statuendis
2624 2861 2993 2922 auctoribus
3026 2859 3452 2932 adlaboravit;
3485 2861 3600 2920 sed

362 2981 534 3044 notis
558 2977 623 3036 in
654 2975 862 3036 fronte
893 2969 1181 3034 codicum
1207 2969 1499 3046 repertis,
1523 2969 1705 3030 ﬁdem
1738 2967 1878 3027 sine
1902 2965 2037 3028 ullo
2067 2962 2361 3024 examine
2392 2961 2703 3039 praestitit.
2741 2961 2897 3022 Cum
2925 2958 3125 3037 igitur
3153 2957 3247 3017 illi
3271 2958 3604 3018 Commenq.

365 3083 528 3143 tario
583 3094 773 3141 manu
821 3071 1266 3152 Tegnagnelii,
1317 3069 1417 3130 sui
1468 3051 1537 3129 in
1598 3065 1887 3129 custodia
1926 3063 2228 3124 Ctesarete
2263 3060 2667 3121 bibliothecas
2700 3058 3127 3136 prtecessoris,
3183 3063 3599 3135 praenotatutn

365 3178 631 3257 legisset
666 3191 682 3229 :
718 3167 1214 3235 Commentarius
1249 3163 1722 3244 Thwphylactt’,
1766 3169 1832 3221 ut
1877 3169 1938 3222 et
1969 3161 2107 3239 ipse
2139 3175 2284 3221 cum
2333 3174 2407 3220 ea
2445 3158 2506 3219 in
2543 3157 2700 3220 urbe
2742 3165 3051 3228 versarer,
3083 3155 3238 3228 vidi,
3295 3154 3412 3216 hoc
3449 3155 3635 3231 satis.

359 3255 513 3344 esse
543 3276 753 3350 duxit,
789 3280 855 3336 ut
886 3285 1034 3333 eum
1080 3268 1249 3329 inter
1296 3261 1759 3343 TheOphylacti
1809 3261 2020 3339 Opera
2069 3265 2503 3337 percenseret.
2546 3259 2620 3317 Et
2665 3264 2872 3317 tamen
2907 3255 3157 3334 liquido
3187 3261 3452 3322 constat,
3484 3255 3607 3313 Te—

365 3376 784 3462 gnagnelium
818 3388 944 3434 non
983 3368 1104 3431 alia
1153 3367 1425 3438 ratione,
1467 3380 1538 3426 ea
1572 3379 1724 3424 sane
1753 3359 2214 3432 inﬁrmissima,
2269 3355 2814 3420 Commentarium
2851 3353 3226 3433 hujusmodi
3261 3352 3605 3428 Tlieophye

367 3453 531 3546 iacto
565 3475 990 3557 adjudicasse.
1029 3485 1220 3548 quam
1265 3468 1436 3546 quod
1489 3465 1710 3527 eodem
1737 3464 1803 3527 in
1837 3463 2054 3525 codice
2087 3461 2276 3523 certis
2339 3459 2723 3536 quibusdam
2769 3453 3230 3535 TheOphylacti
3272 3456 3607 3516 Commenq

367 3587 548 3653 tariis
575 3585 752 3644 esset
789 3579 1160 3656 adjunctus,
1187 3573 1544 3648 eademque
1584 3585 1776 3632 manu
1806 3577 2105 3631 exaratus
2135 3565 2489 3625 videretur.

448 3693 532 3754 Χ.
570 3683 880 3747 Praedicto
912 3680 1128 3757 itaque
1159 3673 1633 3738 Commentario
1660 3689 1690 3731 a
1723 3670 2046 3749 germanis
2079 3664 2539 3746 ’l‘heophylacti
2567 3663 2886 3740 Oper-ibus
2919 3661 3181 3722 omnino
3213 3658 3466 3737 rejecto,
3499 3671 3609 3718 one

362 3801 613 3857 ratores
649 3787 842 3866 hujus
875 3755 1189 3845 editionis
1221 3785 1656 3856 Opportunum
1688 3791 1830 3835 esse
1866 3775 2214 3839 duxerunt,
2248 3769 2473 3837 alium,
2521 3767 2663 3847 qui,
2697 3764 2777 3825 cl.
2804 3759 3358 3838 Kollariojudice,
3400 3755 3608 3822 Theo-

367 3854 651 3976 phylacti
675 3854 939 3967 genium
957 3898 1031 3942 ac
1051 3854 1289 3959 stylum
1323 3894 1451 3955 prze
1473 3894 1542 3936 se
1568 3875 1710 3946 fert,
1743 3875 1810 3934 in
1836 3873 2015 3935 illius
2048 3871 2258 3936 locum
2288 3871 2671 3945 subrogare;
2699 3865 2763 3926 in
2796 3877 3074 3938 eumque
3093 3860 3279 3920 ﬁnem
3300 3854 3452 3918 mihi
3490 3855 3609 3912 La-

368 3962 500 4061 tine
535 3962 941 4056 reddendum
980 3981 1324 4044 tradidere.
1362 3981 1723 4056 Antequam
1761 3994 1912 4038 vero
1959 3976 2096 4054 ipse
2143 3969 2516 4050 huiusmodi
2551 3967 2830 4030 versioni
2885 3977 3144 4024 manum
3176 3962 3606 4022 admoverent,

370 4111 568 4176 pauca
600 4093 706 4152 illa
738 4088 915 4159 iouia,
966 4098 1113 4166 qure
1155 4076 1532 4159 speciminis
1573 4076 1773 4156 gratia
1816 4075 1942 4140 huc
1972 4052 2352 4136 Vindobona
2405 4068 2773 4131 transmissa
2813 4065 2975 4138 dixi,
3020 4052 3606 4176 cu‘m“0Ecumen'.i

369 4149 851 4258 Commentario
903 4149 1197 4245 conferre
1247 4177 1405 4244 mihi
1447 4175 1708 4255 placuit,
1773 4171 2149 4254 praesertim,
2193 4186 2338 4232 cum
2391 4168 2669 4247 primum
2711 4163 3053 4243 perlegens
3098 4159 3354 4226 folium,
3391 4149 3608 4215 simile

370 4251 859 4375 quidpiamjam
893 4285 958 4344 in
990 4282 1119 4344 alio
1149 4251 1585 4356 auctore,—qui
1622 4251 1847 4336 tumin
1873 4278 2150 4333 mentem
2175 4287 2305 4332 non
2339 4267 2677 4340 incidebat,
2704 4263 2934 4342 legisse
2967 4260 3122 4329 mihi
3160 4260 3429 4322 viderer.
3465 4251 3611 4375 Col-

374 4355 520 4458 latis
543 4355 771 4468 “itaque
810 4386 894 4447 iis
922 4382 1126 4454 foliis,
1153 4376 1440 4455 comperi
1470 4355 1742 4438 alterum
1778 4371 2319 4435 Commentarium
2361 4370 2440 4433 ita
2464 4384 2606 4431 cum
2641 4365 2841 4427 altero
2860 4362 3232 4436 convenire,
3267 4366 3336 4421 ut
3373 4355 3615 4418 Vindo-

373 4463 732 4564 bon’ense'm
765 4497 828 4552 et
862 4481 1422 4550 OEcumenianutu
1466 4493 1667 4543 unum
1717 4476 2152 4551 eumdemque
2194 4487 2339 4532 esse
2399 4468 2830 4546 perspicerem
2877 4484 2894 4524 :
2931 4482 3057 4526 non
3099 4463 3387 4543 quidem,
3431 4464 3609 4542 quod

377 4561 566 4679 plane
588 4602 649 4656 et
682 4590 1118 4668 undequaque
1151 4583 1616 4657 congruerent;
1641 4575 1752 4635 sed
1781 4572 1934 4651 quia
1953 4569 2426 4649 qualiscunque
2448 4566 2690 4628 inesset
2717 4564 3084 4636 diversitas,
3109 4579 3180 4623 ea
3201 4561 3385 4623 facile
3402 4570 3618 4641 posset

376 4665 445 4762 in
479 4698 776 4762 codicum
810 4665 1179 4754 varietatem
1221 4679 1502 4744 retundi.
1538 4679 1674 4742 Hoc
1703 4693 1850 4740 cum
1893 4675 2239 4737 rescissent
2263 4669 2573 4734 editionis
2617 4676 2968 4740 curatores,
3014 4667 3227 4728 omnia
3267 4665 3472 4744 primo
3505 4680 3613 4727 co-

379 4804 588 4870 nanda
619 4799 744 4863 sibi
777 4794 1274 4859 constituerunt,
1311 4795 1378 4848 ut
1407 4786 1796 4862 [germanum
1825 4779 2106 4858 aliquem
2139 4786 2200 4837 et
2223 4776 2302 4836 ab
2331 4772 2815 4836 OEcumeniano
2846 4770 3172 4831 diversum
3205 4769 3270 4829 in
3303 4766 3618 4846 Epistolas

382 4866 736 4971 Catholicas
767 4889 1307 4960 Commentarium
1349 4887 1770 4962 detegerent;
1827 4879 1928 4941 sin
1975 4894 2124 4941 vero
2161 4877 2228 4937 id
2276 4874 2498 4935 minus
2531 4889 2611 4933 ex
2655 4878 2804 4934 voto
2843 4870 3238 4941 succederet,
3283 4866 3616 4946 inquireno

384 5013 569 5083 dum,
601 5020 757 5068 num
789 4999 946 5062 satis
979 4996 1191 5058 valida
1220 4996 1592 5069 argumenta
1644 4993 1869 5064 praesto
1907 4991 2151 5058 essent,
2199 4977 2438 5063 quibus
2473 4971 3000 5042 OEcumenianus
3035 4971 3178 5050 ipse
3214 4973 3618 5032 Commenta-

388 5071 528 5171 rius
554 5071 641 5168 'in
673 5106 833 5167 hanc
878 5097 1230 5162 editionem
1262 5107 1449 5174 aequo
1480 5088 1629 5168 jure
1660 5087 2109 5155 ascisceretur,
2143 5100 2214 5143 ac
2259 5073 2719 5157 TheOphylacti
2757 5074 3020 5134 nomine
3066 5071 3417 5149 inscriptus
3466 5071 3616 5130 ede-

384 5169 566 5275 retur
597 5209 661 5269 in
689 5207 919 5266 lucem.
959 5203 1082 5278 Spe
1114 5195 1312 5274 prima
1340 5169 1546 5272 paulo
1583 5195 1721 5266 post
1761 5185 2111 5264 dejecti‘ex
2161 5176 2783 5259 inexSpectatissima
2808 5183 3014 5236 morte
3044 5172 3276 5251 lgnatii
3313 5171 3470 5232 lnici
3503 5169 3616 5230 Ca.

384 5293 672 5396 ,accioli,
698 5303 1008 5389 pontiﬁcii
1033 5304 1107 5364 ad
1138 5297 1590 5378 HiSpaniarum
1623 5309 1835 5370 regem
1870 5291 2082 5369 legati,
2119 5288 2304 5396 cujus
2336 5301 2456 5396 Ope
2479 5284 2784 5392 dun-taxat.
2815 5277 3610 5396 seﬂcotisequipoise'spe-

385 5367 1106 5488 lrelata-avt"'a'po—graplium
1155 5367 1336 5462 illius
1394 5367 1846 5462 Commentarii
1887 5367 2371 5468 TheOphylacto
2429 5380 2723 5460 inscripti
2767 5380 2834 5441 in
2881 5376 3198 5455 Epistolas
3243 5367 3616 5434 Catholicas.

386 5517 590 5596 quiin
633 5477 1042 5573 celeberrima
1082 5494 1504 5564 Escorialensi
1552 5493 1939 5556 bibliotheca
1977 5485 2293 5552 asservari
2325 5484 2589 5556 dicitur,
2627 5483 2873 5562 quique
2914 5493 3084 5538 unus
3114 5477 3444 5547 supererat
3475 5485 3610 5581 con-

386 5571 732 5686 sulendus,
779 5611 856 5673 ad
907 5607 1166 5670 alteram
1203 5600 1486 5664 animum
1523 5611 1914 5675 operamque
1949 5609 2128 5654 suam
2178 5594 2634 5654 converterunt
2673 5603 2688 5641 :
2737 5582 2924 5658 cujus
2958 5580 3289 5652 compotes
3339 5571 3622 5634 evasisse
