4068 6210
463 172 569 236 419
1473 165 1861 226 nomnen
1917 161 2232 222 .FINETTI
2287 158 2679 221 PREFATIO
3152 136 3162 147 ’
3600 155 3708 215 420

463 298 633 354 sese,
660 280 809 359 jure
851 278 1210 354 meritoque
1245 275 1529 356 arbitrati
1565 281 1740 334 sunt.
1793 272 1951 334 Cum
1989 270 2163 331 enim
2205 268 2401 348 juxta
2453 268 2715 329 eﬂ'atum
2779 266 3222 346 evangelicum
3261 290 3274 328 :
3307 267 3386 326 In
3419 283 3524 326 ore
3553 266 3707 327 duo-

465 397 643 452 rum,
677 377 776 438 vel
815 378 1008 437 trium
1043 385 1160 436 stet
1187 391 1359 433 omne
1389 372 1666 444 verbum,
1705 387 1818 433 seu
1859 370 2141 443 duobus,
2165 368 2273 429 vel
2313 368 2519 429 tribus
2547 367 2820 429 testibus
2855 369 3007 429 satis
3040 368 3274 429 veritas
3310 384 3583 448 quaeque
3613 369 3712 430 ﬁr.

467 486 701 548 metur,
735 490 850 535 nos
882 475 956 534 ad
1010 471 1328 550 ejusmodi
1363 468 1912 532 Commentarium
1945 465 2420 544 TbeOpltylacto
2463 465 2919 530 vindicandum
2953 467 3214 528 totidem
3273 467 3440 529 nacti
3483 485 3712 530 sumus

466 573 894 637 testimonia:
949 574 1158 648 primo
1229 570 1475 631 scilicet
1535 567 1862 630 laudatum
1909 566 2197 628 codicem
2259 564 3161 628 Caisareo-Vindobonensem
3229 568 3710 648 'l‘beOphylacto

469 673 1008 736 Commentarium
1072 671 1259 732 illum
1330 671 1568 732 diserte
1623 668 2092 730 ascribentem:
2162 667 2359 728 alium
2445 673 2748 744 prieterea
2811 667 3096 730 codicem
3143 669 3432 748 ejusdem
3476 671 3711 734 biblio-

463 775 659 834 thecae
721 772 1047 848 signatum
1120 787 1186 830 n.
1261 771 1401 842 223,
1486 767 1600 846 qui
1640 769 1854 829 solum
1914 764 2186 844 quidem
2266 766 2554 827 continet
2637 767 3145 831 Commentarios
3224 771 3707 852 TheOphylacto

465 875 809 952 inscriptos
866 874 933 935 in
993 881 1270 952 quatuor
1319 883 1674 952 postremas
1732 871 2052 948 Epistolas
2099 868 2488 944 Cathol’icas;
2544 872 2656 934 sed
2702 887 2862 935 cum
2895 872 2999 932 illi
3061 874 3248 952 plane
3307 877 3712 940 consentiant

465 997 607 1041 cum
637 977 1126 1040 Commentariis
1160 977 1223 1038 in
1261 979 1518 1039 easdem
1546 975 1863 1055 Epistolas
1879 973 2224 1037 memorati
2257 973 3077 1054 codicis,quemadmodum
3109 976 3250 1056 ipse
3281 979 3711 1041 cumViennm

473 1087 805 1159 degerem,
873 1081 1034 1141 inita
1090 1062 1634 1145 collationetcerto
1685 1077 2108 1158 deprehendi,
2156 1077 2317 1138 illud
2370 1095 2522 1139 sane
2560 1079 3031 1152 testimonium,
3067 1081 3256 1145 etiam
3292 1096 3406 1168 pro
3440 1081 3709 1162 reliquis

448 1185 981 1257 Commentariis,
1042 1204 1272 1263 nempe
1326 1188 1394 1247 in
1442 1185 1769 1259 Iacobum,
1811 1193 1865 1244 et
1915 1183 2190 1256 Petrum,
2247 1181 2726 1262 'l‘heOpbylacto
2759 1184 3204 1262 adjudicandis
3233 1185 3534 1258 inservit;
3567 1204 3708 1247 cum

468 1307 580 1368 par
617 1291 878 1349 omnino
917 1288 1074 1348 ratio
1103 1289 1182 1352 sit
1228 1287 1521 1348 omnium
1555 1293 1616 1348 et
1651 1285 2090 1372 singulorum.
2126 1282 2424 1362 Denique
2452 1283 2605 1345 huic
2634 1285 2822 1362 plane
2855 1285 3066 1346 simile
3101 1295 3219 1356 est,
3246 1287 3419 1365 quod
3449 1303 3540 1347 ex
3598 1305 3708 1348 co-

449 1394 607 1454 .dice
638 1394 944 1453 Vaticano
972 1407 1150 1452 num.
1173 1391 1302 1454 227
1326 1388 1748 1468 depromitur.
1785 1388 2170 1450 Nam-etiste
2204 1391 2491 1456 continet
2515 1390 3023 1460 Commentarios
3069 1391 3134 1452 in
3160 1399 3436 1470 quatuor
3469 1407 3711 1470 postre-

456 1509 604 1552 mas
638 1491 992 1553 Catholicas
1029 1488 1370 1566 Epistolas,
1405 1487 1519 1548 hac
1546 1487 1871 1564 praemissa
1903 1485 2062 1564 epig:

2102 1485 2252 1564 apbe
2273 1503 2286 1542 :
2311 1489 2692 1558 Θεοφυλάκτου
2724 1491 2982 1561 ἐξήγησις
3016 1490 3367 1561 ἁκριϐὴςτῶν
3385 1493 3708 1550 Ἐπιστολῶν

457 1593 560 1649 ποῦ
587 1594 774 1662 ἡγαπη
785 1593 948 1662 μένου
991 1592 1239 1645 Ἰωάννου
1270 1589 1360 1643 τοῦ
1383 1590 1666 1657 Θεολὸγου,
1699 1588 1868 1642 Ἰούδα
1897 1589 1990 1642 τοῦ
2015 1589 2338 1652 ἀποστόλου,
2372 1589 2467 1640 καὶ
2495 1586 2588 1639 τοῦ
2618 1587 2908 1642 Θεσπεσίου
2937 1589 3032 1642 καὶ
3063 1591 3447 1661 οὗρανοφοίτου
3471 1593 3666 1646 ﬂatile:
3687 1627 3709 1658 ,

471 1682 920 1760 Theophylacti
955 1681 1304 1761 Expositio
1346 1689 1645 1740 accurata
1685 1679 2121 1758 Epistolarum
2161 1678 2380 1739 dilecti
2419 1679 2687 1740 Joannis
2727 1678 3023 1758 theologi,
3067 1682 3249 1742 Judce
3290 1685 3586 1762 apostoli,
3651 1699 3707 1748 τι

465 1781 669 1843 divini
704 1781 1034 1861 caelumque
1063 1783 1329 1863 petentis
1363 1779 1586 1850 Pauli;
1617 1783 1724 1842 sed
1761 1781 1856 1842 ba:
1885 1790 2220 1859 postremm
2251 1798 2326 1842 eo
2357 1780 2424 1843 in
2455 1781 2674 1842 codice
2713 1781 2949 1842 desunt
2984 1805 2998 1842 :
3042 1791 3102 1845 at
3138 1803 3288 1846 vero
3321 1787 3567 1862 priores
3589 1789 3711 1850 ali-

466 1891 626 1960 quot
659 1885 847 1946 lineaa
879 1903 956 1946 ex
985 1885 1263 1964 singulis
1297 1883 1429 1944 illis
1467 1883 1958 1945 Commentariis
1996 1885 2218 1952 Roma,
2265 1901 2366 1944 me
2395 1889 2669 1960 petente,
2705 1883 3119 1959 transmissae,
3152 1887 3304 1946 satis
3337 1887 3705 1962 ostendunt,

467 1998 578 2042 eos
601 1991 635 2042 a
671 1985 905 2045 nostris
941 1985 1209 2048 minime
1243 1985 1629 2060 discrepare.
1667 1986 1860 2044 Porro
1893 1983 2010 2044 tria
2045 1983 2175 2045 haec
2209 1986 2572 2045 testimonia
2607 1986 2691 2063 (α)
2713 1985 2865 2044 satis
2891 1985 3083 2046 nobis
3109 1985 3512 2049 fundamenti
3547 2006 3698 2068 prte-

468 2082 617 2143 bere
653 2084 1195 2159 existimavimus,
1231 2103 1360 2164 quo
1388 2087 1638 2163 integer
1686 2084 1806 2146 iste
1839 2087 1905 2145 in
1950 2093 2195 2162 septem
2223 2085 2546 2162 Epistolas
2609 2083 2958 2146 Catholicas
2991 2087 3501 2149 Conuuentarius
3530 2099 3706 2152 (mle-

467 2185 556 2242 ris
591 2201 810 2245 recens
844 2184 1108 2247 detectis
1147 2185 1605 2264 TheOphylacti
1635 2185 1943 2264 operibus
1979 2188 2247 2275 adjungi
2285 2187 2510 2250 merito
2552 2196 2788 2265 posset.
2832 2191 2906 2252 Et
2951 2205 3068 2268 ego
3099 2189 3361 2269 quidem
3393 2193 3708 2254 neminem

461 2279 755 2344 futurum
805 2284 1115 2358 arbitror,
1184 2285 1430 2346 libratis
1483 2285 1834 2363 praesertim
1871 2285 1952 2346 iis
2001 2302 2146 2365 qum
2168 2286 2503 2366 superiore
2545 2304 2815 2349 numero
2847 2287 3007 2350 dicta
3035 2305 3070 2350 θ
3115 2308 3212 2350 me.
3246 2299 3419 2366 sunt,
3451 2293 3562 2370 qui
3595 2292 3714 2354 hoc

467 2386 812 2449 consilium
849 2387 1276 2462 reprehendat
1317 2385 1399 2447 ob
1431 2403 1570 2448 eam
1612 2386 1953 2461 rationem,
1989 2389 2162 2465 quod
2196 2388 2577 2468 hujusmodi
2623 2390 3130 2458 Commentaries
3179 2393 3560 2471 jamdudum
3592 2397 3715 2458 sub

465 2487 850 2551 OEcumenii
887 2487 1147 2548 nomine
1183 2485 1437 2565 publica
1484 2485 1625 2548 luce
1669 2485 1941 2559 fruatur,
1987 2504 2330 2565 quousque
2359 2488 2582 2550 saltem
2641 2489 2740 2549 vel
2799 2489 3028 2552 unicus
3065 2493 3265 2554 codex
3299 2493 3380 2570 {in
3427 2494 3712 2556 medium

475 2585 746 2662 proferri
816 2588 1039 2663 possit,
1073 2587 1187 2665 qui
1235 2586 1304 2647 in
1343 2585 1554 2648 fronte
1595 2586 1790 2666 hujus
1851 2587 2301 2648 Commentarii
2366 2604 2598 2650 nomen
2653 2587 3036 2652 OEcumenii
3095 2603 3393 2674 tanquam
3434 2595 3712 2656 auctoris

469 2687 802 2763 praeﬁxum
838 2695 1036 2765 gerat.
1092 2689 1466 2767 Cujusmodi
1508 2689 1760 2751 nullum
1800 2707 1967 2764 esse,
2000 2688 2184 2752 facile
2218 2691 2498 2770 quisque
2529 2691 2649 2752 sibi
2687 2695 3103 2771 persuaserit,
3145 2713 3289 2760 cum
3336 2715 3546 2776 neque
3585 2703 3711 2760 Do-

471 2797 659 2849 natus
717 2789 1136 2862 Veronensis,
1180 2789 1293 2869 qui
1332 2807 1480 2852 eum
1522 2793 1728 2869 primo
1759 2795 1972 2854 Graece
1995 2793 2221 2866 edidit,
2260 2811 2474 2872 neque
2527 2795 2920 2870 Henlenius,
2957 2800 3070 2876 qui
3115 2803 3331 2864 Latine
3365 2806 3708 2880 transtulit,

471 2906 684 2968 neque
741 2888 1141 2949 Parisienses
1203 2889 1512 2962 editores,
1565 2891 1675 2969 qui
1733 2893 1947 2956 Graece
1984 2891 2339 2978 Latineque
2375 2889 2814 2965 recudendum
2849 2907 3176 2980 curarunt,
3211 2900 3414 2965 ullum
3446 2907 3711 2974 omnino

473 2987 874 3065 protulerint,
909 2995 1016 3048 aut
1059 2988 1296 3052 alicubi
1331 2998 1577 3052 exstare
1606 2990 1969 3060 iudicarint.

551 3134 664 3195 XI.
710 3134 1088 3210 Quanquam
1126 3149 1275 3196 vero
1312 3135 1826 3200 Commentarius
1878 3137 2120 3200 codicis
2161 3139 2692 3202 Vindobonensis
2722 3142 2804 3204 ita
2851 3161 2993 3206 cum
3036 3147 3527 3215 OEcumentano
3563 3175 3712 3220 con-

479 3231 714 3304 veniat,
751 3241 817 3294 ut
853 3233 1023 3292 idem
1073 3232 1282 3308 quoad
1312 3235 1734 3295 substantiam
1770 3235 1986 3297 haberi
2040 3238 2242 3316 possit
2273 3254 2344 3300 ac
2391 3239 2652 3315 debeat;
2680 3243 2831 3320 quia
2865 3253 3072 3307 tamen
3112 3256 3174 3308 et
3205 3249 3462 3316 brevior
3500 3265 3617 3332 est,
3651 3268 3713 3320 et

477 3336 541 3393 in
579 3334 870 3410 pluribus
902 3335 1144 3406 ditl'ert,
1177 3343 1368 3413 atque
1401 3336 1591 3397 etiam
1630 3353 1755 3398 non
1789 3354 2012 3415 pauca,
2054 3340 2294 3418 quibus
2342 3351 2516 3404 caret
2549 3342 2684 3417 ille,
2709 3345 3179 3423 complectitur,
3209 3351 3358 3415 ideo
3387 3367 3712 3422 curatores

471 3432 663 3493 istius
695 3433 1004 3496 editionis
1037 3450 1163 3494 non
1199 3444 1266 3495 ut
1298 3445 1500 3497 exstat
1535 3438 1600 3497 in
1631 3439 2018 3504 OEcumenii
2071 3441 2380 3516 editione,
2418 3445 2592 3522 quod
2641 3446 2841 3508 multo
2873 3446 3130 3511 facilius
3177 3453 3314 3514 fieri
3373 3460 3711 3536 potuisset,

468 3537 582 3596 sed
632 3535 896 3597 omnino
928 3541 996 3595 ut
1049 3543 1144 3596 est
1189 3534 1254 3595 in
1288 3536 1509 3598 codice
1561 3539 2049 3602 Vindobonensi
2111 3544 2433 3605 edendum
2490 3547 2940 3613 existimarunt
2976 3574 2991 3612 :
3025 3556 3197 3632 quod
3236 3534 3714 3626 isteiduntaxat

471 3635 931 3714 'l'heopbylacti
972 3635 1258 3712 praeferat
1293 3653 1563 3712 nomen;
1597 3654 1668 3699 ac
1701 3641 1970 3716 proinde
2003 3659 2146 3719 quae
2170 3643 2234 3703 iu
2262 3645 2742 3710 GEcumeniano
2778 3651 3159 3730 redundant,
3185 3667 3295 3720 aut
3324 3662 3711 3755 discrepant.

471 3738 681 3798 aliena
717 3756 906 3800 manu
944 3739 1183 3801 inserta
1223 3738 1426 3805 fuisse
1461 3743 1711 3804 censeri
1750 3744 2022 3822 possint.
2067 3747 2494 3819 Quamobrem
2532 3767 2630 3810 me
2671 3752 3116 3818 Vindobonam
3157 3778 3271 3839 per
3306 3762 3367 3822 id
3403 3738 3712 3844 temporis

471 3839 960 3903 contendentem
1019 3850 1346 3917 rogarunt,
1405 3849 1475 3904 ut
1527 3847 1827 3906 eumdem
1887 3846 2436 3909 Commentarium
2485 3866 2519 3910 a
2576 3854 2782 3929 perito
2823 3855 3044 3935 aliquo
3093 3869 3472 3929 amanuensi
3519 3839 3708 3949 quam

471 3940 950 4003 accuratissime
1015 3945 1295 4007 exscribi
1354 3963 1670 4020 curarem,
1726 3965 1870 4009 cum
1929 3948 2069 4026 ipse
2124 3950 2190 4010 in
2249 3968 2350 4013 me
2388 3961 2633 4015 tantum
2681 3955 2918 4020 laboris
2969 3965 3300 4042 suscipere
3343 3940 3710 4036 nullatenus

475 4065 752 4124 possem.
787 4051 876 4110 Eo
906 4047 1470 4126 itaqueappulsus
1503 4049 1662 4110 nihil
1703 4051 2038 4129 antiquius
2086 4052 2308 4128 habui,
2341 4071 2531 4133 quam
2582 4063 2652 4120 ut
2695 4062 3024 4136 negotium
3071 4066 3240 4128 istud
3278 4070 3706 4137 absolverem.

473 4151 708 4210 Verum
742 4157 884 4228 post
922 4152 1130 4212 varios
1181 4152 1700 4232 multiplicesque
1736 4162 2003 4215 conatus
2038 4158 2323 4234 reperire
2381 4170 2662 4237 poteram
2707 4165 3057 4240 neminem,
3103 4171 3218 4249 qui
3249 4181 3308 4234 et
3339 4185 3511 4241 esset
3537 4180 3612 4240 ad
3649 4182 3708 4241 id

468 4252 775 4326 idoneus,
807 4261 868 4312 et
900 4253 1011 4332 qui
1043 4269 1226 4331 teque
1257 4255 1531 4330 pecunia
1563 4257 1921 4319 conductus
1960 4258 2082 4322 hoc
2105 4278 2273 4324 onus
2303 4261 2371 4322 in
2399 4279 2468 4325 se
2498 4280 2828 4330 assumere
2863 4252 3076 4333 vellet.
3109 4275 3267 4337 Cum
3295 4296 3443 4342 vero
3472 4281 3591 4346 hac
3629 4287 3708 4346 de

469 4367 660 4412 causa
713 4351 880 4413 haud
936 4371 1159 4431 parum
1191 4355 1424 4415 anxius
1483 4355 1820 4433 haererem,
1871 4369 1933 4421 et
1977 4360 2180 4425 ferme
2213 4365 2617 4427 conciderem
2677 4369 2917 4446 animo,
2985 4377 3290 4440 dominus
3345 4383 3424 4444 de
3468 4387 3709 4459 Kollar,

470 4467 662 4526 quem
695 4451 961 4519 honoris
999 4470 1186 4516 causa
1224 4454 1515 4529 nomino,
1553 4457 1629 4518 ad
1661 4455 1996 4520 litterariis
2027 4461 2425 4539 reipublicae,
2462 4464 2614 4538 imo,
2654 4470 2829 4546 quod
2863 4483 2924 4533 et
2979 4477 3118 4552 ipse
3145 4480 3377 4554 aiebat,
3413 4451 3712 4548 Ecclesite

472 4555 882 4628 beneﬁcium,
923 4555 1205 4618 laborem
1236 4557 1460 4632 istum,
1493 4561 1731 4622 studiis
1761 4563 1908 4624 aliis
1933 4565 2354 4642 gravissimis,
2381 4568 2620 4646 quibus
2652 4573 3083 4655 detinebatur,
3115 4583 3527 4661 intermissis,
3561 4591 3712 4652 sub-

472 4652 566 4712 ire
603 4664 831 4730 sponte
865 4656 1086 4724 voluit.
1149 4658 1354 4730 Quam
1397 4660 1480 4722 ob
1514 4678 1768 4724 causam
1801 4681 1946 4725 eum
1980 4665 2197 4725 cmteri
2228 4681 2454 4729 omnes
2483 4685 2806 4734 sacrarum
2841 4652 3196 4742 litterarum
3239 4652 3523 4749 cultores
3569 4690 3712 4767 plu-

475 4753 705 4814 rimum
739 4755 834 4815 illi
868 4755 1126 4827 debent,
1156 4764 1290 4819 tum
1324 4776 1474 4824 vero
1512 4763 1649 4839 ipse
1681 4781 1781 4826 me
1816 4763 1912 4826 illi
1943 4783 2200 4830 summe
2231 4769 2609 4834 obstrictum
2642 4778 2965 4853 proﬁteor,
2999 4799 3142 4844 cum
3183 4785 3249 4846 in
3296 4791 3418 4849 mei
3445 4753 3707 4871 quoque

471 4857 740 4970 gratiam
776 4864 1184 4970 tamgravem
1213 4860 1572 4970 molestiam
1785 4865 2044 4927 duxerit
2090 4868 2559 4946 perferendam.
2593 4877 2900 4942 Venetias
2935 4883 3135 4961 igitur
3163 4903 3307 4948 cum
3339 4857 3707 4970 apograiiho

470 4959 699 5034 redux,
732 4975 876 5022 cum
897 4959 1028 5039 jam
1062 4969 1315 5042 tempus
1352 4963 1616 5026 instaret
1640 4965 2522 5050 illiussimprimendi,primo
2555 4977 2817 5052 quidem
2844 4959 3309 5049 Hentenianam
3344 4959 3705 5054 versionem

543 5158 923 5253 {9.9939}???
951 5160 2040 5253 ΨΞΨΨΞΨῗΡῘῬΡΡείἿξΡ.,ΨῗωῨἺὲδίξΨ
2149 5184 2323 5253 .‘lll’mv
2371 5180 2439 5253 “5.
2483 5175 2768 5253 εέηίυτθιη
2813 5176 2990 5253 ῖξςενε
3047 5195 3133 5253 [ηε
3186 5181 3366 5247 vellet.
3415 5198 3708 5253 quemnam

472 5230 921 5316 Πιμιιιενθηιιροιιι
957 5229 1895 5316 expulilicaLugduniBatavorum
1956 5235 2039 5316 ll‘i-
2148 5229 2441 5316 illiusmodi
2496 5229 3714 5316 Commentarii—prmlerreittva'uciu‘re'iiiT-Ki

473 5299 2034 5393 litiqtt‘.L‘gnmentiti-iniiiis'Eatalggolegissetn,in
2148 5307 2240 5393 i‘lle
2268 5309 2661 5393 humanissime
2686 5330 2748 5368 ac
2789 5299 3710 5393 promptissimerespondi-{equi:

475 5371 664 5461 indice
697 5369 1916 5461 13??,JCqmntﬁntarioshde.quibusnaginius
1939 5391 2030 5461 re-
2139 5377 2266 5461 dem
2299 5381 2354 5449 in
2378 5381 2551 5461 prima
2585 5383 2732 5440 illius
2763 5369 2968 5461 codicis
2988 5369 3711 5461 piatasjééidii'éj'ﬁsﬁitiai

472 5439 668 5534 ait?“
696 5437 2030 5534 .f2§:'f.".‘._.l’".';Jlliflii‘EfL.‘Ei’fi‘l'?ﬂ'“?}?-§!'2'l?'
2136 5437 2608 5534 9°.mynéierios:
2645 5437 3710 5534 τειειιὶιέιί⁷ἓὄεῖίὶῑεῖῐὲὸῖᾱίὶεὲἰῖἕᾶῐιῖιῖ

470 5508 638 5572 vium,
694 5508 937 5577 ejusdem
1000 5508 1339 5571 bibliotheca
1396 5509 1678 5565 cusmdem
1732 5513 2022 5568 meritissi-
2129 5530 2290 5586 quam
2318 5528 2548 5574 exstare.
