4068 6210
348 201 443 267 ἀει
1221 197 1296 256 IN
1342 197 1782 268 SEQUENTIA
1813 199 2396 259 TilEUPliTLACTI
2438 199 2776 259 SCRIPTA.
3508 211 3614 266 42!

351 319 410 380 in
444 314 688 389 quibus
732 329 879 374 cum
918 310 1410 372 OEcumeniauo
1449 309 1957 370 Commentarios
1997 307 2454 371 isleconsentit
2492 310 3064 387 (consentitautem
3093 316 3161 373 u‘t
3194 312 3600 395 plurimum),

353 418 511 483 mihi
543 416 946 478 retinendam
981 412 1446 475 existimabam.
1489 413 1611 471 Sed
1646 411 1814 473 fat-to
1861 413 1954 474 rei
2014 415 2322 490 periculo.
2383 432 2526 475 cum
2592 415 2673 475 ob
2708 413 3127 493 -frequentem
3185 435 3405 479 rerum
3440 423 3616 481 ordi-

346 519 584 596 nisque
623 518 1022 586 varietatem,
1061 522 1253 590 atque
1280 513 1468 573 etiam
1503 513 1586 574 ob
1617 531 1688 573 ea
1720 531 1862 591 quae
1899 515 1964 574 in
1997 515 2305 575 alterutro
2344 517 2435 574 vel
2473 517 2900 593 prrotermissa
2929 525 3169 590 essent,
3221 518 3320 578 vel
3371 521 3610 592 addita,

344 621 704 697 plurimum
738 617 893 678 mihi
933 615 1170 676 laboris
1212 631 1283 676 ac
1309 615 1483 675 tmdii
1523 616 1943 676 subeundum
1983 616 2292 687 viderem,
2343 633 2414 676 ac
2447 625 2744 692 j‘irteterea
2777 617 2988 676 versio
3024 618 3159 693 ipsa
3213 619 3612 682 lienteniana

345 737 479 780 non
538 718 696 778 mihi
754 716 1002 794 ubique
1039 714 1452 792 probaretur,
1497 721 1740 774 mutato
1786 713 2089 787 consil-io,
2143 731 2369 775 novam
2421 714 2868 794 integramque
2915 715 3115 794 hujus
3158 718 3614 780 Commentarii

347 820 721 879 versionem
781 816 1099 877 adornare
1141 813 1476 884 constitui,
1514 822 1582 875 nt
1630 814 1854 874 saltem
1903 823 2078 875 esset
2131 813 2245 874 illa
2283 814 2524 892 ubique
2560 814 2682 874 sibi
2741 815 3180 885 consentiens,
3217 833 3288 876 ac
3339 833 3464 876 non
3504 834 3616 895 pro

353 923 663 984 varietate
727 919 1004 998 partium
1068 918 1238 978 varia
1301 925 1363 978 et
1427 917 1616 997 quasi
1689 916 2044 979 versicolor
2114 927 2471 994 appareret.
2533 917 2912 978 Versionem
2977 934 3330 995 aggressus
3407 921 3617 982 statim

358 1024 811 1095 animadverti,
867 1021 1037 1082 mihi
1109 1039 1258 1083 cum
1311 1021 1533 1083 codice
1591 1023 1907 1083 mendoso
1959 1037 2032 1083 ac
2065 1020 2444 1100 frequenter
2501 1022 2726 1083 mutilo
2777 1021 3153 1083 luctandum
3214 1040 3356 1084 esse
3394 1045 3409 1084 :
3442 1030 3614 1103 quod

352 1137 566 1187 tamen
591 1143 829 1187 novum
862 1124 1130 1186 minime
1150 1125 1402 1198 accidit,
1435 1127 1677 1204 quippe
1710 1125 1822 1204 qui
1850 1126 1980 1206 jam
2006 1128 2263 1194 scirem,
2285 1127 2584 1187 eumdem
2613 1127 2896 1187 codicem
2920 1143 3086 1199 esse,
3109 1145 3184 1186 ex
3202 1143 3338 1205 quo
3364 1127 3617 1188 Sil‘anus

348 1244 550 1288 suum
583 1227 837 1303 inﬂActa
884 1226 1325 1304 apostolorum
1361 1228 1902 1290 Commentariun)
1933 1228 2372 1307 deprompsit;
2399 1237 2750 1307 utrumque
2781 1229 3047 1305 proinde
3078 1229 3323 1289 eisdem
3351 1231 3620 1289 subesse

349 1324 713 1387 defectibus
743 1334 1062 1402 oportere.
1091 1325 1278 1387 Illius
1307 1325 1815 1404 corruptionem,
1853 1331 2109 1401 menda,
2145 1327 2435 1390 defectus
2460 1329 2756 1405 agnovit,
2807 1327 3269 1406 adnotavitque
3316 1327 3380 1387 in
3451 1344 3618 1387 mar-

349 1427 507 1506 gine
541 1426 684 1504 ipse
721 1425 1004 1489 Sifanus.
1033 1430 1161 1490 Sed
1205 1430 1368 1492 iliud
1404 1432 1557 1493 mihi
1597 1451 1725 1511 prie
1755 1432 1974 1494 Sifano
2006 1433 2440 1508 commodius,
2475 1432 2816 1512 magisque
2868 1438 3314 1509 opportunum
3359 1428 3615 1507 obtigit.

351 1527 530 1605 quod
562 1525 1078 1589 Commentarius
1112 1519 1232 1588 iste
1257 1531 1382 1589 sub
1412 1532 1606 1605 alius,
1661 1549 1892 1611 nempe
1948 1529 2361 1604 OEcumenii,
2418 1531 2700 1600 nomine,
2731 1532 3006 1592 maxima
3055 1529 3277 1589 saltem
3313 1546 3391 1588 ex
3446 1542 3620 1605 parte

352 1628 573 1689 editus
632 1638 804 1691 esset
833 1648 913 1692 ex
945 1631 1165 1693 codice
1199 1633 1401 1712 magis
1437 1633 2190 1711 integro-etemendato;
2227 1651 2306 1694 ex
2351 1649 2483 1711 quo
2523 1632 2796 1711 proinde
2839 1633 3222 1710 quamplura
3275 1631 3511 1691 sarcire
3561 1640 3622 1687 ct

350 1732 684 1810 corrigere
719 1733 873 1794 mihi
913 1733 1120 1810 licuit,
1152 1737 1398 1815 ingenti
1429 1746 1643 1800 tamen
1680 1747 1740 1800 et
1765 1741 2057 1820 apprime
2104 1739 2375 1802 molesto
2417 1738 2632 1801 labore
2669 1759 2684 1797 :
2721 1753 2864 1797 nam
2901 1752 3043 1796 eam
3079 1734 3160 1794 ob
3202 1751 3458 1795 causam
3487 1733 3623 1794 fre-

343 1822 792 1926 (jue-ntissime
823 1855 895 1900 ac
924 1837 1127 1902 ferme
1153 1850 1470 1920 perpetuo
1501 1841 1774 1904 alterum
1809 1861 1954 1907 cum
1987 1847 2190 1905 altero
2235 1835 2528 1903 conferre
2567 1856 2830 1900 necesse
2855 1838 3000 1899 fuit.
3035 1838 3416 1916 Quanquam
3466 1853 3621 1898 vero

347 1944 560 2004 multa
601 1943 661 2002 in
694 1944 1196 2008 .OEcumeniano
1251 1947 1406 2021 sint,
1439 1965 1584 2026 qum
1615 1948 1680 2008 in
1718 1947 2206 2009 \‘indobonensi
2241 1943 2716 2008 Commentario
2747 1943 3219 2013 desiderantur,
3251 1957 3368 2018 ego
3415 1949 3624 2002 tamen

355 2043 619 2104 nonnisi
655 2061 732 2105 ea
777 2062 924 2123 qua)
997 2047 1389 2124 perﬁciendo
1419 2049 1543 2108 mei
1579 2049 1928 2128 apographi
1962 2049 2186 2110 sensui
2221 2048 2352 2107 visa
2382 2054 2533 2108 sunt
2566 2045 2952 2116 necessaria,
2992 2043 3181 2102 verba
3235 2041 3620 2119 plerumque

355 2142 731 2220 desumpsi;
770 2160 997 2222 eaque,
1035 2151 1104 2206 ut
1141 2145 1207 2204 in
1243 2145 1720 2207 Commentario
1753 2148 2180 2224 prtecedente,
2225 2146 2454 2225 signis,
2502 2145 2690 2224 queis
2735 2145 3325 2223 distinguerentur,
3361 2144 3618 2204 inclusi.

357 2242 809 2304 Correctiones
866 2243 1130 2323 majoris
1166 2245 1498 2318 momenti,
1533 2262 1606 2307 ac
1643 2246 1964 2309 variantes
2000 2247 2308 2308 lectiones
2338 2263 2519 2324 teque
2552 2246 2617 2304 in
2662 2243 2803 2318 hoc,
2837 2251 3030 2322 atque
3071 2243 3134 2303 in
3174 2243 3288 2303 illo
3321 2245 3394 2303 ad
3451 2260 3618 2304 uzar-

346 2340 576 2418 ginem
640 2341 964 2402 adnotavi.
1030 2342 1146 2403 Ubi
1191 2361 1341 2406 vero
1399 2347 1814 2424 prmpositnm
1857 2347 2100 2408 videris
2148 2346 2267 2408 hoc
2324 2345 2785 2424 compendium
2840 2353 2937 2416 ἴσ..
2974 2362 3092 2406 seu
3133 2353 3283 2418 ἴσως,
3331 2349 3625 2424 {or-lasso,

344 2442 529 2503 scias
567 2443 782 2514 velim,
843 2461 914 2505 ea
948 2461 1047 2505 me
1079 2462 1156 2505 ex
1208 2445 1342 2507 sola
1377 2446 1738 2525 conjectura
1785 2447 2193 2526 apposuisse.
2235 2446 2465 2506 Menda
2510 2445 2758 2506 notiora
2795 2452 2855 2504 et
2895 2445 3096 2523 magis
3125 2445 3313 2507 obvia
3365 2445 3627 2516 sustuli,

347 2543 544 2606 nulla
577 2544 791 2606 addita
847 2545 1320 2608 admonitione.
1374 2549 1566 2608 Notas
1615 2547 1894 2626 aliquas,
1935 2549 2013 2610 de
2041 2542 2282 2626 quibus
2337 2546 2457 2607 sub
2491 2547 2680 2607 tinem
2725 2545 2918 2624 hujus
2964 2543 3366 2607 Presfationis
3433 2561 3631 2624 pauca

360 2645 707 2713 dicam..ad
739 2647 974 2710 calcem
1009 2647 1386 2727 paginarum
1420 2649 1715 2729 adjunxi.
1770 2649 1984 2711 Codex
2023 2646 2894 2719 Caesareo-Vindobonensis,
2940 2647 3051 2725 qui
3103 2645 3279 2709 hunc
3341 2646 3632 2708 continet

361 2748 935 2826 Commentarium,
989 2753 1362 2816 chartaceus
1413 2763 1508 2816 est
1565 2754 1634 2815 in
1685 2751 1850 2814 folio
1896 2753 2173 2827 minore,
2211 2758 2272 2813 et
2305 2751 2584 2830 eleganti
2619 2751 2908 2830 quidem,
2936 2752 3046 2812 sed
3091 2751 3440 2812 minutiore
3485 2749 3634 2811 chao

351 2863 610 2918 1actere
647 2865 966 2919 θητείας.
1003 2861 1053 2919 Α
1096 2858 1434 2920 Lambecio
1465 2855 1950 2920 vetustissimus
1987 2873 2056 2918 ac
2096 2857 2668 2934 priestantissimus
2723 2855 2960 2917 dicitur
2994 2876 3010 2914 :
3043 2855 3157 2916 sed
3193 2855 3350 2916 mihi
3383 2855 3445 2920 in
3479 2873 3633 2919 eum

363 2959 606 3014 attente
639 2953 912 3014 intuenti
947 2971 1064 3016 nec
1100 2964 1539 3032 pervetustus,
1581 2972 1796 3034 neque
1841 2955 2002 3015 adeo
2056 2962 2358 3031 praestans
2409 2972 2555 3016 esse
2595 2954 2854 3016 videtur
2883 2954 2964 3014 ob
2995 2953 3285 3016 defectus
3331 2955 3636 3034 superius

355 3054 704 3116 indicatos.
753 3057 827 3117 Et
875 3075 1054 3132 sane,
1084 3058 1366 3134 tametsi,
1407 3069 1554 3120 nota
1608 3059 1914 3136 temporis
1967 3059 2328 3132 deficiente,
2372 3069 2545 3121 certo
2594 3059 2861 3121 deﬁnire
2902 3073 3030 3119 non
3066 3057 3249 3119 liceat
3293 3076 3420 3142 qua
3450 3067 3637 3123 {etate

361 3153 568 3218 tuerit
605 3167 926 3232 exaratus,
964 3159 1393 3225 nihilominus
1425 3167 1570 3222 ante
1609 3159 1921 3222 smculum
1954 3178 2068 3222 xw
2101 3160 2206 3220 vix
2247 3160 2628 3222 crediderim
2655 3177 2802 3221 eum
2831 3156 3035 3219 fuisse
3063 3159 3524 3234 conscriptum.
3565 3161 3638 3222 id

371 3263 584 3318 tamen
631 3260 787 3320 satis
849 3259 1007 3321 mihi
1074 3261 1330 3323 videtur
1375 3261 1452 3324 ad
1506 3261 1974 3324 conciliandam
2017 3261 2393 3322 testimonio
2432 3261 2622 3322 istius
2658 3260 2901 3322 codicis
2952 3257 3393 3320 auctoritatem
3451 3258 3518 3321 in
3559 3276 3640 3321 eo

369 3355 549 3431 quod
583 3354 1102 3435 'lfheOphylactus
1137 3358 1520 3422 istiusmodi
1575 3357 2033 3423 Commentarii
2072 3367 2304 3426 auctor
2336 3361 2606 3431 dicatur.
2663 3359 2786 3422 Sed
2811 3375 2944 3442 jam
2993 3359 3071 3422 de
3111 3359 3254 3438 ipso
3293 3359 3642 3422 Commen-

375 3453 534 3515 tario
565 3455 878 3517 nonnulla
910 3457 1148 3518 addere
1181 3465 1454 3536 prastat.

454 3560 600 3621 ΧΠ.
663 3562 748 3634 Is,
793 3578 930 3624 mea
983 3561 1251 3642 quidem
1303 3564 1645 3636 sententia,
1709 3565 1867 3626 satis
1931 3565 2273 3644 praeclarus
2329 3573 2450 3626 est.
2506 3564 2875 3628 Litteralem
2932 3565 3314 3644 plerumque
3373 3580 3638 3625 sensum

369 3660 621 3737 .optime
660 3659 960 3738 explicat,
997 3667 1056 3722 et
1087 3661 1427 3724 occasione
1455 3662 1620 3735 data,
1646 3663 1702 3722 si
1725 3679 1851 3741 qua
1869 3662 2149 3724 occurrit
2179 3661 2519 3733 dubitatio,
2547 3670 2911 3738 Opportune
2934 3662 3202 3723 discutit
3232 3663 3643 3737 breviterque

379 3763 671 3824 resolvit.
737 3764 1059 3827 Nonnulla
1125 3773 1336 3827 tamen
1394 3765 1592 3827 veluti
1645 3774 1974 3836 extranea,
2026 3775 2137 3828 aut
2198 3782 2324 3826 non
2385 3765 2654 3827 omnino
2713 3782 2998 3827 consona
3048 3767 3322 3839 veritati,
3369 3783 3644 3846 qumque

380 3865 714 3927 eruditum
756 3872 1319 3928 commentatorem
1371 3864 1709 3936 dedecent,
1769 3867 2214 3941 reperiuntur.
2268 3866 2388 3927 Sed
2435 3866 2569 3927 hare
2611 3864 2793 3926 scioli
2841 3864 3120 3943 alicujus
3170 3867 3411 3944 adjecta
3454 3883 3648 3928 manu

383 3964 616 4037 fuisse,
663 3964 766 4024 vix
815 3965 1064 4027 dubito.
1113 3965 1588 4026 Commentario
1643 3963 1767 4025 sub
1814 3964 2198 4026 OEcumenii
2254 3964 2517 4027 nomine
2552 3963 2728 4025 edito
2781 3963 3039 4025 brevior
3088 3963 3471 4040 plerumque
3521 3979 3645 4031 est,

384 4087 515 4151 quo
545 4069 625 4130 ad
660 4069 1119 4150 'l‘heOphylacti
1153 4067 1440 4130 indolem
1473 4067 1735 4145 propius
1767 4069 2032 4140 accedit,
2066 4068 2307 4148 quippe
2372 4069 2486 4146 qui
2537 4067 2846 4129 nonnulla
2894 4081 3158 4142 prorsus
3201 4063 3471 4133 omittit;
3523 4060 3648 4122 alia

387 4189 540 4233 vero
603 4171 803 4250 magis
860 4169 1178 4232 contrahit
1231 4177 1424 4247 atque
1483 4167 1840 4247 restringit.
1885 4170 2090 4242 Quam
2149 4185 2298 4230 vero
2356 4173 2439 4230 ob
2487 4184 2742 4230 causam
2783 4167 2971 4227 verba
3012 4163 3248 4227 sensui‘
3289 4162 3650 4226 necessaria

388 4286 834 4349 saepenumero
866 4270 1262 4342 omittantur,
1303 4268 1555 4345 ignoro.
1596 4265 1767 4328 lllud
1795 4278 2043 4329 certum
2079 4269 2350 4341 videtur,
2399 4287 2524 4330 non
2561 4269 2746 4346 primi
2781 4255 3082 4336 auctoris,
3123 4269 3234 4331 sed
3287 4266 3648 4344 cojuspiam

392 4373 643 4436 librarii
679 4371 864 4448 culpa
894 4371 956 4432 id
985 4369 1297 4432 accidisse
1329 4385 1342 4431 :
1377 4369 1920 4447 quemadmodum
1960 4369 2248 4447 longiora
2279 4373 2573 4449 quasdam
2614 4387 2684 4431 ac
2715 4370 2907 4448 genio
2940 4367 3400 4448 TheOphylacti
3436 4370 3650 4430 minus

394 4483 848 4544 consentanea,
880 4474 958 4533 ab
989 4471 1209 4546 aliquo
1243 4469 1544 4530 videntur
1577 4469 1848 4530 intrusa.
1884 4471 2152 4532 Nomina
2182 4479 2539 4543 auctorum,
2591 4472 2647 4532 si
2681 4471 3208 4550 Chrysostomum
3239 4480 3300 4532 et
3341 4472 3655 4551 Cyrillum

399 4576 710 4654 excipias,
772 4574 944 4635 nulla
1001 4574 1358 4634 atl'ernntnr
1394 4592 1408 4632 :
1443 4580 1719 4631 attamen
1772 4571 1957 4631 dietis
2009 4580 2296 4634 veterum
2335 4576 2588 4634 Patrum
2651 4571 3031 4650 plerumque
3081 4573 3144 4634 in
3199 4573 3652 4651 compendium

403 4679 674 4742 redactis
716 4678 812 4740 sin
842 4676 1074 4748 omnia,
1109 4673 1381 4751 plurima
1416 4673 1640 4733 saltem
1669 4671 1732 4731 in
1765 4689 1844 4733 eo
1878 4673 2157 4745 contexi,
2191 4683 2641 4752 argumentum
2679 4683 2796 4747 est,
2831 4675 3000 4752 quod
3037 4674 3195 4734 mihi
3226 4691 3392 4750 saspe
3432 4674 3652 4735 eadem

407 4796 670 4860 prorsus
704 4778 1122 4849 OCCUH‘Cl'illl,
1156 4793 1297 4854 quas
1335 4774 1400 4835 in
1426 4771 2190 4846 CatenaV’indobonensi,
2213 4775 2293 4835 de
2327 4792 2453 4852 qua
2480 4791 2695 4851 supra,
2730 4776 3160 4852 perlegeram;
3193 4774 3483 4853 adeoque
3518 4773 3658 4853 ejus

406 4898 525 4956 0pc
555 4878 1008 4942 Commentarii
1057 4877 1251 4954 hujus
1279 4883 1519 4938 textum
1561 4875 1900 4937 emendare
1932 4892 2399 4954 nonnunquam
2437 4877 2612 4954 potui
2659 4898 2674 4940 :
2713 4893 2911 4956 quare
2950 4892 3078 4938 non
3111 4875 3371 4938 omnino
3403 4875 3660 4938 inutilis

409 4998 479 5042 ca
519 4981 748 5040 Catena
782 4976 967 5039 nobis
999 4976 1140 5037 fuit.
1181 4975 1301 5035 Hic
1352 4989 1525 5044 vero,
1578 4982 1921 5052 antequam
1955 4976 2034 5035 de
2071 4975 2190 5035 hoc
2241 4977 2716 5038 Commentario
2768 4976 3017 5055 praefari
3064 4977 3314 5049 desino,
3365 4979 3658 5042 animad-

410 5087 655 5142 vertere
711 5085 982 5156 przestat,
1041 5077 1248 5155 primo
1311 5083 1547 5137 textum
1614 5092 1807 5137 sacrae
1861 5075 2204 5153 Scriptura)
2255 5077 2318 5136 in
2363 5077 2479 5138 hoc
2519 5078 2740 5139 codice
2791 5095 2917 5140 non
2970 5095 3226 5156 semper
3265 5080 3346 5140 ita
3380 5081 3660 5141 divisum

410 5179 868 5254 digestumque
903 5192 1067 5246 esse,
1105 5183 1172 5235 ut
1203 5173 1767 5253 Scripturaaverba
1801 5173 2165 5236 immediate
2199 5174 2468 5252 excipiat
2503 5174 2821 5251 expositio
2854 5175 3354 5255 Theophylacti;
3387 5179 3494 5238 sed
3531 5177 3660 5237 hair

412 5279 763 5356 aliquando
802 5275 1119 5354 prmcedit,
1150 5274 1497 5353 aliquando
1523 5273 1717 5337 simul
1754 5273 2049 5352 prmcedit
2084 5273 2662 5351 subsequiturque.
2693 5275 3120 5348 Quamobrem
3147 5275 3257 5352 qui
3303 5274 3659 5350 (-ojusiiiam

416 5390 628 5442 textus
660 5376 1178 5455 eXplanationem
1223 5376 1528 5454 exquirit,
1565 5377 1800 5435 nedum
1849 5374 2342 5453 subsequentia,
2389 5375 2502 5436 sed
2545 5384 2605 5435 ct
2657 5377 2942 5450 proxime
2984 5374 3426 5436 antecedentia
3474 5371 3660 5450 legat,

419 5499 680 5544 necesse
714 5489 830 5540 est.
865 5479 1025 5552 Quia
1050 5495 1198 5539 vero
1229 5478 1290 5538 in
1329 5478 1694 5556 apographo
1738 5495 1881 5538 meo
1909 5481 2301 5556 quandoque
2339 5479 2544 5556 reperi
2581 5478 3054 5556 expositionem
3087 5477 3164 5537 ab
3196 5475 3335 5552 ipso
3368 5481 3542 5534 textu
3580 5475 3661 5534 ita

420 5584 789 5656 distantem,
825 5589 892 5642 ut
931 5580 1030 5642 vix
1066 5580 1356 5658 dignosci
1395 5589 1612 5662 posset
1665 5581 2056 5664 quibusnam
2092 5581 2302 5644 verbis
2336 5581 2778 5658 reSponderet,
2815 5580 2962 5646 ideo
2993 5579 3071 5640 ad
3118 5575 3557 5640 difﬁcultatem
3586 5579 3664 5646 de
