2034 3105
204 81 257 111 42}
708 73 900 104 BONIFACH
924 73 945 102 F
951 71 1080 102 INETTI
1108 68 1305 101 PREFATIO
1779 65 1833 98 ιξι

204 133 313 166 medio
330 131 429 163 tollen
444 130 503 161 iam
516 130 652 160 alterum
665 137 703 159 ex
726 129 776 158 his
793 126 922 166 prastiti
941 138 949 157 :
970 125 1019 157 val
1040 125 1148 165 aliqua
1164 124 1335 162 Scriptura:
1352 121 1461 159 verba,
1473 121 1583 153 Graeco
1595 123 1684 152 textu
1701 128 1834 159 prorsus

204 183 336 220 intacto,
357 184 391 214 in
413 182 562 213 versione
584 182 697 211 iterato
714 179 826 219 posui;
844 178 908 215 vel,
925 178 953 208 si
973 177 1005 207 id
1027 176 1211 208 confusioni
1239 174 1389 207 tollendte
1404 173 1511 206 minus
1535 171 1707 206 sufﬁceret.
1727 172 1833 211 ipsum

204 236 376 275 Scriptura:
392 238 512 264 textum
532 231 596 262 alio
619 229 782 266 transtuli,
803 233 835 260 et
858 226 1085 263 Commentarii
1111 227 1221 259 sedem
1249 224 1344 264 paulo
1361 223 1491 257 inverti.
1509 223 1680 254 Confusam
1705 223 1787 253 hanc
1803 226 1833 253 et

205 272 315 321 minus
340 287 443 323 aptam
474 282 554 312 sacri
581 284 687 311 textus
712 279 956 313 collocationem
984 277 1098 310 nonin
1125 276 1186 307 hoc
1210 277 1329 310 solum,
1350 274 1405 304 sed
1432 273 1526 306 etiam
1552 273 1583 305 iu
1605 272 1678 302 aliis
1697 272 1834 302 aliorum

204 340 408 376 scriptorum,
425 334 491 365 imo
521 336 551 363 et
568 330 797 372 'l‘heopliyiacti
826 329 1072 364 Commentariis
1096 327 1272 361 identidem
1295 325 1517 376 animadverti.
1543 325 1621 376 Quae
1644 328 1837 376 praepostera

206 373 379 427 dispositio
403 394 441 416 ex
458 392 497 415 eo
527 387 595 416 orta
620 383 759 418 videtur,
772 382 860 421 quod
886 388 950 413 non
981 387 1043 409 suo
1070 386 1210 417 quicque
1241 376 1340 410 textui
1370 375 1515 417 subjecta
1550 374 1710 413 principio
1738 373 1836 404 fuerit

204 425 385 476 expositio;
414 436 471 466 sed
504 435 537 466 in
567 434 712 474 margine
741 432 864 467 laterali
892 430 932 462 ab
960 430 1147 464 auctoribus
1176 429 1227 459 vel
1257 426 1486 462 collectoribus
1514 426 1617 465 posita
1637 425 1800 455 interdum
1819 434 1835 454 e

208 488 350 527 regione,
369 486 531 517 interdum
544 487 642 519 etiam
662 484 816 520 inferius,
851 483 946 526 cujus
972 482 1017 513 rei
1045 481 1144 513 multa
1168 483 1345 525 supersunt
1379 482 1545 517 exempta;
1569 477 1687 508 deinde
1714 484 1789 507 vero
1820 485 1834 506 a

210 538 349 570 librariis
370 529 473 569 textui
487 545 575 571 sacro
587 536 630 568 .ad
649 536 775 569 libitum
789 534 841 566 vel
855 543 897 565 ex
913 532 1074 573 imperitia
1096 531 1236 567 dissecto
1255 530 1420 569 supposita
1449 529 1556 559 fuerit.
1580 529 1708 560 Certum
1725 529 1836 559 saltem

206 590 350 626 videtur,
373 597 455 625 eam,
472 597 545 626 quas
566 587 598 618 in
615 586 755 618 diversis
779 584 953 617 codicibus
973 584 1069 621 inest,
1089 582 1287 618 varietatem,
1306 581 1354 611 vel
1374 581 1406 611 in
1434 587 1497 612 uno
1522 579 1703 618 eodemque
1728 580 1836 609 coilice

208 641 446 673 confusionem.
465 640 610 678 potuisse
627 645 667 667 ex
684 636 744 666 hoc
760 635 862 674 capite
884 633 984 670 oriri;
1003 637 1036 664 ut
1064 631 1173 665 mirari
1198 631 1334 671 proinde
1362 637 1457 664 nemo
1473 629 1599 665 debeat,
1627 630 1655 659 si
1679 628 1772 659 aliter
1786 628 1837 658 hic

203 699 304 733 atque
333 693 366 723 in
391 690 635 722 OEaumeniauo
660 687 898 721 Commentario
919 685 1101 726 dispositus
1125 684 1297 723 Scripturaa
1323 686 1429 713 textus
1452 681 1644 720 divisusque
1664 684 1837 712 cernatur:

211 744 359 786 quamvis
375 743 470 775 etiam
486 740 669 775 Hentenius
680 739 825 779 aliquam
842 739 897 773 ibi'
906 738 1117 770 mutationem
1133 736 1307 773 invexerit,
1332 738 1366 765 ut
1382 734 1529 773 ipsemet,
1542 734 1634 767 allata
1653 733 1839 764 mutationis

207 783 345 831 ratione,
359 793 487 826 fatetur.
504 791 662 827 Alterum,
679 791 718 821 de
735 798 801 829 quo
816 790 980 820 Lectorem
997 787 1219 826 praemonitum
1234 786 1343 821 velim,
1361 789 1420 821 est,
1432 785 1463 814 in
1477 784 1586 815 codice
1595 783 1839 814 Vindobouensi

210 844 352 884 singulis
372 842 505 881 quidem
534 840 688 879 Epistolis
707 839 971 879 uniuscujusque
992 841 1219 877 argumentum
1239 836 1405 875 praemitti;
1430 835 1485 866 sed
1517 834 1675 873 Epistolas
1697 835 1781 872 ipsas
1809 839 1839 865 et

212 891 466 925 Commentarios
482 890 609 922 illarum
622 897 687 920 non
702 889 885 928 interrupto
914 889 968 919 ﬁlo
988 888 1117 927 absque.
1133 886 1367 922 versiculorum
1390 890 1444 916 aut
1467 885 1608 924 capitum
1632 884 1840 915 distinctione

212 951 283 973 esse
298 942 433 981 digesta.
461 941 534 974 Haec
560 939 707 971 addenda
734 938 848 970 censui
874 938 1007 980 majoris
1033 937 1194 972 commodi
1221 936 1321 977 gratia
1346 936 1436 976 juxta
1453 938 1638 965 consuetam
1656 935 1838 970 Latinorum

212 993 460 1032 Graecorumque
479 988 672 1021 numerandi
689 988 859 1019 rationem.
874 988 1072 1026 Argumenta
1087 993 1162 1018 vero
1178 985 1392 1024 Epistolarum
1405 984 1518 1015 eodem
1536 983 1630 1013 modo
1645 983 1764 1022 reliqui
1777 990 1839 1022 quo

213 1044 246 1074 in
263 1042 373 1074 codice
399 1044 486 1077 sunt,
512 1049 552 1072 ne
581 1048 630 1070 me
641 1039 763 1079 aliquis
781 1042 893 1077 arguat
909 1038 1121 1077 inﬁdelitatis,
1146 1045 1274 1077 unaque
1298 1036 1398 1070 lectOr
1415 1039 1576 1075 agnoscat,
1597 1038 1675 1074 quot
1689 1035 1721 1065 in
1742 1035 1841 1073 capita

211 1097 323 1127 auctor
338 1091 578 1129 Commentarii,
592 1091 642 1122 vel
659 1090 744 1123 alius
760 1091 949 1130 quicunque
963 1089 1075 1128 fuerit,
1092 1089 1252 1128 Epistolas
1278 1089 1423 1127 singulas
1454 1088 1556 1118 secari
1582 1087 1723 1119 voluerit
1742 1095 1750 1116 :
1772 1095 1842 1122 nam

216 1145 304 1183 plura
320 1145 350 1175 in
367 1151 560 1182 unaquaque
577 1144 745 1173 enumerat
771 1141 887 1180 capita,
903 1149 998 1180 quam
1027 1139 1209 1171 enumerari
1237 1139 1455 1170 communiter
1485 1138 1617 1168 soleant.
1635 1139 1677 1171 Ea
1703 1138 1843 1177 capitum

212 1193 426 1230 enumeratio,
448 1201 521 1232 qum
538 1192 571 1223 in
586 1191 728 1223 editione
743 1192 998 1228 OEc-umeniana,
1015 1191 1187 1222 exhibetur
1205 1191 1300 1221 etiam
1324 1190 1356 1220 in
1373 1189 1632 1224 Commentariis,
1653 1189 1793 1227 Insuper
1805 1188 1844 1223 ad

214 1245 329 1276 calcem
347 1243 522 1283 cujuslibet
541 1242 760 1277 commentarii
778 1246 906 1273 notatur
921 1251 1076 1275 numerus
1089 1241 1335 1276 versiculorum,
1350 1248 1431 1279 quos
1453 1240 1594 1278 Epistola
1606 1239 1637 1269 in
1648 1242 1685 1269 e‘o
1700 1240 1844 1278 exposita

212 1294 447 1325 couimcntario
463 1293 687 1332 complectitur
706 1304 713 1323 :
733 1293 789 1332 qui
819 1301 973 1323 numerus
993 1292 1095 1325 multo
1121 1292 1221 1331 major
1246 1295 1306 1327 est,
1331 1290 1506 1328 praesertim
1537 1290 1572 1320 in
1595 1289 1843 1328 posterioribus:

216 1351 350 1374 numero
367 1345 533 1373 consueto.
550 1343 678 1379 Menda,
698 1351 770 1382 quea
786 1342 820 1373 in
837 1341 998 1381 ejusmodi
1016 1350 1168 1373 numeros
1180 1342 1315 1373 fortasse
1331 1341 1545 1380 irrepserunt,
1558 1339 1718 1378 corrigere
1738 1339 1841 1370 nolui.

214 1398 303 1429 ratus
320 1393 388 1426 ﬁeri
406 1394 560 1433 potuisse,
577 1399 611 1425 ut
629 1399 752 1431 auctor,
769 1394 865 1425 sicuti
883 1393 976 1433 plura
992 1394 1107 1433 capita,
1125 1394 1165 1424 ita
1185 1397 1216 1424 et
1229 1394 1338 1433 plures
1350 1391 1546 1428 enumerarit
1565 1390 1755 1430 versiculos,
1773 1390 1842 1422 lice’

214 1446 261 1479 rei
279 1445 418 1487 hujusce
433 1454 561 1480 causam
579 1454 709 1478 prorsus
725 1446 883 1484 ignorem,
903 1445 963 1477 Sed
979 1445 1018 1477 de
1038 1444 1098 1478 hoo
1113 1453 1211 1485 opere
1228 1445 1318 1479 satis.

923 1526 1066 1557 SECTIO
1098 1527 1152 1561 1V.

687 1597 730 1628 De
752 1596 893 1627 oratione
913 1596 947 1627 in
967 1596 1191 1630 Adoratianem
1207 1597 1240 1628 S.
1260 1599 1378 1629 crucis.

258 1658 344 1692 Xlll,
361 1655 608 1695 Exegeticorum
625 1654 857 1694 Theophylacti
874 1663 1013 1694 operum
1031 1655 1064 1686 in
1082 1655 1159 1686 Novi
1187 1656 1384 1687 Teslameuti
1405 1657 1612 1697 Scripturam,
1635 1657 1741 1697 quoad
1767 1656 1845 1688 mihi

218 1713 351 1745 cuuslat,
373 1714 541 1740 numerum
565 1705 684 1736 claudit
702 1705 959 1736 Commentarios
984 1705 1018 1737 in
1042 1706 1203 1745 Epistolas
1227 1706 1416 1738 Catholicas.
1443 1708 1478 1738 In
1504 1708 1654 1748 sequenti
1683 1707 1846 1739 volumine

218 1763 333 1798 quarto
349 1757 429 1787 alias
445 1756 589 1795 ejusdem
605 1756 858 1786 Commentarios
879 1756 909 1786 in
929 1756 1028 1786 Vetus
1053 1757 1292 1790 Testamentum
1318 1757 1477 1790 invenies.
1507 1759 1542 1789 ln
1566 1758 1626 1788 hoc
1657 1766 1734 1788 vero
1761 1757 1847 1788 varia

219 1806 450 1846 'l'heophylacti
465 1804 622 1845 opuscula
640 1804 872 1843 subjiciuntur,
891 1806 986 1844 queis
1007 1814 1117 1844 magna
1136 1814 1174 1836 ex
1200 1809 1284 1844 parte
1302 1810 1407 1837 tomus
1431 1807 1492 1837 iste
1517 1807 1684 1843 conﬂatur.
1707 1807 1848 1842 Primum

219 1861 266 1888 est
280 1856 393 1888 Oratio
409 1856 443 1886 in
463 1854 681 1886 adorationem
697 1855 730 1885 S.
757 1855 882 1889 crucis;
898 1864 969 1895 quae
984 1855 1115 1894 quidem
1139 1856 1242 1887 oratio
1261 1857 1368 1889 Graece
1395 1858 1572 1897 Latineque
1594 1858 1678 1889 edita
1698 1857 1761 1888 fuit
1778 1857 1843 1896 jam

219 1908 344 1946 pridem
361 1916 375 1937 a
394 1906 581 1937 doctissimo
596 1905 764 1936 Societatis
782 1906 859 1937 Jesu
876 1906 1027 1945 theologo
1042 1905 1159 1938 Jacobo
1176 1907 1339 1944 Gretsero,
1359 1911 1444 1939 tomo
1457 1909 1601 1939 secundo
1621 1909 1664 1939 De
1682 1910 1714 1939 S.
1740 1917 1843 1939 cruce-

208 1959 282 1993 .Nos
297 1963 402 1989 tamen
419 1960 541 1988 textum
559 1956 703 1988 Graecum
720 1964 784 1986 non
802 1964 841 1988 ex
857 1956 971 1990 eodem
990 1957 1152 1993 Gretscro,
1175 1957 1232 1987 sed
1250 1966 1290 1987 ex
1308 1957 1416 1988 codice
1438 1958 1845 1992 Cresareo-Vindobonensi

219 2008 413 2046 descriptum
432 2005 636 2040 exhibemus.
654 2005 757 2036 Suum
773 2005 828 2035 ille
851 2005 1049 2044 deprompsit
1064 2014 1106 2038 ex
1121 2005 1230 2037 codice
1244 2007 1645 2039 Bavarico-Monachiensi.
1660 2009 1723 2039 Sed
1741 2008 1846 2047 quoad

220 2057 375 2095 colligere
394 2056 487 2088 licuit
504 2064 543 2086 ex
558 2059 707 2086 accurata
721 2055 890 2094 utriusque
906 2059 1012 2086 textus
1030 2055 1215 2093 collatione,
1231 2056 1430 2096 deprehendi
1456 2057 1505 2088 vel
1524 2059 1661 2090 alterum
1684 2067 1722 2092 ex
1748 2058 1847 2089 altero

219 2108 270 2140 vel
287 2113 463 2147 utrumque
480 2115 519 2139 ex
536 2114 602 2137 uno
617 2106 797 2146 eodemque
814 2107 924 2138 codice
938 2106 1041 2141 fuisse
1058 2107 1266 2146 descriptum.
1285 2108 1330 2140 Ita
1346 2108 1432 2139 enim
1450 2109 1647 2140 conveniunt
1664 2109 1746 2140 inter
1761 2118 1845 2146 sese,

219 2165 255 2191 ut
273 2168 313 2190 ne
330 2160 488 2190 variantes
507 2158 639 2197 quidem
657 2157 825 2196 lectiones,
842 2157 870 2189 si
887 2166 995 2195 unam,
1011 2157 1060 2188 vel
1077 2157 1208 2193 alteram
1225 2158 1379 2197 excipias,
1406 2160 1617 2199 suppeditarit
1633 2160 1692 2190 ista
1709 2159 1844 2192 collatio.

218 2212 379 2254 Quodque
398 2211 502 2250 majus
519 2214 579 2245 est,
594 2209 762 2243 lacunulas
783 2210 877 2245 duas,
898 2218 1036 2249 quarum
1058 2209 1191 2251 alteram}
1206 2218 1244 2240 ex
1265 2210 1448 2253 conjectura
1463 2211 1531 2250 ipse
1548 2210 1708 2250 suppleri,
1734 2210 1846 2242 eodem

220 2263 254 2291 in
279 2261 348 2291 loco
372 2261 552 2300 eodemque
575 2260 673 2293 modo
700 2259 794 2291 habet
824 2266 973 2305 uterque.
1005 2261 1195 2292 Versionem
1230 2261 1385 2296 Latinam,
1414 2270 1508 2302 quam
1537 2263 1705 2296 Gretserus
1733 2262 1849 2297 ﬁrmem

221 2314 341 2351 lingua!
359 2311 576 2351 peritissimus
596 2311 777 2346 adornavit.
794 2312 946 2352 snlijicio.
965 2312 1121 2345 Pauculas
1137 2312 1170 2342 in
1198 2312 1258 2344 ﬁne
1280 2312 1438 2347 orationis
1454 2317 1544 2345 notas
1574 2314 1689 2353 adjecit
1713 2314 1783 2350 ille;
1807 2322 1848 2344 ex

222 2363 343 2404 quibus
359 2364 452 2400 duas,
470 2371 541 2402 quae
554 2362 693 2405 alicujus
715 2364 869 2395 momenti
887 2364 964 2395 visae
984 2367 1072 2401 sunt,
1094 2364 1283 2403 selegimus,
1308 2373 1434 2404 suoque
1456 2365 1488 2401 in
1515 2365 1584 2398 loco
1608 2366 1847 2401 collocavimus,

223 2422 337 2452 nempe
361 2414 474 2453 pagina
489 2413 558 2448 L58,
577 2414 640 2444 Nos
660 2422 768 2451 unam,
796 2414 844 2447 vel
871 2415 1015 2452 alteram,
1039 2415 1091 2445 cui
1112 2415 1218 2454 aliqua
1245 2416 1391 2446 codicum
1419 2416 1551 2451 varietas
1572 2425 1681 2448 ansam
1703 2418 1847 2456 prmbliit,

222 2467 418 2498 addidimus.
436 2466 591 2499 Creterum
609 2466 738 2505 egregia
755 2470 804 2497 est
827 2466 937 2500 isthmc
962 2467 1076 2504 oratio,
1103 2470 1136 2497 et
1159 2466 1397 2506 Theophylacto
1418 2469 1554 2499 maxime
1581 2469 1687 2510 digna,
1714 2468 1849 2507 ejusque

222 2518 353 2558 genium
367 2526 403 2548 ac
417 2517 551 2557 stylum,
569 2526 641 2548 meo
656 2518 788 2556 quidem
803 2517 941 2555 judicio,
959 2526 1024 2556 pra;
1038 2527 1072 2548 se
1088 2517 1165 2548 fert:
1185 2518 1391 2557 quamobrem
1409 2518 1495 2549 nulla
1511 2527 1582 2549 esse
1598 2519 1691 2550 debet
1707 2519 1747 2549 de
1761 2519 1850 2549 illius

221 2574 350 2601 auctore
366 2568 523 2608 suspicio.
541 2568 649 2599 Medio
663 2568 866 2609 Jejuuiorum
885 2573 1039 2608 tempore,
1070 2573 1104 2600 ut
1130 2578 1169 2604 ex
1184 2569 1254 2609 ejus
1285 2570 1379 2601 titulo
1406 2574 1542 2605 constat,
1573 2570 1678 2601 habita
1704 2575 1762 2606 est,
1797 2570 1850 2600 die

221 2618 346 2649 scilicet
360 2617 470 2657 aliquo
487 2616 694 2649 hebdomadas.
709 2623 832 2656 quartae
847 2618 1120 2657 Quadragesimm,
1136 2627 1208 2657 qum
1225 2627 1241 2648 a
1260 2619 1378 2649 Graecis
1396 2622 1604 2657 μεσονήστιμος,
1622 2619 1717 2651 medii
1732 2620 1851 2660 jejunii

224 2675 366 2705 vocatur,
381 2667 458 2707 quia
473 2675 589 2706 nempe
604 2675 642 2698 ex
657 2670 778 2705 septem
795 2667 1019 2704 hebdomadis,
1039 2668 1289 2707 quasjcjuninm
1307 2668 1590 2707 Quadragesimalc
1614 2669 1700 2708 apud
1724 2669 1851 2699 Graecos

223 2720 443 2759 complectitur
467 2720 620 2759 integras,
640 2722 750 2758 quarta
764 2719 919 2759 lmedium
946 2720 1007 2751 sibi
1036 2720 1174 2750 vindicat
1205 2720 1321 2750 locum.
1348 2721 1441 2762 Tota_
1458 2720 1515 2751 hac
1544 2719 1739 2751 hebdomade
1771 2727 1849 2749 crux

225 2770 344 2810 populo
354 2771 514 2804 adoranda
526 2779 544 2802 α
558 2770 721 2802 sacerdote
732 2771 921 2802 solemniter
934 2771 1118 2803 exhibetur.
1133 2770 1288 2808 Quocirca
1304 2770 1469 2802 Dominica
1484 2771 1583 2808 tertia,
1598 2779 1658 2811 qua
1671 2770 1848 2809 insequens
