4068 6210
301 295 308 302 _
400 209 508 274 425
1257 213 1341 274 IN
1387 214 1820 288 SEQUENTIA
1861 217 1907 278 T

2068 217 2439 280 PHYLACTI
2472 219 2808 284 SCR‘IPTA.
3574 222 3674 292 426

402 321 751 386 inchoatur
790 323 1213 414 hebdomade,
1253 333 1510 407 Κυριακὴ
1551 351 2008 405 σταυροπροσκυν

2069 349 2212 408 rem,
2254 333 2582 397 Dominica
2625 335 3022 400 adorationis
3077 338 3288 401 crucis
3346 355 3381 401 a
3439 341 3675 404 Graecis

400 425 665 490 dicitur.
701 427 936 491 Praeter
964 428 1128 492 hanc
1167 429 1631 510 TheOphylacti
1678 428 2014 493 homiliam
2045 442 2298 498 exstant
2339 436 2484 500 alim
2525 439 2740 516 plures
2773 441 2853 503 ab
2892 440 3374 523 antiquioribus
3420 445 3680 508 Grmciao

400 525 696 592 Patribus
727 526 962 589 habitm
989 529 1055 604 in
1090 529 1206 593 hac
1234 530 1370 610 ipsa
1410 530 1846 608 solemnitate,
1873 549 2034 612 quas
2058 534 2498 627 praelaudatus
2519 542 2862 604 Gretserus
2900 544 3383 609 accuratissime
3421 547 3681 628 collegit

400 631 740 712 ediditque
773 632 842 693 in
873 631 1177 710 prmdicto
1209 649 1404 712 opere
1425 635 1514 696 De
1543 652 1754 700 cruce.
1781 637 1873 696 Ex
1905 636 2146 716 quibus
2174 637 2339 702 illud
2375 643 2600 705 saltem
2629 642 2926 721 efﬁcitur,
2959 647 3245 710 Graecam
3270 663 3419 711 cum
3459 649 3682 714 Latina

398 729 754 796 EcClesiam
785 733 853 796 in
889 732 1011 796 hoc
1039 734 1336 815 dogmate
1369 735 1448 798 de
1484 736 1696 799 crucis
1735 737 2114 803 adcretione
2147 759 2264 806 seu
2302 745 2716 809 veneratione
2755 747 3132 826 planissime
3174 753 3576 826 consentire;
3618 763 3684 818 et

398 834 523 899 hoc
553 836 968 916 potissimum
1001 845 1124 912 est,
1159 839 1332 919 quod
1366 839 1606 902 exinde
1642 840 1906 918 petitur,
1942 845 2484 908 emolumentum.

1829 1017 2114 1080 SECTIO
2161 1021 2233 1081 V.
2311 1021 2322 1029 “

945 1163 1032 1222 De
1063 1161 1350 1224 oratione
1381 1163 1448 1224 in
1476 1161 2031 1225 Prwsentationem
2064 1164 2138 1225 Β.
2171 1166 2396 1229 Μανία»
2453 1168 2729 1248 Virginis
2772 1173 2838 1233 in
2876 1175 3131 1252 templo.

442 1315 641 1378 XIV.
731 1314 1094 1376 Orationem
1178 1313 1344 1377 hanc
1427 1315 1650 1378 Latine
1727 1307 2006 1379 reddidit
2080 1317 2418 1398 ediditque
2492 1322 2872 1384 Franciscus
2941 1324 3364 1388 Combefisius
3427 1327 3676 1391 ordinis

389 1414 916 1488 Prmdicatorum,
953 1403 1146 1493 quam
1177 1414 1458 1476 inseruit
1487 1415 1894 1480 Bibliotheca:
1920 1434 2052 1480 sum
2085 1421 2577 1485 concionatoriaz
2603 1428 2756 1486 tom.
2791 1425 2960 1488 VIII.
2997 1427 3155 1489 Cum
3204 1429 3460 1492 Grtecus
3494 1431 3673 1510 ejus-

388 1519 540 1581 dem
571 1527 786 1581 textus
817 1537 898 1581 ex
930 1517 1152 1581 codice
1185 1517 1599 1582 bibliotheca:
1621 1520 1841 1598 Regia)
1872 1521 2257 1585 Parisiensis
2288 1524 2655 1602 exscriptus
2700 1525 2768 1588 in
2803 1543 3034 1590 manus
3089 1546 3260 1592 meas
3313 1529 3674 1604 incidisset,

388 1637 537 1682 cum
570 1621 786 1684 Latina
829 1619 1194 1684 Combeﬁsii
1230 1619 1531 1685 versione
1582 1621 1880 1684 contuli:
1921 1640 2066 1701 qua)
2115 1625 2263 1686 licet
2323 1625 2481 1688 satis
2540 1635 2858 1702 accurata,
2915 1629 3072 1690 mihi
3135 1632 3325 1707 paulo
3384 1632 3518 1694 visa
3579 1642 3678 1695 est

388 1724 769 1801 obscurior;
811 1727 1106 1807 adeoque
1137 1727 1479 1791 clariorem
1505 1729 1694 1791 aliam
1729 1746 1801 1792 ac
1834 1729 2209 1793 nitidiorem
2247 1731 2498 1795 efﬁcere
2529 1740 2798 1795 conatus
2844 1749 3012 1794 sum.
3046 1735 3235 1809 Quod
3287 1742 3499 1798 utrum
3546 1735 3667 1799 sim

388 1839 756 1906 assecutus,
789 1821 1051 1895 illorum
1079 1831 1406 1912 judicium
1445 1841 1608 1912 esto,
1643 1836 1753 1916 qui
1777 1834 2070 1899 conferre
2101 1845 2442 1919 utramque
2473 1839 3104 1902 voluerintJnterim
3129 1858 3272 1904 cum
3309 1841 3388 1903 cl.
3427 1842 3675 1905 Prwvice

390 1935 878 1999 Dissertationis
913 1943 1136 2005 auctor
1173 1939 1529 2002 orationem
1576 1941 1738 2004 hanc
1771 1958 1916 2004 cum
1952 1958 2118 2004 nova
2167 1943 2375 2022 ipsius
2408 1945 2710 2008 versione
2764 1945 3200 2009 enuntiaverit
3253 1947 3669 2027 prodituram,

389 2053 558 2110 eam,
592 2038 804 2118 qualis
838 2039 1100 2101 demum
1129 2057 1388 2120 cunque
1422 2041 1528 2115 sit,
1557 2042 1625 2102 in
1669 2041 1878 2104 lucem
1914 2043 2163 2108 emitto.
2197 2044 2259 2106 Si
2300 2046 2450 2124 quis
2481 2046 2744 2108 alteram
2797 2046 2998 2121 malit,
3053 2049 3418 2128 prmdictam
3487 2050 3674 2110 adeat

391 2138 866 2204 Bibliothecam.
905 2143 1221 2206 Versione
1263 2143 1379 2206 hac
1415 2160 1447 2206 a
1480 2162 1582 2206 me
1612 2145 1863 2232 jamdiu
1892 2145 2207 2222 absoluta,
2260 2147 2436 2210 aliud
2495 2149 2786 2229 ejusdem
2841 2149 3153 2224 orationis
3212 2149 3542 2228 exemplar
3592 2167 3672 2212 ex

394 2243 614 2307 codice
648 2246 720 2307 15
753 2245 1145 2308 Seldeniano
1178 2241 1617 2325 celeberrimae
1649 2249 2058 2311 bibliothecae
2089 2250 2460 2312 Bodleianae
2483 2251 3087 2330 descriptum,mihi
3119 2251 3381 2314 allatum
3417 2253 3671 2315 Oxonio

393 2351 514 2407 est.
559 2345 906 2426 Utramque
940 2345 1281 2410 conferens
1325 2365 1442 2412 sua
1476 2348 1542 2410 in
1576 2358 1855 2428 utroque
1889 2349 2121 2412 menda
2151 2350 2395 2424 detexi,
2435 2357 2627 2430 atque
2669 2351 2943 2414 alterum
2975 2352 3160 2414 alteri
3213 2368 3330 2430 pro
3381 2351 3670 2415 locorum

390 2446 763 2510 diversitate
789 2456 1109 2527 praestare.
1131 2449 1443 2524 Quamvis
1469 2467 1622 2514 vero
1643 2451 2008 2520 Oxoniensi
2034 2451 2401 2516 Parisiense
2429 2453 2723 2516 nonnihil
2747 2453 3096 2517 concedere
3122 2452 3476 2530 videretur,
3499 2454 3672 2516 nihi-

392 2546 677 2610 lominus
713 2548 788 2610 ad
823 2549 1188 2613 Parisiense
1230 2551 1560 2630 exemplar
1601 2550 1766 2614 hanc
1817 2551 2172 2632 editionem
2232 2551 2492 2634 exigere
2552 2554 2776 2629 malui,
2810 2561 2945 2616 tum
2999 2554 3168 2634 quod
3229 2555 3437 2634 primo
3502 2555 3670 2618 illud

390 2649 615 2712 Latine
641 2649 1016 2715 translatum
1041 2668 1075 2715 a
1100 2654 1485 2717 Combetisio
1510 2654 1755 2716 editum
1784 2662 1979 2729 esset,
2005 2661 2138 2717 tum
2163 2656 2338 2736 quod
2371 2673 2450 2718 ex
2476 2656 2617 2735 ipso
2651 2655 2887 2735 pariter
2917 2673 3121 2719 meam
3155 2672 3274 2736 ego
3307 2656 3669 2719 versionem

386 2749 790 2814 elicuissem.
830 2754 1294 2818 Verumtamen
1333 2755 1654 2817 variantes
1685 2754 1930 2818 codicis
1976 2757 2344 2819 Barocciani
2395 2757 2710 2821 lectiones
2745 2758 3045 2839 (quarum
3087 2757 3322 2838 aliqum
3373 2757 3670 2821 dicendm

390 2852 606 2932 potius
631 2861 784 2916 sunt
820 2856 1277 2936 correctiones)
1309 2858 1386 2918 ad
1420 2857 1798 2920 inferiorem
1828 2858 2184 2937 marginem
2215 2858 2722 2940 diligentissime
2755 2859 3089 2934 adnotavi;
3119 2877 3264 2939 qum
3295 2859 3433 2921 loco
3457 2856 3667 2936 ipsius

387 2955 634 3018 codicis
682 2957 905 3020 haberi
945 2959 1174 3022 merito
1222 2968 1516 3038 possunt.
1574 2960 1798 3034 Quoad
1834 2961 2038 3038 ipsam
2073 2959 2301 3022 attinet
2350 2961 2735 3037 orationem,
2795 2959 2957 3023 adeo
3021 2968 3323 3038 praestans
3378 2958 3514 3020 visa
3570 2974 3667 3026 es:

387 3056 798 3131 Combeﬁsio,
841 3067 908 3121 ut
940 3075 1230 3124 asserere
1259 3078 1389 3123 non
1429 3060 1764 3136 dubitarit,
1819 3063 2373 3143 TheOphylactum
2407 3070 2469 3126 et
2527 3064 2591 3126 in
2629 3051 2745 3125 hac
2793 3061 3082 3124 oratione
3136 3059 3668 3140 sapientissimum

389 3156 674 3218 ostendi:
714 3175 832 3220 nec
862 3159 1189 3222 immerito
1226 3161 1518 3240 quidem,
1557 3175 1701 3223 cum
1739 3161 2080 3241 multiplex
2118 3162 2533 3240 eloquentiae,
2575 3161 2967 3226 eruditionis
3000 3169 3061 3225 et
3099 3161 3438 3224 vividioris
3484 3161 3667 3239 inge-

389 3259 478 3320 nii
513 3259 580 3320 in
614 3275 689 3321 ea
729 3258 948 3322 lumen
990 3260 1317 3340 etfulgeat.
1360 3262 1730 3325 Severiores
1780 3272 1988 3326 tamen
2037 3263 2242 3328 critici
2301 3264 2573 3326 fortasse
2623 3279 2750 3326 non
2811 3262 3170 3341 probabunt
3221 3262 3288 3324 in
3335 3277 3437 3337 eo,
3487 3264 3660 3340 quod

385 3367 602 3430 Mariae
633 3367 917 3446 Virginis
950 3367 1406 3430 deductionem
1440 3369 1506 3432 in
1544 3368 1878 3447 templum,
1913 3368 2169 3450 aliaque
2200 3369 2305 3432 his
2334 3368 2545 3431 atiinia
2575 3367 2876 3430 minutim
2908 3367 3071 3431 adeo
3103 3366 3441 3438 describat,
3473 3382 3545 3428 ac
3603 3365 3661 3426 si

385 3469 661 3533 suismet
692 3469 900 3533 oculis
943 3470 1280 3532 lustrasset
1308 3469 1549 3532 omnia.
1597 3470 1719 3532 Sed
1754 3469 1940 3532 facile
1977 3469 2274 3549 scriptori
2307 3462 2526 3533 Gr'mco
2567 3470 2774 3532 danda
2835 3469 3022 3532 venia
3078 3477 3202 3543 est,
3238 3475 3458 3548 utpote
3517 3471 3660 3550 qui,

383 3556 802 3637 traditionem
834 3571 974 3635 suis
1007 3571 1073 3634 in
1118 3571 1494 3650 regionibus
1523 3573 1651 3652 jam
1691 3582 2008 3651 receptam
2053 3581 2340 3648 secutus,
2404 3589 2477 3634 ea
2540 3573 2665 3633 sibi
2726 3572 2943 3635 omnia
3000 3573 3241 3636 nedum
3300 3570 3659 3648 referenda,

385 3676 494 3737 sed
531 3675 727 3736 etiam
762 3673 1042 3736 oratorio
1085 3673 1258 3751 stylo
1287 3673 1653 3736 exornanda
1706 3674 1975 3753 putavit.
2034 3673 2199 3736 lllud
2228 3682 2400 3736 certe
2471 3674 2540 3735 iri
2595 3673 3074 3752 Theophylacto
3141 3672 3656 3763 suscipiendum,

381 3779 554 3859 quod
601 3795 748 3841 cum
785 3778 978 3854 probe
1009 3785 1447 3856 cognosceret,
1501 3777 1656 3856 quid
1714 3777 2125 3855 potissimum
2182 3778 2630 3840 adversaretur
2688 3783 2949 3840 summet
3003 3775 3348 3838 narrationi
3406 3776 3658 3857 (estque

383 3882 547 3944 illud
586 3883 786 3956 idem,
819 3882 995 3962 quod
1026 3880 1281 3960 aliquos
1313 3881 1667 3943 recentium
1699 3881 2070 3945 criticorum
2100 3882 2169 3944 in
2208 3883 2590 3945 contrariam
2631 3881 3016 3944 sententiam
3062 3882 3371 3962 impulit),
3397 3889 3667 3945 strenue-

386 3983 860 4046 allaboravitin
897 3999 974 4046 eo
1013 3985 1092 4046 de
1141 3983 1354 4045 medio
1399 3980 1711 4057 tollendo,
1772 3983 2000 4063 reique
2059 3985 2381 4047 universae
2437 3985 2840 4048 concilianda
2898 3984 3348 4064 probabilitate
3393 4001 3520 4045 :ne
3577 3984 3657 4044 de

385 4086 744 4149 moralibus
783 4085 1220 4160 documentis,
1259 4102 1406 4166 quae
1441 4085 1675 4148 exinde
1709 4085 2035 4164 sapienter
2067 4086 2266 4161 elicit,
2303 4086 2494 4150 verba
2529 4085 2780 4150 faciam.

1807 4253 2094 4328 SECTlO
2141 4257 2247 4318 Vl.

667 4409 760 4468 De
808 4419 1115 4488 martyrio
1147 4407 1503 4491 quindecim
1532 4417 1882 4488 martyrum
1916 4403 2333 4486 Tiberiopoli,
2367 4406 2716 4486 imperante
2747 4405 3006 4467 Iuliano
3045 4405 3376 4485 Apostata.

460 4555 606 4614 XV.
641 4553 792 4615 Haec
828 4552 1293 4632 Theophylacti
1328 4554 1553 4618 Oratio
1595 4554 1714 4635 (sic
1745 4555 1918 4617 enim
1973 4553 2114 4634 ipse
2147 4551 2660 4619 lucubrationem
2695 4551 2879 4614 istam
2926 4551 3227 4632 appellat)
3276 4567 3406 4614 non
3464 4552 3656 4616 modo

385 4657 558 4734 typis
588 4669 829 4717 excusa
865 4653 1207 4733 hucusque
1262 4671 1595 4735 nunquam
1641 4653 1788 4729 fuit,
1848 4654 1962 4717 sed
2011 4655 2099 4718 ita
2155 4654 2347 4744 etiam
2393 4650 2558 4731 fugit
2613 4649 3014 4745 eruditorum
3077 4650 3393 4726 notitiam,
3457 4659 3529 4714 ut
3575 4668 3656 4714 ex

386 4759 696 4822 omnibus
727 4759 813 4821 iis
843 4758 957 4838 qui
992 4759 1089 4822 vel
1133 4759 1275 4822 data
1311 4777 1505 4838 opera
1543 4760 1622 4822 de
1658 4756 2139 4838 TheOphylacto
2176 4757 2448 4838 ejusque
2480 4753 2788 4833 operibus
2834 4753 3173 4831 scripsere,
3221 4753 3416 4833 hujus
3471 4771 3655 4818 men-

385 4863 632 4926 tionem
661 4860 889 4925 fecerit
921 4860 1190 4926 omnino
1223 4861 1466 4924 nullus.
1507 4863 1590 4922 Ea
1636 4860 1875 4922 Oxonii
1913 4861 1976 4922 in
2011 4857 2430 4923 celeberrima
2466 4854 2852 4918 bibliotheca
2893 4854 3236 4918 Bodleiana
3289 4855 3456 4920 inter
3496 4874 3650 4920 mss.

387 4965 807 5028 Baroccianos
843 4965 1076 5026 latebat
1105 4963 1174 5026 in
1208 4965 1428 5026 codice
1461 4963 1574 5042 qui
1606 4962 1775 5025 varia
1809 4963 1935 5026 alia
1975 4970 2308 5026 auctorum
2351 4958 2666 5036 opuscula
2703 4956 3174 5037 complectitur.
3223 4958 3448 5037 Neque
3502 4977 3655 5018 vero

385 5065 569 5128 illius
600 5063 764 5127 forte
797 5061 1025 5126 notitia
1054 5061 1134 5124 ad
1165 5077 1282 5123 nos
1322 5062 1726 5140 pervenisset
1760 5078 2068 5141 unquam,
2102 5061 2229 5125 nisi
2270 5061 2618 5124 vehemens
2663 5057 3060 5122 desiderium
3107 5058 3303 5140 hujus
3346 5058 3653 5123 editionis

387 5171 759 5228 curatorum
797 5160 963 5226 nihil
991 5164 1256 5223 omnino
1282 5161 1804 5240 prmtermittendi
1854 5161 2029 5242 quod
2060 5161 2608 5243 TheOphylactum
2635 5161 2898 5223 haberet
2926 5169 3278 5234 auctorem,
3311 5161 3498 5224 nobis
3531 5159 3654 5222 sti-

388 5267 604 5333 mulos
641 5267 1024 5341 addidisset,
1059 5271 1128 5328 ut
1160 5265 1332 5328 inter
1361 5263 1519 5328 alios
1543 5265 1732 5328 etiam
1767 5265 2139 5343 Catalogum
2163 5263 2472 5326 librorum
2496 5283 2643 5328 mss.
2677 5263 2918 5342 Anglice
2950 5273 3006 5325 et
3036 5264 3380 5338 Hiberniae,
3413 5262 3668 5325 Oxonii.

384 5371 638 5436 editum
673 5385 780 5432 an.
814 5367 970 5432 1697
1008 5369 1076 5430 in
1104 5367 1278 5430 hunc
1308 5367 1498 5430 ﬁnem
1545 5367 2021 5430 evolveremus.
2056 5368 2126 5429 In
2160 5366 2280 5429 hoc
2313 5366 2530 5446 itaque
2585 5368 3032 5428 incumbentes
3090 5364 3444 5426 incidimus
3505 5382 3650 5444 pag.

379 5475 488 5546 28,
519 5480 672 5535 tom.
707 5473 757 5548 Ι,
794 5487 972 5534 num.
1009 5471 1146 5542 197,
1180 5469 1247 5531 in
1291 5468 1666 5550 hujusmodi
1704 5468 1998 5530 titulum:
2042 5469 2428 5546 Martyrium
2457 5467 2570 5530 XV
2606 5473 2958 5545 martyrum
2993 5463 3104 5525 sub
3136 5462 3397 5524 Iuliano
3451 5466 3654 5546 impe-

384 5586 622 5652 ratore,
657 5585 914 5638 auctore
949 5573 1433 5654 Theophylacto.
1468 5575 1601 5636 Hac
1636 5573 1715 5637 de
1750 5590 1816 5635 re
1848 5574 2080 5636 certior
2111 5573 2315 5634 factus
2352 5570 2547 5648 hujus
2593 5568 2902 5633 editionis
2944 5565 3156 5630 fautor
3202 5583 3497 5631 summus
3551 5567 3654 5651 (de

389 5700 520 5766 quo
550 5680 869 5746 nonnulla
925 5679 1124 5741 habes
1164 5679 1229 5740 in
1277 5678 1518 5742 Praevia
1556 5679 1917 5754 Dissertat.,
1970 5695 2148 5746 num.
2195 5678 2328 5747 104)
2384 5691 2496 5753 pro
2556 5673 2798 5735 eximio
2835 5689 2956 5734 suo
3017 5673 3080 5734 in
3138 5688 3348 5734 sacras
3410 5673 3654 5738 litteras

722 5783 991 5843 Pamon.
1037 5781 1158 5842 Gn.
1201 5780 1438 5844 CXXV.
3217 5773 3291 5834 14
