4068 6210
390 245 495 305 (ιῗι
1456 239 1844 304 BONIFACII
1885 239 2196 303 FINE’I‘TI
2234 240 2633 303 PRIEFATIO
3562 241 3670 306 423

394 355 637 432 studio,
674 357 835 420 nihil
871 359 1301 422 cunctandum
1335 366 1430 421 est
1461 365 1660 432 ratus,
1697 357 1860 437 quin
1893 374 2004 436 per
2037 359 2355 420 Venatum
2385 360 2752 438 ablegatum
2791 357 2869 420 ad
2928 374 3142 438 regem
3195 357 3447 439 Angliae
3503 357 3664 426 illud
3732 414 3734 416 .

391 457 892 522 exscribendum
926 469 1199 522 curaret.
1237 459 1716 522 'l'ransmissum
1757 457 2016 520 Oxonio
2053 461 2492 538 apographum
2531 459 2691 521 mihi
2743 458 3048 522 traditum
3106 466 3202 522 est
3249 461 3473 523 Latine
3528 478 3672 524 ver-

389 559 898 638 tendum;quod
933 561 1197 641 quidem
1253 559 1549 639 pluribus
1579 560 1660 623 de
1713 559 1930 622 causis
1994 567 2245 638 gratum
2315 559 2660 640 fuitzquia
2707 559 2968 622 "scilicet
3023 567 3085 622 et
3138 561 3670 640 praestantissimo

381 663 670 726 senatori
701 679 834 725 rem
861 671 1100 743 gratam
1134 680 1236 726 me
1263 680 1408 725 esse
1444 661 1765 724 iacturum
1803 659 2270 741 intelligerem;
2301 668 2360 724 et
2406 660 2825 726 benemeritis
2879 661 3189 724 editionis
3241 661 3436 742 hujus
3487 680 3672 728 cura-

389 763 638 827 t’Oribus
671 762 954 826 ofﬁcium
979 762 1098 826 hoc
1122 763 1532 838 exhiberem;
1559 779 1631 825 ac
1659 761 1947 843 denique
1977 762 2524 842 qualemcumque
2558 761 2841 826 laborem
2863 777 3256 842 onerantque
3291 779 3493 825 meam
3525 771 3665 827 stu-

387 865 590 928 diosis
620 881 940 926 sacrarum
974 863 1330 927 litterarum
1357 863 1932 928 accommodarem.
1957 863 2033 924 Ut
2055 879 2208 926 vero
2243 863 2525 942 primum
2556 862 2781 926 oculos
2804 863 2873 926 in
2907 863 3350 944 apographum
3383 867 3664 946 conjeci,

383 969 508 1031 fuit
540 967 845 1048 equidem
880 969 1054 1048 quod
1091 969 1318 1048 majori
1358 985 1460 1031 me
1499 965 1778 1030 afficeret
1816 964 2167 1046 voluptate,
2217 964 2526 1028 nimirum
2572 964 2768 1046 hujus
2817 965 3119 1044 Opusculi
3185 966 3431 1028 utilitas
3474 974 3667 1048 atque

384 1076 780 1156 praestantia;
815 1077 926 1139 sed
963 1076 1090 1140 fuit
1130 1077 1347 1153 etiam,
1379 1077 1556 1158 quod
1588 1075 1750 1139 mihi
1783 1075 2140 1154 plurimum
2174 1077 2570 1159 displiceret,
2611 1096 2844 1159 nempe
2890 1095 3142 1143 summa
3190 1074 3538 1158 apographi
3597 1083 3667 1138 ac

384 1193 548 1254 pene
575 1176 978 1239 incredibilis
1005 1176 1343 1240 vitiositas.
1378 1178 1502 1240 Sed
1535 1179 1614 1242 de
1659 1178 1775 1241 hac
1807 1180 2163 1258 posteriore
2203 1179 2399 1254 alias;
2433 1197 2606 1243 nunc
2641 1181 2742 1260 |de
2791 1181 3027 1260 priore.
3079 1181 3407 1244 Orationis
3470 1178 3665 1260 hujus

379 1282 812 1359 praestantiam
846 1281 1320 1361 utilitatemque
1354 1297 1569 1358 nemo,
1611 1289 1680 1346 ut
1723 1282 2022 1360 arbitror,
2059 1285 2477 1359 inﬁciabitur,
2530 1285 2644 1365 qui
2681 1295 3094 1366 perspectum
3127 1285 3664 1366 exploratumque

383 1384 610 1447 habeat
641 1383 821 1445 illius
860 1392 1316 1462 argumentum
1347 1396 1410 1446 et
1445 1400 1576 1445 rem
1616 1383 1683 1445 in
1716 1385 1858 1462 ipso
1897 1391 2284 1450 contentam.
2317 1387 2559 1464 Nempe
2593 1385 2881 1449 continet
2907 1385 3244 1448 historiam
3277 1384 3434 1446 satis
3476 1382 3662 1461 igrio-

383 1497 508 1550 tam
544 1487 831 1569 martyrii
863 1488 1237 1569 quindecim
1274 1495 1650 1567 martyrum,
1683 1489 1794 1568 qui
1835 1489 1954 1552 sub
1991 1489 2252 1553 Juliano
2291 1489 2684 1570 imperatore
2721 1497 3006 1570 apostata
3056 1488 3458 1568 TiberiOpoli
3508 1507 3659 1552 san-

383 1590 649 1668 guinem
678 1589 986 1652 fuderunt
1026 1605 1140 1668 pro
1172 1589 1458 1650 Christo:
1495 1595 1629 1650 tum
1663 1588 1926 1652 illorum
1967 1607 2315 1672 corporum
2351 1591 2836 1655 translationem
2860 1593 3053 1673 jussu
3085 1591 3446 1666 Michaelis,
3473 1590 3662 1671 primi

380 1690 805 1769 Bulgarorum
842 1689 1014 1768 regis
1049 1688 1425 1762 Christiani,
1462 1696 1810 1766 peractam;
1845 1690 2084 1753 deinde
2123 1692 2299 1754 varia
2329 1709 2400 1754 ac
2435 1709 2697 1772 prorsus
2749 1695 3028 1774 insignia
3084 1713 3230 1757 cum
3282 1706 3453 1771 ante,
3525 1707 3662 1759 tum

382 1802 524 1870 post
557 1790 1043 1853 translationem
1074 1790 1248 1853 illam
1283 1808 1316 1853 a
1348 1794 1482 1854 Deo
1517 1800 1756 1870 j‘iatrata
1785 1796 2165 1858 eorumdem
2197 1804 2552 1876 martyrum
2587 1799 3085 1873 intercessione,
3126 1801 3460 1864 miracula.
3497 1801 3663 1864 Huic

383 1913 537 1959 vero
566 1895 919 1959 narrationi
955 1897 1437 1975 praemittuntur
1465 1897 1684 1976 aliqua
1717 1899 1797 1961 dc
1832 1899 2212 1964 Christiana:
2243 1901 2391 1963 fidei
2435 1902 2765 1982 triumpho
2814 1903 2938 1966 sub
2974 1904 3398 1966 Constantino
3453 1906 3537 1969 Μ.
3600 1913 3661 1968 et

383 1999 531 2062 ﬁliis
568 1999 750 2061 illius
784 1998 1024 2061 tribus:
1060 1999 1175 2060 sed
1204 1998 1406 2060 multo
1430 1998 1614 2077 plura
1650 2009 1989 2064 narrantur
2025 2002 2103 2064 de
2140 2002 2222 2064 iis
2272 2022 2418 2083 quae
2448 2003 2710 2067 Juliano
2755 2006 3058 2082 Apostata
3105 2007 3461 2085 imperante
3522 2026 3657 2088 per-

386 2100 558 2179 pessi
587 2110 739 2165 sunt
770 2101 1008 2165 Christi
1039 2100 1283 2164 ﬁdeles.
1322 2102 1480 2176 Quae
1510 2101 1777 2181 quidem
1809 2103 2026 2166 omnia
2084 2122 2163 2167 ex
2213 2104 2500 2169 historias
2555 2107 3008 2171 ecclesiasticaa
3064 2127 3235 2189 penu
3287 2110 3660 2191 deprompta

382 2205 554 2268 haud
583 2208 992 2282 inconcinne,
1026 2208 1362 2288 cujusdam
1399 2210 1689 2288 prommii
1730 2208 1894 2283 loco,
1935 2208 2042 2300 hic
2070 2211 2486 2286 exhibentur,
2521 2219 2583 2275 et
2614 2212 3158 2292 quemadmodum
3199 2215 3341 2292 ipse
3375 2214 3661 2296 loquitur

381 2307 929 2386 'l‘heOphylactus,
964 2313 1034 2368 ut
1071 2305 1206 2369 hinc
1239 2305 1464 2369 Oratio
1504 2314 1693 2387 caput
1724 2307 2002 2382 haberet,
2044 2316 2285 2370 etesset
2317 2309 2606 2372 membris
2655 2311 2940 2374 omnibus
2991 2315 3298 2392 perfecta.
3352 2315 3661 2378 Praeterea

381 2410 625 2471 texitur
656 2410 844 2489 longa
879 2409 1153 2471 narratio
1182 2407 1262 2470 de
1291 2408 1666 2471 Cinamonis
1714 2406 2054 2487 cujusdam
2099 2407 2656 2488 Adrianopqlitani
2695 2427 2730 2472 a
2763 2411 3055 2492 Bulgaris
3108 2413 3176 2474 in
3227 2415 3660 2494 captivitatem

377 2511 640 2574 abducti
668 2512 908 2574 invicta
940 2511 1008 2573 in
1045 2510 1166 2571 fide
1198 2507 1596 2582 constantia;
1629 2507 1842 2587 deque
1884 2508 2228 2584 Enrabota,
2262 2508 2582 2588 Bulgarici
2638 2511 2809 2589 regis
2866 2509 3086 2587 fratre,
3134 2530 3327 2592 opera
3367 2514 3660 2594 ejusdem

379 2614 751 2677 Cinamonis
782 2613 858 2676 ad
901 2613 1092 2684 ﬁdem
1128 2627 1466 2686 converso,
1500 2610 1810 2690 obituque
1847 2627 1965 2690 pro
1998 2613 2220 2675 eadem
2254 2613 2377 2675 ﬁde
2429 2613 2765 2694 martyrio.
2822 2617 2888 2676 ln
2944 2615 3061 2679 hac
3116 2618 3315 2697 igitur
3369 2621 3660 2683 oratione

378 2719 795 2782 continentur
829 2734 1029 2796 pauca
1060 2715 1351 2798 quidem,
1393 2714 1506 2777 sed
1551 2713 1819 2794 plurimi
1874 2713 2168 2778 facienda
2220 2717 2670 2780 ecclesiasticae
2721 2716 3012 2782 historiae
3078 2731 3520 2800 monumenta,
3579 2724 3657 2787 ad

379 2839 569 2902 quam
607 2821 875 2882 maxime
911 2820 1210 2898 pertinet,
1242 2828 1376 2884 acta
1400 2822 1506 2885 SS.
1540 2831 1915 2903 martyrum,
1949 2819 2205 2902 aliaque
2238 2840 2382 2886 cum
2416 2821 2502 2884 iis
2534 2841 2851 2901 connexa,
2885 2831 3294 2905 posterorum
3330 2828 3660 2892 memoria)

377 2924 849 2988 commendare.
896 2925 1068 2999 Quid
1104 2941 1282 3002 vero,
1317 2926 1372 2987 si
1427 2927 1710 3007 profanae
1758 2928 1950 2990 etiam
2009 2926 2302 2991 historia;
2353 2929 2689 3009 quidpiam
2746 2931 2858 2994 illa
2915 2929 3136 2993 afferat
3193 2931 3658 2994 emolumenti?

376 3032 568 3111 Atqui
607 3028 920 3092 nonnulla
961 3029 1251 3108 reperies
1284 3028 1352 3090 in
1383 3045 1456 3092 ea
1485 3029 1564 3090 de
1595 3028 1913 3108 Bulgariaa
1942 3029 2234 3111 regibus,
2268 3046 2415 3112 quae
2447 3031 2602 3094 alibi
2633 3031 2870 3095 frustra
2901 3033 3264 3113 perquiras.
3304 3032 3444 3098 Alia
3476 3051 3655 3102 vero.

375 3135 564 3214 queis
596 3131 955 3194 confirmari
987 3131 1398 3194 emendarive
1434 3137 1709 3209 possunt
1741 3131 1834 3212 (ut
1865 3130 2300 3213 exsubjectis
2333 3133 2504 3196 notis
2559 3134 2901 3216 constabit)
2961 3153 3108 3214 quae
3160 3133 3239 3198 ab
3287 3135 3433 3197 aliis
3489 3135 3652 3198 dicta

372 3241 591 3302 fuere:
627 3237 1065 3317 proindejure
1092 3252 1164 3298 ac
1198 3235 1427 3298 merito
1459 3235 1702 3298 dictum
1734 3251 1770 3298 a
1807 3235 2129 3317 principio
2159 3236 2267 3310 sit,
2302 3235 2678 3318 hujusmodi
2719 3237 3111 3317 Opusculum
3158 3239 3315 3301 satis
3373 3239 3528 3303 utile
3583 3255 3655 3302 ac

375 3348 681 3418 prmstans
711 3356 881 3412 esse,
913 3338 1320 3418 dignumque
1355 3343 1425 3400 ut
1458 3336 1715 3400 tandem
1761 3336 2114 3416 aliquando
2145 3336 2478 3400 emittatur
2518 3337 2589 3399 in
2624 3339 2858 3402 lucem.

453 3446 628 3506 XVI.
663 3442 1245 3506 Verumenimvero
1291 3441 1460 3504 haud
1513 3439 1940 3527 mediocri-ter
1972 3439 2156 3503 illius
2217 3440 2626 3504 decresceret
2669 3440 2971 3520 pretium,
3006 3442 3060 3502 si
3095 3441 3194 3505 vel
3229 3443 3306 3518 de
3363 3446 3652 3522 genuino

371 3549 666 3628 ejusdem
699 3553 982 3619 auctore,
1016 3544 1112 3608 vel
1147 3545 1226 3606 de
1275 3543 1561 3607 historiae
1591 3561 1786 3625 quam
1817 3543 2108 3609 continet
2161 3545 2426 3608 veritate
2448 3545 2598 3625 jure
2623 3545 2858 3623 ambigi
2895 3553 3136 3624 posset.
3173 3548 3251 3607 At
3319 3558 3651 3625 neutrum,

377 3654 444 3709 ut
485 3647 639 3708 mihi
671 3647 934 3726 quidem
995 3645 1278 3721 videtur,
1343 3645 1410 3706 in
1458 3644 1733 3708 dubium
1789 3645 1939 3725 quis
1971 3646 2394 3709 revocaverit.
2429 3647 2571 3707 Non
2624 3646 2944 3726 primum;
2983 3645 3137 3726 quia
3173 3647 3402 3720 codex,
3459 3667 3652 3729 quem

373 3765 563 3828 supra
593 3748 1021 3820 laudavimus,
1046 3745 1550 3827 'l‘heOphylacto,
1585 3747 1902 3829 Bulgariaa
1931 3747 2443 3828 archiepiscopo,
2471 3749 2714 3810 diserte
2737 3746 2900 3810 illud
2935 3747 3196 3810 ascribit
3229 3770 3244 3810 :
3281 3767 3492 3829 neque
3523 3751 3654 3813 hanc

374 3853 724 3934 epigraphe
763 3853 910 3915 aliis
942 3853 1280 3916 codicibus
1326 3852 1777 3930 redarguitur;
1838 3854 1969 3916 imo
2001 3853 2222 3917 nullus
2278 3854 2550 3918 omnino
2584 3860 2681 3916 est
2709 3854 2907 3935 (quod
2957 3854 3144 3917 nobis
3179 3854 3501 3935 innotuit)
3535 3857 3650 3936 qui

368 3961 667 4024 eamdem
717 3958 1074 4022 orationem
1140 3957 1464 4019 exhibeat.
1518 3959 1744 4037 Neque
1775 3971 1929 4020 vero
1979 3955 2155 4036 quod
2189 3955 2254 4018 in
2312 3955 2510 4020 unico
2540 3965 2791 4020 exstare
2823 3957 3041 4020 codice
3104 3960 3648 4039 deprehendatur,

379 4061 668 4141 prudens
712 4059 792 4120 de
854 4057 1034 4118 illius
1065 4063 1329 4120 auctore
1365 4055 1636 4118 dubium
1690 4055 1991 4135 ingerere
2022 4053 2328 4136 cuiquam
2360 4055 2588 4130 debet;
2629 4073 2774 4118 cum
2820 4056 3008 4135 plane
3061 4067 3333 4134 constet,
3363 4060 3646 4139 plurium

369 4171 706 4228 auctorum
736 4177 931 4241 Opera
969 4176 1100 4222 uno
1130 4161 1350 4222 codice
1388 4155 1597 4221 fuisse
1628 4165 1912 4228 servata;
1939 4158 2102 4238 quin
2150 4167 2361 4222 tamen
2393 4159 2458 4219 in
2493 4159 2766 4220 dubium
2799 4167 3102 4222 revocent
3143 4161 3384 4224 eruditi
3415 4181 3492 4224 an
3526 4179 3646 4224 au-

369 4265 566 4328 ctoris
593 4265 770 4326 illius
795 4264 880 4326 sit
903 4280 1095 4342 quem
1120 4263 1323 4324 codex
1349 4265 1488 4339 ipse
1510 4278 1639 4340 pra:
1655 4277 1724 4322 se
1745 4257 1888 4323 fert.
1907 4262 1982 4322 Et
2007 4276 2086 4322 ne
2105 4259 2184 4322 ab
2201 4260 2405 4338 ipsius
2424 4259 2887 4340 TheOphylacti
2919 4261 3228 4339 operibus
3245 4266 3644 4326 recedamus.

371 4365 637 4428 unicum
697 4362 873 4442 quod
933 4361 1154 4434 sciam,
1223 4361 1286 4422 in
1325 4358 1717 4421 bibliotheca
1777 4357 2568 4422 Bavarico-Monachiensi
2619 4359 3192 4440 exstatexemplar
3248 4363 3646 4426 Encomiiin

361 4472 664 4533 Alexium
713 4468 1094 4530 Comnenum
1148 4468 1602 4540 imperatorem
1640 4488 1655 4527 :
1700 4465 2106 4543 unicumque
2149 4463 2420 4527 fortasse
2451 4463 2514 4526 in
2550 4462 2939 4528 bibliotheca
2971 4468 3643 4535 Caesareo-Vindem-

371 4573 559 4635 nensi
594 4573 765 4653 (nam
806 4570 979 4648 quod
1027 4567 1206 4629 aliud
1238 4567 1304 4628 in
1336 4566 1730 4632 Scorialensi
1757 4565 2218 4646 Hispaniarum
2247 4566 2417 4646 regis
2441 4565 2832 4630 bibliotheca
2863 4578 3160 4632 servetur
3189 4575 3543 4650 exemplar,
3579 4585 3644 4636 ut

373 4674 578 4754 aliqui
611 4675 849 4745 ferunt,
876 4667 1063 4731 nobis
1112 4665 1455 4749 incertum)
1493 4668 1787 4749 ejusdem
1825 4667 1890 4729 in
1934 4663 2261 4744 Epistofas
2295 4663 2656 4728 Catholica:
2695 4668 3184 4732 Commentarii.
3218 4671 3304 4731 Ex
3334 4673 3454 4734 alia
3492 4691 3646 4736 vero

373 4785 552 4857 parte
586 4777 745 4839 nihil
806 4781 924 4839 hoc
958 4775 1020 4838 in
1062 4791 1365 4837 sermone
1401 4773 1665 4852 legitur,
1719 4771 1893 4853 quod
1953 4774 2201 4832 auctori
2235 4771 2720 4851 TheOphylacto
2754 4791 2882 4836 non
2937 4785 3267 4857 congruat.
3307 4780 3639 4861 Quidquid

363 4886 434 4948 in
462 4902 539 4948 eo
569 4890 881 4957 narratur,
920 4881 1243 4962 praecessit
1276 4897 1429 4942 sane
1470 4885 1718 4941 (etatem
1747 4875 1981 4954 ipsius.
2017 4875 2269 4954 Stylum
2302 4876 2538 4955 pariter
2575 4893 2609 4938 a
2635 4878 3097 4960 TheOphylacti
3156 4884 3350 4962 genio
3390 4905 3640 4966 nequa-

370 5002 566 5066 quam
602 4982 937 5058 abludere,
974 4997 1187 5056 nemo,
1224 4992 1292 5043 ut
1324 4978 1621 5048 arbitror,
1656 4973 1905 5037 inﬁcias
1932 4972 2148 5049 iverit,
2180 4975 2295 5052 qui
2352 4974 2416 5034 in
2451 4973 2745 5053 legendis
2785 4979 3062 5041 auctoris
3097 4979 3296 5060 hujus
3329 4986 3640 5063 Operibus

374 5092 687 5171 tantisper
739 5094 1032 5152 versatus
1085 5089 1188 5152 sit.
1255 5084 1506 5165 Duplex
1556 5083 1733 5144 enim
1781 5079 2019 5163 (quoad
2078 5079 2475 5158 comperisse
2533 5081 2688 5143 mihi
2747 5083 3000 5164 videor)
3033 5083 3096 5146 in
3130 5069 3208 5148 eo
3247 5088 3397 5167 styli
3431 5106 3640 5169 genus

370 5191 726 5256 Occurrit:
798 5189 1116 5261 alterum,
1199 5203 1330 5265 quo
1417 5198 1577 5246 usus
1653 5187 1748 5244 est
1842 5181 1909 5242 in
1989 5179 2463 5259 Scripturarum
2541 5181 3032 5245 Commentariis
3111 5189 3642 5265 conscribendis;

370 5295 671 5370 alterum,
762 5309 894 5374 quo
983 5287 1331 5368 epistolas,
1424 5293 1485 5348 et
1567 5283 1916 5364 peculiaria
1990 5283 2280 5364 quaedam
2346 5284 2710 5362 upuscula,
2769 5284 2908 5350 sive
2975 5305 3308 5354 sermones
3399 5295 3645 5358 oratio-

370 5410 618 5475 nesque
709 5387 1004 5474 digessit.
1105 5389 1177 5450 ln
1261 5387 1343 5451 iis
1423 5386 1754 5466 prioribus
1845 5386 2261 5465 perficiendis
2343 5385 2671 5466 pellucido
2745 5389 3257 5472 planissimoque
3318 5413 3477 5458 usus
3543 5405 3641 5461 est

368 5497 574 5578 s'tylo;
658 5513 778 5558 seu
841 5491 1016 5572 quod
1097 5490 1166 5552 in
1239 5506 1318 5553 eo
1383 5489 1708 5552 scribendi
1783 5505 2019 5568 genere
2101 5487 2276 5550 hunc
2341 5488 2587 5550 caeteris
2649 5491 3143 5557 anteferendum
3207 5496 3638 5574 existimaret;

367 5595 485 5660 seu
546 5596 720 5675 quod
796 5594 1100 5668 aliorum,
1148 5608 1426 5673 quorum
1489 5591 1996 5653 Commentarios
2067 5589 2135 5652 in
2185 5590 2643 5668 compendium
2701 5593 3066 5674 redigeret,
3157 5613 3228 5659 ac
3283 5601 3639 5676 praesertim

359 5696 869 5780 Chrysostomi,
946 5695 1332 5785 plerumque
1441 5691 1633 5757 verba
1727 5693 2075 5772 usurparit.
2158 5692 2472 5766 Quocirca
2545 5710 2626 5756 ex
2706 5694 3073 5761 istiusmodi
3148 5699 3634 5768 Commentariis
