4068 6210
468 251 580 316 429
1361 247 1442 316 IN
1470 253 1902 323 SEQUENTIA
1938 253 2519 318 THEOPHYLACTI
2561 257 2900 319 SCRIPTA.
3608 255 3728 319 ’430

473 365 808 445 prOprium
867 353 1329 447 TheOphylacti
1379 370 1618 450 stylum
1675 370 2073 449 deprehendi
2123 387 2249 434 non
2303 389 2520 453 posse,
2571 389 2736 437 reor.
2798 374 2874 434 At
2929 372 2996 434 in
3047 373 3194 436 aliis
3255 374 3581 455 operibus,
3615 379 3723 441 ubi

478 480 558 524 ex
580 479 702 526 suo
736 465 934 528 veluti
967 484 1141 545 penu
1171 475 1235 528 et
1264 483 1456 530 sensa
1492 475 1554 530 et
1581 467 1771 530 verba
1790 469 2131 548 depromit,
2163 470 2373 534 altiori
2421 470 2906 550 diﬂiciliorique
2937 479 2998 534 et
3031 471 3247 535 minus
3267 477 3493 552 pervio
3524 481 3726 540 utitur

473 563 688 644 stylo;
725 565 841 657 qui
900 565 1110 646 stylus
1158 581 1466 646 perquam
1499 565 1876 629 simillimus
1914 567 2009 628 i-lli
2045 574 2142 630 est
2183 583 2313 647 quo
2367 568 2663 650 plerique
2695 571 3042 650 scriptores
3097 572 3300 634 Graeci
3329 573 3504 637 illius
3548 579 3665 640 aevi
3693 596 3726 643 a

472 670 785 751 majorum
823 669 1227 748 simplicitate
1260 676 1322 732 et
1363 671 1641 748 puritate
1681 671 1938 734 dicendi
1980 672 2379 746 recedentes,
2415 675 2508 735 uti
2557 674 2874 740 solebant.
2904 679 2974 739 In
3011 675 3352 757 hisitaque
3387 679 3727 761 Theophy-

470 770 676 835 lactus
702 787 871 850 saepe
904 773 1138 851 saepius
1165 772 1580 851 metaphoris,
1616 772 1947 853 allegoriis
2003 772 2283 850 aliisque
2311 773 2736 838 vividioribus
2766 776 2967 853 tropis
2997 779 3136 838 sive
3168 778 3495 857 ﬁguris,et
3525 780 3726 859 proli-

469 876 651 938 xiore
679 874 970 952 periodo,
1001 889 1072 935 ac
1103 873 1360 935 demum
1393 873 1734 949 solutiore,
1767 891 1882 937 seu
1917 874 2120 955 magis
2153 873 2473 953 implicata
2509 875 2710 938 utitur
2745 877 2984 955 phrasi.
3021 878 3266 940 Passim
3297 880 3486 941 etiam
3519 880 3726 944 inter-

468 978 628 1044 serit
687 978 1030 1056 Scripturaa
1079 977 1271 1039 verba
1327 992 1455 1038 non
1489 994 1561 1040 ea
1593 985 1838 1040 tantum
1869 977 1948 1039 de
1993 993 2207 1053 causa,
2242 986 2312 1041 ut
2341 977 2522 1040 illius
2553 980 2928 1042 auctoritate
2963 997 3082 1043 sua
3116 996 3304 1042 sensa
3354 983 3724 1058 conﬁrmet;

469 1082 585 1144 sed
612 1079 802 1142 etiam
843 1086 912 1141 ut
936 1094 1009 1140 ea
1035 1079 1246 1141 verbis
1279 1080 1592 1159 exprimat
1617 1079 2108 1158 Scripturarum.
2143 1081 2279 1142 Hoc
2311 1081 2569 1143 dicendi
2603 1098 2839 1160 genere
2869 1087 3114 1144 constat
3159 1099 3438 1161 praesens
3473 1084 3678 1146 oratio
3706 1109 3722 1149 :

472 1183 586 1247 sed
621 1180 772 1262 quia
807 1181 1194 1261 plerumque
1234 1189 1523 1244 versatur
1545 1182 1611 1243 in
1651 1182 1846 1246 rebus
1878 1181 2228 1255 historicis,
2259 1181 2411 1245 ideo
2443 1181 2634 1259 paulo
2659 1182 2849 1245 etiam
2881 1183 3113 1245 clarior
3139 1184 3518 1264 pleniorque
3551 1187 3723 1249 vide-

472 1293 575 1349 tur
609 1303 752 1347 esse
787 1285 887 1349 hic
912 1303 1104 1365 quam
1140 1284 1318 1348 alibi.
1356 1287 1684 1349 Craterum
1725 1285 2058 1349 nonnullae
2093 1285 2351 1348 dicendi
2387 1286 2650 1363 phrases
2683 1284 3162 1365 Theophylacto
3205 1287 3300 1368 (ut
3329 1287 3484 1350 alias
3512 1289 3724 1352 obser-

474 1388 792 1466 vavimus)
822 1385 1169 1448 familiares
1190 1386 1545 1450 identidem
1579 1388 1680 1450 hic
1715 1405 1974 1469 quoque
2007 1390 2626 1452 recurrunt.Praater
2647 1387 2797 1468 styli
2829 1389 3141 1452 rationem
3178 1391 3509 1454 nonnulla:
3533 1395 3722 1456 etiam

469 1490 949 1570 TheOphylacto
982 1489 1198 1553 favent
1230 1491 1588 1566 sententiae,
1653 1509 1770 1556 seu
1803 1493 1991 1567 dicta,
2017 1509 2163 1572 qum
2190 1501 2517 1555 auctorem
2571 1493 2636 1555 in
2669 1492 2964 1573 Bulgaria
2993 1494 3378 1556 scribentem
3433 1497 3724 1573 praesefe-

467 1601 620 1656 runt
683 1609 700 1649 :
757 1598 826 1652 ut
873 1601 1028 1654 ’cum
1080 1578 1452 1672 quindecim
1520 1600 1838 1672 martyres
1896 1594 2073 1672 Bulgt

2116 1594 2210 1656 'itB
2290 1592 2776 1672 thaumaturgos
2837 1593 3117 1672 appellat
3171 1596 3364 1665 ἁγίους
3415 1601 3541 1662 τοὺς
3603 1600 3722 1653 καθ’

468 1701 642 1772 ἡμᾶς,
674 1702 923 1756 sanctos
950 1705 1224 1770 nostros,
1252 1697 1350 1759 vel
1385 1697 1495 1776 qui
1524 1696 1694 1778 apud
1720 1715 1835 1758 nos
1858 1706 2030 1758 sunt.
2072 1696 2418 1776 Bulgarum
2467 1711 2753 1775 quoque,
2787 1712 2903 1756 seu
2936 1695 3249 1774 Bulgariae
3309 1696 3609 1771 incolam,
3656 1701 3720 1759 ni

468 1793 682 1873 fallor,
715 1813 784 1858 se
815 1813 961 1859 esse
993 1796 1379 1873 subindicat,
1414 1798 1568 1860 dum
1613 1798 1924 1878 singulari
1964 1800 2240 1878 quadam
2281 1793 2785 1871 incredibilique
2820 1794 3036 1857 laetitia
3070 1795 3152 1856 ob
3188 1793 3611 1873 Bulgarorum
3643 1799 3721 1859 ad

465 1896 658 1959 fidem
699 1896 1075 1960 catholicam
1128 1899 1622 1962 conversionem
1692 1899 1994 1973 exsultat,
2053 1904 2448 1976 eosdemque
2504 1897 2634 1976 jam
2692 1895 2992 1959 fidelibus
3044 1903 3416 1976 aggregatos
3448 1901 3721 1960 summis

467 2000 770 2065 laudibus
824 2001 1008 2066 eﬂ'ert
1041 2025 1057 2078 ;
1091 2011 1282 2083 atque
1312 2003 1503 2066 etiam
1557 2003 1708 2067 dum
1746 2003 2104 2082 peculiares
2149 2001 2570 2082 Bulgarorum
2628 2000 3142 2063 consuetudines
3188 1999 3314 2062 sibi
3360 2009 3719 2080 perspectas

466 2119 612 2165 esse
644 2105 941 2182 patefacit
974 2126 990 2180 ;
1050 2112 1118 2170 ut
1149 2091 1294 2169 cum
1330 2124 1432 2169 ex.
1463 2125 1522 2188 g.
1560 2105 1774 2184 refert,
1806 2106 2116 2186 Bulgaros
2149 2105 2360 2168 facere
2391 2110 2952 2168 consuessetantae
2990 2104 3456 2184 magnitudinis
3493 2121 3717 2185 panes,

467 2209 540 2267 ut
573 2219 796 2268 eorum
829 2193 1107 2286 quilibet
1139 2208 1358 2271 decem
1393 2209 1761 2271 saturandis
1801 2207 2176 2272 hominibus
2208 2209 2361 2272 satis
2397 2215 2586 2271 esset.
2617 2207 3000 2288 Quanquam
3047 2207 3220 2270 enim
3268 2207 3400 2270 haec
3441 2206 3549 2268 alii
3584 2209 3721 2270 cni-

470 2320 596 2384 que
621 2306 684 2368 in
715 2307 1016 2388 Bulgaria
1051 2310 1358 2376 scribenti
1393 2328 1522 2375 non
1554 2313 1903 2376 convenire
1927 2329 2054 2374 non
2106 2312 2354 2390 possint
2385 2332 2401 2385 ;
2431 2312 2580 2392 quia
2613 2318 2821 2374 tamen
2857 2327 3045 2374 nemo
3076 2311 3240 2373 alius
3276 2311 3466 2373 istius
3496 2320 3720 2376 auctor

467 2412 770 2486 opusculi
796 2413 1083 2490 effertur,
1120 2416 1271 2480 ideo
1295 2415 1842 2496 TheOphylactum
1875 2417 2053 2478 illius
2086 2433 2228 2479 esse
2261 2409 2613 2496 parentem,
2657 2417 2827 2479 haud
2866 2417 3112 2489 leviter,
3151 2431 3295 2479 meo
3331 2417 3717 2498 quidemju-

467 2513 665 2586 dicio,
698 2513 1097 2580 conﬁrmant.
1183 2525 1187 2528 ‘
2331 2536 2338 2541 '
2719 2585 2726 2593 .

547 2615 750 2678 XVII.
788 2618 925 2678 Jam
967 2633 1120 2681 vero
1168 2617 1221 2678 si
1277 2615 1792 2697 TheOphylactus
1823 2616 2018 2696 hujus
2064 2617 2382 2679 sermonis
2443 2625 2664 2680 auctor
2697 2618 3029 2692 habeatur,
3068 2627 3135 2680 ut
3176 2617 3541 2682 habendum
3575 2637 3718 2684 esse

462 2720 737 2792 censeo,
792 2719 1075 2797 prudens
1123 2736 1278 2782 sane
1309 2719 1580 2783 dubium
1613 2719 1856 2783 nemini
1905 2721 2170 2783 subesse
2223 2723 2477 2798 poterit,
2511 2721 2672 2802 quin
2717 2721 3023 2784 historica
3055 2722 3229 2786 illius
3261 2725 3540 2787 narratio
3571 2741 3718 2786 cum

466 2816 732 2878 veritate
755 2816 946 2897 plane
990 2818 1350 2881 consentiat
1386 2837 1400 2876 :
1456 2835 1672 2898 neque
1718 2819 1889 2882 enim
1913 2818 2130 2882 simile
2162 2836 2312 2882 vero
2349 2827 2470 2896 est,
2503 2816 2761 2900 gravem
2797 2820 2983 2884 illum
3011 2823 3468 2904 eruditumque
3511 2824 3718 2887 virum

467 2917 758 2998 putidam
815 2919 1153 2998 adeptasse
1212 2917 1532 2994 fabellam,
1579 2935 1849 2999 eamque
1906 2919 2232 2984 venditare
2289 2920 2436 2982 aliis
2469 2919 2781 2984 voluisse.
2821 2921 2945 2984 Sed
3003 2921 3325 3003 quidquid
3355 2923 3419 2984 in
3454 2923 3572 2986 hac
3601 2941 3720 2987 sua

467 3020 762 3084 oratione
795 3030 1031 3096 narrat,
1065 3021 1231 3086 illud
1264 3020 1452 3085 facile
1491 3028 1740 3102 poterat
1771 3021 1869 3083 vel
1897 3039 1981 3084 ex
2008 3021 2228 3102 aliquo
2270 3031 2692 3085 monumento
2727 3022 2794 3084 in
2825 3021 3144 3104 Bulgarim
3169 3023 3508 3086 tabulariis
3548 3026 3720 3087 exsi-

465 3127 698 3195 stente,
734 3123 832 3185 vel
875 3140 953 3185 ex
1011 3132 1181 3188 certa
1209 3125 1616 3206 perennique
1649 3127 2002 3190 incolarum
2040 3126 2381 3190 traditione
2424 3132 2825 3205 perspectum
2857 3127 3114 3190 habere.
3153 3129 3229 3189 Et
3258 3144 3440 3200 sane,
3466 3128 3718 3191 tametsi

465 3220 698 3285 horum
783 3233 1133 3308 martyrum
1220 3228 1433 3307 passio
1491 3229 1692 3292 multo
1749 3237 1894 3292 ante
1945 3231 2324 3310 contigerit,
2375 3229 2495 3293 hoc
2550 3236 2644 3293 est
2699 3236 2928 3310 quarto
3001 3227 3364 3292 declinante
3416 3226 3720 3291 Ecclesim

463 3323 726 3399 saeculo,
761 3327 1020 3391 Juliano
1058 3332 1362 3407 Apostata
1385 3332 1769 3411 imperante,
1807 3332 2137 3396 translatio
2198 3342 2405 3396 tamen
2439 3333 2700 3396 illorum
2733 3349 3072 3412 corporum
3120 3348 3246 3394 non
3279 3333 3438 3394 adeo
3473 3341 3716 3394 remota

461 3425 678 3487 fuerat
707 3442 742 3488 a
772 3426 1232 3507 TheOphylacti
1260 3437 1462 3505 aetate,
1489 3438 1558 3494 ut
1592 3439 1761 3494 certa
1790 3430 1848 3492 ei
1881 3439 2220 3510 suppetere
2254 3437 2670 3495 monumenta
2695 3448 2822 3494 non
2859 3441 3122 3510 possent
3157 3447 3172 3491 :
3204 3429 3414 3492 solum
3467 3430 3713 3509 quippe

465 3527 796 3606 praecessit
840 3529 1093 3592 duobus
1120 3530 1373 3594 circiter
1403 3531 1657 3594 saaculis
1689 3533 1783 3612 (ut
1809 3549 1887 3593 ex
1926 3531 2220 3594 dicendis
2248 3531 2414 3596 infra
2444 3531 2780 3607 constabit)
2813 3530 2995 3593 illius
3028 3530 3093 3592 in
3127 3530 3424 3610 Bulgaria
3463 3533 3718 3611 episco-

465 3634 714 3706 patum.
763 3629 857 3690 Ex
913 3647 1043 3708 quo
1098 3647 1287 3694 nemo
1319 3649 1444 3695 non
1503 3631 1697 3707 videt,
1735 3649 1924 3712 quam
1976 3631 2164 3694 facile
2196 3631 2316 3694 hoc
2361 3632 2669 3710 temporis
2726 3630 3062 3692 intervallo
3097 3631 3339 3692 servari
3380 3635 3610 3711 possit,
3643 3653 3717 3698 ac

465 3730 672 3792 soleat
705 3729 795 3792 rei
822 3731 1122 3812 alicujus,
1165 3751 1308 3813 qua;
1340 3733 1547 3813 magni
1579 3733 1882 3796 momenti
1917 3733 2023 3804 sit,
2050 3731 2434 3803 recordatio,
2471 3732 2717 3794 tametsi
2755 3729 3004 3792 nullum
3042 3730 3301 3794 visibile
3329 3749 3717 3798 monumen-

463 3837 601 3893 tum
634 3833 939 3910 supersit.
961 3835 1149 3910 Quod
1170 3852 1319 3896 vero
1360 3835 1433 3896 ad
1457 3834 1794 3912 praedictos
1818 3832 2045 3895 attinet
2075 3839 2408 3912 martyres,
2445 3831 2652 3894 adhuc
2681 3829 3144 3910 TheOphylacti
3196 3837 3479 3912 tempore
3514 3835 3714 3898 stabat

464 3932 560 4015 (ut
594 3951 673 3996 ex
699 3952 998 3998 sermone
1028 3935 1168 4013 ipso
1199 3934 1418 4014 colligi
1456 3950 1645 4010 posse
1678 3934 1954 4014 videtur)
1988 3931 2300 4011 templum
2335 3932 2400 3993 in
2444 3930 2819 3994 eorumdem
2853 3937 3204 4011 martyrum
3243 3931 3556 3995 honorem
3600 3953 3717 3995 ex-

466 4040 814 4112 structum;
844 4037 1179 4099 exstabant
1203 4044 1263 4098 et
1291 4053 1449 4099 arcae
1471 4035 1711 4114 quibus
1734 4034 1978 4097 occlusi
2009 4033 2255 4097 cineres
2288 4039 2491 4106 erant,
2511 4049 2582 4095 ac
2611 4031 2872 4095 demum
2907 4047 3276 4094 marmoreaa
3307 4031 3540 4094 tabulae
3572 4051 3715 4113 qum

462 4130 727 4196 illorum
762 4153 957 4199 urnas
1020 4135 1340 4214 principio
1387 4140 1826 4196 contexerant.
1861 4136 1954 4195 Ex
1989 4131 2086 4194 his
2119 4149 2293 4207 vero,
2364 4141 2584 4213 utpote
2653 4132 2889 4214 quibus
2917 4133 3330 4213 singulorum
3360 4143 3712 4214 martyrum

465 4235 730 4296 nomina
757 4234 1065 4313 inscripta
1092 4243 1297 4307 erant,
1324 4243 1386 4296 et
1419 4237 1819 4315 vitaegenus,
1854 4242 1915 4297 et
1947 4233 2245 4313 dignitas,
2273 4233 2654 4309 etoﬂicium,
2697 4241 2764 4296 ut
2797 4233 3316 4313 TheOphylactus
3351 4234 3489 4314 ipse
3523 4243 3715 4300 testa-

463 4341 594 4413 tur,
633 4336 892 4399 haurire
923 4337 1109 4400 facile
1140 4337 1377 4416 potuit,
1411 4351 1558 4416 quae
1586 4336 1788 4399 multo
1808 4343 1978 4406 ante,
2005 4334 2312 4396 nimirum
2348 4334 2470 4396 sub
2503 4334 2764 4396 Juliano
2787 4333 3431 4416 contigerant,eaque
3465 4353 3711 4400 memo-
3767 4320 3773 4326 ’

462 4439 578 4500 τίω
618 4439 957 4502 hominum
993 4441 1405 4518 sempiternae
1441 4453 1738 4499 sermone
1774 4435 1894 4498 hoc
1924 4436 2396 4498 commendare.
2420 4433 2733 4508 Quocirca
2764 4449 2890 4495 non
2935 4433 3128 4495 video
3176 4451 3291 4496 cur
3333 4436 3484 4499 huic
3515 4437 3714 4506 histo-

464 4541 577 4604 τίω
601 4541 870 4621 (tametsi
901 4537 978 4603 ab
1008 4540 1133 4602 alio
1165 4539 1470 4620 quapiam
1488 4538 1758 4601 minoris
1777 4535 2258 4618 Theophylacto
2280 4534 2676 4598 auctoritatis
2707 4535 3067 4612 conscripta
3082 4533 3274 4616 esset)
3294 4535 3708 4618 ﬁdesintegra

462 4646 754 4718 habenda
787 4661 917 4708 non
965 4643 1081 4718 sit;
1119 4643 1243 4705 nisi
1274 4641 1438 4705 forte
1488 4641 1777 4704 videatur
1802 4642 2034 4704 obesse
2075 4640 2277 4702 altum
2302 4639 2380 4702 de
2432 4656 2500 4701 re
2531 4639 2648 4700 hac
2678 4645 3047 4700 caaterorum
3087 4639 3467 4718 scriptorum
3499 4643 3705 4706 silen.

461 4748 662 4820 tium;
697 4762 770 4808 ac
802 4744 978 4826 quod
1012 4761 1224 4825 neque
1255 4745 1323 4806 in
1346 4745 1716 4806 Graacorum
1747 4742 2038 4816 Menmis,
2069 4759 2284 4821 neque
2316 4742 2380 4804 in
2428 4741 2873 4805 Ruthenorum
2904 4749 3013 4804 aut
3035 4743 3446 4805 Moschorum
3487 4747 3710 4809 Meno-

459 4847 653 4926 logiis
673 4847 954 4926 praedicti
980 4854 1291 4924 martyres
1323 4846 2180 4908 commemorentur.Verum
2218 4844 2429 4923 quoad
2465 4842 2934 4923 primum,quis
2957 4851 3134 4907 certo
3164 4862 3454 4908 asserere
3489 4854 3705 4926 queat,

458 4951 656 5022 hunc,
691 4951 771 5012 de
799 4963 932 5028 quo
962 4931 1238 5026 agimus,
1307 4944 1614 5010 duntaxat
1648 4951 1973 5008 auctorem
2035 4945 2450 5026 consignasse
2474 4943 2704 5006 litteris
2760 4942 2988 5007 horum
3020 4946 3138 5008 XV
3170 4953 3521 5026 martyrum
3561 4961 3708 5009 cum

462 5054 810 5134 passionis,
841 5059 976 5114 tum
1012 5068 1238 5113 eorum
1273 5050 1706 5113 translationis
1738 5048 2096 5112 historiam.
2153 5067 2298 5112 cum
2359 5054 2584 5111 notum
2641 5045 3176 5126 exploratumque
3225 5046 3331 5120 sit,
3393 5045 3706 5126 permulta

460 5162 748 5217 veterum
781 5152 1167 5232 scriptorum
1202 5169 1396 5232 Opera
1431 5151 2164 5232 penitusi‘ntercidisse?
2212 5151 2462 5213 Deinde
2493 5158 2650 5230 quot
2675 5147 2991 5211 habentur
3020 5153 3090 5210 ut
3127 5154 3299 5211 certa
3329 5152 3465 5208 tum
3495 5145 3560 5206 in
3603 5163 3707 5208 ec-

456 5253 841 5329 clesiastica,
887 5262 1021 5315 tum
1055 5253 1248 5316 etiam
1279 5253 1348 5315 in
1390 5251 1650 5332 profana
1700 5237 2006 5325 historia,
2059 5267 2204 5332 quae
2254 5250 2454 5313 unius
2511 5255 2758 5310 tantum
2805 5245 3142 5327 scriptoris
3201 5246 3576 5308 auctoritate
3635 5265 3708 5310 ac

455 5357 823 5420 testimonio
874 5350 1218 5418 nituntur?
1265 5353 1622 5416 Praesertim
1659 5353 1807 5415 vitta
1845 5369 1916 5416 ac
1945 5359 2120 5432 gesta
2152 5359 2517 5415 sanctorum
2554 5348 2902 5430 aliquando
2927 5347 3122 5410 unius
3174 5346 3365 5408 etiam
3397 5362 3707 5428 anonymi

456 5459 821 5520 narratione
853 5457 1292 5519 innotescunt.
1353 5457 1431 5517 At
1464 5453 1808 5533 peculiaris
1860 5457 1929 5516 in
1965 5469 2118 5516 casu
2150 5463 2367 5516 nostro
2397 5450 2603 5532 potuit
2635 5451 2903 5514 subesse
2930 5449 3114 5522 ratio,
3147 5465 3260 5510 cur
3288 5463 3413 5510 non
3451 5449 3531 5511 ab
3552 5451 3706 5535 aliis

453 5560 782 5622 memoriae
808 5557 1130 5636 proditum
1165 5556 1250 5618 sit
1282 5555 1660 5619 earumdem
1702 5555 2106 5636 martyrium.
2141 5557 2203 5618 Si
2239 5555 2410 5618 enim
2449 5562 2511 5616 et
2545 5552 2694 5625 loci,
2719 5558 2783 5615 et
2819 5548 3155 5629 temporis,
3191 5565 3320 5629 quo
3352 5549 3418 5613 id
3449 5555 3704 5625 accidit,

453 5662 610 5726 ratio
664 5661 996 5733 habeatur,
1033 5659 1315 5742 quisque
1373 5657 1586 5725 statim
1653 5661 1996 5741 intelliget,
2033 5679 2162 5723 rem
2219 5662 2377 5723 hanc
2402 5658 2706 5723 facillime
2739 5655 2919 5718 illius
2953 5653 3074 5718 aevi
3099 5655 3448 5736 scriptores
3476 5657 3702 5740 fugere
