4068 6210
357 218 482 286 ’431
1430 225 1811 288 BONIFACII
1845 227 2153 291 FINETTI
2183 229 2574 293 PREFATIO
3527 231 3636 298 432

378 334 697 414 potuisse.
736 334 988 398 Etenim
1022 351 1100 398 co
1132 343 1413 417 tempore
1428 337 1724 418 martyrii
1762 338 2032 416 palmam
2063 347 2212 403 sunt
2243 340 2480 419 adepti,
2512 355 2644 420 quo
2661 338 2960 402 Julianus
2980 341 3280 419 Apostata
3313 339 3631 405 labentem

384 440 765 503 idololatriae
793 441 1038 502 cultum
1062 441 1308 520 erigere
1335 450 1527 523 atque
1561 444 1626 506 in
1659 443 2008 524 pristinum
2039 444 2350 506 honorem
2382 445 2725 508 restituere
2754 444 3499 525 adnitebatur;adeoque
3529 464 3634 512 res

373 541 895 604 Christianorum
928 540 1346 619 iniquissimo
1382 543 1520 605 loco
1571 552 1750 606 erant
1785 563 1800 601 :
1836 551 1896 607 et
1928 543 2226 624 plerique
2265 544 2526 606 illorum
2563 544 2660 607 vel
2696 547 2994 607 miseram
3057 541 3128 606 in
3175 546 3408 608 exsilio
3440 547 3633 608 vitam

381 643 739 721 degebant,
797 641 893 702 vel
938 658 1053 718 per
1110 642 1502 705 solitudines
1543 652 1927 724 montesque
1974 653 2354 723 sponte-sua
2386 645 2705 708 errabant.
2749 648 2956 708 Locus
2993 662 3146 707 vero
3171 645 3278 708 ubi
3321 655 3633 725 martyres

378 743 780 814 occubuere,
817 741 1016 821 magis
1050 741 1402 819 impervius
1457 745 1843 824 abditusque
1879 761 2025 807 esse
2060 747 2164 807 vix
2221 753 2490 824 poterat,
2523 747 2833 810 nimirum
2876 746 3031 808 urbs
3079 748 3457 827 perexigua,
3491 749 3632 812 sive

379 840 760 920 Oppidulum
799 841 1120 919 quoddam
1144 840 1211 903 in
1248 841 1564 907 altissimo
1591 847 1825 908 montis
1855 846 2054 908 Haemi
2107 846 2442 908 cacumine
2474 847 2758 927 positum
2793 867 2808 906 :
2838 847 2982 910 talis
3014 848 3189 910 enim
3221 866 3299 911 eo
3340 859 3630 930 tempore

381 944 812 1020 TiberiOpolis
844 951 1099 1019 erat,-ut
1124 943 1286 1008 infra
1319 948 1759 1012 ostendemus.
1785 950 1952 1021 Quid
2002 949 2222 1029 itaque
2256 949 2522 1026 mirum,
2557 949 2804 1012 si-intra
2850 949 3034 1013 illius
3070 951 3309 1012 limites
3349 953 3462 1013 diu
3498 970 3635 1030 per-

379 1047 537 1106 stitit
589 1047 1100 1125 praestantissimi
1164 1050 1356 1126 hujus
1395 1037 1704 1130 triumphi
1764 1053 2028 1115 notitia?
2055 1054 2240 1128 Quod
2283 1054 2338 1115 si
2382 1071 2484 1116 res
2520 1054 2605 1116 ita
2637 1071 2706 1116 se
2755 1053 3004 1128 habuit,
3042 1072 3121 1116 ne
3170 1054 3331 1116 illud
3362 1055 3626 1134 quidem

373 1148 612 1208 mirum
647 1148 994 1221 videbitur,
1033 1152 1208 1228 quod
1243 1152 1309 1213 in
1338 1152 1704 1216 Graecorum
1770 1156 2042 1217 Menaeis
2069 1155 2449 1218 eorumdem
2503 1153 2745 1218 mentio
2779 1156 3210 1230 desideretur,
3243 1163 3434 1234 atque
3467 1156 3630 1216 adeo

378 1253 443 1311 in
481 1249 865 1327 Mcnologiis
920 1251 1370 1313 Ruthenorum
1399 1257 2040 1334 atqueMoschorum,
2091 1266 2310 1337 utpote
2337 1274 2482 1337 qum
2541 1274 2618 1318 ex
2656 1257 2892 1319 Graecis
2921 1257 3258 1334 desumpta
3293 1259 3631 1318 translata-

375 1373 503 1435 que
561 1366 732 1419 sunt.
759 1357 945 1431 Quod
989 1356 1045 1415 si
1100 1355 1166 1415 in
1226 1355 1325 1416 his
1369 1358 1838 1435 posterioribus
1879 1363 2314 1437 quorumdam,
2358 1359 2461 1420 ﬁat
2509 1358 3038 1420 commemoratio
3099 1371 3491 1436 sanctorum,
3547 1361 3627 1422 de

374 1459 615 1538 quibus
644 1458 822 1520 nulla
853 1457 1024 1536 apud
1063 1457 1321 1519 Graecos
1353 1467 1448 1520 est
1478 1461 1747 1533 mentio,
1777 1461 1967 1522 exiis
2015 1460 2109 1521 illi
2165 1467 2317 1523 sunt
2351 1476 2628 1539 quorum
2662 1460 2970 1522 memoria
2999 1462 3358 1525 celebratur
3391 1463 3454 1541 in
3484 1463 3628 1524 uni-

372 1579 557 1624 versa
605 1563 1051 1624 Ruthenorum
1112 1562 1426 1635 Ecclesia,
1463 1576 1592 1622 non
1653 1577 1732 1622 ex
1764 1577 1988 1623 eorum
2027 1580 2300 1625 numero
2325 1609 2343 1639 ,
2393 1579 2671 1644 quorum
2697 1560 3012 1625 festivitas
3046 1563 3324 1644 alicujus
3370 1563 3492 1626 loci
3527 1563 3624 1626 vel

371 1666 657 1746 regionis
689 1667 769 1728 sit
805 1667 1055 1744 prnpria
1084 1688 1100 1740 ;
1136 1648 1503 1743 cuj'usmodi
1537 1662 1794 1724 videtur
1826 1677 1969 1723 esse
2005 1662 2236 1724 horum
2265 1665 2382 1727 XV
2403 1670 2778 1742 martyrum,
2800 1663 2880 1725 de
2916 1664 3154 1743 quibus
3190 1666 3256 1726 in
3286 1666 3625 1744 praesentia

372 1777 469 1830 est
502 1784 740 1830 sermo.
775 1768 986 1846 Hujus
1043 1767 1215 1828 enim
1249 1764 1505 1844 generis
1541 1770 1905 1825 sanctorum
1941 1763 2248 1825 memoria
2296 1779 2429 1826 non
2487 1764 2555 1826 in
2597 1764 3052 1828 communibus
3088 1767 3375 1839 Menaeis,
3411 1768 3519 1828 sed
3555 1767 3624 1828 in

369 1870 807 1949 peculiaribus
843 1869 988 1939 loci,
1015 1869 1122 1930 ubi
1171 1868 1384 1931 cultus
1414 1883 1640 1930 eorum
1663 1866 1854 1944 viget,
1890 1865 2129 1928 tabulis
2154 1866 2530 1946 consignata
2563 1885 2706 1930 esse
2743 1868 2905 1930 solet
2931 1868 3218 1947 :qualem
3245 1871 3621 1931 memoriam

369 1990 450 2035 ne
481 1971 656 2034 hisce
689 1972 957 2053 quidem
993 1969 1382 2049 martyribus
1422 1970 1675 2042 deesse,
1708 1965 1986 2028 inferius
2018 1968 2456 2030 ostendemus.
2493 1970 2732 2032 Verum
2771 1967 2895 2030 etsi
2950 1968 3127 2030 nulla
3158 1969 3428 2034 omnino
3469 1962 3619 2031 alibi

369 2075 615 2135 mentio
670 2075 748 2136 de
799 2073 1046 2134 eisdem
1108 2077 1500 2143 occurreret,
1533 2068 1700 2131 nihil
1764 2067 1915 2130 inde
1965 2067 2364 2130 auctoritatis
2414 2078 2476 2132 et
2514 2070 2703 2148 pretii
2751 2069 2904 2131 huic
2952 2069 3227 2132 orationi
3267 2071 3620 2134 detractum

365 2183 538 2240 esset
577 2177 748 2238 :imo
785 2173 1186 2254 prmstantius
1212 2174 1309 2236 vel
1347 2173 1426 2234 ex
1455 2172 1572 2234 hoc
1604 2171 1747 2250 ipso
1771 2171 2199 2256 judicandum
2250 2170 2598 2244 videretur,
2640 2171 2956 2250 nobisque
2979 2170 3345 2253 impensius
3397 2179 3621 2252 gratu-

366 2275 655 2349 landum,
701 2274 874 2356 quod
914 2274 1168 2336 tandem
1217 2271 1566 2352 aliquando
1604 2272 1868 2350 prodeat
1919 2271 1985 2332 in
2027 2271 2277 2345 lucem;
2311 2277 2372 2332 et
2420 2271 2706 2349 plurium
2765 2277 3115 2351 martyrum
3146 2270 3626 2352 thaumaturgo-

363 2399 644 2460 rumque
677 2379 989 2442 memoria
1024 2379 1102 2440 ab
1127 2377 1498 2440 omnimoda
1524 2375 1857 2438 oblivione
1895 2380 1959 2436 et
1989 2375 2279 2437 tenebris
2309 2374 2696 2437 vindicetur.

445 2487 677 2546 XVIII.
715 2485 887 2546 Talis
918 2500 989 2546 ac
1022 2491 1190 2546 tanta
1219 2481 1530 2571 orationis
1563 2479 1760 2560 hujus
1792 2479 2039 2542 utilitas
2083 2487 2276 2559 atque
2302 2479 2677 2560 praestantia
2711 2477 2916 2542 levem
2959 2479 3114 2542 mihi
3146 2480 3272 2540 imo
3291 2485 3354 2540 et
3377 2478 3621 2556 jucun-

364 2585 519 2646 dum
556 2587 1016 2661 interpretandi
1064 2574 1458 2668 reddidisset
1487 2583 1797 2657 laborem,
1852 2581 1976 2644 nisi
2023 2581 2372 2662 apographi
2427 2598 2698 2655 summa,
2726 2589 2796 2648 ut
2829 2583 3019 2644 initio
3073 2581 3233 2655 dixi,
3302 2579 3622 2642 vitiositas

365 2687 532 2748 haud
566 2687 894 2766 exiguam,
922 2686 1056 2749 imo
1088 2685 1272 2748 valde
1305 2700 1596 2764 magnam
1630 2682 1786 2745 mihi
1826 2683 2188 2760 molestiam
2243 2688 2542 2745 creasset.
2570 2683 2718 2746 Erat
2751 2683 2996 2762 quippe
3031 2682 3176 2744 talis
3205 2698 3275 2744 ac
3323 2689 3516 2753 tanta,
3555 2685 3624 2740 ut

364 2786 742 2849 mendosius
797 2787 1152 2866 quidquam
1192 2786 1388 2849 scribi
1436 2785 1728 2865 potuisse
1780 2784 1888 2846 vix
1923 2791 2166 2863 putem.
2208 2786 2362 2846 Nam
2422 2783 2660 2861 passim
2705 2790 2770 2846 et
2823 2783 3181 2846 litterarum
3231 2781 3526 2856 variatio,
3559 2783 3623 2842 et

366 2887 649 2965 plurium
681 2885 1007 2964 copulatio
1053 2887 1432 2958 dictionum,
1463 2891 1525 2947 et
1562 2903 1597 2949 e
1629 2883 1950 2948 contrario
1998 2885 2197 2947 unius
2252 2884 2678 2964 ejusdemque
2735 2884 2984 2947 divisio
3024 2887 3087 2946 in
3148 2901 3226 2948 eo
3262 2884 3619 2948 identidem

360 2987 761 3052 occurrebat.
805 2988 1164 3047 Praesertim
1227 3000 1376 3048 vero
1437 2985 1505 3046 in
1558 2983 1883 3046 vocalibus
1913 2990 2242 3062 peccatum
2274 2984 2551 3046 maxime
2586 2991 2683 3046 est
2733 3001 2747 3046 :
2789 3003 2932 3047 nam
2979 2985 3232 3049 vocales
3272 2993 3466 3066 atque
3504 2985 3610 3046 di-

363 3090 672 3170 phthongi
707 3134 723 3162 ,
779 3104 928 3166 qum
964 3077 1191 3150 eodem
1240 3103 1412 3150 nunc
1467 3081 1629 3148 sono
1699 3092 1969 3164 pronum

2011 3078 2202 3147 antur
2260 3101 2294 3148 a
2363 3084 2648 3159 Graecis,
2721 3103 2950 3166 nempe
3008 3087 3079 3166 ἦ,
3117 3116 3162 3160 ι,
3199 3113 3496 3163 υ,,ει,οι,
3551 3111 3614 3163 ε,

359 3212 458 3262 αι,
499 3213 550 3264 ο,
577 3211 642 3265 ω,
672 3187 1234 3252 indiscriminatim
1265 3189 1497 3268 positae
1515 3191 1689 3250 sunt.
1710 3189 1797 3248 Ex
1815 3202 1944 3266 quo
1970 3179 2158 3248 facile
2185 3184 2977 3264 colligas,amanuensem,
2999 3188 3411 3267 quicodicem
3447 3189 3616 3251 unde

359 3289 770 3368 desumptum
801 3287 1238 3369 apographum
1289 3295 1407 3357 est,
1443 3288 1728 3350 exaravit
1761 3288 1850 3360 (in
1882 3287 2264 3366 scriptorem
2307 3287 2508 3349 nostri
2571 3286 2922 3366 apographi
2980 3288 3142 3350 hanc
3185 3288 3439 3368 culpam
3489 3307 3614 3351 non

358 3387 585 3450 cadere
621 3389 886 3452 aliunde
920 3388 1107 3470 scio),
1162 3389 1497 3468 ignorasse
1536 3388 1797 3466 penitus
1833 3391 2067 3452 Graecae
2121 3389 2547 3468 grammaticm
2583 3391 2793 3472 leges;
2837 3401 3276 3472 praetereaque
3345 3409 3476 3454 non
3539 3409 3618 3454 ex

359 3493 503 3571 ipso
535 3493 885 3573 exemplari
937 3495 1144 3558 oculis
1185 3493 1526 3573 supposito
1563 3493 1683 3572 (sic
1712 3495 1884 3572 enim
1937 3497 2207 3569 litteras,
2262 3512 2407 3573 quae
2429 3505 2608 3557 erant
2639 3491 3166 3571 transcribendm,
3211 3495 3616 3575 perspiciens

359 3593 568 3655 rarius
601 3594 1013 3673 aberrasset),
1049 3595 1161 3656 sed
1207 3594 1490 3656 dictante
1520 3594 1767 3673 aliquo,
1802 3601 1864 3656 et
1886 3594 2070 3673 juxta
2102 3592 2490 3656 hodiernum
2521 3595 2885 3657 Grmcorum
2921 3611 3158 3657 morem
3190 3594 3430 3656 litteras
3465 3609 3618 3672 pro-

344 3696 727 3769 .nuntiaute,
761 3709 993 3757 senum
1026 3695 1295 3759 auribus
1327 3703 1702 3776 perceptum
1739 3695 1977 3757 Graecis
2010 3700 2344 3772 utcunque
2379 3677 2610 3757 litteris
2635 3697 3076 3776 cousiguasse.
3104 3698 3195 3757 Ex
3220 3711 3349 3774 quo
3378 3693 3614 3757 factum

350 3800 481 3867 est,
532 3801 598 3855 ut
630 3793 697 3856 in
730 3794 1016 3858 dictione
1049 3796 1430 3877 dissyllaba,
1456 3797 1553 3858 vel
1585 3795 1961 3875 trissyllaba
1993 3803 2272 3874 quatuor
2303 3795 2400 3858 vel
2435 3796 2730 3876 quinque
2787 3797 3013 3859 menda
3060 3797 3432 3876 (praesertim
3466 3795 3518 3856 si
3554 3800 3618 3857 et

353 3897 708 3977 spirituum
744 3905 802 3960 et
833 3907 1209 3962 accentuum
1243 3898 1551 3963 habeatur
1586 3898 1770 3980 ratio)
1807 3914 1934 3959 non
1978 3895 2427 3977 infrequenter
2461 3906 2898 3961 occurrerent.
2934 3898 3248 3972 Quantam
3301 3913 3452 3959 vero
3485 3896 3616 3956 haec

345 4000 508 4063 vitia
545 4001 791 4080 pariant
821 4003 1391 4081 perturbationem,
1414 4010 1848 4082 quantamque
1884 4002 2327 4082 iuterpretanti
2364 4002 2751 4078 molestiam,
2783 4019 2932 4066 cum
2976 4017 3202 4083 omnes
3233 3999 3610 4078 intelligere

346 4102 632 4181 .possint,
685 4110 818 4165 tum
874 4103 919 4165 ii
955 4108 1304 4180 prmsertim
1342 4104 1456 4184 qui
1516 4103 1719 4166 Graeci
1761 4103 2091 4165 idiomatis
2120 4104 2264 4182 {non
2298 4111 2449 4166 sunt
2487 4103 2718 4184 ignari.
2751 4103 2937 4165 Prius
2979 4101 3182 4181 igitur
3216 4118 3409 4182 quam
3441 4105 3611 4164 Lati-

341 4224 500 4270 nam
561 4209 925 4272 versionem
982 4207 1392 4288 aggrederer,
1449 4213 1512 4270 et
1544 4208 1771 4270 menda
1816 4209 1896 4268 de
1967 4207 2182 4269 medio
2215 4206 2482 4281 tollere,
2520 4215 2583 4269 et
2634 4212 2884 4269 textum
2945 4221 3080 4268 sum
3128 4222 3296 4268 verm
3346 4205 3612 4269 lectioni

343 4313 705 4374 restituere
738 4329 904 4390 Opus
927 4308 1075 4372 fuit.
1108 4309 1292 4371 Ratio
1333 4315 1575 4380 autem,
1609 4325 1802 4388 quam
1833 4308 1898 4369 in
1939 4307 2058 4370 hoc
2095 4324 2364 4370 munere
2397 4306 2699 4369 obeundo
2725 4305 3006 4380 institui,
3053 4304 3187 4368 haec
3229 4313 3327 4369 est
3358 4325 3375 4366 :
3411 4314 3614 4370 errata

343 4427 500 4490 qum
529 4419 702 4473 certo
745 4419 806 4472 et
849 4411 1092 4489 absque
1123 4410 1252 4473 ulla
1290 4409 1693 4472 dubitatione
1726 4409 1972 4484 detexi,
2004 4408 2072 4470 in
2102 4408 2249 4487 ipso
2285 4415 2464 4468 textu
2501 4406 2868 4482 emendavi,
2919 4405 3095 4468 nulla
3129 4407 3208 4468 ad
3238 4408 3610 4486 marginem

348 4516 766 4576 adnotatione
802 4514 1040 4592 posita;
1072 4513 1363 4594 alioquin
1403 4519 1608 4576 totum
1639 4512 1775 4575 fere
1810 4512 2166 4592 marginem
2196 4511 2280 4574 iis
2313 4509 2566 4590 oppleri
2587 4508 2818 4572 fuisset
2841 4525 3030 4589 opus.
3071 4511 3151 4574 At
3184 4511 3292 4573 ubi
3325 4511 3609 4576 incertus

353 4635 551 4692 eram,
583 4634 660 4678 an
697 4617 915 4696 aliqua
948 4632 1069 4678 vox
1115 4617 1184 4677 in
1217 4616 1455 4680 mendo
1484 4614 1911 4693 cubaretyvel
1947 4613 2199 4678 etiamsi
2230 4613 2298 4676 id
2332 4620 2506 4677 certo
2543 4611 3126 4692 deprehenderem,
3175 4611 3608 4677 nihilominus

343 4734 601 4792 vacem,
634 4733 778 4796 quae
808 4715 1263 4780 substituenda
1291 4725 1487 4792 esset,
1534 4726 1701 4780 certa
1731 4719 1946 4797 aliqua
1993 4716 2356 4796 conjectura
2391 4714 2649 4794 assequi
2684 4728 2811 4775 non
2834 4720 3153 4792 poteram;
3187 4731 3328 4776 eam
3384 4715 3611 4793 cujus-

353 4818 528 4882 modi
571 4819 634 4879 in
693 4815 1063 4896 apographo
1096 4825 1256 4894 erat,
1308 4819 1378 4880 in
1411 4827 1587 4881 textu
1641 4817 1902 4899 reliqui,
1940 4833 2294 4896 vocemque
2326 4832 2472 4895 quae
2507 4815 2890 4895 conjectanti
2930 4815 3091 4891 mihi
3121 4813 3388 4893 legenda
3438 4816 3617 4878 vide-

343 4919 560 4994 batur,
595 4919 663 4981 iu
698 4917 993 4980 inferiori
1025 4919 1311 4998 margine
1345 4919 1644 4997 apposui,
1679 4919 2013 4998 prmmisso
2046 4927 2117 4981 τσ.
2143 4935 2262 4981 seu
2291 4929 2445 4991 ἴσως,
2473 4919 2777 4998 fortasse,-
2802 4924 2870 4980 ut
2893 4914 3299 4981 felicioribus
3329 4909 3608 4982 alierum

347 5017 738 5100 conjecruris
771 5018 983 5082 locum
1027 5037 1377 5100 ausamque
1421 5019 1792 5096 praeberem.
1827 5018 2154 5080 Nonnulla
2208 5025 2416 5080 tamen
2449 5018 2697 5080 eisdem
2725 5019 2958 5098 adjeci,
2994 5019 3074 5082 de
3131 5035 3408 5098 quorum
3459 5038 3610 5083 vera

346 5138 783 5201 germanaque
815 5121 1216 5184 correctione
1241 5119 1646 5183 levissimum
1690 5119 1788 5180 vel
1825 5118 2012 5198 plane
2035 5119 2289 5182 nullum
2327 5119 2486 5180 mihi
2518 5119 2726 5182 iuerat
2755 5119 3054 5194 dubium,
3085 5126 3156 5182 ut
3186 5137 3260 5182 ex
3285 5120 3368 5181 iis
3392 5122 3608 5199 speci-

341 5226 543 5287 minis
582 5227 719 5289 loco
756 5227 1002 5304 peritus
1038 5226 1238 5287 lector
1283 5225 1538 5304 colligat
1571 5223 1859 5302 ingentia
1899 5234 2100 5288 errata
2159 5224 2398 5303 quibus
2430 5223 2646 5303 ipsum
2677 5225 3006 5311 exemplar
3059 5223 3126 5286 in
3161 5223 3446 5304 qualibet
3471 5223 3608 5287 fere

347 5341 523 5409 parte
550 5331 852 5395 scatebat.
892 5333 1047 5394 Cum
1073 5348 1222 5393 vero
1254 5331 1414 5392 adeo
1447 5329 1866 5409 indiligenter
1889 5331 2252 5409 exscriptus
2279 5330 2482 5393 codex
2511 5328 2623 5391 ille
2654 5329 2758 5403 sit,
2792 5329 3192 5402 utdiximus,
3219 5327 3379 5390 illud
3413 5329 3608 5400 etiam

346 5431 667 5508 suspicari
711 5433 1180 5511 licet,integras
1237 5430 1630 5511 quandoque
1663 5431 1977 5494 dictiones
2003 5449 2129 5509 pra;
2157 5431 2494 5493 oscitantia
2520 5430 2978 5509 prmtermissas
3001 5428 3204 5491 fuisse
3237 5446 3252 5490 :
3287 5446 3432 5508 qua;
3461 5429 3608 5508 qui-

342 5532 494 5592 dem
545 5532 833 5609 suspicio
897 5533 1344 5610 interpretanti
1388 5531 1540 5595 mihi
1576 5533 1748 5596 haud
1809 5531 2010 5596 semel
2043 5533 2266 5596 oborta
2297 5539 2416 5596 est.
2480 5533 2666 5607 Loca,
2722 5532 2831 5595 ubi
2875 5530 3309 5612 apOgraphum
3361 5532 3604 5594 nedum

339 5633 760 5711 mendosum,
787 5638 900 5700 sed
925 5646 988 5702 et
1020 5637 1320 5701 mutilum
1371 5635 1579 5700 visum
1627 5636 1782 5698 mihi
1831 5643 1952 5717 est,
1987 5637 2053 5700 in
2090 5637 2258 5700 uotis
2287 5635 2506 5715 aliqua
2545 5635 2877 5711 indicabo;
2909 5635 3034 5699 alia
3062 5653 3177 5712 per
3222 5653 3368 5700 sese
3404 5641 3604 5698 lector
