4068 6210
488 400 596 457 ολδ
1334 403 1416 465 ιΝ
1466 407 1603 478 SEQ
1613 408 1895 469 UENTIA
1929 411 2094 473 THEt

2134 413 2507 477 PHYLACTI
2546 416 2879 481 SCRIPTA.
3634 424 3740 489 434

491 499 1258 615 fortassedeprehendet.
1298 508 1538 572 Verum
1591 512 1671 575 de
1726 518 2077 596 apographi
2139 521 2448 599 qualitate
2471 523 2603 603 jam
2646 526 2826 590 satis.
2860 518 3041 593 Nunc
3070 529 3150 594 d-e
3180 531 3320 595 loco
3349 550 3420 597 ac
3456 541 3743 616 tempore

489 618 622 682 quo
649 611 711 664 et
737 603 908 681 passi
955 613 1264 685 martyres
1295 618 1470 687 sunt,
1495 623 1557 679 et
1589 631 1815 680 eorum
1848 619 2152 684 translata
2202 623 2494 702 Corpora,
2528 624 2881 710 adjuugere
2905 647 3104 711 pauca
3130 631 3330 710 lubet,
3364 653 3511 716 quas
3542 656 3642 702 res
3675 641 3744 703 in

490 702 605 766 hac
637 704 928 783 oratione
950 714 1233 775 narratas
1258 710 1488 792 aliquo
1511 716 1701 783 modo
1730 716 2152 783 illustrabunt
2175 702 2802 807 conﬁrmabuntque.

566 831 746 893 XIX.
781 832 1051 897 Deloco
1089 837 1368 915 primum
1400 847 1462 901 et
1484 849 1774 920 tempore
1813 861 1944 924 quo
1980 848 2086 908 SS.
2127 855 2438 926 martyres
2491 852 2820 929 pertulere
2869 857 3271 935 martyrium.
3301 832 3405 920 vix
3440 860 3573 925 ulla
3600 882 3744 929 esse

486 936 695 1010 potest
730 929 1096 1008 difﬁcultas,
1126 953 1272 998 cum
1334 946 1683 1022 utrumque
1736 944 1906 1006 satis
1933 947 2174 1011 diserte
2205 952 2766 1030 exprimatauctor
2792 929 3126 1035 inquiens,
3153 959 3618 1040 Tiberiopolim
3653 966 3747 1030 lo-

486 1047 658 1106 cum,
686 1039 940 1111 tempus
965 1051 1118 1097 vero
1147 1035 1311 1098 illud
1333 1037 1538 1102 fuisse
1571 1059 1703 1122 quo
1732 1043 1975 1122 impius
2005 1043 2300 1110 Julianus
2332 1056 2651 1112 summam
2687 1052 2944 1131 imperii
2974 1055 3254 1120 tenebat.
3286 1035 3508 1138 Neque
3528 1061 3745 1127 solum

488 1133 780 1210 urbis;in
809 1154 936 1217 qua
969 1138 1134 1226 passi
1175 1130 1628 1216 sunt,’nomen
1657 1146 1985 1226 patefacit;
2023 1152 2137 1214 sed
2160 1150 2357 1214 situm
2392 1152 2584 1216 etiam
2618 1154 2910 1235 designat
2932 1142 3269 1236 inquiens,
3305 1177 3444 1223 eam
3474 1164 3749 1241 positam

485 1253 617 1296 esse
654 1235 738 1298 ad
770 1241 1328 1318 septentrionalem
1359 1242 1612 1323 plagam
1671 1245 2091 1312 Thessalonice

2144 1297 2161 1325 ,
2217 1262 2339 1317 κατ’
2361 1262 2539 1335 ἀρχὰς
2574 1264 2675 1337 τῆς
2724 1265 2914 1338 χώρας
2953 1267 3260 1340 Ἰλλυρίδος,
3320 1263 3389 1324 in
3423 1235 3747 1346 principio

468 1339 759 1418 Illyrici.
810 1342 883 1405 In
915 1342 1228 1408 Orationis
1285 1349 1635 1429 epigraphe
1685 1352 2084 1432 adju‘ngitur,
2128 1358 2342 1420 vocari
2398 1375 2541 1421 eam
2591 1359 2929 1441 Bulgarice
2976 1339 3385 1425 Strumitzam
3415 1339 3442 1422 ξ
3465 1367 3577 1427 sed

487 1453 805 1523 postrema
853 1447 1045 1511 verba
1097 1451 1175 1513 ab
1229 1452 1451 1533 aliquo
1480 1454 1714 1519 deinde
1747 1456 2029 1520 librario
2069 1459 2310 1539 adjecta
2342 1460 2585 1537 fuisse,
2609 1480 2723 1542 pro
2775 1471 2948 1527 certo
3001 1464 3206 1527 habeo
3243 1476 3418 1528 :tum
3444 1468 3618 1547 quod
3680 1468 3748 1531 in

482 1545 775 1609 oratione
806 1554 933 1610 tota
963 1549 1189 1612 civitas
1236 1552 1344 1615 illa
1371 1565 1683 1635 perpetuo
1719 1557 2167 1638 Tiberiopolis,
2200 1574 2529 1641 nunquam
2552 1553 2898 1626 Strumitza
2932 1545 3551 1649 nuncupetur;_tum
3570 1572 3749 1648 quod

482 1665 556 1711 ea
582 1650 771 1711 verba
793 1649 1010 1714 alieno
1040 1652 1164 1716 sita
1194 1653 1337 1718 loco
1374 1666 1721 1722 cernantur
1755 1682 1770 1721 :
1800 1677 2016 1739 neque
2051 1662 2222 1724 enim
2245 1671 2495 1727 vetusto
2521 1664 2943 1744 Tiberiopolis
2976 1665 3250 1743 nomini,
3287 1679 3354 1730 ut
3388 1685 3749 1750 congruum

482 1758 640 1826 erat,
684 1752 1168 1831 adhmrescunt;
1200 1759 1315 1821 sed
1349 1769 1492 1838 post
1522 1779 1597 1826 ea
1634 1765 1847 1839 verba,
1899 1766 2078 1846 passi
2104 1769 2517 1844 sunt,minus
2545 1776 2690 1846 apte
2722 1768 3024 1831 translata
3056 1779 3230 1832 sunt.
3257 1770 3750 1838 Acceditfuisse

485 1857 551 1919 in
607 1857 828 1920 codice
887 1858 1181 1923 vitiosam
1232 1868 2066 1951 constructionem‘(quam
2117 1887 2241 1949 ego
2294 1871 2363 1934 in
2445 1871 2619 1934 edito
2669 1874 3075 1950 emendavi);
3140 1891 3284 1936 cum
3363 1876 3538 1938 enim
3590 1880 3753 1934 Τιόε-

482 1965 763 2036 plaustri)“
815 1964 881 2026 in
923 1982 1073 2028 casu
1109 1974 1306 2046 esset,
1335 1971 1406 2033 ut
1461 1971 1799 2053 inquiunt,
1852 1976 2088 2055 dativo,

2143 1976 2899 2058 tequebatur,interjecta
2952 1995 3103 2040 voce
3138 1987 3629 2061 μαρτυρησάντων,
3677 1977 3749 2038 in

484 2058 773 2134 genitivo
814 2066 1306 2143 ἐπονομαζομένης
1331 2074 1730 2146 Στρουμίτζης.
1760 2078 2082 2159 Quisquis

2145 2087 2352 2147 tamen
2398 2095 2472 2142 ea
2502 2070 2828 2143 addiderit
2888 2080 3104 2155 verba,
3140 2058 3442 2145 eorilluvm
3473 2080 3751 2146 consilio

484 2159 809 2228 addidisse
841 2167 1139 2245 arbitror,
1156 2178 1229 2235 ut
1253 2175 1477 2237 Lector
1498 2175 1562 2236 in
1588 2176 1734 2254 ipso
1757 2178 1970 2240 statim
1996 2180 2265 2243 exordio
2297 2179 2772 2260 Tiberiopolim,
2826 2181 2892 2242 in
2919 2197 3046 2260 qua
3080 2181 3176 2242 illi
3215 2181 3476 2244 subiere
3514 2188 3752 2259 marty-

457 2263 678 2342 rium,
716 2286 783 2333 δ..
810 2274 1057 2336 caeteris
1087 2275 1382 2356 ejusdem
1418 2280 1703 2343 nominis
1736 2281 2108 2346 civitatibus
2160 2285 2691 2364 distinguendam
2727 2299 2872 2346 esse
2910 2284 3327 2364 intelligeret.
3357 2287 3512 2349 Nam
3543 2283 3753 2347 etalia

487 2370 921 2453 'l‘iberiopOlis
949 2377 1073 2442 fuit
1105 2381 1171 2443 in
1195 2398 1271 2445 ea
1298 2383 1595 2464 Phrygias
1618 2385 1877 2465 majoris
1902 2395 2101 2466 parte,
2128 2406 2274 2468 qum
2306 2389 2540 2453 dicitur
2579 2384 2950 2464 Pacatiana;
2981 2387 3108 2450 alia
3148 2386 3213 2448 in
3262 2386 3475 2448 insula
3508 2385 3745 2467 Cypro,

481 2475 607 2536 alia
637 2478 925 2559 denique
954 2482 1022 2545 in
1072 2485 1323 2563 Europa
1347 2485 1424 2547 ad
1452 2488 1728 2549 Pontum
1754 2488 2115 2561 Euxinum;
2149 2490 2205 2551 si
2238 2489 2504 2568 quidem
2538 2505 2613 2551 ea
2640 2505 2791 2570 qua)
2819 2505 2989 2553 nunc
3014 2487 3230 2549 Barna
3263 2485 3358 2547 vel
3403 2486 3607 2548 Varna
3640 2500 3751 2546 vos

482 2584 665 2639 catur
698 2579 951 2661 (estque
997 2582 1167 2647 haud
1193 2585 1503 2665 ignobilis
1564 2586 1742 2663 urbs,
1805 2595 2026 2669 utpote
2057 2590 2793 2671 archiepiSCOpaliaucta
2842 2587 3428 2671 dignitate),fuerit
3463 2588 3644 2662 olim,
3680 2593 3751 2650 ut

489 2681 673 2743 multi
700 2686 1017 2759 sentiunt,
1061 2689 1490 2771 Tiberiopolis
1521 2691 1865 2771 appellata.
1926 2693 2294 2757 Aliitamen
2338 2696 2404 2757 in
2439 2713 2509 2758 ea
2544 2702 2698 2758 sunt
2739 2694 3077 2774 Opinione,
3120 2691 3297 2774 quod
3339 2690 3544 2754 l'arna
3570 2690 3743 2751 idem

484 2794 560 2840 ac
595 2781 800 2859 prisca
830 2784 1305 2867 Dionysiopolis
1363 2789 1478 2861 sit;
1526 2789 1639 2853 alii
1701 2806 1852 2853 vero
1881 2789 2187 2871 Odyssus,
2229 2792 2328 2855 vel
2378 2792 2665 2856 Odessus.
2713 2794 2808 2856 Ab
2863 2792 3168 2857 omnibus
3215 2792 3318 2855 his
3355 2808 3428 2854 ea
3478 2789 3751 2852 fortasse

488 2882 747 2946 diversa
791 2894 913 2961 est,
958 2887 1305 2968 solumque
1354 2889 1436 2952 ob
1487 2889 1612 2954 loci
1642 2891 2195 2973 propinquitatem
2228 2894 2418 2957 modo
2454 2911 2567 2975 pro
2606 2912 2757 2970 una,
2814 2895 3006 2958 modo
3038 2909 3156 2974 pro
3195 2892 3320 2955 alia
3350 2897 3751 2954 vetustarum

489 2987 751 3054 urbium
772 2999 1047 3070 sumpta.
1078 2993 1519 3057 Certumillud
1552 2995 1832 3070 videtur,
1865 2978 2134 3060 omnino
2158 2992 2371 3077 decipi
2412 3015 2523 3061 eos
2576 2998 2692 3080 qui
2719 2997 3212 3078 TiberiOpolim,
3254 3011 3427 3059 nunc
3451 2992 3751 3056 Strumit-

491 3107 625 3153 zam
660 3092 761 3172 (de
784 3090 908 3172 qua
950 3092 1054 3157 hic
1082 3093 1474 3174 loquimur),
1508 3112 1656 3158 cum
1696 3097 1903 3160 Varna
1932 3116 2048 3162 seu
2080 3100 2281 3162 Barna
2307 3095 2752 3179 confundunt;
2784 3115 2926 3161 nam
2971 3103 3284 3178 quantum
3317 3095 3750 3176 Tiberiopolis

490 3191 940 3257 Strumitziana
1002 3194 1078 3273 (si
1114 3193 1420 3257 claritatis
1452 3196 1659 3275 gratia
1698 3196 1786 3259 ita
1851 3197 2035 3278 loqui
2063 3196 2237 3278 licet)
2269 3215 2304 3263 a
2357 3201 2557 3261 Ponto
2578 3198 2772 3262 distet
2819 3199 3098 3275 Euxino,
3130 3203 3379 3262 constat
3417 3216 3498 3261 ex
3529 3198 3746 3260 dictis:

487 3293 655 3366 Quis
692 3294 890 3370 enim,
924 3296 1054 3357 nisi
1084 3299 1497 3378 geographia
1530 3315 1795 3378 prorsus
1829 3299 2120 3385 ignarus,
2159 3302 2421 3377 dixerit,
2454 3301 2722 3363 Varnam
2757 3316 2889 3363 esse
2910 3303 2993 3365 ad
3009 3301 3569 3382 septentrionalem
3596 3300 3748 3379 pta-

488 3397 1129 3475 gam‘Thessalonices
1150 3401 1219 3463 in
1245 3402 1572 3482 principio
1597 3402 1914 3482 Illyridis,
1935 3404 2482 3484 quemadmodum
2509 3402 3034 3485 TheOphylactus
3061 3403 3338 3467 asseruit
3362 3402 3441 3464 de
3459 3399 3754 3463 Tiberio-

492 3496 668 3573 poli?
694 3501 794 3560 Ἐκ
824 3498 941 3562 hac
965 3517 1158 3579 porro
1188 3504 1625 3585 descriptione
1659 3502 2071 3568 manifestum
2099 3505 2382 3581 videtur,
2404 3506 3048 3586 hujusTiberiopolis
3080 3506 3295 3568 locum
3327 3502 3749 3589 intralimites

491 3599 887 3663 Macedonia:
913 3602 1121 3666 fuisse
1163 3621 1236 3668 ea
1286 3606 1354 3669 in
1389 3614 1566 3686 parte
1595 3624 1743 3687 qum
1765 3608 2058 3687 proxime
2086 3614 2330 3686 spectat
2351 3610 2636 3670 Moesiam
2668 3608 3073 3688 superiorem
3098 3609 3293 3685 (nunc
3335 3605 3612 3670 Servium
3643 3620 3757 3664 vo»

491 3701 684 3784 eant),
708 3716 856 3782 qum
881 3707 1278 3771 Macedonim
1310 3726 1454 3788 pars
1484 3709 1866 3791 aliquandiu
1895 3708 2563 3788 paruitBulgarorum
2588 3710 2865 3790 imperio
2899 3728 2915 3768 :
2950 3709 3193 3789 quippe
3226 3708 3752 3788 quod,regnante

493 3800 729 3877 Cru'bo,
753 3803 1273 3871 Thessalonicam
1301 3826 1511 3890 usque
1552 3809 2081 3888 protendebatur,
2130 3816 2203 3872 ut
2230 3808 2751 3889 TbeOphylactus
2797 3808 2862 3869 in
2903 3807 3017 3870 hac
3047 3808 3185 3887 ipsa
3216 3808 3505 3871 oratione
3563 3809 3755 3866 testa-

490 3910 620 3966 tur.
660 3892 835 3969 Situs
876 3924 1029 3971 vero
1084 3908 1207 3972 iste
1269 3909 1765 3989 TiberiOpoleos
1799 3912 2045 3991 optime
2078 3909 2386 3989 congruit
2414 3925 2560 3973 cum
2613 3907 2975 3971 Strumitzm
3006 3908 3160 3978 situ,
3189 3914 3265 3968 ut
3285 3905 3612 3984 colligitur
3673 3918 3752 3963 ex

492 4007 856 4087 Nicephoro
884 4012 1188 4090 Gregora,
1213 4011 1491 4092 qui'eam
1522 4012 1855 4090 ingressus
1890 4019 2009 4087 est,
2051 4011 2206 4074 dum
2262 4011 2572 4090 Byzantio
2602 4027 2726 4072 una
2782 4027 2927 4073 cum
2959 4009 3187 4120 legatis
3216 4007 3599 4120 ad-Cralem,

498 4131 713 4192 regem
780 4115 1019 4178 Servius
1059 4115 1209 4178 illac
1267 4116 1591 4178 transiens
1632 4114 1903 4191 Scupios
1954 4115 2495 4191 proﬁcisceretur.
2563 4113 2892 4177 Nonnulla
2921 4112 3140 4188 verba,
3177 4110 3420 4192 quibus
3484 4110 3606 4171 iter
3637 4107 3751 4170 ille

493 4234 685 4278 suum
720 4216 1051 4294 describit,
1083 4195 1265 4298 juvat
1299 4220 1403 4282 hic
1432 4219 1501 4281 in
1536 4218 1825 4281 medium
1860 4217 2185 4297 proferre;
2238 4217 2485 4298 quippe
2507 4234 2652 4296 qum
2684 4225 3165 4296 peropportuna
3191 4212 3493 4274 videntur
3516 4209 3751 4271 confir-

496 4322 748 4384 mandis
777 4322 862 4385 iis
889 4341 1035 4403 quas
1062 4326 1141 4386 de
1174 4323 1604 4401 Tiberiopolis
1637 4341 1749 4386 seu
1777 4323 2145 4386 Strumitzaa-
2189 4323 2320 4385 situ
2355 4322 2843 4403 exiguitateque
2876 4339 3068 4418 supra
3085 4318 3755 4432 uisimus..Pos-tcram

496 4424 734 4503 (inquit
764 4424 875 4487 ille
908 4425 1157 4488 Hister.
1195 4426 1434 4505 Byzant
1487 4426 1596 4490 lib.
1637 4444 1773 4495 Vl",
1805 4442 1941 4506 cap.
1999 4425 2096 4499 fit,
2134 4442 2315 4489 num.
2344 4426 2406 4504 6)
2450 4442 2487 4489 a
2518 4425 2792 4488 transitu
2848 4423 3208 4504 Strymonis
3241 4420 3422 4483 ﬂuvii
3477 4418 3642 4481 diem
3686 4421 3754 4481 in

496 4523 719 4584 itinere
778 4532 973 4585 totam
1026 4526 1539 4604 consumpsimus,
1600 4536 1655 4587 et
1685 4525 1768 4586 ad
1816 4523 2189 4605 oppidulum
2219 4524 2540 4605 (πολίχνιον,
2591 4523 2923 4605 parvulam
2977 4521 3310 4602 civitatem)
3367 4520 3755 4628 devenimus,-

492 4622 658 4702 quod
681 4643 838 4703 pene
874 4643 1077 4704 supra
1092 4626 1286 4688 nubes
1310 4628 1534 4688 eminet
1559 4628 1930 4706 (Strumitza
1955 4625 2029 4688 ab
2054 4627 2282 4689 incolis
2303 4628 2615 4709 vocatur),
2650 4625 2802 4689 adeo
2824 4634 3159 4707 prwrupto
3185 4632 3247 4736 et
3279 4623 3524 4736 excelso
3553 4622 3752 4736 monti

490 4726 878 4804 impositum,
919 4737 991 4789 ut
1046 4726 1321 4789 homines
1366 4728 1436 4789 in
1458 4727 1962 4807 propugnaculis
1992 4727 2272 4791 sedentes
2307 4747 2336 4790 e
2362 4728 2527 4791 calle
2573 4728 3063 4809 suspicientibus
3093 4724 3486 4836 apicularum
3517 4719 3751 4836 similes

491 4826 961 4892 viderentur....
1015 4829 1227 4890 Tertio
1281 4828 1425 4889 inde
1472 4827 1574 4891 die
1635 4828 1717 4889 ad
1754 4828 2148 4909 oppidulum,
2181 4829 2492 4904 πολίχνιον,
2542 4830 2918 4936 Scopiorum
2973 4829 3364 4936 divertinitts,
3401 4829 3573 4907 ipsos
3612 4826 3754 4936 jum

498 4926 923 4989 Triballorum
946 4928 1099 5007 ﬁnes
1134 4928 1427 5006 ingressi,
1450 4946 1524 4990 ac
1546 4928 2091 5008 prwterlab‘entem
2110 4928 2381 4992 vidimus
2401 4928 2637 4991 Axium
2663 4927 2950 5009 fluvium,
2984 4935 3103 4990 etc.
3143 4926 3399 5002 Quibus
3428 4944 3504 4989 ex
3535 4922 3749 4987 verbis

497 5029 910 5113 perspicuum
948 5029 1251 5093 efﬁcitur:
1290 5027 1345 5094 1.
1383 5031 1787 5095 Strumitzam
1827 5032 1996 5095 inter
2024 5031 2257 5095 ﬂuvios
2288 5035 2693 5139 Strymonem
2728 5038 2791 5094 et
2818 5032 3056 5139 A-X-ill—m
3090 5030 3297 5139 fuisse
3330 5029 3747 5139 interiectam,

495 5136 558 5201 et
606 5145 639 5190 a
700 5129 912 5209 priore
940 5132 1140 5199 unius
1196 5130 1450 5196 circiter
1482 5134 1614 5196 diei
1647 5133 1882 5197 itinere
1915 5132 2238 5207 dissitam,
2291 5132 2559 5205 abgalio
2584 5150 2767 5208 vero,
2802 5131 2911 5195 ubi
2965 5134 3237 5213 Scupios
3285 5128 3753 5242 praeterlabitur

497 5235 803 5315 (proinde
834 5236 988 5298 etab
1014 5237 1172 5317 ipsis
1193 5238 1495 5317 Scupiis),
1532 5236 1725 5301 trium
1746 5238 2000 5300 dierum
2030 5237 2366 5301 intervallo
2386 5236 2744 5299 distantem.
2764 5237 2827 5297 2.
2844 5236 3019 5311 Eam,
3040 5236 3091 5298 si
3126 5236 3204 5298 ad
3240 5230 3750 5296 Thessalonicam

500 5337 831 5410 referatur,
859 5326 1425 5415 septentrionalem
1459 5338 1692 5413 fuisse,
1736 5339 2104 5419 cujusmodi
2134 5346 2199 5402 et
2255 5336 2695 5417 TiberiOpolis
2752 5334 3406 5445 erat_:l‘beophylacto
3452 5337 3647 5445 teste...
3688 5333 3750 5396 3.

495 5439 833 5501 Civitatem
865 5439 1065 5501 fuisse
1102 5441 1451 5518 parvulam,
1477 5441 1614 5502 sive
1647 5442 1837 5504 etiam
1870 5440 2255 5518 oppidulum
2288 5440 2404 5503 uni
2454 5458 2540 5502 ex
2588 5438 2861 5516 praealtis
2893 5438 3096 5548 Hmmi
3129 5433 3368 5548 montis
3399 5433 3755 5548 verticibus

498 5544 831 5619 insidens;
892 5545 1135 5624 quippe
1192 5560 1375 5607 mons
1408 5543 1532 5607 iste
1588 5543 2038 5608 Macedoniam
2084 5544 2318 5607 dividit
2349 5544 2427 5605 ab
2459 5551 2728 5622 utraque
2763 5540 2979 5604 Mtesia
3011 5538 3122 5618 (o).
3170 5537 3318 5601 Haac
3354 5537 3572 5602 omnia
3605 5555 3755 5617 per-

569 5801 647 5871 (a)
685 5801 824 5856 Cum
850 5800 937 5857 llis
972 5797 1539 5893 onmibtts'censcntitI
1572 5797 1866 5867 descriptio
1906 5794 2069 5893 l‘utiins
2177 5792 2385 5849 niensis
2425 5791 2478 5845 in
2511 5786 2982 5893 suar'Geogrfzplltia
3007 5786 3215 5893 ξαλαξξ
3243 5788 3338 5893 uti!
3366 5787 3490 5893 via:

572 5876 583 5893 ι
610 5875 651 5893 ξ-
718 5888 871 5893 .---.-___
914 5869 1122 5893 -..ιιξιμιι
1156 5870 1175 5893 ι
1209 5886 1231 5893 ,ι
1260 5869 1396 5893 ...ευρ
1429 5883 1520 5893 Α-..
1542 5868 1871 5893 .ἒ....ἶ....,.....η
1955 5877 1965 5893 ι
1995 5883 2042 5893 ..ι
2184 5880 2314 5893 unum
2382 5878 2450 5893 nn
2471 5878 2501 5893 η
2553 5878 2598 5893 η.
2627 5879 2637 5893 ι
2669 5875 2695 5893 σι
2757 5878 2811 5893 ιι(
2898 5874 2966 5893 un
3050 5875 3154 5893 nun
3183 5875 3247 5893 ne
3325 5875 3439 5893 ,τοῖσι

500 5859 677 5940 urbis,
712 5888 873 5945 quam
909 5868 1397 5928 exbiuctMclctius
1428 5859 1873 5940 archiepiscopus
1904 5859 2072 5923 Atilc-
2180 5880 2336 5932 nova,
2381 5878 2501 5934 qua:
2552 5860 2700 5918 edita
2756 5870 2838 5917 est
2880 5860 2967 5916 hic
3007 5859 3250 5918 Vcltctiis
3299 5859 3491 5916 Graue
3542 5867 3759 5936 tantum
