4068 6210
468 381 573 449 e37
1290 381 1372 441 ιη
1423 382 1859 457 SEQUENTIA
1896 386 2487 452 THEOPHYLACT!
2528 376 2875 454 sentem.
3626 394 3730 456 43.3

466 483 833 566 Ii‘civsitem,
887 492 1003 556 sed
1058 494 1275 571 potius
1320 496 1700 561 Varuamad
1746 500 2018 563 Pontum
2046 501 2402 576 Euxinum,
2441 518 2521 565 eo
2562 501 2684 565 loci
2715 502 2953 565 diserte
2981 503 3351 567 aﬂirmatur.
3384 506 3505 566 Sed
3570 505 3726 574 time,

467 591 765 667 quamvis
801 607 971 666 vera,
1005 609 1262 657 movere
1289 602 1497 658 tamen
1526 598 1855 661 neminem
1877 598 2135 663 debent.
2175 602 2399 680 Neque
2428 600 2601 663 enim
2625 600 2844 662 omnia
2874 604 3144 664 omnino
3179 602 3311 664 loca
3339 602 3436 665 vel
3473 603 3731 682 cognita

464 703 503 752 a
532 690 858 755 veteribus
887 693 1276 773 geographis
1326 703 1501 768 sunt,
1537 698 1636 761 vel
1695 702 2024 764 memorias
2050 702 2288 764 tradita
2337 710 2794 780 posterorum;
2838 702 2950 766 sed
2994 704 3090 766 vel
3136 703 3353 784 aliqua
3411 705 3727 784 ignorata,

468 790 566 853 vel
623 807 752 870 prie
800 809 921 855 sua
949 794 1298 872 exiguitate
1333 796 1789 878 prmtermissa.
1825 801 2182 879 Scriptores
2240 818 2390 865 vero
2424 802 2661 880 reliqui
2700 803 2962 866 nonnisi
3021 805 3506 884 opportunitate
3563 808 3729 872 data.

466 892 863 955 mentionem
892 892 1102 957 facere
1143 908 1626 963 consueverunt
1681 900 2015 965 civitatum
2052 901 2469 985 aliorumque
2499 903 2816 973 locorum.
2877 906 3312 979 Quamobrem
3380 906 3729 983 Cellarius,

440 992 721 1071 tametsi
757 992 1325 1075 diligentissimus,
1386 998 1561 1061 locos
1590 999 1846 1079 aliquos
1888 1005 2343 1081 prmtermisit;
2404 1006 2760 1083 prmsertim
2816 1021 2967 1069 vero
3023 1005 3224 1087 (quod
3282 1006 3432 1070 facit
3462 1007 3531 1070 in
3593 1025 3730 1070 rem

465 1100 774 1180 nostram)
802 1098 1040 1162 nullam
1077 1100 1156 1163 ad
1184 1104 1456 1165 Pontum
1490 1103 1816 1171 Euxinum
1849 1107 2314 1187 Tiberioiiolim
2348 1117 2682 1182 memorat,
2715 1127 2908 1193 quam
2932 1118 3143 1175 tamen
3175 1112 3508 1175 exstitisse
3532 1113 3730 1176 dubi-

436 1199 587 1267 tari
620 1202 720 1263 vix
766 1209 998 1280 potest.
1035 1204 1108 1268 In
1142 1205 1377 1272 Grecis
1401 1224 1666 1290 quoque
1697 1210 1959 1275 Notitiis
1987 1228 2133 1292 qua;
2158 1213 2369 1277 adhuc
2409 1222 2784 1295 supersunt,
2828 1216 3236 1295 episc0patus
3265 1208 3450 1279 fuere
3483 1217 3730 1297 aliquot

462 1304 902 1384 prodet-missi.
929 1315 1000 1377 ut
1028 1311 1263 1374 eruditi
1291 1311 1684 1392 jampridem
1734 1318 2152 1383 adnotavere.
2178 1322 2488 1385 Caeterum
2516 1336 2597 1383 ex
2628 1336 2706 1383 eo
2736 1321 2926 1384 etiam
2959 1321 3115 1383 oriri
3152 1322 3360 1398 potuit
3395 1321 3729 1383 silentium

454 1405 873 1486 episc0patus
918 1409 1479 1491 TiberiOpolitani,
1525 1415 1702 1496 quod
1736 1415 2173 1494 ,hmccivitas,
2202 1420 2494 1501 quandiu
2540 1436 2773 1483 nomen
2827 1419 2998 1483 istud
3034 1419 3330 1494 retinuit,
3360 1438 3564 1483 unum
3598 1419 3729 1481 for-

458 1515 655 1585 tasse,
690 1511 791 1576 vel
822 1512 1100 1578 alterum
1122 1515 1420 1581 habuerit
1449 1521 1831 1602 episcopum
1860 1538 1879 1597 ;
1910 1540 2056 1587 cum
2090 1523 2261 1593 haud
2291 1524 2493 1587 multo
2527 1532 2668 1601 post
2711 1523 3090 1603 martyrium
3148 1523 3503 1595 Theodori,
3534 1519 3725 1600 primi

438 1610 753 1692 ejusdem
782 1616 1062 1681 civitatis
1094 1620 1409 1699 episcopi,
1443 1630 1680 1688 vastata
1710 1624 1909 1690 fuerit
1943 1628 2153 1708 primo
2196 1629 2462 1708 quidem
2495 1628 2574 1690 ab
2616 1627 2901 1700 Ombris,
2936 1624 3175 1688 deinde
3199 1641 3234 1685 a
3273 1623 3595 1701 Bulgaris,
3648 1632 3722 1684 ut

452 1712 615 1775 satis
639 1712 879 1779 indicat
894 1716 989 1780 vel
1013 1716 1205 1781 istius
1225 1726 1451 1783 auctor
1474 1724 1796 1798 opusculi.
1813 1727 1998 1801 Quod
2020 1744 2172 1790 vero
2188 1743 2398 1808 neque
2413 1727 2544 1789 alio
2571 1723 2992 1794 sulmomine,
3023 1723 3332 1785 nimirum
3346 1723 3726 1790 Strumitzw.

432 1826 878 1883 rennumerata
899 1822 1167 1885 sedibus
1208 1824 1692 1905 episcopalibus
1736 1829 2127 1904 inveniatur,
2184 1831 2347 1893 illud
2383 1830 2729 1893 videturin
2775 1843 2967 1890 causa
3020 1824 3229 1889 fuisse
3278 1827 3449 1905 quod
3512 1825 3726 1886 archi-

459 1918 770 2001 ﬁlliscopo
792 1928 1174 2000 αὐτοκιφάλῳ.
1203 1927 1528 2016 ruijurir,
1567 1946 1688 1994 seu
1722 1932 1971 1995 nullius
2001 1930 2129 1994 sub
2151 1930 2788 2012 patriarcbmditione
2819 1928 3193 2001 constituto,
3228 1927 3529 1989 subesset
3556 1924 3729 2005 (nam

452 2015 901 2099 inpraadiclis
954 2023 1214 2088 Notitiis
1249 2027 1666 2105 solummodo
1715 2040 2137 2097 recensentur
2191 2034 2385 2098 sedes
2415 2030 2819 2113 episcopales
2863 2048 3011 2111 qum
3058 2029 3352 2109 quinque
3420 2026 3730 2089 suberant

430 2117 882 2201 .patriarchis)
928 2145 946 2185 :
981 2122 1113 2187 nisi
1160 2126 1376 2191 dicere
1408 2129 1620 2207 malis,
1652 2130 1880 2195 urbem
1910 2130 2076 2196 hanc
2111 2115 2238 2194 non
2267 2131 2628 2194 Strumilza:
2658 2127 2921 2191 nomine
2966 2127 3235 2207 (quippe
3268 2124 3443 2205 quod
3503 2124 3730 2202 Bulga‘

458 2215 662 2280 ricum
689 2220 810 2300 est)
842 2222 957 2286 sed
986 2226 1203 2289 Grmco
1223 2228 1357 2292 alio
1380 2230 1694 2295 vocabulo
1721 2231 1790 2295 in
1821 2232 2068 2296 eisdem
2095 2232 2351 2297 Notitiis
2405 2229 2732 2310 designari
2762 2245 2777 2290 :
2806 2234 2914 2290 aut
2944 2228 3206 2290 demum
3238 2227 3387 2287 ideo
3451 2225 3727 2286 Strumi-

455 2329 620 2390 tzam
676 2342 809 2391 non
870 2336 1221 2410 recenseri,
1275 2338 1430 2417 quia
1463 2337 1640 2402 sedis
1676 2341 2068 2420 episcopalis
2094 2340 2408 2404 honorem
2444 2347 2551 2403 aut
2593 2338 2792 2402 nimis
2826 2354 2973 2403 sero
3019 2336 3104 2399 sit
3130 2337 3383 2415 adepta,
3434 2343 3545 2397 aut
3598 2333 3729 2396 cito

456 2428 660 2492 nimis
689 2430 1004 2510 amiserit,
1036 2446 1146 2501 aut
1175 2440 1389 2504 solum
1428 2442 1620 2505 certis
1651 2448 2009 2523 temporum
2040 2441 2405 2506 intervallis
2451 2458 2525 2505 ea
2555 2441 2870 2520 dignitate
2901 2438 3098 2502 fuerit
3128 2436 3436 2516 insignita
3469 2435 3723 2517 (quem-

456 2532 805 2599 admodum
857 2545 919 2600 et
946 2538 1096 2601 aliis
1160 2541 1432 2623 contigit
1482 2542 1769 2619 parvulis
1812 2541 2234 2625 civitatibus),
2267 2543 2563 2622 adeoque
2595 2547 2731 2604 tum
2768 2540 2977 2619 potuit
3009 2539 3124 2601 hac
3159 2535 3576 2617 praerogativa
3624 2549 3729 2597 ca-

458 2651 630 2712 rere,
656 2652 805 2699 cum
859 2638 1329 2719 episcOpalium
1385 2642 1646 2706 sedium
1687 2642 1955 2725 catalogi
1995 2645 2111 2725 qui
2139 2645 2216 2707 ad
2246 2659 2365 2707 nos
2399 2660 2607 2724 usque
2642 2647 3081 2722 pervenerunt
3138 2638 3725 2701 conscriberentur.

804 2738 975 2804 illud
1007 2743 1234 2806 saltem
1263 2745 1520 2811 videtur
1550 2746 1619 2809 in
1656 2747 1930 2812 dubium
1962 2750 2240 2812 revocari
2276 2763 2403 2811 non
2439 2728 3064 2826 posse,‘episc0pum
3098 2742 3300 2805 fuisse
3327 2739 3724 2810 Strumitzas,

459 2837 729 2913 dumdu
751 2839 919 2907 vivis
942 2851 1166 2924 ageret
1195 2845 1722 2930 Theophylactus
1749 2864 1766 2904 :
1805 2848 2050 2929 quippe
2076 2850 2190 2931 qui
2224 2849 2500 2931 epistola
2532 2849 2613 2910 32
2626 2848 2810 2928 juxta
2834 2845 3106 2909 Meursii
3138 2844 3493 2905 editionem
3526 2845 3727 2903 testa-

432 2944 590 3015 -tur,
618 2956 693 3003 se
717 2939 1062 3020 Pelagonia
1102 2945 1247 3025 (seu
1299 2945 1682 3030 Pelagoniae)
1716 2951 1811 3007 καὶ
1839 2950 1976 3024 πρὸς
2001 2952 2038 3004 τί

2122 2952 2524 3024 Στρομϐιτζης,
2557 2958 2615 3011 et
2635 2947 3051 3021 Strombitzaa,
3088 2956 3142 3009 et
3206 2940 3539 3006 Malesoba:
3591 2941 3723 3020 epi-

428 3041 673 3119 Jcopir
713 3045 1066 3124 scripsisse.
1118 3045 1566 3110 Slrombitsam
1626 3048 1801 3111 enim
1858 3045 2031 3108 idem
2081 3062 2155 3109 ac
2200 3046 2609 3112 Strumitxam
2640 3067 2805 3124 esse,
2837 3051 2974 3129 ipsa
3018 3049 3302 3113 nominis
3360 3043 3724 3108 similitudo

436 3142 864 3229 ﬁrmitasque
895 3149 1192 3214 dubitare
1224 3165 1352 3215 non
1385 3152 1591 3217 sinit:
1630 3153 1979 3232 prmsertim
2030 3169 2174 3215 cum
2209 3170 2403 3234 supra
2461 3134 3146 3229 demonstraverimus,
3171 3152 3575 3216 Strumitzam
3621 3149 3725 3229 (de

459 3263 590 3329 qua
648 3247 755 3311 hic
782 3252 1020 3330 sermo)
1079 3270 1307 3332 parum
1355 3270 1394 3319 a
1422 3256 1764 3338 Pelagonia
1794 3236 2108 3332 distasse;
2149 3265 2342 3338 atque
2373 3258 2592 3335 etiam,
2624 3267 2695 3323 ut
2722 3261 2859 3339 ipse
2920 3259 3224 3333 arbitrer,
3272 3274 3314 3319 ‘a
3352 3253 3675 3318 Malesoba
3707 3269 3724 3315 :

462 3352 986 3436 TbeOphylactus
1014 3375 1168 3427 vero
1194 3363 1281 3428 ad
1315 3362 1656 3443 episcOpos
1696 3363 1843 3427 illos
1886 3371 2040 3437 tres,
2069 3370 2292 3442 utpote
2323 3365 2654 3441 ﬁnitimos,
2688 3378 2841 3428 suas
2892 3365 3151 3428 misisse
3183 3362 3487 3442 epistolas
3513 3360 3728 3422 videa-

452 3462 591 3520 tur.
625 3460 848 3539 Neque
891 3477 1041 3526 vero
1070 3462 1587 3545 Theophylactus
1621 3467 1931 3529 duntaxat
1986 3467 2200 3546 ipsum
2241 3468 2601 3530 Strumilzze
2630 3483 2865 3530 nomen
2923 3468 3258 3545 paululum
3310 3462 3671 3527 immutavit
3704 3483 3722 3536 ;

438 3562 576 3624 sed
607 3573 669 3628 et
698 3566 1030 3632 Cedrenus
1092 3586 1231 3633 eam
1257 3572 1644 3647 Στρούμπιζαν
1675 3579 1733 3635 et
1786 3579 2044 3654 Στρούπιτ

2118 3596 2193 3644 ιν,
2232 3550 2669 3651 Βιηῖηιμίιπαη
2701 3582 2763 3636 et
2791 3575 3169 3653 Strupilzan
3233 3569 3387 3655 (nisi
3424 3571 3489 3631 in
3526 3568 3724 3630 alter—

457 3676 681 3730 utrum
733 3668 946 3733 locum
990 3672 1321 3752 irrepserit
1371 3673 1679 3737 mendum
1712 3673 2272 3757 typographicum)
2313 3682 2517 3736 vocat.
2551 3677 2623 3736 Et
2656 3675 2921 3754 quidem
2964 3689 3041 3737 eo
3083 3673 3200 3736 loci
3228 3672 3586 3734 Cedrenum
3645 3670 3725 3729 de

432 3768 831 3847 -8trumitza,
868 3771 949 3835 de
985 3789 1114 3853 qua
1156 3789 1276 3837 nos
1338 3775 1690 3855 loquimur,
1735 3791 2103 3843 sermonem
2140 3773 2405 3849 habere,
2464 3783 2862 3854 compertum
2890 3794 2967 3837 ex
2998 3793 3076 3836 eo
3115 3781 3209 3835 est
3267 3776 3443 3854 quod
3498 3770 3725 3834 Basilii

460 3873 869 3953 imperatoris
901 3876 1029 3940 iter
1055 3876 1265 3941 Serris
1292 3879 1528 3958 Scopia
1569 3881 1710 3943 sive
1737 3879 1981 3960 Scupos
2012 3878 2419 3954 describens,
2451 3877 2753 3940 eumdem
2788 3876 3018 3939 referat
3055 3878 3460 3954 Strumpitzm
3490 3894 3726 3954 appro-
3833 3913 3859 3934 .

442 3975 820 4058 .pinquasse
846 3998 863 4040 :
890 3994 1024 4059 quo
1060 3980 1245 4043 illum
1276 3983 1679 4060 Strumpitzaa
1706 3984 1901 4046 situm
1938 3982 2257 4061 designat,
2295 3999 2491 4061 quem
2518 3997 2638 4043 nos
2666 3979 3022 4042 Strumitzae
3052 3977 3517 4042 constituimus
3548 3980 3727 4041 Nice-

464 4079 649 4159 phori
705 4082 1004 4162 Gregoras
1040 4084 1252 4146 verbis
1288 4083 1525 4148 innixi.
1575 4085 1698 4147 Alii
1734 4084 1983 4147 minore
2012 4084 2222 4148 adhuc
2260 4084 2633 4147 diversitate
2660 4084 2948 4145 eamdem
2979 4080 3429 4143 Strumnitzam
3464 4096 3726 4142 nuncu-

462 4188 640 4261 pant,
699 4189 773 4245 ut
821 4184 1098 4246 Ananias
1165 4184 1459 4264 ejusdem
1517 4186 1887 4264 episcopus,
1922 4185 2036 4265 qui
2083 4200 2253 4247 anno
2295 4184 2449 4247 1565
2485 4181 2740 4263 synodo
2773 4180 3331 4259 ϐοηδιδηιὶηοροιί
3390 4180 3726 4245 celebratm

434 4283 619 4362 '(qua
648 4285 901 4364 synodo
937 4286 1228 4366 dejectus
1259 4288 1344 4349 ob
1370 4286 1668 4349 simoniaa
1695 4286 1939 4350 crimen
1973 4304 2008 4348 e
2048 4286 2281 4349 throno
2331 4283 2755 4365 patriarchico
2790 4290 2886 4346 est
2915 4282 3276 4361 Joasaphus
3329 4280 3511 4345 illius
3548 4281 3725 4344 urbis

463 4384 1014 4466 archiepiscopus)
1040 4388 1431 4469 subscripsit
1476 4388 1578 4451 his
1613 4387 1826 4451 verbis
1858 4406 1872 4449 :
1911 4389 2050 4467 Ego
2087 4388 2348 4453 humilia
2375 4387 2709 4467 episcopus
2735 4385 3142 4448 Strumm'tzw
3175 4383 3458 4445 Ananiae
3514 4384 3726 4447 volens

438 4500 595 4544 meo
637 4485 903 4549 consilio
932 4471 1308 4569 subscripsi,
1350 4495 1418 4554 ut
1448 4488 1877 4553 ecclesiastica
1902 4500 2023 4552 seu
2043 4487 2458 4567 patriarchica
2492 4486 2684 4550 refert
2706 4485 2973 4550 historia
3002 4486 3441 4549 Emmanuelis
3465 4485 3723 4560 Malaxi,

444 4585 962 4664 "Peloponnesii;
996 4607 1189 4668 quam
1222 4590 1537 4653 Martinus
1589 4588 1883 4665 Crusius,
1915 4591 2278 4653 Academia
2309 4587 2745 4670 Tubingensis
2780 4586 3125 4670 professor,
3161 4589 3382 4653 Latine
3417 4589 3722 4663 reddidit,

440 4674 801 4767 lediditque
856 4690 968 4753 lib.
1022 4708 1069 4752 ιι
1114 4689 1640 4753 Tarae-Gracia.
1699 4691 1793 4752 Ex
1825 4705 1961 4772 quo
2015 4689 2465 4769 consequitur,
2532 4691 2943 4753 Strumttzam
2994 4690 3236 4751 nedum
3267 4689 3529 4763 smculo,
3590 4696 3723 4768 quo

462 4787 718 4850 vivebat
747 4788 1249 4868 Thaphylactus,
1287 4789 1652 4863 undecimo,
1685 4790 1797 4851 sed
1828 4789 2022 4853 etiam
2053 4789 2310 4853 decimo
2339 4798 2523 4854 sexto
2554 4789 2904 4871 episcOpali
2933 4791 3087 4854 sede
3146 4798 3434 4855 ornatam
3486 4793 3720 4856 fuisse.

438 4892 691 4953 ‘Sedem
722 4891 881 4955 hanc
910 4890 1307 4954 etiamnunc
1352 4891 1661 4970 temporis
1691 4908 2064 4972 superesse,
2088 4893 2223 4956 imo
2244 4900 2307 4956 et
2347 4891 2812 4971 metrOpolitica
2842 4891 3155 4972 dignitate
3200 4891 3410 4957 fuisse
3446 4903 3722 4967 auctam,

456 5002 734 5060 testatus
794 4996 955 5059 mihi
1005 5006 1101 5060 est
1129 4998 1402 5059 Jacobus
1450 4995 2289 5074 Nicolai,hieromonachus
2325 4997 2707 5079 Olympiam,
2767 5014 2886 5059 seu
2924 5014 3001 5059 ex
3036 4999 3428 5061 monasterio
3484 4999 3723 5062 montis

444 5100 753 5180 'Olympi,
793 5116 989 5181 quem
1034 5101 1256 5180 paucis
1287 5107 1433 5163 ante
1462 5101 1719 5176 diebus,
1756 5119 1950 5181 quam
1982 5103 2119 5167 haec
2168 5104 2339 5185 typis
2390 5103 2872 5175 mandarentur,
2907 5100 2985 5163 ad
3017 5101 3179 5166 hanc
3212 5104 3432 5166 urbem
3484 5108 3720 5185 appul-

444 5216 637 5276 ‘sum,
666 5209 738 5264 ut
768 5201 1005 5265 deinde
1040 5201 1108 5264 in
1139 5202 1670 5281 Transylvaniam
1734 5211 2052 5282 pergeret,
2079 5203 2432 5269 sacerdotis
2490 5220 2757 5266 munere
2794 5204 2965 5283 apud
2997 5220 3134 5265 suae
3160 5205 3370 5283 gentis
3422 5203 3720 5266 homines

463 5301 709 5365 ibidem
735 5301 1103 5377 functurus,
1135 5303 1334 5366 semel
1366 5308 1427 5365 et
1458 5303 1695 5365 iterum
1726 5305 2053 5367 allocutus
2101 5321 2271 5367 sum.
2334 5303 2456 5367 Hic
2488 5321 2588 5366 me
2622 5304 2688 5367 in
2741 5303 2968 5384 primis
2999 5304 3339 5366 certiorem
3371 5298 3545 5376 fecit,
3585 5302 3719 5366 fere

465 5403 790 5491 integrum
814 5420 1122 5487 mensem
1170 5421 1238 5467 se
1262 5405 1622 5468 Strumitzaa
1650 5413 1963 5469 moratum
1989 5424 2158 5470 esse.
2191 5410 2353 5470 Tum
2382 5406 2536 5468 mihi
2571 5407 2651 5470 de
2687 5407 3060 5487 quindecim
3102 5405 3276 5467 hisce
3331 5406 3721 5484 martyribus

446 5496 1212 5593 .Wrespoadit,
1248 5521 1374 5567 non
1400 5508 1592 5569 modo
1625 5506 1888 5570 illorum
1947 5508 2320 5571 memoriam
2351 5525 2425 5571 ea
2460 5509 2526 5571 in
2564 5509 2720 5572 urbe
2754 5508 2971 5587 vigere
3006 5504 3164 5580 ;sed
3202 5504 3393 5566 etiam
3437 5522 3471 5567 a
3512 5523 3723 5570 sacer-

454 5586 731 5668 aeneas
756 5590 837 5669 eo
864 5588 991 5669 loci
1030 5603 1511 5669 celebrantibus
1543 5608 2221 5670 commemorationem
2251 5608 2547 5687 quotidie
2574 5607 2708 5669 ﬁeri
2745 5628 2761 5666 :
2790 5600 3136 5685 quotannis
3168 5618 3324 5665 vero
3360 5605 3720 5670 solemnem

450 5705 774 5769 celebrari
807 5707 1180 5771 eorumdem
1234 5713 1583 5788 martyrum
1644 5707 2056 5770 festivitatem
2106 5732 2121 5768 :
2167 5709 2328 5787 quin
2373 5716 2436 5772 et
2487 5707 2812 5786 peculiare
2844 5705 3121 5769 cilicium
3167 5714 3230 5771 et
3272 5706 3582 5772 lectiones
3638 5710 3719 5771 de

470 5806 759 5887 ipsorum
795 5811 1099 5891 martyrio
1140 5809 1360 5874 haberi
1396 5833 1410 5874 :
1451 5829 1654 5891 eaque
1680 5812 1892 5875 omnia
1926 5812 2241 5875 contineri
2276 5810 2584 5892 peculiari
2621 5810 2900 5893 quodam
2941 5808 3162 5875 libello
3217 5811 3537 5893 impresso
3592 5815 3723 5875 Bos
