4068 6210
337 317 446 378 439
1381 313 1531 375 BON
1543 312 1771 375 [FACII
1801 314 1943 376 FINI

1987 315 2113 376 ΤΤΙ
2160 316 2553 378 ΡΒῘΕΒΑΤΙΟ
3486 318 3593 382 440

339 423 609 501 scopoli,
647 424 768 498 vel,
790 429 857 484 ut
885 421 1315 485 communiter
1351 425 1766 502 pronuntiant
1791 424 2405 506 Graeci,Voscopoli,
2432 424 3000 505 ianacedonia,in
3031 441 3157 506 qua
3184 423 3343 490 urbe
3368 427 3593 504 paucis

337 525 570 588 abhinc
595 526 783 589 annis
818 513 1106 588 instituta
1130 525 1682 607 esttypOgraphia.
1714 525 1949 590 Notitia
1977 527 2132 603 haec,
2165 545 2355 608 quam
2383 527 2541 590 mihi
2571 526 2688 590 diu
2715 526 3594 607 multumqueinquirentiex

340 629 461 689 hoc
485 646 617 690 uno
649 644 831 690 sacro
857 627 1165 689 monacho
1195 627 1455 692 haurire
1488 613 1695 702 licuit,
1728 627 1988 707 egregie
2021 629 2351 691 conﬁrmat
2375 627 2682 700 historiae,
2716 645 2862 706 quae
2887 627 2953 689 in
2983 627 3099 690 hac
3128 626 3594 706 TheOphylacti

337 729 629 791 oratione
674 728 1088 805 describitur,
1149 729 1480 793 veritatem
1518 751 1534 792 :
1595 731 1948 808 praesertim
1993 745 2140 792 cum
2174 729 2414 802 omnia,
2461 747 2609 810 quae
2647 729 2785 807 ipse
2816 728 3120 792 referrem
3155 745 3235 791 ex
3294 728 3600 806 prmdicta.

341 830 655 900 oratione,
684 829 796 892 ille
824 847 892 892 se
931 827 1171 910 legisse
1194 831 1521 898 afﬁrmarit
1555 835 1622 895 in
1659 837 2010 895 memorato
2058 831 2303 894 libello.
2345 833 2565 893 Solum
2591 830 2712 894 hoc
2744 847 2872 893 non
2899 830 3056 892 satis
3100 829 3412 892 memoria
3481 829 3592 894 ille

343 930 616 1005 tenebat,
645 948 723 993 an
754 937 1063 1012 martyres
1099 933 1198 994 illi
1247 933 1369 996 sub
1395 934 1658 996 Juliano
1707 935 2007 1011 Apostata
2055 931 2430 1011 martyrium
2462 931 2744 994 subiisse
2775 947 2855 994 eo
2891 931 2960 992 in
2994 929 3215 994 libello
3269 931 3592 994 dicantur.

339 1035 415 1095 Et
462 1033 592 1096 haec
623 1035 701 1096 de
733 1033 896 1110 loco,
939 1036 1048 1098 ubi
1087 1037 1257 1114 passi
1303 1046 1452 1101 sunt
1485 1046 1821 1116 martyres,
1854 1038 2128 1118 ejusque
2158 1037 2496 1100 occasione
2526 1037 2658 1098 sint
2693 1036 2860 1100 dicta

421 1135 597 1197 XXI.
659 1137 942 1214 Tempus
999 1153 1152 1198 vero
1205 1155 1334 1216 quo
1365 1138 1428 1200 id
1478 1137 1746 1217 contigit
1777 1138 2033 1201 definiri
2065 1137 2254 1201 facile
2288 1143 2519 1217 potest.
2569 1139 2724 1198 Nam
2784 1153 2860 1198 ex
2908 1135 3260 1215 epigraphe
3324 1135 3594 1217 ipsaque

341 1234 632 1297 oratione
666 1235 1030 1311 innotescit,
1071 1255 1181 1300 eos
1214 1239 1565 1318 imperante
1596 1240 1857 1302 Iuliano
1905 1243 2207 1320 Apostata
2259 1241 2643 1319 sanguinem
2703 1253 2817 1318 pro
2849 1237 3100 1301 Christo
3130 1235 3403 1300 fudisse.
3439 1238 3596 1298 Cum

341 1340 557 1395 autem
582 1335 874 1413 perbrevi
901 1343 1190 1416 tempore
1243 1339 1610 1401 moderatus
1644 1340 1755 1402 ille
1784 1340 2130 1421 imperium
2183 1341 2268 1402 sit
2297 1332 2631 1422 (nimirum
2689 1355 2724 1401 a
2767 1355 2989 1402 mense
3037 1336 3385 1400 Novembri
3441 1337 3597 1398 anni

340 1438 452 1498 361
493 1437 568 1499 ad
601 1439 772 1501 diem
823 1457 1032 1521 usque
1061 1444 1140 1505 26
1173 1443 1351 1506 Junii
1383 1444 1536 1505 anni
1567 1444 1736 1522 363),
1801 1445 2220 1523 perspicuum
2248 1451 2369 1518 est,
2414 1460 2533 1507 nos
2573 1443 2638 1506 in
2675 1443 3045 1506 definiendo
3097 1439 3387 1521 martyrii
3433 1446 3596 1501 tem-

347 1555 497 1616 pore
538 1541 639 1601 vix
672 1557 862 1620 posse
900 1559 1070 1605 anno
1111 1544 1366 1622 integro
1405 1562 1437 1608 a
1469 1561 1620 1608 vero
1661 1545 1979 1606 aberrare.
2009 1546 2102 1606 Ex
2133 1545 2404 1609 historia
2447 1545 2777 1625 siquidem
2825 1542 3260 1606 ecclesiastica
3319 1549 3593 1604 cons-tat:
3627 1609 3634 1630 τ

343 1656 491 1702 eum
524 1641 853 1720 aliquanto
885 1655 1024 1721 post
1057 1644 1290 1708 initum
1325 1646 1669 1726 imperium
1703 1645 2220 1725 persecutionem
2262 1647 2602 1718 inchoasse
2641 1651 2860 1710 contra
2903 1642 3300 1704 Christianos
3333 1662 3350 1715 ;
3409 1647 3600 1720 atque

343 1741 405 1782 in
441 1739 559 1782 hnn
591 1743 735 1782 ςηρη
768 1748 1081 1782 ΛηιιοηηΙΛ
1111 1749 1382 1782 lnam...
1439 1756 1743 1782 mni..-”
1835 1749 1914 1782 ,ιη
1954 1749 2193 1782 nun“...
2243 1749 2340 1782 μεη
2386 1766 2596 1782 mum...
2698 1753 2832 1782 ..ηοι
2864 1746 3079 1782 tum...“
3118 1744 3392 1782 ,νήτη-πη
3453 1743 3601 1782 nni-

342 1741 408 1801 in
441 1739 560 1802 hoc
591 1743 735 1820 ipso
767 1748 1082 1822 Opusculo
1110 1749 1408 1829 legimus,
1438 1756 1768 1829 martyres,
1834 1749 1915 1811 de
1953 1749 2193 1829 quibus
2241 1749 2342 1812 hic
2385 1766 2622 1824 sermo,
2697 1753 2836 1828 post
2864 1746 3081 1826 fugam
3118 1744 3393 1823 primum
3453 1743 3601 1823 quic-

342 1841 486 1903 dem
544 1861 624 1905 ex
653 1845 826 1920 .urbe
850 1849 1114 1924 gNicaaa,
1149 1852 1383 1913 deinde
1439 1869 1518 1913 ex
1564 1848 2046 1926 Thessalonica,
2080 1850 2464 1933 aliquandiu
2504 1856 2930 1914 commoratos
2967 1865 3110 1911 esse
3174 1844 3593 1923 Tiberiopoli,

342 1939 614 2022 ejusque
642 1946 836 2020 cives,
875 1955 934 2009 et
962 1949 1378 2013 finitimorum
1430 1951 1717 2013 locorum
1770 1950 2014 2014 incolas
2048 1968 2174 2031 qua
2210 1952 2684 2030 praedicatione,
2710 1968 2838 2032 qua
2864 1948 3196 2023 miraculis
3235 1948 3314 2010 ad
3362 1946 3592 2010 Christi

341 2037 530 2104 ﬁdem
583 2045 967 2121 perduxisse
1008 2065 1023 2110 :
1085 2049 1152 2110 in
1192 2066 1324 2129 quo
1374 2050 1680 2131 temporis
1730 2051 2010 2128 spatium
2047 2050 2312 2131 aliquod
2348 2051 2641 2132 illudque
2667 2067 2796 2114 non
2821 2051 2983 2114 adeo
3016 2050 3328 2129 exiguum
3359 2047 3601 2108 insum-

344 2147 521 2219 ptum
553 2161 697 2208 esse
725 2155 1000 2226 oportet.
1037 2149 1202 2212 Hinc
1239 2168 1390 2214 vero
1442 2169 1669 2232 magna
1701 2151 2149 2232 probabilitate
2197 2154 2565 2227 deducitur,
2618 2141 2840 2232 paucis
2885 2161 3032 2216 ante
3061 2151 3310 2215 Iuliani
3349 2149 3598 2213 obitum

342 2243 699 2320 mensibus,
734 2246 1026 2328 adeoque
1058 2249 1225 2313 circa
1253 2253 1405 2314 anni
1433 2253 1550 2316 363
1604 2253 1891 2329 initium,
1935 2261 2046 2316 aut
2077 2262 2248 2318 certe
2287 2255 2409 2318 sub
2453 2255 2642 2318 ﬁnem
2674 2254 2830 2317 anni
2888 2253 3026 2329 362,
3055 2269 3168 2317 eos
3221 2251 3598 2330 martyrium

339 2349 649 2414 subiisse.
689 2354 911 2433 Neque
939 2354 1054 2417 hac
1103 2357 1182 2419 de
1214 2375 1284 2421 re
1320 2359 1506 2438 plura
1553 2381 1570 2422 :
1628 2361 2073 2424 tantummodo
2123 2361 2763 2425 animadvertendum
2805 2358 3096 2440 martyrii
3128 2359 3300 2422 diem
3352 2358 3422 2418 in
3485 2355 3606 2418 hoc

339 2449 484 2526 ipso
517 2453 832 2530 Opusculo
866 2457 1017 2535 poni
1049 2459 1172 2521 sub
1203 2459 1309 2522 die
1343 2461 1423 2524 28
1451 2463 1856 2528 Novembris.

420 2556 630 2619 XXII.
669 2559 1062 2638 Diligentius
1103 2562 1563 2642 inquirendum
1618 2569 1870 2632 videtur
1905 2575 2156 2649 tempus
2191 2576 2250 2632 et
2271 2569 2454 2632 locus
2485 2583 2614 2648 quo
2651 2566 2884 2629 horum
2916 2570 3268 2644 martyrum
3335 2577 3606 2642 corpora

340 2656 616 2717 solemni
651 2673 882 2738 pompa
907 2661 1203 2724 translata
1233 2662 1441 2728 fuere.
1470 2667 1548 2728 At
1579 2675 2020 2738 nemotamen
2060 2668 2165 2731 hic
2194 2685 2438 2731 annum
2472 2668 2668 2749 hujus
2715 2662 3153 2728 translationis
3185 2663 3518 2741 proprium
3569 2677 3605 2723 a

342 2752 531 2816 nobis
569 2758 849 2834 postulet
893 2760 1261 2840 designari:
1301 2764 1361 2827 id
1397 2767 1572 2829 enim
1603 2767 1735 2830 ﬁeri
1786 2770 2156 2834 nullatenus
2182 2778 2412 2848 potest,
2451 2787 2596 2833 cum
2630 2767 2863 2832 nullibi
2907 2766 3250 2836 adnotatus
3282 2769 3599 2828 occurrat.

341 2856 552 2930 Quare
578 2863 865 2934 tempore
893 2860 1286 2938 proximiora
1330 2872 1658 2945 utcunque
1693 2867 1976 2932 indicare
2009 2866 2306 2930 sufﬁciet.
2329 2869 2396 2928 Id
2429 2883 2592 2932 vero
2610 2866 2845 2946 pendet
2875 2879 2911 2924 a
2950 2870 3239 2940 tempore
3294 2878 3427 2942 quo
3453 2858 3605 2922 Bul-

345 2953 552 3032 garica
585 2972 742 3034 gens
808 2957 1098 3035 amplexa
1158 2967 1254 3021 est
1312 2961 1544 3024 Christi
1582 2964 1838 3026 Domini
1864 2965 2081 3029 .fidem
2117 2989 2132 3028 :
2169 2982 2312 3028 nam
2343 2965 2466 3028 sub
2516 2966 2725 3044 primo
2779 2962 3201 3043 Bulgarorum
3241 2978 3393 3045 rege
3427 2960 3608 3024 Chri-

346 3057 558 3119 stiano
594 3058 1075 3124 translationem
1107 3063 1283 3127 illam
1307 3065 1512 3130 fuisse
1547 3075 1886 3148 peractam,
1921 3069 2162 3135 diserte
2205 3070 2517 3134 asseritur
2571 3069 2640 3132 in
2685 3068 2804 3129 hoc
2871 3082 3193 3130 sermone.
3241 3067 3383 3141 Qua
3421 3067 3501 3132 de
3533 3086 3606 3134 re

350 3158 664 3221 nonnulla
695 3159 982 3226 diximus
1019 3163 1085 3226 in
1119 3165 1326 3242 Notis,
1361 3178 1525 3248 quas
1555 3171 1622 3232 in
1654 3169 1962 3235 inferiore
2003 3172 2199 3252 hujus
2231 3171 2545 3234 orationis
2596 3169 2904 3251 margine,
2946 3185 3020 3232 ac
3070 3169 3420 3247 praesertim
3460 3187 3602 3250 pag.

345 3265 458 3326 501
486 3262 935 3343 apposuimus.
985 3269 1207 3348 Neque
1250 3287 1417 3351 opus
1457 3289 1601 3335 esse
1639 3273 1935 3352 arbitror,
1967 3291 2106 3338 eam
2157 3291 2298 3358 rem,
2345 3274 2558 3337 fusius
2593 3273 2698 3336 hic
2755 3274 3059 3353 persequi
3088 3279 3200 3336 aut
3244 3275 3609 3347 accuratius

349 3362 739 3442 investigare
773 3383 790 3436 ;
822 3379 968 3424 cum
1009 3369 1354 3445 scriptores
1381 3385 1606 3433 omnes
1637 3370 1753 3450 qui
1785 3370 1946 3434 hanc
1999 3373 2285 3436 historia)
2325 3373 2784 3436 ecclesiasticae
2824 3384 3074 3452 partem
3101 3373 3396 3452 attigere,
3452 3390 3609 3437 con-

350 3463 715 3526 versionem
751 3465 1180 3545 Bulgarorum
1238 3486 1410 3533 nono
1452 3471 1691 3535 saeculo
1725 3473 2040 3537 accidisse
2085 3475 2493 3538 consentiant
2534 3495 2552 3549 ;
2611 3475 2954 3555 solumque
2989 3473 3224 3554 viginti
3286 3491 3606 3538 annorum

349 3570 558 3647 spatio
582 3570 778 3634 citius
803 3571 940 3649 alii,
975 3574 1087 3637 alii
1121 3577 1334 3637 serius
1371 3585 1708 3642 autumant
1741 3581 2067 3646 evenisse.
2098 3581 2255 3643 Nam
2287 3581 2633 3661 scriptores
2662 3579 2866 3642 Graeci
2895 3596 3032 3641 eam
3070 3578 3206 3642 fere
3256 3579 3336 3641 ad
3366 3594 3608 3641 annum

350 3668 961 3748 octingentesimum
994 3676 1560 3756 quadragesimum
1591 3687 1844 3742 sextum
1881 3696 2181 3744 revocare
2214 3681 2538 3744 videntur.
2569 3679 2950 3742 Anastasius
2982 3695 3136 3742 vero
3189 3677 3614 3741 Bibliotheca-

355 3773 490 3834 rius
537 3772 604 3837 in
660 3777 806 3839 Vita
864 3778 1102 3843 Nicolai
1156 3783 1182 3842 I
1261 3797 1333 3844 ea
1368 3783 1578 3860 tradit,
1634 3802 1711 3847 ex
1736 3785 1978 3865 quibus
2025 3785 2330 3867 colligere
2363 3803 2644 3864 pronum
2673 3785 3155 3862 est,-nationem
3208 3782 3609 3865 Bulgarica-m

353 3875 730 3942 Christianas
761 3881 1057 3965 religioni
1086 3901 1322 3948 nomen
1355 3903 1484 3949 non
1524 3888 1777 3952 dedisse
1809 3897 1956 3952 ante
1985 3907 2227 3965 annum
2257 3890 2550 3970 ejusdem
2575 3889 2795 3953 saeculi
2821 3888 3297 3968 sexagesimum
3330 3893 3608 3947 sextum.

353 3977 422 4038 In
457 3995 533 4042 eo
571 3982 764 4049 etiam
803 3999 1028 4048 omnes
1058 3985 1192 4048 fere
1227 3986 1666 4062 consentiunt,
1733 3988 1909 4068 quod
1964 4006 2075 4052 rex
2127 3988 2549 4070 Bulgarornm
2586 3986 3241 4067 primus-Christiana;
3310 3981 3614 4061 religioni

354 4083 647 4149 addictus
677 4095 822 4150 ante
847 4087 1240 4170 baptismum
1301 4092 1571 4171 Bogoris
1617 4091 2174 4174 ,(Theophylactus
2234 4095 2302 4156 in
2359 4093 2476 4156 hac
2505 4091 2793 4154 oratione
2815 4090 3099 4152 Borisim
3141 4085 3392 4159 scribit,
3458 4097 3612 4146 voce

258 4273 261 4277 _
356 4188 691 4263 paululum
744 4191 1128 4272 immutata),
1163 4194 1572 4273 postmodum
1618 4211 1770 4258 vero
1827 4195 2100 4260 Michael
2147 4193 2347 4258 fuerit
2402 4192 2785 4274 appellatus.
2832 4192 2954 4255 Sed
3015 4206 3274 4253 rursum
3333 4187 3381 4248 ii
3433 4183 3613 4246 valde

353 4287 717 4368 discrepant
747 4292 813 4354 in
854 4292 1244 4372 assignanda
1273 4311 1490 4368 causa,
1523 4313 1649 4376 qua
1698 4297 2006 4360 inductus
2048 4295 2156 4359 ille
2200 4293 2395 4358 fuerit
2423 4294 2498 4355 ad
2528 4292 2952 4356 Christianam
2976 4292 3164 4368 fidem
3220 4286 3617 4366 amplecten-

353 4385 520 4446 dam.
556 4386 686 4448 Alii
729 4389 902 4451 enim
957 4392 1200 4453 sororis
1250 4409 1385 4454 sum
1433 4392 2011 4470 adhortationibus,
2051 4411 2194 4474 qua;
2223 4394 2376 4455 dum
2416 4391 2976 4471 ConstantinOpoli
3003 4395 3383 4461 moraretur,
3433 4383 3616 4448 Chri-

356 4487 584 4550 stianis
617 4497 751 4552 erat
782 4491 1026 4555 imbuta
1059 4486 1410 4572 mysteriis,
1449 4504 1807 4573 permotum
1848 4498 2055 4560 fuisse
2091 4498 2350 4560 tradunt
2379 4512 2398 4570 ;
2429 4495 2540 4558 alii
2571 4494 2888 4584 bellorum
2917 4494 3252 4574 famisque.
3284 4489 3610 4555 calamita-
3644 4525 3660 4586 ε

356 4592 529 4658 tibus
568 4595 925 4673 impulsum
962 4618 976 4656 :
1026 4597 1136 4660 alii
1177 4598 1392 4661 vivida
1448 4599 1815 4688 futurorum
1866 4600 2268 4663 cruciatuum
2313 4596 2619 4677 imagine,
2659 4611 2860 4676 quam.
2889 4595 3188 4658 hauserat
3231 4609 3312 4655 ex
3369 4587 3656 4688 insigni't

359 4697 628 4776 pictura,
655 4771 657 4773 ι
683 4697 1056 4777 perculsum
1131 4699 1447 4763 divinitus
1476 4700 1710 4763 infusae
1747 4682 1897 4762 \luci
1941 4699 2164 4762 oculos
2196 4697 2557 4777 aperuisse,
2592 4702 2870 4760 narrant.
2907 4694 3030 4758 Sed
3071 4694 3207 4757 haec
3267 4693 3610 4756 enucleare

358 4805 573 4861 nostra
633 4815 760 4862 non
802 4792 1092 4869 interest.
1153 4801 1316 4864 Satis
1357 4801 1516 4864 mihi
1549 4808 1669 4876 est,
1706 4801 2029 4880 Bogorim,
2070 4801 2206 4862 sive
2238 4799 2516 4860 Borisim
2557 4811 3011 4876 quamcunque
3036 4794 3297 4857 demum
3333 4793 3417 4854 ob
3467 4808 3618 4854 cau-

355 4917 516 4975 sam,
563 4907 624 4964 et
671 4901 810 4965 sive
851 4920 1000 4978 una,
1059 4904 1196 4968 sive
1252 4903 1592 4981 multiplex
1638 4901 1860 4977 fuerit,
1901 4901 2160 4966 nonnisi
2195 4901 2362 4964 circa
2399 4898 2746 4962 dimidium
2800 4894 3023 4965 steculi
3055 4892 3216 4956 noni
3265 4891 3610 4969 religionis

354 5003 741 5065 Christianae
771 5002 1097 5081 mysteriis
1121 5002 1328 5068 fuisse
1367 5001 1734 5064 initiatum:
1779 5001 1931 5062 inde
1955 5001 2130 5064 enim
2169 5006 2572 5078 compertum
2599 4997 2875 5061 efﬁcitur
2925 4995 3463 5074 exploratumque
3506 4993 3616 5054 SS.

357 5118 735 5187 martyrum,
772 5106 852 5170 de
890 5102 1129 5187 quibus
1161 5123 1334 5170 nunc
1362 5121 1572 5169 sermo
1610 5113 1730 5179 est,
1775 5105 2260 5168 translationem
2307 5104 2536 5166 eodem
2583 5102 2932 5164 inclinante
2959 5099 3090 5178 jam
3135 5095 3372 5161 saeculo
3406 5094 3616 5158 conti-

355 5215 531 5291 gisse
591 5227 608 5285 ;
661 5209 954 5289 adeoque
1002 5191 1469 5295 Theophylacti
1525 5213 1775 5270 aetatem
1823 5207 2080 5271 duobus
2129 5206 2383 5269 circiter
2428 5203 2684 5267 saeculis
2715 5200 3149 5283 praecessisse,
3185 5205 3255 5263 ut
3307 5196 3615 5276 superius

357 5317 722 5379 innuimus.
2113 5303 2117 5307 ’

436 5419 674 5480 XXIII.
719 5417 960 5478 Verum
990 5430 1120 5495 quo
1152 5411 1774 5476 clariusinnotescit
1800 5417 2054 5491 tempus
2089 5412 2313 5475 saltem
2341 5409 2704 5490 proximum
2735 5405 3106 5470 istiusmodi
3143 5399 3616 5490 translationis’

361 5535 439 5580 eo
470 5518 656 5579 nobis
687 5515 1026 5578 obscurior
1056 5521 1153 5578 est
1183 5513 1365 5577 locus
1397 5512 1475 5576 ad
1515 5528 1708 5593 quem
1740 5510 1949 5574 delata
1979 5526 2156 5573 sacra
2195 5511 2462 5589 pignora
2504 5514 2676 5570 sunt.
2708 5509 2966 5569 Auctor
2995 5504 3259 5584 quidem
3301 5497 3615 5564 orationis

360 5619 535 5680 hunc
599 5635 1046 5694 saepenumero
1110 5627 1290 5682 vocat
1334 5615 1966 5693 Βραγαληνίτζαν,ΒΤα;

2008 5613 2316 5676 alinitzan
2365 5611 2487 5693 (vel
2531 5610 2587 5672 si
2651 5610 2681 5682 β
2736 5609 3193 5689 pronuntietur
3251 5602 3614 5667 recentium

362 5736 538 5782 more
573 5719 961 5796 Graicorum,
993 5718 1492 5799 l'ragalinitzan)
1560 5735 1833 5799 eamque
1867 5723 1926 5781 ct
1960 5738 1968 5773 τ

2005 5719 2136 5794 ὁλιν,
2191 5713 2425 5790 urbem,
2458 5720 2517 5774 et
2558 5713 2848 5785 ἐπαρχίαν,
2881 5708 3298 5788 provinciam,
3340 5722 3458 5770 seu
3487 5719 3611 5763 me-

3628 1636 3635 1648 Ι
