  <div class='ocr_page' id='page_1' title='image "/cluster/home/n/w/nwhite01/storage/ocr_20150623/125/hvd.32044073502429/240.png"; bbox 0 0 4068 6210; ppageno 0'>
   <div class='ocr_carea' id='block_1_1' title="bbox 2198 297 2248 311">
    <p class='ocr_par' dir='ltr' id='par_1_1' title="bbox 2198 297 2248 311">
     <span class='ocr_line' id='line_1_1' title="bbox 2198 297 2248 311; baseline 0 -5"><span class='ocrx_word' id='word_1_1' title='bbox 2198 297 2248 311; x_wconf 58' lang='grc' dir='ltr'><strong>ς..</strong></span> 
     </span>
    </p>
   </div>
   <div class='ocr_carea' id='block_1_2' title="bbox 348 413 3591 488">
    <p class='ocr_par' dir='ltr' id='par_1_2' title="bbox 348 413 3591 488">
     <span class='ocr_line' id='line_1_2' title="bbox 348 413 3591 488; baseline -0.004 -4"><span class='ocrx_word' id='word_1_2' title='bbox 348 419 438 486; x_wconf 76' lang='lat' dir='ltr'><strong>tu</strong></span> <span class='ocrx_word' id='word_1_3' title='bbox 1199 417 1282 478; x_wconf 91' lang='lat' dir='ltr'><strong>IN</strong></span> <span class='ocrx_word' id='word_1_4' title='bbox 1316 414 1747 488; x_wconf 79' lang='lat' dir='ltr'><strong>SEQUENTIA</strong></span> <span class='ocrx_word' id='word_1_5' title='bbox 1780 413 2356 477; x_wconf 82' lang='lat' dir='ltr'><strong>THEOPHYLACTI</strong></span> <span class='ocrx_word' id='word_1_6' title='bbox 2392 415 2735 478; x_wconf 79' lang='lat' dir='ltr'><strong>SCRIPTA.</strong></span> <span class='ocrx_word' id='word_1_7' title='bbox 3485 417 3591 482; x_wconf 57' lang='grc' dir='ltr'><strong>ιω</strong></span> 
     </span>
    </p>
   </div>
   <div class='ocr_carea' id='block_1_3' title="bbox 343 518 3590 610">
    <p class='ocr_par' dir='ltr' id='par_1_3' title="bbox 343 518 3590 610">
     <span class='ocr_line' id='line_1_3' title="bbox 343 518 3590 610; baseline -0.001 -14"><span class='ocrx_word' id='word_1_8' title='bbox 343 529 637 609; x_wconf 74' lang='lat' dir='ltr'><strong>tropolim</strong></span> <span class='ocrx_word' id='word_1_9' title='bbox 670 544 1022 607; x_wconf 79' lang='lat' dir='ltr'><strong>nuncupat.</strong></span> <span class='ocrx_word' id='word_1_10' title='bbox 1055 529 1178 590; x_wconf 86' lang='lat' dir='ltr'><strong>Sed</strong></span> <span class='ocrx_word' id='word_1_11' title='bbox 1211 546 1505 608; x_wconf 77' lang='lat' dir='ltr'><strong>quamam</strong></span> <span class='ocrx_word' id='word_1_12' title='bbox 1536 544 1600 592; x_wconf 88' lang='lat' dir='ltr'><strong>et</strong></span> <span class='ocrx_word' id='word_1_13' title='bbox 1623 518 1753 610; x_wconf 87' lang='lat' dir='ltr'><strong>quo</strong></span> <span class='ocrx_word' id='word_1_14' title='bbox 1783 546 1920 593; x_wconf 86' lang='lat' dir='ltr'><strong>IOCO</strong></span> <span class='ocrx_word' id='word_1_15' title='bbox 1945 530 2148 608; x_wconf 89' lang='lat' dir='ltr'><strong>posita</strong></span> <span class='ocrx_word' id='word_1_16' title='bbox 2179 531 2288 604; x_wconf 91' lang='lat' dir='ltr'><strong>sit,</strong></span> <span class='ocrx_word' id='word_1_17' title='bbox 2329 531 2428 592; x_wconf 97' lang='lat' dir='ltr'><strong>vel</strong></span> <span class='ocrx_word' id='word_1_18' title='bbox 2459 531 2615 593; x_wconf 67' lang='lat' dir='ltr'><strong>olim</strong></span> <span class='ocrx_word' id='word_1_19' title='bbox 2640 530 2836 592; x_wconf 83' lang='lat' dir='ltr'><strong>fuerit</strong></span> <span class='ocrx_word' id='word_1_20' title='bbox 2859 528 3081 593; x_wconf 83' lang='lat' dir='ltr'><strong>civitas</strong></span> <span class='ocrx_word' id='word_1_21' title='bbox 3114 529 3270 605; x_wconf 68' lang='lat' dir='ltr'><strong>haec,</strong></span> <span class='ocrx_word' id='word_1_22' title='bbox 3301 534 3590 596; x_wconf 88' lang='lat' dir='ltr'><strong>nondum</strong></span> 
     </span>
    </p>
   </div>
   <div class='ocr_carea' id='block_1_4' title="bbox 336 628 3592 712">
    <p class='ocr_par' dir='ltr' id='par_1_4' title="bbox 336 628 3592 712">
     <span class='ocr_line' id='line_1_4' title="bbox 336 628 3592 712; baseline 0 -19"><span class='ocrx_word' id='word_1_23' title='bbox 336 633 502 696; x_wconf 83' lang='lat' dir='ltr'><strong>mihi</strong></span> <span class='ocrx_word' id='word_1_24' title='bbox 543 628 897 710; x_wconf 90' lang='lat' dir='ltr'><strong>inquirenti</strong></span> <span class='ocrx_word' id='word_1_25' title='bbox 936 630 1089 692; x_wconf 90' lang='lat' dir='ltr'><strong>satis</strong></span> <span class='ocrx_word' id='word_1_26' title='bbox 1113 630 1416 709; x_wconf 84' lang='lat' dir='ltr'><strong>detegere</strong></span> <span class='ocrx_word' id='word_1_27' title='bbox 1449 630 1656 705; x_wconf 90' lang='lat' dir='ltr'><strong>licuit,</strong></span> <span class='ocrx_word' id='word_1_28' title='bbox 1689 648 1834 693; x_wconf 91' lang='lat' dir='ltr'><strong>cum</strong></span> <span class='ocrx_word' id='word_1_29' title='bbox 1875 648 2088 710; x_wconf 86' lang='lat' dir='ltr'><strong>neque</strong></span> <span class='ocrx_word' id='word_1_30' title='bbox 2120 631 2187 692; x_wconf 91' lang='lat' dir='ltr'><strong>in</strong></span> <span class='ocrx_word' id='word_1_31' title='bbox 2212 630 2656 710; x_wconf 90' lang='lat' dir='ltr'><strong>geographicis</strong></span> <span class='ocrx_word' id='word_1_32' title='bbox 2684 632 2930 710; x_wconf 85' lang='lat' dir='ltr'><strong>mappis</strong></span> <span class='ocrx_word' id='word_1_33' title='bbox 2963 631 3351 704; x_wconf 91' lang='lat' dir='ltr'><strong>adnotatam,</strong></span> <span class='ocrx_word' id='word_1_34' title='bbox 3377 648 3592 712; x_wconf 89' lang='lat' dir='ltr'><strong>neque</strong></span> 
     </span>
    </p>
   </div>
   <div class='ocr_carea' id='block_1_5' title="bbox 340 721 3590 813">
    <p class='ocr_par' dir='ltr' id='par_1_5' title="bbox 340 721 3590 813">
     <span class='ocr_line' id='line_1_5' title="bbox 340 721 3590 813; baseline 0 -16"><span class='ocrx_word' id='word_1_35' title='bbox 340 721 576 797; x_wconf 39' lang='lat' dir='ltr'><strong>ab&#39;alio</strong></span> <span class='ocrx_word' id='word_1_36' title='bbox 623 733 843 811; x_wconf 88' lang='lat' dir='ltr'><strong>aliquo</strong></span> <span class='ocrx_word' id='word_1_37' title='bbox 871 739 1131 795; x_wconf 86' lang='lat' dir='ltr'><strong>auctore</strong></span> <span class='ocrx_word' id='word_1_38' title='bbox 1164 743 1574 798; x_wconf 81' lang='lat' dir='ltr'><strong>memoratam</strong></span> <span class='ocrx_word' id='word_1_39' title='bbox 1601 734 1979 813; x_wconf 90' lang='lat' dir='ltr'><strong>repererim.</strong></span> <span class='ocrx_word' id='word_1_40' title='bbox 2013 736 2170 798; x_wconf 90' lang='lat' dir='ltr'><strong>Cum</strong></span> <span class='ocrx_word' id='word_1_41' title='bbox 2197 750 2345 796; x_wconf 90' lang='lat' dir='ltr'><strong>vero</strong></span> <span class='ocrx_word' id='word_1_42' title='bbox 2375 753 2448 794; x_wconf 82' lang='lat' dir='ltr'><strong>ex</strong></span> <span class='ocrx_word' id='word_1_43' title='bbox 2489 735 2710 796; x_wconf 79' lang='lat' dir='ltr'><strong>indole</strong></span> <span class='ocrx_word' id='word_1_44' title='bbox 2744 735 2982 813; x_wconf 82' lang='lat' dir='ltr'><strong>linguae</strong></span> <span class='ocrx_word' id='word_1_45' title='bbox 3013 734 3386 808; x_wconf 67' lang='lat' dir='ltr'><strong>Slavonicaa,</strong></span> <span class='ocrx_word' id='word_1_46' title='bbox 3422 735 3590 798; x_wconf 86' lang='lat' dir='ltr'><strong>haud</strong></span> 
     </span>
    </p>
   </div>
   <div class='ocr_carea' id='block_1_6' title="bbox 341 837 3592 919">
    <p class='ocr_par' dir='ltr' id='par_1_6' title="bbox 341 837 3592 919">
     <span class='ocr_line' id='line_1_6' title="bbox 341 837 3592 919; baseline 0.001 -21"><span class='ocrx_word' id='word_1_47' title='bbox 341 837 497 900; x_wconf 87' lang='lat' dir='ltr'><strong>mihi</strong></span> <span class='ocrx_word' id='word_1_48' title='bbox 534 853 796 916; x_wconf 86' lang='lat' dir='ltr'><strong>prorsus</strong></span> <span class='ocrx_word' id='word_1_49' title='bbox 827 837 1082 917; x_wconf 65' lang='lat' dir='ltr'><strong>ignota-&#39;3,</strong></span> <span class='ocrx_word' id='word_1_50' title='bbox 1102 843 1294 916; x_wconf 91' lang='lat' dir='ltr'><strong>atque</strong></span> <span class='ocrx_word' id='word_1_51' title='bbox 1323 855 1400 902; x_wconf 78' lang='lat' dir='ltr'><strong>ex</strong></span> <span class='ocrx_word' id='word_1_52' title='bbox 1420 837 1750 900; x_wconf 86' lang='lat' dir='ltr'><strong>similibus</strong></span> <span class='ocrx_word' id='word_1_53' title='bbox 1770 854 1916 919; x_wconf 64' lang='lat' dir='ltr'><strong>qua;</strong></span> <span class='ocrx_word' id='word_1_54' title='bbox 1948 839 2182 916; x_wconf 88' lang='lat' dir='ltr'><strong>passim</strong></span> <span class='ocrx_word' id='word_1_55' title='bbox 2205 843 2577 910; x_wconf 88' lang='lat' dir='ltr'><strong>occurrunt,</strong></span> <span class='ocrx_word' id='word_1_56' title='bbox 2602 838 2789 899; x_wconf 87' lang='lat' dir='ltr'><strong>etiam</strong></span> <span class='ocrx_word' id='word_1_57' title='bbox 2812 838 2980 916; x_wconf 90' lang='lat' dir='ltr'><strong>apud</strong></span> <span class='ocrx_word' id='word_1_58' title='bbox 3015 837 3592 918; x_wconf 81' lang='lat' dir='ltr'><strong>&#39;l‘heOphylactum,</strong></span> 
     </span>
    </p>
   </div>
   <div class='ocr_carea' id='block_1_7' title="bbox 341 938 3590 1019">
    <p class='ocr_par' dir='ltr' id='par_1_7' title="bbox 341 938 3590 1019">
     <span class='ocr_line' id='line_1_7' title="bbox 341 938 3590 1019; baseline 0.001 -21"><span class='ocrx_word' id='word_1_59' title='bbox 341 938 659 1017; x_wconf 82' lang='lat' dir='ltr'><strong>exemplis</strong></span> <span class='ocrx_word' id='word_1_60' title='bbox 703 945 1102 1018; x_wconf 89' lang='lat' dir='ltr'><strong>compertum</strong></span> <span class='ocrx_word' id='word_1_61' title='bbox 1135 939 1459 1015; x_wconf 81' lang='lat' dir='ltr'><strong>haberem,</strong></span> <span class='ocrx_word' id='word_1_62' title='bbox 1491 939 1610 1003; x_wconf 85' lang='lat' dir='ltr'><strong>hor.</strong></span> <span class='ocrx_word' id='word_1_63' title='bbox 1645 939 2028 1003; x_wconf 82' lang='lat' dir='ltr'><strong>vocabulum</strong></span> <span class='ocrx_word' id='word_1_64' title='bbox 2079 940 2438 1018; x_wconf 87' lang='lat' dir='ltr'><strong>Bulgarica,</strong></span> <span class='ocrx_word' id='word_1_65' title='bbox 2464 957 2610 1019; x_wconf 71' lang='lat' dir='ltr'><strong>qum</strong></span> <span class='ocrx_word' id='word_1_66' title='bbox 2640 939 2859 1018; x_wconf 80' lang='lat' dir='ltr'><strong>lingua</strong></span> <span class='ocrx_word' id='word_1_67' title='bbox 2901 938 3160 1002; x_wconf 70' lang='lat' dir='ltr'><strong>Slavicze</strong></span> <span class='ocrx_word' id='word_1_68' title='bbox 3193 957 3313 1002; x_wconf 90' lang='lat' dir='ltr'><strong>seu</strong></span> <span class='ocrx_word' id='word_1_69' title='bbox 3362 941 3590 1002; x_wconf 87' lang='lat' dir='ltr'><strong>Slavo-</strong></span> 
     </span>
    </p>
   </div>
   <div class='ocr_carea' id='block_1_8' title="bbox 340 1037 3592 1120">
    <p class='ocr_par' dir='ltr' id='par_1_8' title="bbox 340 1037 3592 1120">
     <span class='ocr_line' id='line_1_8' title="bbox 340 1037 3592 1120; baseline 0.002 -26"><span class='ocrx_word' id='word_1_70' title='bbox 340 1037 505 1100; x_wconf 74' lang='lat' dir='ltr'><strong>nicaa</strong></span> <span class='ocrx_word' id='word_1_71' title='bbox 535 1037 850 1101; x_wconf 87' lang='lat' dir='ltr'><strong>dialectus</strong></span> <span class='ocrx_word' id='word_1_72' title='bbox 881 1046 1001 1109; x_wconf 87' lang='lat' dir='ltr'><strong>est,</strong></span> <span class='ocrx_word' id='word_1_73' title='bbox 1046 1041 1504 1104; x_wconf 85' lang='lat' dir='ltr'><strong>terminatione</strong></span> <span class='ocrx_word' id='word_1_74' title='bbox 1533 1041 1861 1117; x_wconf 88' lang='lat' dir='ltr'><strong>desinere,</strong></span> <span class='ocrx_word' id='word_1_75' title='bbox 1893 1041 2054 1103; x_wconf 89' lang='lat' dir='ltr'><strong>illud</strong></span> <span class='ocrx_word' id='word_1_76' title='bbox 2092 1041 2304 1104; x_wconf 81' lang='lat' dir='ltr'><strong>statim</strong></span> <span class='ocrx_word' id='word_1_77' title='bbox 2358 1042 2733 1120; x_wconf 80' lang='lat' dir='ltr'><strong>perquirere</strong></span> <span class='ocrx_word' id='word_1_78' title='bbox 2770 1041 2951 1120; x_wconf 79' lang='lat' dir='ltr'><strong>cmpi,</strong></span> <span class='ocrx_word' id='word_1_79' title='bbox 3020 1049 3257 1113; x_wconf 90' lang='lat' dir='ltr'><strong>utrum,</strong></span> <span class='ocrx_word' id='word_1_80' title='bbox 3315 1041 3592 1104; x_wconf 88' lang='lat' dir='ltr'><strong>detracta</strong></span> 
     </span>
    </p>
   </div>
   <div class='ocr_carea' id='block_1_9' title="bbox 337 1143 3592 1225">
    <p class='ocr_par' dir='ltr' id='par_1_9' title="bbox 337 1143 3592 1225">
     <span class='ocr_line' id='line_1_9' title="bbox 337 1143 3592 1225; baseline 0.002 -20"><span class='ocrx_word' id='word_1_81' title='bbox 337 1143 568 1205; x_wconf 86' lang='lat' dir='ltr'><strong>saltem</strong></span> <span class='ocrx_word' id='word_1_82' title='bbox 606 1144 1064 1206; x_wconf 84' lang='lat' dir='ltr'><strong>terminatione</strong></span> <span class='ocrx_word' id='word_1_83' title='bbox 1093 1145 1244 1218; x_wconf 77' lang='lat' dir='ltr'><strong>itza,</strong></span> <span class='ocrx_word' id='word_1_84' title='bbox 1274 1144 1378 1209; x_wconf 82' lang='lat' dir='ltr'><strong>vel</strong></span> <span class='ocrx_word' id='word_1_85' title='bbox 1409 1147 1606 1221; x_wconf 80' lang='lat' dir='ltr'><strong>m’tza,</strong></span> <span class='ocrx_word' id='word_1_86' title='bbox 1640 1145 1834 1225; x_wconf 86' lang='lat' dir='ltr'><strong>hujus</strong></span> <span class='ocrx_word' id='word_1_87' title='bbox 1863 1146 2182 1208; x_wconf 90' lang='lat' dir='ltr'><strong>similisve</strong></span> <span class='ocrx_word' id='word_1_88' title='bbox 2213 1146 2493 1208; x_wconf 90' lang='lat' dir='ltr'><strong>nominis</strong></span> <span class='ocrx_word' id='word_1_89' title='bbox 2538 1149 2690 1208; x_wconf 86' lang='lat' dir='ltr'><strong>urbs</strong></span> <span class='ocrx_word' id='word_1_90' title='bbox 2721 1146 2786 1206; x_wconf 93' lang='lat' dir='ltr'><strong>in</strong></span> <span class='ocrx_word' id='word_1_91' title='bbox 2828 1145 3123 1225; x_wconf 82' lang='lat' dir='ltr'><strong>Bulgaria</strong></span> <span class='ocrx_word' id='word_1_92' title='bbox 3153 1153 3349 1222; x_wconf 89' lang='lat' dir='ltr'><strong>esset,</strong></span> <span class='ocrx_word' id='word_1_93' title='bbox 3384 1146 3480 1209; x_wconf 85' lang='lat' dir='ltr'><strong>vel</strong></span> <span class='ocrx_word' id='word_1_94' title='bbox 3524 1147 3592 1210; x_wconf 85' lang='lat' dir='ltr'><strong>in</strong></span> 
     </span>
    </p>
   </div>
   <div class='ocr_carea' id='block_1_10' title="bbox 335 1245 3592 1329">
    <p class='ocr_par' dir='ltr' id='par_1_10' title="bbox 335 1245 3592 1329">
     <span class='ocr_line' id='line_1_10' title="bbox 335 1245 3592 1329; baseline 0.002 -23"><span class='ocrx_word' id='word_1_95' title='bbox 335 1246 474 1318; x_wconf 85' lang='lat' dir='ltr'><strong>alia</strong></span> <span class='ocrx_word' id='word_1_96' title='bbox 512 1245 802 1326; x_wconf 83' lang='lat' dir='ltr'><strong>regione,</strong></span> <span class='ocrx_word' id='word_1_97' title='bbox 835 1245 1020 1325; x_wconf 89' lang='lat' dir='ltr'><strong>cujus</strong></span> <span class='ocrx_word' id='word_1_98' title='bbox 1065 1247 1291 1310; x_wconf 66' lang='lat' dir='ltr'><strong>incolas</strong></span> <span class='ocrx_word' id='word_1_99' title='bbox 1322 1248 1544 1328; x_wconf 78' lang='lat' dir='ltr'><strong>lingua</strong></span> <span class='ocrx_word' id='word_1_100' title='bbox 1593 1256 1930 1312; x_wconf 84' lang='lat' dir='ltr'><strong>uterentur</strong></span> <span class='ocrx_word' id='word_1_101' title='bbox 1961 1251 2320 1328; x_wconf 87' lang='lat' dir='ltr'><strong>Bulgarica,</strong></span> <span class='ocrx_word' id='word_1_102' title='bbox 2367 1250 2734 1329; x_wconf 90' lang='lat' dir='ltr'><strong>cujusmodi</strong></span> <span class='ocrx_word' id='word_1_103' title='bbox 2761 1248 2884 1311; x_wconf 87' lang='lat' dir='ltr'><strong>fuit</strong></span> <span class='ocrx_word' id='word_1_104' title='bbox 2912 1249 3377 1328; x_wconf 80' lang='lat' dir='ltr'><strong>Bragalinitza,</strong></span> <span class='ocrx_word' id='word_1_105' title='bbox 3410 1257 3481 1312; x_wconf 94' lang='lat' dir='ltr'><strong>ut</strong></span> <span class='ocrx_word' id='word_1_106' title='bbox 3513 1268 3592 1311; x_wconf 80' lang='lat' dir='ltr'><strong>ex</strong></span> 
     </span>
    </p>
   </div>
   <div class='ocr_carea' id='block_1_11' title="bbox 337 1347 3569 1430">
    <p class='ocr_par' dir='ltr' id='par_1_11' title="bbox 337 1347 3569 1430">
     <span class='ocr_line' id='line_1_11' title="bbox 337 1347 3569 1430; baseline 0.002 -23"><span class='ocrx_word' id='word_1_107' title='bbox 337 1349 484 1424; x_wconf 88' lang='lat' dir='ltr'><strong>ipsa</strong></span> <span class='ocrx_word' id='word_1_108' title='bbox 527 1347 817 1408; x_wconf 89' lang='lat' dir='ltr'><strong>oratione</strong></span> <span class='ocrx_word' id='word_1_109' title='bbox 849 1355 1116 1411; x_wconf 87' lang='lat' dir='ltr'><strong>constat.</strong></span> <span class='ocrx_word' id='word_1_110' title='bbox 1166 1351 1398 1412; x_wconf 87' lang='lat' dir='ltr'><strong>Verum</strong></span> <span class='ocrx_word' id='word_1_111' title='bbox 1447 1368 1574 1414; x_wconf 94' lang='lat' dir='ltr'><strong>non</strong></span> <span class='ocrx_word' id='word_1_112' title='bbox 1608 1350 1796 1414; x_wconf 92' lang='lat' dir='ltr'><strong>aliam</strong></span> <span class='ocrx_word' id='word_1_113' title='bbox 1827 1350 2051 1414; x_wconf 90' lang='lat' dir='ltr'><strong>urbem</strong></span> <span class='ocrx_word' id='word_1_114' title='bbox 2101 1350 2365 1424; x_wconf 85' lang='lat' dir='ltr'><strong>oﬂ&#39;endi,</strong></span> <span class='ocrx_word' id='word_1_115' title='bbox 2397 1367 2542 1427; x_wconf 76' lang='lat' dir='ltr'><strong>qum</strong></span> <span class='ocrx_word' id='word_1_116' title='bbox 2573 1350 2787 1430; x_wconf 83' lang='lat' dir='ltr'><strong>aliqua</strong></span> <span class='ocrx_word' id='word_1_117' title='bbox 2826 1351 3074 1414; x_wconf 88' lang='lat' dir='ltr'><strong>ratione</strong></span> <span class='ocrx_word' id='word_1_118' title='bbox 3109 1368 3252 1413; x_wconf 92' lang='lat' dir='ltr'><strong>cum</strong></span> <span class='ocrx_word' id='word_1_119' title='bbox 3299 1351 3410 1412; x_wconf 92' lang='lat' dir='ltr'><strong>illa</strong></span> <span class='ocrx_word' id='word_1_120' title='bbox 3447 1366 3569 1413; x_wconf 87' lang='lat' dir='ltr'><strong>con</strong></span> 
     </span>
    </p>
   </div>
   <div class='ocr_carea' id='block_1_12' title="bbox 339 1445 3592 1532">
    <p class='ocr_par' dir='ltr' id='par_1_12' title="bbox 339 1445 3592 1532">
     <span class='ocr_line' id='line_1_12' title="bbox 339 1445 3592 1532; baseline 0.003 -30"><span class='ocrx_word' id='word_1_121' title='bbox 339 1463 575 1524; x_wconf 83' lang='lat' dir='ltr'><strong>gruere</strong></span> <span class='ocrx_word' id='word_1_122' title='bbox 633 1445 985 1522; x_wconf 87' lang='lat' dir='ltr'><strong>videretur,</strong></span> <span class='ocrx_word' id='word_1_123' title='bbox 1039 1465 1234 1528; x_wconf 87' lang='lat' dir='ltr'><strong>quam</strong></span> <span class='ocrx_word' id='word_1_124' title='bbox 1284 1449 1561 1528; x_wconf 78' lang='lat' dir='ltr'><strong>Bargala</strong></span> <span class='ocrx_word' id='word_1_125' title='bbox 1593 1449 1922 1529; x_wconf 88' lang='lat' dir='ltr'><strong>pertinens</strong></span> <span class='ocrx_word' id='word_1_126' title='bbox 1949 1451 2040 1514; x_wconf 87' lang='lat' dir='ltr'><strong>ad</strong></span> <span class='ocrx_word' id='word_1_127' title='bbox 2087 1451 2526 1513; x_wconf 85' lang='lat' dir='ltr'><strong>Macedoniam</strong></span> <span class='ocrx_word' id='word_1_128' title='bbox 2566 1453 2914 1514; x_wconf 90' lang='lat' dir='ltr'><strong>secundam</strong></span> <span class='ocrx_word' id='word_1_129' title='bbox 2965 1449 3296 1514; x_wconf 90' lang='lat' dir='ltr'><strong>orientalis</strong></span> <span class='ocrx_word' id='word_1_130' title='bbox 3346 1450 3592 1532; x_wconf 79' lang='lat' dir='ltr'><strong>Illyrici</strong></span> 
     </span>
    </p>
   </div>
   <div class='ocr_carea' id='block_1_13' title="bbox 342 1550 3594 1635">
    <p class='ocr_par' dir='ltr' id='par_1_13' title="bbox 342 1550 3594 1635">
     <span class='ocr_line' id='line_1_13' title="bbox 342 1550 3594 1635; baseline 0.005 -33"><span class='ocrx_word' id='word_1_131' title='bbox 342 1556 584 1625; x_wconf 80' lang='lat' dir='ltr'><strong>partem</strong></span> <span class='ocrx_word' id='word_1_132' title='bbox 620 1565 634 1608; x_wconf 94' lang='lat'><em>:</em></span> <span class='ocrx_word' id='word_1_133' title='bbox 693 1565 838 1611; x_wconf 89' lang='lat' dir='ltr'><strong>nam</strong></span> <span class='ocrx_word' id='word_1_134' title='bbox 897 1550 1188 1630; x_wconf 72' lang='lat' dir='ltr'><strong>Bargalc</strong></span> <span class='ocrx_word' id='word_1_135' title='bbox 1243 1569 1504 1628; x_wconf 88' lang='lat' dir='ltr'><strong>nomen,</strong></span> <span class='ocrx_word' id='word_1_136' title='bbox 1556 1554 1732 1633; x_wconf 90' lang='lat' dir='ltr'><strong>quod</strong></span> <span class='ocrx_word' id='word_1_137' title='bbox 1765 1553 2021 1633; x_wconf 88' lang='lat' dir='ltr'><strong>dempta</strong></span> <span class='ocrx_word' id='word_1_138' title='bbox 2053 1554 2508 1616; x_wconf 89' lang='lat' dir='ltr'><strong>terminatione</strong></span> <span class='ocrx_word' id='word_1_139' title='bbox 2545 1556 2902 1635; x_wconf 89' lang='lat' dir='ltr'><strong>Bulgarica,</strong></span> <span class='ocrx_word' id='word_1_140' title='bbox 2933 1563 3239 1629; x_wconf 90' lang='lat' dir='ltr'><strong>remanet,</strong></span> <span class='ocrx_word' id='word_1_141' title='bbox 3275 1572 3420 1616; x_wconf 90' lang='lat' dir='ltr'><strong>cum</strong></span> <span class='ocrx_word' id='word_1_142' title='bbox 3485 1557 3594 1619; x_wconf 85' lang='lat' dir='ltr'><strong>illa</strong></span> 
     </span>
    </p>
   </div>
   <div class='ocr_carea' id='block_1_14' title="bbox 334 1649 3593 1738">
    <p class='ocr_par' dir='ltr' id='par_1_14' title="bbox 334 1649 3593 1738">
     <span class='ocr_line' id='line_1_14' title="bbox 334 1649 3593 1738; baseline 0.003 -28"><span class='ocrx_word' id='word_1_143' title='bbox 334 1649 475 1714; x_wconf 84' lang='lat' dir='ltr'><strong>fere</strong></span> <span class='ocrx_word' id='word_1_144' title='bbox 508 1656 878 1730; x_wconf 85' lang='lat' dir='ltr'><strong>consensit;</strong></span> <span class='ocrx_word' id='word_1_145' title='bbox 939 1673 1156 1736; x_wconf 89' lang='lat' dir='ltr'><strong>neque</strong></span> <span class='ocrx_word' id='word_1_146' title='bbox 1187 1674 1221 1720; x_wconf 90' lang='lat' dir='ltr'><strong>a</strong></span> <span class='ocrx_word' id='word_1_147' title='bbox 1251 1658 1647 1738; x_wconf 89' lang='lat' dir='ltr'><strong>Tiberiopoli</strong></span> <span class='ocrx_word' id='word_1_148' title='bbox 1692 1658 1968 1722; x_wconf 89' lang='lat' dir='ltr'><strong>multum</strong></span> <span class='ocrx_word' id='word_1_149' title='bbox 1999 1660 2229 1722; x_wconf 85' lang='lat' dir='ltr'><strong>abesse</strong></span> <span class='ocrx_word' id='word_1_150' title='bbox 2261 1660 2538 1721; x_wconf 88' lang='lat' dir='ltr'><strong>videtur.</strong></span> <span class='ocrx_word' id='word_1_151' title='bbox 2579 1659 2895 1733; x_wconf 89' lang='lat' dir='ltr'><strong>Quocirca</strong></span> <span class='ocrx_word' id='word_1_152' title='bbox 2919 1658 3229 1720; x_wconf 82' lang='lat' dir='ltr'><strong>credibile</strong></span> <span class='ocrx_word' id='word_1_153' title='bbox 3272 1666 3393 1733; x_wconf 88' lang='lat' dir='ltr'><strong>est,</strong></span> <span class='ocrx_word' id='word_1_154' title='bbox 3425 1660 3593 1722; x_wconf 88' lang='lat' dir='ltr'><strong>intra</strong></span> 
     </span>
    </p>
   </div>
   <div class='ocr_carea' id='block_1_15' title="bbox 339 1755 3594 1842">
    <p class='ocr_par' dir='ltr' id='par_1_15' title="bbox 339 1755 3594 1842">
     <span class='ocr_line' id='line_1_15' title="bbox 339 1755 3594 1842; baseline 0.004 -28"><span class='ocrx_word' id='word_1_155' title='bbox 339 1755 660 1833; x_wconf 86' lang='lat' dir='ltr'><strong>Bulgarici</strong></span> <span class='ocrx_word' id='word_1_156' title='bbox 685 1757 844 1820; x_wconf 85' lang='lat' dir='ltr'><strong>ﬁnes</strong></span> <span class='ocrx_word' id='word_1_157' title='bbox 881 1759 1136 1836; x_wconf 90' lang='lat' dir='ltr'><strong>imperii</strong></span> <span class='ocrx_word' id='word_1_158' title='bbox 1175 1777 1314 1823; x_wconf 88' lang='lat' dir='ltr'><strong>eam</strong></span> <span class='ocrx_word' id='word_1_159' title='bbox 1354 1769 1491 1824; x_wconf 92' lang='lat' dir='ltr'><strong>tum</strong></span> <span class='ocrx_word' id='word_1_160' title='bbox 1539 1763 1893 1838; x_wconf 78' lang='lat' dir='ltr'><strong>exstitisse,</strong></span> <span class='ocrx_word' id='word_1_161' title='bbox 1927 1764 2223 1842; x_wconf 83' lang='lat' dir='ltr'><strong>adeoque</strong></span> <span class='ocrx_word' id='word_1_162' title='bbox 2254 1771 2316 1824; x_wconf 81' lang='lat' dir='ltr'><strong>et</strong></span> <span class='ocrx_word' id='word_1_163' title='bbox 2359 1763 2709 1839; x_wconf 70' lang='lat' dir='ltr'><strong>Bulgaricm</strong></span> <span class='ocrx_word' id='word_1_164' title='bbox 2745 1762 2983 1842; x_wconf 77' lang='lat' dir='ltr'><strong>lingum</strong></span> <span class='ocrx_word' id='word_1_165' title='bbox 3012 1762 3189 1840; x_wconf 64' lang='lat' dir='ltr'><strong>injea</strong></span> <span class='ocrx_word' id='word_1_166' title='bbox 3223 1779 3412 1824; x_wconf 91' lang='lat' dir='ltr'><strong>usum</strong></span> <span class='ocrx_word' id='word_1_167' title='bbox 3442 1770 3594 1827; x_wconf 89' lang='lat' dir='ltr'><strong>tunc</strong></span> 
     </span>
    </p>
   </div>
   <div class='ocr_carea' id='block_1_16' title="bbox 335 1859 2594 1938">
    <p class='ocr_par' dir='ltr' id='par_1_16' title="bbox 335 1859 2594 1938">
     <span class='ocr_line' id='line_1_16' title="bbox 335 1859 2594 1938; baseline 0.008 -19"><span class='ocrx_word' id='word_1_168' title='bbox 335 1859 651 1935; x_wconf 85' lang='lat' dir='ltr'><strong>temporis</strong></span> <span class='ocrx_word' id='word_1_169' title='bbox 686 1860 998 1938; x_wconf 79' lang='lat' dir='ltr'><strong>viguisse.</strong></span> <span class='ocrx_word' id='word_1_170' title='bbox 2430 1903 2436 1906; x_wconf 86' lang='lat'><strong><em>-</em></strong></span> <span class='ocrx_word' id='word_1_171' title='bbox 2591 1906 2594 1909; x_wconf 93' lang='lat'><strong><em>-</em></strong></span> 
     </span>
    </p>
   </div>
   <div class='ocr_carea' id='block_1_17' title="bbox 417 1959 3594 2045">
    <p class='ocr_par' dir='ltr' id='par_1_17' title="bbox 417 1959 3594 2045">
     <span class='ocr_line' id='line_1_17' title="bbox 417 1959 3594 2045; baseline 0.003 -27"><span class='ocrx_word' id='word_1_172' title='bbox 417 1959 656 2020; x_wconf 88' lang='lat' dir='ltr'><strong>XXIV.</strong></span> <span class='ocrx_word' id='word_1_173' title='bbox 703 1961 845 2022; x_wconf 86' lang='lat' dir='ltr'><strong>Huc</strong></span> <span class='ocrx_word' id='word_1_174' title='bbox 877 1979 1084 2042; x_wconf 90' lang='lat' dir='ltr'><strong>usque</strong></span> <span class='ocrx_word' id='word_1_175' title='bbox 1115 1963 1524 2044; x_wconf 88' lang='lat' dir='ltr'><strong>scripseram,</strong></span> <span class='ocrx_word' id='word_1_176' title='bbox 1561 1983 1706 2029; x_wconf 90' lang='lat' dir='ltr'><strong>cum</strong></span> <span class='ocrx_word' id='word_1_177' title='bbox 1748 1983 1941 2044; x_wconf 86' lang='lat' dir='ltr'><strong>supra</strong></span> <span class='ocrx_word' id='word_1_178' title='bbox 1977 1965 2276 2029; x_wconf 87' lang='lat' dir='ltr'><strong>laudatus</strong></span> <span class='ocrx_word' id='word_1_179' title='bbox 2306 1965 2661 2028; x_wconf 91' lang='lat' dir='ltr'><strong>monachus</strong></span> <span class='ocrx_word' id='word_1_180' title='bbox 2693 1965 2766 2026; x_wconf 94' lang='lat' dir='ltr'><strong>Ol</strong></span> <span class='ocrx_word' id='word_1_181' title='bbox 2776 1964 3064 2045; x_wconf 83' lang='lat' dir='ltr'><strong>ympiota</strong></span> <span class='ocrx_word' id='word_1_182' title='bbox 3096 1965 3436 2027; x_wconf 89' lang='lat' dir='ltr'><strong>certiorem</strong></span> <span class='ocrx_word' id='word_1_183' title='bbox 3495 1983 3594 2028; x_wconf 90' lang='lat' dir='ltr'><strong>me</strong></span> 
     </span>
    </p>
   </div>
   <div class='ocr_carea' id='block_1_18' title="bbox 333 2061 3595 2149">
    <p class='ocr_par' dir='ltr' id='par_1_18' title="bbox 333 2061 3595 2149">
     <span class='ocr_line' id='line_1_18' title="bbox 333 2061 3595 2149; baseline 0.002 -27"><span class='ocrx_word' id='word_1_184' title='bbox 333 2061 514 2138; x_wconf 85' lang='lat' dir='ltr'><strong>fecit,</strong></span> <span class='ocrx_word' id='word_1_185' title='bbox 574 2071 824 2128; x_wconf 79' lang='lat' dir='ltr'><strong>exstare</strong></span> <span class='ocrx_word' id='word_1_186' title='bbox 877 2068 1230 2132; x_wconf 89' lang='lat' dir='ltr'><strong>etiamnum</strong></span> <span class='ocrx_word' id='word_1_187' title='bbox 1265 2072 1332 2133; x_wconf 91' lang='lat' dir='ltr'><strong>in</strong></span> <span class='ocrx_word' id='word_1_188' title='bbox 1371 2074 1653 2134; x_wconf 88' lang='lat' dir='ltr'><strong>secunda</strong></span> <span class='ocrx_word' id='word_1_189' title='bbox 1709 2073 2081 2135; x_wconf 84' lang='lat' dir='ltr'><strong>Macedonia</strong></span> <span class='ocrx_word' id='word_1_190' title='bbox 2120 2071 2343 2133; x_wconf 83' lang='lat' dir='ltr'><strong>urbem</strong></span> <span class='ocrx_word' id='word_1_191' title='bbox 2394 2068 2915 2148; x_wconf 81' lang='lat' dir='ltr'><strong>Bragalinitzam,</strong></span> <span class='ocrx_word' id='word_1_192' title='bbox 2951 2088 3094 2143; x_wconf 88' lang='lat' dir='ltr'><strong>seu,</strong></span> <span class='ocrx_word' id='word_1_193' title='bbox 3137 2078 3209 2132; x_wconf 88' lang='lat' dir='ltr'><strong>ut</strong></span> <span class='ocrx_word' id='word_1_194' title='bbox 3261 2072 3401 2149; x_wconf 91' lang='lat' dir='ltr'><strong>ipse</strong></span> <span class='ocrx_word' id='word_1_195' title='bbox 3443 2071 3595 2132; x_wconf 74' lang='lat' dir='ltr'><strong>effe-</strong></span> 
     </span>
    </p>
   </div>
   <div class='ocr_carea' id='block_1_19' title="bbox 329 2164 3592 2252">
    <p class='ocr_par' dir='ltr' id='par_1_19' title="bbox 329 2164 3592 2252">
     <span class='ocr_line' id='line_1_19' title="bbox 329 2164 3592 2252; baseline 0.001 -26"><span class='ocrx_word' id='word_1_196' title='bbox 329 2164 1089 2246; x_wconf 73' lang='lat' dir='ltr'><strong>rebat,-Bragarinitzam</strong></span> <span class='ocrx_word' id='word_1_197' title='bbox 1137 2191 1157 2239; x_wconf 82' lang='lat'><strong>,-</strong></span> <span class='ocrx_word' id='word_1_198' title='bbox 1222 2171 1336 2232; x_wconf 91' lang='lat' dir='ltr'><strong>sed</strong></span> <span class='ocrx_word' id='word_1_199' title='bbox 1377 2189 1412 2235; x_wconf 89' lang='lat' dir='ltr'><strong>e</strong></span> <span class='ocrx_word' id='word_1_200' title='bbox 1456 2186 1678 2252; x_wconf 86' lang='lat' dir='ltr'><strong>magna</strong></span> <span class='ocrx_word' id='word_1_201' title='bbox 1711 2173 1868 2235; x_wconf 90' lang='lat' dir='ltr'><strong>urbe</strong></span> <span class='ocrx_word' id='word_1_202' title='bbox 1926 2174 2002 2236; x_wconf 92' lang='lat' dir='ltr'><strong>ad</strong></span> <span class='ocrx_word' id='word_1_203' title='bbox 2035 2172 2174 2252; x_wconf 86' lang='lat' dir='ltr'><strong>pagi</strong></span> <span class='ocrx_word' id='word_1_204' title='bbox 2211 2170 2649 2233; x_wconf 89' lang='lat' dir='ltr'><strong>conditionem</strong></span> <span class='ocrx_word' id='word_1_205' title='bbox 2708 2172 3048 2244; x_wconf 88' lang='lat' dir='ltr'><strong>redactam,</strong></span> <span class='ocrx_word' id='word_1_206' title='bbox 3111 2170 3515 2249; x_wconf 86' lang='lat' dir='ltr'><strong>habitarique</strong></span> <span class='ocrx_word' id='word_1_207' title='bbox 3559 2184 3592 2229; x_wconf 90' lang='lat' dir='ltr'><strong>a</strong></span> 
     </span>
    </p>
   </div>
   <div class='ocr_carea' id='block_1_20' title="bbox 336 2269 3594 2353">
    <p class='ocr_par' dir='ltr' id='par_1_20' title="bbox 336 2269 3594 2353">
     <span class='ocr_line' id='line_1_20' title="bbox 336 2269 3594 2353; baseline 0.001 -22"><span class='ocrx_word' id='word_1_208' title='bbox 336 2269 592 2344; x_wconf 88' lang='lat' dir='ltr'><strong>Turcis,</strong></span> <span class='ocrx_word' id='word_1_209' title='bbox 628 2272 851 2348; x_wconf 85' lang='lat' dir='ltr'><strong>paucis</strong></span> <span class='ocrx_word' id='word_1_210' title='bbox 901 2273 1619 2338; x_wconf 73' lang='lat' dir='ltr'><strong>immistisChristianis</strong></span> <span class='ocrx_word' id='word_1_211' title='bbox 1651 2300 1666 2339; x_wconf 88' lang='lat'><strong>:</strong></span> <span class='ocrx_word' id='word_1_212' title='bbox 1724 2277 1966 2339; x_wconf 82' lang='lat' dir='ltr'><strong>distare</strong></span> <span class='ocrx_word' id='word_1_213' title='bbox 2030 2291 2179 2339; x_wconf 87' lang='lat' dir='ltr'><strong>vero</strong></span> <span class='ocrx_word' id='word_1_214' title='bbox 2222 2291 2255 2336; x_wconf 93' lang='lat' dir='ltr'><strong>a</strong></span> <span class='ocrx_word' id='word_1_215' title='bbox 2288 2275 2630 2336; x_wconf 50' lang='lat' dir='ltr'><strong>S‘trumitza</strong></span> <span class='ocrx_word' id='word_1_216' title='bbox 2661 2274 2953 2353; x_wconf 88' lang='lat' dir='ltr'><strong>quinque</strong></span> <span class='ocrx_word' id='word_1_217' title='bbox 2983 2274 3236 2336; x_wconf 89' lang='lat' dir='ltr'><strong>circiter</strong></span> <span class='ocrx_word' id='word_1_218' title='bbox 3291 2273 3594 2335; x_wconf 90' lang='lat' dir='ltr'><strong>horarum</strong></span> 
     </span>
    </p>
   </div>
   <div class='ocr_carea' id='block_1_21' title="bbox 336 2365 3592 2452">
    <p class='ocr_par' dir='ltr' id='par_1_21' title="bbox 336 2365 3592 2452">
     <span class='ocr_line' id='line_1_21' title="bbox 336 2365 3592 2452; baseline 0.002 -29"><span class='ocrx_word' id='word_1_219' title='bbox 336 2365 574 2430; x_wconf 88' lang='lat' dir='ltr'><strong>itinere</strong></span> <span class='ocrx_word' id='word_1_220' title='bbox 608 2389 624 2429; x_wconf 88' lang='lat'><strong>:</strong></span> <span class='ocrx_word' id='word_1_221' title='bbox 657 2385 729 2430; x_wconf 91' lang='lat' dir='ltr'><strong>ac</strong></span> <span class='ocrx_word' id='word_1_222' title='bbox 753 2368 823 2431; x_wconf 90' lang='lat' dir='ltr'><strong>in</strong></span> <span class='ocrx_word' id='word_1_223' title='bbox 863 2387 937 2432; x_wconf 88' lang='lat' dir='ltr'><strong>ea</strong></span> <span class='ocrx_word' id='word_1_224' title='bbox 977 2386 1104 2432; x_wconf 91' lang='lat' dir='ltr'><strong>non</strong></span> <span class='ocrx_word' id='word_1_225' title='bbox 1136 2370 1348 2434; x_wconf 88' lang='lat' dir='ltr'><strong>solum</strong></span> <span class='ocrx_word' id='word_1_226' title='bbox 1383 2375 1461 2435; x_wconf 93' lang='lat' dir='ltr'><strong>de</strong></span> <span class='ocrx_word' id='word_1_227' title='bbox 1495 2386 1746 2452; x_wconf 88' lang='lat' dir='ltr'><strong>peracta</strong></span> <span class='ocrx_word' id='word_1_228' title='bbox 1776 2376 1851 2436; x_wconf 91' lang='lat' dir='ltr'><strong>ad</strong></span> <span class='ocrx_word' id='word_1_229' title='bbox 1885 2375 2090 2452; x_wconf 91' lang='lat' dir='ltr'><strong>ipsam</strong></span> <span class='ocrx_word' id='word_1_230' title='bbox 2121 2379 2485 2433; x_wconf 89' lang='lat' dir='ltr'><strong>sanctorum</strong></span> <span class='ocrx_word' id='word_1_231' title='bbox 2520 2381 2871 2449; x_wconf 76' lang='lat' dir='ltr'><strong>martyrum</strong></span> <span class='ocrx_word' id='word_1_232' title='bbox 2910 2371 3323 2441; x_wconf 89' lang='lat' dir='ltr'><strong>translatione</strong></span> <span class='ocrx_word' id='word_1_233' title='bbox 3348 2388 3592 2434; x_wconf 89' lang='lat' dir='ltr'><strong>memo-</strong></span> 
     </span>
    </p>
   </div>
   <div class='ocr_carea' id='block_1_22' title="bbox 337 2469 3594 2550">
    <p class='ocr_par' dir='ltr' id='par_1_22' title="bbox 337 2469 3594 2550">
     <span class='ocr_line' id='line_1_22' title="bbox 337 2469 3594 2550; baseline 0 -21"><span class='ocrx_word' id='word_1_234' title='bbox 337 2471 500 2529; x_wconf 91' lang='lat' dir='ltr'><strong>riam</strong></span> <span class='ocrx_word' id='word_1_235' title='bbox 546 2469 810 2550; x_wconf 87' lang='lat' dir='ltr'><strong>vigere;</strong></span> <span class='ocrx_word' id='word_1_236' title='bbox 843 2470 957 2532; x_wconf 87' lang='lat' dir='ltr'><strong>sed</strong></span> <span class='ocrx_word' id='word_1_237' title='bbox 994 2470 1182 2533; x_wconf 89' lang='lat' dir='ltr'><strong>etiam</strong></span> <span class='ocrx_word' id='word_1_238' title='bbox 1221 2489 1317 2547; x_wconf 90' lang='lat' dir='ltr'><strong>se,</strong></span> <span class='ocrx_word' id='word_1_239' title='bbox 1352 2491 1496 2535; x_wconf 91' lang='lat' dir='ltr'><strong>cum</strong></span> <span class='ocrx_word' id='word_1_240' title='bbox 1528 2473 1676 2536; x_wconf 89' lang='lat' dir='ltr'><strong>illac</strong></span> <span class='ocrx_word' id='word_1_241' title='bbox 1709 2471 2026 2546; x_wconf 86' lang='lat' dir='ltr'><strong>transiret,</strong></span> <span class='ocrx_word' id='word_1_242' title='bbox 2063 2471 2340 2550; x_wconf 82' lang='lat' dir='ltr'><strong>prapriis</strong></span> <span class='ocrx_word' id='word_1_243' title='bbox 2381 2470 2621 2532; x_wconf 85' lang='lat' dir='ltr'><strong>vidisse</strong></span> <span class='ocrx_word' id='word_1_244' title='bbox 2666 2471 2875 2532; x_wconf 91' lang='lat' dir='ltr'><strong>oculis</strong></span> <span class='ocrx_word' id='word_1_245' title='bbox 2921 2469 3336 2534; x_wconf 86' lang='lat' dir='ltr'><strong>fundamenta</strong></span> <span class='ocrx_word' id='word_1_246' title='bbox 3375 2470 3594 2550; x_wconf 87' lang='lat' dir='ltr'><strong>templi</strong></span> 
     </span>
    </p>
   </div>
   <div class='ocr_carea' id='block_1_23' title="bbox 338 2573 3593 2656">
    <p class='ocr_par' dir='ltr' id='par_1_23' title="bbox 338 2573 3593 2656">
     <span class='ocr_line' id='line_1_23' title="bbox 338 2573 3593 2656; baseline -0 -18"><span class='ocrx_word' id='word_1_247' title='bbox 338 2576 514 2656; x_wconf 91' lang='lat' dir='ltr'><strong>quod</strong></span> <span class='ocrx_word' id='word_1_248' title='bbox 551 2577 617 2637; x_wconf 91' lang='lat' dir='ltr'><strong>in</strong></span> <span class='ocrx_word' id='word_1_249' title='bbox 645 2593 871 2639; x_wconf 90' lang='lat' dir='ltr'><strong>eorum</strong></span> <span class='ocrx_word' id='word_1_250' title='bbox 900 2575 1212 2640; x_wconf 89' lang='lat' dir='ltr'><strong>honorem</strong></span> <span class='ocrx_word' id='word_1_251' title='bbox 1252 2579 1406 2641; x_wconf 93' lang='lat' dir='ltr'><strong>olim</strong></span> <span class='ocrx_word' id='word_1_252' title='bbox 1434 2584 1834 2640; x_wconf 78' lang='lat' dir='ltr'><strong>exstructum</strong></span> <span class='ocrx_word' id='word_1_253' title='bbox 1885 2575 2241 2637; x_wconf 85' lang='lat' dir='ltr'><strong>dicebatur.</strong></span> <span class='ocrx_word' id='word_1_254' title='bbox 2281 2573 2467 2636; x_wconf 88' lang='lat' dir='ltr'><strong>Plura</strong></span> <span class='ocrx_word' id='word_1_255' title='bbox 2503 2575 2582 2636; x_wconf 90' lang='lat' dir='ltr'><strong>de</strong></span> <span class='ocrx_word' id='word_1_256' title='bbox 2621 2573 2796 2636; x_wconf 90' lang='lat' dir='ltr'><strong>hisce</strong></span> <span class='ocrx_word' id='word_1_257' title='bbox 2828 2575 3070 2637; x_wconf 86' lang='lat' dir='ltr'><strong>sanctis</strong></span> <span class='ocrx_word' id='word_1_258' title='bbox 3133 2575 3286 2636; x_wconf 91' lang='lat' dir='ltr'><strong>mihi</strong></span> <span class='ocrx_word' id='word_1_259' title='bbox 3323 2577 3593 2644; x_wconf 80' lang='lat' dir='ltr'><strong>dicenda</strong></span> 
     </span>
    </p>
   </div>
   <div class='ocr_carea' id='block_1_24' title="bbox 339 2677 3594 2759">
    <p class='ocr_par' dir='ltr' id='par_1_24' title="bbox 339 2677 3594 2759">
     <span class='ocr_line' id='line_1_24' title="bbox 339 2677 3594 2759; baseline -0.001 -16"><span class='ocrx_word' id='word_1_260' title='bbox 339 2697 470 2743; x_wconf 92' lang='lat' dir='ltr'><strong>non</strong></span> <span class='ocrx_word' id='word_1_261' title='bbox 532 2686 914 2759; x_wconf 89' lang='lat' dir='ltr'><strong>suppetunt.</strong></span> <span class='ocrx_word' id='word_1_262' title='bbox 973 2681 1284 2744; x_wconf 60' lang='lat' dir='ltr'><strong>Caeterum</strong></span> <span class='ocrx_word' id='word_1_263' title='bbox 1322 2681 1664 2744; x_wconf 86' lang='lat' dir='ltr'><strong>clarissimi</strong></span> <span class='ocrx_word' id='word_1_264' title='bbox 1707 2688 1766 2742; x_wconf 94' lang='lat' dir='ltr'><strong>et</strong></span> <span class='ocrx_word' id='word_1_265' title='bbox 1813 2680 1892 2742; x_wconf 91' lang='lat' dir='ltr'><strong>de</strong></span> <span class='ocrx_word' id='word_1_266' title='bbox 1950 2678 2309 2741; x_wconf 86' lang='lat' dir='ltr'><strong>Christiana</strong></span> <span class='ocrx_word' id='word_1_267' title='bbox 2359 2677 2688 2755; x_wconf 79' lang='lat' dir='ltr'><strong>republica</strong></span> <span class='ocrx_word' id='word_1_268' title='bbox 2744 2677 2985 2756; x_wconf 86' lang='lat' dir='ltr'><strong>Optime</strong></span> <span class='ocrx_word' id='word_1_269' title='bbox 3039 2679 3248 2741; x_wconf 76' lang='lat' dir='ltr'><strong>meriti</strong></span> <span class='ocrx_word' id='word_1_270' title='bbox 3303 2677 3594 2744; x_wconf 88' lang='lat' dir='ltr'><strong>Bollandi</strong></span> 
     </span>
    </p>
   </div>
   <div class='ocr_carea' id='block_1_25' title="bbox 338 2781 3592 2867">
    <p class='ocr_par' dir='ltr' id='par_1_25' title="bbox 338 2781 3592 2867">
     <span class='ocr_line' id='line_1_25' title="bbox 338 2781 3592 2867; baseline -0.002 -21"><span class='ocrx_word' id='word_1_271' title='bbox 338 2783 825 2867; x_wconf 68' lang='lat' dir='ltr'><strong>continuatores</strong></span> <span class='ocrx_word' id='word_1_272' title='bbox 874 2800 995 2846; x_wconf 92' lang='lat' dir='ltr'><strong>suo</strong></span> <span class='ocrx_word' id='word_1_273' title='bbox 1053 2794 1340 2864; x_wconf 91' lang='lat' dir='ltr'><strong>tempore</strong></span> <span class='ocrx_word' id='word_1_274' title='bbox 1385 2793 1577 2847; x_wconf 90' lang='lat' dir='ltr'><strong>totam</strong></span> <span class='ocrx_word' id='word_1_275' title='bbox 1616 2784 1777 2846; x_wconf 92' lang='lat' dir='ltr'><strong>hanc</strong></span> <span class='ocrx_word' id='word_1_276' title='bbox 1805 2783 2139 2845; x_wconf 91' lang='lat' dir='ltr'><strong>historiam</strong></span> <span class='ocrx_word' id='word_1_277' title='bbox 2194 2781 2700 2856; x_wconf 81' lang='lat' dir='ltr'><strong>accuratissime,</strong></span> <span class='ocrx_word' id='word_1_278' title='bbox 2730 2799 3134 2862; x_wconf 87' lang='lat' dir='ltr'><strong>summaque,</strong></span> <span class='ocrx_word' id='word_1_279' title='bbox 3173 2789 3246 2845; x_wconf 90' lang='lat' dir='ltr'><strong>ut</strong></span> <span class='ocrx_word' id='word_1_280' title='bbox 3286 2783 3592 2854; x_wconf 82' lang='lat' dir='ltr'><strong>assolent,</strong></span> 
     </span>
    </p>
   </div>
   <div class='ocr_carea' id='block_1_26' title="bbox 338 2882 3596 2971">
    <p class='ocr_par' dir='ltr' id='par_1_26' title="bbox 338 2882 3596 2971">
     <span class='ocr_line' id='line_1_26' title="bbox 338 2882 3596 2971; baseline -0.001 -24"><span class='ocrx_word' id='word_1_281' title='bbox 338 2885 734 2948; x_wconf 86' lang='lat' dir='ltr'><strong>eruditionis</strong></span> <span class='ocrx_word' id='word_1_282' title='bbox 772 2885 835 2948; x_wconf 92' lang='lat' dir='ltr'><strong>vi</strong></span> <span class='ocrx_word' id='word_1_283' title='bbox 864 2885 1238 2962; x_wconf 83' lang='lat' dir='ltr'><strong>discutient,</strong></span> <span class='ocrx_word' id='word_1_284' title='bbox 1271 2889 1718 2960; x_wconf 88' lang='lat' dir='ltr'><strong>illustrabunt,</strong></span> <span class='ocrx_word' id='word_1_285' title='bbox 1777 2885 2153 2965; x_wconf 83' lang='lat' dir='ltr'><strong>expedient.</strong></span> <span class='ocrx_word' id='word_1_286' title='bbox 2186 2882 2454 2946; x_wconf 87' lang='lat' dir='ltr'><strong>Interim</strong></span> <span class='ocrx_word' id='word_1_287' title='bbox 2501 2884 2670 2948; x_wconf 87' lang='lat' dir='ltr'><strong>haud</strong></span> <span class='ocrx_word' id='word_1_288' title='bbox 2696 2883 2924 2948; x_wconf 83' lang='lat' dir='ltr'><strong>intima</strong></span> <span class='ocrx_word' id='word_1_289' title='bbox 2967 2882 3338 2971; x_wconf 90' lang='lat' dir='ltr'><strong>laushujus</strong></span> <span class='ocrx_word' id='word_1_290' title='bbox 3370 2883 3596 2945; x_wconf 88' lang='lat' dir='ltr'><strong>editio-</strong></span> 
     </span>
    </p>
   </div>
   <div class='ocr_carea' id='block_1_27' title="bbox 337 2981 3594 3070">
    <p class='ocr_par' dir='ltr' id='par_1_27' title="bbox 337 2981 3594 3070">
     <span class='ocr_line' id='line_1_27' title="bbox 337 2981 3594 3070; baseline -0.001 -25"><span class='ocrx_word' id='word_1_291' title='bbox 337 2983 446 3045; x_wconf 87' lang='lat' dir='ltr'><strong>nis</strong></span> <span class='ocrx_word' id='word_1_292' title='bbox 475 2983 620 3054; x_wconf 89' lang='lat' dir='ltr'><strong>erit,</strong></span> <span class='ocrx_word' id='word_1_293' title='bbox 657 2997 874 3044; x_wconf 86' lang='lat' dir='ltr'><strong>ausam</strong></span> <span class='ocrx_word' id='word_1_294' title='bbox 916 2981 1269 3060; x_wconf 66' lang='lat' dir='ltr'><strong>prmbuisse</strong></span> <span class='ocrx_word' id='word_1_295' title='bbox 1308 2985 1816 3063; x_wconf 80' lang='lat' dir='ltr'><strong>praeclarissimis</strong></span> <span class='ocrx_word' id='word_1_296' title='bbox 1874 2982 2038 3044; x_wconf 90' lang='lat' dir='ltr'><strong>viris</strong></span> <span class='ocrx_word' id='word_1_297' title='bbox 2075 2982 2407 3059; x_wconf 88' lang='lat' dir='ltr'><strong>negotium</strong></span> <span class='ocrx_word' id='word_1_298' title='bbox 2433 2982 2552 3044; x_wconf 93' lang='lat' dir='ltr'><strong>hoc</strong></span> <span class='ocrx_word' id='word_1_299' title='bbox 2579 2984 2958 3061; x_wconf 83' lang='lat' dir='ltr'><strong>perﬁciendi</strong></span> <span class='ocrx_word' id='word_1_300' title='bbox 3003 3002 3020 3041; x_wconf 91' lang='lat'><strong>:</strong></span> <span class='ocrx_word' id='word_1_301' title='bbox 3064 2990 3135 3045; x_wconf 90' lang='lat' dir='ltr'><strong>ut</strong></span> <span class='ocrx_word' id='word_1_302' title='bbox 3184 2984 3396 3070; x_wconf 61' lang='lat' dir='ltr'><strong>reipsa</strong></span> <span class='ocrx_word' id='word_1_303' title='bbox 3434 3000 3594 3062; x_wconf 80' lang='lat' dir='ltr'><strong>prae-</strong></span> 
     </span>
    </p>
   </div>
   <div class='ocr_carea' id='block_1_28' title="bbox 338 3083 3594 3165">
    <p class='ocr_par' dir='ltr' id='par_1_28' title="bbox 338 3083 3594 3165">
     <span class='ocr_line' id='line_1_28' title="bbox 338 3083 3594 3165; baseline 0 -17"><span class='ocrx_word' id='word_1_304' title='bbox 338 3085 555 3148; x_wconf 88' lang='lat' dir='ltr'><strong>bitura</strong></span> <span class='ocrx_word' id='word_1_305' title='bbox 586 3083 846 3147; x_wconf 89' lang='lat' dir='ltr'><strong>videtur</strong></span> <span class='ocrx_word' id='word_1_306' title='bbox 889 3101 909 3159; x_wconf 85' lang='lat'><strong>;</strong></span> <span class='ocrx_word' id='word_1_307' title='bbox 961 3083 1488 3164; x_wconf 87' lang='lat' dir='ltr'><strong>quandoquidem</strong></span> <span class='ocrx_word' id='word_1_308' title='bbox 1523 3102 1601 3147; x_wconf 82' lang='lat' dir='ltr'><strong>ex</strong></span> <span class='ocrx_word' id='word_1_309' title='bbox 1655 3083 1792 3145; x_wconf 91' lang='lat' dir='ltr'><strong>illis</strong></span> <span class='ocrx_word' id='word_1_310' title='bbox 1829 3084 2162 3159; x_wconf 89' lang='lat' dir='ltr'><strong>unus,.vir</strong></span> <span class='ocrx_word' id='word_1_311' title='bbox 2193 3086 2539 3165; x_wconf 88' lang='lat' dir='ltr'><strong>omnigena</strong></span> <span class='ocrx_word' id='word_1_312' title='bbox 2592 3087 2965 3149; x_wconf 88' lang='lat' dir='ltr'><strong>eruditione</strong></span> <span class='ocrx_word' id='word_1_313' title='bbox 3028 3087 3262 3160; x_wconf 89' lang='lat' dir='ltr'><strong>clarus,</strong></span> <span class='ocrx_word' id='word_1_314' title='bbox 3309 3089 3594 3150; x_wconf 84' lang='lat' dir='ltr'><strong>Joannes</strong></span> 
     </span>
    </p>
   </div>
   <div class='ocr_carea' id='block_1_29' title="bbox 340 3182 3595 3270">
    <p class='ocr_par' dir='ltr' id='par_1_29' title="bbox 340 3182 3595 3270">
     <span class='ocr_line' id='line_1_29' title="bbox 340 3182 3595 3270; baseline -0.001 -18"><span class='ocrx_word' id='word_1_315' title='bbox 340 3190 734 3270; x_wconf 84' lang='lat' dir='ltr'><strong>Stiltingius,</strong></span> <span class='ocrx_word' id='word_1_316' title='bbox 755 3205 948 3268; x_wconf 87' lang='lat' dir='ltr'><strong>quem</strong></span> <span class='ocrx_word' id='word_1_317' title='bbox 981 3189 1097 3252; x_wconf 91' lang='lat' dir='ltr'><strong>hac</strong></span> <span class='ocrx_word' id='word_1_318' title='bbox 1127 3189 1206 3251; x_wconf 92' lang='lat' dir='ltr'><strong>de</strong></span> <span class='ocrx_word' id='word_1_319' title='bbox 1226 3206 1294 3250; x_wconf 90' lang='lat' dir='ltr'><strong>re</strong></span> <span class='ocrx_word' id='word_1_320' title='bbox 1328 3206 1443 3270; x_wconf 91' lang='lat' dir='ltr'><strong>per</strong></span> <span class='ocrx_word' id='word_1_321' title='bbox 1466 3182 1711 3252; x_wconf 87' lang='lat' dir='ltr'><strong>litteras</strong></span> <span class='ocrx_word' id='word_1_322' title='bbox 1731 3187 1869 3268; x_wconf 90' lang='lat' dir='ltr'><strong>ipse</strong></span> <span class='ocrx_word' id='word_1_323' title='bbox 1899 3186 2230 3263; x_wconf 88' lang='lat' dir='ltr'><strong>consului,</strong></span> <span class='ocrx_word' id='word_1_324' title='bbox 2263 3189 2447 3250; x_wconf 90' lang='lat' dir='ltr'><strong>solita</strong></span> <span class='ocrx_word' id='word_1_325' title='bbox 2475 3190 2867 3251; x_wconf 82' lang='lat' dir='ltr'><strong>humanitate</strong></span> <span class='ocrx_word' id='word_1_326' title='bbox 2899 3189 3251 3267; x_wconf 89' lang='lat' dir='ltr'><strong>respondit,</strong></span> <span class='ocrx_word' id='word_1_327' title='bbox 3285 3207 3348 3249; x_wconf 78' lang='lat' dir='ltr'><strong>se</strong></span> <span class='ocrx_word' id='word_1_328' title='bbox 3372 3186 3595 3250; x_wconf 80' lang='lat' dir='ltr'><strong>horum</strong></span> 
     </span>
    </p>
   </div>
   <div class='ocr_carea' id='block_1_30' title="bbox 339 3291 1306 3371">
    <p class='ocr_par' dir='ltr' id='par_1_30' title="bbox 339 3291 1306 3371">
     <span class='ocr_line' id='line_1_30' title="bbox 339 3291 1306 3371; baseline 0.002 -19"><span class='ocrx_word' id='word_1_329' title='bbox 339 3300 696 3371; x_wconf 72' lang='lat' dir='ltr'><strong>martyrum</strong></span> <span class='ocrx_word' id='word_1_330' title='bbox 724 3303 866 3353; x_wconf 82' lang='lat' dir='ltr'><strong>acta</strong></span> <span class='ocrx_word' id='word_1_331' title='bbox 902 3309 1031 3353; x_wconf 79' lang='lat' dir='ltr'><strong>non</strong></span> <span class='ocrx_word' id='word_1_332' title='bbox 1051 3291 1306 3355; x_wconf 77' lang='lat' dir='ltr'><strong>vidisse.</strong></span> 
     </span>
    </p>
   </div>
   <div class='ocr_carea' id='block_1_31' title="bbox 1726 3440 2192 3503">
    <p class='ocr_par' dir='ltr' id='par_1_31' title="bbox 1726 3440 2192 3503">
     <span class='ocr_line' id='line_1_31' title="bbox 1726 3440 2192 3503; baseline 0 -1"><span class='ocrx_word' id='word_1_333' title='bbox 1726 3440 2006 3502; x_wconf 77' lang='lat' dir='ltr'><strong>SECTIO</strong></span> <span class='ocrx_word' id='word_1_334' title='bbox 2057 3441 2192 3503; x_wconf 84' lang='lat' dir='ltr'><strong>VH.</strong></span> 
     </span>
    </p>
   </div>
   <div class='ocr_carea' id='block_1_32' title="bbox 779 3565 3157 3647">
    <p class='ocr_par' dir='ltr' id='par_1_32' title="bbox 779 3565 3157 3647">
     <span class='ocr_line' id='line_1_32' title="bbox 779 3565 3157 3647; baseline -0.001 -14"><span class='ocrx_word' id='word_1_335' title='bbox 779 3573 866 3633; x_wconf 82' lang='lat' dir='ltr'><strong>De</strong></span> <span class='ocrx_word' id='word_1_336' title='bbox 900 3571 1298 3635; x_wconf 80' lang='lat' dir='ltr'><strong>Allocutiom</strong></span> <span class='ocrx_word' id='word_1_337' title='bbox 1327 3566 1409 3630; x_wconf 88' lang='lat' dir='ltr'><strong>ad</strong></span> <span class='ocrx_word' id='word_1_338' title='bbox 1441 3565 1845 3630; x_wconf 79' lang='lat' dir='ltr'><strong>Familiarem</strong></span> <span class='ocrx_word' id='word_1_339' title='bbox 1882 3567 2054 3629; x_wconf 78' lang='lat' dir='ltr'><strong>circa</strong></span> <span class='ocrx_word' id='word_1_340' title='bbox 2096 3585 2164 3628; x_wconf 81' lang='lat' dir='ltr'><strong>ea</strong></span> <span class='ocrx_word' id='word_1_341' title='bbox 2204 3582 2468 3647; x_wconf 83' lang='lat' dir='ltr'><strong>quorum</strong></span> <span class='ocrx_word' id='word_1_342' title='bbox 2511 3567 2884 3630; x_wconf 80' lang='lat' dir='ltr'><strong>incusantur</strong></span> <span class='ocrx_word' id='word_1_343' title='bbox 2914 3567 3157 3632; x_wconf 78' lang='lat' dir='ltr'><strong>Latini.</strong></span> 
     </span>
    </p>
   </div>
   <div class='ocr_carea' id='block_1_33' title="bbox 422 3691 3596 3777">
    <p class='ocr_par' dir='ltr' id='par_1_33' title="bbox 422 3691 3596 3777">
     <span class='ocr_line' id='line_1_33' title="bbox 422 3691 3596 3777; baseline 0 -16"><span class='ocrx_word' id='word_1_344' title='bbox 422 3699 626 3761; x_wconf 87' lang='lat' dir='ltr'><strong>XXV.</strong></span> <span class='ocrx_word' id='word_1_345' title='bbox 690 3697 1012 3761; x_wconf 81' lang='lat' dir='ltr'><strong>AllOcutio</strong></span> <span class='ocrx_word' id='word_1_346' title='bbox 1041 3698 1196 3772; x_wconf 66' lang='lat' dir='ltr'><strong>haec,</strong></span> <span class='ocrx_word' id='word_1_347' title='bbox 1228 3713 1421 3777; x_wconf 86' lang='lat' dir='ltr'><strong>quam</strong></span> <span class='ocrx_word' id='word_1_348' title='bbox 1454 3696 1564 3760; x_wconf 89' lang='lat' dir='ltr'><strong>alii</strong></span> <span class='ocrx_word' id='word_1_349' title='bbox 1619 3694 1978 3775; x_wconf 78' lang='lat' dir='ltr'><strong>Epistolam</strong></span> <span class='ocrx_word' id='word_1_350' title='bbox 2009 3695 2093 3756; x_wconf 88' lang='lat' dir='ltr'><strong>ad</strong></span> <span class='ocrx_word' id='word_1_351' title='bbox 2120 3691 2453 3759; x_wconf 71' lang='lat' dir='ltr'><strong>Nicolaum</strong></span> <span class='ocrx_word' id='word_1_352' title='bbox 2483 3697 2812 3758; x_wconf 79' lang='lat' dir='ltr'><strong>diaconum</strong></span> <span class='ocrx_word' id='word_1_353' title='bbox 2845 3707 2903 3758; x_wconf 80' lang='lat' dir='ltr'><strong>et</strong></span> <span class='ocrx_word' id='word_1_354' title='bbox 2935 3700 3340 3760; x_wconf 77' lang='lat' dir='ltr'><strong>canstrisium</strong></span> <span class='ocrx_word' id='word_1_355' title='bbox 3371 3705 3596 3761; x_wconf 91' lang='lat' dir='ltr'><strong>vocant</strong></span> 
     </span>
    </p>
   </div>
   <div class='ocr_carea' id='block_1_34' title="bbox 342 3799 3595 3880">
    <p class='ocr_par' dir='ltr' id='par_1_34' title="bbox 342 3799 3595 3880">
     <span class='ocr_line' id='line_1_34' title="bbox 342 3799 3595 3880; baseline 0.002 -20"><span class='ocrx_word' id='word_1_356' title='bbox 342 3799 429 3880; x_wconf 88' lang='lat' dir='ltr'><strong>(a)</strong></span> <span class='ocrx_word' id='word_1_357' title='bbox 473 3808 628 3864; x_wconf 84' lang='lat' dir='ltr'><strong>tunc</strong></span> <span class='ocrx_word' id='word_1_358' title='bbox 657 3801 850 3863; x_wconf 90' lang='lat' dir='ltr'><strong>etiam</strong></span> <span class='ocrx_word' id='word_1_359' title='bbox 883 3799 1158 3863; x_wconf 91' lang='lat' dir='ltr'><strong>celebris</strong></span> <span class='ocrx_word' id='word_1_360' title='bbox 1190 3807 1348 3876; x_wconf 89' lang='lat' dir='ltr'><strong>erat,</strong></span> <span class='ocrx_word' id='word_1_361' title='bbox 1379 3816 1524 3862; x_wconf 91' lang='lat' dir='ltr'><strong>cum</strong></span> <span class='ocrx_word' id='word_1_362' title='bbox 1557 3799 1763 3861; x_wconf 88' lang='lat' dir='ltr'><strong>adhuc</strong></span> <span class='ocrx_word' id='word_1_363' title='bbox 1811 3799 1880 3860; x_wconf 90' lang='lat' dir='ltr'><strong>in</strong></span> <span class='ocrx_word' id='word_1_364' title='bbox 1914 3799 2304 3878; x_wconf 83' lang='lat' dir='ltr'><strong>quibusdam</strong></span> <span class='ocrx_word' id='word_1_365' title='bbox 2343 3799 2817 3878; x_wconf 89' lang='lat' dir='ltr'><strong>insignioribus</strong></span> <span class='ocrx_word' id='word_1_366' title='bbox 2887 3799 3296 3867; x_wconf 80' lang='lat' dir='ltr'><strong>bibliothecis</strong></span> <span class='ocrx_word' id='word_1_367' title='bbox 3349 3802 3595 3866; x_wconf 90' lang='lat' dir='ltr'><strong>inedita</strong></span> 
     </span>
    </p>
   </div>
   <div class='ocr_carea' id='block_1_35' title="bbox 344 3889 3595 3984">
    <p class='ocr_par' dir='ltr' id='par_1_35' title="bbox 344 3889 3595 3984">
     <span class='ocr_line' id='line_1_35' title="bbox 344 3889 3595 3984; baseline -0 -16"><span class='ocrx_word' id='word_1_368' title='bbox 344 3906 646 3969; x_wconf 86' lang='lat' dir='ltr'><strong>latitaret.</strong></span> <span class='ocrx_word' id='word_1_369' title='bbox 681 3910 824 3972; x_wconf 85' lang='lat' dir='ltr'><strong>Non</strong></span> <span class='ocrx_word' id='word_1_370' title='bbox 855 3889 1046 3968; x_wconf 89' lang='lat' dir='ltr'><strong>modo</strong></span> <span class='ocrx_word' id='word_1_371' title='bbox 1077 3905 1250 3968; x_wconf 91' lang='lat' dir='ltr'><strong>enim</strong></span> <span class='ocrx_word' id='word_1_372' title='bbox 1282 3905 1364 3968; x_wconf 91' lang='lat' dir='ltr'><strong>de</strong></span> <span class='ocrx_word' id='word_1_373' title='bbox 1391 3921 1464 3967; x_wconf 90' lang='lat' dir='ltr'><strong>ea</strong></span> <span class='ocrx_word' id='word_1_374' title='bbox 1493 3903 1885 3966; x_wconf 88' lang='lat' dir='ltr'><strong>mentionem</strong></span> <span class='ocrx_word' id='word_1_375' title='bbox 1914 3903 2198 3965; x_wconf 86' lang='lat' dir='ltr'><strong>fecerant</strong></span> <span class='ocrx_word' id='word_1_376' title='bbox 2223 3903 2262 3962; x_wconf 89' lang='lat' dir='ltr'><strong>ii</strong></span> <span class='ocrx_word' id='word_1_377' title='bbox 2295 3919 2522 3965; x_wconf 91' lang='lat' dir='ltr'><strong>omnes</strong></span> <span class='ocrx_word' id='word_1_378' title='bbox 2545 3903 2659 3983; x_wconf 93' lang='lat' dir='ltr'><strong>qui</strong></span> <span class='ocrx_word' id='word_1_379' title='bbox 2691 3904 2770 3965; x_wconf 91' lang='lat' dir='ltr'><strong>de</strong></span> <span class='ocrx_word' id='word_1_380' title='bbox 2792 3903 3248 3983; x_wconf 85' lang='lat' dir='ltr'><strong>TheOphylacti</strong></span> <span class='ocrx_word' id='word_1_381' title='bbox 3289 3908 3595 3984; x_wconf 83' lang='lat' dir='ltr'><strong>Operibus</strong></span> 
     </span>
    </p>
   </div>
   <div class='ocr_carea' id='block_1_36' title="bbox 340 4003 3596 4085">
    <p class='ocr_par' dir='ltr' id='par_1_36' title="bbox 340 4003 3596 4085">
     <span class='ocr_line' id='line_1_36' title="bbox 340 4003 3596 4085; baseline -0 -17"><span class='ocrx_word' id='word_1_382' title='bbox 340 4006 716 4069; x_wconf 85' lang='lat' dir='ltr'><strong>disseruere</strong></span> <span class='ocrx_word' id='word_1_383' title='bbox 747 4027 764 4078; x_wconf 83' lang='lat'><strong>;</strong></span> <span class='ocrx_word' id='word_1_384' title='bbox 803 4007 919 4068; x_wconf 85' lang='lat' dir='ltr'><strong>sed</strong></span> <span class='ocrx_word' id='word_1_385' title='bbox 950 4005 1169 4085; x_wconf 90' lang='lat' dir='ltr'><strong>aliqua</strong></span> <span class='ocrx_word' id='word_1_386' title='bbox 1200 4007 1390 4068; x_wconf 90' lang='lat' dir='ltr'><strong>etiam</strong></span> <span class='ocrx_word' id='word_1_387' title='bbox 1424 4004 1720 4085; x_wconf 85' lang='lat' dir='ltr'><strong>ejusdem</strong></span> <span class='ocrx_word' id='word_1_388' title='bbox 1757 4004 2108 4082; x_wconf 87' lang='lat' dir='ltr'><strong>fragmenta</strong></span> <span class='ocrx_word' id='word_1_389' title='bbox 2137 4010 2270 4065; x_wconf 92' lang='lat' dir='ltr'><strong>tum</strong></span> <span class='ocrx_word' id='word_1_390' title='bbox 2295 4003 2361 4065; x_wconf 93' lang='lat' dir='ltr'><strong>in</strong></span> <span class='ocrx_word' id='word_1_391' title='bbox 2395 4006 2551 4065; x_wconf 77' lang='lat' dir='ltr'><strong>Iure</strong></span> <span class='ocrx_word' id='word_1_392' title='bbox 2583 4004 3140 4079; x_wconf 71' lang='lat' dir='ltr'><strong>Graeco-Romano,</strong></span> <span class='ocrx_word' id='word_1_393' title='bbox 3173 4007 3342 4084; x_wconf 91' lang='lat' dir='ltr'><strong>quod</strong></span> <span class='ocrx_word' id='word_1_394' title='bbox 3382 4009 3596 4067; x_wconf 87' lang='lat' dir='ltr'><strong>[.eun-</strong></span> 
     </span>
    </p>
   </div>
   <div class='ocr_carea' id='block_1_37' title="bbox 342 4107 3598 4189">
    <p class='ocr_par' dir='ltr' id='par_1_37' title="bbox 342 4107 3598 4189">
     <span class='ocr_line' id='line_1_37' title="bbox 342 4107 3598 4189; baseline -0.001 -16"><span class='ocrx_word' id='word_1_395' title='bbox 342 4109 592 4173; x_wconf 85' lang='lat' dir='ltr'><strong>clavius</strong></span> <span class='ocrx_word' id='word_1_396' title='bbox 626 4111 931 4189; x_wconf 79' lang='lat' dir='ltr'><strong>vulgavit,</strong></span> <span class='ocrx_word' id='word_1_397' title='bbox 961 4110 1229 4183; x_wconf 87' lang='lat' dir='ltr'><strong>inserta,</strong></span> <span class='ocrx_word' id='word_1_398' title='bbox 1266 4117 1403 4172; x_wconf 91' lang='lat' dir='ltr'><strong>tum</strong></span> <span class='ocrx_word' id='word_1_399' title='bbox 1436 4111 1504 4170; x_wconf 92' lang='lat' dir='ltr'><strong>in</strong></span> <span class='ocrx_word' id='word_1_400' title='bbox 1534 4109 1779 4172; x_wconf 75' lang='lat' dir='ltr'><strong>ercia</strong></span> <span class='ocrx_word' id='word_1_401' title='bbox 1808 4107 2184 4170; x_wconf 75' lang='lat' dir='ltr'><strong>Orthodoxa</strong></span> <span class='ocrx_word' id='word_1_402' title='bbox 2215 4109 2294 4170; x_wconf 91' lang='lat' dir='ltr'><strong>ab</strong></span> <span class='ocrx_word' id='word_1_403' title='bbox 2324 4108 2558 4171; x_wconf 83' lang='lat' dir='ltr'><strong>Allatio</strong></span> <span class='ocrx_word' id='word_1_404' title='bbox 2581 4109 2774 4184; x_wconf 87' lang='lat' dir='ltr'><strong>edita,</strong></span> <span class='ocrx_word' id='word_1_405' title='bbox 2807 4109 2995 4172; x_wconf 91' lang='lat' dir='ltr'><strong>obvia</strong></span> <span class='ocrx_word' id='word_1_406' title='bbox 3027 4110 3327 4170; x_wconf 91' lang='lat' dir='ltr'><strong>omnibus</strong></span> <span class='ocrx_word' id='word_1_407' title='bbox 3361 4119 3598 4187; x_wconf 88' lang='lat' dir='ltr'><strong>persta-</strong></span> 
     </span>
    </p>
   </div>
   <div class='ocr_carea' id='block_1_38' title="bbox 342 4196 3589 4286">
    <p class='ocr_par' dir='ltr' id='par_1_38' title="bbox 342 4196 3589 4286">
     <span class='ocr_line' id='line_1_38' title="bbox 342 4196 3589 4286; baseline 0 -15"><span class='ocrx_word' id='word_1_408' title='bbox 342 4209 521 4272; x_wconf 88' lang='lat' dir='ltr'><strong>bant.</strong></span> <span class='ocrx_word' id='word_1_409' title='bbox 554 4209 697 4271; x_wconf 72' lang='lat' dir='ltr'><strong>Haec</strong></span> <span class='ocrx_word' id='word_1_410' title='bbox 729 4225 882 4272; x_wconf 86' lang='lat' dir='ltr'><strong>vero</strong></span> <span class='ocrx_word' id='word_1_411' title='bbox 916 4210 1002 4272; x_wconf 89' lang='lat' dir='ltr'><strong>ita</strong></span> <span class='ocrx_word' id='word_1_412' title='bbox 1041 4215 1345 4271; x_wconf 80' lang='lat' dir='ltr'><strong>acuerent</strong></span> <span class='ocrx_word' id='word_1_413' title='bbox 1372 4205 1775 4270; x_wconf 86' lang='lat' dir='ltr'><strong>eruditorum</strong></span> <span class='ocrx_word' id='word_1_414' title='bbox 1811 4205 2086 4281; x_wconf 89' lang='lat' dir='ltr'><strong>animos,</strong></span> <span class='ocrx_word' id='word_1_415' title='bbox 2109 4215 2178 4269; x_wconf 90' lang='lat' dir='ltr'><strong>ut</strong></span> <span class='ocrx_word' id='word_1_416' title='bbox 2223 4223 2638 4285; x_wconf 82' lang='lat' dir='ltr'><strong>summOpere</strong></span> <span class='ocrx_word' id='word_1_417' title='bbox 2660 4196 3068 4286; x_wconf 76' lang='lat' dir='ltr'><strong>exoptarent,</strong></span> <span class='ocrx_word' id='word_1_418' title='bbox 3109 4227 3187 4270; x_wconf 80' lang='lat' dir='ltr'><strong>ex</strong></span> <span class='ocrx_word' id='word_1_419' title='bbox 3220 4208 3360 4285; x_wconf 89' lang='lat' dir='ltr'><strong>ipso</strong></span> <span class='ocrx_word' id='word_1_420' title='bbox 3413 4208 3589 4271; x_wconf 88' lang='lat' dir='ltr'><strong>fonte</strong></span> 
     </span>
    </p>
   </div>
   <div class='ocr_carea' id='block_1_39' title="bbox 343 4309 3588 4392">
    <p class='ocr_par' dir='ltr' id='par_1_39' title="bbox 343 4309 3588 4392">
     <span class='ocr_line' id='line_1_39' title="bbox 343 4309 3588 4392; baseline 0 -18"><span class='ocrx_word' id='word_1_421' title='bbox 343 4316 672 4392; x_wconf 85' lang='lat' dir='ltr'><strong>detegere,</strong></span> <span class='ocrx_word' id='word_1_422' title='bbox 731 4328 1028 4392; x_wconf 80' lang='lat' dir='ltr'><strong>quamam</strong></span> <span class='ocrx_word' id='word_1_423' title='bbox 1078 4311 1326 4375; x_wconf 90' lang='lat' dir='ltr'><strong>auctori</strong></span> <span class='ocrx_word' id='word_1_424' title='bbox 1378 4310 1533 4373; x_wconf 91' lang='lat' dir='ltr'><strong>satis</strong></span> <span class='ocrx_word' id='word_1_425' title='bbox 1588 4316 1867 4382; x_wconf 89' lang='lat' dir='ltr'><strong>vetusto,</strong></span> <span class='ocrx_word' id='word_1_426' title='bbox 1903 4309 2410 4390; x_wconf 89' lang='lat' dir='ltr'><strong>doctissimoque</strong></span> <span class='ocrx_word' id='word_1_427' title='bbox 2447 4318 2508 4371; x_wconf 89' lang='lat' dir='ltr'><strong>et</strong></span> <span class='ocrx_word' id='word_1_428' title='bbox 2558 4311 2793 4374; x_wconf 89' lang='lat' dir='ltr'><strong>celebri</strong></span> <span class='ocrx_word' id='word_1_429' title='bbox 2850 4312 3334 4391; x_wconf 87' lang='lat' dir='ltr'><strong>archiepiscopo</strong></span> <span class='ocrx_word' id='word_1_430' title='bbox 3405 4329 3588 4374; x_wconf 89' lang='lat' dir='ltr'><strong>mens</strong></span> 
     </span>
    </p>
   </div>
   <div class='ocr_carea' id='block_1_40' title="bbox 344 4409 3594 4494">
    <p class='ocr_par' dir='ltr' id='par_1_40' title="bbox 344 4409 3594 4494">
     <span class='ocr_line' id='line_1_40' title="bbox 344 4409 3594 4494; baseline -0.001 -19"><span class='ocrx_word' id='word_1_431' title='bbox 344 4416 697 4479; x_wconf 88' lang='lat' dir='ltr'><strong>insedisset</strong></span> <span class='ocrx_word' id='word_1_432' title='bbox 755 4413 968 4494; x_wconf 90' lang='lat' dir='ltr'><strong>quoad</strong></span> <span class='ocrx_word' id='word_1_433' title='bbox 1015 4430 1090 4476; x_wconf 90' lang='lat' dir='ltr'><strong>ea</strong></span> <span class='ocrx_word' id='word_1_434' title='bbox 1123 4430 1270 4490; x_wconf 69' lang='lat' dir='ltr'><strong>qua)</strong></span> <span class='ocrx_word' id='word_1_435' title='bbox 1321 4414 1600 4481; x_wconf 70' lang='lat' dir='ltr'><strong>Graacam</strong></span> <span class='ocrx_word' id='word_1_436' title='bbox 1658 4428 1694 4473; x_wconf 90' lang='lat' dir='ltr'><strong>a</strong></span> <span class='ocrx_word' id='word_1_437' title='bbox 1733 4409 1952 4473; x_wconf 87' lang='lat' dir='ltr'><strong>Latina</strong></span> <span class='ocrx_word' id='word_1_438' title='bbox 1983 4409 2332 4472; x_wconf 90' lang='lat' dir='ltr'><strong>Ecclesiam</strong></span> <span class='ocrx_word' id='word_1_439' title='bbox 2378 4410 2646 4473; x_wconf 82' lang='lat' dir='ltr'><strong>infando</strong></span> <span class='ocrx_word' id='word_1_440' title='bbox 2677 4411 3016 4474; x_wconf 82' lang='lat' dir='ltr'><strong>schismate</strong></span> <span class='ocrx_word' id='word_1_441' title='bbox 3045 4413 3418 4490; x_wconf 85' lang='lat' dir='ltr'><strong>diremptam</strong></span> <span class='ocrx_word' id='word_1_442' title='bbox 3463 4412 3594 4490; x_wconf 88' lang='lat' dir='ltr'><strong>jam</strong></span> 
     </span>
    </p>
   </div>
   <div class='ocr_carea' id='block_1_41' title="bbox 343 4513 3592 4596">
    <p class='ocr_par' dir='ltr' id='par_1_41' title="bbox 343 4513 3592 4596">
     <span class='ocr_line' id='line_1_41' title="bbox 343 4513 3592 4596; baseline -0.002 -14"><span class='ocrx_word' id='word_1_443' title='bbox 343 4520 592 4582; x_wconf 89' lang='lat' dir='ltr'><strong>dudum</strong></span> <span class='ocrx_word' id='word_1_444' title='bbox 623 4525 862 4582; x_wconf 91' lang='lat' dir='ltr'><strong>tenent.</strong></span> <span class='ocrx_word' id='word_1_445' title='bbox 901 4518 1152 4580; x_wconf 87' lang='lat' dir='ltr'><strong>Primus</strong></span> <span class='ocrx_word' id='word_1_446' title='bbox 1189 4515 1403 4596; x_wconf 91' lang='lat' dir='ltr'><strong>(quem</strong></span> <span class='ocrx_word' id='word_1_447' title='bbox 1436 4515 1742 4595; x_wconf 90' lang='lat' dir='ltr'><strong>equidem</strong></span> <span class='ocrx_word' id='word_1_448' title='bbox 1775 4514 2091 4592; x_wconf 90' lang='lat' dir='ltr'><strong>noverim)</strong></span> <span class='ocrx_word' id='word_1_449' title='bbox 2126 4514 2646 4595; x_wconf 71' lang='lat' dir='ltr'><strong>qui&#39;justissimis</strong></span> <span class='ocrx_word' id='word_1_450' title='bbox 2682 4513 3224 4576; x_wconf 84' lang='lat' dir='ltr'><strong>hislitteratorum</strong></span> <span class='ocrx_word' id='word_1_451' title='bbox 3261 4515 3592 4576; x_wconf 89' lang='lat' dir='ltr'><strong>hominum</strong></span> 
     </span>
    </p>
   </div>
   <div class='ocr_carea' id='block_1_42' title="bbox 344 4615 3595 4700">
    <p class='ocr_par' dir='ltr' id='par_1_42' title="bbox 344 4615 3595 4700">
     <span class='ocr_line' id='line_1_42' title="bbox 344 4615 3595 4700; baseline -0.002 -16"><span class='ocrx_word' id='word_1_452' title='bbox 344 4623 513 4684; x_wconf 88' lang='lat' dir='ltr'><strong>votis</strong></span> <span class='ocrx_word' id='word_1_453' title='bbox 570 4615 910 4700; x_wconf 85' lang='lat' dir='ltr'><strong>explendis</strong></span> <span class='ocrx_word' id='word_1_454' title='bbox 944 4619 1113 4683; x_wconf 88' lang='lat' dir='ltr'><strong>serio</strong></span> <span class='ocrx_word' id='word_1_455' title='bbox 1137 4617 1440 4698; x_wconf 86' lang='lat' dir='ltr'><strong>adjecerit</strong></span> <span class='ocrx_word' id='word_1_456' title='bbox 1471 4617 1784 4693; x_wconf 85' lang='lat' dir='ltr'><strong>animum,</strong></span> <span class='ocrx_word' id='word_1_457' title='bbox 1814 4616 1938 4679; x_wconf 88' lang='lat' dir='ltr'><strong>fuit</strong></span> <span class='ocrx_word' id='word_1_458' title='bbox 1991 4617 2304 4679; x_wconf 89' lang='lat' dir='ltr'><strong>editionis</strong></span> <span class='ocrx_word' id='word_1_459' title='bbox 2350 4618 2542 4697; x_wconf 89' lang='lat' dir='ltr'><strong>hujus</strong></span> <span class='ocrx_word' id='word_1_460' title='bbox 2571 4616 2784 4679; x_wconf 87' lang='lat' dir='ltr'><strong>fautor</strong></span> <span class='ocrx_word' id='word_1_461' title='bbox 2811 4615 3274 4694; x_wconf 88' lang='lat' dir='ltr'><strong>amplissimus,</strong></span> <span class='ocrx_word' id='word_1_462' title='bbox 3327 4616 3404 4677; x_wconf 90' lang='lat' dir='ltr'><strong>de</strong></span> <span class='ocrx_word' id='word_1_463' title='bbox 3462 4633 3595 4695; x_wconf 93' lang='lat' dir='ltr'><strong>quo</strong></span> 
     </span>
    </p>
   </div>
   <div class='ocr_carea' id='block_1_43' title="bbox 347 4715 3596 4802">
    <p class='ocr_par' dir='ltr' id='par_1_43' title="bbox 347 4715 3596 4802">
     <span class='ocr_line' id='line_1_43' title="bbox 347 4715 3596 4802; baseline -0.002 -16"><span class='ocrx_word' id='word_1_464' title='bbox 347 4725 473 4802; x_wconf 80' lang='lat' dir='ltr'><strong>iam</strong></span> <span class='ocrx_word' id='word_1_465' title='bbox 503 4724 792 4786; x_wconf 77' lang='lat' dir='ltr'><strong>diximus</strong></span> <span class='ocrx_word' id='word_1_466' title='bbox 815 4739 1036 4801; x_wconf 88' lang='lat' dir='ltr'><strong>supra,</strong></span> <span class='ocrx_word' id='word_1_467' title='bbox 1060 4721 1308 4801; x_wconf 90' lang='lat' dir='ltr'><strong>quique</strong></span> <span class='ocrx_word' id='word_1_468' title='bbox 1359 4719 1490 4797; x_wconf 89' lang='lat' dir='ltr'><strong>jam</strong></span> <span class='ocrx_word' id='word_1_469' title='bbox 1521 4718 1600 4780; x_wconf 90' lang='lat' dir='ltr'><strong>ab</strong></span> <span class='ocrx_word' id='word_1_470' title='bbox 1632 4734 1802 4780; x_wconf 85' lang='lat' dir='ltr'><strong>anno</strong></span> <span class='ocrx_word' id='word_1_471' title='bbox 1836 4719 1992 4780; x_wconf 82' lang='lat'><strong>1753</strong></span> <span class='ocrx_word' id='word_1_472' title='bbox 2017 4717 2194 4780; x_wconf 88' lang='lat' dir='ltr'><strong>dedit</strong></span> <span class='ocrx_word' id='word_1_473' title='bbox 2215 4732 2502 4796; x_wconf 84' lang='lat' dir='ltr'><strong>Operam,</strong></span> <span class='ocrx_word' id='word_1_474' title='bbox 2544 4723 2614 4778; x_wconf 91' lang='lat' dir='ltr'><strong>ut</strong></span> <span class='ocrx_word' id='word_1_475' title='bbox 2647 4733 2725 4777; x_wconf 82' lang='lat' dir='ltr'><strong>ex</strong></span> <span class='ocrx_word' id='word_1_476' title='bbox 2775 4716 2990 4777; x_wconf 91' lang='lat' dir='ltr'><strong>codice</strong></span> <span class='ocrx_word' id='word_1_477' title='bbox 3022 4715 3596 4778; x_wconf 72' lang='lat' dir='ltr'><strong>Cresareo-Vindo-</strong></span> 
     </span>
    </p>
   </div>
   <div class='ocr_carea' id='block_1_44' title="bbox 349 4815 3595 4899">
    <p class='ocr_par' dir='ltr' id='par_1_44' title="bbox 349 4815 3595 4899">
     <span class='ocr_line' id='line_1_44' title="bbox 349 4815 3595 4899; baseline -0.002 -15"><span class='ocrx_word' id='word_1_478' title='bbox 349 4823 625 4886; x_wconf 89' lang='lat' dir='ltr'><strong>bonensi</strong></span> <span class='ocrx_word' id='word_1_479' title='bbox 657 4822 1154 4896; x_wconf 80' lang='lat' dir='ltr'><strong>exscriberetur,</strong></span> <span class='ocrx_word' id='word_1_480' title='bbox 1184 4829 1260 4899; x_wconf 15' lang='lat' dir='ltr'><strong>“ut</strong></span> <span class='ocrx_word' id='word_1_481' title='bbox 1299 4818 1454 4880; x_wconf 91' lang='lat' dir='ltr'><strong>huic</strong></span> <span class='ocrx_word' id='word_1_482' title='bbox 1481 4817 1674 4879; x_wconf 89' lang='lat' dir='ltr'><strong>tertio</strong></span> <span class='ocrx_word' id='word_1_483' title='bbox 1701 4817 2017 4882; x_wconf 91' lang='lat' dir='ltr'><strong>volumini</strong></span> <span class='ocrx_word' id='word_1_484' title='bbox 2051 4819 2336 4896; x_wconf 91' lang='lat' dir='ltr'><strong>Operum</strong></span> <span class='ocrx_word' id='word_1_485' title='bbox 2387 4815 2876 4895; x_wconf 82' lang='lat' dir='ltr'><strong>Theophylacli,</strong></span> <span class='ocrx_word' id='word_1_486' title='bbox 2910 4816 3084 4877; x_wconf 90' lang='lat' dir='ltr'><strong>velut</strong></span> <span class='ocrx_word' id='word_1_487' title='bbox 3114 4832 3240 4876; x_wconf 95' lang='lat' dir='ltr'><strong>non</strong></span> <span class='ocrx_word' id='word_1_488' title='bbox 3268 4816 3595 4879; x_wconf 87' lang='lat' dir='ltr'><strong>mediocre</strong></span> 
     </span>
    </p>
   </div>
   <div class='ocr_carea' id='block_1_45' title="bbox 349 4920 3592 5006">
    <p class='ocr_par' dir='ltr' id='par_1_45' title="bbox 349 4920 3592 5006">
     <span class='ocr_line' id='line_1_45' title="bbox 349 4920 3592 5006; baseline -0.001 -20"><span class='ocrx_word' id='word_1_489' title='bbox 349 4927 558 5006; x_wconf 90' lang='lat' dir='ltr'><strong>ipsius</strong></span> <span class='ocrx_word' id='word_1_490' title='bbox 589 4932 1062 4998; x_wconf 89' lang='lat' dir='ltr'><strong>ornamentum,</strong></span> <span class='ocrx_word' id='word_1_491' title='bbox 1096 4925 1516 4986; x_wconf 86' lang='lat' dir='ltr'><strong>insereretur.</strong></span> <span class='ocrx_word' id='word_1_492' title='bbox 1548 4921 1925 5000; x_wconf 85' lang='lat' dir='ltr'><strong>Insequenti</strong></span> <span class='ocrx_word' id='word_1_493' title='bbox 1957 4938 2127 4984; x_wconf 92' lang='lat' dir='ltr'><strong>anno</strong></span> <span class='ocrx_word' id='word_1_494' title='bbox 2161 4939 2298 4984; x_wconf 92' lang='lat' dir='ltr'><strong>eam</strong></span> <span class='ocrx_word' id='word_1_495' title='bbox 2334 4923 2471 5001; x_wconf 92' lang='lat' dir='ltr'><strong>ipse</strong></span> <span class='ocrx_word' id='word_1_496' title='bbox 2518 4920 2858 4982; x_wconf 86' lang='lat' dir='ltr'><strong>Latinitate</strong></span> <span class='ocrx_word' id='word_1_497' title='bbox 2902 4920 3133 4982; x_wconf 89' lang='lat' dir='ltr'><strong>donavi</strong></span> <span class='ocrx_word' id='word_1_498' title='bbox 3167 4939 3184 4978; x_wconf 89' lang='lat'><strong>:</strong></span> <span class='ocrx_word' id='word_1_499' title='bbox 3222 4938 3304 4982; x_wconf 83' lang='lat' dir='ltr'><strong>ex</strong></span> <span class='ocrx_word' id='word_1_500' title='bbox 3350 4938 3476 5000; x_wconf 93' lang='lat' dir='ltr'><strong>qua</strong></span> <span class='ocrx_word' id='word_1_501' title='bbox 3513 4921 3592 4983; x_wconf 89' lang='lat' dir='ltr'><strong>cl.</strong></span> 
     </span>
    </p>
   </div>
   <div class='ocr_carea' id='block_1_46' title="bbox 350 5023 3596 5111">
    <p class='ocr_par' dir='ltr' id='par_1_46' title="bbox 350 5023 3596 5111">
     <span class='ocr_line' id='line_1_46' title="bbox 350 5023 3596 5111; baseline -0.002 -21"><span class='ocrx_word' id='word_1_502' title='bbox 350 5031 602 5111; x_wconf 64' lang='lat' dir='ltr'><strong>praevias</strong></span> <span class='ocrx_word' id='word_1_503' title='bbox 661 5029 1143 5095; x_wconf 75' lang='lat' dir='ltr'><strong>Dissertationis</strong></span> <span class='ocrx_word' id='word_1_504' title='bbox 1195 5033 1418 5088; x_wconf 91' lang='lat' dir='ltr'><strong>auctor</strong></span> <span class='ocrx_word' id='word_1_505' title='bbox 1468 5025 1822 5104; x_wconf 85' lang='lat' dir='ltr'><strong>particulas</strong></span> <span class='ocrx_word' id='word_1_506' title='bbox 1849 5025 2100 5105; x_wconf 91' lang='lat' dir='ltr'><strong>aliquas</strong></span> <span class='ocrx_word' id='word_1_507' title='bbox 2148 5025 2217 5087; x_wconf 90' lang='lat' dir='ltr'><strong>in</strong></span> <span class='ocrx_word' id='word_1_508' title='bbox 2262 5042 2395 5088; x_wconf 91' lang='lat' dir='ltr'><strong>rem</strong></span> <span class='ocrx_word' id='word_1_509' title='bbox 2427 5041 2611 5087; x_wconf 89' lang='lat' dir='ltr'><strong>suam</strong></span> <span class='ocrx_word' id='word_1_510' title='bbox 2644 5023 3208 5100; x_wconf 76' lang='lat' dir='ltr'><strong>excerpsit.-Quod</strong></span> <span class='ocrx_word' id='word_1_511' title='bbox 3235 5041 3307 5085; x_wconf 88' lang='lat' dir='ltr'><strong>ea</strong></span> <span class='ocrx_word' id='word_1_512' title='bbox 3345 5024 3411 5086; x_wconf 91' lang='lat' dir='ltr'><strong>in</strong></span> <span class='ocrx_word' id='word_1_513' title='bbox 3477 5024 3596 5084; x_wconf 88' lang='lat' dir='ltr'><strong>hac</strong></span> 
     </span>
    </p>
   </div>
   <div class='ocr_carea' id='block_1_47' title="bbox 345 5117 3593 5210">
    <p class='ocr_par' dir='ltr' id='par_1_47' title="bbox 345 5117 3593 5210">
     <span class='ocr_line' id='line_1_47' title="bbox 345 5117 3593 5210; baseline -0.004 -15"><span class='ocrx_word' id='word_1_514' title='bbox 345 5130 640 5195; x_wconf 89' lang='lat' dir='ltr'><strong>editione</strong></span> <span class='ocrx_word' id='word_1_515' title='bbox 664 5131 902 5208; x_wconf 89' lang='lat' dir='ltr'><strong>publici</strong></span> <span class='ocrx_word' id='word_1_516' title='bbox 931 5129 1099 5210; x_wconf 91' lang='lat' dir='ltr'><strong>juris</strong></span> <span class='ocrx_word' id='word_1_517' title='bbox 1131 5126 1428 5190; x_wconf 85' lang='lat' dir='ltr'><strong>facienda</strong></span> <span class='ocrx_word' id='word_1_518' title='bbox 1454 5135 1647 5200; x_wconf 90' lang='lat' dir='ltr'><strong>esset,</strong></span> <span class='ocrx_word' id='word_1_519' title='bbox 1682 5128 1995 5190; x_wconf 91' lang='lat' dir='ltr'><strong>admoniti</strong></span> <span class='ocrx_word' id='word_1_520' title='bbox 2030 5140 2183 5190; x_wconf 90' lang='lat' dir='ltr'><strong>sunt</strong></span> <span class='ocrx_word' id='word_1_521' title='bbox 2216 5127 2452 5190; x_wconf 91' lang='lat' dir='ltr'><strong>eruditi</strong></span> <span class='ocrx_word' id='word_1_522' title='bbox 2481 5143 2624 5189; x_wconf 92' lang='lat' dir='ltr'><strong>cum</strong></span> <span class='ocrx_word' id='word_1_523' title='bbox 2665 5125 2732 5186; x_wconf 94' lang='lat' dir='ltr'><strong>in</strong></span> <span class='ocrx_word' id='word_1_524' title='bbox 2767 5126 3232 5190; x_wconf 89' lang='lat' dir='ltr'><strong>Dissertatione</strong></span> <span class='ocrx_word' id='word_1_525' title='bbox 3266 5117 3593 5206; x_wconf 60' lang='lat' dir='ltr'><strong>praedicta,</strong></span> 
     </span>
    </p>
   </div>
   <div class='ocr_carea' id='block_1_48' title="bbox 348 5229 3596 5313">
    <p class='ocr_par' dir='ltr' id='par_1_48' title="bbox 348 5229 3596 5313">
     <span class='ocr_line' id='line_1_48' title="bbox 348 5229 3596 5313; baseline -0.004 -13"><span class='ocrx_word' id='word_1_526' title='bbox 348 5244 486 5300; x_wconf 87' lang='lat' dir='ltr'><strong>tum</strong></span> <span class='ocrx_word' id='word_1_527' title='bbox 520 5239 709 5299; x_wconf 90' lang='lat' dir='ltr'><strong>etiam</strong></span> <span class='ocrx_word' id='word_1_528' title='bbox 744 5237 809 5298; x_wconf 90' lang='lat' dir='ltr'><strong>in</strong></span> <span class='ocrx_word' id='word_1_529' title='bbox 862 5234 1300 5296; x_wconf 77' lang='lat' dir='ltr'><strong>Declaratione</strong></span> <span class='ocrx_word' id='word_1_530' title='bbox 1327 5234 1823 5306; x_wconf 69' lang='lat' dir='ltr'><strong>Graeco-Latina,</strong></span> <span class='ocrx_word' id='word_1_531' title='bbox 1855 5251 2000 5313; x_wconf 88' lang='lat' dir='ltr'><strong>quae</strong></span> <span class='ocrx_word' id='word_1_532' title='bbox 2028 5233 2223 5294; x_wconf 85' lang='lat' dir='ltr'><strong>simul</strong></span> <span class='ocrx_word' id='word_1_533' title='bbox 2257 5250 2400 5295; x_wconf 93' lang='lat' dir='ltr'><strong>cum</strong></span> <span class='ocrx_word' id='word_1_534' title='bbox 2432 5244 2604 5294; x_wconf 90' lang='lat' dir='ltr'><strong>tomo</strong></span> <span class='ocrx_word' id='word_1_535' title='bbox 2637 5229 2842 5309; x_wconf 88' lang='lat' dir='ltr'><strong>primo</strong></span> <span class='ocrx_word' id='word_1_536' title='bbox 2881 5231 3112 5293; x_wconf 89' lang='lat' dir='ltr'><strong>emissa</strong></span> <span class='ocrx_word' id='word_1_537' title='bbox 3139 5230 3206 5292; x_wconf 93' lang='lat' dir='ltr'><strong>in</strong></span> <span class='ocrx_word' id='word_1_538' title='bbox 3238 5231 3448 5291; x_wconf 92' lang='lat' dir='ltr'><strong>lucem</strong></span> <span class='ocrx_word' id='word_1_539' title='bbox 3501 5235 3596 5287; x_wconf 90' lang='lat' dir='ltr'><strong>est</strong></span> 
     </span>
    </p>
   </div>
   <div class='ocr_carea' id='block_1_49' title="bbox 350 5332 3595 5413">
    <p class='ocr_par' dir='ltr' id='par_1_49' title="bbox 350 5332 3595 5413">
     <span class='ocr_line' id='line_1_49' title="bbox 350 5332 3595 5413; baseline -0.005 -12"><span class='ocrx_word' id='word_1_540' title='bbox 350 5355 519 5401; x_wconf 90' lang='lat' dir='ltr'><strong>anno</strong></span> <span class='ocrx_word' id='word_1_541' title='bbox 585 5337 758 5399; x_wconf 61' lang='grc'><strong>1754.</strong></span> <span class='ocrx_word' id='word_1_542' title='bbox 817 5336 940 5398; x_wconf 90' lang='lat' dir='ltr'><strong>Sed</strong></span> <span class='ocrx_word' id='word_1_543' title='bbox 999 5351 1146 5397; x_wconf 91' lang='lat' dir='ltr'><strong>cum</strong></span> <span class='ocrx_word' id='word_1_544' title='bbox 1179 5333 1528 5395; x_wconf 91' lang='lat' dir='ltr'><strong>voluminis</strong></span> <span class='ocrx_word' id='word_1_545' title='bbox 1557 5333 1755 5413; x_wconf 86' lang='lat' dir='ltr'><strong>hujus</strong></span> <span class='ocrx_word' id='word_1_546' title='bbox 1789 5335 2131 5412; x_wconf 90' lang='lat' dir='ltr'><strong>impressio</strong></span> <span class='ocrx_word' id='word_1_547' title='bbox 2164 5333 2245 5395; x_wconf 90' lang='lat' dir='ltr'><strong>ob</strong></span> <span class='ocrx_word' id='word_1_548' title='bbox 2300 5349 2463 5401; x_wconf 90' lang='lat' dir='ltr'><strong>eam,</strong></span> <span class='ocrx_word' id='word_1_549' title='bbox 2518 5349 2709 5411; x_wconf 93' lang='lat' dir='ltr'><strong>quam</strong></span> <span class='ocrx_word' id='word_1_550' title='bbox 2761 5332 3279 5402; x_wconf 88' lang='lat' dir='ltr'><strong>memoravimus,</strong></span> <span class='ocrx_word' id='word_1_551' title='bbox 3338 5342 3595 5388; x_wconf 87' lang='lat' dir='ltr'><strong>causam</strong></span> 
     </span>
    </p>
   </div>
   <div class='ocr_carea' id='block_1_50' title="bbox 355 5424 3597 5520">
    <p class='ocr_par' dir='ltr' id='par_1_50' title="bbox 355 5424 3597 5520">
     <span class='ocr_line' id='line_1_50' title="bbox 355 5424 3597 5520; baseline -0.005 -17"><span class='ocrx_word' id='word_1_552' title='bbox 355 5442 612 5520; x_wconf 86' lang='lat' dir='ltr'><strong>longius</strong></span> <span class='ocrx_word' id='word_1_553' title='bbox 645 5438 1128 5518; x_wconf 90' lang='lat' dir='ltr'><strong>produceretur,</strong></span> <span class='ocrx_word' id='word_1_554' title='bbox 1177 5435 1274 5496; x_wconf 92' lang='lat' dir='ltr'><strong>vir</strong></span> <span class='ocrx_word' id='word_1_555' title='bbox 1299 5434 1712 5497; x_wconf 90' lang='lat' dir='ltr'><strong>doctissimus</strong></span> <span class='ocrx_word' id='word_1_556' title='bbox 1739 5436 2022 5495; x_wconf 82' lang='lat' dir='ltr'><strong>Joannes</strong></span> <span class='ocrx_word' id='word_1_557' title='bbox 2053 5433 2362 5512; x_wconf 80' lang='lat' dir='ltr'><strong>Aloysius</strong></span> <span class='ocrx_word' id='word_1_558' title='bbox 2388 5429 2856 5510; x_wconf 86' lang='lat' dir='ltr'><strong>Mingarellius,</strong></span> <span class='ocrx_word' id='word_1_559' title='bbox 2899 5428 3244 5490; x_wconf 91' lang='lat' dir='ltr'><strong>canonicus</strong></span> <span class='ocrx_word' id='word_1_560' title='bbox 3279 5424 3597 5503; x_wconf 87' lang='lat' dir='ltr'><strong>regularis</strong></span> 
     </span>
    </p>
   </div>
   <div class='ocr_carea' id='block_1_51' title="bbox 352 5529 3596 5624">
    <p class='ocr_par' dir='ltr' id='par_1_51' title="bbox 352 5529 3596 5624">
     <span class='ocr_line' id='line_1_51' title="bbox 352 5529 3596 5624; baseline -0.005 -16"><span class='ocrx_word' id='word_1_561' title='bbox 352 5548 410 5610; x_wconf 90' lang='lat' dir='ltr'><strong>S.</strong></span> <span class='ocrx_word' id='word_1_562' title='bbox 445 5541 798 5624; x_wconf 79' lang='lat' dir='ltr'><strong>Augustini</strong></span> <span class='ocrx_word' id='word_1_563' title='bbox 834 5537 1350 5619; x_wconf 87' lang='lat' dir='ltr'><strong>congregationis</strong></span> <span class='ocrx_word' id='word_1_564' title='bbox 1380 5537 1705 5602; x_wconf 65' lang='lat' dir='ltr'><strong>Rhenanus</strong></span> <span class='ocrx_word' id='word_1_565' title='bbox 1731 5540 2050 5614; x_wconf 82' lang='lat' dir='ltr'><strong>,.fortasse</strong></span> <span class='ocrx_word' id='word_1_566' title='bbox 2083 5545 2151 5602; x_wconf 91' lang='lat' dir='ltr'><strong>ut</strong></span> <span class='ocrx_word' id='word_1_567' title='bbox 2181 5537 2513 5618; x_wconf 84' lang='lat' dir='ltr'><strong>aliquanto</strong></span> <span class='ocrx_word' id='word_1_568' title='bbox 2570 5533 2882 5596; x_wconf 88' lang='lat' dir='ltr'><strong>maturius</strong></span> <span class='ocrx_word' id='word_1_569' title='bbox 2913 5532 3314 5592; x_wconf 90' lang='lat' dir='ltr'><strong>eruditorum</strong></span> <span class='ocrx_word' id='word_1_570' title='bbox 3370 5529 3596 5608; x_wconf 81' lang='lat' dir='ltr'><strong>exple-</strong></span> 
     </span>
    </p>
   </div>
   <div class='ocr_carea' id='block_1_52' title="bbox 423 5824 2110 5900">
    <p class='ocr_par' dir='ltr' id='par_1_52' title="bbox 423 5824 2110 5900">
     <span class='ocr_line' id='line_1_52' title="bbox 423 5824 2110 5900; baseline -0.001 -18"><span class='ocrx_word' id='word_1_571' title='bbox 423 5827 500 5900; x_wconf 84' lang='lat' dir='ltr'><strong>(a)</strong></span> <span class='ocrx_word' id='word_1_572' title='bbox 533 5828 673 5886; x_wconf 85' lang='lat' dir='ltr'><strong>Vide</strong></span> <span class='ocrx_word' id='word_1_573' title='bbox 725 5827 1176 5886; x_wconf 82' lang='lat' dir='ltr'><strong>Dissertationem</strong></span> <span class='ocrx_word' id='word_1_574' title='bbox 1216 5833 1366 5883; x_wconf 88' lang='lat' dir='ltr'><strong>tomo</strong></span> <span class='ocrx_word' id='word_1_575' title='bbox 1399 5824 1417 5881; x_wconf 93' lang='lat' dir='ltr'><strong>I</strong></span> <span class='ocrx_word' id='word_1_576' title='bbox 1445 5825 1744 5896; x_wconf 72' lang='lat' dir='ltr'><strong>prmﬁxam,</strong></span> <span class='ocrx_word' id='word_1_577' title='bbox 1777 5841 1929 5883; x_wconf 89' lang='lat' dir='ltr'><strong>num.</strong></span> <span class='ocrx_word' id='word_1_578' title='bbox 1973 5824 2110 5883; x_wconf 74' lang='grc' dir='ltr'><strong>ων.</strong></span> 
     </span>
    </p>
   </div>
  </div>
