2034 3105
260 193 315 225 M3
776 197 865 228 BONI
872 198 972 229 FACIl
997 199 1152 230 FINETTI
1184 200 1382 231 PRIEFATIO
1840 199 1894 231 441

260 256 309 283 ret
334 255 416 290 vota,
445 260 505 284 suo
540 252 771 286 Anecdotorum
790 257 966 293 Fasciculo,
996 266 1092 296 quem
1122 257 1222 289 edidit
1240 266 1292 289 an.
1326 258 1414 294 1⁵156,
1448 257 1652 289 inserendam
1681 257 1891 290 existimavit.

258 302 351 340 Quod
374 302 505 342 quidem
531 305 655 336 tametsi
679 305 835 337 editionis
863 306 959 347 hujus
992 307 1173 339 fautoribus
1199 309 1293 348 paulo
1309 309 1524 348 injucundius
1551 308 1717 344 acciderit,
1734 316 1773 339 eo
1802 308 1891 348 quod

259 352 376 383 exinde
400 357 591 393 prmreptum
613 356 641 386 ei
666 356 791 396 aliquid
817 357 921 388 laudis
948 357 1206 397 suspicarentur,
1239 359 1318 390 mihi
1344 364 1451 389 tamen
1478 358 1742 397 percommodum
1766 357 1891 389 cessit:

257 402 304 432 sic
319 403 405 432 enim
423 403 640 441 collationem,
655 415 751 445 quam
769 415 840 437 cum
856 408 1054 438 Bononiensi
1076 412 1164 439 textu
1182 408 1289 439 facere
1308 408 1497 445 meditabar,
1519 416 1558 439 eo
1570 407 1635 447 jam
1659 407 1759 442 edito,
1789 406 1891 438 multo
1926 448 1934 454 κ

256 451 383 484 facilius
401 455 535 494 exsequi
565 457 668 495 potui.
685 458 839 489 Caeterum
859 458 1085 497 Mingarellius
1105 459 1214 489 Graeco
1239 459 1339 490 textui
1356 460 1502 490 Latinam
1530 458 1714 491 versionem
1743 457 1892 498 adjunxit
1929 451 1939 458 ”’

255 513 333 535 sane
349 510 526 537 accuratam
542 512 574 538 et
587 508 720 540 nitidam
743 521 750 540 :
768 518 864 550 quam
879 514 1059 549 propterea,
1083 515 1118 541 ut
1133 511 1167 542 in
1182 511 1264 542 hanc
1281 512 1458 543 editionem
1474 512 1679 546 asciscerent.
1695 511 1803 543 animo
1832 511 1890 544 diu

255 556 461 597 multumque
492 561 663 599 propendi.
691 562 750 592 Sed
769 563 896 593 tandem
915 562 959 592 nil
977 571 1049 593 esse
1061 568 1161 600 ratus,
1181 572 1238 594 cur
1261 563 1443 594 versionem
1461 571 1563 594 meam
1576 571 1614 593 eo
1627 562 1702 601 jure
1715 562 1888 601 privaremn

255 609 343 648 quod
359 609 482 640 ratione
501 611 656 649 temporis
672 612 881 652 acquisierat,
899 617 929 644 et
945 617 1116 653 postquam
1136 614 1219 645 haud
1234 614 1389 645 mediocri
1413 614 1486 644 nisu
1503 615 1636 644 eluctata
1658 622 1696 643 ex
1713 610 1889 651 exemplari

255 662 340 689 essot
360 659 510 699 pluribus
529 662 568 691 de
587 662 694 692 causis
727 663 899 700 perarduo,
928 672 997 694 eam
1020 664 1191 695 innoxiam
1210 666 1353 695 tenebris
1377 667 1558 694 damnarem
1578 663 1756 701 perpetuis,
1787 663 1888 701 ipsam

254 708 305 739 hic
317 711 540 749 apponendam
559 713 684 743 censui.
704 713 860 744 Cmterum
880 723 952 745 cum
970 715 1187 746 Bononiensis
1207 715 1309 746 codex
1325 715 1435 745 codice
1469 713 1886 749 Caesareo-Yindobonensi,

253 760 309 799 qui
324 761 407 792 haud
421 762 463 793 ita
482 771 625 802 magnam
657 764 782 795 redolet
806 764 1043 804 antiquitatem,
1059 766 1136 796 mihi
1154 766 1328 805 aliquando
1345 766 1478 796 nitidior
1500 766 1587 795 visus
1603 766 1655 802 sit,
1670 765 1886 796 emendatior—

253 819 330 849 qne,
362 812 451 842 illius
469 820 529 851 ope
546 814 703 844 nonnulla
733 815 794 845 mei
822 814 1013 854 exemplaris
1036 817 1198 856 corrigere
1224 819 1335 847 menda
1350 817 1454 856 (prius
1470 818 1604 856 quidem
1621 816 1688 846 sola
1705 815 1885 854 conjectura

254 861 344 906 plura
361 861 583 901 sustuleram),
602 863 742 903 indeque
753 868 784 894 et
798 864 982 895 versionem
998 874 1101 896 meam
1114 866 1352 906 aliquantulum
1371 867 1521 905 perﬁcere
1541 867 1617 897 milii
1634 866 1748 897 licuit:
1767 870 1799 896 ut
1814 874 1887 904 pro-

253 911 328 941 inde
346 920 409 942 non
424 913 557 942 omnino
577 921 637 943 suo
657 914 811 944 exciderit
830 919 901 945 voto
924 916 1208 954 praestantissimus
1238 917 1474 955 Mingarellius,
1498 917 1554 956 qui
1569 926 1604 947 ea
1622 925 1684 954 [πω
1702 916 1826 947 caeteris
1846 917 1883 946 ad

252 962 465 1001 evulgandam
485 963 722 995 Allocutionem
755 965 836 997 hanc
856 966 980 998 ratione
1013 976 1047 998 se
1064 968 1233 1003 inductum
1254 968 1356 999 fuisse
1374 974 1494 1005 mouet,
1510 975 1544 999 ut
1559 969 1782 1008 Thcophylacti
1805 970 1883 1008 ορε-

250 1022 322 1043 rum
341 1013 437 1044 editio
449 1015 547 1053 magis
567 1016 726 1055 magisque
746 1016 861 1055 perﬁci
873 1017 988 1055 possit.
1010 1018 1050 1047 At
1064 1020 1094 1047 et
1108 1018 1252 1048 codicem
1280 1019 1531 1053 Bononiensem,
1553 1019 1676 1049 tametsi
1693 1019 1880 1057 plerumque

250 1065 497 1097 Vindobonensi
526 1067 722 1105 nitirliorem,
744 1068 887 1099 vicissim
909 1077 1016 1108 posse,
1047 1070 1113 1101 imo
1130 1074 1160 1101 et
1176 1071 1294 1102 debere
1310 1072 1339 1102 in
1354 1072 1516 1111 aliquibus
1531 1072 1649 1111 corrigi
1676 1076 1706 1102 et
1732 1072 1800 1110 ipse
1832 1079 1882 1101 co-

246 1115 320 1146 dice
339 1115 594 1154 \‘indobonensi,
612 1118 784 1157 perspiciet
814 1118 907 1149 facile
926 1119 1025 1150 lector
1047 1129 1083 1150 ex
1106 1120 1305 1151 variantibus
1322 1121 1528 1155 lectionibus,
1543 1130 1621 1160 quas
1637 1122 1674 1152 ad
1694 1120 1881 1159 paginarum

247 1166 367 1196 calcem
387 1167 588 1199 adtexui.‘Et
606 1176 683 1199 sane
694 1168 864 1199 lectionem
878 1169 1166 1201 Vindobonensem
1184 1171 1215 1201 in
1230 1171 1425 1210 quibusdam
1443 1171 1682 1201 anteferendum
1697 1180 1768 1202 esse
1782 1172 1885 1202 Bono-

247 1216 370 1254 niensi,
390 1226 496 1255 nemo,
512 1222 545 1249 ut
559 1225 648 1257 puto,
674 1219 885 1257 inﬁciabitur,
915 1221 970 1260 qui
988 1221 1244 1262 pauculas,quas
1259 1223 1450 1261 adjecimus,
1480 1228 1571 1253 notas
1591 1224 1776 1261 expendere
1792 1222 1880 1253 velit.

248 1269 414 1300 Variantes
438 1279 571 1310 quoque
602 1271 768 1309 lectiones,
782 1281 855 1312 quas
869 1273 900 1304 in
918 1274 1105 1305 Chomateni
1130 1275 1289 1314 excerptis
1306 1279 1489 1312 occurrunt,
1502 1275 1696 1310 addidimus,
1718 1283 1781 1305 non
1806 1275 1883 1314 qui-

248 1322 322 1351 dem
353 1328 479 1357 omnes,
496 1322 552 1353 sed
580 1331 633 1353 eas
650 1326 771 1354 tantum
791 1333 861 1364 quas
879 1324 1012 1363 alicujus
1030 1332 1101 1355 esse
1129 1326 1282 1356 momenti
1305 1326 1379 1356 visa:
1391 1330 1473 1355 sunt.
1493 1326 1552 1356 Sed
1578 1326 1642 1365 jam
1666 1326 1706 1355 de
1745 1324 1884 1364 ipsamet

247 1369 455 1402 Allocutione
472 1372 628 1403 nonnulla
650 1373 807 1405 dicamus.

288 1432 405 1464 XXVI.
431 1434 532 1465 Erunt
561 1434 694 1466 fortasse
719 1436 774 1475 qui
801 1435 882 1467 hanc
915 1435 1145 1476 Theopliylacti
1172 1436 1309 1476 opellam
1339 1436 1470 1467 nonnisi
1494 1435 1599 1467 Photii
1620 1435 1831 1467 sectatoribus
1849 1436 1882 1466 in

246 1490 310 1513 suo
330 1483 500 1514 schismate
519 1485 725 1516 obﬁrmandis
744 1486 819 1516 usui
845 1494 916 1516 esse
936 1494 1031 1525 posse
1046 1486 1250 1521 arbitrantes,
1272 1494 1341 1517 eam
1369 1495 1385 1517 a
1402 1486 1496 1517 nobis
1522 1485 1556 1516 in
1587 1485 1745 1525 publicam
1774 1484 1881 1516 eﬂ'erri

246 1532 364 1571 lucem,
383 1543 466 1573 aegre
483 1534 597 1572 ferant,
621 1540 675 1566 aut
691 1537 802 1567 saltem
830 1537 1043 1568 demirentur.
1070 1538 1128 1568 Sed
1154 1545 1213 1568 nos
1239 1538 1278 1568 ab
1302 1545 1414 1568 eorum
1431 1537 1486 1576 qui
1503 1536 1546 1567 ita
1564 1536 1709 1567 sentiunt
1724 1536 1878 1573 opinione

245 1584 326 1614 adeo
343 1585 450 1622 procul
467 1585 634 1624 absumus,
657 1591 689 1617 ut
706 1596 769 1618 nou
789 1587 882 1619 modo
903 1588 1029 1618 nullum
1042 1587 1075 1618 in
1098 1596 1133 1618 ea
1150 1588 1273 1618 edenda
1303 1587 1483 1626 periculum
1502 1587 1636 1619 subesse
1661 1586 1876 1625 suspicemur,

244 1635 302 1665 sed
329 1634 466 1666 fructum
500 1637 594 1667 etiam
629 1637 840 1677 multiplicem
875 1638 993 1668 exinde
1023 1638 1116 1668 nobis
1146 1637 1361 1668 obventurum
1387 1637 1584 1668 conﬁdamus
1607 1645 1615 1668 ἕ
1642 1637 1656 1668 1
1678 1636 1817 1673 scilicet,
1844 1641 1879 1668 ut

246 1686 452 1725 integerrima
472 1687 504 1718 in
530 1688 723 1728 cvulgandis
749 1688 980 1728 Theopbylaeti
1005 1689 1167 1728 Operibus
1192 1689 1268 1719 fides
1294 1692 1401 1719 nostra
1426 1689 1578 1719 omnibus
1603 1688 1764 1727 explorata
1797 1688 1848 1718 liat
1869 1699 1877 1719 :

244 1735 364 1767 deinde
383 1741 419 1767 ut
437 1738 536 1768 Latini
555 1739 696 1770 nominis
712 1738 821 1770 hostes
848 1739 1055 1778 perspiciam,
1074 1740 1117 1770 ita
1133 1748 1191 1770 nos
1210 1738 1352 1778 mquitati
1377 1747 1482 1770 causas
1505 1742 1622 1769 nostrte
1647 1738 1817 1774 confidere,
1844 1742 1882 1768 ut

243 1796 317 1826 quae
341 1793 450 1820 contra
478 1789 659 1821 aﬂ‘eruntur
684 1797 871 1831 argumenta
899 1791 931 1821 in
964 1791 1108 1822 medium
1139 1790 1315 1829 producere
1345 1798 1409 1821 non
1435 1798 1605 1821 vereamur
1633 1797 1641 1819 :
1675 1788 1816 1828 denique
1844 1792 1881 1820 ut

244 1836 392 1870 Photiani
409 1839 462 1880 (ita
479 1848 534 1870 eos
554 1840 717 1880 appellare
734 1840 836 1878 lubet,
860 1840 917 1880 qui
931 1849 972 1871 ex
988 1841 1105 1872 Grmcis
1121 1840 1286 1871 schismati
1305 1840 1482 1876 adhmrent,
1505 1844 1539 1871 ut
1566 1839 1605 1871 ab
1619 1839 1741 1878 inclyta
1767 1847 1877 1870 eorum

243 1889 383 1927 natione,
403 1898 497 1929 quam
511 1898 703 1930 magnopere
721 1890 833 1930 diligo,
846 1893 889 1926 et,
906 1894 941 1920 ut
956 1890 1056 1927 decet,
1074 1889 1155 1925 colo,
1171 1890 1348 1931 secernam)
1365 1889 1539 1929 aliquando
1555 1889 1680 1920 discant
1693 1888 1820 1928 aaquius
1838 1890 1878 1920 de

244 1938 352 1970 Latina
387 1939 529 1971 Ecclesia
556 1941 689 1977 sentire,
708 1940 901 1980 animosque
931 1940 1056 1979 capiant
1083 1940 1322 1971 moderatiores.
1337 1941 1432 1977 Quod
1461 1940 1503 1971 ita
1528 1939 1659 1979 quidem
1685 1943 1878 1970 eventurum

241 1991 380 2028 confido,
401 1992 426 2022 si
445 1991 556 2022 sedato
580 1991 767 2030 passionum
796 1995 889 2029 aestu,
920 1999 956 2022 ac
982 1990 1179 2030 prtejudiciis
1206 1990 1369 2030 paulisper
1394 1991 1558 2030 sepositis,
1581 1990 1621 2021 ad
1647 1989 1880 2029 'l‘beogibylacti

241 2042 356 2080 placita
384 2046 492 2082 (quem
521 2043 600 2073 alias
628 2042 746 2081 magni,
774 2051 832 2073 nec
858 2042 1034 2078 immerito,
1057 2041 1192 2081 faciunt)
1218 2042 1363 2073 animum
1395 2046 1603 2083 mentemque
1631 2050 1722 2072 suam
1748 2043 1878 2081 exigere

241 2093 353 2124 velint.
367 2094 435 2124 Hoc
453 2093 481 2123 si
503 2093 723 2132 praestiterint,
740 2092 927 2124 fatebuntur
942 2101 1031 2129 sane,
1046 2101 1143 2132 neque
1159 2092 1199 2132 (α)
1217 2092 1331 2123 multos
1352 2101 1415 2122 esse
1427 2092 1614 2123 Latinorum
1627 2102 1760 2129 errores,
1776 2101 1873 2131 neque

241 2145 330 2180 tales,
354 2145 408 2183 qui
422 2144 464 2175 ad
485 2143 706 2175 discindendas
722 2143 884 2174 Ecclesia:
903 2144 968 2174 sint
983 2143 1102 2180 idonei,
1119 2152 1285 2182 eorumque
1307 2142 1429 2174 nullum
1441 2143 1482 2173 ad
1497 2143 1572 2181 ﬁdei
1592 2148 1686 2183 caput
1699 2144 1873 2183 pertinere.

240 2196 438 2227 Fatebuntur
453 2195 625 2235 ejusmodi,
637 2199 670 2225 ut
684 2195 746 2233 ipsi
760 2198 884 2233 putant,
897 2202 1023 2225 errores
1036 2193 1119 2224 ultra
1135 2193 1291 2224 rationem
1301 2201 1431 2224 omnem
1441 2197 1470 2224 et
1484 2194 1614 2224 modum
1627 2202 1642 2224 a
1651 2193 1879 2233 [ervidioribus

239 2246 434 2286 quibusdam
450 2244 698 2284 (b)orthodoxiw
713 2244 904 2275 zelatoribus
918 2244 1123 2283 ampliﬁcari;
1148 2243 1343 2283 aliquosque
1363 2244 1495 2282 nullius,
1513 2245 1594 2275 alios
1622 2253 1697 2275 vero
1710 2244 1878 2275 mediocris

239 2296 464 2327 emendationis
495 2295 651 2334 indigere,
673 2295 715 2326 ita
732 2299 768 2327 ut
792 2305 856 2326 non
878 2296 982 2334 magni
1005 2295 1133 2325 intersit
1155 2295 1315 2331 Ecclesia,
1341 2295 1368 2325 si
1394 2305 1428 2326 ea
1447 2296 1653 2335 perﬁciatur.
1676 2295 1879 2327 Fate-buntur

237 2356 368 2379 omnem
385 2347 485 2378 ferme
499 2346 719 2378 dissensionis
735 2348 862 2385 Graecos
879 2347 963 2378 inter
977 2355 1013 2378 ac
1029 2347 1157 2378 Latinos
1174 2355 1301 2378 causam
1319 2348 1528 2379 revocandam
1544 2357 1617 2380 esse
1631 2348 1669 2379 ad
1686 2349 1878 2387 particulam

238 2399 382 2438 Filioque
411 2399 563 2439 Symbolo
584 2400 738 2440 adjectam
763 2400 814 2440 (c),
840 2400 986 2439 adeoque
1011 2408 1067 2429 nec
1088 2404 1221 2439 propter
1247 2408 1367 2438 azyma,
1394 2409 1492 2439 neque
1517 2405 1653 2439 propter
1673 2400 1797 2440 jejunio
1819 2399 1876 2438 (ω,

236 2452 337 2482 multo
354 2461 426 2482 vero
445 2453 547 2483 minus
565 2458 700 2493 propter
716 2453 850 2492 reliqua,
870 2460 978 2491 pacem
995 2461 1064 2484 esse
1075 2453 1279 2484 cum.Latina
1293 2452 1434 2484 Ecclesia
1448 2452 1648 2483 turbandam.
1676 2453 1879 2484 Fatcbuntur

238 2503 351 2542 multa,
369 2513 442 2544 qua;
461 2505 540 2543 ipsis
558 2515 680 2535 errores
697 2510 781 2541 sunt,
802 2513 904 2534 meras
940 2506 1181 2537 consuetudines
1197 2506 1235 2546 (θ)
1260 2514 1345 2543 esse,
1371 2505 1520 2545 quasdam
1543 2504 1667 2544 quidem
1690 2514 1729 2535 ea:
1744 2505 1875 2543 pietate,

236 2557 316 2587 alias
333 2567 373 2588 ex
387 2558 522 2598 provida
533 2557 742 2597 dispositione
762 2557 970 2589 introductae.
993 2559 1192 2590 Fatebuutnr
1217 2559 1372 2596 denique,
1399 2567 1438 2589 ex
1461 2557 1530 2588 solo
1546 2558 1712 2589 charitalis
1736 2557 1875 2596 defectu,

237 2608 407 2640 ambitione
419 2617 454 2640 ac
477 2608 625 2647 superbia
641 2608 691 2648 (Γ),
704 2617 742 2638 ex
760 2608 824 2638 zelo
839 2617 903 2638 non
919 2610 1088 2640 secundum
1103 2610 1277 2646 scientiam,
1294 2619 1333 2640 ex
1348 2617 1425 2639 cwco
1444 2609 1494 2639 sui
1506 2617 1611 2639 amore
1624 2608 1665 2648 (q)
1673 2611 1717 2638 tot
1744 2610 1879 2646 congeri

286 2744 313 2779 a)
330 2744 419 2772 Verba
435 2742 632 2779 Theopliylacti
646 2742 733 2771 Alloc.
754 2751 830 2771 num.
848 2744 867 2778 I,
882 2752 944 2781 pag.
959 2744 1022 2773 515.
1076 2744 1144 2771 enim
1186 2747 1290 2769 raterne
1319 2742 1496 2777 suscipimus,
1517 2745 1597 2782 etr,;'
1623 2744 1679 2767 tum
1702 2747 1763 2774 qua:
1791 2738 1879 2767 habet

271 2745 310 2812 ib)
329 2780 410 2806 Num.
428 2779 459 2805 ll.
1079 2786 1156 2806 num.
1173 2742 1244 2808 ξίνι,
1260 2777 1305 2804 tibi
1323 2778 1452 2812 graphice
1477 2776 1611 2804 describit
1629 2775 1813 2812 quorumdam
1836 2780 1875 2802 ex

285 2775 310 2812 ὁ)
326 2780 410 2816 Num.
428 2779 459 2805 ll.
861 2775 866 2778 ’
882 2775 890 2780 ’
917 2775 932 2781 ’⁷
1079 2786 1156 2816 num.
1173 2775 1244 2816 ΧΠ,
1260 2777 1305 2816 ubi
1323 2775 1452 2816 graphice
1477 2776 1611 2816 describit
1629 2775 1813 2816 quorumdam
1836 2780 1875 2802 ex

272 2814 308 2849 (τ)
326 2814 366 2842 Ib.
382 2819 409 2841 et
421 2821 496 2849 iniit).
510 2812 553 2842 ΙΙΙ.

1078 2814 1136 2841 suis
1149 2812 1321 2848 popularibus
1335 2813 1458 2848 ὑδερικὸν
1478 2812 1559 2847 ὖγκον
1571 2830 1579 2846 ,
1592 2812 1766 2847 Iiydrapitum
1785 2814 1880 2837 tumo—

272 2849 300 2883 (d
329 2849 411 2876 Num.
428 2848 485 2875 XV.
1080 2857 1147 2877 rem.

275 2854 312 2920 (ιζ
326 2884 399 2920 _l_bid.
595 2919 599 2920 ν
1081 2895 1093 2913 ι.
1118 2884 1154 2920 (g‘
1172 2884 1255 2914 Num.
1270 2882 1306 2911 X1
1320 2883 1349 2911 in
1362 2883 1426 2911 ﬁne.

325 2884 528 2947 III'Sngectant
546 2919 628 2947 verba
646 2927 707 2949 qua:
724 2920 806 2948 habet
822 2928 898 2948 num.
914 2920 924 2947 Ι
941 2930 947 2947 :
967 2919 1029 2947 Non
