  <div class='ocr_page' id='page_1' title='image "/cluster/home/n/w/nwhite01/storage/ocr_20150623/125/hvd.32044073502429/243.png"; bbox 0 0 4068 6210; ppageno 0'>
   <div class='ocr_carea' id='block_1_1' title="bbox 464 387 3709 492">
    <p class='ocr_par' dir='ltr' id='par_1_1' title="bbox 464 387 3709 492">
     <span class='ocr_line' id='line_1_1' title="bbox 464 387 3709 492; baseline -0.004 -2"><span class='ocrx_word' id='word_1_1' title='bbox 464 434 567 492; x_wconf 74' lang='lat' dir='ltr'><strong>m</strong></span> <span class='ocrx_word' id='word_1_2' title='bbox 1511 387 1894 487; x_wconf 65' lang='lat' dir='ltr'><strong>acumen</strong></span> <span class='ocrx_word' id='word_1_3' title='bbox 1914 423 2248 487; x_wconf 82' lang='lat' dir='ltr'><strong>&#39;FINETTI</strong></span> <span class='ocrx_word' id='word_1_4' title='bbox 2288 419 2678 484; x_wconf 61' lang='lat' dir='ltr'><strong>PREFATIO</strong></span> <span class='ocrx_word' id='word_1_5' title='bbox 3603 413 3709 476; x_wconf 76' lang='lat' dir='ltr'><strong>tts</strong></span> 
     </span>
    </p>
   </div>
   <div class='ocr_carea' id='block_1_2' title="bbox 471 522 3710 617">
    <p class='ocr_par' dir='ltr' id='par_1_2' title="bbox 471 522 3710 617">
     <span class='ocr_line' id='line_1_2' title="bbox 471 522 3710 617; baseline -0.006 -14"><span class='ocrx_word' id='word_1_6' title='bbox 471 542 811 604; x_wconf 77' lang='lat' dir='ltr'><strong>verebatur</strong></span> <span class='ocrx_word' id='word_1_7' title='bbox 835 539 946 601; x_wconf 93' lang='lat' dir='ltr'><strong>ille</strong></span> <span class='ocrx_word' id='word_1_8' title='bbox 979 543 1360 601; x_wconf 85' lang='lat' dir='ltr'><strong>eventurum</strong></span> <span class='ocrx_word' id='word_1_9' title='bbox 1394 537 1544 607; x_wconf 87' lang='lat' dir='ltr'><strong>sibi,</strong></span> <span class='ocrx_word' id='word_1_10' title='bbox 1585 554 1813 617; x_wconf 84' lang='lat' dir='ltr'><strong>nempe</strong></span> <span class='ocrx_word' id='word_1_11' title='bbox 1850 536 2023 616; x_wconf 90' lang='lat' dir='ltr'><strong>quod</strong></span> <span class='ocrx_word' id='word_1_12' title='bbox 2056 533 2351 598; x_wconf 86' lang='lat' dir='ltr'><strong>nonnulli</strong></span> <span class='ocrx_word' id='word_1_13' title='bbox 2400 550 2479 593; x_wconf 90' lang='lat' dir='ltr'><strong>ex</strong></span> <span class='ocrx_word' id='word_1_14' title='bbox 2525 524 2988 607; x_wconf 80' lang='lat' dir='ltr'><strong>fervidioribus&#39;</strong></span> <span class='ocrx_word' id='word_1_15' title='bbox 3019 525 3371 594; x_wconf 84' lang='lat' dir='ltr'><strong>Photianis,</strong></span> <span class='ocrx_word' id='word_1_16' title='bbox 3423 522 3710 602; x_wconf 73' lang='lat' dir='ltr'><strong>legentes</strong></span> 
     </span>
    </p>
   </div>
   <div class='ocr_carea' id='block_1_3' title="bbox 463 621 3712 720">
    <p class='ocr_par' dir='ltr' id='par_1_3' title="bbox 463 621 3712 720">
     <span class='ocr_line' id='line_1_3' title="bbox 463 621 3712 720; baseline -0.007 -20"><span class='ocrx_word' id='word_1_17' title='bbox 463 658 661 720; x_wconf 85' lang='lat' dir='ltr'><strong>quam</strong></span> <span class='ocrx_word' id='word_1_18' title='bbox 711 640 940 702; x_wconf 81' lang='lat' dir='ltr'><strong>acriter</strong></span> <span class='ocrx_word' id='word_1_19' title='bbox 983 640 1046 700; x_wconf 90' lang='lat' dir='ltr'><strong>in</strong></span> <span class='ocrx_word' id='word_1_20' title='bbox 1102 655 1217 700; x_wconf 89' lang='lat' dir='ltr'><strong>sua</strong></span> <span class='ocrx_word' id='word_1_21' title='bbox 1278 637 1392 698; x_wconf 86' lang='lat' dir='ltr'><strong>hac</strong></span> <span class='ocrx_word' id='word_1_22' title='bbox 1447 635 1656 712; x_wconf 83' lang='lat' dir='ltr'><strong>Opella</strong></span> <span class='ocrx_word' id='word_1_23' title='bbox 1712 635 2096 714; x_wconf 73' lang='lat' dir='ltr'><strong>perstringat</strong></span> <span class='ocrx_word' id='word_1_24' title='bbox 2154 631 2527 695; x_wconf 88' lang='lat' dir='ltr'><strong>eorumdem</strong></span> <span class='ocrx_word' id='word_1_25' title='bbox 2591 625 3130 690; x_wconf 85' lang='lat' dir='ltr'><strong>immoderantiam</strong></span> <span class='ocrx_word' id='word_1_26' title='bbox 3189 621 3328 694; x_wconf 80' lang='lat' dir='ltr'><strong>zeli,</strong></span> <span class='ocrx_word' id='word_1_27' title='bbox 3379 621 3712 683; x_wconf 81' lang='lat' dir='ltr'><strong>rharitatis</strong></span> 
     </span>
    </p>
   </div>
   <div class='ocr_carea' id='block_1_4' title="bbox 466 729 3711 822">
    <p class='ocr_par' dir='ltr' id='par_1_4' title="bbox 466 729 3711 822">
     <span class='ocr_line' id='line_1_4' title="bbox 466 729 3711 822; baseline -0.006 -21"><span class='ocrx_word' id='word_1_28' title='bbox 466 742 793 822; x_wconf 81' lang='lat' dir='ltr'><strong>defectum,</strong></span> <span class='ocrx_word' id='word_1_29' title='bbox 838 737 1231 800; x_wconf 77' lang='lat' dir='ltr'><strong>ambitionem</strong></span> <span class='ocrx_word' id='word_1_30' title='bbox 1254 745 1436 815; x_wconf 87' lang='lat' dir='ltr'><strong>atque</strong></span> <span class='ocrx_word' id='word_1_31' title='bbox 1480 737 2257 815; x_wconf 79' lang='lat' dir='ltr'><strong>hydropicum&#39;tumorem,</strong></span> <span class='ocrx_word' id='word_1_32' title='bbox 2287 729 2714 793; x_wconf 67' lang='lat' dir='ltr'><strong>aestimatione</strong></span> <span class='ocrx_word' id='word_1_33' title='bbox 2753 729 2816 788; x_wconf 90' lang='lat' dir='ltr'><strong>in</strong></span> <span class='ocrx_word' id='word_1_34' title='bbox 2851 731 3286 801; x_wconf 88' lang='lat' dir='ltr'><strong>contemptum</strong></span> <span class='ocrx_word' id='word_1_35' title='bbox 3319 739 3526 796; x_wconf 88' lang='lat' dir='ltr'><strong>versa,</strong></span> <span class='ocrx_word' id='word_1_36' title='bbox 3561 739 3711 782; x_wconf 83' lang='lat' dir='ltr'><strong>eun</strong></span> 
     </span>
    </p>
   </div>
   <div class='ocr_carea' id='block_1_5' title="bbox 467 825 3715 914">
    <p class='ocr_par' dir='ltr' id='par_1_5' title="bbox 467 825 3715 914">
     <span class='ocr_line' id='line_1_5' title="bbox 467 825 3715 914; baseline -0.006 -9"><span class='ocrx_word' id='word_1_37' title='bbox 467 843 892 905; x_wconf 89' lang='lat' dir='ltr'><strong>condemnent</strong></span> <span class='ocrx_word' id='word_1_38' title='bbox 923 840 1192 900; x_wconf 74' lang='lat' dir='ltr'><strong>inscitia:</strong></span> <span class='ocrx_word' id='word_1_39' title='bbox 1223 839 1681 914; x_wconf 85' lang='lat' dir='ltr'><strong>crassiorisque</strong></span> <span class='ocrx_word' id='word_1_40' title='bbox 1709 838 1776 898; x_wconf 87' lang='lat' dir='ltr'><strong>in</strong></span> <span class='ocrx_word' id='word_1_41' title='bbox 1807 837 1994 896; x_wconf 83' lang='lat' dir='ltr'><strong>rebus</strong></span> <span class='ocrx_word' id='word_1_42' title='bbox 2045 835 2244 894; x_wconf 82' lang='lat' dir='ltr'><strong>sacris</strong></span> <span class='ocrx_word' id='word_1_43' title='bbox 2282 831 2540 914; x_wconf 85' lang='lat' dir='ltr'><strong>judicii,</strong></span> <span class='ocrx_word' id='word_1_44' title='bbox 2569 830 2667 891; x_wconf 76' lang='lat' dir='ltr'><strong>vel</strong></span> <span class='ocrx_word' id='word_1_45' title='bbox 2705 828 2989 901; x_wconf 68' lang='lat' dir='ltr'><strong>incuriae,</strong></span> <span class='ocrx_word' id='word_1_46' title='bbox 3031 829 3152 888; x_wconf 86' lang='lat' dir='ltr'><strong>imo</strong></span> <span class='ocrx_word' id='word_1_47' title='bbox 3199 834 3256 885; x_wconf 86' lang='lat' dir='ltr'><strong>et</strong></span> <span class='ocrx_word' id='word_1_48' title='bbox 3315 825 3715 886; x_wconf 77' lang='lat' dir='ltr'><strong>orientalium</strong></span> 
     </span>
    </p>
   </div>
   <div class='ocr_carea' id='block_1_6' title="bbox 469 926 3712 1021">
    <p class='ocr_par' dir='ltr' id='par_1_6' title="bbox 469 926 3712 1021">
     <span class='ocr_line' id='line_1_6' title="bbox 469 926 3712 1021; baseline -0.006 -15"><span class='ocrx_word' id='word_1_49' title='bbox 469 944 822 1021; x_wconf 85' lang='lat' dir='ltr'><strong>dogmatum</strong></span> <span class='ocrx_word' id='word_1_50' title='bbox 849 941 1253 1020; x_wconf 77' lang='lat' dir='ltr'><strong>proditionis.</strong></span> <span class='ocrx_word' id='word_1_51' title='bbox 1287 941 1415 1003; x_wconf 86' lang='lat' dir='ltr'><strong>Alii</strong></span> <span class='ocrx_word' id='word_1_52' title='bbox 1453 948 1688 1012; x_wconf 86' lang='lat' dir='ltr'><strong>tamen,</strong></span> <span class='ocrx_word' id='word_1_53' title='bbox 1718 955 1973 1016; x_wconf 87' lang='lat' dir='ltr'><strong>sperare</strong></span> <span class='ocrx_word' id='word_1_54' title='bbox 1997 937 2200 1015; x_wconf 84' lang='lat' dir='ltr'><strong>juvat,</strong></span> <span class='ocrx_word' id='word_1_55' title='bbox 2235 933 2598 1015; x_wconf 79' lang='lat' dir='ltr'><strong>gravissimi</strong></span> <span class='ocrx_word' id='word_1_56' title='bbox 2631 933 2823 1011; x_wconf 86' lang='lat' dir='ltr'><strong>hujus</strong></span> <span class='ocrx_word' id='word_1_57' title='bbox 2876 930 2994 990; x_wconf 90' lang='lat' dir='ltr'><strong>viri</strong></span> <span class='ocrx_word' id='word_1_58' title='bbox 3041 926 3414 991; x_wconf 77' lang='lat' dir='ltr'><strong>auctoritate</strong></span> <span class='ocrx_word' id='word_1_59' title='bbox 3441 929 3712 1002; x_wconf 85' lang='lat' dir='ltr'><strong>permoti</strong></span> 
     </span>
    </p>
   </div>
   <div class='ocr_carea' id='block_1_7' title="bbox 468 1024 3712 1118">
    <p class='ocr_par' dir='ltr' id='par_1_7' title="bbox 468 1024 3712 1118">
     <span class='ocr_line' id='line_1_7' title="bbox 468 1024 3712 1118; baseline -0.006 -13"><span class='ocrx_word' id='word_1_60' title='bbox 468 1044 594 1105; x_wconf 82' lang='lat' dir='ltr'><strong>sibi</strong></span> <span class='ocrx_word' id='word_1_61' title='bbox 633 1042 819 1104; x_wconf 82' lang='lat' dir='ltr'><strong>facile</strong></span> <span class='ocrx_word' id='word_1_62' title='bbox 848 1041 1342 1118; x_wconf 84' lang='lat' dir='ltr'><strong>persuadebunt,</strong></span> <span class='ocrx_word' id='word_1_63' title='bbox 1373 1057 1484 1099; x_wconf 84' lang='lat' dir='ltr'><strong>nec</strong></span> <span class='ocrx_word' id='word_1_64' title='bbox 1525 1040 1751 1098; x_wconf 85' lang='lat' dir='ltr'><strong>multos</strong></span> <span class='ocrx_word' id='word_1_65' title='bbox 1777 1055 1904 1096; x_wconf 89' lang='lat' dir='ltr'><strong>esse</strong></span> <span class='ocrx_word' id='word_1_66' title='bbox 1929 1036 2298 1097; x_wconf 85' lang='lat' dir='ltr'><strong>Latinorum</strong></span> <span class='ocrx_word' id='word_1_67' title='bbox 2330 1051 2598 1105; x_wconf 86' lang='lat' dir='ltr'><strong>errores,</strong></span> <span class='ocrx_word' id='word_1_68' title='bbox 2630 1024 2826 1110; x_wconf 76' lang='lat' dir='ltr'><strong>neque</strong></span> <span class='ocrx_word' id='word_1_69' title='bbox 2846 1030 3001 1090; x_wconf 87' lang='lat' dir='ltr'><strong>tales</strong></span> <span class='ocrx_word' id='word_1_70' title='bbox 3031 1029 3140 1108; x_wconf 89' lang='lat' dir='ltr'><strong>qui</strong></span> <span class='ocrx_word' id='word_1_71' title='bbox 3162 1025 3244 1086; x_wconf 83' lang='lat' dir='ltr'><strong>ad</strong></span> <span class='ocrx_word' id='word_1_72' title='bbox 3273 1025 3712 1094; x_wconf 63' lang='lat' dir='ltr'><strong>discindenda‘</strong></span> 
     </span>
    </p>
   </div>
   <div class='ocr_carea' id='block_1_8' title="bbox 467 1126 3712 1213">
    <p class='ocr_par' dir='ltr' id='par_1_8' title="bbox 467 1126 3712 1213">
     <span class='ocr_line' id='line_1_8' title="bbox 467 1126 3712 1213; baseline -0.005 -10"><span class='ocrx_word' id='word_1_73' title='bbox 467 1142 786 1204; x_wconf 83' lang='lat' dir='ltr'><strong>Ecclesias</strong></span> <span class='ocrx_word' id='word_1_74' title='bbox 813 1140 942 1198; x_wconf 84' lang='lat' dir='ltr'><strong>sint</strong></span> <span class='ocrx_word' id='word_1_75' title='bbox 973 1137 1219 1206; x_wconf 84' lang='lat' dir='ltr'><strong>idonei;</strong></span> <span class='ocrx_word' id='word_1_76' title='bbox 1250 1156 1362 1200; x_wconf 85' lang='lat' dir='ltr'><strong>nec</strong></span> <span class='ocrx_word' id='word_1_77' title='bbox 1409 1136 1608 1197; x_wconf 85' lang='lat' dir='ltr'><strong>ullum</strong></span> <span class='ocrx_word' id='word_1_78' title='bbox 1653 1137 1762 1213; x_wconf 85' lang='lat' dir='ltr'><strong>qui</strong></span> <span class='ocrx_word' id='word_1_79' title='bbox 1810 1134 1891 1195; x_wconf 87' lang='lat' dir='ltr'><strong>ad</strong></span> <span class='ocrx_word' id='word_1_80' title='bbox 1919 1133 2065 1213; x_wconf 82' lang='lat' dir='ltr'><strong>ﬁdei</strong></span> <span class='ocrx_word' id='word_1_81' title='bbox 2115 1143 2306 1213; x_wconf 86' lang='lat' dir='ltr'><strong>caput</strong></span> <span class='ocrx_word' id='word_1_82' title='bbox 2354 1133 2698 1212; x_wconf 79' lang='lat' dir='ltr'><strong>pertineat.</strong></span> <span class='ocrx_word' id='word_1_83' title='bbox 2747 1132 2826 1192; x_wconf 83' lang='lat' dir='ltr'><strong>At</strong></span> <span class='ocrx_word' id='word_1_84' title='bbox 2855 1129 2900 1190; x_wconf 90' lang='lat' dir='ltr'><strong>ii</strong></span> <span class='ocrx_word' id='word_1_85' title='bbox 2955 1128 3076 1206; x_wconf 85' lang='lat' dir='ltr'><strong>ipsi</strong></span> <span class='ocrx_word' id='word_1_86' title='bbox 3115 1127 3382 1188; x_wconf 78' lang='lat' dir='ltr'><strong>fortasse</strong></span> <span class='ocrx_word' id='word_1_87' title='bbox 3420 1126 3712 1205; x_wconf 87' lang='lat' dir='ltr'><strong>ejusdem</strong></span> 
     </span>
    </p>
   </div>
   <div class='ocr_carea' id='block_1_9' title="bbox 471 1223 3715 1314">
    <p class='ocr_par' dir='ltr' id='par_1_9' title="bbox 471 1223 3715 1314">
     <span class='ocr_line' id='line_1_9' title="bbox 471 1223 3715 1314; baseline -0.006 -10"><span class='ocrx_word' id='word_1_88' title='bbox 471 1240 848 1304; x_wconf 85' lang='lat' dir='ltr'><strong>auctoritate</strong></span> <span class='ocrx_word' id='word_1_89' title='bbox 884 1238 1029 1299; x_wconf 85' lang='lat' dir='ltr'><strong>freti</strong></span> <span class='ocrx_word' id='word_1_90' title='bbox 1068 1239 1478 1310; x_wconf 86' lang='lat' dir='ltr'><strong>contendent,</strong></span> <span class='ocrx_word' id='word_1_91' title='bbox 1513 1236 1760 1314; x_wconf 83' lang='lat' dir='ltr'><strong>sejure</strong></span> <span class='ocrx_word' id='word_1_92' title='bbox 1791 1251 1824 1296; x_wconf 90' lang='lat' dir='ltr'><strong>a</strong></span> <span class='ocrx_word' id='word_1_93' title='bbox 1854 1235 2225 1297; x_wconf 88' lang='lat' dir='ltr'><strong>Latinorum</strong></span> <span class='ocrx_word' id='word_1_94' title='bbox 2257 1231 2712 1295; x_wconf 87' lang='lat' dir='ltr'><strong>communione</strong></span> <span class='ocrx_word' id='word_1_95' title='bbox 2737 1228 3104 1299; x_wconf 83' lang='lat' dir='ltr'><strong>abhorrere,</strong></span> <span class='ocrx_word' id='word_1_96' title='bbox 3137 1224 3380 1303; x_wconf 83' lang='lat' dir='ltr'><strong>quippe</strong></span> <span class='ocrx_word' id='word_1_97' title='bbox 3410 1223 3523 1300; x_wconf 90' lang='lat' dir='ltr'><strong>qui</strong></span> <span class='ocrx_word' id='word_1_98' title='bbox 3556 1223 3715 1284; x_wconf 89' lang='lat' dir='ltr'><strong>illud</strong></span> 
     </span>
    </p>
   </div>
   <div class='ocr_carea' id='block_1_10' title="bbox 470 1325 3718 1420">
    <p class='ocr_par' dir='ltr' id='par_1_10' title="bbox 470 1325 3718 1420">
     <span class='ocr_line' id='line_1_10' title="bbox 470 1325 3718 1420; baseline -0.005 -15"><span class='ocrx_word' id='word_1_99' title='bbox 470 1341 773 1420; x_wconf 83' lang='lat' dir='ltr'><strong>Symbolo</strong></span> <span class='ocrx_word' id='word_1_100' title='bbox 835 1341 1230 1412; x_wconf 82' lang='lat' dir='ltr'><strong>addiderint,</strong></span> <span class='ocrx_word' id='word_1_101' title='bbox 1269 1355 1400 1418; x_wconf 91' lang='lat' dir='ltr'><strong>quo</strong></span> <span class='ocrx_word' id='word_1_102' title='bbox 1441 1337 1751 1415; x_wconf 82' lang='lat' dir='ltr'><strong>Spiritum</strong></span> <span class='ocrx_word' id='word_1_103' title='bbox 1797 1345 2091 1400; x_wconf 87' lang='lat' dir='ltr'><strong>sanctum</strong></span> <span class='ocrx_word' id='word_1_104' title='bbox 2122 1343 2184 1399; x_wconf 90' lang='lat' dir='ltr'><strong>et</strong></span> <span class='ocrx_word' id='word_1_105' title='bbox 2212 1354 2246 1399; x_wconf 89' lang='lat' dir='ltr'><strong>a</strong></span> <span class='ocrx_word' id='word_1_106' title='bbox 2292 1335 2462 1396; x_wconf 91' lang='lat' dir='ltr'><strong>Filio</strong></span> <span class='ocrx_word' id='word_1_107' title='bbox 2523 1332 2869 1411; x_wconf 87' lang='lat' dir='ltr'><strong>procedere</strong></span> <span class='ocrx_word' id='word_1_108' title='bbox 2919 1329 3314 1410; x_wconf 87' lang='lat' dir='ltr'><strong>enuntiatur.</strong></span> <span class='ocrx_word' id='word_1_109' title='bbox 3347 1327 3479 1388; x_wconf 86' lang='lat' dir='ltr'><strong>Hos</strong></span> <span class='ocrx_word' id='word_1_110' title='bbox 3518 1325 3718 1404; x_wconf 83' lang='lat' dir='ltr'><strong>igitur</strong></span> 
     </span>
    </p>
   </div>
   <div class='ocr_carea' id='block_1_11' title="bbox 469 1425 3716 1518">
    <p class='ocr_par' dir='ltr' id='par_1_11' title="bbox 469 1425 3716 1518">
     <span class='ocr_line' id='line_1_11' title="bbox 469 1425 3716 1518; baseline -0.006 -15"><span class='ocrx_word' id='word_1_111' title='bbox 469 1443 672 1504; x_wconf 85' lang='lat' dir='ltr'><strong>amice</strong></span> <span class='ocrx_word' id='word_1_112' title='bbox 708 1451 768 1503; x_wconf 92' lang='lat' dir='ltr'><strong>et</strong></span> <span class='ocrx_word' id='word_1_113' title='bbox 798 1441 1100 1510; x_wconf 86' lang='lat' dir='ltr'><strong>fraterne,</strong></span> <span class='ocrx_word' id='word_1_114' title='bbox 1141 1448 1339 1518; x_wconf 91' lang='lat' dir='ltr'><strong>utque</strong></span> <span class='ocrx_word' id='word_1_115' title='bbox 1379 1438 1589 1502; x_wconf 84' lang='lat' dir='ltr'><strong>verbis</strong></span> <span class='ocrx_word' id='word_1_116' title='bbox 1618 1449 1755 1500; x_wconf 90' lang='lat' dir='ltr'><strong>utar</strong></span> <span class='ocrx_word' id='word_1_117' title='bbox 1795 1436 2284 1515; x_wconf 81' lang='lat' dir='ltr'><strong>Tlteophylacti,</strong></span> <span class='ocrx_word' id='word_1_118' title='bbox 2321 1432 2698 1514; x_wconf 76' lang='lat' dir='ltr'><strong>simpliciter</strong></span> <span class='ocrx_word' id='word_1_119' title='bbox 2737 1439 2793 1492; x_wconf 86' lang='lat' dir='ltr'><strong>et</strong></span> <span class='ocrx_word' id='word_1_120' title='bbox 2843 1426 3126 1501; x_wconf 78' lang='lat' dir='ltr'><strong>candide,</strong></span> <span class='ocrx_word' id='word_1_121' title='bbox 3160 1435 3342 1505; x_wconf 87' lang='lat' dir='ltr'><strong>atque</strong></span> <span class='ocrx_word' id='word_1_122' title='bbox 3387 1434 3456 1486; x_wconf 88' lang='lat' dir='ltr'><strong>ut</strong></span> <span class='ocrx_word' id='word_1_123' title='bbox 3495 1425 3716 1502; x_wconf 85' lang='lat' dir='ltr'><strong>pisca-</strong></span> 
     </span>
    </p>
   </div>
   <div class='ocr_carea' id='block_1_12' title="bbox 472 1535 2887 1620">
    <p class='ocr_par' dir='ltr' id='par_1_12' title="bbox 472 1535 2887 1620">
     <span class='ocr_line' id='line_1_12' title="bbox 472 1535 2887 1620; baseline -0.005 -17"><span class='ocrx_word' id='word_1_124' title='bbox 472 1553 677 1604; x_wconf 85' lang='lat' dir='ltr'><strong>torum</strong></span> <span class='ocrx_word' id='word_1_125' title='bbox 703 1541 1088 1620; x_wconf 84' lang='lat' dir='ltr'><strong>discipulum</strong></span> <span class='ocrx_word' id='word_1_126' title='bbox 1116 1540 1367 1600; x_wconf 81' lang='lat' dir='ltr'><strong>omnino</strong></span> <span class='ocrx_word' id='word_1_127' title='bbox 1401 1540 1596 1614; x_wconf 83' lang='lat' dir='ltr'><strong>decet,</strong></span> <span class='ocrx_word' id='word_1_128' title='bbox 1631 1555 1805 1600; x_wconf 89' lang='lat' dir='ltr'><strong>nunc</strong></span> <span class='ocrx_word' id='word_1_129' title='bbox 1839 1536 2058 1615; x_wconf 86' lang='lat' dir='ltr'><strong>paucis</strong></span> <span class='ocrx_word' id='word_1_130' title='bbox 2090 1535 2338 1615; x_wconf 87' lang='lat' dir='ltr'><strong>alloqui</strong></span> <span class='ocrx_word' id='word_1_131' title='bbox 2373 1535 2570 1596; x_wconf 86' lang='lat' dir='ltr'><strong>lubet.</strong></span> <span class='ocrx_word' id='word_1_132' title='bbox 2806 1587 2808 1590; x_wconf 83' lang='grc'>.</span> <span class='ocrx_word' id='word_1_133' title='bbox 2884 1597 2887 1599; x_wconf 97' lang='lat'><em>_</em></span> 
     </span>
    </p>
   </div>
   <div class='ocr_carea' id='block_1_13' title="bbox 550 1626 3718 1724">
    <p class='ocr_par' dir='ltr' id='par_1_13' title="bbox 550 1626 3718 1724">
     <span class='ocr_line' id='line_1_13' title="bbox 550 1626 3718 1724; baseline -0.007 -17"><span class='ocrx_word' id='word_1_134' title='bbox 550 1646 818 1707; x_wconf 81' lang='lat' dir='ltr'><strong>XXVII.</strong></span> <span class='ocrx_word' id='word_1_135' title='bbox 866 1649 954 1706; x_wconf 83' lang='lat' dir='ltr'><strong>Ac</strong></span> <span class='ocrx_word' id='word_1_136' title='bbox 981 1645 1184 1722; x_wconf 90' lang='lat' dir='ltr'><strong>primo</strong></span> <span class='ocrx_word' id='word_1_137' title='bbox 1215 1643 1478 1724; x_wconf 88' lang='lat' dir='ltr'><strong>quidem</strong></span> <span class='ocrx_word' id='word_1_138' title='bbox 1513 1660 1648 1718; x_wconf 91' lang='lat' dir='ltr'><strong>eos,</strong></span> <span class='ocrx_word' id='word_1_139' title='bbox 1680 1642 1894 1722; x_wconf 89' lang='lat' dir='ltr'><strong>quoad</strong></span> <span class='ocrx_word' id='word_1_140' title='bbox 1930 1657 2212 1718; x_wconf 74' lang='lat' dir='ltr'><strong>prtesens</strong></span> <span class='ocrx_word' id='word_1_141' title='bbox 2239 1640 2494 1710; x_wconf 87' lang='lat' dir='ltr'><strong>attinet,</strong></span> <span class='ocrx_word' id='word_1_142' title='bbox 2530 1632 2940 1715; x_wconf 57' lang='lat' dir='ltr'><strong>praemonitos</strong></span> <span class='ocrx_word' id='word_1_143' title='bbox 2988 1631 3203 1705; x_wconf 88' lang='lat' dir='ltr'><strong>velim,</strong></span> <span class='ocrx_word' id='word_1_144' title='bbox 3253 1628 3468 1706; x_wconf 81' lang='lat' dir='ltr'><strong>potius</strong></span> <span class='ocrx_word' id='word_1_145' title='bbox 3517 1626 3718 1688; x_wconf 90' lang='lat' dir='ltr'><strong>animi</strong></span> 
     </span>
    </p>
   </div>
   <div class='ocr_carea' id='block_1_14' title="bbox 475 1731 3723 1822">
    <p class='ocr_par' dir='ltr' id='par_1_14' title="bbox 475 1731 3723 1822">
     <span class='ocr_line' id='line_1_14' title="bbox 475 1731 3723 1822; baseline -0.006 -16"><span class='ocrx_word' id='word_1_146' title='bbox 475 1745 964 1822; x_wconf 83' lang='lat' dir='ltr'><strong>diSpositiouem</strong></span> <span class='ocrx_word' id='word_1_147' title='bbox 995 1761 1185 1822; x_wconf 89' lang='lat' dir='ltr'><strong>quam</strong></span> <span class='ocrx_word' id='word_1_148' title='bbox 1229 1745 1424 1807; x_wconf 89' lang='lat' dir='ltr'><strong>verba</strong></span> <span class='ocrx_word' id='word_1_149' title='bbox 1463 1761 1604 1807; x_wconf 91' lang='lat' dir='ltr'><strong>esse</strong></span> <span class='ocrx_word' id='word_1_150' title='bbox 1629 1745 1698 1806; x_wconf 90' lang='lat' dir='ltr'><strong>in</strong></span> <span class='ocrx_word' id='word_1_151' title='bbox 1729 1742 2214 1822; x_wconf 61' lang='lat' dir='ltr'><strong>Theotihylacto</strong></span> <span class='ocrx_word' id='word_1_152' title='bbox 2242 1740 2630 1820; x_wconf 85' lang='lat' dir='ltr'><strong>spectanda;</strong></span> <span class='ocrx_word' id='word_1_153' title='bbox 2663 1736 2902 1799; x_wconf 89' lang='lat' dir='ltr'><strong>deinde</strong></span> <span class='ocrx_word' id='word_1_154' title='bbox 2935 1748 3337 1813; x_wconf 56' lang='lat' dir='ltr'><strong>quascunque</strong></span> <span class='ocrx_word' id='word_1_155' title='bbox 3368 1731 3509 1810; x_wconf 88' lang='lat' dir='ltr'><strong>ejus</strong></span> <span class='ocrx_word' id='word_1_156' title='bbox 3541 1744 3723 1796; x_wconf 85' lang='lat' dir='ltr'><strong>mens</strong></span> 
     </span>
    </p>
   </div>
   <div class='ocr_carea' id='block_1_15' title="bbox 472 1831 3723 1920">
    <p class='ocr_par' dir='ltr' id='par_1_15' title="bbox 472 1831 3723 1920">
     <span class='ocr_line' id='line_1_15' title="bbox 472 1831 3723 1920; baseline -0.003 -16"><span class='ocrx_word' id='word_1_157' title='bbox 472 1843 692 1916; x_wconf 88' lang='lat' dir='ltr'><strong>fuerit,</strong></span> <span class='ocrx_word' id='word_1_158' title='bbox 744 1859 871 1903; x_wconf 89' lang='lat' dir='ltr'><strong>non</strong></span> <span class='ocrx_word' id='word_1_159' title='bbox 925 1841 1136 1920; x_wconf 88' lang='lat' dir='ltr'><strong>magni</strong></span> <span class='ocrx_word' id='word_1_160' title='bbox 1187 1858 1328 1903; x_wconf 89' lang='lat' dir='ltr'><strong>esse</strong></span> <span class='ocrx_word' id='word_1_161' title='bbox 1375 1841 1726 1904; x_wconf 82' lang='lat' dir='ltr'><strong>faciendam</strong></span> <span class='ocrx_word' id='word_1_162' title='bbox 1761 1841 1942 1903; x_wconf 88' lang='lat' dir='ltr'><strong>illius</strong></span> <span class='ocrx_word' id='word_1_163' title='bbox 1974 1841 2090 1903; x_wconf 83' lang='lat' dir='ltr'><strong>hac</strong></span> <span class='ocrx_word' id='word_1_164' title='bbox 2140 1841 2210 1902; x_wconf 90' lang='lat' dir='ltr'><strong>in</strong></span> <span class='ocrx_word' id='word_1_165' title='bbox 2260 1856 2326 1900; x_wconf 82' lang='lat' dir='ltr'><strong>re</strong></span> <span class='ocrx_word' id='word_1_166' title='bbox 2369 1837 2837 1900; x_wconf 82' lang='lat' dir='ltr'><strong>auctoritatem.</strong></span> <span class='ocrx_word' id='word_1_167' title='bbox 2889 1832 3112 1907; x_wconf 87' lang='lat' dir='ltr'><strong>Quoad</strong></span> <span class='ocrx_word' id='word_1_168' title='bbox 3147 1832 3423 1909; x_wconf 91' lang='lat' dir='ltr'><strong>primum</strong></span> <span class='ocrx_word' id='word_1_169' title='bbox 3469 1831 3723 1894; x_wconf 65' lang='lat' dir='ltr'><strong>attinet:</strong></span> 
     </span>
    </p>
   </div>
   <div class='ocr_carea' id='block_1_16' title="bbox 473 1932 3716 2022">
    <p class='ocr_par' dir='ltr' id='par_1_16' title="bbox 473 1932 3716 2022">
     <span class='ocr_line' id='line_1_16' title="bbox 473 1932 3716 2022; baseline -0.004 -18"><span class='ocrx_word' id='word_1_170' title='bbox 473 1959 590 2022; x_wconf 88' lang='lat' dir='ltr'><strong>pro</strong></span> <span class='ocrx_word' id='word_1_171' title='bbox 621 1952 794 2005; x_wconf 89' lang='lat' dir='ltr'><strong>certo</strong></span> <span class='ocrx_word' id='word_1_172' title='bbox 828 1943 1054 2016; x_wconf 88' lang='lat' dir='ltr'><strong>habeo,</strong></span> <span class='ocrx_word' id='word_1_173' title='bbox 1095 1942 1180 2004; x_wconf 89' lang='lat' dir='ltr'><strong>ita</strong></span> <span class='ocrx_word' id='word_1_174' title='bbox 1222 1959 1372 2004; x_wconf 90' lang='lat' dir='ltr'><strong>eum</strong></span> <span class='ocrx_word' id='word_1_175' title='bbox 1427 1940 1630 2005; x_wconf 91' lang='lat' dir='ltr'><strong>fuisse</strong></span> <span class='ocrx_word' id='word_1_176' title='bbox 1659 1942 1876 2005; x_wconf 89' lang='lat' dir='ltr'><strong>animo</strong></span> <span class='ocrx_word' id='word_1_177' title='bbox 1924 1948 2384 2020; x_wconf 88' lang='lat' dir='ltr'><strong>comparatum,</strong></span> <span class='ocrx_word' id='word_1_178' title='bbox 2412 1947 2480 2001; x_wconf 90' lang='lat' dir='ltr'><strong>ut</strong></span> <span class='ocrx_word' id='word_1_179' title='bbox 2506 1939 2560 2001; x_wconf 91' lang='lat' dir='ltr'><strong>si</strong></span> <span class='ocrx_word' id='word_1_180' title='bbox 2595 1953 2725 2017; x_wconf 91' lang='lat' dir='ltr'><strong>quo</strong></span> <span class='ocrx_word' id='word_1_181' title='bbox 2761 1944 3045 2015; x_wconf 88' lang='lat' dir='ltr'><strong>tempore</strong></span> <span class='ocrx_word' id='word_1_182' title='bbox 3083 1934 3266 2007; x_wconf 88' lang='lat' dir='ltr'><strong>vixit,</strong></span> <span class='ocrx_word' id='word_1_183' title='bbox 3306 1950 3420 2011; x_wconf 90' lang='lat' dir='ltr'><strong>per</strong></span> <span class='ocrx_word' id='word_1_184' title='bbox 3456 1932 3716 2010; x_wconf 88' lang='lat' dir='ltr'><strong>aliquod</strong></span> 
     </span>
    </p>
   </div>
   <div class='ocr_carea' id='block_1_17' title="bbox 475 2030 3714 2123">
    <p class='ocr_par' dir='ltr' id='par_1_17' title="bbox 475 2030 3714 2123">
     <span class='ocr_line' id='line_1_17' title="bbox 475 2030 3714 2123; baseline -0.004 -18"><span class='ocrx_word' id='word_1_185' title='bbox 475 2045 820 2107; x_wconf 90' lang='lat' dir='ltr'><strong>concilium</strong></span> <span class='ocrx_word' id='word_1_186' title='bbox 859 2063 938 2107; x_wconf 86' lang='lat' dir='ltr'><strong>ex</strong></span> <span class='ocrx_word' id='word_1_187' title='bbox 979 2044 1217 2107; x_wconf 85' lang='lat' dir='ltr'><strong>Graecis</strong></span> <span class='ocrx_word' id='word_1_188' title='bbox 1267 2043 1647 2123; x_wconf 89' lang='lat' dir='ltr'><strong>Latinisque</strong></span> <span class='ocrx_word' id='word_1_189' title='bbox 1677 2054 1966 2106; x_wconf 89' lang='lat' dir='ltr'><strong>coactum</strong></span> <span class='ocrx_word' id='word_1_190' title='bbox 2017 2045 2092 2106; x_wconf 89' lang='lat' dir='ltr'><strong>ad</strong></span> <span class='ocrx_word' id='word_1_191' title='bbox 2128 2059 2394 2105; x_wconf 79' lang='lat' dir='ltr'><strong>examen</strong></span> <span class='ocrx_word' id='word_1_192' title='bbox 2440 2053 2653 2114; x_wconf 82' lang='lat' dir='ltr'><strong>vocata</strong></span> <span class='ocrx_word' id='word_1_193' title='bbox 2691 2055 2762 2102; x_wconf 87' lang='lat' dir='ltr'><strong>ac</strong></span> <span class='ocrx_word' id='word_1_194' title='bbox 2811 2038 3071 2101; x_wconf 82' lang='lat' dir='ltr'><strong>deﬁnita</strong></span> <span class='ocrx_word' id='word_1_195' title='bbox 3114 2035 3348 2098; x_wconf 84' lang='lat' dir='ltr'><strong>fuisset</strong></span> <span class='ocrx_word' id='word_1_196' title='bbox 3397 2030 3714 2112; x_wconf 84' lang='lat' dir='ltr'><strong>processio</strong></span> 
     </span>
    </p>
   </div>
   <div class='ocr_carea' id='block_1_18' title="bbox 479 2135 3716 2224">
    <p class='ocr_par' dir='ltr' id='par_1_18' title="bbox 479 2135 3716 2224">
     <span class='ocr_line' id='line_1_18' title="bbox 479 2135 3716 2224; baseline -0.003 -17"><span class='ocrx_word' id='word_1_197' title='bbox 479 2145 760 2223; x_wconf 89' lang='lat' dir='ltr'><strong>Spiritus</strong></span> <span class='ocrx_word' id='word_1_198' title='bbox 829 2146 1032 2207; x_wconf 86' lang='lat' dir='ltr'><strong>sancti</strong></span> <span class='ocrx_word' id='word_1_199' title='bbox 1086 2147 1277 2206; x_wconf 89' lang='lat' dir='ltr'><strong>etiam</strong></span> <span class='ocrx_word' id='word_1_200' title='bbox 1336 2161 1370 2205; x_wconf 92' lang='lat' dir='ltr'><strong>a</strong></span> <span class='ocrx_word' id='word_1_201' title='bbox 1427 2145 1621 2221; x_wconf 91' lang='lat' dir='ltr'><strong>Filio,</strong></span> <span class='ocrx_word' id='word_1_202' title='bbox 1672 2146 1892 2224; x_wconf 87' lang='lat' dir='ltr'><strong>procul</strong></span> <span class='ocrx_word' id='word_1_203' title='bbox 1952 2145 2152 2207; x_wconf 88' lang='lat' dir='ltr'><strong>dubio</strong></span> <span class='ocrx_word' id='word_1_204' title='bbox 2210 2143 2473 2206; x_wconf 82' lang='lat' dir='ltr'><strong>concilii</strong></span> <span class='ocrx_word' id='word_1_205' title='bbox 2543 2142 2798 2222; x_wconf 90' lang='lat' dir='ltr'><strong>judicio</strong></span> <span class='ocrx_word' id='word_1_206' title='bbox 2843 2156 2914 2202; x_wconf 89' lang='lat' dir='ltr'><strong>ac</strong></span> <span class='ocrx_word' id='word_1_207' title='bbox 2964 2138 3306 2201; x_wconf 63' lang='lat' dir='ltr'><strong>sententias</strong></span> <span class='ocrx_word' id='word_1_208' title='bbox 3375 2135 3716 2197; x_wconf 88' lang='lat' dir='ltr'><strong>stetisset:</strong></span> 
     </span>
    </p>
   </div>
   <div class='ocr_carea' id='block_1_19' title="bbox 475 2237 3720 2322">
    <p class='ocr_par' dir='ltr' id='par_1_19' title="bbox 475 2237 3720 2322">
     <span class='ocr_line' id='line_1_19' title="bbox 475 2237 3720 2322; baseline -0.003 -15"><span class='ocrx_word' id='word_1_209' title='bbox 475 2247 1020 2322; x_wconf 83' lang='lat' dir='ltr'><strong>quemadmodum</strong></span> <span class='ocrx_word' id='word_1_210' title='bbox 1086 2245 1348 2320; x_wconf 87' lang='lat' dir='ltr'><strong>plurimi</strong></span> <span class='ocrx_word' id='word_1_211' title='bbox 1415 2247 1746 2308; x_wconf 89' lang='lat' dir='ltr'><strong>sanctitate</strong></span> <span class='ocrx_word' id='word_1_212' title='bbox 1807 2263 1878 2308; x_wconf 91' lang='lat' dir='ltr'><strong>ac</strong></span> <span class='ocrx_word' id='word_1_213' title='bbox 1953 2246 2244 2307; x_wconf 90' lang='lat' dir='ltr'><strong>doctrina</strong></span> <span class='ocrx_word' id='word_1_214' title='bbox 2304 2241 2817 2322; x_wconf 73' lang='lat' dir='ltr'><strong>praestantissimi</strong></span> <span class='ocrx_word' id='word_1_215' title='bbox 2877 2244 3090 2304; x_wconf 88' lang='lat' dir='ltr'><strong>Patres</strong></span> <span class='ocrx_word' id='word_1_216' title='bbox 3153 2245 3388 2301; x_wconf 86' lang='lat' dir='ltr'><strong>stetere</strong></span> <span class='ocrx_word' id='word_1_217' title='bbox 3443 2237 3720 2316; x_wconf 84' lang='lat' dir='ltr'><strong>synodo,</strong></span> 
     </span>
    </p>
   </div>
   <div class='ocr_carea' id='block_1_20' title="bbox 473 2333 3725 2422">
    <p class='ocr_par' dir='ltr' id='par_1_20' title="bbox 473 2333 3725 2422">
     <span class='ocr_line' id='line_1_20' title="bbox 473 2333 3725 2422; baseline -0.004 -16"><span class='ocrx_word' id='word_1_218' title='bbox 473 2341 886 2416; x_wconf 75' lang='lat' dir='ltr'><strong>Florenfinae,</strong></span> <span class='ocrx_word' id='word_1_219' title='bbox 942 2344 1136 2422; x_wconf 90' lang='lat' dir='ltr'><strong>eique</strong></span> <span class='ocrx_word' id='word_1_220' title='bbox 1187 2351 1500 2420; x_wconf 88' lang='lat' dir='ltr'><strong>perpetuo</strong></span> <span class='ocrx_word' id='word_1_221' title='bbox 1559 2349 1621 2404; x_wconf 89' lang='lat' dir='ltr'><strong>et</strong></span> <span class='ocrx_word' id='word_1_222' title='bbox 1674 2342 2192 2404; x_wconf 89' lang='lat' dir='ltr'><strong>constantissime</strong></span> <span class='ocrx_word' id='word_1_223' title='bbox 2245 2342 2674 2404; x_wconf 72' lang='lat' dir='ltr'><strong>adhaeserunt.</strong></span> <span class='ocrx_word' id='word_1_224' title='bbox 2731 2339 2862 2400; x_wconf 87' lang='lat' dir='ltr'><strong>Hac</strong></span> <span class='ocrx_word' id='word_1_225' title='bbox 2901 2336 3103 2399; x_wconf 89' lang='lat' dir='ltr'><strong>fuisse</strong></span> <span class='ocrx_word' id='word_1_226' title='bbox 3175 2333 3725 2414; x_wconf 80' lang='lat' dir='ltr'><strong>Theopbylactum</strong></span> 
     </span>
    </p>
   </div>
   <div class='ocr_carea' id='block_1_21' title="bbox 475 2431 3726 2522">
    <p class='ocr_par' dir='ltr' id='par_1_21' title="bbox 475 2431 3726 2522">
     <span class='ocr_line' id='line_1_21' title="bbox 475 2431 3726 2522; baseline -0.004 -15"><span class='ocrx_word' id='word_1_227' title='bbox 475 2446 678 2507; x_wconf 90' lang='lat' dir='ltr'><strong>animi</strong></span> <span class='ocrx_word' id='word_1_228' title='bbox 711 2446 1138 2522; x_wconf 88' lang='lat' dir='ltr'><strong>dispositione</strong></span> <span class='ocrx_word' id='word_1_229' title='bbox 1184 2443 1506 2518; x_wconf 83' lang='lat' dir='ltr'><strong>affectum,</strong></span> <span class='ocrx_word' id='word_1_230' title='bbox 1558 2445 1700 2522; x_wconf 75' lang='lat' dir='ltr'><strong>ipse</strong></span> <span class='ocrx_word' id='word_1_231' title='bbox 1752 2444 1988 2521; x_wconf 89' lang='lat' dir='ltr'><strong>colligo</strong></span> <span class='ocrx_word' id='word_1_232' title='bbox 2022 2461 2098 2505; x_wconf 85' lang='lat' dir='ltr'><strong>ex</strong></span> <span class='ocrx_word' id='word_1_233' title='bbox 2154 2443 2396 2506; x_wconf 84' lang='lat' dir='ltr'><strong>eximio</strong></span> <span class='ocrx_word' id='word_1_234' title='bbox 2438 2443 2580 2520; x_wconf 85' lang='lat' dir='ltr'><strong>ejus</strong></span> <span class='ocrx_word' id='word_1_235' title='bbox 2631 2441 2802 2520; x_wconf 89' lang='lat' dir='ltr'><strong>pacis</strong></span> <span class='ocrx_word' id='word_1_236' title='bbox 2865 2438 3260 2516; x_wconf 89' lang='lat' dir='ltr'><strong>unionisque</strong></span> <span class='ocrx_word' id='word_1_237' title='bbox 3306 2453 3547 2508; x_wconf 89' lang='lat' dir='ltr'><strong>amore,</strong></span> <span class='ocrx_word' id='word_1_238' title='bbox 3611 2431 3726 2514; x_wconf 85' lang='lat' dir='ltr'><strong>qui</strong></span> 
     </span>
    </p>
   </div>
   <div class='ocr_carea' id='block_1_22' title="bbox 477 2536 3726 2624">
    <p class='ocr_par' dir='ltr' id='par_1_22' title="bbox 477 2536 3726 2624">
     <span class='ocr_line' id='line_1_22' title="bbox 477 2536 3726 2624; baseline -0.005 -13"><span class='ocrx_word' id='word_1_239' title='bbox 477 2565 623 2611; x_wconf 88' lang='lat' dir='ltr'><strong>cum</strong></span> <span class='ocrx_word' id='word_1_240' title='bbox 652 2549 718 2608; x_wconf 91' lang='lat' dir='ltr'><strong>in</strong></span> <span class='ocrx_word' id='word_1_241' title='bbox 751 2546 896 2608; x_wconf 88' lang='lat' dir='ltr'><strong>aliis</strong></span> <span class='ocrx_word' id='word_1_242' title='bbox 931 2548 1264 2624; x_wconf 90' lang='lat' dir='ltr'><strong>operibus,</strong></span> <span class='ocrx_word' id='word_1_243' title='bbox 1293 2553 1428 2608; x_wconf 92' lang='lat' dir='ltr'><strong>tum</strong></span> <span class='ocrx_word' id='word_1_244' title='bbox 1460 2545 1865 2623; x_wconf 91' lang='lat' dir='ltr'><strong>potissimum</strong></span> <span class='ocrx_word' id='word_1_245' title='bbox 1901 2544 1965 2604; x_wconf 89' lang='lat' dir='ltr'><strong>in</strong></span> <span class='ocrx_word' id='word_1_246' title='bbox 1987 2542 2102 2604; x_wconf 89' lang='lat' dir='ltr'><strong>hac</strong></span> <span class='ocrx_word' id='word_1_247' title='bbox 2132 2543 2274 2620; x_wconf 91' lang='lat' dir='ltr'><strong>ipsa</strong></span> <span class='ocrx_word' id='word_1_248' title='bbox 2308 2541 2704 2604; x_wconf 81' lang='lat' dir='ltr'><strong>Allocutio-ne</strong></span> <span class='ocrx_word' id='word_1_249' title='bbox 2737 2537 3097 2600; x_wconf 88' lang='lat' dir='ltr'><strong>luculenter</strong></span> <span class='ocrx_word' id='word_1_250' title='bbox 3121 2550 3190 2599; x_wconf 85' lang='lat' dir='ltr'><strong>se</strong></span> <span class='ocrx_word' id='word_1_251' title='bbox 3218 2539 3452 2614; x_wconf 85' lang='lat' dir='ltr'><strong>prodit.</strong></span> <span class='ocrx_word' id='word_1_252' title='bbox 3484 2536 3726 2596; x_wconf 86' lang='lat' dir='ltr'><strong>Verum</strong></span> 
     </span>
    </p>
   </div>
   <div class='ocr_carea' id='block_1_23' title="bbox 479 2635 3727 2725">
    <p class='ocr_par' dir='ltr' id='par_1_23' title="bbox 479 2635 3727 2725">
     <span class='ocr_line' id='line_1_23' title="bbox 479 2635 3727 2725; baseline -0.005 -15"><span class='ocrx_word' id='word_1_253' title='bbox 479 2664 624 2712; x_wconf 91' lang='lat' dir='ltr'><strong>cum</strong></span> <span class='ocrx_word' id='word_1_254' title='bbox 660 2655 803 2709; x_wconf 88' lang='lat' dir='ltr'><strong>ante</strong></span> <span class='ocrx_word' id='word_1_255' title='bbox 851 2647 1142 2708; x_wconf 89' lang='lat' dir='ltr'><strong>ﬂoruerit</strong></span> <span class='ocrx_word' id='word_1_256' title='bbox 1186 2662 1378 2725; x_wconf 89' lang='lat' dir='ltr'><strong>quam</strong></span> <span class='ocrx_word' id='word_1_257' title='bbox 1424 2644 1864 2707; x_wconf 88' lang='lat' dir='ltr'><strong>controversia</strong></span> <span class='ocrx_word' id='word_1_258' title='bbox 1920 2643 2052 2704; x_wconf 63' lang='lat' dir='ltr'><strong>hate</strong></span> <span class='ocrx_word' id='word_1_259' title='bbox 2110 2641 2369 2703; x_wconf 83' lang='lat' dir='ltr'><strong>definita</strong></span> <span class='ocrx_word' id='word_1_260' title='bbox 2417 2647 2589 2702; x_wconf 91' lang='lat' dir='ltr'><strong>esset</strong></span> <span class='ocrx_word' id='word_1_261' title='bbox 2637 2641 2703 2702; x_wconf 93' lang='lat' dir='ltr'><strong>in</strong></span> <span class='ocrx_word' id='word_1_262' title='bbox 2770 2639 2986 2718; x_wconf 86' lang='lat' dir='ltr'><strong>aliqua</strong></span> <span class='ocrx_word' id='word_1_263' title='bbox 3031 2637 3420 2702; x_wconf 77' lang='lat' dir='ltr'><strong>cecumenica</strong></span> <span class='ocrx_word' id='word_1_264' title='bbox 3475 2635 3727 2715; x_wconf 79' lang='lat' dir='ltr'><strong>synodo</strong></span> 
     </span>
    </p>
   </div>
   <div class='ocr_carea' id='block_1_24' title="bbox 484 2737 3728 2840">
    <p class='ocr_par' dir='ltr' id='par_1_24' title="bbox 484 2737 3728 2840">
     <span class='ocr_line' id='line_1_24' title="bbox 484 2737 3728 2840; baseline -0.003 -31"><span class='ocrx_word' id='word_1_265' title='bbox 484 2750 720 2840; x_wconf 80' lang='lat' dir='ltr'><strong>(primo</strong></span> <span class='ocrx_word' id='word_1_266' title='bbox 755 2749 927 2811; x_wconf 87' lang='lat' dir='ltr'><strong>enim</strong></span> <span class='ocrx_word' id='word_1_267' title='bbox 964 2751 1223 2812; x_wconf 84' lang='lat' dir='ltr'><strong>deﬁnita</strong></span> <span class='ocrx_word' id='word_1_268' title='bbox 1265 2757 1361 2812; x_wconf 89' lang='lat' dir='ltr'><strong>est</strong></span> <span class='ocrx_word' id='word_1_269' title='bbox 1409 2748 1473 2809; x_wconf 91' lang='lat' dir='ltr'><strong>in</strong></span> <span class='ocrx_word' id='word_1_270' title='bbox 1505 2747 1780 2811; x_wconf 80' lang='lat' dir='ltr'><strong>concilio</strong></span> <span class='ocrx_word' id='word_1_271' title='bbox 1831 2745 2110 2826; x_wconf 82' lang='lat' dir='ltr'><strong>generali</strong></span> <span class='ocrx_word' id='word_1_272' title='bbox 2159 2745 2574 2821; x_wconf 85' lang='lat' dir='ltr'><strong>Lugdunensi</strong></span> <span class='ocrx_word' id='word_1_273' title='bbox 2625 2764 2693 2812; x_wconf 83' lang='grc' dir='ltr'><strong>ιι,</strong></span> <span class='ocrx_word' id='word_1_274' title='bbox 2745 2762 2852 2806; x_wconf 87' lang='lat' dir='ltr'><strong>an.</strong></span> <span class='ocrx_word' id='word_1_275' title='bbox 2884 2742 3086 2824; x_wconf 64' lang='lat' dir='ltr'><strong>1271i),</strong></span> <span class='ocrx_word' id='word_1_276' title='bbox 3139 2758 3416 2819; x_wconf 90' lang='lat' dir='ltr'><strong>cumque</strong></span> <span class='ocrx_word' id='word_1_277' title='bbox 3485 2757 3598 2818; x_wconf 90' lang='lat' dir='ltr'><strong>per</strong></span> <span class='ocrx_word' id='word_1_278' title='bbox 3657 2737 3728 2799; x_wconf 88' lang='lat' dir='ltr'><strong>id</strong></span> 
     </span>
    </p>
   </div>
   <div class='ocr_carea' id='block_1_25' title="bbox 483 2839 3728 2925">
    <p class='ocr_par' dir='ltr' id='par_1_25' title="bbox 483 2839 3728 2925">
     <span class='ocr_line' id='line_1_25' title="bbox 483 2839 3728 2925; baseline -0.002 -20"><span class='ocrx_word' id='word_1_279' title='bbox 483 2839 737 2925; x_wconf 88' lang='lat' dir='ltr'><strong>tempus</strong></span> <span class='ocrx_word' id='word_1_280' title='bbox 785 2847 1043 2908; x_wconf 47' lang='lat' dir='ltr'><strong>dis&#39;sidii</strong></span> <span class='ocrx_word' id='word_1_281' title='bbox 1085 2855 1146 2908; x_wconf 88' lang='lat' dir='ltr'><strong>et</strong></span> <span class='ocrx_word' id='word_1_282' title='bbox 1190 2845 1552 2908; x_wconf 87' lang='lat' dir='ltr'><strong>schismatis</strong></span> <span class='ocrx_word' id='word_1_283' title='bbox 1584 2852 1776 2906; x_wconf 59' lang='lat' dir='ltr'><strong>aestus</strong></span> <span class='ocrx_word' id='word_1_284' title='bbox 1803 2845 2078 2923; x_wconf 91' lang='lat' dir='ltr'><strong>primum</strong></span> <span class='ocrx_word' id='word_1_285' title='bbox 2111 2843 2423 2906; x_wconf 85' lang='lat' dir='ltr'><strong>excitatus</strong></span> <span class='ocrx_word' id='word_1_286' title='bbox 2469 2859 2502 2903; x_wconf 89' lang='lat' dir='ltr'><strong>a</strong></span> <span class='ocrx_word' id='word_1_287' title='bbox 2533 2843 2784 2917; x_wconf 87' lang='lat' dir='ltr'><strong>Photio,</strong></span> <span class='ocrx_word' id='word_1_288' title='bbox 2823 2851 2958 2906; x_wconf 89' lang='lat' dir='ltr'><strong>tum</strong></span> <span class='ocrx_word' id='word_1_289' title='bbox 2996 2861 3026 2904; x_wconf 89' lang='lat' dir='ltr'><strong>a</strong></span> <span class='ocrx_word' id='word_1_290' title='bbox 3062 2840 3369 2904; x_wconf 87' lang='lat' dir='ltr'><strong>Michaele</strong></span> <span class='ocrx_word' id='word_1_291' title='bbox 3398 2839 3728 2902; x_wconf 87' lang='lat' dir='ltr'><strong>Cerulario</strong></span> 
     </span>
    </p>
   </div>
   <div class='ocr_carea' id='block_1_26' title="bbox 482 2938 3728 3022">
    <p class='ocr_par' dir='ltr' id='par_1_26' title="bbox 482 2938 3728 3022">
     <span class='ocr_line' id='line_1_26' title="bbox 482 2938 3728 3022; baseline -0.002 -17"><span class='ocrx_word' id='word_1_292' title='bbox 482 2961 608 3006; x_wconf 91' lang='lat' dir='ltr'><strong>non</strong></span> <span class='ocrx_word' id='word_1_293' title='bbox 643 2946 729 3006; x_wconf 88' lang='lat' dir='ltr'><strong>ita</strong></span> <span class='ocrx_word' id='word_1_294' title='bbox 785 2945 1030 3021; x_wconf 87' lang='lat' dir='ltr'><strong>pridem</strong></span> <span class='ocrx_word' id='word_1_295' title='bbox 1069 2960 1434 3019; x_wconf 88' lang='lat' dir='ltr'><strong>renovatus,</strong></span> <span class='ocrx_word' id='word_1_296' title='bbox 1490 2943 1768 3005; x_wconf 84' lang='lat' dir='ltr'><strong>ferveret</strong></span> <span class='ocrx_word' id='word_1_297' title='bbox 1830 2960 2021 3022; x_wconf 88' lang='lat' dir='ltr'><strong>quam</strong></span> <span class='ocrx_word' id='word_1_298' title='bbox 2058 2942 2650 3015; x_wconf 79' lang='lat' dir='ltr'><strong>vehementissime,</strong></span> <span class='ocrx_word' id='word_1_299' title='bbox 2701 2942 2866 3005; x_wconf 84' lang='lat' dir='ltr'><strong>haud</strong></span> <span class='ocrx_word' id='word_1_300' title='bbox 2901 2941 3082 3003; x_wconf 86' lang='lat' dir='ltr'><strong>valde</strong></span> <span class='ocrx_word' id='word_1_301' title='bbox 3137 2939 3498 3002; x_wconf 89' lang='lat' dir='ltr'><strong>mirandum</strong></span> <span class='ocrx_word' id='word_1_302' title='bbox 3552 2938 3608 2998; x_wconf 90' lang='lat' dir='ltr'><strong>si</strong></span> <span class='ocrx_word' id='word_1_303' title='bbox 3665 2945 3728 2999; x_wconf 90' lang='lat' dir='ltr'><strong>et</strong></span> 
     </span>
    </p>
   </div>
   <div class='ocr_carea' id='block_1_27' title="bbox 483 3031 3728 3126">
    <p class='ocr_par' dir='ltr' id='par_1_27' title="bbox 483 3031 3728 3126">
     <span class='ocr_line' id='line_1_27' title="bbox 483 3031 3728 3126; baseline -0.001 -20"><span class='ocrx_word' id='word_1_304' title='bbox 483 3031 1007 3125; x_wconf 77' lang='lat' dir='ltr'><strong>TheOphylactus</strong></span> <span class='ocrx_word' id='word_1_305' title='bbox 1040 3066 1108 3108; x_wconf 92' lang='lat' dir='ltr'><strong>se</strong></span> <span class='ocrx_word' id='word_1_306' title='bbox 1141 3064 1402 3126; x_wconf 90' lang='lat' dir='ltr'><strong>quoque</strong></span> <span class='ocrx_word' id='word_1_307' title='bbox 1435 3047 1637 3124; x_wconf 86' lang='lat' dir='ltr'><strong>abripi</strong></span> <span class='ocrx_word' id='word_1_308' title='bbox 1677 3063 1905 3123; x_wconf 89' lang='lat' dir='ltr'><strong>passus</strong></span> <span class='ocrx_word' id='word_1_309' title='bbox 1935 3054 2264 3124; x_wconf 89' lang='lat' dir='ltr'><strong>utcunque</strong></span> <span class='ocrx_word' id='word_1_310' title='bbox 2303 3045 2408 3107; x_wconf 90' lang='lat' dir='ltr'><strong>sit.</strong></span> <span class='ocrx_word' id='word_1_311' title='bbox 2444 3047 2521 3105; x_wconf 83' lang='lat' dir='ltr'><strong>At</strong></span> <span class='ocrx_word' id='word_1_312' title='bbox 2559 3047 2710 3124; x_wconf 86' lang='lat' dir='ltr'><strong>quia</strong></span> <span class='ocrx_word' id='word_1_313' title='bbox 2741 3054 2948 3108; x_wconf 85' lang='lat' dir='ltr'><strong>tamen</strong></span> <span class='ocrx_word' id='word_1_314' title='bbox 2978 3045 3059 3106; x_wconf 90' lang='lat' dir='ltr'><strong>ob</strong></span> <span class='ocrx_word' id='word_1_315' title='bbox 3093 3061 3254 3119; x_wconf 88' lang='lat' dir='ltr'><strong>eam,</strong></span> <span class='ocrx_word' id='word_1_316' title='bbox 3300 3061 3490 3124; x_wconf 90' lang='lat' dir='ltr'><strong>quam</strong></span> <span class='ocrx_word' id='word_1_317' title='bbox 3535 3061 3728 3120; x_wconf 88' lang='lat' dir='ltr'><strong>supra</strong></span> 
     </span>
    </p>
   </div>
   <div class='ocr_carea' id='block_1_28' title="bbox 483 3141 3727 3224">
    <p class='ocr_par' dir='ltr' id='par_1_28' title="bbox 483 3141 3727 3224">
     <span class='ocr_line' id='line_1_28' title="bbox 483 3141 3727 3224; baseline 0 -21"><span class='ocrx_word' id='word_1_318' title='bbox 483 3146 1001 3215; x_wconf 90' lang='lat' dir='ltr'><strong>memoravimus,</strong></span> <span class='ocrx_word' id='word_1_319' title='bbox 1038 3161 1292 3205; x_wconf 91' lang='lat' dir='ltr'><strong>causam</strong></span> <span class='ocrx_word' id='word_1_320' title='bbox 1333 3145 1623 3222; x_wconf 90' lang='lat' dir='ltr'><strong>ignotum</strong></span> <span class='ocrx_word' id='word_1_321' title='bbox 1659 3143 1843 3204; x_wconf 86' lang='lat' dir='ltr'><strong>nobis</strong></span> <span class='ocrx_word' id='word_1_322' title='bbox 1875 3151 1994 3218; x_wconf 86' lang='lat' dir='ltr'><strong>est,</strong></span> <span class='ocrx_word' id='word_1_323' title='bbox 2029 3159 2106 3204; x_wconf 88' lang='lat' dir='ltr'><strong>an</strong></span> <span class='ocrx_word' id='word_1_324' title='bbox 2138 3142 2313 3204; x_wconf 90' lang='lat' dir='ltr'><strong>illius</strong></span> <span class='ocrx_word' id='word_1_325' title='bbox 2349 3141 2561 3204; x_wconf 84' lang='lat' dir='ltr'><strong>fervor</strong></span> <span class='ocrx_word' id='word_1_326' title='bbox 2591 3145 2667 3206; x_wconf 91' lang='lat' dir='ltr'><strong>ad</strong></span> <span class='ocrx_word' id='word_1_327' title='bbox 2694 3144 3052 3206; x_wconf 75' lang='lat' dir='ltr'><strong>hmreticam</strong></span> <span class='ocrx_word' id='word_1_328' title='bbox 3077 3161 3285 3224; x_wconf 89' lang='lat' dir='ltr'><strong>usque</strong></span> <span class='ocrx_word' id='word_1_329' title='bbox 3318 3145 3727 3222; x_wconf 85' lang='lat' dir='ltr'><strong>pertinaciam</strong></span> 
     </span>
    </p>
   </div>
   <div class='ocr_carea' id='block_1_29' title="bbox 483 3234 3728 3322">
    <p class='ocr_par' dir='ltr' id='par_1_29' title="bbox 483 3234 3728 3322">
     <span class='ocr_line' id='line_1_29' title="bbox 483 3234 3728 3322; baseline -0.001 -19"><span class='ocrx_word' id='word_1_330' title='bbox 483 3234 865 3316; x_wconf 87' lang='lat' dir='ltr'><strong>excreverit,</strong></span> <span class='ocrx_word' id='word_1_331' title='bbox 916 3243 1065 3304; x_wconf 90' lang='lat' dir='ltr'><strong>ideo</strong></span> <span class='ocrx_word' id='word_1_332' title='bbox 1112 3260 1325 3322; x_wconf 89' lang='lat' dir='ltr'><strong>neque</strong></span> <span class='ocrx_word' id='word_1_333' title='bbox 1373 3241 1559 3302; x_wconf 92' lang='lat' dir='ltr'><strong>illum</strong></span> <span class='ocrx_word' id='word_1_334' title='bbox 1616 3242 1960 3317; x_wconf 77' lang='lat' dir='ltr'><strong>haereseos,</strong></span> <span class='ocrx_word' id='word_1_335' title='bbox 2011 3259 2222 3322; x_wconf 91' lang='lat' dir='ltr'><strong>neque</strong></span> <span class='ocrx_word' id='word_1_336' title='bbox 2273 3242 2584 3321; x_wconf 81' lang='lat' dir='ltr'><strong>formatis,</strong></span> <span class='ocrx_word' id='word_1_337' title='bbox 2631 3250 2700 3305; x_wconf 88' lang='lat' dir='ltr'><strong>ut</strong></span> <span class='ocrx_word' id='word_1_338' title='bbox 2749 3245 2954 3317; x_wconf 86' lang='lat' dir='ltr'><strong>aiunt,</strong></span> <span class='ocrx_word' id='word_1_339' title='bbox 2997 3242 3357 3304; x_wconf 87' lang='lat' dir='ltr'><strong>schismatis</strong></span> <span class='ocrx_word' id='word_1_340' title='bbox 3425 3243 3728 3302; x_wconf 71' lang='lat' dir='ltr'><strong>condeui&#39;</strong></span> 
     </span>
    </p>
   </div>
   <div class='ocr_carea' id='block_1_30' title="bbox 485 3344 3731 3432">
    <p class='ocr_par' dir='ltr' id='par_1_30' title="bbox 485 3344 3731 3432">
     <span class='ocr_line' id='line_1_30' title="bbox 485 3344 3731 3432; baseline -0.001 -26"><span class='ocrx_word' id='word_1_341' title='bbox 485 3363 710 3407; x_wconf 88' lang='lat' dir='ltr'><strong>namus</strong></span> <span class='ocrx_word' id='word_1_342' title='bbox 756 3344 838 3426; x_wconf 90' lang='lat' dir='ltr'><strong>(a)</strong></span> <span class='ocrx_word' id='word_1_343' title='bbox 871 3346 1028 3427; x_wconf 90' lang='lat' dir='ltr'><strong>quin</strong></span> <span class='ocrx_word' id='word_1_344' title='bbox 1063 3363 1179 3408; x_wconf 89' lang='lat' dir='ltr'><strong>nec</strong></span> <span class='ocrx_word' id='word_1_345' title='bbox 1220 3346 1423 3407; x_wconf 84' lang='lat' dir='ltr'><strong>sancti</strong></span> <span class='ocrx_word' id='word_1_346' title='bbox 1467 3345 1584 3407; x_wconf 91' lang='lat' dir='ltr'><strong>viri</strong></span> <span class='ocrx_word' id='word_1_347' title='bbox 1613 3345 2134 3424; x_wconf 89' lang='lat' dir='ltr'><strong>appellationem,</strong></span> <span class='ocrx_word' id='word_1_348' title='bbox 2177 3361 2302 3423; x_wconf 87' lang='lat' dir='ltr'><strong>qua</strong></span> <span class='ocrx_word' id='word_1_349' title='bbox 2361 3345 2551 3432; x_wconf 89' lang='lat' dir='ltr'><strong>vulgo</strong></span> <span class='ocrx_word' id='word_1_350' title='bbox 2583 3345 2660 3407; x_wconf 89' lang='lat' dir='ltr'><strong>ab</strong></span> <span class='ocrx_word' id='word_1_351' title='bbox 2692 3346 3131 3410; x_wconf 86' lang='lat' dir='ltr'><strong>Orientalibus</strong></span> <span class='ocrx_word' id='word_1_352' title='bbox 3179 3345 3552 3426; x_wconf 88' lang='lat' dir='ltr'><strong>insignitur,</strong></span> <span class='ocrx_word' id='word_1_353' title='bbox 3613 3360 3731 3406; x_wconf 90' lang='lat' dir='ltr'><strong>nos</strong></span> 
     </span>
    </p>
   </div>
   <div class='ocr_carea' id='block_1_31' title="bbox 485 3449 1398 3527">
    <p class='ocr_par' dir='ltr' id='par_1_31' title="bbox 485 3449 1398 3527">
     <span class='ocr_line' id='line_1_31' title="bbox 485 3449 1398 3527; baseline 0 -17"><span class='ocrx_word' id='word_1_354' title='bbox 485 3449 810 3510; x_wconf 90' lang='lat' dir='ltr'><strong>ullatenus</strong></span> <span class='ocrx_word' id='word_1_355' title='bbox 844 3449 969 3527; x_wconf 77' lang='lat' dir='ltr'><strong>ipsi</strong></span> <span class='ocrx_word' id='word_1_356' title='bbox 1003 3449 1398 3511; x_wconf 89' lang='lat' dir='ltr'><strong>invidemus.</strong></span> 
     </span>
    </p>
   </div>
   <div class='ocr_carea' id='block_1_32' title="bbox 570 3567 3738 3652">
    <p class='ocr_par' dir='ltr' id='par_1_32' title="bbox 570 3567 3738 3652">
     <span class='ocr_line' id='line_1_32' title="bbox 570 3567 3738 3652; baseline 0.001 -20"><span class='ocrx_word' id='word_1_357' title='bbox 570 3570 877 3632; x_wconf 83' lang='lat' dir='ltr'><strong>XXVIII.</strong></span> <span class='ocrx_word' id='word_1_358' title='bbox 907 3569 1141 3631; x_wconf 85' lang='lat' dir='ltr'><strong>Verum</strong></span> <span class='ocrx_word' id='word_1_359' title='bbox 1160 3569 1512 3648; x_wconf 82' lang='lat' dir='ltr'><strong>hoeipsum</strong></span> <span class='ocrx_word' id='word_1_360' title='bbox 1540 3567 1711 3648; x_wconf 90' lang='lat' dir='ltr'><strong>quod</strong></span> <span class='ocrx_word' id='word_1_361' title='bbox 1737 3567 2213 3648; x_wconf 65' lang='lat' dir='ltr'><strong>TheOpIij-Iaclo</strong></span> <span class='ocrx_word' id='word_1_362' title='bbox 2232 3569 2428 3632; x_wconf 85' lang='lat' dir='ltr'><strong>abhis</strong></span> <span class='ocrx_word' id='word_1_363' title='bbox 2445 3570 2819 3646; x_wconf 87' lang='lat' dir='ltr'><strong>criminibus</strong></span> <span class='ocrx_word' id='word_1_364' title='bbox 2844 3573 3192 3652; x_wconf 83' lang='lat' dir='ltr'><strong>purgando,</strong></span> <span class='ocrx_word' id='word_1_365' title='bbox 3219 3573 3356 3634; x_wconf 90' lang='lat' dir='ltr'><strong>sive</strong></span> <span class='ocrx_word' id='word_1_366' title='bbox 3371 3575 3738 3635; x_wconf 89' lang='lat' dir='ltr'><strong>excusando</strong></span> 
     </span>
    </p>
   </div>
   <div class='ocr_carea' id='block_1_33' title="bbox 490 3667 3738 3752">
    <p class='ocr_par' dir='ltr' id='par_1_33' title="bbox 490 3667 3738 3752">
     <span class='ocr_line' id='line_1_33' title="bbox 490 3667 3738 3752; baseline 0.001 -23"><span class='ocrx_word' id='word_1_367' title='bbox 490 3667 797 3742; x_wconf 85' lang='lat' dir='ltr'><strong>deservit,</strong></span> <span class='ocrx_word' id='word_1_368' title='bbox 833 3668 909 3729; x_wconf 84' lang='lat' dir='ltr'><strong>ad</strong></span> <span class='ocrx_word' id='word_1_369' title='bbox 952 3668 1369 3730; x_wconf 88' lang='lat' dir='ltr'><strong>minuendam</strong></span> <span class='ocrx_word' id='word_1_370' title='bbox 1403 3684 1665 3746; x_wconf 90' lang='lat' dir='ltr'><strong>quoque</strong></span> <span class='ocrx_word' id='word_1_371' title='bbox 1692 3667 1813 3732; x_wconf 89' lang='lat' dir='ltr'><strong>hac</strong></span> <span class='ocrx_word' id='word_1_372' title='bbox 1846 3667 1911 3730; x_wconf 92' lang='lat' dir='ltr'><strong>in</strong></span> <span class='ocrx_word' id='word_1_373' title='bbox 1938 3676 2110 3746; x_wconf 83' lang='lat' dir='ltr'><strong>parte</strong></span> <span class='ocrx_word' id='word_1_374' title='bbox 2149 3669 2331 3729; x_wconf 89' lang='lat' dir='ltr'><strong>illius</strong></span> <span class='ocrx_word' id='word_1_375' title='bbox 2362 3672 2802 3733; x_wconf 87' lang='lat' dir='ltr'><strong>auctoritatem</strong></span> <span class='ocrx_word' id='word_1_376' title='bbox 2834 3690 3024 3752; x_wconf 87' lang='lat' dir='ltr'><strong>quam</strong></span> <span class='ocrx_word' id='word_1_377' title='bbox 3068 3673 3342 3734; x_wconf 79' lang='lat' dir='ltr'><strong>maxime</strong></span> <span class='ocrx_word' id='word_1_378' title='bbox 3377 3672 3527 3734; x_wconf 90' lang='lat' dir='ltr'><strong>facit</strong></span> <span class='ocrx_word' id='word_1_379' title='bbox 3578 3675 3738 3736; x_wconf 85' lang='lat' dir='ltr'><strong>Cum</strong></span> 
     </span>
    </p>
   </div>
   <div class='ocr_carea' id='block_1_34' title="bbox 490 3767 3738 3853">
    <p class='ocr_par' dir='ltr' id='par_1_34' title="bbox 490 3767 3738 3853">
     <span class='ocr_line' id='line_1_34' title="bbox 490 3767 3738 3853; baseline 0.001 -21"><span class='ocrx_word' id='word_1_380' title='bbox 490 3768 665 3832; x_wconf 88' lang='lat' dir='ltr'><strong>enim</strong></span> <span class='ocrx_word' id='word_1_381' title='bbox 717 3768 1145 3830; x_wconf 88' lang='lat' dir='ltr'><strong>controversia</strong></span> <span class='ocrx_word' id='word_1_382' title='bbox 1189 3768 1317 3830; x_wconf 55' lang='lat' dir='ltr'><strong>haec</strong></span> <span class='ocrx_word' id='word_1_383' title='bbox 1376 3769 1441 3830; x_wconf 89' lang='lat' dir='ltr'><strong>in</strong></span> <span class='ocrx_word' id='word_1_384' title='bbox 1501 3767 1775 3831; x_wconf 89' lang='lat' dir='ltr'><strong>concilio</strong></span> <span class='ocrx_word' id='word_1_385' title='bbox 1839 3785 1916 3828; x_wconf 84' lang='lat' dir='ltr'><strong>ex</strong></span> <span class='ocrx_word' id='word_1_386' title='bbox 1971 3769 2205 3829; x_wconf 87' lang='lat' dir='ltr'><strong>Graecis</strong></span> <span class='ocrx_word' id='word_1_387' title='bbox 2261 3769 2662 3849; x_wconf 87' lang='lat' dir='ltr'><strong>Latinisque</strong></span> <span class='ocrx_word' id='word_1_388' title='bbox 2700 3781 2914 3834; x_wconf 85' lang='lat' dir='ltr'><strong>coacto</strong></span> <span class='ocrx_word' id='word_1_389' title='bbox 2992 3776 3280 3836; x_wconf 86' lang='lat' dir='ltr'><strong>nondum</strong></span> <span class='ocrx_word' id='word_1_390' title='bbox 3337 3777 3479 3836; x_wconf 87' lang='lat' dir='ltr'><strong>data</strong></span> <span class='ocrx_word' id='word_1_391' title='bbox 3545 3791 3738 3853; x_wconf 88' lang='lat' dir='ltr'><strong>opera</strong></span> 
     </span>
    </p>
   </div>
   <div class='ocr_carea' id='block_1_35' title="bbox 491 3869 3737 3954">
    <p class='ocr_par' dir='ltr' id='par_1_35' title="bbox 491 3869 3737 3954">
     <span class='ocr_line' id='line_1_35' title="bbox 491 3869 3737 3954; baseline 0.002 -23"><span class='ocrx_word' id='word_1_392' title='bbox 491 3869 948 3947; x_wconf 89' lang='lat' dir='ltr'><strong>communique</strong></span> <span class='ocrx_word' id='word_1_393' title='bbox 993 3884 1312 3929; x_wconf 88' lang='lat' dir='ltr'><strong>consensu</strong></span> <span class='ocrx_word' id='word_1_394' title='bbox 1349 3869 1633 3948; x_wconf 88' lang='lat' dir='ltr'><strong>subjecta</strong></span> <span class='ocrx_word' id='word_1_395' title='bbox 1664 3875 1833 3930; x_wconf 87' lang='lat' dir='ltr'><strong>esset</strong></span> <span class='ocrx_word' id='word_1_396' title='bbox 1859 3869 2166 3945; x_wconf 83' lang='lat' dir='ltr'><strong>examini,</strong></span> <span class='ocrx_word' id='word_1_397' title='bbox 2196 3871 2366 3948; x_wconf 88' lang='lat' dir='ltr'><strong>quod</strong></span> <span class='ocrx_word' id='word_1_398' title='bbox 2406 3871 2610 3947; x_wconf 87' lang='lat' dir='ltr'><strong>primo</strong></span> <span class='ocrx_word' id='word_1_399' title='bbox 2641 3870 2872 3934; x_wconf 85' lang='lat' dir='ltr'><strong>factum</strong></span> <span class='ocrx_word' id='word_1_400' title='bbox 2893 3882 2987 3935; x_wconf 88' lang='lat' dir='ltr'><strong>est</strong></span> <span class='ocrx_word' id='word_1_401' title='bbox 3021 3874 3084 3937; x_wconf 87' lang='lat' dir='ltr'><strong>in</strong></span> <span class='ocrx_word' id='word_1_402' title='bbox 3120 3875 3421 3954; x_wconf 75' lang='lat' dir='ltr'><strong>praedicta</strong></span> <span class='ocrx_word' id='word_1_403' title='bbox 3452 3875 3737 3954; x_wconf 85' lang='lat' dir='ltr'><strong>generali</strong></span> 
     </span>
    </p>
   </div>
   <div class='ocr_carea' id='block_1_36' title="bbox 491 3966 3737 4051">
    <p class='ocr_par' dir='ltr' id='par_1_36' title="bbox 491 3966 3737 4051">
     <span class='ocr_line' id='line_1_36' title="bbox 491 3966 3737 4051; baseline 0.001 -19"><span class='ocrx_word' id='word_1_404' title='bbox 491 3971 764 4051; x_wconf 79' lang='lat' dir='ltr'><strong>synodo,</strong></span> <span class='ocrx_word' id='word_1_405' title='bbox 825 3970 1120 4049; x_wconf 84' lang='lat' dir='ltr'><strong>ignorare</strong></span> <span class='ocrx_word' id='word_1_406' title='bbox 1149 3968 1204 4029; x_wconf 92' lang='lat' dir='ltr'><strong>is</strong></span> <span class='ocrx_word' id='word_1_407' title='bbox 1240 3968 1426 4030; x_wconf 87' lang='lat' dir='ltr'><strong>facile</strong></span> <span class='ocrx_word' id='word_1_408' title='bbox 1463 3968 1668 4047; x_wconf 88' lang='lat' dir='ltr'><strong>potuit</strong></span> <span class='ocrx_word' id='word_1_409' title='bbox 1717 3966 1956 4046; x_wconf 90' lang='lat' dir='ltr'><strong>quibus</strong></span> <span class='ocrx_word' id='word_1_410' title='bbox 2001 3969 2317 4032; x_wconf 89' lang='lat' dir='ltr'><strong>niteretur</strong></span> <span class='ocrx_word' id='word_1_411' title='bbox 2361 3970 2798 4034; x_wconf 87' lang='lat' dir='ltr'><strong>fundamentis</strong></span> <span class='ocrx_word' id='word_1_412' title='bbox 2834 3973 3212 4036; x_wconf 77' lang='lat' dir='ltr'><strong>Latinorum</strong></span> <span class='ocrx_word' id='word_1_413' title='bbox 3251 3976 3590 4050; x_wconf 89' lang='lat' dir='ltr'><strong>sententia,</strong></span> <span class='ocrx_word' id='word_1_414' title='bbox 3637 3975 3737 4040; x_wconf 89' lang='lat' dir='ltr'><strong>vel</strong></span> 
     </span>
    </p>
   </div>
   <div class='ocr_carea' id='block_1_37' title="bbox 490 4071 3741 4158">
    <p class='ocr_par' dir='ltr' id='par_1_37' title="bbox 490 4071 3741 4158">
     <span class='ocr_line' id='line_1_37' title="bbox 490 4071 3741 4158; baseline 0.001 -23"><span class='ocrx_word' id='word_1_415' title='bbox 490 4092 621 4155; x_wconf 88' lang='lat' dir='ltr'><strong>quo</strong></span> <span class='ocrx_word' id='word_1_416' title='bbox 651 4076 950 4143; x_wconf 80' lang='lat' dir='ltr'><strong>in.sensu</strong></span> <span class='ocrx_word' id='word_1_417' title='bbox 988 4079 1349 4134; x_wconf 89' lang='lat' dir='ltr'><strong>assererent</strong></span> <span class='ocrx_word' id='word_1_418' title='bbox 1379 4071 1481 4145; x_wconf 90' lang='lat' dir='ltr'><strong>hi,</strong></span> <span class='ocrx_word' id='word_1_419' title='bbox 1507 4071 1817 4152; x_wconf 89' lang='lat' dir='ltr'><strong>Spiritum</strong></span> <span class='ocrx_word' id='word_1_420' title='bbox 1853 4079 2138 4134; x_wconf 80' lang='lat' dir='ltr'><strong>sanctum</strong></span> <span class='ocrx_word' id='word_1_421' title='bbox 2173 4073 2365 4135; x_wconf 91' lang='lat' dir='ltr'><strong>etiam</strong></span> <span class='ocrx_word' id='word_1_422' title='bbox 2404 4091 2434 4136; x_wconf 88' lang='lat' dir='ltr'><strong>a</strong></span> <span class='ocrx_word' id='word_1_423' title='bbox 2484 4075 2650 4136; x_wconf 91' lang='lat' dir='ltr'><strong>Filio</strong></span> <span class='ocrx_word' id='word_1_424' title='bbox 2698 4077 3072 4154; x_wconf 85' lang='lat' dir='ltr'><strong>procedere,</strong></span> <span class='ocrx_word' id='word_1_425' title='bbox 3119 4087 3180 4139; x_wconf 89' lang='lat' dir='ltr'><strong>et</strong></span> <span class='ocrx_word' id='word_1_426' title='bbox 3224 4095 3424 4158; x_wconf 90' lang='lat' dir='ltr'><strong>quam</strong></span> <span class='ocrx_word' id='word_1_427' title='bbox 3458 4079 3741 4156; x_wconf 87' lang='lat' dir='ltr'><strong>legitima</strong></span> 
     </span>
    </p>
   </div>
   <div class='ocr_carea' id='block_1_38' title="bbox 494 4175 3738 4257">
    <p class='ocr_par' dir='ltr' id='par_1_38' title="bbox 494 4175 3738 4257">
     <span class='ocr_line' id='line_1_38' title="bbox 494 4175 3738 4257; baseline 0.001 -16"><span class='ocrx_word' id='word_1_428' title='bbox 494 4179 656 4241; x_wconf 90' lang='lat' dir='ltr'><strong>ratio</strong></span> <span class='ocrx_word' id='word_1_429' title='bbox 691 4195 808 4239; x_wconf 90' lang='lat' dir='ltr'><strong>seu</strong></span> <span class='ocrx_word' id='word_1_430' title='bbox 841 4193 1033 4238; x_wconf 89' lang='lat' dir='ltr'><strong>causa</strong></span> <span class='ocrx_word' id='word_1_431' title='bbox 1066 4177 1160 4237; x_wconf 89' lang='lat' dir='ltr'><strong>eis</strong></span> <span class='ocrx_word' id='word_1_432' title='bbox 1194 4175 1414 4249; x_wconf 88' lang='lat' dir='ltr'><strong>fuerit,</strong></span> <span class='ocrx_word' id='word_1_433' title='bbox 1453 4182 1522 4236; x_wconf 89' lang='lat' dir='ltr'><strong>ut</strong></span> <span class='ocrx_word' id='word_1_434' title='bbox 1562 4175 1933 4252; x_wconf 89' lang='lat' dir='ltr'><strong>particulam</strong></span> <span class='ocrx_word' id='word_1_435' title='bbox 1975 4175 2264 4255; x_wconf 81' lang='lat' dir='ltr'><strong>Filioque</strong></span> <span class='ocrx_word' id='word_1_436' title='bbox 2292 4177 2354 4237; x_wconf 91' lang='lat' dir='ltr'><strong>in</strong></span> <span class='ocrx_word' id='word_1_437' title='bbox 2397 4185 2662 4239; x_wconf 63' lang='lat' dir='ltr'><strong>suasmet</strong></span> <span class='ocrx_word' id='word_1_438' title='bbox 2691 4196 2876 4241; x_wconf 90' lang='lat' dir='ltr'><strong>usum</strong></span> <span class='ocrx_word' id='word_1_439' title='bbox 2911 4180 3214 4242; x_wconf 77' lang='lat' dir='ltr'><strong>Ecclesiae</strong></span> <span class='ocrx_word' id='word_1_440' title='bbox 3243 4180 3546 4257; x_wconf 73' lang='lat' dir='ltr'><strong>Symbolo</strong></span> <span class='ocrx_word' id='word_1_441' title='bbox 3592 4182 3738 4243; x_wconf 84' lang='lat' dir='ltr'><strong>ﬁdei</strong></span> 
     </span>
    </p>
   </div>
   <div class='ocr_carea' id='block_1_39' title="bbox 491 4276 3741 4359">
    <p class='ocr_par' dir='ltr' id='par_1_39' title="bbox 491 4276 3741 4359">
     <span class='ocr_line' id='line_1_39' title="bbox 491 4276 3741 4359; baseline 0.001 -21"><span class='ocrx_word' id='word_1_442' title='bbox 491 4277 916 4354; x_wconf 85' lang='lat' dir='ltr'><strong>adjiciendam</strong></span> <span class='ocrx_word' id='word_1_443' title='bbox 953 4277 1257 4353; x_wconf 87' lang='lat' dir='ltr'><strong>putarint.</strong></span> <span class='ocrx_word' id='word_1_444' title='bbox 1307 4278 1452 4337; x_wconf 61' lang='lat' dir='ltr'><strong>Haec</strong></span> <span class='ocrx_word' id='word_1_445' title='bbox 1482 4278 1694 4354; x_wconf 86' lang='lat' dir='ltr'><strong>reipsa</strong></span> <span class='ocrx_word' id='word_1_446' title='bbox 1726 4277 1804 4337; x_wconf 89' lang='lat' dir='ltr'><strong>ab</strong></span> <span class='ocrx_word' id='word_1_447' title='bbox 1834 4276 2319 4356; x_wconf 83' lang='lat' dir='ltr'><strong>Tlteophylacto</strong></span> <span class='ocrx_word' id='word_1_448' title='bbox 2355 4279 2642 4355; x_wconf 88' lang='lat' dir='ltr'><strong>ignorata</strong></span> <span class='ocrx_word' id='word_1_449' title='bbox 2676 4280 2904 4354; x_wconf 91' lang='lat' dir='ltr'><strong>fuisse,</strong></span> <span class='ocrx_word' id='word_1_450' title='bbox 2938 4282 3217 4343; x_wconf 85' lang='lat' dir='ltr'><strong>dubitari</strong></span> <span class='ocrx_word' id='word_1_451' title='bbox 3267 4283 3371 4343; x_wconf 87' lang='lat' dir='ltr'><strong>vix</strong></span> <span class='ocrx_word' id='word_1_452' title='bbox 3415 4289 3645 4359; x_wconf 86' lang='lat' dir='ltr'><strong>potest,</strong></span> <span class='ocrx_word' id='word_1_453' title='bbox 3683 4283 3741 4342; x_wconf 90' lang='lat' dir='ltr'><strong>si</strong></span> 
     </span>
    </p>
   </div>
   <div class='ocr_carea' id='block_1_40' title="bbox 493 4376 3737 4458">
    <p class='ocr_par' dir='ltr' id='par_1_40' title="bbox 493 4376 3737 4458">
     <span class='ocr_line' id='line_1_40' title="bbox 493 4376 3737 4458; baseline 0.002 -19"><span class='ocrx_word' id='word_1_454' title='bbox 493 4385 865 4456; x_wconf 87' lang='lat' dir='ltr'><strong>argumenta</strong></span> <span class='ocrx_word' id='word_1_455' title='bbox 895 4377 1085 4456; x_wconf 89' lang='lat' dir='ltr'><strong>queis</strong></span> <span class='ocrx_word' id='word_1_456' title='bbox 1115 4393 1293 4437; x_wconf 90' lang='lat' dir='ltr'><strong>suam</strong></span> <span class='ocrx_word' id='word_1_457' title='bbox 1326 4376 1466 4452; x_wconf 90' lang='lat' dir='ltr'><strong>ipse</strong></span> <span class='ocrx_word' id='word_1_458' title='bbox 1495 4392 1749 4438; x_wconf 84' lang='lat' dir='ltr'><strong>causam</strong></span> <span class='ocrx_word' id='word_1_459' title='bbox 1784 4386 2169 4455; x_wconf 84' lang='lat' dir='ltr'><strong>propugnat,</strong></span> <span class='ocrx_word' id='word_1_460' title='bbox 2217 4377 2406 4454; x_wconf 87' lang='lat' dir='ltr'><strong>paulo</strong></span> <span class='ocrx_word' id='word_1_461' title='bbox 2450 4379 2764 4446; x_wconf 32' lang='lat' dir='ltr'><strong>attentius,</strong></span> <span class='ocrx_word' id='word_1_462' title='bbox 2810 4383 3278 4458; x_wconf 77' lang='lat' dir='ltr'><strong>expenduntur.</strong></span> <span class='ocrx_word' id='word_1_463' title='bbox 3325 4385 3508 4446; x_wconf 81' lang='lat' dir='ltr'><strong>Anne</strong></span> <span class='ocrx_word' id='word_1_464' title='bbox 3562 4384 3737 4444; x_wconf 89' lang='lat' dir='ltr'><strong>enim</strong></span> 
     </span>
    </p>
   </div>
   <div class='ocr_carea' id='block_1_41' title="bbox 499 4477 3744 4568">
    <p class='ocr_par' dir='ltr' id='par_1_41' title="bbox 499 4477 3744 4568">
     <span class='ocr_line' id='line_1_41' title="bbox 499 4477 3744 4568; baseline 0.003 -33"><span class='ocrx_word' id='word_1_465' title='bbox 499 4495 657 4539; x_wconf 85' lang='lat' dir='ltr'><strong>usus</strong></span> <span class='ocrx_word' id='word_1_466' title='bbox 690 4494 973 4556; x_wconf 89' lang='lat' dir='ltr'><strong>unquam</strong></span> <span class='ocrx_word' id='word_1_467' title='bbox 1032 4477 1246 4539; x_wconf 83' lang='lat' dir='ltr'><strong>verbis</strong></span> <span class='ocrx_word' id='word_1_468' title='bbox 1277 4477 1410 4538; x_wconf 91' lang='lat' dir='ltr'><strong>illis</strong></span> <span class='ocrx_word' id='word_1_469' title='bbox 1449 4477 1841 4557; x_wconf 82' lang='lat' dir='ltr'><strong>evangelicis</strong></span> <span class='ocrx_word' id='word_1_470' title='bbox 1897 4477 2125 4540; x_wconf 90' lang='lat' dir='ltr'><strong>fuisset</strong></span> <span class='ocrx_word' id='word_1_471' title='bbox 2165 4499 2176 4516; x_wconf 64' lang='grc' dir='ltr'>ι</span> <span class='ocrx_word' id='word_1_472' title='bbox 2210 4479 2472 4539; x_wconf 83' lang='lat' dir='ltr'><strong>Ostende</strong></span> <span class='ocrx_word' id='word_1_473' title='bbox 2516 4479 2695 4541; x_wconf 86' lang='lat' dir='ltr'><strong>nobis</strong></span> <span class='ocrx_word' id='word_1_474' title='bbox 2742 4483 2991 4568; x_wconf 62' lang='lat' dir='ltr'><strong>.Patrem</strong></span> <span class='ocrx_word' id='word_1_475' title='bbox 3045 4484 3183 4565; x_wconf 89' lang='lat' dir='ltr'><strong>(qui</strong></span> <span class='ocrx_word' id='word_1_476' title='bbox 3247 4503 3475 4564; x_wconf 86' lang='lat' dir='ltr'><strong>nempe</strong></span> <span class='ocrx_word' id='word_1_477' title='bbox 3520 4487 3744 4548; x_wconf 85' lang='lat' dir='ltr'><strong>doceat</strong></span> 
     </span>
    </p>
   </div>
   <div class='ocr_carea' id='block_1_42' title="bbox 495 4579 3744 4663">
    <p class='ocr_par' dir='ltr' id='par_1_42' title="bbox 495 4579 3744 4663">
     <span class='ocr_line' id='line_1_42' title="bbox 495 4579 3744 4663; baseline 0.005 -25"><span class='ocrx_word' id='word_1_478' title='bbox 495 4579 798 4655; x_wconf 88' lang='lat' dir='ltr'><strong>Spiritum</strong></span> <span class='ocrx_word' id='word_1_479' title='bbox 827 4586 1110 4640; x_wconf 88' lang='lat' dir='ltr'><strong>sanctum</strong></span> <span class='ocrx_word' id='word_1_480' title='bbox 1138 4595 1172 4640; x_wconf 88' lang='lat' dir='ltr'><strong>a</strong></span> <span class='ocrx_word' id='word_1_481' title='bbox 1204 4579 1367 4641; x_wconf 89' lang='lat' dir='ltr'><strong>Filio</strong></span> <span class='ocrx_word' id='word_1_482' title='bbox 1395 4581 1790 4659; x_wconf 90' lang='lat' dir='ltr'><strong>procedere),</strong></span> <span class='ocrx_word' id='word_1_483' title='bbox 1814 4589 1871 4641; x_wconf 89' lang='lat' dir='ltr'><strong>et</strong></span> <span class='ocrx_word' id='word_1_484' title='bbox 1897 4581 2131 4661; x_wconf 76' lang='lat' dir='ltr'><strong>sufﬁcit</strong></span> <span class='ocrx_word' id='word_1_485' title='bbox 2164 4580 2343 4642; x_wconf 86' lang='lat' dir='ltr'><strong>nobis</strong></span> <span class='ocrx_word' id='word_1_486' title='bbox 2377 4581 2483 4662; x_wconf 78' lang='grc' dir='ltr'><strong>(ὑ),</strong></span> <span class='ocrx_word' id='word_1_487' title='bbox 2524 4583 2580 4642; x_wconf 89' lang='lat' dir='ltr'><strong>si</strong></span> <span class='ocrx_word' id='word_1_488' title='bbox 2620 4586 3050 4662; x_wconf 87' lang='lat' dir='ltr'><strong>cognovisset,</strong></span> <span class='ocrx_word' id='word_1_489' title='bbox 3087 4594 3176 4649; x_wconf 88' lang='lat' dir='ltr'><strong>tot</strong></span> <span class='ocrx_word' id='word_1_490' title='bbox 3212 4606 3355 4650; x_wconf 89' lang='lat' dir='ltr'><strong>esse</strong></span> <span class='ocrx_word' id='word_1_491' title='bbox 3404 4590 3642 4663; x_wconf 88' lang='lat' dir='ltr'><strong>Patres,</strong></span> <span class='ocrx_word' id='word_1_492' title='bbox 3676 4600 3744 4653; x_wconf 87' lang='lat' dir='ltr'><strong>et</strong></span> 
     </span>
    </p>
   </div>
   <div class='ocr_carea' id='block_1_43' title="bbox 493 4672 3744 4768">
    <p class='ocr_par' dir='ltr' id='par_1_43' title="bbox 493 4672 3744 4768">
     <span class='ocr_line' id='line_1_43' title="bbox 493 4672 3744 4768; baseline 0.003 -29"><span class='ocrx_word' id='word_1_493' title='bbox 493 4678 978 4757; x_wconf 84' lang='lat' dir='ltr'><strong>probatissimos</strong></span> <span class='ocrx_word' id='word_1_494' title='bbox 1009 4672 1295 4758; x_wconf 84' lang='lat' dir='ltr'><strong>quidem,</strong></span> <span class='ocrx_word' id='word_1_495' title='bbox 1322 4687 1383 4742; x_wconf 91' lang='lat' dir='ltr'><strong>et</strong></span> <span class='ocrx_word' id='word_1_496' title='bbox 1413 4697 1540 4744; x_wconf 91' lang='lat' dir='ltr'><strong>non</strong></span> <span class='ocrx_word' id='word_1_497' title='bbox 1571 4683 1761 4744; x_wconf 89' lang='lat' dir='ltr'><strong>modo</strong></span> <span class='ocrx_word' id='word_1_498' title='bbox 1800 4682 2081 4754; x_wconf 89' lang='lat' dir='ltr'><strong>Latinos,</strong></span> <span class='ocrx_word' id='word_1_499' title='bbox 2115 4681 2227 4758; x_wconf 93' lang='lat' dir='ltr'><strong>qui</strong></span> <span class='ocrx_word' id='word_1_500' title='bbox 2250 4681 2525 4744; x_wconf 88' lang='lat' dir='ltr'><strong>ﬂoruere</strong></span> <span class='ocrx_word' id='word_1_501' title='bbox 2546 4693 2692 4746; x_wconf 86' lang='lat' dir='ltr'><strong>ante</strong></span> <span class='ocrx_word' id='word_1_502' title='bbox 2719 4686 3146 4749; x_wconf 89' lang='lat' dir='ltr'><strong>dissensionis</strong></span> <span class='ocrx_word' id='word_1_503' title='bbox 3180 4688 3439 4750; x_wconf 80' lang='lat' dir='ltr'><strong>i-nitiUm</strong></span> <span class='ocrx_word' id='word_1_504' title='bbox 3475 4688 3744 4768; x_wconf 86' lang='lat' dir='ltr'><strong>(quibus</strong></span> 
     </span>
    </p>
   </div>
   <div class='ocr_carea' id='block_1_44' title="bbox 501 4783 3746 4876">
    <p class='ocr_par' dir='ltr' id='par_1_44' title="bbox 501 4783 3746 4876">
     <span class='ocr_line' id='line_1_44' title="bbox 501 4783 3746 4876; baseline 0.002 -31"><span class='ocrx_word' id='word_1_505' title='bbox 501 4784 768 4864; x_wconf 87' lang='lat' dir='ltr'><strong>proinde</strong></span> <span class='ocrx_word' id='word_1_506' title='bbox 798 4783 1206 4862; x_wconf 78' lang='lat' dir='ltr'><strong>probatorum</strong></span> <span class='ocrx_word' id='word_1_507' title='bbox 1232 4786 1492 4846; x_wconf 86' lang='lat' dir='ltr'><strong>Patrum</strong></span> <span class='ocrx_word' id='word_1_508' title='bbox 1523 4799 1584 4848; x_wconf 89' lang='lat' dir='ltr'><strong>et</strong></span> <span class='ocrx_word' id='word_1_509' title='bbox 1612 4803 1843 4856; x_wconf 90' lang='lat' dir='ltr'><strong>nomen</strong></span> <span class='ocrx_word' id='word_1_510' title='bbox 1877 4795 1939 4849; x_wconf 90' lang='lat' dir='ltr'><strong>et</strong></span> <span class='ocrx_word' id='word_1_511' title='bbox 1974 4785 2238 4864; x_wconf 89' lang='lat' dir='ltr'><strong>gradum</strong></span> <span class='ocrx_word' id='word_1_512' title='bbox 2274 4803 2462 4848; x_wconf 86' lang='lat' dir='ltr'><strong>nemo</strong></span> <span class='ocrx_word' id='word_1_513' title='bbox 2502 4805 2678 4863; x_wconf 86' lang='lat' dir='ltr'><strong>sane,</strong></span> <span class='ocrx_word' id='word_1_514' title='bbox 2701 4791 2811 4868; x_wconf 88' lang='lat' dir='ltr'><strong>qui</strong></span> <span class='ocrx_word' id='word_1_515' title='bbox 2841 4799 3006 4853; x_wconf 86' lang='lat' dir='ltr'><strong>recte</strong></span> <span class='ocrx_word' id='word_1_516' title='bbox 3040 4791 3291 4876; x_wconf 81' lang='lat' dir='ltr'><strong>sentiat,</strong></span> <span class='ocrx_word' id='word_1_517' title='bbox 3319 4791 3746 4873; x_wconf 78' lang='lat' dir='ltr'><strong>abjudicarit),</strong></span> 
     </span>
    </p>
   </div>
   <div class='ocr_carea' id='block_1_45' title="bbox 498 4886 3747 4973">
    <p class='ocr_par' dir='ltr' id='par_1_45' title="bbox 498 4886 3747 4973">
     <span class='ocr_line' id='line_1_45' title="bbox 498 4886 3747 4973; baseline 0.002 -26"><span class='ocrx_word' id='word_1_518' title='bbox 498 4888 608 4947; x_wconf 88' lang='lat' dir='ltr'><strong>sed</strong></span> <span class='ocrx_word' id='word_1_519' title='bbox 645 4886 833 4947; x_wconf 86' lang='lat' dir='ltr'><strong>etiam</strong></span> <span class='ocrx_word' id='word_1_520' title='bbox 865 4888 1140 4956; x_wconf 59' lang='lat' dir='ltr'><strong>Graecos,</strong></span> <span class='ocrx_word' id='word_1_521' title='bbox 1170 4887 1283 4966; x_wconf 91' lang='lat' dir='ltr'><strong>qui</strong></span> <span class='ocrx_word' id='word_1_522' title='bbox 1307 4893 1590 4948; x_wconf 83' lang='lat' dir='ltr'><strong>n05tram</strong></span> <span class='ocrx_word' id='word_1_523' title='bbox 1624 4886 1946 4948; x_wconf 86' lang='lat' dir='ltr'><strong>tradidere</strong></span> <span class='ocrx_word' id='word_1_524' title='bbox 1978 4887 2409 4949; x_wconf 88' lang='lat' dir='ltr'><strong>sententiam?</strong></span> <span class='ocrx_word' id='word_1_525' title='bbox 2431 4889 2550 4952; x_wconf 83' lang='lat' dir='ltr'><strong>Hic</strong></span> <span class='ocrx_word' id='word_1_526' title='bbox 2578 4908 2754 4965; x_wconf 90' lang='lat' dir='ltr'><strong>vero,</strong></span> <span class='ocrx_word' id='word_1_527' title='bbox 2780 4901 3120 4970; x_wconf 87' lang='lat' dir='ltr'><strong>antequam</strong></span> <span class='ocrx_word' id='word_1_528' title='bbox 3150 4894 3312 4954; x_wconf 86' lang='lat' dir='ltr'><strong>ultra</strong></span> <span class='ocrx_word' id='word_1_529' title='bbox 3345 4895 3747 4973; x_wconf 82' lang='lat' dir='ltr'><strong>progredior,</strong></span> 
     </span>
    </p>
   </div>
   <div class='ocr_carea' id='block_1_46' title="bbox 501 4985 3748 5074">
    <p class='ocr_par' dir='ltr' id='par_1_46' title="bbox 501 4985 3748 5074">
     <span class='ocr_line' id='line_1_46' title="bbox 501 4985 3748 5074; baseline 0.003 -27"><span class='ocrx_word' id='word_1_530' title='bbox 501 4985 800 5047; x_wconf 88' lang='lat' dir='ltr'><strong>cohibere</strong></span> <span class='ocrx_word' id='word_1_531' title='bbox 842 5001 940 5045; x_wconf 91' lang='lat' dir='ltr'><strong>me</strong></span> <span class='ocrx_word' id='word_1_532' title='bbox 973 4999 1103 5046; x_wconf 90' lang='lat' dir='ltr'><strong>non</strong></span> <span class='ocrx_word' id='word_1_533' title='bbox 1145 5002 1431 5063; x_wconf 88' lang='lat' dir='ltr'><strong>possum,</strong></span> <span class='ocrx_word' id='word_1_534' title='bbox 1469 4986 1630 5064; x_wconf 90' lang='lat' dir='ltr'><strong>quin</strong></span> <span class='ocrx_word' id='word_1_535' title='bbox 1667 4986 2078 5048; x_wconf 88' lang='lat' dir='ltr'><strong>vehementer</strong></span> <span class='ocrx_word' id='word_1_536' title='bbox 2103 5004 2336 5067; x_wconf 86' lang='lat' dir='ltr'><strong>querar</strong></span> <span class='ocrx_word' id='word_1_537' title='bbox 2366 4993 2909 5070; x_wconf 86' lang='lat' dir='ltr'><strong>expostulemque</strong></span> <span class='ocrx_word' id='word_1_538' title='bbox 2943 4993 3020 5054; x_wconf 92' lang='lat' dir='ltr'><strong>de</strong></span> <span class='ocrx_word' id='word_1_539' title='bbox 3052 4995 3458 5068; x_wconf 87' lang='lat' dir='ltr'><strong>apertissima</strong></span> <span class='ocrx_word' id='word_1_540' title='bbox 3510 4995 3748 5074; x_wconf 85' lang='lat' dir='ltr'><strong>injuria</strong></span> 
     </span>
    </p>
   </div>
   <div class='ocr_carea' id='block_1_47' title="bbox 502 5085 3747 5165">
    <p class='ocr_par' dir='ltr' id='par_1_47' title="bbox 502 5085 3747 5165">
     <span class='ocr_line' id='line_1_47' title="bbox 502 5085 3747 5165; baseline 0.002 -17"><span class='ocrx_word' id='word_1_541' title='bbox 502 5102 694 5165; x_wconf 91' lang='lat' dir='ltr'><strong>quam</strong></span> <span class='ocrx_word' id='word_1_542' title='bbox 743 5085 942 5148; x_wconf 80' lang='lat' dir='ltr'><strong>Graeci</strong></span> <span class='ocrx_word' id='word_1_543' title='bbox 994 5096 1228 5149; x_wconf 85' lang='lat' dir='ltr'><strong>nostrae</strong></span> <span class='ocrx_word' id='word_1_544' title='bbox 1283 5085 1476 5162; x_wconf 92' lang='lat' dir='ltr'><strong>hujus</strong></span> <span class='ocrx_word' id='word_1_545' title='bbox 1532 5087 1728 5146; x_wconf 58' lang='lat' dir='ltr'><strong>relatis</strong></span> <span class='ocrx_word' id='word_1_546' title='bbox 1759 5103 1889 5148; x_wconf 91' lang='lat' dir='ltr'><strong>non</strong></span> <span class='ocrx_word' id='word_1_547' title='bbox 1925 5089 2163 5150; x_wconf 71' lang='lat' dir='ltr'><strong>Latium</strong></span> <span class='ocrx_word' id='word_1_548' title='bbox 2209 5097 2478 5163; x_wconf 90' lang='lat' dir='ltr'><strong>tantum,</strong></span> <span class='ocrx_word' id='word_1_549' title='bbox 2524 5092 2639 5152; x_wconf 89' lang='lat' dir='ltr'><strong>sed</strong></span> <span class='ocrx_word' id='word_1_550' title='bbox 2693 5099 2755 5152; x_wconf 90' lang='lat' dir='ltr'><strong>et</strong></span> <span class='ocrx_word' id='word_1_551' title='bbox 2795 5094 3118 5156; x_wconf 68' lang='lat' dir='ltr'><strong>universa)</strong></span> <span class='ocrx_word' id='word_1_552' title='bbox 3169 5095 3474 5156; x_wconf 65' lang='lat' dir='ltr'><strong>Ecclesiae</strong></span> <span class='ocrx_word' id='word_1_553' title='bbox 3506 5095 3747 5155; x_wconf 86' lang='lat' dir='ltr'><strong>inferre</strong></span> 
     </span>
    </p>
   </div>
   <div class='ocr_carea' id='block_1_48' title="bbox 505 5175 3754 5272">
    <p class='ocr_par' dir='ltr' id='par_1_48' title="bbox 505 5175 3754 5272">
     <span class='ocr_line' id='line_1_48' title="bbox 505 5175 3754 5272; baseline 0.002 -24"><span class='ocrx_word' id='word_1_554' title='bbox 505 5187 673 5249; x_wconf 87' lang='lat' dir='ltr'><strong>haud</strong></span> <span class='ocrx_word' id='word_1_555' title='bbox 734 5175 1173 5262; x_wconf 77' lang='lat' dir='ltr'><strong>reformidant,</strong></span> <span class='ocrx_word' id='word_1_556' title='bbox 1234 5189 1387 5250; x_wconf 90' lang='lat' dir='ltr'><strong>dum</strong></span> <span class='ocrx_word' id='word_1_557' title='bbox 1449 5188 1950 5250; x_wconf 85' lang='lat' dir='ltr'><strong>controversiam</strong></span> <span class='ocrx_word' id='word_1_558' title='bbox 2009 5189 2170 5251; x_wconf 88' lang='lat' dir='ltr'><strong>hanc</strong></span> <span class='ocrx_word' id='word_1_559' title='bbox 2217 5190 2366 5254; x_wconf 87' lang='lat' dir='ltr'><strong>ﬁdei</strong></span> <span class='ocrx_word' id='word_1_560' title='bbox 2433 5191 2509 5253; x_wconf 90' lang='lat' dir='ltr'><strong>ad</strong></span> <span class='ocrx_word' id='word_1_561' title='bbox 2566 5194 2817 5253; x_wconf 85' lang='lat' dir='ltr'><strong>Graecos</strong></span> <span class='ocrx_word' id='word_1_562' title='bbox 2872 5199 3115 5254; x_wconf 85' lang='lat' dir='ltr'><strong>tantum</strong></span> <span class='ocrx_word' id='word_1_563' title='bbox 3162 5194 3547 5272; x_wconf 81' lang='lat' dir='ltr'><strong>exigendam</strong></span> <span class='ocrx_word' id='word_1_564' title='bbox 3606 5210 3754 5254; x_wconf 87' lang='lat' dir='ltr'><strong>esse</strong></span> 
     </span>
    </p>
   </div>
   <div class='ocr_carea' id='block_1_49' title="bbox 507 5289 3758 5366">
    <p class='ocr_par' dir='ltr' id='par_1_49' title="bbox 507 5289 3758 5366">
     <span class='ocr_line' id='line_1_49' title="bbox 507 5289 3758 5366; baseline 0.002 -15"><span class='ocrx_word' id='word_1_565' title='bbox 507 5292 747 5365; x_wconf 86' lang='lat' dir='ltr'><strong>Patres,</strong></span> <span class='ocrx_word' id='word_1_566' title='bbox 799 5308 900 5352; x_wconf 82' lang='lat' dir='ltr'><strong>ex</strong></span> <span class='ocrx_word' id='word_1_567' title='bbox 936 5306 1290 5366; x_wconf 85' lang='lat' dir='ltr'><strong>eorumque</strong></span> <span class='ocrx_word' id='word_1_568' title='bbox 1349 5289 1599 5366; x_wconf 86' lang='lat' dir='ltr'><strong>placitis</strong></span> <span class='ocrx_word' id='word_1_569' title='bbox 1653 5290 2084 5352; x_wconf 82' lang='lat' dir='ltr'><strong>definiendam</strong></span> <span class='ocrx_word' id='word_1_570' title='bbox 2144 5310 2283 5355; x_wconf 79' lang='lat' dir='ltr'><strong>esse</strong></span> <span class='ocrx_word' id='word_1_571' title='bbox 2341 5295 2763 5354; x_wconf 86' lang='lat' dir='ltr'><strong>contendunt.</strong></span> <span class='ocrx_word' id='word_1_572' title='bbox 2821 5293 2986 5366; x_wconf 91' lang='lat' dir='ltr'><strong>Quid</strong></span> <span class='ocrx_word' id='word_1_573' title='bbox 3032 5295 3247 5355; x_wconf 90' lang='lat' dir='ltr'><strong>enim?</strong></span> <span class='ocrx_word' id='word_1_574' title='bbox 3291 5297 3384 5355; x_wconf 77' lang='lat' dir='ltr'><strong>An</strong></span> <span class='ocrx_word' id='word_1_575' title='bbox 3442 5293 3758 5356; x_wconf 82' lang='lat' dir='ltr'><strong>catholica</strong></span> 
     </span>
    </p>
   </div>
   <div class='ocr_carea' id='block_1_50' title="bbox 579 5559 3761 5635">
    <p class='ocr_par' dir='ltr' id='par_1_50' title="bbox 579 5559 3761 5635">
     <span class='ocr_line' id='line_1_50' title="bbox 579 5559 3761 5635; baseline -0.001 -18"><span class='ocrx_word' id='word_1_576' title='bbox 579 5566 656 5635; x_wconf 89' lang='lat' dir='ltr'><strong>(a)</strong></span> <span class='ocrx_word' id='word_1_577' title='bbox 697 5563 810 5620; x_wconf 86' lang='lat' dir='ltr'><strong>llac</strong></span> <span class='ocrx_word' id='word_1_578' title='bbox 849 5563 1062 5619; x_wconf 86' lang='lat' dir='ltr'><strong>ratione</strong></span> <span class='ocrx_word' id='word_1_579' title='bbox 1099 5577 1244 5635; x_wconf 72' lang='lat' dir='ltr'><strong>eum</strong></span> <span class='ocrx_word' id='word_1_580' title='bbox 1286 5569 1625 5635; x_wconf 75' lang='lat' dir='ltr'><strong>excusarunt</strong></span> <span class='ocrx_word' id='word_1_581' title='bbox 1677 5571 1928 5635; x_wconf 77' lang='lat' dir='ltr'><strong>auctores</strong></span> <span class='ocrx_word' id='word_1_582' title='bbox 1961 5561 2077 5635; x_wconf 43' lang='lat' dir='ltr'><strong>edif</strong></span> <span class='ocrx_word' id='word_1_583' title='bbox 2182 5565 2397 5618; x_wconf 85' lang='lat' dir='ltr'><strong>locutus</strong></span> <span class='ocrx_word' id='word_1_584' title='bbox 2439 5564 2600 5619; x_wconf 83' lang='lat' dir='ltr'><strong>fuerit</strong></span> <span class='ocrx_word' id='word_1_585' title='bbox 2632 5562 2966 5635; x_wconf 79' lang='lat' dir='ltr'><strong>de_Spiritus</strong></span> <span class='ocrx_word' id='word_1_586' title='bbox 2988 5563 3161 5618; x_wconf 84' lang='lat' dir='ltr'><strong>sancti</strong></span> <span class='ocrx_word' id='word_1_587' title='bbox 3191 5562 3599 5635; x_wconf 81' lang='lat' dir='ltr'><strong>processione),</strong></span> <span class='ocrx_word' id='word_1_588' title='bbox 3626 5559 3761 5630; x_wconf 80' lang='lat' dir='ltr'><strong>quia</strong></span> 
     </span>
    </p>
   </div>
   <div class='ocr_carea' id='block_1_51' title="bbox 505 5631 3765 5705">
    <p class='ocr_par' dir='ltr' id='par_1_51' title="bbox 505 5631 3765 5705">
     <span class='ocr_line' id='line_1_51' title="bbox 505 5631 3765 5705; baseline 0.001 -22"><span class='ocrx_word' id='word_1_589' title='bbox 505 5631 881 5705; x_wconf 9' lang='lat' dir='ltr'><strong>trionumwann.</strong></span> <span class='ocrx_word' id='word_1_590' title='bbox 926 5636 1087 5695; x_wconf 77' lang='grc'><strong>1551,</strong></span> <span class='ocrx_word' id='word_1_591' title='bbox 1119 5633 1255 5688; x_wconf 71' lang='grc'><strong>1542</strong></span> <span class='ocrx_word' id='word_1_592' title='bbox 1282 5641 1334 5686; x_wconf 89' lang='lat' dir='ltr'><strong>et</strong></span> <span class='ocrx_word' id='word_1_593' title='bbox 1363 5632 1520 5705; x_wconf 63' lang='grc'><strong>1554,</strong></span> <span class='ocrx_word' id='word_1_594' title='bbox 1564 5646 1703 5700; x_wconf 85' lang='lat' dir='ltr'><strong>quas</strong></span> <span class='ocrx_word' id='word_1_595' title='bbox 1726 5631 1908 5705; x_wconf 58' lang='lat' dir='ltr'><strong>vigere</strong></span> <span class='ocrx_word' id='word_1_596' title='bbox 1944 5633 2075 5705; x_wconf 79' lang='lat' dir='ltr'><strong>mihi</strong></span> <span class='ocrx_word' id='word_1_597' title='bbox 2184 5637 2397 5689; x_wconf 84' lang='lat' dir='ltr'><strong>minime</strong></span> <span class='ocrx_word' id='word_1_598' title='bbox 2424 5645 2545 5688; x_wconf 82' lang='lat' dir='ltr'><strong>tunc</strong></span> <span class='ocrx_word' id='word_1_599' title='bbox 2583 5637 2647 5688; x_wconf 90' lang='lat' dir='ltr'><strong>ab</strong></span> <span class='ocrx_word' id='word_1_600' title='bbox 2691 5631 2930 5687; x_wconf 75' lang='lat' dir='ltr'><strong>Ecclesia</strong></span> <span class='ocrx_word' id='word_1_601' title='bbox 2969 5631 3256 5689; x_wconf 83' lang='lat' dir='ltr'><strong>universali</strong></span> <span class='ocrx_word' id='word_1_602' title='bbox 3305 5633 3582 5705; x_wconf 75' lang='lat' dir='ltr'><strong>deﬁnitum</strong></span> <span class='ocrx_word' id='word_1_603' title='bbox 3611 5637 3765 5702; x_wconf 78' lang='lat' dir='ltr'><strong>erat,</strong></span> 
     </span>
    </p>
   </div>
   <div class='ocr_carea' id='block_1_52' title="bbox 506 5701 3338 5773">
    <p class='ocr_par' dir='ltr' id='par_1_52' title="bbox 506 5701 3338 5773">
     <span class='ocr_line' id='line_1_52' title="bbox 506 5701 3338 5773; baseline 0.002 -20"><span class='ocrx_word' id='word_1_604' title='bbox 506 5701 682 5773; x_wconf 81' lang='lat' dir='ltr'><strong>I_i_ruit.</strong></span> <span class='ocrx_word' id='word_1_605' title='bbox 713 5704 1136 5758; x_wconf 81' lang='lat' dir='ltr'><strong>Enarrationum</strong></span> <span class='ocrx_word' id='word_1_606' title='bbox 1191 5705 1366 5773; x_wconf 82' lang='lat' dir='ltr'><strong>ipsius</strong></span> <span class='ocrx_word' id='word_1_607' title='bbox 1407 5704 1459 5755; x_wconf 92' lang='lat' dir='ltr'><strong>in</strong></span> <span class='ocrx_word' id='word_1_608' title='bbox 1498 5712 1731 5770; x_wconf 85' lang='lat' dir='ltr'><strong>quatuor</strong></span> <span class='ocrx_word' id='word_1_609' title='bbox 1765 5702 2073 5773; x_wconf 64' lang='lat' dir='ltr'><strong>Evangelia.</strong></span> <span class='ocrx_word' id='word_1_610' title='bbox 2184 5723 2299 5760; x_wconf 71' lang='lat' dir='ltr'><strong>enin</strong></span> <span class='ocrx_word' id='word_1_611' title='bbox 2335 5705 2399 5757; x_wconf 86' lang='lat' dir='ltr'><strong>ab</strong></span> <span class='ocrx_word' id='word_1_612' title='bbox 2432 5716 2650 5772; x_wconf 79' lang='lat' dir='ltr'><strong>utroque</strong></span> <span class='ocrx_word' id='word_1_613' title='bbox 2682 5705 2983 5770; x_wconf 83' lang='lat' dir='ltr'><strong>procedere.</strong></span> <span class='ocrx_word' id='word_1_614' title='bbox 3332 5709 3338 5714; x_wconf 77' lang='grc'>’</span> 
     </span>
    </p>
   </div>
   <div class='ocr_carea' id='block_1_53' title="bbox 511 5769 2651 5846">
    <p class='ocr_par' dir='ltr' id='par_1_53' title="bbox 511 5769 2651 5846">
     <span class='ocr_line' id='line_1_53' title="bbox 511 5769 2651 5846; baseline 0.003 -25"><span class='ocrx_word' id='word_1_615' title='bbox 511 5769 686 5824; x_wconf 77' lang='lat' dir='ltr'><strong>Verba</strong></span> <span class='ocrx_word' id='word_1_616' title='bbox 711 5775 928 5846; x_wconf 78' lang='lat' dir='ltr'><strong>illorum</strong></span> <span class='ocrx_word' id='word_1_617' title='bbox 957 5777 1021 5846; x_wconf 75' lang='lat' dir='ltr'><strong>ad</strong></span> <span class='ocrx_word' id='word_1_618' title='bbox 1041 5769 1238 5829; x_wconf 72' lang='lat' dir='ltr'><strong>calcem</strong></span> <span class='ocrx_word' id='word_1_619' title='bbox 1259 5769 1759 5846; x_wconf 56' lang='lat' dir='ltr'><strong>Joapnisliaecfsunt</strong></span> <span class='ocrx_word' id='word_1_620' title='bbox 1785 5791 1798 5846; x_wconf 82' lang='lat'><strong>:_</strong></span> <span class='ocrx_word' id='word_1_621' title='bbox 1828 5771 2078 5846; x_wconf 78' lang='lat' dir='ltr'><strong>Proptcr-</strong></span> <span class='ocrx_word' id='word_1_622' title='bbox 2259 5776 2332 5846; x_wconf 77' lang='grc' dir='ltr'><strong>(ὁ)</strong></span> <span class='ocrx_word' id='word_1_623' title='bbox 2365 5775 2502 5831; x_wconf 80' lang='lat' dir='ltr'><strong>Num</strong></span> <span class='ocrx_word' id='word_1_624' title='bbox 2561 5769 2651 5830; x_wconf 85' lang='lat' dir='ltr'><strong>lll.</strong></span> 
     </span>
    </p>
   </div>
   <div class='ocr_carea' id='block_1_54' title="bbox 512 5842 2076 5910">
    <p class='ocr_par' dir='ltr' id='par_1_54' title="bbox 512 5842 2076 5910">
     <span class='ocr_line' id='line_1_54' title="bbox 512 5842 2076 5910; baseline 0.003 -15"><span class='ocrx_word' id='word_1_625' title='bbox 512 5859 574 5895; x_wconf 83' lang='lat' dir='ltr'><strong>ea</strong></span> <span class='ocrx_word' id='word_1_626' title='bbox 604 5842 1051 5897; x_wconf 67' lang='lat' dir='ltr'><strong>reprehendendus</strong></span> <span class='ocrx_word' id='word_1_627' title='bbox 1085 5859 1185 5897; x_wconf 88' lang='lat' dir='ltr'><strong>non</strong></span> <span class='ocrx_word' id='word_1_628' title='bbox 1215 5853 1290 5897; x_wconf 78' lang='lat' dir='ltr'><strong>est</strong></span> <span class='ocrx_word' id='word_1_629' title='bbox 1335 5843 1748 5910; x_wconf 62' lang='lat' dir='ltr'><strong>Theojiliulrtctus</strong></span> <span class='ocrx_word' id='word_1_630' title='bbox 1781 5843 1948 5910; x_wconf 83' lang='lat' dir='ltr'><strong>(quod</strong></span> <span class='ocrx_word' id='word_1_631' title='bbox 2007 5847 2076 5899; x_wconf 79' lang='lat' dir='ltr'><strong>ita</strong></span> 
     </span>
    </p>
   </div>
  </div>
