2034 3105
127 116 131 119 ’
170 109 225 142 449
597 111 639 141 ΙΝ
660 111 876 147 SEQUENTIA
895 114 930 144 Τ]

993 114 1183 145 lPHYLACTI
1199 115 1371 147 SCRIPTA.
1744 120 1796 153 450

176 166 316 197 Ecclesia
340 166 421 197 intra
447 166 548 198 solius
570 168 701 198 Gracia!
721 174 768 199 vel
792 169 935 199 Orientis
956 168 1035 199 lines
1059 169 1153 199 etiam
1177 170 1290 209 primis
1320 170 1472 203 Ecclesia-
1497 175 1624 206 saacutis
1645 175 1797 208 conclusa

174 219 261 248 erat?
287 218 348 248 Aut
378 216 485 247 divina
507 217 650 254 traditio,
676 219 771 258 cujus
801 219 928 257 propria
955 218 1013 249 dos
1039 223 1098 257 est,
1120 229 1239 259 semper
1250 224 1285 262 et
1306 221 1420 262 ubique
1443 224 1565 263 vigere,
1581 233 1620 256 ex
1637 224 1797 257 Orientali

173 271 297 298 tantum
315 267 455 297 Ecclesia
475 267 649 299 haurienda
669 270 897 308 pensaudaqne
913 270 982 299 est?
1000 270 1119 308 Ecquis
1132 269 1189 301 hac
1214 272 1420 311 praerogativa
1446 274 1626 306 Orientales
1646 275 1797 306 donavit?

171 319 220 349 An
242 318 401 355 Christus,
425 319 480 357 qui
501 319 713 358 Evangelium
737 320 769 350 in
793 320 946 351 universo
966 321 1086 351 mundo
1112 322 1347 360 priedicandum
1368 324 1490 355 edixit?
1508 326 1556 356 An
1572 326 1722 365 apostoli,
1738 325 1795 365 qui

170 371 253 401 illud
271 371 503 402 annuntiarunt
520 370 640 410 ubique
656 375 830 408 terrarum;
854 379 1033 411 eorumque
1055 372 1243 411 coryphaeus
1264 374 1376 404 Petrus
1398 375 1530 406 Romam
1546 385 1618 407 cum
1643 376 1797 407 doctrina;

170 430 249 456 sum,
265 424 333 451 tum
356 421 451 452 etiam
480 423 647 461 potestatis
673 423 782 454 sedem
810 423 999 454 constituit?
1023 423 1079 454 ubi
1104 424 1199 454 etiam
1221 424 1340 456 Paulus
1361 425 1500 457 doctoris
1514 435 1648 458 munere
1665 428 1795 460 functus

170 471 305 502 biennio
323 475 371 502 est
389 481 396 500 :
415 474 449 502 ut
464 472 504 502 de
519 472 640 502 caeteris
652 472 762 503 sileam
778 473 944 512 apostolis,
962 481 1099 513 quorum
1116 474 1217 513 aliqui
1233 483 1289 514 per
1308 475 1445 514 seipsos,
1463 477 1517 507 alii
1537 487 1593 516 per
1617 479 1795 518 discipulos

169 523 209 554 ab
223 532 259 554 se
275 523 442 554 institutos
459 524 492 553 in
509 524 610 554 varias
627 524 813 555 Occidentis
831 525 1013 563 provincias
1035 535 1070 556 ac
1086 534 1180 565 regna
1202 526 1378 557 doctrinam
1403 529 1618 567 evangelicam
1640 530 1794 561 dissemi-

173 578 304 604 narunt.
331 574 486 610 Quamvis
502 574 602 614 igitur
630 576 754 606 nullum
775 585 812 606 ex
833 576 949 607 Graecis
977 577 1122 607 Patribus
1150 577 1255 608 aﬂ‘erri
1288 582 1395 617 posset
1419 586 1476 616 pro
1508 579 1619 610 Latino
1648 580 1794 620 dogmate

169 625 404 662 testimonium,
434 624 647 657 nonne'satis
675 630 761 657 esset
785 627 949 658 unanimis
982 628 1168 658 Latinorum
1191 629 1320 659 Patrum
1350 628 1521 666 sententia,
1551 634 1585 661 ut
1612 631 1731 662 nedum
1755 633 1794 662 ab

170 674 278 705 omnis
291 674 476 713 suspicione
491 676 609 706 erroris
625 676 855 713 absolveretur,
875 678 930 708 sed
948 678 1042 708 etiam
1059 682 1093 708 ut
1108 678 1261 717 apostolis
1274 679 1354 718 ipsis
1370 678 1542 710 referretur
1558 682 1745 719 acceptum?
1757 683 1795 712 Et

168 731 248 754 sane
266 724 292 754 si
310 723 584 763 Theopbylactum
598 734 661 756 non
680 725 772 757 latuit
788 726 898 758 isthaec
914 727 1098 758 Latinorum
1116 729 1287 760 consensio
1303 729 1444 766 Patrum,
1465 738 1526 769 qua
1545 731 1667 762 ratione
1692 739 1793 762 ausus

171 776 223 804 est
252 772 419 810 afﬁrmare,
444 784 462 804 a
494 774 581 805 nullo
610 785 648 806 επ
667 776 809 815 probatis
838 777 989 808 Patribus
1014 778 1047 809 id
1074 779 1206 815 edoceri,
1231 787 1467 819 provocareque
1509 789 1568 811 nos
1597 782 1793 821 evangelicis

168 824 277 855 verbis
293 836 300 854 :
316 825 448 855 Ostende
463 827 553 857 nobis
566 827 714 858 Patrem?
731 829 778 858 An
801 837 863 859 non
879 830 1009 868 probati
1033 832 1140 862 Patres
1164 832 1343 870 Cyprianus
1364 836 1395 863 et
1420 832 1625 870 Ambrosius,
1654 842 1792 873 quorum

167 875 274 905 utitur
293 875 488 906 testimoniis
506 877 597 907 tertia
614 878 761 916 synodus
777 880 985 917 oecumenica,
1003 880 1072 912 sive
1090 881 1273 920 Ephesina?
1295 882 1407 912 Nonne
1428 881 1674 920 probatissimos
1705 884 1794 913 Pater

168 926 236 955 Leo
256 927 401 964 Magnus,
423 926 521 967 'cujus
543 928 658 968 scripta
675 934 787 968 quarta
810 931 955 970 synodus

989 936 1077 972 τήλην
1094 936 1258 972 ὸρθοδοξίας,
1279 933 1454 963 columnam
1471 933 1668 965 orthodoxiw
1680 934 1792 973 appel-

167 977 259 1008 lavit.
288 979 399 1009 Nonne
431 979 581 1018 probatus
610 981 702 1012 Pater
725 982 945 1021 Augustinus,
976 992 1073 1023 quem
1105 988 1192 1015 sexta
1215 984 1362 1024 synodus
1395 984 1530 1017 summis
1553 989 1719 1023 prosecuta
1746 990 1794 1016 est

164 1030 319 1060 laudibus
333 1039 425 1070 aeque
439 1039 475 1062 ac
492 1031 600 1070 ipsum
612 1033 818 1064 Ambrosium
834 1037 930 1074 atque
945 1036 1107 1067 Leonem?
1120 1035 1152 1066 Si
1171 1043 1246 1067 vero
1262 1036 1322 1067 boc
1334 1035 1389 1067 ille
1404 1036 1577 1075 ignoravit,
1589 1044 1793 1076 consequens

166 1085 228 1117 est,
250 1081 349 1113 multo
371 1082 551 1113 breviorem
577 1084 805 1117 ecclesiasticae
823 1086 1019 1118 eruditionis
1045 1088 1280 1127 supellectilem
1300 1088 1348 1118 illi
1368 1087 1482 1125 fuisse,
1507 1097 1602 1128 quam
1630 1089 1792 1120 decuisset

164 1133 245 1164 tanti
265 1132 407 1163 ncininis
421 1133 698 1174 archiepiscopum
717 1146 725 1166 :
742 1138 890 1177 adeoque
908 1137 1000 1169 illius
1010 1139 1244 1175 auctoritatem,
1258 1139 1296 1170 ad
1314 1139 1375 1169 hoc
1390 1139 1476 1178 quod
1493 1140 1617 1176 attinet,
1641 1148 1704 1170 non
1721 1149 1791 1171 esse

165 1193 359 1225 magnopere
388 1186 578 1220 faciendam.
604 1189 697 1226 Quod
728 1196 806 1220 vero
839 1189 938 1228 magis
970 1189 1130 1228 diSplicet,
1163 1194 1212 1221 est
1255 1190 1335 1220 illud
1363 1191 1450 1228 quod
1475 1190 1584 1221 subdit
1620 1191 1686 1221 :Si
1712 1191 1793 1220 enim

162 1235 319 1274 probatus
352 1240 409 1274 est,
438 1246 502 1267 non
524 1237 627 1272 dixit;
652 1242 681 1268 et
708 1238 737 1268 si
762 1237 861 1275 dixit,
885 1239 1039 1277 probatus
1058 1247 1122 1268 non
1146 1240 1295 1276 est.QutB
1318 1240 1414 1270 verba
1438 1240 1622 1271 limreticum
1639 1240 1790 1279 spiritum

164 1288 315 1319 redolere
333 1288 485 1319 videntur
503 1299 512 1319 :
532 1289 674 1320 hmretici
694 1289 781 1321 enim
798 1298 837 1320 ex
856 1289 1011 1328 opinione
1029 1289 1157 1329 propria
1174 1291 1300 1321 Patrum
1317 1290 1536 1322 auctoritatem
1551 1291 1655 1321 metiri
1673 1291 1789 1329 solent,

164 1337 203 1368 de
221 1346 324 1377 eaque
337 1338 499 1377 judicium
514 1339 597 1370 ferre
615 1350 624 1369 :
640 1339 783 1379 dumque
799 1339 838 1370 ab
857 1339 981 1370 eisdem
997 1340 1207 1377 dissentiunt,
1225 1348 1280 1371 eos
1296 1340 1386 1371 ﬂocci
1407 1349 1442 1372 ac
1458 1341 1552 1372 nihili
1577 1340 1709 1372 faciunt.
1728 1341 1790 1371 Sed

162 1388 278 1419 mitius
294 1389 415 1420 sentire
433 1393 558 1429 praestat
578 1391 617 1422 de
634 1390 886 1431 Theophylacto,
901 1396 997 1431 atque
1014 1400 1049 1423 ea
1066 1392 1162 1424 verba
1177 1393 1317 1432 benigne
1333 1393 1551 1432 interpretari,
1569 1393 1658 1424 velut
1673 1401 1736 1423 non
1751 1400 1790 1422 eo

162 1440 284 1478 spiritu
300 1449 465 1480 sensuque
488 1443 626 1481 prolata;
641 1443 697 1474 sed
715 1443 792 1482 quia
807 1443 868 1474 sibi
889 1444 1026 1474 nimium
1042 1444 1254 1481 blandiretur,
1271 1448 1367 1483 atque
1393 1445 1580 1481 conﬁderet,
1610 1453 1649 1475 ex
1671 1444 1789 1475 Graecis

161 1489 399 1522 illustrioribus
431 1494 553 1524 Patrem
581 1492 716 1531 reperiri
749 1492 911 1524 neminem
941 1501 1050 1531 nosse,
1085 1502 1157 1524 nam
1182 1494 1221 1524 de
1246 1494 1366 1524 Latinis
1391 1494 1469 1525 nihil
1501 1494 1660 1525 sollicitus
1687 1493 1790 1524 fuisse

164 1541 308 1578 videtur,
328 1542 383 1581 qui
401 1542 554 1581 Spiritum
570 1545 714 1573 sanctum
730 1542 823 1574 etiam
850 1551 866 1574 a
895 1543 980 1573 Filio
1000 1543 1173 1582 procedere
1191 1543 1368 1574 docuisset.
1394 1544 1535 1574 Pretium
1561 1543 1661 1582 igitur
1684 1550 1791 1581 operaa

163 1594 227 1628 est,
241 1592 421 1623 accuratius
449 1592 658 1632 investigare,
688 1593 807 1633 quibus
831 1593 888 1625 ille
915 1597 947 1624 et
972 1602 1068 1633 quam
1089 1593 1204 1624 validis
1226 1593 1445 1625 fundamentis
1464 1594 1597 1625 innixus
1623 1597 1789 1632 tantopere

161 1643 225 1673 sibi
249 1644 312 1683 ipsi
338 1645 527 1684 prtetideret.
565 1647 625 1678 Sed
645 1647 741 1686 paulo
768 1651 838 1686 post
866 1647 993 1678 videtur
1010 1650 1040 1677 et
1069 1646 1140 1685 ipse
1162 1646 1223 1677 sibi
1247 1655 1311 1678 non
1325 1647 1401 1678 satis
1424 1651 1526 1683 tutus,
1553 1655 1625 1677 cum
1644 1646 1757 1676 subdat
1778 1654 1788 1675 :

160 1695 282 1726 Deinde
304 1697 362 1726 etsi
387 1697 444 1727 hoc
464 1696 619 1733 daremus,
649 1707 715 1728 non
731 1699 839 1737 utique
859 1698 942 1738 quod
967 1698 1076 1728 rarius
1106 1702 1163 1734 est,
1190 1698 1224 1728 in
1246 1702 1462 1737 argumentum
1487 1697 1682 1728 trahendum.
1702 1696 1788 1732 Quid

162 1754 253 1783 vero,
270 1748 296 1777 si
316 1756 378 1778 non
397 1749 489 1787 pauci
503 1749 631 1789 rarique
646 1751 722 1787 sint,
738 1751 857 1781 nedum
877 1751 990 1787 Latini,
1008 1751 1064 1781 sed
1082 1750 1181 1782 Gl'tBCi
1194 1751 1288 1781 etiam
1303 1752 1421 1787 Patres,
1440 1751 1495 1790 qui
1515 1750 1630 1789 dogma
1646 1752 1789 1779 nostrum

162 1799 357 1830 tradiderint
373 1799 420 1830 vel
438 1800 569 1831 disertis
585 1801 635 1831 vel
650 1801 919 1842 aaquivalentibus
941 1802 1068 1832 verbis?

203 1851 324 1881 XXIX.
340 1851 400 1882 Sed
418 1854 588 1890 antequam
606 1852 638 1882 id
655 1853 853 1889 demonstro,
869 1853 942 1892 jure
961 1854 1047 1884 omni
1065 1854 1119 1884 abs
1135 1853 1372 1894 The-ephylacto
1394 1859 1424 1885 et
1443 1852 1588 1884 Photiani
1603 1851 1784 1882 schismatis

160 1901 455 1939 prapugnatoribus
478 1901 618 1940 postulo,
635 1906 668 1933 ut
688 1911 725 1933 ex
741 1911 852 1934 eorum
871 1903 1015 1941 probatis
1037 1903 1183 1933 Patribus
1205 1903 1252 1933 vel
1288 1912 1387 1934 unum
1416 1901 1505 1931 nobis
1525 1901 1700 1938 ostendant,
1731 1902 1788 1940 qui

161 1953 236 1979 ante
250 1949 402 1981 Photiana
418 1951 731 1991 tcmpora‘inﬁciatus
747 1951 856 1988 fuerit,
878 1952 1032 1989 Spiritum
1054 1956 1197 1983 sanctum
1214 1961 1230 1983 a
1250 1952 1333 1982 Filio
1353 1952 1534 1990 procedere.
1564 1952 1623 1981 Sed
1651 1952 1789 1990 quamvis

160 1999 218 2030 diu
234 2001 423 2041 multumque
442 2003 632 2042 /atigentur,
649 2001 790 2033 indicare
808 2011 848 2033 ne
867 2002 999 2032 unicum
1018 2002 1149 2042 quidem
1167 2006 1301 2041 possunt
1317 2003 1561 2042 (Damascenum
1578 2001 1677 2038 enim,
1691 2009 1787 2040 quem

160 2052 268 2082 solum
291 2054 398 2092 specie
414 2053 521 2093 aliqua
552 2054 618 2084 veri
643 2062 805 2093 opponere
826 2054 942 2091 valent,
959 2062 977 2084 a
1001 2054 1094 2084 nobis
1121 2054 1254 2085 minime
1278 2054 1442 2085 dissidere
1459 2057 1568 2093 postea
1588 2053 1788 2085 demonstra-

159 2103 295 2140 bimus).
312 2103 398 2134 Alias
417 2112 491 2134 vero
509 2104 647 2143 dogmati
662 2108 770 2135 nostro
784 2103 937 2134 censendi
952 2103 1082 2134 minime
1095 2108 1169 2134 sunt
1184 2104 1358 2140 adversari,
1377 2103 1434 2142 qui
1451 2103 1501 2134 vel
1517 2103 1575 2134 hac
1593 2104 1631 2133 de
1646 2112 1680 2133 re
1697 2103 1789 2142 peni-

162 2157 216 2184 tus
237 2153 345 2191 silent,
365 2154 413 2185 vel
431 2155 536 2185 solum
556 2154 659 2191 aiunt,
679 2154 833 2193 Spiritum
856 2163 874 2183 a
905 2154 998 2183 Patre
1021 2153 1200 2193 procedere.
1226 2153 1307 2190 Quis
1337 2152 1424 2183 enim
1454 2153 1591 2192 ignarat,
1617 2161 1683 2183 rem
1715 2160 1788 2183 esse

163 2205 258 2244 plane
274 2205 432 2235 diversam
449 2212 511 2234 non
528 2212 682 2240 asserere,
698 2204 852 2242 Spiritum
868 2206 1012 2234 sanctum
1031 2203 1202 2242 procedere
1221 2211 1238 2232 a
1257 2202 1351 2239 Filio,
1368 2207 1464 2242 atque
1480 2202 1512 2233 id
1534 2203 1671 2242 negare?
1698 2202 1788 2233 aliud

162 2255 283 2295 pariter
298 2255 464 2293 afﬁrmare,
481 2264 554 2287 eum
571 2266 590 2286 a
609 2256 704 2287 Patre
719 2257 905 2296 procedere,
928 2256 1016 2287 aliud
1035 2265 1053 2285 a
1067 2255 1133 2286 solo
1151 2255 1269 2286 Patre?
1286 2255 1391 2292 Quare
1407 2254 1591 2285 nullatenus
1607 2253 1788 2293 intelligere

162 2305 265 2341 valeo,
280 2306 445 2345 quomodo
468 2306 725 2346 Theophylactus
741 2313 919 2346 omnesque
938 2305 1083 2337 Photiani
1101 2314 1159 2337 nos
1181 2305 1280 2337 veluti
1306 2305 1432 2336 Christo
1451 2305 1659 2343 Patr-ibusqu'e
1674 2305 1789 2336 adver-

160 2360 268 2388 santes
283 2355 459 2393 traducant,
476 2365 514 2388 eo
529 2357 612 2396 quod
625 2356 812 2395 simpliciter
829 2356 853 2386 ii
878 2359 1031 2392 asseram,
1045 2356 1197 2394 Spiritum
1210 2359 1354 2386 sanctum
1365 2364 1384 2384 a
1398 2355 1491 2385 Patre
1503 2353 1682 2392 procedere,
1693 2359 1788 2393 atque

161 2415 178 2438 a
195 2406 290 2437 nobis
309 2407 376 2438 ﬁeri
392 2408 578 2442 καινοτομίαν,
594 2414 654 2436 seu
664 2406 894 2436 innovationem
907 2406 941 2436 in
955 2405 1014 2445 ﬁde
1026 2406 1230 2442 contendant,
1244 2405 1320 2435 dum
1336 2406 1483 2436 eumdem
1503 2405 1676 2435 asserimus
1692 2405 1787 2436 etiam

161 2468 179 2489 a
197 2458 279 2489 Filio
300 2459 487 2497 procedere;
506 2466 542 2489 ea
560 2457 666 2488 solum
686 2457 808 2488 ratione
824 2457 910 2496 quod
928 2457 1074 2488 Christus
1091 2457 1312 2488 tantummodo
1328 2456 1422 2490 dixit,
1439 2466 1458 2485 a
1479 2456 1586 2486 Patre.
1613 2456 1733 2486 Verum
1760 2457 1787 2486 si

161 2508 241 2547 quid
258 2508 374 2538 addere
389 2511 436 2539 est
453 2508 618 2544 inn0vare,
640 2511 740 2537 curet
762 2507 824 2545 ipsi
850 2507 1016 2547 quidpiam
1043 2507 1164 2538 addunt
1190 2507 1349 2543 dicentes,
1375 2515 1393 2535 a
1418 2505 1484 2535 solo
1508 2506 1626 2536 Patre?
1653 2506 1787 2536 Ubinam

160 2557 321 2594 Christus,
339 2557 393 2587 ubi
411 2559 516 2588 Patres
541 2557 570 2587 id
592 2555 714 2597 (saltem
741 2561 812 2586 ante
840 2556 942 2587 Pliotii
967 2556 1122 2596 tempora)
1149 2557 1337 2587 asseruere?
1365 2556 1449 2593 Quid
1479 2556 1586 2586 enim?
1615 2557 1662 2586 An
1692 2555 1786 2586 nobis

160 2607 346 2646 exprimere
364 2607 511 2643 vetitum,
527 2606 612 2645 quod
633 2605 778 2636 Christus
799 2606 954 2636 Dominus
978 2615 1042 2637 non
1063 2606 1238 2643 expressit;
1264 2605 1330 2636 illis
1356 2606 1494 2636 limitare
1525 2606 1628 2640 liceat,
1658 2604 1744 2643 quod
1769 2613 1786 2635 a

161 2657 292 2688 Christo
307 2656 477 2687 limitatum
499 2665 564 2687 non
581 2657 647 2686 est?
665 2656 696 2686 Si
714 2655 768 2686 ille
785 2664 849 2687 non
864 2656 960 2693 dixit,
977 2656 1132 2695 Spiritum
1149 2659 1293 2687 sanctum
1316 2665 1332 2687 a
1359 2657 1453 2692 Filio,
1476 2655 1535 2686 hoc
1561 2659 1609 2685 est
1631 2663 1648 2685 ει
1676 2654 1786 2692 seipso

162 2706 350 2744 procedere,
373 2715 477 2745 neque
492 2706 523 2736 id
540 2705 634 2737 etiam
651 2706 789 2745 negavit.
805 2707 869 2736 Cur
885 2706 992 2745 itaque
1007 2705 1154 2737 Photiani
1174 2707 1310 2744 negant?
1325 2707 1362 2737 Et
1376 2706 1403 2737 si
1416 2706 1548 2745 quidem
1565 2704 1786 2734 tantummodo

160 2765 226 2788 non
244 2762 435 2794 assererem,
450 2756 619 2788 ferendum
642 2766 753 2788 eorum
769 2757 935 2788 silenlium
958 2760 1065 2792 esset;
1092 2764 1203 2786 verum
1224 2760 1254 2787 et
1274 2761 1401 2796 negant,
1431 2760 1461 2786 et
1477 2763 1531 2784 eos
1559 2753 1614 2792 qui
1638 2759 1786 2786 asserunt

161 2807 377 2838 condemnant
393 2806 537 2846 dirisque
560 2806 711 2838 omnibus
735 2807 909 2845 devovent;
926 2806 1036 2838 tritum
1062 2805 1143 2838 illud
1176 2806 1222 2847 (in
1242 2806 1328 2846 quod
1354 2805 1449 2835 etiam
1476 2802 1734 2843 Theophylactus
1745 2804 1786 2837 ab
