  <div class='ocr_page' id='page_1' title='image "/cluster/home/n/w/nwhite01/storage/ocr_20150623/125/hvd.32044073502429/245.png"; bbox 0 0 4068 6210; ppageno 0'>
   <div class='ocr_carea' id='block_1_1' title="bbox 510 213 2116 284">
    <p class='ocr_par' dir='ltr' id='par_1_1' title="bbox 510 213 2116 283">
     <span class='ocr_line' id='line_1_1' title="bbox 510 213 2116 283; baseline -0.005 0"><span class='ocrx_word' id='word_1_1' title='bbox 510 217 616 283; x_wconf 78' lang='grc'><strong>451</strong></span> <span class='ocrx_word' id='word_1_2' title='bbox 1573 213 1962 274; x_wconf 83' lang='lat' dir='ltr'><strong>BONJFACll</strong></span> <span class='ocrx_word' id='word_1_3' title='bbox 1992 213 2116 275; x_wconf 86' lang='lat' dir='ltr'><strong>FlN</strong></span> 
     </span>
    </p>
   </div>
   <div class='ocr_carea' id='block_1_2' title="bbox 2183 213 3789 284">
    <p class='ocr_par' dir='ltr' id='par_1_2' title="bbox 2183 214 3789 284">
     <span class='ocr_line' id='line_1_2' title="bbox 2183 214 3789 284; baseline 0.006 -11"><span class='ocrx_word' id='word_1_4' title='bbox 2183 215 2302 274; x_wconf 80' lang='lat'><strong>1‘1‘1</strong></span> <span class='ocrx_word' id='word_1_5' title='bbox 2337 214 2738 278; x_wconf 67' lang='lat' dir='ltr'><strong>PREFATIO</strong></span> <span class='ocrx_word' id='word_1_6' title='bbox 3683 219 3789 284; x_wconf 69' lang='grc'>452</span> 
     </span>
    </p>
   </div>
   <div class='ocr_carea' id='block_1_3' title="bbox 508 323 3793 413">
    <p class='ocr_par' dir='ltr' id='par_1_3' title="bbox 508 323 3793 413">
     <span class='ocr_line' id='line_1_3' title="bbox 508 323 3793 413; baseline 0.002 -23"><span class='ocrx_word' id='word_1_7' title='bbox 508 326 858 408; x_wconf 77' lang='lat' dir='ltr'><strong>iniquitate</strong></span> <span class='ocrx_word' id='word_1_8' title='bbox 888 342 1098 390; x_wconf 70' lang='lat' dir='ltr'><strong>causm</strong></span> <span class='ocrx_word' id='word_1_9' title='bbox 1127 342 1262 388; x_wconf 71' lang='lat' dir='ltr'><strong>sure</strong></span> <span class='ocrx_word' id='word_1_10' title='bbox 1301 339 1580 404; x_wconf 60' lang='lat' dir='ltr'><strong>praeceps</strong></span> <span class='ocrx_word' id='word_1_11' title='bbox 1615 331 1715 386; x_wconf 89' lang='lat' dir='ltr'><strong>est</strong></span> <span class='ocrx_word' id='word_1_12' title='bbox 1745 325 1974 405; x_wconf 88' lang='lat' dir='ltr'><strong>actus).</strong></span> <span class='ocrx_word' id='word_1_13' title='bbox 2007 341 2081 387; x_wconf 87' lang='lat' dir='ltr'><strong>ac</strong></span> <span class='ocrx_word' id='word_1_14' title='bbox 2116 323 2368 401; x_wconf 81' lang='lat' dir='ltr'><strong>puerile</strong></span> <span class='ocrx_word' id='word_1_15' title='bbox 2411 332 2866 404; x_wconf 71' lang='lat' dir='ltr'><strong>argumentum</strong></span> <span class='ocrx_word' id='word_1_16' title='bbox 2917 336 3350 410; x_wconf 74' lang='lat' dir='ltr'><strong>usurpantes:</strong></span> <span class='ocrx_word' id='word_1_17' title='bbox 3401 332 3468 395; x_wconf 78' lang='lat' dir='ltr'><strong>St</strong></span> <span class='ocrx_word' id='word_1_18' title='bbox 3498 332 3793 413; x_wconf 81' lang='lat' dir='ltr'><strong>Spiritus</strong></span> 
     </span>
    </p>
   </div>
   <div class='ocr_carea' id='block_1_4' title="bbox 501 424 3792 512">
    <p class='ocr_par' dir='ltr' id='par_1_4' title="bbox 501 424 3792 512">
     <span class='ocr_line' id='line_1_4' title="bbox 501 424 3792 512; baseline 0.003 -22"><span class='ocrx_word' id='word_1_19' title='bbox 501 439 762 491; x_wconf 79' lang='lat' dir='ltr'><strong>sanctus</strong></span> <span class='ocrx_word' id='word_1_20' title='bbox 792 428 980 489; x_wconf 85' lang='lat' dir='ltr'><strong>etiam</strong></span> <span class='ocrx_word' id='word_1_21' title='bbox 1011 446 1088 488; x_wconf 74' lang='lat' dir='ltr'><strong>ea:</strong></span> <span class='ocrx_word' id='word_1_22' title='bbox 1107 424 1277 489; x_wconf 89' lang='lat' dir='ltr'><strong>Filio</strong></span> <span class='ocrx_word' id='word_1_23' title='bbox 1311 425 1602 504; x_wconf 89' lang='lat' dir='ltr'><strong>procedit</strong></span> <span class='ocrx_word' id='word_1_24' title='bbox 1634 425 1744 505; x_wconf 82' lang='grc' dir='ltr'>(α),</span> <span class='ocrx_word' id='word_1_25' title='bbox 1780 425 1935 506; x_wconf 87' lang='lat' dir='ltr'><strong>quid</strong></span> <span class='ocrx_word' id='word_1_26' title='bbox 1956 427 2291 506; x_wconf 79' lang='lat' dir='ltr'><strong>prohibuit</strong></span> <span class='ocrx_word' id='word_1_27' title='bbox 2325 445 2404 489; x_wconf 81' lang='lat' dir='ltr'><strong>ne</strong></span> <span class='ocrx_word' id='word_1_28' title='bbox 2436 431 2528 490; x_wconf 90' lang='lat' dir='ltr'><strong>ita</strong></span> <span class='ocrx_word' id='word_1_29' title='bbox 2564 431 2860 494; x_wconf 76' lang='lat' dir='ltr'><strong>Christus</strong></span> <span class='ocrx_word' id='word_1_30' title='bbox 2895 431 3292 511; x_wconf 79' lang='lat' dir='ltr'><strong>loqueretur:</strong></span> <span class='ocrx_word' id='word_1_31' title='bbox 3326 437 3450 512; x_wconf 81' lang='lat' dir='ltr'><strong>Qui</strong></span> <span class='ocrx_word' id='word_1_32' title='bbox 3494 455 3576 499; x_wconf 77' lang='lat' dir='ltr'><strong>ea:</strong></span> <span class='ocrx_word' id='word_1_33' title='bbox 3598 437 3792 500; x_wconf 80' lang='lat' dir='ltr'><strong><em>Patre</em></strong></span> 
     </span>
    </p>
   </div>
   <div class='ocr_carea' id='block_1_5' title="bbox 505 513 3793 613">
    <p class='ocr_par' dir='ltr' id='par_1_5' title="bbox 505 513 3793 613">
     <span class='ocr_line' id='line_1_5' title="bbox 505 513 3793 613; baseline 0.002 -20"><span class='ocrx_word' id='word_1_34' title='bbox 505 540 562 593; x_wconf 88' lang='lat' dir='ltr'><strong>et</strong></span> <span class='ocrx_word' id='word_1_35' title='bbox 595 551 676 594; x_wconf 80' lang='lat' dir='ltr'><strong>ea:</strong></span> <span class='ocrx_word' id='word_1_36' title='bbox 698 550 787 590; x_wconf 91' lang='lat' dir='ltr'><strong>me</strong></span> <span class='ocrx_word' id='word_1_37' title='bbox 813 526 1154 608; x_wconf 80' lang='lat' dir='ltr'><strong>procedit?</strong></span> <span class='ocrx_word' id='word_1_38' title='bbox 1181 527 1304 589; x_wconf 87' lang='lat' dir='ltr'><strong>Sed</strong></span> <span class='ocrx_word' id='word_1_39' title='bbox 1350 526 1511 589; x_wconf 91' lang='lat' dir='ltr'><strong>mihi</strong></span> <span class='ocrx_word' id='word_1_40' title='bbox 1546 513 1826 588; x_wconf 85' lang='lat' dir='ltr'><strong>subdere</strong></span> <span class='ocrx_word' id='word_1_41' title='bbox 1859 525 2082 590; x_wconf 83' lang='lat' dir='ltr'><strong>liceat:</strong></span> <span class='ocrx_word' id='word_1_42' title='bbox 2120 527 2193 590; x_wconf 88' lang='lat' dir='ltr'><strong>Si</strong></span> <span class='ocrx_word' id='word_1_43' title='bbox 2226 546 2266 586; x_wconf 90' lang='lat' dir='ltr'><strong>a</strong></span> <span class='ocrx_word' id='word_1_44' title='bbox 2291 528 2428 590; x_wconf 83' lang='lat' dir='ltr'><strong>solo</strong></span> <span class='ocrx_word' id='word_1_45' title='bbox 2471 529 2664 592; x_wconf 88' lang='lat' dir='ltr'><strong>Patre</strong></span> <span class='ocrx_word' id='word_1_46' title='bbox 2708 532 3020 608; x_wconf 83' lang='lat' dir='ltr'><strong>procedit,</strong></span> <span class='ocrx_word' id='word_1_47' title='bbox 3069 533 3230 612; x_wconf 88' lang='lat' dir='ltr'><strong>quid</strong></span> <span class='ocrx_word' id='word_1_48' title='bbox 3293 535 3650 613; x_wconf 77' lang='lat' dir='ltr'><strong>prohibuit,</strong></span> <span class='ocrx_word' id='word_1_49' title='bbox 3710 554 3793 602; x_wconf 90' lang='lat' dir='ltr'><strong>ne</strong></span> 
     </span>
    </p>
   </div>
   <div class='ocr_carea' id='block_1_6' title="bbox 502 627 3792 712">
    <p class='ocr_par' dir='ltr' id='par_1_6' title="bbox 502 627 3792 712">
     <span class='ocr_line' id='line_1_6' title="bbox 502 627 3792 712; baseline 0.002 -17"><span class='ocrx_word' id='word_1_50' title='bbox 502 631 572 694; x_wconf 90' lang='lat' dir='ltr'><strong>id</strong></span> <span class='ocrx_word' id='word_1_51' title='bbox 606 629 899 693; x_wconf 80' lang='lat' dir='ltr'><strong>Christus</strong></span> <span class='ocrx_word' id='word_1_52' title='bbox 947 627 1374 705; x_wconf 84' lang='lat' dir='ltr'><strong>exprimeret;</strong></span> <span class='ocrx_word' id='word_1_53' title='bbox 1424 627 1779 705; x_wconf 69' lang='lat' dir='ltr'><strong>prmsertim</strong></span> <span class='ocrx_word' id='word_1_54' title='bbox 1812 644 1958 690; x_wconf 92' lang='lat' dir='ltr'><strong>cum</strong></span> <span class='ocrx_word' id='word_1_55' title='bbox 2004 627 2146 706; x_wconf 89' lang='lat' dir='ltr'><strong>ipse</strong></span> <span class='ocrx_word' id='word_1_56' title='bbox 2196 629 2330 709; x_wconf 87' lang='lat' dir='ltr'><strong>jam</strong></span> <span class='ocrx_word' id='word_1_57' title='bbox 2384 630 2805 708; x_wconf 73' lang='lat' dir='ltr'><strong>praenovisset</strong></span> <span class='ocrx_word' id='word_1_58' title='bbox 2861 639 3018 711; x_wconf 92' lang='lat' dir='ltr'><strong>quot</strong></span> <span class='ocrx_word' id='word_1_59' title='bbox 3071 642 3132 694; x_wconf 91' lang='lat' dir='ltr'><strong>et</strong></span> <span class='ocrx_word' id='word_1_60' title='bbox 3171 643 3407 712; x_wconf 84' lang='lat' dir='ltr'><strong>quanta</strong></span> <span class='ocrx_word' id='word_1_61' title='bbox 3470 653 3546 698; x_wconf 89' lang='lat' dir='ltr'><strong>ex</strong></span> <span class='ocrx_word' id='word_1_62' title='bbox 3609 637 3792 702; x_wconf 90' lang='lat' dir='ltr'><strong>illius</strong></span> 
     </span>
    </p>
   </div>
   <div class='ocr_carea' id='block_1_7' title="bbox 507 732 3789 818">
    <p class='ocr_par' dir='ltr' id='par_1_7' title="bbox 507 732 3789 818">
     <span class='ocr_line' id='line_1_7' title="bbox 507 732 3789 818; baseline 0.001 -20"><span class='ocrx_word' id='word_1_63' title='bbox 507 736 748 798; x_wconf 64' lang='lat' dir='ltr'><strong>vocula</strong></span> <span class='ocrx_word' id='word_1_64' title='bbox 780 732 1218 811; x_wconf 72' lang='lat' dir='ltr'><strong>prmteritione</strong></span> <span class='ocrx_word' id='word_1_65' title='bbox 1250 733 1496 796; x_wconf 78' lang='lat' dir='ltr'><strong>oritura</strong></span> <span class='ocrx_word' id='word_1_66' title='bbox 1527 733 1879 814; x_wconf 81' lang='lat' dir='ltr'><strong>aliquando</strong></span> <span class='ocrx_word' id='word_1_67' title='bbox 1910 733 2470 796; x_wconf 82' lang='lat' dir='ltr'><strong>essentdissidia?</strong></span> <span class='ocrx_word' id='word_1_68' title='bbox 2510 736 2676 809; x_wconf 92' lang='lat' dir='ltr'><strong>Quid</strong></span> <span class='ocrx_word' id='word_1_69' title='bbox 2711 737 2787 798; x_wconf 90' lang='lat' dir='ltr'><strong>ad</strong></span> <span class='ocrx_word' id='word_1_70' title='bbox 2823 735 2956 799; x_wconf 67' lang='lat' dir='ltr'><strong>haec</strong></span> <span class='ocrx_word' id='word_1_71' title='bbox 2986 736 3284 799; x_wconf 81' lang='lat' dir='ltr'><strong>PhOtiani</strong></span> <span class='ocrx_word' id='word_1_72' title='bbox 3329 740 3789 818; x_wconf 77' lang='lat' dir='ltr'><strong>respondeant,</strong></span> 
     </span>
    </p>
   </div>
   <div class='ocr_carea' id='block_1_8' title="bbox 505 818 3792 918">
    <p class='ocr_par' dir='ltr' id='par_1_8' title="bbox 505 818 3792 918">
     <span class='ocr_line' id='line_1_8' title="bbox 505 818 3792 918; baseline 0.002 -18"><span class='ocrx_word' id='word_1_73' title='bbox 505 818 667 900; x_wconf 87' lang='lat' dir='ltr'><strong>nihil</strong></span> <span class='ocrx_word' id='word_1_74' title='bbox 699 835 966 906; x_wconf 82' lang='lat' dir='ltr'><strong>habent;</strong></span> <span class='ocrx_word' id='word_1_75' title='bbox 997 842 1059 896; x_wconf 89' lang='lat' dir='ltr'><strong>at</strong></span> <span class='ocrx_word' id='word_1_76' title='bbox 1101 835 1390 897; x_wconf 89' lang='lat' dir='ltr'><strong>nobisin</strong></span> <span class='ocrx_word' id='word_1_77' title='bbox 1445 843 1747 915; x_wconf 87' lang='lat' dir='ltr'><strong>promptu</strong></span> <span class='ocrx_word' id='word_1_78' title='bbox 1795 843 1916 911; x_wconf 88' lang='lat' dir='ltr'><strong>est,</strong></span> <span class='ocrx_word' id='word_1_79' title='bbox 1967 836 2130 916; x_wconf 90' lang='lat' dir='ltr'><strong>quid</strong></span> <span class='ocrx_word' id='word_1_80' title='bbox 2169 844 2390 899; x_wconf 90' lang='lat' dir='ltr'><strong>contra</strong></span> <span class='ocrx_word' id='word_1_81' title='bbox 2443 854 2558 900; x_wconf 90' lang='lat' dir='ltr'><strong>eos</strong></span> <span class='ocrx_word' id='word_1_82' title='bbox 2615 855 2986 918; x_wconf 81' lang='lat' dir='ltr'><strong>regeramus</strong></span> <span class='ocrx_word' id='word_1_83' title='bbox 3024 861 3039 898; x_wconf 91' lang='lat'><strong>:</strong></span> <span class='ocrx_word' id='word_1_84' title='bbox 3079 839 3410 916; x_wconf 84' lang='lat' dir='ltr'><strong>videlicet,</strong></span> <span class='ocrx_word' id='word_1_85' title='bbox 3463 841 3792 906; x_wconf 86' lang='lat' dir='ltr'><strong>Christum</strong></span> 
     </span>
    </p>
   </div>
   <div class='ocr_carea' id='block_1_9' title="bbox 505 938 3793 1030">
    <p class='ocr_par' dir='ltr' id='par_1_9' title="bbox 505 938 3793 1030">
     <span class='ocr_line' id='line_1_9' title="bbox 505 938 3793 1030; baseline 0.002 -27"><span class='ocrx_word' id='word_1_86' title='bbox 505 941 607 1003; x_wconf 88' lang='lat' dir='ltr'><strong>sin</strong></span> <span class='ocrx_word' id='word_1_87' title='bbox 642 956 742 1012; x_wconf 90' lang='lat' dir='ltr'><strong>eo,</strong></span> <span class='ocrx_word' id='word_1_88' title='bbox 776 938 1003 1001; x_wconf 80' lang='lat' dir='ltr'><strong>saltem</strong></span> <span class='ocrx_word' id='word_1_89' title='bbox 1034 939 1190 1003; x_wconf 88' lang='lat' dir='ltr'><strong>aliis</strong></span> <span class='ocrx_word' id='word_1_90' title='bbox 1223 940 1289 1002; x_wconf 92' lang='lat' dir='ltr'><strong>in</strong></span> <span class='ocrx_word' id='word_1_91' title='bbox 1322 941 1536 1018; x_wconf 71' lang='lat' dir='ltr'><strong>locis;</strong></span> <span class='ocrx_word' id='word_1_92' title='bbox 1569 943 1672 1004; x_wconf 90' lang='lat' dir='ltr'><strong>sin</strong></span> <span class='ocrx_word' id='word_1_93' title='bbox 1722 942 2077 1021; x_wconf 84' lang='lat' dir='ltr'><strong>expressis,</strong></span> <span class='ocrx_word' id='word_1_94' title='bbox 2131 941 2355 1005; x_wconf 85' lang='lat' dir='ltr'><strong>saltem</strong></span> <span class='ocrx_word' id='word_1_95' title='bbox 2411 943 2959 1024; x_wconf 72' lang='lat' dir='ltr'><strong>aequ-ivelentibus</strong></span> <span class='ocrx_word' id='word_1_96' title='bbox 3017 945 3258 1019; x_wconf 88' lang='lat' dir='ltr'><strong>verbis,</strong></span> <span class='ocrx_word' id='word_1_97' title='bbox 3307 945 3607 1012; x_wconf 85' lang='lat' dir='ltr'><strong>docuisse</strong></span> <span class='ocrx_word' id='word_1_98' title='bbox 3652 951 3793 1030; x_wconf 83' lang='lat' dir='ltr'><strong>Spi-</strong></span> 
     </span>
    </p>
   </div>
   <div class='ocr_carea' id='block_1_10' title="bbox 506 1042 3790 1124">
    <p class='ocr_par' dir='ltr' id='par_1_10' title="bbox 506 1042 3790 1124">
     <span class='ocr_line' id='line_1_10' title="bbox 506 1042 3790 1124; baseline 0.002 -19"><span class='ocrx_word' id='word_1_99' title='bbox 506 1046 700 1106; x_wconf 83' lang='lat' dir='ltr'><strong>ritum</strong></span> <span class='ocrx_word' id='word_1_100' title='bbox 733 1045 926 1107; x_wconf 88' lang='lat' dir='ltr'><strong>etiam</strong></span> <span class='ocrx_word' id='word_1_101' title='bbox 955 1060 992 1105; x_wconf 90' lang='lat' dir='ltr'><strong>a</strong></span> <span class='ocrx_word' id='word_1_102' title='bbox 1020 1043 1240 1122; x_wconf 88' lang='lat' dir='ltr'><strong>seipso</strong></span> <span class='ocrx_word' id='word_1_103' title='bbox 1268 1044 1650 1121; x_wconf 87' lang='lat' dir='ltr'><strong>procedere:</strong></span> <span class='ocrx_word' id='word_1_104' title='bbox 1686 1045 1860 1122; x_wconf 92' lang='lat' dir='ltr'><strong>quod</strong></span> <span class='ocrx_word' id='word_1_105' title='bbox 1893 1042 2162 1123; x_wconf 87' lang='lat' dir='ltr'><strong>quidem</strong></span> <span class='ocrx_word' id='word_1_106' title='bbox 2193 1046 2393 1106; x_wconf 85' lang='lat' dir='ltr'><strong>nostri</strong></span> <span class='ocrx_word' id='word_1_107' title='bbox 2429 1045 2726 1122; x_wconf 75' lang='lat' dir='ltr'><strong>homines</strong></span> <span class='ocrx_word' id='word_1_108' title='bbox 2757 1047 2995 1109; x_wconf 90' lang='lat' dir='ltr'><strong>millies</strong></span> <span class='ocrx_word' id='word_1_109' title='bbox 3016 1047 3568 1124; x_wconf 87' lang='lat' dir='ltr'><strong>demonstrarunt,</strong></span> <span class='ocrx_word' id='word_1_110' title='bbox 3601 1059 3663 1112; x_wconf 91' lang='lat' dir='ltr'><strong>et</strong></span> <span class='ocrx_word' id='word_1_111' title='bbox 3710 1069 3790 1113; x_wconf 80' lang='lat' dir='ltr'><strong>ex</strong></span> 
     </span>
    </p>
   </div>
   <div class='ocr_carea' id='block_1_11' title="bbox 508 1145 3789 1232">
    <p class='ocr_par' dir='ltr' id='par_1_11' title="bbox 508 1145 3789 1232">
     <span class='ocr_line' id='line_1_11' title="bbox 508 1145 3789 1232; baseline 0.001 -22"><span class='ocrx_word' id='word_1_112' title='bbox 508 1164 588 1210; x_wconf 88' lang='lat' dir='ltr'><strong>eo</strong></span> <span class='ocrx_word' id='word_1_113' title='bbox 623 1147 799 1227; x_wconf 91' lang='lat' dir='ltr'><strong>quod</strong></span> <span class='ocrx_word' id='word_1_114' title='bbox 832 1146 1124 1208; x_wconf 88' lang='lat' dir='ltr'><strong>Christus</strong></span> <span class='ocrx_word' id='word_1_115' title='bbox 1157 1148 1471 1207; x_wconf 89' lang='lat' dir='ltr'><strong>Dominus</strong></span> <span class='ocrx_word' id='word_1_116' title='bbox 1501 1145 1590 1206; x_wconf 85' lang='lat' dir='ltr'><strong>ait</strong></span> <span class='ocrx_word' id='word_1_117' title='bbox 1625 1147 1809 1208; x_wconf 86' lang='lat' dir='ltr'><strong>Joau.</strong></span> <span class='ocrx_word' id='word_1_118' title='bbox 1844 1163 1908 1218; x_wconf 88' lang='lat' dir='ltr'><strong>x,</strong></span> <span class='ocrx_word' id='word_1_119' title='bbox 1977 1146 2077 1215; x_wconf 84' lang='lat'><strong>30,</strong></span> <span class='ocrx_word' id='word_1_120' title='bbox 2124 1145 2265 1225; x_wconf 83' lang='lat' dir='ltr'><strong>Ego</strong></span> <span class='ocrx_word' id='word_1_121' title='bbox 2307 1156 2364 1208; x_wconf 88' lang='lat' dir='ltr'><strong>et</strong></span> <span class='ocrx_word' id='word_1_122' title='bbox 2412 1147 2603 1209; x_wconf 87' lang='lat' dir='ltr'><strong>Pater</strong></span> <span class='ocrx_word' id='word_1_123' title='bbox 2649 1167 2847 1211; x_wconf 86' lang='lat' dir='ltr'><strong>unum</strong></span> <span class='ocrx_word' id='word_1_124' title='bbox 2900 1168 3152 1220; x_wconf 86' lang='lat' dir='ltr'><strong>sumus;</strong></span> <span class='ocrx_word' id='word_1_125' title='bbox 3193 1167 3272 1213; x_wconf 90' lang='lat' dir='ltr'><strong>ex</strong></span> <span class='ocrx_word' id='word_1_126' title='bbox 3319 1169 3452 1232; x_wconf 88' lang='lat' dir='ltr'><strong>quo</strong></span> <span class='ocrx_word' id='word_1_127' title='bbox 3503 1151 3789 1218; x_wconf 83' lang='lat' dir='ltr'><strong>inferunt</strong></span> 
     </span>
    </p>
   </div>
   <div class='ocr_carea' id='block_1_12' title="bbox 506 1245 3807 1342">
    <p class='ocr_par' dir='ltr' id='par_1_12' title="bbox 506 1245 3807 1342">
     <span class='ocr_line' id='line_1_12' title="bbox 506 1245 3807 1342; baseline 0.002 -33"><span class='ocrx_word' id='word_1_128' title='bbox 506 1267 702 1310; x_wconf 85' lang='lat' dir='ltr'><strong>unum</strong></span> <span class='ocrx_word' id='word_1_129' title='bbox 733 1248 926 1310; x_wconf 84' lang='lat' dir='ltr'><strong>etiam</strong></span> <span class='ocrx_word' id='word_1_130' title='bbox 954 1263 1096 1308; x_wconf 90' lang='lat' dir='ltr'><strong>esse</strong></span> <span class='ocrx_word' id='word_1_131' title='bbox 1145 1245 1383 1307; x_wconf 86' lang='lat' dir='ltr'><strong>Filium</strong></span> <span class='ocrx_word' id='word_1_132' title='bbox 1417 1262 1564 1308; x_wconf 92' lang='lat' dir='ltr'><strong>cum</strong></span> <span class='ocrx_word' id='word_1_133' title='bbox 1610 1249 1792 1308; x_wconf 89' lang='lat' dir='ltr'><strong>Patre</strong></span> <span class='ocrx_word' id='word_1_134' title='bbox 1837 1247 2050 1326; x_wconf 88' lang='lat' dir='ltr'><strong>quoad</strong></span> <span class='ocrx_word' id='word_1_135' title='bbox 2103 1247 2418 1311; x_wconf 89' lang='lat' dir='ltr'><strong>rationem</strong></span> <span class='ocrx_word' id='word_1_136' title='bbox 2465 1249 2766 1328; x_wconf 86' lang='lat' dir='ltr'><strong>principii</strong></span> <span class='ocrx_word' id='word_1_137' title='bbox 2817 1251 3099 1329; x_wconf 88' lang='lat' dir='ltr'><strong>Spiritus</strong></span> <span class='ocrx_word' id='word_1_138' title='bbox 3143 1252 3375 1314; x_wconf 89' lang='lat' dir='ltr'><strong>sancti.</strong></span> <span class='ocrx_word' id='word_1_139' title='bbox 3430 1255 3505 1314; x_wconf 89' lang='lat' dir='ltr'><strong>Et</strong></span> <span class='ocrx_word' id='word_1_140' title='bbox 3550 1271 3636 1314; x_wconf 88' lang='lat' dir='ltr'><strong>ex</strong></span> <span class='ocrx_word' id='word_1_141' title='bbox 3703 1271 3807 1342; x_wconf 22' lang='lat' dir='ltr'><strong>eo.</strong></span> 
     </span>
    </p>
   </div>
   <div class='ocr_carea' id='block_1_13' title="bbox 511 1343 3807 1445">
    <p class='ocr_par' dir='ltr' id='par_1_13' title="bbox 511 1343 3807 1445">
     <span class='ocr_line' id='line_1_13' title="bbox 511 1343 3807 1445; baseline 0.002 -33"><span class='ocrx_word' id='word_1_142' title='bbox 511 1350 726 1430; x_wconf 88' lang='lat' dir='ltr'><strong>(Joan.</strong></span> <span class='ocrx_word' id='word_1_143' title='bbox 773 1369 908 1422; x_wconf 78' lang='lat' dir='ltr'><strong>xvr,</strong></span> <span class='ocrx_word' id='word_1_144' title='bbox 948 1350 1072 1423; x_wconf 82' lang='lat'><strong>15),</strong></span> <span class='ocrx_word' id='word_1_145' title='bbox 1114 1347 1338 1409; x_wconf 89' lang='lat' dir='ltr'><strong>Omnia</strong></span> <span class='ocrx_word' id='word_1_146' title='bbox 1379 1365 1756 1428; x_wconf 66' lang='lat' dir='ltr'><strong>quaecunque</strong></span> <span class='ocrx_word' id='word_1_147' title='bbox 1784 1349 2206 1436; x_wconf 19' lang='lat' dir='ltr'><strong>habetgPater,</strong></span> <span class='ocrx_word' id='word_1_148' title='bbox 2239 1369 2374 1410; x_wconf 87' lang='lat' dir='ltr'><strong>mea</strong></span> <span class='ocrx_word' id='word_1_149' title='bbox 2409 1361 2557 1412; x_wconf 83' lang='lat' dir='ltr'><strong>sunt</strong></span> <span class='ocrx_word' id='word_1_150' title='bbox 2586 1370 2608 1412; x_wconf 90' lang='lat'><strong><em>:</em></strong></span> <span class='ocrx_word' id='word_1_151' title='bbox 2639 1367 2816 1430; x_wconf 85' lang='lat' dir='ltr'><strong>ergo,</strong></span> <span class='ocrx_word' id='word_1_152' title='bbox 2837 1351 3148 1432; x_wconf 89' lang='lat' dir='ltr'><strong>inquiunt</strong></span> <span class='ocrx_word' id='word_1_153' title='bbox 3191 1361 3256 1415; x_wconf 88' lang='lat' dir='ltr'><strong>et</strong></span> <span class='ocrx_word' id='word_1_154' title='bbox 3297 1354 3502 1416; x_wconf 89' lang='lat' dir='ltr'><strong>virtus</strong></span> <span class='ocrx_word' id='word_1_155' title='bbox 3544 1343 3807 1445; x_wconf 36' lang='lat' dir='ltr'><strong>produf</strong></span> 
     </span>
    </p>
   </div>
   <div class='ocr_carea' id='block_1_14' title="bbox 508 1447 3793 1536">
    <p class='ocr_par' dir='ltr' id='par_1_14' title="bbox 508 1447 3793 1536">
     <span class='ocr_line' id='line_1_14' title="bbox 508 1447 3793 1536; baseline 0.002 -23"><span class='ocrx_word' id='word_1_156' title='bbox 508 1450 697 1513; x_wconf 89' lang='lat' dir='ltr'><strong>cendi</strong></span> <span class='ocrx_word' id='word_1_157' title='bbox 739 1448 1049 1525; x_wconf 89' lang='lat' dir='ltr'><strong>Spiritum</strong></span> <span class='ocrx_word' id='word_1_158' title='bbox 1100 1453 1395 1510; x_wconf 91' lang='lat' dir='ltr'><strong>sanctum</strong></span> <span class='ocrx_word' id='word_1_159' title='bbox 1449 1456 1542 1509; x_wconf 90' lang='lat' dir='ltr'><strong>est</strong></span> <span class='ocrx_word' id='word_1_160' title='bbox 1573 1447 1753 1522; x_wconf 89' lang='lat' dir='ltr'><strong>Filii,</strong></span> <span class='ocrx_word' id='word_1_161' title='bbox 1809 1467 1927 1511; x_wconf 89' lang='lat' dir='ltr'><strong>seu</strong></span> <span class='ocrx_word' id='word_1_162' title='bbox 1987 1451 2294 1513; x_wconf 86' lang='lat' dir='ltr'><strong>convenit</strong></span> <span class='ocrx_word' id='word_1_163' title='bbox 2353 1452 2546 1514; x_wconf 88' lang='lat' dir='ltr'><strong>Filio.</strong></span> <span class='ocrx_word' id='word_1_164' title='bbox 2620 1454 2696 1515; x_wconf 89' lang='lat' dir='ltr'><strong>Et</strong></span> <span class='ocrx_word' id='word_1_165' title='bbox 2747 1470 2826 1514; x_wconf 91' lang='lat' dir='ltr'><strong>ex</strong></span> <span class='ocrx_word' id='word_1_166' title='bbox 2887 1452 3004 1515; x_wconf 88' lang='lat' dir='ltr'><strong>illo</strong></span> <span class='ocrx_word' id='word_1_167' title='bbox 3061 1453 3316 1535; x_wconf 82' lang='lat' dir='ltr'><strong>(ibidem</strong></span> <span class='ocrx_word' id='word_1_168' title='bbox 3353 1455 3449 1536; x_wconf 72' lang='lat' dir='ltr'><strong>1h)</strong></span> <span class='ocrx_word' id='word_1_169' title='bbox 3484 1458 3644 1518; x_wconf 87' lang='lat' dir='ltr'><strong>:Ille</strong></span> <span class='ocrx_word' id='word_1_170' title='bbox 3699 1479 3793 1519; x_wconf 89' lang='lat' dir='ltr'><strong>me</strong></span> 
     </span>
    </p>
   </div>
   <div class='ocr_carea' id='block_1_15' title="bbox 508 1550 3790 1642">
    <p class='ocr_par' dir='ltr' id='par_1_15' title="bbox 508 1550 3790 1642">
     <span class='ocr_line' id='line_1_15' title="bbox 508 1550 3790 1642; baseline 0.004 -30"><span class='ocrx_word' id='word_1_171' title='bbox 508 1551 907 1631; x_wconf 81' lang='lat' dir='ltr'><strong>clariﬁcabit,</strong></span> <span class='ocrx_word' id='word_1_172' title='bbox 939 1552 1087 1631; x_wconf 86' lang='lat' dir='ltr'><strong>quia</strong></span> <span class='ocrx_word' id='word_1_173' title='bbox 1111 1550 1184 1610; x_wconf 90' lang='lat' dir='ltr'><strong>de</strong></span> <span class='ocrx_word' id='word_1_174' title='bbox 1214 1569 1346 1611; x_wconf 91' lang='lat' dir='ltr'><strong>meo</strong></span> <span class='ocrx_word' id='word_1_175' title='bbox 1369 1553 1662 1630; x_wconf 85' lang='lat' dir='ltr'><strong>accipiet.</strong></span> <span class='ocrx_word' id='word_1_176' title='bbox 1695 1551 1864 1625; x_wconf 87' lang='lat' dir='ltr'><strong>Quid</strong></span> <span class='ocrx_word' id='word_1_177' title='bbox 1891 1555 2092 1626; x_wconf 90' lang='lat' dir='ltr'><strong>enim,</strong></span> <span class='ocrx_word' id='word_1_178' title='bbox 2123 1554 2326 1629; x_wconf 89' lang='lat' dir='ltr'><strong>aiunt,</strong></span> <span class='ocrx_word' id='word_1_179' title='bbox 2369 1558 2650 1635; x_wconf 82' lang='lat' dir='ltr'><strong>Spiritus</strong></span> <span class='ocrx_word' id='word_1_180' title='bbox 2675 1566 2936 1622; x_wconf 90' lang='lat' dir='ltr'><strong>sanctus</strong></span> <span class='ocrx_word' id='word_1_181' title='bbox 2975 1561 3267 1639; x_wconf 87' lang='lat' dir='ltr'><strong>accipere</strong></span> <span class='ocrx_word' id='word_1_182' title='bbox 3299 1577 3332 1622; x_wconf 92' lang='lat' dir='ltr'><strong>a</strong></span> <span class='ocrx_word' id='word_1_183' title='bbox 3357 1561 3529 1624; x_wconf 80' lang='lat' dir='ltr'><strong>Filio</strong></span> <span class='ocrx_word' id='word_1_184' title='bbox 3558 1571 3790 1642; x_wconf 82' lang='lat' dir='ltr'><strong>potest,</strong></span> 
     </span>
    </p>
   </div>
   <div class='ocr_carea' id='block_1_16' title="bbox 509 1650 3788 1739">
    <p class='ocr_par' dir='ltr' id='par_1_16' title="bbox 509 1650 3788 1739">
     <span class='ocr_line' id='line_1_16' title="bbox 509 1650 3788 1739; baseline 0.005 -26"><span class='ocrx_word' id='word_1_185' title='bbox 509 1652 636 1714; x_wconf 89' lang='lat' dir='ltr'><strong>nisi</strong></span> <span class='ocrx_word' id='word_1_186' title='bbox 684 1651 898 1729; x_wconf 90' lang='lat' dir='ltr'><strong>ipsum</strong></span> <span class='ocrx_word' id='word_1_187' title='bbox 932 1651 1124 1710; x_wconf 85' lang='lat' dir='ltr'><strong>esse?</strong></span> <span class='ocrx_word' id='word_1_188' title='bbox 1151 1650 1225 1711; x_wconf 88' lang='lat' dir='ltr'><strong>Et</strong></span> <span class='ocrx_word' id='word_1_189' title='bbox 1259 1667 1341 1711; x_wconf 79' lang='lat' dir='ltr'><strong>ex</strong></span> <span class='ocrx_word' id='word_1_190' title='bbox 1370 1666 1448 1712; x_wconf 92' lang='lat' dir='ltr'><strong>eo</strong></span> <span class='ocrx_word' id='word_1_191' title='bbox 1479 1652 1741 1712; x_wconf 88' lang='lat' dir='ltr'><strong>demum</strong></span> <span class='ocrx_word' id='word_1_192' title='bbox 1773 1653 1951 1732; x_wconf 92' lang='lat' dir='ltr'><strong>quod</strong></span> <span class='ocrx_word' id='word_1_193' title='bbox 1982 1655 2167 1717; x_wconf 85' lang='lat' dir='ltr'><strong>Joan.</strong></span> <span class='ocrx_word' id='word_1_194' title='bbox 2195 1674 2306 1727; x_wconf 88' lang='lat' dir='ltr'><strong>xv,</strong></span> <span class='ocrx_word' id='word_1_195' title='bbox 2339 1657 2441 1730; x_wconf 87' lang='grc'>26,</span> <span class='ocrx_word' id='word_1_196' title='bbox 2487 1657 2576 1719; x_wconf 92' lang='lat' dir='ltr'><strong>ait</strong></span> <span class='ocrx_word' id='word_1_197' title='bbox 2614 1676 2684 1721; x_wconf 90' lang='lat' dir='ltr'><strong>se</strong></span> <span class='ocrx_word' id='word_1_198' title='bbox 2708 1660 3057 1724; x_wconf 85' lang='lat' dir='ltr'><strong>missurum</strong></span> <span class='ocrx_word' id='word_1_199' title='bbox 3081 1662 3395 1739; x_wconf 87' lang='lat' dir='ltr'><strong>Spiritum</strong></span> <span class='ocrx_word' id='word_1_200' title='bbox 3441 1672 3737 1726; x_wconf 88' lang='lat' dir='ltr'><strong>sanctum</strong></span> <span class='ocrx_word' id='word_1_201' title='bbox 3774 1689 3788 1728; x_wconf 91' lang='lat'><strong>:</strong></span> 
     </span>
    </p>
   </div>
   <div class='ocr_carea' id='block_1_17' title="bbox 507 1749 3789 1840">
    <p class='ocr_par' dir='ltr' id='par_1_17' title="bbox 507 1749 3789 1840">
     <span class='ocr_line' id='line_1_17' title="bbox 507 1749 3789 1840; baseline 0.005 -27"><span class='ocrx_word' id='word_1_202' title='bbox 507 1767 656 1813; x_wconf 90' lang='lat' dir='ltr'><strong>cum</strong></span> <span class='ocrx_word' id='word_1_203' title='bbox 719 1751 938 1812; x_wconf 82' lang='lat' dir='ltr'><strong>missio</strong></span> <span class='ocrx_word' id='word_1_204' title='bbox 974 1750 1036 1810; x_wconf 90' lang='lat' dir='ltr'><strong>in</strong></span> <span class='ocrx_word' id='word_1_205' title='bbox 1087 1749 1335 1812; x_wconf 89' lang='lat' dir='ltr'><strong>divinis</strong></span> <span class='ocrx_word' id='word_1_206' title='bbox 1375 1751 1468 1812; x_wconf 90' lang='lat' dir='ltr'><strong>nil</strong></span> <span class='ocrx_word' id='word_1_207' title='bbox 1529 1751 1710 1814; x_wconf 83' lang='lat' dir='ltr'><strong>aliud</strong></span> <span class='ocrx_word' id='word_1_208' title='bbox 1769 1770 1914 1816; x_wconf 89' lang='lat' dir='ltr'><strong>esse</strong></span> <span class='ocrx_word' id='word_1_209' title='bbox 1957 1762 2066 1818; x_wconf 88' lang='lat' dir='ltr'><strong>aut</strong></span> <span class='ocrx_word' id='word_1_210' title='bbox 2117 1755 2398 1837; x_wconf 84' lang='lat' dir='ltr'><strong>intelligi</strong></span> <span class='ocrx_word' id='word_1_211' title='bbox 2445 1759 2675 1837; x_wconf 88' lang='lat' dir='ltr'><strong>possit,</strong></span> <span class='ocrx_word' id='word_1_212' title='bbox 2731 1779 2926 1840; x_wconf 90' lang='lat' dir='ltr'><strong>quam</strong></span> <span class='ocrx_word' id='word_1_213' title='bbox 2979 1764 3311 1840; x_wconf 85' lang='lat' dir='ltr'><strong>processio</strong></span> <span class='ocrx_word' id='word_1_214' title='bbox 3360 1771 3597 1828; x_wconf 64' lang='lat' dir='ltr'><strong>aeterna</strong></span> <span class='ocrx_word' id='word_1_215' title='bbox 3645 1783 3789 1830; x_wconf 89' lang='lat' dir='ltr'><strong>cum</strong></span> 
     </span>
    </p>
   </div>
   <div class='ocr_carea' id='block_1_18' title="bbox 508 1848 3786 1947">
    <p class='ocr_par' dir='ltr' id='par_1_18' title="bbox 508 1848 3786 1947">
     <span class='ocr_line' id='line_1_18' title="bbox 508 1848 3786 1947; baseline 0.006 -35"><span class='ocrx_word' id='word_1_216' title='bbox 508 1851 739 1914; x_wconf 88' lang='lat' dir='ltr'><strong>ordine</strong></span> <span class='ocrx_word' id='word_1_217' title='bbox 773 1851 850 1911; x_wconf 92' lang='lat' dir='ltr'><strong>ad</strong></span> <span class='ocrx_word' id='word_1_218' title='bbox 884 1848 1216 1928; x_wconf 90' lang='lat' dir='ltr'><strong>quidpiam</strong></span> <span class='ocrx_word' id='word_1_219' title='bbox 1249 1849 1655 1914; x_wconf 80' lang='lat' dir='ltr'><strong>extrinsecus</strong></span> <span class='ocrx_word' id='word_1_220' title='bbox 1683 1854 2209 1931; x_wconf 83' lang='lat' dir='ltr'><strong>producendum.</strong></span> <span class='ocrx_word' id='word_1_221' title='bbox 2231 1859 2396 1932; x_wconf 89' lang='lat' dir='ltr'><strong>Quid</strong></span> <span class='ocrx_word' id='word_1_222' title='bbox 2429 1860 2604 1938; x_wconf 87' lang='lat' dir='ltr'><strong>quod</strong></span> <span class='ocrx_word' id='word_1_223' title='bbox 2639 1867 2702 1923; x_wconf 92' lang='lat' dir='ltr'><strong>et</strong></span> <span class='ocrx_word' id='word_1_224' title='bbox 2735 1860 2902 1939; x_wconf 91' lang='lat' dir='ltr'><strong>ipsis</strong></span> <span class='ocrx_word' id='word_1_225' title='bbox 2921 1862 3160 1938; x_wconf 86' lang='lat' dir='ltr'><strong>verbis,</strong></span> <span class='ocrx_word' id='word_1_226' title='bbox 3182 1865 3426 1943; x_wconf 87' lang='lat' dir='ltr'><strong>quibus</strong></span> <span class='ocrx_word' id='word_1_227' title='bbox 3458 1865 3786 1947; x_wconf 82' lang='lat' dir='ltr'><strong>tantopere</strong></span> 
     </span>
    </p>
   </div>
   <div class='ocr_carea' id='block_1_19' title="bbox 507 1952 3779 2049">
    <p class='ocr_par' dir='ltr' id='par_1_19' title="bbox 507 1952 3779 2049">
     <span class='ocr_line' id='line_1_19' title="bbox 507 1952 3779 2049; baseline 0.006 -34"><span class='ocrx_word' id='word_1_228' title='bbox 507 1953 710 2016; x_wconf 78' lang='lat' dir='ltr'><strong>ﬁdunt</strong></span> <span class='ocrx_word' id='word_1_229' title='bbox 740 1952 1116 2026; x_wconf 84' lang='lat' dir='ltr'><strong>adversarii,</strong></span> <span class='ocrx_word' id='word_1_230' title='bbox 1153 1954 1486 2028; x_wconf 89' lang='lat' dir='ltr'><strong>videlicet,</strong></span> <span class='ocrx_word' id='word_1_231' title='bbox 1535 1958 1648 2035; x_wconf 88' lang='lat' dir='ltr'><strong>qui</strong></span> <span class='ocrx_word' id='word_1_232' title='bbox 1677 1976 1717 2016; x_wconf 91' lang='lat' dir='ltr'><strong>a</strong></span> <span class='ocrx_word' id='word_1_233' title='bbox 1753 1957 1944 2020; x_wconf 88' lang='lat' dir='ltr'><strong>Patre</strong></span> <span class='ocrx_word' id='word_1_234' title='bbox 1965 1961 2282 2038; x_wconf 80' lang='lat' dir='ltr'><strong>procedit,</strong></span> <span class='ocrx_word' id='word_1_235' title='bbox 2317 1963 2860 2043; x_wconf 88' lang='lat' dir='ltr'><strong>docetimplicite,</strong></span> <span class='ocrx_word' id='word_1_236' title='bbox 2886 1965 3076 2028; x_wconf 90' lang='lat' dir='ltr'><strong>etiam</strong></span> <span class='ocrx_word' id='word_1_237' title='bbox 3108 1983 3141 2028; x_wconf 88' lang='lat' dir='ltr'><strong>a</strong></span> <span class='ocrx_word' id='word_1_238' title='bbox 3173 1967 3392 2049; x_wconf 84' lang='lat' dir='ltr'><strong>seipso</strong></span> <span class='ocrx_word' id='word_1_239' title='bbox 3418 1971 3779 2048; x_wconf 84' lang='lat' dir='ltr'><strong>procedere.</strong></span> 
     </span>
    </p>
   </div>
   <div class='ocr_carea' id='block_1_20' title="bbox 511 2054 3783 2154">
    <p class='ocr_par' dir='ltr' id='par_1_20' title="bbox 511 2054 3783 2154">
     <span class='ocr_line' id='line_1_20' title="bbox 511 2054 3783 2154; baseline 0.006 -39"><span class='ocrx_word' id='word_1_240' title='bbox 511 2055 664 2115; x_wconf 89' lang='lat' dir='ltr'><strong>Nam</strong></span> <span class='ocrx_word' id='word_1_241' title='bbox 696 2054 1019 2134; x_wconf 87' lang='lat' dir='ltr'><strong>quidquid</strong></span> <span class='ocrx_word' id='word_1_242' title='bbox 1051 2056 1126 2117; x_wconf 82' lang='lat' dir='ltr'><strong>in</strong></span> <span class='ocrx_word' id='word_1_243' title='bbox 1156 2057 1514 2135; x_wconf 81' lang='lat' dir='ltr'><strong>Scripturis</strong></span> <span class='ocrx_word' id='word_1_244' title='bbox 1557 2056 1631 2119; x_wconf 90' lang='lat' dir='ltr'><strong>de</strong></span> <span class='ocrx_word' id='word_1_245' title='bbox 1685 2078 1816 2122; x_wconf 86' lang='lat' dir='ltr'><strong>una</strong></span> <span class='ocrx_word' id='word_1_246' title='bbox 1859 2079 2136 2140; x_wconf 81' lang='lat' dir='ltr'><strong>persona</strong></span> <span class='ocrx_word' id='word_1_247' title='bbox 2178 2063 2446 2141; x_wconf 88' lang='lat' dir='ltr'><strong>dicitur,</strong></span> <span class='ocrx_word' id='word_1_248' title='bbox 2495 2067 2684 2128; x_wconf 86' lang='lat' dir='ltr'><strong>etiam</strong></span> <span class='ocrx_word' id='word_1_249' title='bbox 2733 2067 2808 2128; x_wconf 91' lang='lat' dir='ltr'><strong>de</strong></span> <span class='ocrx_word' id='word_1_250' title='bbox 2849 2067 2981 2132; x_wconf 86' lang='lat' dir='ltr'><strong>alia</strong></span> <span class='ocrx_word' id='word_1_251' title='bbox 3028 2079 3279 2148; x_wconf 87' lang='lat' dir='ltr'><strong>oportet</strong></span> <span class='ocrx_word' id='word_1_252' title='bbox 3309 2071 3604 2154; x_wconf 78' lang='lat' dir='ltr'><strong>intelligi,</strong></span> <span class='ocrx_word' id='word_1_253' title='bbox 3656 2074 3783 2136; x_wconf 85' lang='lat' dir='ltr'><strong>nisi</strong></span> 
     </span>
    </p>
   </div>
   <div class='ocr_carea' id='block_1_21' title="bbox 508 2159 3780 2251">
    <p class='ocr_par' dir='ltr' id='par_1_21' title="bbox 508 2159 3780 2251">
     <span class='ocr_line' id='line_1_21' title="bbox 508 2159 3780 2251; baseline 0.006 -35"><span class='ocrx_word' id='word_1_254' title='bbox 508 2165 818 2237; x_wconf 78' lang='lat' dir='ltr'><strong>repugnet</strong></span> <span class='ocrx_word' id='word_1_255' title='bbox 839 2159 1238 2237; x_wconf 84' lang='lat' dir='ltr'><strong>proprietati</strong></span> <span class='ocrx_word' id='word_1_256' title='bbox 1257 2161 1595 2238; x_wconf 81' lang='lat' dir='ltr'><strong>personati</strong></span> <span class='ocrx_word' id='word_1_257' title='bbox 1635 2162 1862 2241; x_wconf 83' lang='lat' dir='ltr'><strong>ipsius,</strong></span> <span class='ocrx_word' id='word_1_258' title='bbox 1897 2172 1968 2226; x_wconf 90' lang='lat' dir='ltr'><strong>ut</strong></span> <span class='ocrx_word' id='word_1_259' title='bbox 2003 2165 2418 2229; x_wconf 87' lang='lat' dir='ltr'><strong>verissimum</strong></span> <span class='ocrx_word' id='word_1_260' title='bbox 2457 2167 2642 2230; x_wconf 83' lang='lat' dir='ltr'><strong>eﬂ&#39;ert</strong></span> <span class='ocrx_word' id='word_1_261' title='bbox 2675 2169 3128 2251; x_wconf 86' lang='lat' dir='ltr'><strong>theologorum</strong></span> <span class='ocrx_word' id='word_1_262' title='bbox 3165 2189 3312 2235; x_wconf 87' lang='lat' dir='ltr'><strong>cum</strong></span> <span class='ocrx_word' id='word_1_263' title='bbox 3360 2175 3423 2236; x_wconf 87' lang='lat' dir='ltr'><strong>S.</strong></span> <span class='ocrx_word' id='word_1_264' title='bbox 3459 2173 3687 2236; x_wconf 83' lang='lat' dir='ltr'><strong>Thom.</strong></span> <span class='ocrx_word' id='word_1_265' title='bbox 3723 2195 3780 2237; x_wconf 78' lang='lat' dir='ltr'><strong>IV</strong></span> 
     </span>
    </p>
   </div>
   <div class='ocr_carea' id='block_1_22' title="bbox 507 2260 3788 2352">
    <p class='ocr_par' dir='ltr' id='par_1_22' title="bbox 507 2260 3788 2352">
     <span class='ocr_line' id='line_1_22' title="bbox 507 2260 3788 2352; baseline 0.005 -33"><span class='ocrx_word' id='word_1_266' title='bbox 507 2274 644 2337; x_wconf 86' lang='lat' dir='ltr'><strong>cap.</strong></span> <span class='ocrx_word' id='word_1_267' title='bbox 687 2261 878 2332; x_wconf 90' lang='lat' dir='ltr'><strong>Gen.,</strong></span> <span class='ocrx_word' id='word_1_268' title='bbox 912 2275 1052 2337; x_wconf 88' lang='lat' dir='ltr'><strong>cap.</strong></span> <span class='ocrx_word' id='word_1_269' title='bbox 1083 2261 1186 2334; x_wconf 82' lang='grc'><strong>25,</strong></span> <span class='ocrx_word' id='word_1_270' title='bbox 1226 2260 1509 2335; x_wconf 78' lang='lat' dir='ltr'><strong>axioma,</strong></span> <span class='ocrx_word' id='word_1_271' title='bbox 1543 2280 1617 2324; x_wconf 91' lang='lat' dir='ltr'><strong>ea</strong></span> <span class='ocrx_word' id='word_1_272' title='bbox 1647 2263 1898 2326; x_wconf 81' lang='lat' dir='ltr'><strong>ratione</strong></span> <span class='ocrx_word' id='word_1_273' title='bbox 1939 2265 2188 2341; x_wconf 86' lang='lat' dir='ltr'><strong>nixum,</strong></span> <span class='ocrx_word' id='word_1_274' title='bbox 2223 2269 2396 2346; x_wconf 92' lang='lat' dir='ltr'><strong>quod</strong></span> <span class='ocrx_word' id='word_1_275' title='bbox 2425 2275 2556 2331; x_wconf 89' lang='lat' dir='ltr'><strong>tres</strong></span> <span class='ocrx_word' id='word_1_276' title='bbox 2586 2270 2828 2332; x_wconf 73' lang='lat' dir='ltr'><strong>divinm</strong></span> <span class='ocrx_word' id='word_1_277' title='bbox 2883 2288 3182 2351; x_wconf 62' lang='lat' dir='ltr'><strong>personas</strong></span> <span class='ocrx_word' id='word_1_278' title='bbox 3219 2290 3420 2336; x_wconf 90' lang='lat' dir='ltr'><strong>unum</strong></span> <span class='ocrx_word' id='word_1_279' title='bbox 3479 2272 3788 2352; x_wconf 87' lang='lat' dir='ltr'><strong>idemque</strong></span> 
     </span>
    </p>
   </div>
   <div class='ocr_carea' id='block_1_23' title="bbox 508 2360 3788 2452">
    <p class='ocr_par' dir='ltr' id='par_1_23' title="bbox 508 2360 3788 2452">
     <span class='ocr_line' id='line_1_23' title="bbox 508 2360 3788 2452; baseline 0.006 -33"><span class='ocrx_word' id='word_1_280' title='bbox 508 2366 664 2420; x_wconf 89' lang='lat' dir='ltr'><strong>sunt</strong></span> <span class='ocrx_word' id='word_1_281' title='bbox 701 2375 954 2434; x_wconf 89' lang='lat' dir='ltr'><strong>omnes,</strong></span> <span class='ocrx_word' id='word_1_282' title='bbox 992 2360 1075 2422; x_wconf 91' lang='lat' dir='ltr'><strong>iis</strong></span> <span class='ocrx_word' id='word_1_283' title='bbox 1111 2369 1360 2424; x_wconf 88' lang='lat' dir='ltr'><strong>tantum</strong></span> <span class='ocrx_word' id='word_1_284' title='bbox 1405 2363 1693 2442; x_wconf 90' lang='lat' dir='ltr'><strong>exceptis</strong></span> <span class='ocrx_word' id='word_1_285' title='bbox 1731 2383 1876 2445; x_wconf 65' lang='lat' dir='ltr'><strong>quin</strong></span> <span class='ocrx_word' id='word_1_286' title='bbox 1909 2367 1988 2428; x_wconf 86' lang='lat' dir='ltr'><strong>ad</strong></span> <span class='ocrx_word' id='word_1_287' title='bbox 2040 2370 2446 2446; x_wconf 89' lang='lat' dir='ltr'><strong>personalem</strong></span> <span class='ocrx_word' id='word_1_288' title='bbox 2497 2372 2824 2449; x_wconf 89' lang='lat' dir='ltr'><strong>pertinent</strong></span> <span class='ocrx_word' id='word_1_289' title='bbox 2869 2375 3352 2452; x_wconf 83' lang='lat' dir='ltr'><strong>proprietatem.</strong></span> <span class='ocrx_word' id='word_1_290' title='bbox 3397 2375 3586 2448; x_wconf 88' lang='lat' dir='ltr'><strong>Quod</strong></span> <span class='ocrx_word' id='word_1_291' title='bbox 3624 2375 3788 2439; x_wconf 87' lang='lat' dir='ltr'><strong>adeo</strong></span> 
     </span>
    </p>
   </div>
   <div class='ocr_carea' id='block_1_24' title="bbox 509 2461 3788 2553">
    <p class='ocr_par' dir='ltr' id='par_1_24' title="bbox 509 2461 3788 2553">
     <span class='ocr_line' id='line_1_24' title="bbox 509 2461 3788 2553; baseline 0.006 -33"><span class='ocrx_word' id='word_1_292' title='bbox 509 2466 754 2522; x_wconf 90' lang='lat' dir='ltr'><strong>certum</strong></span> <span class='ocrx_word' id='word_1_293' title='bbox 789 2467 884 2520; x_wconf 93' lang='lat' dir='ltr'><strong>est</strong></span> <span class='ocrx_word' id='word_1_294' title='bbox 917 2466 1006 2532; x_wconf 90' lang='lat' dir='ltr'><strong>ut,</strong></span> <span class='ocrx_word' id='word_1_295' title='bbox 1038 2461 1291 2523; x_wconf 90' lang='lat' dir='ltr'><strong>etiamsi</strong></span> <span class='ocrx_word' id='word_1_296' title='bbox 1331 2461 1624 2526; x_wconf 80' lang='lat' dir='ltr'><strong>Christus</strong></span> <span class='ocrx_word' id='word_1_297' title='bbox 1655 2480 1734 2528; x_wconf 90' lang='lat' dir='ltr'><strong>eo</strong></span> <span class='ocrx_word' id='word_1_298' title='bbox 1769 2464 1895 2528; x_wconf 88' lang='lat' dir='ltr'><strong>loci</strong></span> <span class='ocrx_word' id='word_1_299' title='bbox 1935 2467 2242 2544; x_wconf 86' lang='lat' dir='ltr'><strong>dixisset,</strong></span> <span class='ocrx_word' id='word_1_300' title='bbox 2275 2470 2404 2545; x_wconf 85' lang='lat' dir='ltr'><strong>Qui</strong></span> <span class='ocrx_word' id='word_1_301' title='bbox 2437 2490 2476 2531; x_wconf 85' lang='grc' dir='ltr'>α</span> <span class='ocrx_word' id='word_1_302' title='bbox 2503 2472 2695 2534; x_wconf 88' lang='lat' dir='ltr'><strong>Patre</strong></span> <span class='ocrx_word' id='word_1_303' title='bbox 2714 2474 2848 2536; x_wconf 91' lang='lat' dir='ltr'><strong>solo</strong></span> <span class='ocrx_word' id='word_1_304' title='bbox 2875 2477 3190 2553; x_wconf 84' lang='lat' dir='ltr'><strong>procedit,</strong></span> <span class='ocrx_word' id='word_1_305' title='bbox 3228 2494 3356 2539; x_wconf 90' lang='lat' dir='ltr'><strong>non</strong></span> <span class='ocrx_word' id='word_1_306' title='bbox 3391 2477 3544 2539; x_wconf 89' lang='lat' dir='ltr'><strong>inde</strong></span> <span class='ocrx_word' id='word_1_307' title='bbox 3576 2483 3788 2540; x_wconf 84' lang='lat' dir='ltr'><strong>tamen</strong></span> 
     </span>
    </p>
   </div>
   <div class='ocr_carea' id='block_1_25' title="bbox 493 2560 3785 2658">
    <p class='ocr_par' dir='ltr' id='par_1_25' title="bbox 493 2560 3785 2658">
     <span class='ocr_line' id='line_1_25' title="bbox 493 2560 3785 2658; baseline 0.005 -34"><span class='ocrx_word' id='word_1_308' title='bbox 493 2561 862 2624; x_wconf 80' lang='lat' dir='ltr'><strong>.abdicanda</strong></span> <span class='ocrx_word' id='word_1_309' title='bbox 901 2560 962 2623; x_wconf 90' lang='lat' dir='ltr'><strong>ei</strong></span> <span class='ocrx_word' id='word_1_310' title='bbox 998 2570 1170 2623; x_wconf 89' lang='lat' dir='ltr'><strong>esset</strong></span> <span class='ocrx_word' id='word_1_311' title='bbox 1203 2563 1488 2642; x_wconf 88' lang='lat' dir='ltr'><strong>Spiritus</strong></span> <span class='ocrx_word' id='word_1_312' title='bbox 1521 2566 1728 2627; x_wconf 89' lang='lat' dir='ltr'><strong>sancti</strong></span> <span class='ocrx_word' id='word_1_313' title='bbox 1775 2569 2446 2657; x_wconf 85' lang='lat' dir='ltr'><strong>productio.Fortene</strong></span> <span class='ocrx_word' id='word_1_314' title='bbox 2497 2573 2812 2638; x_wconf 87' lang='lat' dir='ltr'><strong>mirantur</strong></span> <span class='ocrx_word' id='word_1_315' title='bbox 2856 2577 2956 2638; x_wconf 91' lang='lat' dir='ltr'><strong>vel</strong></span> <span class='ocrx_word' id='word_1_316' title='bbox 3005 2578 3124 2640; x_wconf 91' lang='lat' dir='ltr'><strong>hoc</strong></span> <span class='ocrx_word' id='word_1_317' title='bbox 3169 2586 3402 2658; x_wconf 87' lang='lat' dir='ltr'><strong>negant</strong></span> <span class='ocrx_word' id='word_1_318' title='bbox 3460 2577 3785 2652; x_wconf 61' lang='lat' dir='ltr'><strong>Photiani,</strong></span> 
     </span>
    </p>
   </div>
   <div class='ocr_carea' id='block_1_26' title="bbox 508 2663 3789 2757">
    <p class='ocr_par' dir='ltr' id='par_1_26' title="bbox 508 2663 3789 2757">
     <span class='ocr_line' id='line_1_26' title="bbox 508 2663 3789 2757; baseline 0.005 -34"><span class='ocrx_word' id='word_1_319' title='bbox 508 2664 676 2740; x_wconf 73' lang='lat' dir='ltr'><strong>Ergo</strong></span> <span class='ocrx_word' id='word_1_320' title='bbox 715 2663 952 2739; x_wconf 86' lang='lat' dir='ltr'><strong>pariter</strong></span> <span class='ocrx_word' id='word_1_321' title='bbox 978 2671 1216 2742; x_wconf 85' lang='lat' dir='ltr'><strong>negent</strong></span> <span class='ocrx_word' id='word_1_322' title='bbox 1249 2665 1500 2726; x_wconf 89' lang='lat' dir='ltr'><strong>Patrem</strong></span> <span class='ocrx_word' id='word_1_323' title='bbox 1549 2682 1582 2726; x_wconf 90' lang='lat' dir='ltr'><strong>a</strong></span> <span class='ocrx_word' id='word_1_324' title='bbox 1623 2666 1864 2744; x_wconf 88' lang='lat' dir='ltr'><strong>Spiritu</strong></span> <span class='ocrx_word' id='word_1_325' title='bbox 1899 2678 2120 2730; x_wconf 89' lang='lat' dir='ltr'><strong>sancto</strong></span> <span class='ocrx_word' id='word_1_326' title='bbox 2154 2672 2470 2748; x_wconf 87' lang='lat' dir='ltr'><strong>cognosci,</strong></span> <span class='ocrx_word' id='word_1_327' title='bbox 2518 2674 2618 2735; x_wconf 88' lang='lat' dir='ltr'><strong>vel</strong></span> <span class='ocrx_word' id='word_1_328' title='bbox 2651 2674 2842 2736; x_wconf 88' lang='lat' dir='ltr'><strong>etiam</strong></span> <span class='ocrx_word' id='word_1_329' title='bbox 2873 2693 3054 2736; x_wconf 85' lang='lat' dir='ltr'><strong>nosse</strong></span> <span class='ocrx_word' id='word_1_330' title='bbox 3091 2676 3404 2756; x_wconf 89' lang='lat' dir='ltr'><strong>seipsum,</strong></span> <span class='ocrx_word' id='word_1_331' title='bbox 3447 2686 3789 2757; x_wconf 89' lang='lat' dir='ltr'><strong>propterea</strong></span> 
     </span>
    </p>
   </div>
   <div class='ocr_carea' id='block_1_27' title="bbox 510 2767 3790 2863">
    <p class='ocr_par' dir='ltr' id='par_1_27' title="bbox 510 2767 3790 2863">
     <span class='ocr_line' id='line_1_27' title="bbox 510 2767 3790 2863; baseline 0.006 -37"><span class='ocrx_word' id='word_1_332' title='bbox 510 2768 687 2845; x_wconf 88' lang='lat' dir='ltr'><strong>quod</strong></span> <span class='ocrx_word' id='word_1_333' title='bbox 746 2767 984 2832; x_wconf 85' lang='lat' dir='ltr'><strong>dixerit</strong></span> <span class='ocrx_word' id='word_1_334' title='bbox 1038 2767 1338 2831; x_wconf 73' lang='lat' dir='ltr'><strong>Christus</strong></span> <span class='ocrx_word' id='word_1_335' title='bbox 1382 2769 1607 2832; x_wconf 84' lang='lat' dir='ltr'><strong>Matth.</strong></span> <span class='ocrx_word' id='word_1_336' title='bbox 1657 2791 1753 2846; x_wconf 77' lang='lat' dir='ltr'><strong>xi,</strong></span> <span class='ocrx_word' id='word_1_337' title='bbox 1801 2773 1908 2848; x_wconf 82' lang='lat'><strong>22,</strong></span> <span class='ocrx_word' id='word_1_338' title='bbox 1941 2774 2131 2836; x_wconf 87' lang='lat' dir='ltr'><strong>Nemo</strong></span> <span class='ocrx_word' id='word_1_339' title='bbox 2178 2778 2357 2837; x_wconf 83' lang='lat' dir='ltr'><strong>novit</strong></span> <span class='ocrx_word' id='word_1_340' title='bbox 2403 2778 2682 2852; x_wconf 88' lang='lat' dir='ltr'><strong>Patrem,</strong></span> <span class='ocrx_word' id='word_1_341' title='bbox 2742 2780 2870 2842; x_wconf 86' lang='lat' dir='ltr'><strong>nisi</strong></span> <span class='ocrx_word' id='word_1_342' title='bbox 2918 2783 3163 2852; x_wconf 81' lang='lat' dir='ltr'><strong>Filius;</strong></span> <span class='ocrx_word' id='word_1_343' title='bbox 3214 2783 3312 2845; x_wconf 90' lang='lat' dir='ltr'><strong>vel</strong></span> <span class='ocrx_word' id='word_1_344' title='bbox 3367 2792 3604 2863; x_wconf 82' lang='lat' dir='ltr'><strong>negent</strong></span> <span class='ocrx_word' id='word_1_345' title='bbox 3643 2803 3790 2847; x_wconf 88' lang='lat' dir='ltr'><strong>cum</strong></span> 
     </span>
    </p>
   </div>
   <div class='ocr_carea' id='block_1_28' title="bbox 511 2865 3790 2966">
    <p class='ocr_par' dir='ltr' id='par_1_28' title="bbox 511 2865 3790 2966">
     <span class='ocr_line' id='line_1_28' title="bbox 511 2865 3790 2966; baseline 0.006 -38"><span class='ocrx_word' id='word_1_346' title='bbox 511 2865 905 2940; x_wconf 88' lang='lat' dir='ltr'><strong>Socinianis,</strong></span> <span class='ocrx_word' id='word_1_347' title='bbox 937 2865 1176 2929; x_wconf 90' lang='lat' dir='ltr'><strong>Filium</strong></span> <span class='ocrx_word' id='word_1_348' title='bbox 1212 2868 1429 2947; x_wconf 90' lang='lat' dir='ltr'><strong>ipsum</strong></span> <span class='ocrx_word' id='word_1_349' title='bbox 1461 2885 1606 2934; x_wconf 82' lang='lat' dir='ltr'><strong>esse</strong></span> <span class='ocrx_word' id='word_1_350' title='bbox 1635 2890 1854 2934; x_wconf 87' lang='lat' dir='ltr'><strong>verum</strong></span> <span class='ocrx_word' id='word_1_351' title='bbox 1887 2875 2291 2956; x_wconf 88' lang='lat' dir='ltr'><strong>Deum,quia</strong></span> <span class='ocrx_word' id='word_1_352' title='bbox 2323 2876 2730 2957; x_wconf 70' lang='lat' dir='ltr'><strong>ipsePatrem</strong></span> <span class='ocrx_word' id='word_1_353' title='bbox 2759 2879 3101 2960; x_wconf 87' lang='lat' dir='ltr'><strong>alloquens</strong></span> <span class='ocrx_word' id='word_1_354' title='bbox 3129 2884 3216 2946; x_wconf 92' lang='lat' dir='ltr'><strong>ait</strong></span> <span class='ocrx_word' id='word_1_355' title='bbox 3271 2883 3485 2959; x_wconf 83' lang='lat' dir='ltr'><strong>(Joan.</strong></span> <span class='ocrx_word' id='word_1_356' title='bbox 3517 2904 3675 2963; x_wconf 82' lang='lat' dir='ltr'><strong>xvu,</strong></span> <span class='ocrx_word' id='word_1_357' title='bbox 3697 2884 3790 2966; x_wconf 83' lang='lat'><strong>3),</strong></span> 
     </span>
    </p>
   </div>
   <div class='ocr_carea' id='block_1_29' title="bbox 510 2969 1838 3051">
    <p class='ocr_par' dir='ltr' id='par_1_29' title="bbox 510 2969 1838 3051">
     <span class='ocr_line' id='line_1_29' title="bbox 510 2969 1838 3051; baseline 0.006 -20"><span class='ocrx_word' id='word_1_358' title='bbox 510 2969 585 3031; x_wconf 88' lang='lat' dir='ltr'><strong>Ut</strong></span> <span class='ocrx_word' id='word_1_359' title='bbox 632 2981 1013 3051; x_wconf 86' lang='lat' dir='ltr'><strong>cognoscant</strong></span> <span class='ocrx_word' id='word_1_360' title='bbox 1047 2982 1105 3032; x_wconf 89' lang='lat' dir='ltr'><strong>te</strong></span> <span class='ocrx_word' id='word_1_361' title='bbox 1137 2972 1339 3033; x_wconf 86' lang='lat' dir='ltr'><strong>solum</strong></span> <span class='ocrx_word' id='word_1_362' title='bbox 1365 2991 1580 3036; x_wconf 75' lang='lat' dir='ltr'><strong>verum</strong></span> <span class='ocrx_word' id='word_1_363' title='bbox 1616 2977 1838 3039; x_wconf 87' lang='lat' dir='ltr'><strong>Deum.</strong></span> 
     </span>
    </p>
   </div>
   <div class='ocr_carea' id='block_1_30' title="bbox 588 3075 3785 3161">
    <p class='ocr_par' dir='ltr' id='par_1_30' title="bbox 588 3075 3785 3161">
     <span class='ocr_line' id='line_1_30' title="bbox 588 3075 3785 3161; baseline 0.005 -27"><span class='ocrx_word' id='word_1_364' title='bbox 588 3075 802 3136; x_wconf 80' lang='lat' dir='ltr'><strong>XXX.</strong></span> <span class='ocrx_word' id='word_1_365' title='bbox 854 3077 947 3134; x_wconf 90' lang='lat' dir='ltr'><strong>En</strong></span> <span class='ocrx_word' id='word_1_366' title='bbox 989 3091 1124 3151; x_wconf 90' lang='lat' dir='ltr'><strong>quo</strong></span> <span class='ocrx_word' id='word_1_367' title='bbox 1165 3076 1422 3137; x_wconf 91' lang='lat' dir='ltr'><strong>tandem</strong></span> <span class='ocrx_word' id='word_1_368' title='bbox 1474 3075 1606 3136; x_wconf 87' lang='lat' dir='ltr'><strong>abit</strong></span> <span class='ocrx_word' id='word_1_369' title='bbox 1673 3088 2132 3156; x_wconf 88' lang='lat' dir='ltr'><strong>argumentum</strong></span> <span class='ocrx_word' id='word_1_370' title='bbox 2177 3097 2211 3142; x_wconf 91' lang='lat' dir='ltr'><strong>a</strong></span> <span class='ocrx_word' id='word_1_371' title='bbox 2251 3080 2586 3144; x_wconf 89' lang='lat' dir='ltr'><strong>Photianis</strong></span> <span class='ocrx_word' id='word_1_372' title='bbox 2631 3082 2794 3148; x_wconf 89' lang='lat' dir='ltr'><strong>adeo</strong></span> <span class='ocrx_word' id='word_1_373' title='bbox 2840 3085 3244 3149; x_wconf 88' lang='lat' dir='ltr'><strong>decantatum</strong></span> <span class='ocrx_word' id='word_1_374' title='bbox 3293 3103 3309 3144; x_wconf 92' lang='lat'><strong>:</strong></span> <span class='ocrx_word' id='word_1_375' title='bbox 3356 3102 3392 3150; x_wconf 87' lang='lat' dir='ltr'><strong>a</strong></span> <span class='ocrx_word' id='word_1_376' title='bbox 3432 3086 3785 3161; x_wconf 85' lang='lat' dir='ltr'><strong>Photianis,</strong></span> 
     </span>
    </p>
   </div>
   <div class='ocr_carea' id='block_1_31' title="bbox 509 3177 3791 3268">
    <p class='ocr_par' dir='ltr' id='par_1_31' title="bbox 509 3177 3791 3268">
     <span class='ocr_line' id='line_1_31' title="bbox 509 3177 3791 3268; baseline 0.005 -30"><span class='ocrx_word' id='word_1_377' title='bbox 509 3177 803 3255; x_wconf 88' lang='lat' dir='ltr'><strong>inquam,</strong></span> <span class='ocrx_word' id='word_1_378' title='bbox 850 3179 965 3256; x_wconf 91' lang='lat' dir='ltr'><strong>qui</strong></span> <span class='ocrx_word' id='word_1_379' title='bbox 1007 3188 1072 3242; x_wconf 91' lang='lat' dir='ltr'><strong>et</strong></span> <span class='ocrx_word' id='word_1_380' title='bbox 1125 3180 1344 3242; x_wconf 90' lang='lat' dir='ltr'><strong>tritum</strong></span> <span class='ocrx_word' id='word_1_381' title='bbox 1373 3180 1537 3244; x_wconf 91' lang='lat' dir='ltr'><strong>illud</strong></span> <span class='ocrx_word' id='word_1_382' title='bbox 1578 3189 1642 3243; x_wconf 91' lang='lat' dir='ltr'><strong>et</strong></span> <span class='ocrx_word' id='word_1_383' title='bbox 1695 3200 1806 3260; x_wconf 90' lang='lat' dir='ltr'><strong>per</strong></span> <span class='ocrx_word' id='word_1_384' title='bbox 1839 3201 1982 3246; x_wconf 88' lang='lat' dir='ltr'><strong>sese</strong></span> <span class='ocrx_word' id='word_1_385' title='bbox 2034 3184 2631 3250; x_wconf 87' lang='lat' dir='ltr'><strong>luculentissimum</strong></span> <span class='ocrx_word' id='word_1_386' title='bbox 2661 3187 2962 3268; x_wconf 84' lang='lat' dir='ltr'><strong>ignorare</strong></span> <span class='ocrx_word' id='word_1_387' title='bbox 3006 3191 3310 3256; x_wconf 89' lang='lat' dir='ltr'><strong>videntur</strong></span> <span class='ocrx_word' id='word_1_388' title='bbox 3359 3215 3375 3255; x_wconf 90' lang='lat'><strong>:</strong></span> <span class='ocrx_word' id='word_1_389' title='bbox 3417 3192 3542 3268; x_wconf 84' lang='lat' dir='ltr'><strong>Qui</strong></span> <span class='ocrx_word' id='word_1_390' title='bbox 3590 3210 3791 3254; x_wconf 88' lang='lat' dir='ltr'><strong>unum</strong></span> 
     </span>
    </p>
   </div>
   <div class='ocr_carea' id='block_1_32' title="bbox 508 3277 3792 3374">
    <p class='ocr_par' dir='ltr' id='par_1_32' title="bbox 508 3277 3792 3374">
     <span class='ocr_line' id='line_1_32' title="bbox 508 3277 3792 3374; baseline 0.005 -37"><span class='ocrx_word' id='word_1_391' title='bbox 508 3278 762 3350; x_wconf 85' lang='lat' dir='ltr'><strong>asserit,</strong></span> <span class='ocrx_word' id='word_1_392' title='bbox 794 3277 972 3340; x_wconf 85' lang='lat' dir='ltr'><strong>aliud</strong></span> <span class='ocrx_word' id='word_1_393' title='bbox 1016 3297 1145 3337; x_wconf 87' lang='lat' dir='ltr'><strong>non</strong></span> <span class='ocrx_word' id='word_1_394' title='bbox 1190 3288 1402 3358; x_wconf 88' lang='lat' dir='ltr'><strong>negat,</strong></span> <span class='ocrx_word' id='word_1_395' title='bbox 1456 3281 1584 3343; x_wconf 86' lang='lat' dir='ltr'><strong>nisi</strong></span> <span class='ocrx_word' id='word_1_396' title='bbox 1653 3283 1710 3343; x_wconf 90' lang='lat' dir='ltr'><strong>ei</strong></span> <span class='ocrx_word' id='word_1_397' title='bbox 1759 3281 1925 3361; x_wconf 88' lang='lat' dir='ltr'><strong>quod</strong></span> <span class='ocrx_word' id='word_1_398' title='bbox 1971 3285 2203 3346; x_wconf 86' lang='lat' dir='ltr'><strong>asserit</strong></span> <span class='ocrx_word' id='word_1_399' title='bbox 2250 3295 2583 3366; x_wconf 85' lang='lat' dir='ltr'><strong>repugnet.</strong></span> <span class='ocrx_word' id='word_1_400' title='bbox 2632 3291 2787 3351; x_wconf 87' lang='lat' dir='ltr'><strong>Nam</strong></span> <span class='ocrx_word' id='word_1_401' title='bbox 2838 3289 3277 3366; x_wconf 90' lang='lat' dir='ltr'><strong>probaruntne</strong></span> <span class='ocrx_word' id='word_1_402' title='bbox 3317 3309 3628 3374; x_wconf 88' lang='lat' dir='ltr'><strong>unquam,</strong></span> <span class='ocrx_word' id='word_1_403' title='bbox 3681 3300 3792 3356; x_wconf 85' lang='lat' dir='ltr'><strong>aut</strong></span> 
     </span>
    </p>
   </div>
   <div class='ocr_carea' id='block_1_33' title="bbox 510 3377 3795 3466">
    <p class='ocr_par' dir='ltr' id='par_1_33' title="bbox 510 3377 3795 3466">
     <span class='ocr_line' id='line_1_33' title="bbox 510 3377 3795 3466; baseline 0.005 -26"><span class='ocrx_word' id='word_1_404' title='bbox 510 3377 867 3456; x_wconf 89' lang='lat' dir='ltr'><strong>aliquando</strong></span> <span class='ocrx_word' id='word_1_405' title='bbox 904 3378 1232 3457; x_wconf 88' lang='lat' dir='ltr'><strong>probaturi</strong></span> <span class='ocrx_word' id='word_1_406' title='bbox 1270 3387 1446 3453; x_wconf 91' lang='lat' dir='ltr'><strong>sunt,</strong></span> <span class='ocrx_word' id='word_1_407' title='bbox 1485 3381 1681 3443; x_wconf 90' lang='lat' dir='ltr'><strong>ullam</strong></span> <span class='ocrx_word' id='word_1_408' title='bbox 1714 3381 1783 3444; x_wconf 92' lang='lat' dir='ltr'><strong>in</strong></span> <span class='ocrx_word' id='word_1_409' title='bbox 1824 3399 1902 3445; x_wconf 93' lang='lat' dir='ltr'><strong>eo</strong></span> <span class='ocrx_word' id='word_1_410' title='bbox 1929 3401 2071 3447; x_wconf 90' lang='lat' dir='ltr'><strong>esse</strong></span> <span class='ocrx_word' id='word_1_411' title='bbox 2106 3389 2628 3466; x_wconf 86' lang='lat' dir='ltr'><strong>repugnantiam,</strong></span> <span class='ocrx_word' id='word_1_412' title='bbox 2665 3389 2841 3466; x_wconf 91' lang='lat' dir='ltr'><strong>quod</strong></span> <span class='ocrx_word' id='word_1_413' title='bbox 2886 3390 3099 3453; x_wconf 90' lang='lat' dir='ltr'><strong>Filius</strong></span> <span class='ocrx_word' id='word_1_414' title='bbox 3141 3410 3269 3455; x_wconf 89' lang='lat' dir='ltr'><strong>una</strong></span> <span class='ocrx_word' id='word_1_415' title='bbox 3305 3411 3452 3456; x_wconf 90' lang='lat' dir='ltr'><strong>cum</strong></span> <span class='ocrx_word' id='word_1_416' title='bbox 3481 3396 3660 3457; x_wconf 89' lang='lat' dir='ltr'><strong>Patre</strong></span> <span class='ocrx_word' id='word_1_417' title='bbox 3703 3393 3795 3456; x_wconf 85' lang='lat' dir='ltr'><strong>sit</strong></span> 
     </span>
    </p>
   </div>
   <div class='ocr_carea' id='block_1_34' title="bbox 511 3482 3789 3574">
    <p class='ocr_par' dir='ltr' id='par_1_34' title="bbox 511 3482 3789 3574">
     <span class='ocr_line' id='line_1_34' title="bbox 511 3482 3789 3574; baseline 0.008 -36"><span class='ocrx_word' id='word_1_418' title='bbox 511 3482 908 3561; x_wconf 81' lang='lat' dir='ltr'><strong>principium</strong></span> <span class='ocrx_word' id='word_1_419' title='bbox 952 3483 1233 3562; x_wconf 91' lang='lat' dir='ltr'><strong>Spiritus</strong></span> <span class='ocrx_word' id='word_1_420' title='bbox 1273 3484 1519 3546; x_wconf 86' lang='lat' dir='ltr'><strong>sancti?</strong></span> <span class='ocrx_word' id='word_1_421' title='bbox 1578 3484 1749 3558; x_wconf 90' lang='lat' dir='ltr'><strong>Quid</strong></span> <span class='ocrx_word' id='word_1_422' title='bbox 1802 3484 2020 3548; x_wconf 81' lang='lat' dir='ltr'><strong>enim?</strong></span> <span class='ocrx_word' id='word_1_423' title='bbox 2051 3489 2236 3552; x_wconf 87' lang='lat' dir='ltr'><strong>Anne</strong></span> <span class='ocrx_word' id='word_1_424' title='bbox 2275 3489 2526 3569; x_wconf 82' lang='lat' dir='ltr'><strong>aliquid</strong></span> <span class='ocrx_word' id='word_1_425' title='bbox 2600 3491 2878 3568; x_wconf 84' lang='lat' dir='ltr'><strong>virtutis,</strong></span> <span class='ocrx_word' id='word_1_426' title='bbox 2910 3512 3057 3574; x_wconf 66' lang='lat' dir='ltr'><strong>quas</strong></span> <span class='ocrx_word' id='word_1_427' title='bbox 3097 3496 3256 3559; x_wconf 90' lang='lat' dir='ltr'><strong>insit</strong></span> <span class='ocrx_word' id='word_1_428' title='bbox 3307 3498 3502 3574; x_wconf 88' lang='lat' dir='ltr'><strong>Patri,</strong></span> <span class='ocrx_word' id='word_1_429' title='bbox 3556 3501 3789 3563; x_wconf 87' lang='lat' dir='ltr'><strong>deesse</strong></span> 
     </span>
    </p>
   </div>
   <div class='ocr_carea' id='block_1_35' title="bbox 510 3583 3786 3678">
    <p class='ocr_par' dir='ltr' id='par_1_35' title="bbox 510 3583 3786 3678">
     <span class='ocr_line' id='line_1_35' title="bbox 510 3583 3786 3678; baseline 0.006 -32"><span class='ocrx_word' id='word_1_430' title='bbox 510 3584 684 3646; x_wconf 90' lang='lat' dir='ltr'><strong>Filio</strong></span> <span class='ocrx_word' id='word_1_431' title='bbox 721 3583 1078 3662; x_wconf 87' lang='lat' dir='ltr'><strong>putandum</strong></span> <span class='ocrx_word' id='word_1_432' title='bbox 1115 3584 1281 3646; x_wconf 81' lang='lat' dir='ltr'><strong>erit?</strong></span> <span class='ocrx_word' id='word_1_433' title='bbox 1316 3585 1425 3646; x_wconf 90' lang='lat' dir='ltr'><strong>Vel</strong></span> <span class='ocrx_word' id='word_1_434' title='bbox 1467 3586 1698 3647; x_wconf 90' lang='lat' dir='ltr'><strong>rationi</strong></span> <span class='ocrx_word' id='word_1_435' title='bbox 1736 3587 1885 3648; x_wconf 91' lang='lat' dir='ltr'><strong>Filii</strong></span> <span class='ocrx_word' id='word_1_436' title='bbox 1927 3590 2244 3668; x_wconf 76' lang='lat' dir='ltr'><strong>rep‘ugnat</strong></span> <span class='ocrx_word' id='word_1_437' title='bbox 2276 3593 2636 3669; x_wconf 88' lang='lat' dir='ltr'><strong>producere</strong></span> <span class='ocrx_word' id='word_1_438' title='bbox 2699 3593 2890 3656; x_wconf 85' lang='lat' dir='ltr'><strong>aliam</strong></span> <span class='ocrx_word' id='word_1_439' title='bbox 2923 3612 2956 3656; x_wconf 92' lang='lat' dir='ltr'><strong>a</strong></span> <span class='ocrx_word' id='word_1_440' title='bbox 2992 3597 3208 3674; x_wconf 91' lang='lat' dir='ltr'><strong>seipso</strong></span> <span class='ocrx_word' id='word_1_441' title='bbox 3251 3604 3640 3678; x_wconf 85' lang='lat' dir='ltr'><strong>personam?</strong></span> <span class='ocrx_word' id='word_1_442' title='bbox 3671 3605 3786 3665; x_wconf 88' lang='lat' dir='ltr'><strong>Vel</strong></span> 
     </span>
    </p>
   </div>
   <div class='ocr_carea' id='block_1_36' title="bbox 512 3689 3789 3779">
    <p class='ocr_par' dir='ltr' id='par_1_36' title="bbox 512 3689 3789 3779">
     <span class='ocr_line' id='line_1_36' title="bbox 512 3689 3789 3779; baseline 0.005 -28"><span class='ocrx_word' id='word_1_443' title='bbox 512 3690 772 3752; x_wconf 90' lang='lat' dir='ltr'><strong>demum</strong></span> <span class='ocrx_word' id='word_1_444' title='bbox 803 3691 979 3769; x_wconf 87' lang='lat' dir='ltr'><strong>quod</strong></span> <span class='ocrx_word' id='word_1_445' title='bbox 1027 3689 1216 3752; x_wconf 86' lang='lat' dir='ltr'><strong>habet</strong></span> <span class='ocrx_word' id='word_1_446' title='bbox 1251 3690 1672 3769; x_wconf 88' lang='lat' dir='ltr'><strong>principium,</strong></span> <span class='ocrx_word' id='word_1_447' title='bbox 1708 3692 1940 3771; x_wconf 88' lang='lat' dir='ltr'><strong>nequit</strong></span> <span class='ocrx_word' id='word_1_448' title='bbox 1979 3709 2127 3754; x_wconf 90' lang='lat' dir='ltr'><strong>esse</strong></span> <span class='ocrx_word' id='word_1_449' title='bbox 2176 3695 2571 3773; x_wconf 88' lang='lat' dir='ltr'><strong>principium</strong></span> <span class='ocrx_word' id='word_1_450' title='bbox 2615 3695 2926 3759; x_wconf 82' lang='lat' dir='ltr'><strong>alterius?</strong></span> <span class='ocrx_word' id='word_1_451' title='bbox 2969 3699 3139 3760; x_wconf 83' lang='lat' dir='ltr'><strong>Nihil</strong></span> <span class='ocrx_word' id='word_1_452' title='bbox 3193 3700 3423 3762; x_wconf 90' lang='lat' dir='ltr'><strong>horum</strong></span> <span class='ocrx_word' id='word_1_453' title='bbox 3474 3702 3789 3779; x_wconf 88' lang='lat' dir='ltr'><strong>profecto.</strong></span> 
     </span>
    </p>
   </div>
   <div class='ocr_carea' id='block_1_37' title="bbox 512 3789 3787 3876">
    <p class='ocr_par' dir='ltr' id='par_1_37' title="bbox 512 3789 3787 3876">
     <span class='ocr_line' id='line_1_37' title="bbox 512 3789 3787 3876; baseline 0.004 -24"><span class='ocrx_word' id='word_1_454' title='bbox 512 3791 639 3852; x_wconf 86' lang='lat' dir='ltr'><strong>Cur</strong></span> <span class='ocrx_word' id='word_1_455' title='bbox 669 3789 872 3867; x_wconf 82' lang='lat' dir='ltr'><strong>igitur</strong></span> <span class='ocrx_word' id='word_1_456' title='bbox 901 3799 1164 3851; x_wconf 89' lang='lat' dir='ltr'><strong>ovantes</strong></span> <span class='ocrx_word' id='word_1_457' title='bbox 1195 3789 1360 3853; x_wconf 91' lang='lat' dir='ltr'><strong>adeo</strong></span> <span class='ocrx_word' id='word_1_458' title='bbox 1409 3799 1861 3870; x_wconf 86' lang='lat' dir='ltr'><strong>argumentum</strong></span> <span class='ocrx_word' id='word_1_459' title='bbox 1895 3792 2071 3854; x_wconf 91' lang='lat' dir='ltr'><strong>istud</strong></span> <span class='ocrx_word' id='word_1_460' title='bbox 2103 3794 2463 3856; x_wconf 87' lang='lat' dir='ltr'><strong>obtrudunt</strong></span> <span class='ocrx_word' id='word_1_461' title='bbox 2500 3818 2515 3857; x_wconf 92' lang='lat'><strong>:</strong></span> <span class='ocrx_word' id='word_1_462' title='bbox 2555 3796 2971 3876; x_wconf 81' lang='lat' dir='ltr'><strong>Evangelium</strong></span> <span class='ocrx_word' id='word_1_463' title='bbox 3001 3801 3243 3863; x_wconf 86' lang='lat' dir='ltr'><strong>Christi</strong></span> <span class='ocrx_word' id='word_1_464' title='bbox 3277 3821 3385 3863; x_wconf 90' lang='lat' dir='ltr'><strong>ore</strong></span> <span class='ocrx_word' id='word_1_465' title='bbox 3407 3803 3576 3864; x_wconf 85' lang='lat' dir='ltr'><strong>clare</strong></span> <span class='ocrx_word' id='word_1_466' title='bbox 3604 3804 3787 3866; x_wconf 84' lang='lat' dir='ltr'><strong>docet</strong></span> 
     </span>
    </p>
   </div>
   <div class='ocr_carea' id='block_1_38' title="bbox 508 3889 3786 3982">
    <p class='ocr_par' dir='ltr' id='par_1_38' title="bbox 508 3889 3786 3982">
     <span class='ocr_line' id='line_1_38' title="bbox 508 3889 3786 3982; baseline 0.005 -34"><span class='ocrx_word' id='word_1_467' title='bbox 508 3889 743 3967; x_wconf 80' lang='lat' dir='ltr'><strong>ﬁdeles,</strong></span> <span class='ocrx_word' id='word_1_468' title='bbox 773 3891 1091 3967; x_wconf 85' lang='lat' dir='ltr'><strong>Spiritum</strong></span> <span class='ocrx_word' id='word_1_469' title='bbox 1129 3901 1416 3953; x_wconf 84' lang='lat' dir='ltr'><strong>sanctum</strong></span> <span class='ocrx_word' id='word_1_470' title='bbox 1447 3910 1486 3951; x_wconf 90' lang='lat' dir='ltr'><strong>a</strong></span> <span class='ocrx_word' id='word_1_471' title='bbox 1519 3891 1705 3953; x_wconf 86' lang='lat' dir='ltr'><strong>Patre</strong></span> <span class='ocrx_word' id='word_1_472' title='bbox 1732 3892 2108 3972; x_wconf 87' lang='lat' dir='ltr'><strong>procedere;</strong></span> <span class='ocrx_word' id='word_1_473' title='bbox 2138 3904 2205 3956; x_wconf 90' lang='lat' dir='ltr'><strong>at</strong></span> <span class='ocrx_word' id='word_1_474' title='bbox 2249 3896 2380 3974; x_wconf 83' lang='lat' dir='ltr'><strong>ipsi</strong></span> <span class='ocrx_word' id='word_1_475' title='bbox 2413 3897 2623 3976; x_wconf 88' lang='lat' dir='ltr'><strong>angeli</strong></span> <span class='ocrx_word' id='word_1_476' title='bbox 2689 3899 3092 3961; x_wconf 86' lang='lat' dir='ltr'><strong>tenebrarum</strong></span> <span class='ocrx_word' id='word_1_477' title='bbox 3126 3902 3386 3982; x_wconf 79' lang='lat' dir='ltr'><strong>(Latini)</strong></span> <span class='ocrx_word' id='word_1_478' title='bbox 3406 3904 3786 3981; x_wconf 80' lang='lat' dir='ltr'><strong>prtedicant,</strong></span> 
     </span>
    </p>
   </div>
   <div class='ocr_carea' id='block_1_39' title="bbox 511 3988 3790 4081">
    <p class='ocr_par' dir='ltr' id='par_1_39' title="bbox 511 3988 3790 4081">
     <span class='ocr_line' id='line_1_39' title="bbox 511 3988 3790 4081; baseline 0.005 -33"><span class='ocrx_word' id='word_1_479' title='bbox 511 3989 696 4050; x_wconf 85' lang='lat' dir='ltr'><strong>etiam</strong></span> <span class='ocrx_word' id='word_1_480' title='bbox 723 4006 762 4047; x_wconf 91' lang='lat' dir='ltr'><strong>a</strong></span> <span class='ocrx_word' id='word_1_481' title='bbox 792 3988 967 4050; x_wconf 85' lang='lat' dir='ltr'><strong>Filio</strong></span> <span class='ocrx_word' id='word_1_482' title='bbox 995 4008 1016 4048; x_wconf 91' lang='lat'><strong><em>:</em></strong></span> <span class='ocrx_word' id='word_1_483' title='bbox 1049 4005 1204 4068; x_wconf 87' lang='lat' dir='ltr'><strong>ergo</strong></span> <span class='ocrx_word' id='word_1_484' title='bbox 1248 3990 1608 4069; x_wconf 86' lang='lat' dir='ltr'><strong>Evangelio</strong></span> <span class='ocrx_word' id='word_1_485' title='bbox 1649 3991 1965 4055; x_wconf 88' lang='lat' dir='ltr'><strong>contraria</strong></span> <span class='ocrx_word' id='word_1_486' title='bbox 2015 3994 2272 4056; x_wconf 89' lang='lat' dir='ltr'><strong>docent.</strong></span> <span class='ocrx_word' id='word_1_487' title='bbox 2302 3995 2391 4055; x_wconf 81' lang='lat' dir='ltr'><strong>ita</strong></span> <span class='ocrx_word' id='word_1_488' title='bbox 2425 4011 2580 4058; x_wconf 86' lang='lat' dir='ltr'><strong>sane</strong></span> <span class='ocrx_word' id='word_1_489' title='bbox 2615 4005 2758 4074; x_wconf 90' lang='lat' dir='ltr'><strong>post</strong></span> <span class='ocrx_word' id='word_1_490' title='bbox 2802 3996 3185 4061; x_wconf 89' lang='lat' dir='ltr'><strong>innumeros</strong></span> <span class='ocrx_word' id='word_1_491' title='bbox 3239 4001 3406 4064; x_wconf 88' lang='lat' dir='ltr'><strong>alios</strong></span> <span class='ocrx_word' id='word_1_492' title='bbox 3450 4003 3790 4081; x_wconf 85' lang='lat' dir='ltr'><strong>Eugenius</strong></span> 
     </span>
    </p>
   </div>
   <div class='ocr_carea' id='block_1_40' title="bbox 509 4089 2115 4184">
    <p class='ocr_par' dir='ltr' id='par_1_40' title="bbox 509 4089 2115 4171">
     <span class='ocr_line' id='line_1_40' title="bbox 509 4089 2115 4171; baseline 0.004 -20"><span class='ocrx_word' id='word_1_493' title='bbox 509 4089 580 4154; x_wconf 90' lang='lat' dir='ltr'><strong>in</strong></span> <span class='ocrx_word' id='word_1_494' title='bbox 613 4091 806 4154; x_wconf 90' lang='lat' dir='ltr'><strong>citato</strong></span> <span class='ocrx_word' id='word_1_495' title='bbox 840 4091 1089 4167; x_wconf 89' lang='lat' dir='ltr'><strong>libello,</strong></span> <span class='ocrx_word' id='word_1_496' title='bbox 1122 4091 1307 4171; x_wconf 89' lang='lat' dir='ltr'><strong>cujus</strong></span> <span class='ocrx_word' id='word_1_497' title='bbox 1337 4095 1552 4156; x_wconf 85' lang='lat' dir='ltr'><strong>Graeca</strong></span> <span class='ocrx_word' id='word_1_498' title='bbox 1587 4095 1775 4156; x_wconf 87' lang='lat' dir='ltr'><strong>verba</strong></span> <span class='ocrx_word' id='word_1_499' title='bbox 1811 4103 1960 4157; x_wconf 91' lang='lat' dir='ltr'><strong>sunt</strong></span> <span class='ocrx_word' id='word_1_500' title='bbox 1996 4095 2115 4158; x_wconf 67' lang='lat' dir='ltr'><strong>haec</strong></span> 
     </span>
    </p>
   </div>
   <div class='ocr_carea' id='block_1_41' title="bbox 2187 4089 3793 4184">
    <p class='ocr_par' dir='ltr' id='par_1_41' title="bbox 2210 4105 3793 4184">
     <span class='ocr_line' id='line_1_41' title="bbox 2210 4105 3793 4184; baseline 0.004 -26"><span class='ocrx_word' id='word_1_501' title='bbox 2210 4105 2282 4158; x_wconf 86' lang='grc' dir='ltr'>Τὸ</span> <span class='ocrx_word' id='word_1_502' title='bbox 2317 4105 2657 4175; x_wconf 78' lang='grc' dir='ltr'><strong>Εὐαγγέλιον</strong></span> <span class='ocrx_word' id='word_1_503' title='bbox 2684 4107 2772 4162; x_wconf 82' lang='grc' dir='ltr'><strong>διὰ</strong></span> <span class='ocrx_word' id='word_1_504' title='bbox 2807 4108 3078 4180; x_wconf 81' lang='grc' dir='ltr'><strong>στόματος</strong></span> <span class='ocrx_word' id='word_1_505' title='bbox 3113 4111 3207 4164; x_wconf 76' lang='grc' dir='ltr'><strong>τοῦ</strong></span> <span class='ocrx_word' id='word_1_506' title='bbox 3229 4111 3476 4184; x_wconf 69' lang='grc' dir='ltr'><strong>Χριστοῦ</strong></span> <span class='ocrx_word' id='word_1_507' title='bbox 3498 4113 3793 4182; x_wconf 77' lang='grc' dir='ltr'><strong>εὐαγγελί-</strong></span> 
     </span>
    </p>
   </div>
   <div class='ocr_carea' id='block_1_42' title="bbox 485 4194 3794 4278">
    <p class='ocr_par' dir='ltr' id='par_1_42' title="bbox 485 4194 3794 4278">
     <span class='ocr_line' id='line_1_42' title="bbox 485 4194 3794 4278; baseline 0.005 -29"><span class='ocrx_word' id='word_1_508' title='bbox 485 4194 664 4260; x_wconf 66' lang='grc' dir='ltr'>ζεται</span> <span class='ocrx_word' id='word_1_509' title='bbox 703 4197 786 4260; x_wconf 73' lang='grc' dir='ltr'><strong>εἰς</strong></span> <span class='ocrx_word' id='word_1_510' title='bbox 822 4197 953 4260; x_wconf 80' lang='grc' dir='ltr'><strong>τοὺς</strong></span> <span class='ocrx_word' id='word_1_511' title='bbox 1007 4196 1236 4260; x_wconf 82' lang='grc' dir='ltr'>πιστοὺς</span> <span class='ocrx_word' id='word_1_512' title='bbox 1281 4200 1493 4269; x_wconf 76' lang='grc' dir='ltr'>φανερὰ</span> <span class='ocrx_word' id='word_1_513' title='bbox 1542 4199 1626 4253; x_wconf 82' lang='grc' dir='ltr'><strong>ὅτι</strong></span> <span class='ocrx_word' id='word_1_514' title='bbox 1692 4199 1924 4271; x_wconf 76' lang='grc' dir='ltr'><strong>Πνεῦμα.</strong></span> <span class='ocrx_word' id='word_1_515' title='bbox 1984 4201 2138 4274; x_wconf 82' lang='grc' dir='ltr'>παρὰ</span> <span class='ocrx_word' id='word_1_516' title='bbox 2187 4203 2402 4273; x_wconf 76' lang='grc' dir='ltr'><strong>Πατρδς</strong></span> <span class='ocrx_word' id='word_1_517' title='bbox 2440 4202 2827 4274; x_wconf 76' lang='grc' dir='ltr'><strong>ἐκπορεύεται,</strong></span> <span class='ocrx_word' id='word_1_518' title='bbox 2864 4207 2960 4259; x_wconf 75' lang='grc' dir='ltr'><strong>καὶ</strong></span> <span class='ocrx_word' id='word_1_519' title='bbox 2995 4206 3145 4262; x_wconf 79' lang='grc' dir='ltr'><strong>αὐτοὶ</strong></span> <span class='ocrx_word' id='word_1_520' title='bbox 3203 4209 3253 4261; x_wconf 89' lang='lat' dir='ltr'><strong>oi.</strong></span> <span class='ocrx_word' id='word_1_521' title='bbox 3287 4209 3511 4278; x_wconf 76' lang='grc' dir='ltr'><strong>ἄγγελοι</strong></span> <span class='ocrx_word' id='word_1_522' title='bbox 3562 4211 3794 4275; x_wconf 77' lang='grc' dir='ltr'><strong>σκότους</strong></span> 
     </span>
    </p>
   </div>
   <div class='ocr_carea' id='block_1_43' title="bbox 507 4290 2113 4380">
    <p class='ocr_par' dir='ltr' id='par_1_43' title="bbox 507 4290 2105 4373">
     <span class='ocr_line' id='line_1_43' title="bbox 507 4290 2105 4373; baseline 0.003 -19"><span class='ocrx_word' id='word_1_523' title='bbox 507 4290 981 4372; x_wconf 71' lang='grc' dir='ltr'><strong>εὖαγγελιξονται,</strong></span> <span class='ocrx_word' id='word_1_524' title='bbox 1009 4304 1105 4356; x_wconf 82' lang='grc' dir='ltr'><strong>καὶ</strong></span> <span class='ocrx_word' id='word_1_525' title='bbox 1141 4304 1208 4356; x_wconf 83' lang='grc' dir='ltr'><strong>ὲκ</strong></span> <span class='ocrx_word' id='word_1_526' title='bbox 1231 4303 1326 4358; x_wconf 81' lang='grc' dir='ltr'><strong>τοῦ</strong></span> <span class='ocrx_word' id='word_1_527' title='bbox 1360 4303 1514 4358; x_wconf 77' lang='grc' dir='ltr'><strong>Υἰοῦ.</strong></span> <span class='ocrx_word' id='word_1_528' title='bbox 1559 4296 1614 4358; x_wconf 93' lang='grc' dir='ltr'><strong>Ο</strong></span> <span class='ocrx_word' id='word_1_529' title='bbox 1656 4296 2018 4373; x_wconf 65' lang='lat' dir='ltr'><strong>praeclaram</strong></span> <span class='ocrx_word' id='word_1_530' title='bbox 2077 4315 2105 4359; x_wconf 92' lang='lat' dir='ltr'><strong>s</strong></span> 
     </span>
    </p>
   </div>
   <div class='ocr_carea' id='block_1_44' title="bbox 2179 4290 3785 4380">
    <p class='ocr_par' dir='ltr' id='par_1_44' title="bbox 2179 4298 3785 4380">
     <span class='ocr_line' id='line_1_44' title="bbox 2179 4298 3785 4380; baseline 0.004 -22"><span class='ocrx_word' id='word_1_531' title='bbox 2179 4298 2470 4361; x_wconf 74' lang='lat' dir='ltr'><strong>lolarchm</strong></span> <span class='ocrx_word' id='word_1_532' title='bbox 2499 4300 2742 4362; x_wconf 87' lang='lat' dir='ltr'><strong>Montis</strong></span> <span class='ocrx_word' id='word_1_533' title='bbox 2794 4309 3124 4380; x_wconf 81' lang='grc' dir='ltr'><strong>Ἀγιονύμου</strong></span> <span class='ocrx_word' id='word_1_534' title='bbox 3164 4303 3607 4367; x_wconf 87' lang='lat' dir='ltr'><strong>ratiocinatioi</strong></span> <span class='ocrx_word' id='word_1_535' title='bbox 3655 4305 3785 4379; x_wconf 90' lang='lat' dir='ltr'><strong>Sic,</strong></span> 
     </span>
    </p>
   </div>
   <div class='ocr_carea' id='block_1_45' title="bbox 509 4387 3792 4477">
    <p class='ocr_par' dir='ltr' id='par_1_45' title="bbox 509 4387 3792 4477">
     <span class='ocr_line' id='line_1_45' title="bbox 509 4387 3792 4477; baseline 0.002 -20"><span class='ocrx_word' id='word_1_536' title='bbox 509 4396 704 4457; x_wconf 81' lang='lat' dir='ltr'><strong>cine‘t</strong></span> <span class='ocrx_word' id='word_1_537' title='bbox 751 4393 1052 4456; x_wconf 89' lang='lat' dir='ltr'><strong>Procedit</strong></span> <span class='ocrx_word' id='word_1_538' title='bbox 1095 4413 1135 4453; x_wconf 89' lang='lat' dir='ltr'><strong>a</strong></span> <span class='ocrx_word' id='word_1_539' title='bbox 1174 4394 1410 4464; x_wconf 85' lang='lat' dir='ltr'><strong>Patre;</strong></span> <span class='ocrx_word' id='word_1_540' title='bbox 1453 4414 1590 4456; x_wconf 83' lang='lat' dir='ltr'><strong>non</strong></span> <span class='ocrx_word' id='word_1_541' title='bbox 1623 4397 1828 4477; x_wconf 88' lang='lat' dir='ltr'><strong>igitur</strong></span> <span class='ocrx_word' id='word_1_542' title='bbox 1869 4387 1922 4457; x_wconf 90' lang='lat' dir='ltr'><strong>a</strong></span> <span class='ocrx_word' id='word_1_543' title='bbox 1965 4397 2138 4460; x_wconf 87' lang='lat' dir='ltr'><strong>Filio</strong></span> <span class='ocrx_word' id='word_1_544' title='bbox 2185 4417 2206 4457; x_wconf 92' lang='lat'><strong><em>:</em></strong></span> <span class='ocrx_word' id='word_1_545' title='bbox 2257 4415 2404 4460; x_wconf 90' lang='lat' dir='ltr'><strong>cum</strong></span> <span class='ocrx_word' id='word_1_546' title='bbox 2453 4399 2673 4476; x_wconf 88' lang='lat' dir='ltr'><strong>potius</strong></span> <span class='ocrx_word' id='word_1_547' title='bbox 2731 4400 3087 4464; x_wconf 86' lang='lat' dir='ltr'><strong>dicendum</strong></span> <span class='ocrx_word' id='word_1_548' title='bbox 3130 4403 3295 4466; x_wconf 81' lang='lat' dir='ltr'><strong>foret</strong></span> <span class='ocrx_word' id='word_1_549' title='bbox 3334 4422 3348 4465; x_wconf 75' lang='grc' dir='ltr'>ε</span> <span class='ocrx_word' id='word_1_550' title='bbox 3398 4403 3698 4467; x_wconf 82' lang='lat' dir='ltr'><strong>Procedit</strong></span> <span class='ocrx_word' id='word_1_551' title='bbox 3746 4425 3792 4465; x_wconf 89' lang='lat' dir='ltr'><strong>a</strong></span> 
     </span>
    </p>
   </div>
   <div class='ocr_carea' id='block_1_46' title="bbox 510 4494 3791 4584">
    <p class='ocr_par' dir='ltr' id='par_1_46' title="bbox 510 4494 3791 4584">
     <span class='ocr_line' id='line_1_46' title="bbox 510 4494 3791 4584; baseline 0.005 -30"><span class='ocrx_word' id='word_1_552' title='bbox 510 4494 728 4570; x_wconf 87' lang='lat' dir='ltr'><strong>Patre,</strong></span> <span class='ocrx_word' id='word_1_553' title='bbox 762 4512 908 4574; x_wconf 86' lang='lat' dir='ltr'><strong>ergo</strong></span> <span class='ocrx_word' id='word_1_554' title='bbox 945 4505 1003 4557; x_wconf 90' lang='lat' dir='ltr'><strong>et</strong></span> <span class='ocrx_word' id='word_1_555' title='bbox 1039 4515 1075 4556; x_wconf 92' lang='lat' dir='ltr'><strong>a</strong></span> <span class='ocrx_word' id='word_1_556' title='bbox 1102 4494 1300 4570; x_wconf 87' lang='lat' dir='ltr'><strong>Filio,</strong></span> <span class='ocrx_word' id='word_1_557' title='bbox 1333 4495 1420 4560; x_wconf 91' lang='lat' dir='ltr'><strong>ob</strong></span> <span class='ocrx_word' id='word_1_558' title='bbox 1472 4498 1787 4561; x_wconf 86' lang='lat' dir='ltr'><strong>iudicatas</strong></span> <span class='ocrx_word' id='word_1_559' title='bbox 1843 4497 2154 4560; x_wconf 87' lang='lat' dir='ltr'><strong>rationes.</strong></span> <span class='ocrx_word' id='word_1_560' title='bbox 2208 4499 2331 4562; x_wconf 91' lang='lat' dir='ltr'><strong>Sed</strong></span> <span class='ocrx_word' id='word_1_561' title='bbox 2378 4507 2442 4562; x_wconf 90' lang='lat' dir='ltr'><strong>et</strong></span> <span class='ocrx_word' id='word_1_562' title='bbox 2485 4500 2627 4578; x_wconf 88' lang='lat' dir='ltr'><strong>ipse</strong></span> <span class='ocrx_word' id='word_1_563' title='bbox 2668 4500 3190 4584; x_wconf 82' lang='lat' dir='ltr'><strong>TheOphylactus</strong></span> <span class='ocrx_word' id='word_1_564' title='bbox 3241 4505 3404 4568; x_wconf 87' lang='lat' dir='ltr'><strong>male</strong></span> <span class='ocrx_word' id='word_1_565' title='bbox 3433 4506 3614 4567; x_wconf 63' lang='lat' dir='ltr'><strong>fama;</strong></span> <span class='ocrx_word' id='word_1_566' title='bbox 3648 4523 3791 4570; x_wconf 74' lang='lat' dir='ltr'><strong>sum</strong></span> 
     </span>
    </p>
   </div>
   <div class='ocr_carea' id='block_1_47' title="bbox 485 4591 3789 4685">
    <p class='ocr_par' dir='ltr' id='par_1_47' title="bbox 485 4591 3789 4685">
     <span class='ocr_line' id='line_1_47' title="bbox 485 4591 3789 4685; baseline 0.005 -32"><span class='ocrx_word' id='word_1_567' title='bbox 485 4591 821 4667; x_wconf 71' lang='lat' dir='ltr'><strong>consum,</strong></span> <span class='ocrx_word' id='word_1_568' title='bbox 859 4596 1015 4655; x_wconf 91' lang='lat' dir='ltr'><strong>dum</strong></span> <span class='ocrx_word' id='word_1_569' title='bbox 1069 4593 1444 4670; x_wconf 70' lang='lat' dir='ltr'><strong>praedictum</strong></span> <span class='ocrx_word' id='word_1_570' title='bbox 1494 4604 1952 4676; x_wconf 86' lang='lat' dir='ltr'><strong>argumentum</strong></span> <span class='ocrx_word' id='word_1_571' title='bbox 1996 4594 2344 4675; x_wconf 87' lang='lat' dir='ltr'><strong>simplicem</strong></span> <span class='ocrx_word' id='word_1_572' title='bbox 2387 4608 2572 4661; x_wconf 81' lang='lat' dir='ltr'><strong>oocat</strong></span> <span class='ocrx_word' id='word_1_573' title='bbox 2612 4599 3082 4683; x_wconf 81' lang='lat' dir='ltr'><strong>absolutamque</strong></span> <span class='ocrx_word' id='word_1_574' title='bbox 3113 4607 3422 4667; x_wconf 81' lang='lat' dir='ltr'><strong>rationem</strong></span> <span class='ocrx_word' id='word_1_575' title='bbox 3454 4601 3564 4685; x_wconf 76' lang='grc' dir='ltr'>(ὁ),</span> <span class='ocrx_word' id='word_1_576' title='bbox 3595 4608 3789 4670; x_wconf 88' lang='lat' dir='ltr'><strong>addi-</strong></span> 
     </span>
    </p>
   </div>
   <div class='ocr_carea' id='block_1_48' title="bbox 510 4693 3785 4800">
    <p class='ocr_par' dir='ltr' id='par_1_48' title="bbox 510 4693 3785 4800">
     <span class='ocr_line' id='line_1_48' title="bbox 510 4693 3785 4800; baseline 0.003 -42"><span class='ocrx_word' id='word_1_577' title='bbox 510 4695 764 4773; x_wconf 89' lang='lat' dir='ltr'><strong>ditque,</strong></span> <span class='ocrx_word' id='word_1_578' title='bbox 798 4693 1000 4755; x_wconf 90' lang='lat' dir='ltr'><strong>alium</strong></span> <span class='ocrx_word' id='word_1_579' title='bbox 1035 4693 1224 4755; x_wconf 89' lang='lat' dir='ltr'><strong>nobis</strong></span> <span class='ocrx_word' id='word_1_580' title='bbox 1262 4712 1407 4759; x_wconf 88' lang='lat' dir='ltr'><strong>esse</strong></span> <span class='ocrx_word' id='word_1_581' title='bbox 1439 4699 1860 4778; x_wconf 81' lang='lat' dir='ltr'><strong>quaerendum</strong></span> <span class='ocrx_word' id='word_1_582' title='bbox 1891 4699 2224 4762; x_wconf 87' lang='lat' dir='ltr'><strong>doctorem</strong></span> <span class='ocrx_word' id='word_1_583' title='bbox 2259 4708 2488 4780; x_wconf 58' lang='lat' dir='ltr'><strong>praeter</strong></span> <span class='ocrx_word' id='word_1_584' title='bbox 2507 4721 2704 4766; x_wconf 87' lang='lat' dir='ltr'><strong>unum</strong></span> <span class='ocrx_word' id='word_1_585' title='bbox 2730 4706 3103 4784; x_wconf 87' lang='lat' dir='ltr'><strong>magistrum</strong></span> <span class='ocrx_word' id='word_1_586' title='bbox 3121 4717 3412 4770; x_wconf 84' lang='lat' dir='ltr'><strong>nostrum</strong></span> <span class='ocrx_word' id='word_1_587' title='bbox 3437 4711 3785 4800; x_wconf 61' lang='lat' dir='ltr'><strong>Christum,</strong></span> 
     </span>
    </p>
   </div>
   <div class='ocr_carea' id='block_1_49' title="bbox 512 4797 3788 4891">
    <p class='ocr_par' dir='ltr' id='par_1_49' title="bbox 512 4797 3788 4891">
     <span class='ocr_line' id='line_1_49' title="bbox 512 4797 3788 4891; baseline 0.003 -31"><span class='ocrx_word' id='word_1_588' title='bbox 512 4800 566 4860; x_wconf 91' lang='lat' dir='ltr'><strong>si</strong></span> <span class='ocrx_word' id='word_1_589' title='bbox 604 4797 759 4860; x_wconf 91' lang='lat' dir='ltr'><strong>huic</strong></span> <span class='ocrx_word' id='word_1_590' title='bbox 797 4797 1081 4876; x_wconf 88' lang='lat' dir='ltr'><strong>dogmati</strong></span> <span class='ocrx_word' id='word_1_591' title='bbox 1123 4798 1448 4863; x_wconf 81' lang='lat' dir='ltr'><strong>adhaerere</strong></span> <span class='ocrx_word' id='word_1_592' title='bbox 1500 4801 1804 4864; x_wconf 91' lang='lat' dir='ltr'><strong>velimus.</strong></span> <span class='ocrx_word' id='word_1_593' title='bbox 1839 4804 1919 4865; x_wconf 81' lang='lat' dir='ltr'><strong>At</strong></span> <span class='ocrx_word' id='word_1_594' title='bbox 1969 4817 2150 4878; x_wconf 78' lang='lat' dir='ltr'><strong>vero,</strong></span> <span class='ocrx_word' id='word_1_595' title='bbox 2205 4802 2260 4863; x_wconf 88' lang='lat' dir='ltr'><strong>si</strong></span> <span class='ocrx_word' id='word_1_596' title='bbox 2306 4803 2600 4867; x_wconf 87' lang='lat' dir='ltr'><strong>Christus</strong></span> <span class='ocrx_word' id='word_1_597' title='bbox 2643 4806 2880 4870; x_wconf 90' lang='lat' dir='ltr'><strong>aieudo</strong></span> <span class='ocrx_word' id='word_1_598' title='bbox 2909 4829 2942 4867; x_wconf 89' lang='lat'><strong>-:</strong></span> <span class='ocrx_word' id='word_1_599' title='bbox 2992 4809 3102 4888; x_wconf 89' lang='lat' dir='ltr'><strong>qui</strong></span> <span class='ocrx_word' id='word_1_600' title='bbox 3155 4829 3193 4869; x_wconf 90' lang='lat' dir='ltr'><strong>a</strong></span> <span class='ocrx_word' id='word_1_601' title='bbox 3242 4809 3432 4872; x_wconf 85' lang='lat' dir='ltr'><strong>Patre</strong></span> <span class='ocrx_word' id='word_1_602' title='bbox 3462 4797 3788 4891; x_wconf 67' lang='lat' dir='ltr'><strong>procedit,</strong></span> 
     </span>
    </p>
   </div>
   <div class='ocr_carea' id='block_1_50' title="bbox 513 4899 3789 4994">
    <p class='ocr_par' dir='ltr' id='par_1_50' title="bbox 513 4899 3789 4994">
     <span class='ocr_line' id='line_1_50' title="bbox 513 4899 3789 4994; baseline 0.004 -31"><span class='ocrx_word' id='word_1_603' title='bbox 513 4900 706 4964; x_wconf 89' lang='lat' dir='ltr'><strong>nobis</strong></span> <span class='ocrx_word' id='word_1_604' title='bbox 739 4899 1113 4962; x_wconf 88' lang='lat' dir='ltr'><strong>nullatenus</strong></span> <span class='ocrx_word' id='word_1_605' title='bbox 1149 4901 1550 4977; x_wconf 89' lang='lat' dir='ltr'><strong>adversatur,</strong></span> <span class='ocrx_word' id='word_1_606' title='bbox 1583 4905 1790 4966; x_wconf 92' lang='lat' dir='ltr'><strong>multo</strong></span> <span class='ocrx_word' id='word_1_607' title='bbox 1823 4904 2040 4966; x_wconf 91' lang='lat' dir='ltr'><strong>minus</strong></span> <span class='ocrx_word' id='word_1_608' title='bbox 2071 4907 2382 4968; x_wconf 83' lang='lat' dir='ltr'><strong>censendi</strong></span> <span class='ocrx_word' id='word_1_609' title='bbox 2415 4916 2568 4970; x_wconf 87' lang='lat' dir='ltr'><strong>sunt</strong></span> <span class='ocrx_word' id='word_1_610' title='bbox 2597 4908 2786 4971; x_wconf 91' lang='lat' dir='ltr'><strong>nobis</strong></span> <span class='ocrx_word' id='word_1_611' title='bbox 2817 4912 3117 4974; x_wconf 89' lang='lat' dir='ltr'><strong>contrarii</strong></span> <span class='ocrx_word' id='word_1_612' title='bbox 3145 4929 3287 4974; x_wconf 88' lang='lat' dir='ltr'><strong>esse</strong></span> <span class='ocrx_word' id='word_1_613' title='bbox 3313 4913 3684 4994; x_wconf 88' lang='lat' dir='ltr'><strong>quicunque</strong></span> <span class='ocrx_word' id='word_1_614' title='bbox 3703 4931 3789 4976; x_wconf 82' lang='lat' dir='ltr'><strong>ex</strong></span> 
     </span>
    </p>
   </div>
   <div class='ocr_carea' id='block_1_51' title="bbox 511 4998 3784 5093">
    <p class='ocr_par' dir='ltr' id='par_1_51' title="bbox 511 4998 3784 5093">
     <span class='ocr_line' id='line_1_51' title="bbox 511 4998 3784 5093; baseline 0.003 -28"><span class='ocrx_word' id='word_1_615' title='bbox 511 4998 750 5065; x_wconf 74' lang='lat' dir='ltr'><strong>Graecis</strong></span> <span class='ocrx_word' id='word_1_616' title='bbox 787 4999 1079 5062; x_wconf 82' lang='lat' dir='ltr'><strong>Patribus</strong></span> <span class='ocrx_word' id='word_1_617' title='bbox 1137 5002 1372 5066; x_wconf 88' lang='lat' dir='ltr'><strong>docent</strong></span> <span class='ocrx_word' id='word_1_618' title='bbox 1434 5002 1869 5079; x_wconf 90' lang='lat' dir='ltr'><strong>solummodo,</strong></span> <span class='ocrx_word' id='word_1_619' title='bbox 1918 5003 2364 5086; x_wconf 83' lang='lat' dir='ltr'><strong>aﬂirmantque</strong></span> <span class='ocrx_word' id='word_1_620' title='bbox 2407 5009 2718 5086; x_wconf 89' lang='lat' dir='ltr'><strong>Spiritum</strong></span> <span class='ocrx_word' id='word_1_621' title='bbox 2761 5019 3052 5074; x_wconf 88' lang='lat' dir='ltr'><strong>sanctum</strong></span> <span class='ocrx_word' id='word_1_622' title='bbox 3096 5032 3136 5071; x_wconf 82' lang='grc' dir='ltr'><em>α</em></span> <span class='ocrx_word' id='word_1_623' title='bbox 3183 5013 3374 5075; x_wconf 85' lang='lat' dir='ltr'><strong>Patre</strong></span> <span class='ocrx_word' id='word_1_624' title='bbox 3417 5014 3784 5093; x_wconf 86' lang='lat' dir='ltr'><strong>procedere.</strong></span> 
     </span>
    </p>
   </div>
   <div class='ocr_carea' id='block_1_52' title="bbox 513 5099 3789 5190">
    <p class='ocr_par' dir='ltr' id='par_1_52' title="bbox 513 5099 3789 5190">
     <span class='ocr_line' id='line_1_52' title="bbox 513 5099 3789 5190; baseline 0.005 -29"><span class='ocrx_word' id='word_1_625' title='bbox 513 5101 674 5162; x_wconf 91' lang='lat' dir='ltr'><strong>Cum</strong></span> <span class='ocrx_word' id='word_1_626' title='bbox 711 5099 908 5180; x_wconf 82' lang='lat' dir='ltr'><strong>igitur</strong></span> <span class='ocrx_word' id='word_1_627' title='bbox 937 5102 1307 5164; x_wconf 71' lang='lat' dir='ltr'><strong>Graecorum</strong></span> <span class='ocrx_word' id='word_1_628' title='bbox 1352 5118 1540 5165; x_wconf 88' lang='lat' dir='ltr'><strong>nemo</strong></span> <span class='ocrx_word' id='word_1_629' title='bbox 1591 5102 1915 5166; x_wconf 85' lang='lat' dir='ltr'><strong>inﬁcietur</strong></span> <span class='ocrx_word' id='word_1_630' title='bbox 1959 5106 2263 5169; x_wconf 89' lang='lat' dir='ltr'><strong>eumdem</strong></span> <span class='ocrx_word' id='word_1_631' title='bbox 2311 5115 2372 5170; x_wconf 89' lang='lat' dir='ltr'><strong>et</strong></span> <span class='ocrx_word' id='word_1_632' title='bbox 2419 5124 2450 5169; x_wconf 90' lang='lat' dir='ltr'><strong>a</strong></span> <span class='ocrx_word' id='word_1_633' title='bbox 2487 5108 2656 5172; x_wconf 89' lang='lat' dir='ltr'><strong>Filio</strong></span> <span class='ocrx_word' id='word_1_634' title='bbox 2704 5115 3076 5190; x_wconf 85' lang='lat' dir='ltr'><strong>procedere,</strong></span> <span class='ocrx_word' id='word_1_635' title='bbox 3113 5115 3410 5178; x_wconf 88' lang='lat' dir='ltr'><strong>nonnulli</strong></span> <span class='ocrx_word' id='word_1_636' title='bbox 3445 5123 3658 5180; x_wconf 89' lang='lat' dir='ltr'><strong>autem</strong></span> <span class='ocrx_word' id='word_1_637' title='bbox 3697 5131 3789 5178; x_wconf 82' lang='lat' dir='ltr'><strong>ex</strong></span> 
     </span>
    </p>
   </div>
   <div class='ocr_carea' id='block_1_53' title="bbox 513 5202 3786 5293">
    <p class='ocr_par' dir='ltr' id='par_1_53' title="bbox 513 5202 3786 5293">
     <span class='ocr_line' id='line_1_53' title="bbox 513 5202 3786 5293; baseline 0.005 -30"><span class='ocrx_word' id='word_1_638' title='bbox 513 5202 649 5264; x_wconf 91' lang='lat' dir='ltr'><strong>illis</strong></span> <span class='ocrx_word' id='word_1_639' title='bbox 696 5221 823 5268; x_wconf 89' lang='lat' dir='ltr'><strong>una</strong></span> <span class='ocrx_word' id='word_1_640' title='bbox 854 5223 1000 5268; x_wconf 91' lang='lat' dir='ltr'><strong>cum</strong></span> <span class='ocrx_word' id='word_1_641' title='bbox 1044 5206 1287 5267; x_wconf 88' lang='lat' dir='ltr'><strong>Latinis</strong></span> <span class='ocrx_word' id='word_1_642' title='bbox 1328 5205 1637 5268; x_wconf 88' lang='lat' dir='ltr'><strong>omnibus</strong></span> <span class='ocrx_word' id='word_1_643' title='bbox 1692 5204 2038 5282; x_wconf 80' lang='lat' dir='ltr'><strong>alﬁrment,</strong></span> <span class='ocrx_word' id='word_1_644' title='bbox 2085 5205 2371 5286; x_wconf 79' lang='lat' dir='ltr'><strong>profecto</strong></span> <span class='ocrx_word' id='word_1_645' title='bbox 2422 5209 2584 5272; x_wconf 89' lang='lat' dir='ltr'><strong>illud</strong></span> <span class='ocrx_word' id='word_1_646' title='bbox 2641 5230 2876 5293; x_wconf 87' lang='lat' dir='ltr'><strong>negare</strong></span> <span class='ocrx_word' id='word_1_647' title='bbox 2932 5214 3254 5292; x_wconf 59' lang='lat' dir='ltr'><strong>praefracte</strong></span> <span class='ocrx_word' id='word_1_648' title='bbox 3306 5217 3494 5292; x_wconf 85' lang='lat' dir='ltr'><strong>veile,</strong></span> <span class='ocrx_word' id='word_1_649' title='bbox 3547 5217 3674 5279; x_wconf 92' lang='lat' dir='ltr'><strong>imo</strong></span> <span class='ocrx_word' id='word_1_650' title='bbox 3717 5225 3786 5279; x_wconf 89' lang='lat' dir='ltr'><strong>et</strong></span> 
     </span>
    </p>
   </div>
   <div class='ocr_carea' id='block_1_54' title="bbox 515 5303 3779 5398">
    <p class='ocr_par' dir='ltr' id='par_1_54' title="bbox 515 5303 3779 5398">
     <span class='ocr_line' id='line_1_54' title="bbox 515 5303 3779 5398; baseline 0.005 -34"><span class='ocrx_word' id='word_1_651' title='bbox 515 5303 836 5368; x_wconf 74' lang='lat' dir='ltr'><strong>hmreseos</strong></span> <span class='ocrx_word' id='word_1_652' title='bbox 882 5322 1000 5366; x_wconf 92' lang='lat' dir='ltr'><strong>nos</strong></span> <span class='ocrx_word' id='word_1_653' title='bbox 1050 5306 1483 5366; x_wconf 86' lang='lat' dir='ltr'><strong>condemnare</strong></span> <span class='ocrx_word' id='word_1_654' title='bbox 1531 5307 1686 5384; x_wconf 89' lang='lat' dir='ltr'><strong>quia</strong></span> <span class='ocrx_word' id='word_1_655' title='bbox 1731 5308 1796 5369; x_wconf 88' lang='lat' dir='ltr'><strong>id</strong></span> <span class='ocrx_word' id='word_1_656' title='bbox 1844 5307 2227 5383; x_wconf 90' lang='lat' dir='ltr'><strong>asserimus,</strong></span> <span class='ocrx_word' id='word_1_657' title='bbox 2270 5326 2372 5370; x_wconf 87' lang='lat' dir='ltr'><strong>res</strong></span> <span class='ocrx_word' id='word_1_658' title='bbox 2419 5309 2675 5373; x_wconf 81' lang='lat' dir='ltr'><strong>illorum</strong></span> <span class='ocrx_word' id='word_1_659' title='bbox 2725 5325 2815 5376; x_wconf 84' lang='lat' dir='ltr'><strong>est</strong></span> <span class='ocrx_word' id='word_1_660' title='bbox 2861 5316 3079 5393; x_wconf 86' lang='lat' dir='ltr'><strong>[verba</strong></span> <span class='ocrx_word' id='word_1_661' title='bbox 3129 5335 3357 5398; x_wconf 83' lang='lat' dir='ltr'><strong>regere</strong></span> <span class='ocrx_word' id='word_1_662' title='bbox 3401 5335 3546 5397; x_wconf 78' lang='lat' dir='ltr'><strong>quae</strong></span> <span class='ocrx_word' id='word_1_663' title='bbox 3590 5317 3779 5380; x_wconf 83' lang='lat' dir='ltr'><strong>habet</strong></span> 
     </span>
    </p>
   </div>
   <div class='ocr_carea' id='block_1_55' title="bbox 516 5407 2256 5495">
    <p class='ocr_par' dir='ltr' id='par_1_55' title="bbox 516 5407 2256 5495">
     <span class='ocr_line' id='line_1_55' title="bbox 516 5407 2256 5495; baseline 0.003 -24"><span class='ocrx_word' id='word_1_664' title='bbox 516 5409 1034 5491; x_wconf 84' lang='lat' dir='ltr'><strong>TheOphylactus</strong></span> <span class='ocrx_word' id='word_1_665' title='bbox 1066 5407 1173 5492; x_wconf 77' lang='lat'><strong>(0)]</strong></span> <span class='ocrx_word' id='word_1_666' title='bbox 1195 5410 1303 5488; x_wconf 86' lang='lat' dir='ltr'><strong>qui</strong></span> <span class='ocrx_word' id='word_1_667' title='bbox 1331 5412 1572 5491; x_wconf 87' lang='lat' dir='ltr'><strong>spiritu</strong></span> <span class='ocrx_word' id='word_1_668' title='bbox 1603 5415 1842 5476; x_wconf 86' lang='lat' dir='ltr'><strong>erroris</strong></span> <span class='ocrx_word' id='word_1_669' title='bbox 1879 5414 2055 5495; x_wconf 81' lang='lat' dir='ltr'><strong>pleni</strong></span> <span class='ocrx_word' id='word_1_670' title='bbox 2081 5422 2256 5477; x_wconf 85' lang='lat' dir='ltr'><strong>sunt.</strong></span> 
     </span>
    </p>
   </div>
   <div class='ocr_carea' id='block_1_56' title="bbox 585 5618 2604 5758">
    <p class='ocr_par' dir='ltr' id='par_1_56' title="bbox 585 5618 2604 5758">
     <span class='ocr_line' id='line_1_56' title="bbox 585 5618 2604 5758; baseline -0.003 -73"><span class='ocrx_word' id='word_1_671' title='bbox 585 5618 668 5758; x_wconf 55' lang='lat'><strong>((3))</strong></span> <span class='ocrx_word' id='word_1_672' title='bbox 703 5619 990 5747; x_wconf 48' lang='lat' dir='ltr'><strong>ill.</strong></span> <span class='ocrx_word' id='word_1_673' title='bbox 2275 5623 2344 5696; x_wconf 74' lang='lat' dir='ltr'><strong>(ei</strong></span> <span class='ocrx_word' id='word_1_674' title='bbox 2380 5622 2604 5680; x_wconf 83' lang='lat' dir='ltr'><strong>Ibidem.</strong></span> 
     </span>
    </p>
   </div>
  </div>
