4068 6210
435 231 545 292 ἆ55
1253 248 1261 257 ·
1501 207 1886 273 BONIFACII
1928 205 2041 266 FID

2085 204 2240 265 ΞΤΤΙ
2287 201 2681 266 ΡΒᾸΞΕΑΤΙΟ
3599 195 3691 260 454

438 337 689 413 Oportet
723 336 794 395 ut
833 330 1002 394 inter
1037 341 1148 389 eos
1177 323 1528 387 intercedat
1554 320 1717 382 ratio
1747 316 2077 399 principii,
2109 315 2424 394 adeoque,
2456 322 2522 377 ut
2552 313 2657 377 hic
2685 313 2765 375 ab
2795 311 2910 376 illo
2950 314 3273 393 procedat.
3298 309 3696 389 Principium

395 414 398 417 I
437 436 609 501 idem
646 438 885 503 clarius
922 440 984 494 et
1017 437 1462 512 ἐμφατικοτέρως
1504 423 1804 505 preponit
1849 422 1916 483 in
1973 439 2001 483 e

2093 420 2242 482 stola
2282 421 2358 482 ad
2384 419 2712 486 Abtabium
2751 416 2849 478 bis
2899 417 3220 496 praecipue
3262 414 3473 479 verbis
3521 435 3536 474 :
3589 419 3699 490 Τὴκ

437 552 668 608 κατὰτὸ
701 549 872 605 αἴτιον
905 546 1000 602 καὶ
1059 543 1301 598 αἰτιατὸν
1351 538 1616 610 διαφορὰν
1671 536 1772 590 οὐκ
1808 530 2131 606 ἀρνούμεθα
2171 523 2342 604 (esse
2390 523 2457 585 in
2515 520 2780 599 Deo),
2808 529 2957 601 μόνῳ
2973 525 3352 597 διακρίνεσθαι
3398 524 3463 578 τὸ
3509 523 3701 593 ἕτερον

436 653 531 710 τοῦ
568 651 757 722 ἑτέρου
787 645 1307 718 καταλαμὸἀνομεν,
1341 641 1419 712 τῷ
1448 640 1510 694 τὸ
1543 639 1644 710 μὲν
1675 638 1850 692 αἴτιον
1878 633 2160 688 πιστεύειν
2189 629 2354 701 εἶναι,
2383 633 2446 688 τὸ
2473 631 2530 687 δὲ
2559 633 2624 688 ἐκ
2681 631 2776 686 τοῦ
2830 629 3030 696 αἰτίου,
3096 619 3538 680 Diversitatem
3606 634 3700 676 se-

441 719 710 812 cundum
739 745 1047 807 rationem
1075 757 1275 802 causa:
1307 748 1362 799 et
1385 735 1630 798 causali
1663 733 1810 814 (seu
1823 730 2005 811 juxta
2048 731 2358 794 rationem
2393 726 2722 806 principii)
2743 735 2800 789 et
2831 727 2960 806 ejus
2983 720 3151 804 quod
3180 728 3268 781 est
3302 739 3342 778 a
3373 719 3704 798 principio

443 852 533 928 (in
567 846 724 927 Deo)
786 863 912 906 non
941 859 1237 921 negamus
1271 860 1291 900 :
1316 857 1435 918 quo
1465 837 1597 897 solo
1619 835 1883 895 alterum
1907 829 1981 892 ab
2012 829 2211 890 altera
2241 828 2482 890 secerni
2526 822 3099 906 comprehendimus
3121 863 3138 895 ,
3171 827 3478 898 quatenus
3513 834 3704 878 unum

442 920 1132 1033 quidem'principium
1183 962 1311 1004 esse
1363 941 1708 1012 credimus,
1754 934 2025 996 alterum
2095 951 2175 994 ea:
2213 932 2579 1011 principio.
2621 932 2778 1004 Quae
2825 944 2971 992 cum
3029 926 3116 988 ait
3150 927 3511 1004 Nyssenus,
3557 920 3707 1001 quis

446 1023 637 1129 neget
687 1023 838 1110 eum
880 1023 1236 1108 credidisse
1272 1038 1583 1120 Spiritum
1637 1044 1928 1099 sanctum
1983 1049 2126 1095 esse
2174 1048 2209 1094 a
2236 1031 2402 1094 Filio
2431 1040 2741 1112 tanquam.
2780 1040 2846 1093 ὲκ
2870 1035 2964 1092 τοῦ
3011 1034 3210 1102 αἰτίου,
3261 1041 3408 1087 cum
3440 1024 3520 1086 ab
3560 1023 3706 1104 ipso

446 1147 764 1226 distingui
797 1162 924 1207 non
957 1144 1386 1207 dubitaverit?
1651 1198 1654 1202 ,
3127 1193 3134 1197 _

525 1255 585 1315 3.
629 1219 969 1329 Iiidymus,
1002 1249 1169 1310 libro
1203 1266 1248 1307 ιι
1303 1247 1386 1304 De
1437 1242 1692 1322 Spiritu
1739 1246 1956 1297 sancto
1999 1232 2322 1297 Christum
2367 1230 2682 1294 rationem
2725 1229 3101 1292 efferentem
3154 1222 3430 1298 inducit,
3481 1238 3597 1282 cur
3627 1219 3708 1281 de

449 1352 696 1433 Spiritu
727 1321 1219 1412 sanctoidixerit
1248 1349 1432 1408 Joan.
1474 1321 1582 1405 xvr
1613 1385 1628 1413 ,
1657 1340 1730 1400 1'3
1758 1359 1773 1396 :
1803 1337 1948 1400 Non
2001 1333 2162 1395 enim
2214 1331 2504 1411 loquetur
2529 1349 2566 1390 a
2603 1329 2928 1408 semetipso
2949 1326 3052 1388 his
3089 1323 3300 1399 verbis
3332 1345 3345 1384 :
3377 1321 3544 1398 Quia
3582 1337 3712 1381 non

452 1425 531 1520 ea:
565 1476 649 1531 se,
708 1455 816 1516 sed
868 1472 948 1514 ex
990 1452 1181 1514 Patre
1230 1459 1286 1511 et
1317 1469 1407 1509 me
1458 1457 1578 1516 est;
1637 1448 1754 1509 hoc
1806 1441 1967 1502 enim
2030 1436 2236 1514 ipsum
2265 1435 2430 1516 quod
2477 1433 2790 1506 subsistit,
2820 1451 2906 1526 ex
2957 1431 3151 1493 Patre
3197 1438 3255 1492 et
3303 1446 3397 1488 me
3445 1425 3548 1488 illi
3588 1435 3704 1486 est.

453 1520 822 1622 Clarissima
865 1571 1016 1618 vero
1054 1559 1204 1616 sunt
1240 1550 1452 1624 verba,
1500 1566 1645 1628 quas
1688 1546 1930 1609 ibidem
1962 1541 2184 1624 piiuois
2241 1539 2666 1618 interpositis,
2701 1520 2891 1599 habet
2933 1559 2949 1598 :
2984 1535 3193 1622 Neque
3220 1530 3584 1614 quidaliud
3622 1538 3712 1591 est

455 1663 664 1723 Filius
699 1660 982 1737 exceptis
1020 1657 1100 1716 iis
1150 1672 1283 1734 quae
1323 1654 1380 1714 ei
1410 1631 1647 1730 dantur
1690 1668 1729 1708 a
1773 1647 1963 1709 Patre
1995 1666 2015 1713 ;
2042 1643 2136 1707 sic
2179 1661 2372 1722 neque
2419 1641 2550 1703 alia
2594 1640 2950 1702 substantia
2989 1647 3078 1708 est
3123 1637 3408 1716 Spiritus
3455 1641 3709 1695 sanctus

453 1770 688 1841 praeter
719 1759 786 1821 id
818 1735 984 1838 quod
1015 1755 1206 1816 datur
1236 1753 1295 1812 ei
1329 1771 1368 1811 a
1391 1752 1589 1812 Filio.
1635 1749 1838 1829 Igitur
1871 1743 2148 1826 Spiritus
2178 1748 2435 1805 sanctus
2477 1740 2709 1820 accipit
2743 1738 3166 1812 substantiam
3213 1753 3250 1799 a
3283 1735 3448 1799 Filio
3496 1755 3514 1796 :
3557 1749 3710 1814 ergo

458 1865 538 1926 ab
582 1880 658 1924 eo
712 1858 1230 1923 substantialiter
1282 1853 1595 1934 procedit.

539 1989 599 2048 Is.
637 1984 916 2063 Cyrillus
975 1980 1476 2053 Alexandrinus,
1513 1979 1625 2042 lib.
1658 1997 1703 2053 ι,
1745 1979 1828 2037 De
1856 1975 2133 2050 adorat,

2093 2016 2133 2050 ,,
2170 1975 2324 2027 Ἔστι
2343 1973 2436 2028 τοῦ
2454 1971 2624 2063 ΔΘεοῦ,
2649 1970 2769 2045 ait,
2811 1970 2907 2025 nisi.
2930 1970 3165 2042 Πατρδς,
3206 1970 3301 2026 καὶ
3337 1969 3445 2041 μὴν
3473 1966 3565 2023 καὶ
3608 1967 3699 2022 τοῦ

460 2090 592 2147 Υἱοῦ
613 2055 975 2149 τὸνούσιωδῶς
1013 2087 1074 2150 ἐξ
1102 2087 1324 2155 ἀμφοῖν,
1354 2084 1531 2139 εῐτουν
1559 2084 1623 2136 ἐκ
1662 2081 1872 2152 Πατρὸς
1897 2079 1967 2134 δι’
2011 2079 2066 2132 ΥΙ

2091 2079 2141 2132 ab
2168 2078 2414 2148 Πνεῦμα,
2450 2055 2545 2137 cst
2602 2094 2686 2138 ea:
2732 2077 2887 2152 Deo,
2931 2083 2991 2137 et
3031 2075 3248 2148 Patre,
3287 2084 3345 2134 et
3365 2073 3536 2135 Filio
3565 2070 3697 2144 illo,

462 2192 570 2272 qui
600 2187 1106 2250 substantialiter
1140 2203 1220 2246 ea:
1253 2182 1570 2255 ambobus,
1613 2201 1722 2243 seu
1751 2200 1831 2242 ea:
1859 2179 2050 2242 Patre
2075 2199 2191 2259 per
2220 2179 2458 2242 Filium
2496 2176 2767 2258 proﬂuit
2787 2161 3091 2256 Spiritus.
3117 2177 3301 2238 Anne
3330 2190 3482 2236 vero
3513 2173 3706 2236 istum

462 2271 937 2351 substantialem
999 2284 1274 2362 Spiritus
1331 2281 1532 2343 sancti
1593 2298 1674 2347 ex
1733 2286 2006 2358 utroque
2041 2271 2350 2358 efﬂuxum
2379 2279 2461 2340 de
2504 2280 2818 2341 donorum
2849 2279 3019 2358 ejus,
3047 2285 3239 2358 atque
3271 2275 3712 2338 charismatum

465 2390 782 2454 effusione
819 2385 1412 2463 interpretabuntur
1446 2378 1786 2443 Photiani?
1818 2381 1940 2442 Sed
1971 2379 2228 2444 ridendi
2265 2385 2441 2455 sunt,
2477 2367 2606 2442 nun
2636 2378 3036 2452 confutandi,
3068 2379 3138 2440 s'r
3177 2393 3255 2440 eo
3286 2392 3497 2456 usque
3544 2375 3714 2436 insa-

467 2494 643 2556 niant
680 2508 692 2550 :
723 2486 1067 2567 praesertim
1103 2499 1247 2545 cum
1283 2481 1452 2544 idem
1487 2481 1551 2542 in
1579 2479 1924 2542 Comment.
2001 2478 2070 2539 in
2095 2475 2260 2538 Joel.
2300 2493 2436 2555 cap.
2479 2495 2548 2551 ιι,
2588 2476 2741 2538 satis
2783 2476 3026 2539 indicet
3071 2475 3378 2554 Spiritum
3415 2479 3708 2536 sanctum

467 2594 696 2658 eodem
742 2589 932 2650 modo
963 2602 1106 2648 esse
1138 2601 1218 2645 ex
1254 2581 1420 2643 Filio
1460 2581 1653 2642 sicuti
1706 2588 1800 2642 est
1835 2580 1896 2641 in
1946 2577 2113 2655 ipso,
2155 2577 2276 2640 hoc
2312 2584 2408 2640 est
2435 2577 2946 2640 substantialiter
2973 2598 2993 2638 :
3031 2577 3321 2639 absolute
3355 2576 3531 2637 enim
3569 2574 3656 2638 ait
3691 2597 3707 2637 :

472 2693 639 2746 Ἴδιον
662 2687 826 2744 αὑτοῦ
859 2685 1033 2758 (Υῐοῦ)
1064 2701 1146 2747 τε,
1165 2683 1260 2736 καὶ
1284 2685 1340 2735 ὲν
1363 2680 1532 2751 αὐτῷ,
1569 2682 1662 2734 καὶ
1682 2679 1751 2745 ,ἐξ
1772 2679 1936 2733 αὐτοῦ
1963 2679 2024 2732 τὸ
2053 2679 2078 2732 Ι

2105 2677 2278 2749 νεῦμά
2307 2679 2445 2743 ἐστι,
2485 2679 2793 2756 proprius
2841 2685 2933 2738 est
2961 2687 3020 2739 et
3045 2678 3248 2758 ipsius
3280 2675 3503 2757 (Filii),
3549 2684 3609 2737 et
3642 2676 3711 2738 in

470 2795 634 2869 ipso,
670 2796 726 2847 et
757 2806 836 2848 ex
879 2787 1016 2864 ipso
1042 2792 1130 2844 est
1159 2783 1466 2860 Spiritus.
1494 2781 1617 2843 Sed
1651 2780 1997 2859 quomodo,
2041 2778 2407 2841 beatissime
2445 2777 2708 2858 Cyrille,
2739 2778 3018 2856 Spiritus
3073 2786 3333 2842 sanctus
3365 2786 3460 2841 est
3495 2777 3563 2840 in
3598 2777 3712 2840 Fi-

472 2886 604 2949 lio?
638 2890 926 2958 Καθάπερ,
965 2882 1336 2963 respondet,
1371 2880 1565 2951 ὰμέλει
1603 2880 1700 2934 ’καὶ
1731 2870 1817 2933 ἐπ’
1851 2880 2016 2935 αὑτοῦ
2049 2897 2078 2934 ν

2109 2881 2250 2935 εἷται
2298 2879 2392 2933 τοῦ
2426 2878 2562 2933 Θεοῦ
2595 2878 2692 2932 καὶ
2726 2879 2963 2951 Πατρός,
2985 2879 3492 2960 quemadmodum
3544 2880 3715 2942 vide-

477 2988 621 3049 licet
659 2988 726 3048 in
776 2987 913 3064 ipso
941 2982 1327 3061 intelligitur
1359 2981 1485 3046 Deo
1515 2998 1588 3040 ac
1644 2980 1859 3042 Patre.
1893 2982 1972 3041 Et
1999 2979 2065 3041 in
2099 2979 2522 3059 responsione
2569 2981 2643 3042 ad
2675 2981 3100 3058 Orientalium
3133 2982 3401 3062 objecta,
3427 2983 3504 3045 ad
3543 2982 3714 3043 Ana-

477 3087 931 3150 thematismum
993 3086 1052 3156 9,
1109 3083 1343 3155 Filius,
1396 3081 1632 3159 inquit,
1678 3081 1810 3133 ῐδιον
1869 3079 2011 3149 ἔχων
2045 3082 2083 3133 τέ

2107 3116 2108 3120 η
2154 3080 2438 3148 ἐξαύτοῦ,
2471 3080 2566 3135 καὶ
2609 3080 2887 3146 οὐσιωδῶς
2941 3083 3264 3153 ἐμπεφυκὸς
3311 3083 3459 3155 αὐτῷ
3491 3083 3713 3154 Πνεῦμα

477 3189 654 3262 ἅγιον,
685 3184 1027 3264 proprium
1052 3181 1232 3244 habet
1271 3199 1431 3254 eum,
1487 3180 1596 3258 qui
1635 3199 1714 3241 ea:
1760 3181 1897 3259 ipso
1943 3189 2056 3256 est,
2101 3191 2160 3242 et
2214 3181 2722 3243 substantialiter
2741 3184 2794 3243 ei
2831 3183 3025 3256 inest,
3064 3183 3378 3262 Spiritum
3405 3191 3713 3245 sanctum.

481 3287 624 3350 Pari
690 3284 879 3346 modo
951 3282 1065 3343 lib.
1118 3298 1312 3343 xxxnv
1365 3281 1670 3346 Thesauri
1733 3281 1811 3342 de
1871 3282 2087 3348 eodem

2162 3281 2406 3360 Spiritu
2461 3289 2681 3343 sancto
2725 3282 2814 3344 ait
2851 3304 2865 3343 :
2905 3282 3122 3351 Πρόεισι
3155 3283 3213 3336 δὲ
3266 3283 3336 3338 ἐκ·
3371 3285 3584 3350 Πατρδς
3621 3283 3720 3337 καὶ

476 3387 633 3445 Υἱοῦ.
666 3381 1088 3462 Progreditur
1126 3388 1330 3440 autem
1364 3399 1442 3440 ea:
1473 3380 1664 3440 Patre
1699 3388 1757 3440 et
1814 3377 2023 3449 Filio;
2058 3387 2120 3442 et
2154 3397 2235 3442 ne
2267 3379 2412 3458 quis
2445 3379 2523 3440 de
2556 3379 3013 3458 progressione
3060 3380 3400 3458 temporali
3422 3369 3553 3444 'hoc
3612 3382 3718 3444 in-

479 3488 746 3566 telligat,
793 3482 1012 3545 subdit
1043 3496 1189 3543 eum
1214 3479 1315 3549 τῆς
1347 3480 1498 3543 θείας
1516 3475 1652 3533 εἶναι
1683 3479 1894 3544 οὐσίας,
1926 3481 2085 3566 obsim

2116 3480 2199 3544 ῑῶς
2227 3482 2282 3533 ὲν
2309 3480 2447 3550 αὐτῇ
2472 3479 2566 3533 καὶ
2589 3479 2650 3544 ἐξ
2676 3480 2846 3550 αὐτῆς
2873 3481 3082 3551 προῖόν,
3115 3481 3357 3542 Divina:
3385 3499 3513 3542 esse
3575 3483 3722 3546 sub-

480 3558 752 3659 staniite,
789 3591 858 3643 in
883 3583 1023 3660 ipsa
1047 3588 1103 3639 et
1127 3597 1203 3640 ea:
1229 3579 1370 3657 ipsa
1387 3577 1890 3656 progredientem
1921 3599 1941 3637 :
1971 3558 2342 3656 ut'perinde
2381 3576 2624 3656 Cyrillo
2655 3578 2738 3639 sit
2765 3595 2908 3640 esse
2969 3595 3047 3639 ex
3078 3581 3258 3641 Patre
3298 3585 3359 3641 et
3412 3567 3596 3656 Filio,
3651 3598 3726 3646 ac

484 3706 561 3749 ex
599 3683 955 3748 substantia
996 3680 1197 3740 Patris
1239 3687 1298 3742 et
1329 3680 1501 3741 Filii.
1534 3679 1688 3752 Quis
1720 3695 1889 3741 sanae
1924 3678 2160 3740 mentis
2193 3680 2311 3742 hoc
2367 3679 2446 3740 ad
2484 3678 2932 3759 temporariam
2984 3680 3262 3759 Spiritus
3298 3681 3497 3741 sancti
3551 3681 3720 3743 eﬁ‘u-

483 3788 734 3850 sionem
789 3785 991 3846 trahat
1020 3786 1046 3844 ?
1075 3785 1191 3843 Par
1245 3781 1396 3842 huic
1430 3787 1528 3842 est
1575 3782 1751 3860 quod
1786 3781 2010 3842 eodem
2041 3780 2085 3841 li

2118 3798 2208 3844 iro
2237 3781 2326 3842 ait
2366 3801 2380 3838 :
2433 3781 2521 3834 ’Ev
2551 3781 2702 3853 αὐτῷ
2731 3781 2996 3853 (Χριστῳ)
3032 3782 3125 3833 καὶ
3168 3779 3229 3846 ἐξ
3273 3781 3440 3836 αὑτοῦ
3481 3781 3724 3850 φυσικῶς

483 3888 724 3958 ὑπάρχον
749 3884 808 3940 τὸ
847 3883 1088 3953 Πνεῦμα,
1114 3883 1181 3943 in
1211 3882 1349 3960 ipso
1384 3880 1679 3960 (Christo)
1706 3889 1764 3942 et
1785 3899 1864 3941 ea:
1894 3883 2030 3957 ipso
2057 3900 2089 3942 ιι

2123 3884 2440 3945 ituraliter
2470 3884 2721 3946 exsistit
2750 3885 3032 3963 Spiritus
3058 3895 3317 3948 sanctus
3335 3898 3441 3956 ;et
3471 3907 3485 3946 :
3531 3896 3729 3963 ’Δνάγ-

481 4015 550 4067 κη
594 3998 654 4050 τὸ
703 3993 929 4064 Πνεῦμα
961 3993 1060 4062 τῆς
1097 3991 1286 4054 οὐσίας
1320 3991 1605 4061 ὁμολογεῖν
1638 3991 1735 4044 τοῦ
1797 3988 1956 4055 Υἰοῦ,
1985 3991 2062 4054 ὡς
2089 3991 2197 4062 γὰρ
2247 3991 2305 4058 ἐξ
2338 3993 2501 4046 αὐτοῦ
2544 3994 2686 4047 κατὰ
2718 3993 2878 4062 φύσιν
2907 3994 3171 4065 ὑπάρχον,
3204 4005 3446 4048 necesse
3499 3997 3588 4048 est
3628 3989 3729 4068 fa-

482 4091 606 4154 teri
648 4090 960 4168 Spiritum
986 4092 1271 4144 sanctum
1300 4102 1425 4143 esse
1465 4082 1732 4164 ejusdem
1761 4085 1898 4144 cum
1921 4083 2091 4146 Filio
2128 4084 2496 4147 substantia:
2522 4108 2541 4146 :
2569 4104 2712 4170 nam
2742 4096 2812 4146 ut
2866 4105 2945 4146 ex
2970 4089 3110 4165 ipso
3140 4089 3524 4151 naturaliter
3559 4089 3729 4150 exsi-

481 4204 675 4266 stens,
709 4200 829 4252 etc.
869 4188 947 4268 (a)
981 4185 1229 4248 Similia
1254 4185 1437 4246 habet
1474 4185 1728 4264 dialogo
1753 4204 1796 4260 1,
1835 4187 1924 4246 De
1941 4186 2119 4248 Trin'.
2155 4187 2230 4247 Et
2261 4185 2327 4248 in
2363 4187 2700 4250 Comment.
2746 4189 2812 4247 in
2837 4187 3273 4260 Joan‘nemait,
3309 4205 3461 4251 eum
3494 4207 3530 4252 a
3559 4189 3728 4252 Filio

483 4292 628 4351 κατὰ
654 4291 814 4361 φύσιν
845 4286 1188 4359 προχεῖσθαι,
1218 4285 1558 4345 secundum
1591 4297 1909 4359 nat-uram,
1950 4302 2067 4348 seu

2123 4287 2484 4366 taturaliter
2507 4284 2843 4366 profundi.
2896 4287 3193 4366 Denique
3227 4295 3294 4349 ut
3324 4298 3549 4352 caetera
3585 4307 3729 4370 quae

487 4397 684 4462 multa
740 4401 915 4466 sunt,
979 4389 1348 4452 testimonia
1381 4396 1780 4466 praeteream,
1832 4388 2339 4470 peremptorium
2399 4393 2654 4455 videtur
2694 4410 2837 4456 esse
2875 4394 3038 4458 illud
3094 4396 3269 4476 quod
3310 4396 3503 4458 habet
3545 4395 3767 4474 Com-i

485 4507 673 4560 ment.
716 4495 827 4556 lib.
856 4511 918 4563 ι,
951 4494 1020 4553 in
1049 4494 1376 4565 Joannem,
1413 4491 1526 4554 ubi
1561 4499 1898 4572 postquam
1931 4492 2091 4554 dixit

2128 4495 2207 4554 de
2239 4493 2482 4571 Spiritu
2515 4501 2756 4570 sancto,
2797 4497 2954 4552 Ἐστι
2979 4497 3201 4570 πνεῦμα
3221 4495 3464 4569 Χριστοῦ
3484 4496 3580 4552 καὶ
3607 4495 3733 4562 νοῦς

486 4601 677 4670 αὑτοῦ,
721 4606 808 4655 est
836 4596 1107 4674 spiritus
1131 4593 1371 4654 Christi
1395 4602 1450 4654 et
1476 4612 1642 4654 mens
1669 4595 1875 4673 ipsius
1903 4593 2080 4673 (quae
2113 4594 2209 4656 vel
2238 4593 2373 4654 sola
2407 4594 2595 4656 verba
2627 4596 2780 4658 satis
2803 4615 2950 4661 esse
2981 4599 3292 4664 deberent
3318 4600 3400 4660 ad
3431 4605 3731 4661 astruen-
3762 4587 3769 4598 ’

489 4696 631 4756 dam
677 4698 966 4776 ejusdem
999 4713 1032 4757 a
1067 4695 1232 4756 Filio
1267 4696 1744 4773 processionem
1786 4717 1800 4758 :
1835 4696 2158 4775 quomodo
2196 4696 2371 4758 enim
2419 4714 2588 4756 mens
2618 4699 2749 4778 ejus
2791 4707 2910 4774 est,
2963 4701 3130 4763 si-ab
3179 4700 3322 4778 ipso
3366 4716 3495 4762 non
3545 4705 3640 4761 est
3658 4700 3736 4777 εν),

492 4796 679 4875 paulo
734 4809 873 4877 post
904 4796 1174 4858 subdit:
1222 4795 1306 4861 Ὠς
1343 4797 1559 4868 πνεῦμα
1615 4796 1802 4862 αὑτοῦ,
1853 4797 2098 4867 καθάπερ

2132 4796 2332 4867 ἀρτίως
2384 4798 2712 4870 εἰρήκαμεν,
2764 4799 2860 4853 καὶ
2912 4800 3069 4865 εἰδὼς
3111 4801 3410 4865 ἀδιδάκτως
3466 4802 3646 4858 πάντα
3671 4802 3738 4855 τὰ

491 4905 703 4980 (αὐτοῦ)
744 4907 802 4973 ἐξ
838 4901 899 4960 οὗ
927 4907 1018 4961 καὶ
1056 4909 1114 4960 ἐν
1142 4899 1297 4978 ᾧπέρ
1325 4908 1461 4974 ἐστι,
1485 4906 1554 4960 τὰ
1591 4906 1710 4958 θεῖα
1736 4907 1848 4968 τοῖς
1884 4905 2059 4974 ἁγίοις

2129 4906 2482 4961 ιποκαλύπτει
2509 4909 2803 4979 μυστήρια,
2836 4909 3128 4978 tanquam
3171 4901 3455 4979 Spiritus
3507 4899 3735 4979 ipsius,

489 5003 587 5064 uti
617 5001 794 5064 modo
827 5004 1200 5076 dicebamus,
1233 5013 1290 5066 et
1325 5012 1392 5063 ut
1423 5018 1824 5098 cognoscens,
1855 5003 2094 5063 nemine
2124 5001 2409 5076 docente,
2441 5003 2648 5063 omnia
2677 5021 2810 5083 qum
2835 5013 2994 5064 sunt
3015 5004 3169 5084 ejus,
3196 5021 3274 5064 ea:
3297 5021 3415 5084 quo
3443 5014 3498 5066 et
3524 5005 3590 5064 in
3619 5016 3736 5081 quo

495 5115 607 5179 est,
637 5105 851 5167 divina
885 5107 1119 5168 sanctis
1177 5104 1474 5183 mysteria
1512 5102 1839 5181 patefacit.
1867 5100 2101 5164 Audin'

2133 5147 2140 5172 ,
2190 5102 2523 5177 Photiane,
2545 5103 2603 5168 ἐξ
2627 5099 2687 5158 οὗ
2708 5107 2798 5156 καὶ
2829 5106 2886 5157 ἐν
2911 5101 3218 5176 ᾧπέρέστι,
3246 5124 3326 5167 ea:
3371 5123 3490 5186 quo
3556 5113 3611 5164 et
3672 5103 3739 5162 in

490 5227 610 5290 quo
635 5218 723 5271 est
753 5231 772 5280 ;
801 5218 862 5272 et
902 5211 1109 5274 adhuc
1154 5206 1504 5270 sustinebis
1537 5221 1712 5266 exeo
1741 5221 1869 5267 non
1901 5222 2067 5282 esse,
2100 5223 2217 5270 seu
2250 5223 2374 5269 non
2421 5211 2813 5286 procedere?

570 5485 648 5555 (a)
680 5486 852 5552 Quam
907 5484 1305 5558 ι’ρριξιῨ-(ῐδξνίιιοΔ
1343 5483 1688 5558 adversatur
1717 5485 2063 5558 Theophyla;
2175 5515 2176 5520 η

2175 5486 2294 5549 τοῦ,
2347 5487 2607 5554 συγγενὲς
2655 5487 2786 5554 γάρ.
2848 5486 3069 5558 Dicitur,
3108 5483 3341 5558 Spiritus
3370 5447 3574 5558 Christi
3587 5521 3604 5547 .
3642 5498 3745 5548 non

497 5564 642 5634 ctus,
675 5558 810 5634 dum.
837 5571 994 5634 nunt.
1029 5555 1092 5634 ιν
1127 5555 1202 5608 ait
1237 5574 1250 5610 :
1283 5555 2068 5634 Agent_l'_lye_i'ipa_Xpiaeo§,

2176 5559 2303 5626 quia
2333 5572 2397 5610 ea:
2431 5559 2550 5634 ipso
2573 5559 2831 5627 pro/luit;
2864 5561 2953 5613 sed
2985 5557 3109 5629 quia
3138 5556 3385 5627 praprius
3432 5555 3580 5610 illius
3630 5564 3746 5618 est,

461 5667 470 5674 .
496 5623 615 5699 ᾴλκ
647 5627 748 5696 οὐχ
781 5625 857 5691 ὡς
889 5625 948 5693 ἐξ
978 5626 1187 5682 ἐκείνου
1235 5626 1448 5696 προϊὸν,
1497 5625 1613 5680 ἀλλ’
1643 5623 1719 5690 ὡς
1741 5623 1940 5681 οἰκεῖον
1967 5627 2067 5682 αὑ-

1123 5643 1187 5679 ιου
1235 5626 1448 5696 προϊὸν,
1497 5625 1613 5680 ἀλλ’
1643 5623 1719 5690 ὡς
1741 5623 1940 5681 οἰκεῖον
1967 5627 2067 5682 αὑ-
2177 5623 2430 5697 Cognatas
2451 5623 2601 5683 enim
2631 5623 2729 5684 est.
