4068 6210
370 321 474 382 657
1223 319 1302 380 ΙΝ
1345 323 1779 395 SEQUENTIA
1817 323 2396 386 TIIEOPHYLACTI
2428 326 2761 388 SCRIPTA.
3511 328 3616 391 4:38

452 431 512 489 5.
551 427 817 488 Sanctus
850 426 1309 517 Basiliusjhmc
1359 431 1542 492 habet
1593 432 1697 494 lib.
1756 451 1825 494 III
1883 443 2058 493 contr

2014 443 2105 494 ira
2165 435 2540 496 Eunomium
2577 459 2594 497 :
2665 445 2959 516 Ἀξιώματι
3002 445 3102 516 μὲν
3159 446 3501 520 δευτερεύειν
3538 450 3620 521 (τὸ

372 527 622 598 Πνεῦμα)
658 528 750 582 τοῦ
771 528 940 594 ιΥἱοῦ,
977 529 1106 600 παρ’
1129 530 1294 584 αὐτοῦ
1321 532 1381 584 τὸ
1412 529 1551 586 εἶναι
1605 534 1749 603 ἔχον,
1799 535 1895 588 καὶ
1949 535 2080 605 παρ’
2113 536 2276 589 αὐτοῦ
2316 537 2618 607 λαμϐάνον,
2653 540 2747 593 xa‘t
2783 539 3118 609 ἀναγγέλλον
3147 543 3282 612 ἡμῖν
3345 544 3438 596 καὶ
3485 543 3617 600 ὅλως

374 633 475 700 τῆς
517 631 697 694 αἰτίας
726 631 942 702 ἐκείνης
970 634 1278 704 ἐξημμένον
1305 635 1673 704 παραδίδωσιν
1729 636 1860 696 ἴσως
1889 637 1916 688 ὁ
1940 637 1980 688 εἰ

2017 637 2224 700 ςεϐείας
2269 637 2448 706 λόγος,
2473 632 2788 708 Spiritum
2841 644 3124 693 sanctum
3175 633 3485 711 dignitate
3530 654 3623 694 se-

374 727 650 790 cundum
686 747 815 789 esse
845 747 883 788 α
908 727 1104 802 Filio,
1142 739 1215 790 ut
1251 734 1362 809 qui
1392 748 1518 790 esse
1549 730 1624 791 ab
1653 729 1762 792 illo
1799 730 2045 804 habeat,
2082 739 2138 790 et
2179 731 2253 792 ab
2296 734 2434 810 ipso
2465 732 2762 807 accipiat,
2795 742 2852 793 et
2881 734 3131 794 omnino
3165 754 3246 795 ea:
3292 734 3407 797 illa
3434 755 3623 797 causa

371 829 936 910 pendeat,pietatis
965 847 1162 888 sermo
1193 832 1462 907 fortasse
1495 829 1714 892 tradit.
1737 832 1830 890 En
1845 848 2036 909 quam
2067 831 2233 892 clare
2254 833 2522 910 Magnus
2544 831 2821 892 Basilius
2839 832 3066 911 dogma
3092 833 3464 895 Latinorum
3499 843 3623 895 tra-

377 932 832 1012 dit.Equidem
854 934 1103 993 Marcus
1132 932 1497 1010 Ephesinus
1523 933 1588 994 in
1623 933 1898 996 concilio
1925 933 2322 1006 Florentino,
2343 951 2490 996 cum
2522 950 2650 995 non
2681 934 2858 995 aliud
2893 935 3068 1012 quod
3096 935 3173 996 ad
3197 935 3470 997 evidens
3501 935 3622 997 hoc

380 1032 804 1111 responderet
835 1031 1303 1107 testimonium,
1341 1033 1434 1094 illi
1467 1041 1862 1113 suppeteret,
1901 1049 2127 1112 magna
2180 1033 2593 1094 contentione
2632 1032 2965 1107 sustinuit,
3000 1039 3242 1094 textum
3292 1035 3466 1096 hunc
3505 1034 3621 1096 fal-

381 1143 590 1198 satum
625 1143 685 1196 et
723 1135 1176 1210 interpolatum
1211 1153 1376 1198 esse.
1411 1138 1531 1199 Sed
1569 1145 1807 1216 quanta
1843 1138 2116 1218 injuria!
2153 1141 2332 1212 Nam,
2377 1144 2447 1198 ut
2479 1140 2762 1200 Joannes
2792 1139 3008 1217 Niger,
3042 1140 3158 1218 qui
3192 1139 3354 1201 illud
3385 1142 3619 1202 attule-

386 1249 503 1311 rat,
548 1239 841 1317 regessit,
879 1240 1080 1301 codex
1115 1241 1286 1301 unde
1317 1241 1736 1318 depromptus
1777 1248 1897 1316 est,
1958 1244 2218 1318 optimm
2250 1247 2415 1302 notae
2448 1248 2607 1314 erat,
2661 1241 3223 1320 Constantinopoli
3251 1258 3287 1303 a
3315 1243 3620 1304 cardinali

375 1339 639 1400 Cusano
657 1336 984 1410 advectus,
1016 1337 1077 1398 in
1114 1337 1524 1410 membranis,
1554 1338 1877 1400 sexcentis
1898 1345 2044 1400 ante
2076 1338 2421 1399 concilium
2447 1336 3127 1414 Florentinumannis,
3161 1339 3452 1418 adeoque
3477 1350 3624 1402 ante

381 1447 678 1502 exortum
709 1439 962 1500 Graecos
995 1439 1163 1500 inter
1186 1455 1259 1500 ac
1302 1440 1556 1501 Latinos
1597 1441 1711 1501 hac
1745 1443 1825 1500 de
1887 1458 1953 1501 re
1979 1439 2356 1519 dissidium,
2414 1447 2733 1500 exaratus.
2771 1439 2947 1500 Unde
2987 1456 3141 1518 ergo
3190 1442 3625 1519 corruptionis

383 1540 676 1618 suSpicio
700 1542 729 1600 *ἲ
759 1539 877 1600 Sed
910 1539 1125 1616 plures
1153 1540 1411 1601 codices
1455 1541 1536 1601 ita
1561 1557 1687 1602 non
1721 1539 1978 1614 habent,
2012 1538 2374 1618 opponebat
2403 1538 2793 1615 Ephesinus.
2825 1539 2997 1611 Quid
3024 1540 3200 1612 inde,
3233 1543 3290 1601 si
3322 1543 3629 1602 vetustio-

377 1659 488 1704 res
519 1647 583 1702 et
616 1647 758 1701 ante
782 1639 1059 1702 schisma
1093 1641 1432 1718 conscripti
1471 1649 1713 1703 textum
1748 1649 1816 1702 ut
1867 1640 2202 1702 attulimus
2236 1641 2615 1702 exhibeant?
2651 1641 2779 1700 Alii
2833 1657 3008 1716 vero,
3047 1659 3442 1723 quocunque
3498 1661 3625 1708 uu-

383 1755 562 1799 mero
593 1739 744 1812 sint,
772 1755 802 1798 a
831 1738 1152 1800 Pbotianis
1182 1731 1545 1816 potiu'sdata
1563 1756 1755 1817 Opera
1783 1740 2072 1815 corrupti
2093 1739 2351 1800 dicendi
2393 1745 2570 1812 sunt,
2605 1755 2681 1800 eo
2709 1741 2944 1819 majore
2980 1740 3424 1818 fundamento,
3455 1749 3627 1826 quod

380 1849 536 1902 sunt
563 1857 788 1902 omnes
823 1847 964 1918 post
996 1846 1289 1902 exortum
1317 1840 1595 1902 schisma
1617 1840 1916 1910 confecti,
1953 1849 2012 1900 et
2049 1838 2110 1898 in
2163 1839 2495 1901 nonnullis
2542 1840 2735 1901 verba
2778 1841 3058 1918 dogmati
3091 1852 3311 1906 nostro
3353 1845 3630 1909 faventia

380 1937 593 2001 cultro
628 1955 806 2000 erasa
829 1937 1231 2015 deprehensa
1277 1944 1452 1999 sunt.
1487 1936 1689 2008 Adde,
1739 1939 1997 1997 textum
2037 1933 2232 2008 hunc,
2267 1941 2453 2013 prout
2499 1951 2533 1996 a
2571 1935 2756 1996 nobis
2784 1936 3070 2012 atfertur,
3105 1939 3266 1998 nihil
3299 1943 3634 2005 continere

382 2039 560 2119 quod
600 2055 744 2100 cum
781 2037 1052 2117 reliquis
1083 2038 1296 2116 Magni
1333 2037 1552 2099 Basilii
1587 2038 1777 2099 dictis
1807 2042 2045 2115 pugnet
2086 2051 2099 2094 :
2140 2044 2380 2114 pugnat
2427 2042 2666 2107 autem,
2698 2044 2827 2097 uta
2864 2037 3192 2100 Photianis
3244 2041 3505 2118 legitur.
3543 2047 3632 2105 Ita

377 2141 562 2202 enim
594 2140 817 2220 legunt
845 2139 968 2211 illi,
998 2146 1071 2201 ut
1109 2155 1516 2219 consequens
1561 2139 1748 2212 foret,
1803 2157 1951 2201 eum
1987 2137 2258 2200 dubium
2292 2138 2582 2209 haesisse,
2613 2155 2692 2199 an
2717 2140 2993 2215 Spiritus
3022 2150 3282 2203 sanctus
3317 2146 3632 2208 dicendus

385 2241 467 2301 sit
501 2240 834 2302 secundus
865 2238 1178 2319 dignitate
1210 2257 1244 2302 a
1290 2241 1456 2302 Filio
1490 2251 1549 2303 et
1582 2257 1613 2301 a
1649 2242 1824 2300 Patre
1859 2239 2088 2325 tertius
2117 2259 2130 2298 :
2162 2254 2309 2299 cum
2349 2245 2557 2298 tamen
2596 2237 2999 2314 exploratum
3030 2240 3136 2315 sit,
3171 2241 3382 2320 ipsum
3400 2243 3520 2306 hac
3551 2246 3632 2306 do

385 2359 454 2403 re
487 2339 817 2401 dubitasse
851 2357 1220 2420 nunquam;
1248 2340 1775 2420 quandoquidem
1807 2355 1952 2400 cum
1979 2337 2126 2399 aliis
2164 2337 2228 2398 in
2261 2336 2447 2410 locis,
2479 2344 2612 2398 tum
2660 2339 3018 2414 prtesertim
3054 2340 3117 2399 in
3154 2341 3278 2402 ﬁne
3338 2343 3632 2421 epistola)

384 2440 878 2513 trecentesimaa,
906 2441 987 2503 ad
1003 2445 1359 2514 canonicos,
1381 2443 1467 2503 ait
1487 2441 1663 2503 nefas
1688 2457 1855 2514 esse,
1887 2438 2500 2518 Spiritumsanctum
2520 2445 2665 2498 ante
2683 2437 2924 2498 Filium
2945 2438 3286 2514 collocare,
3317 2448 3426 2503 aut
3443 2441 3634 2504 aliter

385 2559 581 2623 quam
622 2540 850 2604 ordine
891 2543 1152 2607 tertium
1185 2561 1219 2606 a
1249 2546 1428 2606 Patre
1465 2563 1480 2602 :
1512 2541 1685 2620 quod
1737 2547 1799 2601 et
1838 2539 1949 2601 alii
1993 2541 2206 2600 Patres
2244 2536 2628 2598 docuerunt.
2677 2535 3034 2599 Insititium
3067 2539 3266 2618 igitur
3306 2551 3400 2603 est
3467 2542 3630 2604 illud

380 2651 542 2716 ἴσως,
569 2643 860 2722 fortasse,
890 2649 1062 2722 quod
1097 2651 1236 2725 post
1267 2651 1654 2724 παραδίδωσιν,
1698 2639 1919 2714 tradit,
1951 2641 1986 2718 ἱ]

2025 2639 2074 2700 si
2099 2637 2343 2716 legunt.
2374 2639 2494 2699 Sed
2515 2640 2570 2700 si
2595 2637 2716 2700 hoc
2741 2645 2944 2700 ratum
2975 2639 3302 2715 habeatur,
3322 2649 3390 2702 ut
3416 2642 3631 2709 haberi

389 2746 614 2819 procul
650 2747 846 2809 dubio
881 2745 1097 2820 debet,
1128 2743 1226 2806 vel
1268 2761 1343 2805 ex
1366 2742 1490 2804 hoc
1510 2741 1722 2804 solum
1763 2740 2201 2803 verosimilius
2235 2738 2324 2806 ﬁt.
2358 2746 2770 2800 controversa
2801 2739 2990 2800 verba
3047 2753 3196 2799 eum
3256 2740 3584 2801 addidisse
3614 2757 3632 2805 ς

381 2858 534 2904 cum
572 2846 666 2906 vel
703 2864 791 2907 ex
837 2845 956 2906 hoc
1015 2843 1156 2906 solo
1182 2843 1417 2904 invicte
1448 2843 1924 2904 demonstretur
1977 2839 2118 2920 ejus
2155 2839 2477 2900 sententia
2511 2837 2716 2899 fuisse
2746 2837 3059 2916 Spiritum
3085 2844 3375 2899 sanctum
3407 2838 3566 2900 item
3598 2852 3635 2898 a

385 2943 561 3002 Filio
602 2946 988 3022 procedere:
1025 2959 1152 3005 non
1187 2941 1360 3004 enim
1397 2941 1527 3004 ulla
1553 2940 1770 3003 divina
1807 2956 2082 3019 persona
2122 2955 2265 3001 esse
2324 2944 2532 3017 potest
2583 2938 2870 3001 secunda
2935 2940 3031 3002 vel
3087 2941 3272 3003 tertia
3302 2949 3476 3017 τάξει,
3521 2958 3632 3002 or-

381 3042 668 3114 dine,vel
701 3047 997 3116 ἀξιώματι,
1033 3043 1366 3123 dignitate,
1396 3042 1476 3105 ab
1508 3041 1655 3116 alia,
1687 3042 1816 3103 nisi
1844 3043 1924 3103 ab
1955 3042 2092 3120 ipsa
2124 3040 2426 3120 procedat
2462 3055 2476 3099 :
2513 3055 2668 3102 sane
2700 3054 2830 3102 non
2864 3039 3066 3103 alium
3096 3042 3391 3104 ordinem
3422 3043 3486 3104 in
3524 3043 3627 3104 di-

387 3144 566 3206 vinis
599 3155 953 3224 agnoscunt
989 3143 1284 3206 catholici
1316 3143 1607 3205 doctores
1632 3149 1692 3204 et
1716 3144 1956 3203 Patres.

469 3248 536 3308 6.
571 3249 634 3309 S.
669 3246 1057 3308 Athanasius
1092 3243 1347 3306 inlibro
1397 3244 1486 3303 De
1507 3244 1775 3305 humana
1796 3250 2027 3302 natura
2055 3260 2075 3301 ε

2055 3248 2343 3321 suscepta
2373 3241 2485 3313 ait,
2518 3240 2759 3304 Filium
2781 3258 2925 3306 esse
2957 3251 3141 3326 πηγὴν
3161 3251 3254 3308 τοῦ
3284 3253 3440 3322 ἁγίου
3464 3253 3637 3305 Πνεῦ-

393 3374 589 3431 ματος,
617 3350 850 3427 [mitem
895 3347 1179 3425 Spiritus
1235 3345 1460 3406 sancti.
1512 3343 1610 3406 Sic
1646 3351 1707 3406 et
1763 3342 1872 3404 alii
1931 3343 2145 3403 Patres
2192 3340 2421 3403 Greeci.
2484 3340 2740 3404 Certum
2789 3351 3005 3406 autem
3048 3350 3146 3406 est
3209 3344 3379 3431 apud
3418 3344 3635 3405 Patres

385 3459 602 3529 πηγὴν,
641 3451 899 3528 fontem,
937 3445 1199 3521 perinde
1227 3462 1370 3507 esse
1407 3460 1479 3506 ac
1509 3453 1704 3515 αἴτιον,
1746 3441 1991 3520 princip

2038 3459 2158 3501 um.
2192 3442 2407 3514 Quare
2439 3448 2502 3503 et
2533 3441 2922 3503 Athanasius
2945 3441 3086 3518 ipse
3115 3450 3275 3504 orat.
3319 3462 3388 3516 ιι,
3412 3451 3638 3504 contra

390 3553 671 3613 Arianos
725 3552 973 3610 Patrem
1029 3553 1206 3609 vocat
1240 3543 1444 3615 πηγὴν,
1478 3544 1711 3622 fontem
1765 3539 1959 3612 Filii;
1994 3547 2058 3600 et
2089 3539 2370 3601 Basilius
2405 3541 2700 3602 eumdem
2734 3541 2980 3603 Patrem
3014 3559 3156 3604 esse
3176 3544 3331 3605 dicit
3360 3553 3520 3622 ῥίζαν
3545 3553 3641 3606 καὶ

392 3658 603 3727 πηγὴν,
644 3649 917 3710 radicem
953 3657 1008 3708 et
1035 3649 1292 3726 fontem,
1325 3644 1600 3723 Spiritus
1632 3641 1858 3703 sancti.
1889 3639 2063 3700 Idem
2095 3641 2158 3700 S.
2185 3642 2365 3700 Pater
2422 3640 2490 3700 in
2523 3641 2711 3718 epist.
2747 3641 2830 3700 ad
2855 3642 3396 3720 Serapionem,ait
3428 3647 3632 3723 Spiri-

391 3762 535 3813 tum
567 3759 856 3812 sanetum
888 3749 1018 3802 ἴδιον
1037 3743 1179 3802 εἶναι
1201 3749 1321 3800 κατ’
1355 3745 1542 3800 οὐσίαν
1563 3742 1656 3798 τοῦ
1675 3740 1830 3806 Υἱοῦ,
1857 3755 1997 3818 pro;

2033 3737 2192 3798 rium
2221 3755 2349 3800 esse
2377 3739 2714 3800 secundum
2740 3739 3160 3803 substantiam
3189 3744 3380 3813 Filii;
3408 3761 3487 3808 ex
3508 3764 3639 3827 quo

393 3853 585 3933 plane
619 3855 1062 3933 consequitur,
1103 3869 1251 3915 eum
1295 3857 1512 3914 nostro
1570 3845 1854 3926 dogmati
1889 3839 2259 3916 adhtBsisse,
2299 3842 2627 3920 siquidem
2659 3842 2950 3904 oratione
2994 3861 3038 3903 ιι
3075 3843 3275 3922 (juxta
3297 3844 3554 3924 aliquos
3589 3849 3639 3926 ι)

389 3963 624 4014 contra
650 3953 925 4014 Arianos
945 3953 1062 4015 hac
1095 3952 1343 4014 ratione
1378 3949 1600 4028 probat
1628 3945 1869 4008 Filium
1902 3959 2044 4004 esse
2079 3942 2321 4004 cx‘Deo
2354 3942 2606 4023 (Patre),
2643 3950 2705 4005 et
2738 3943 2801 4004 in
2843 3946 3000 4006 Deo.
3041 3947 3248 4007 Verba
3273 3947 3415 4025 ejus
3441 3955 3634 4008 sunt:

407 4063 633 4133 Ἐπειδὴ
679 4064 789 4132 γὰρ
814 4065 841 4117 ὁ
891 4063 1060 4131 Λόγος
1126 4065 1274 4116 ἐστὶν
1309 4061 1441 4123 ἴδιος
1484 4061 1645 4130 φύσει
1677 4059 1777 4127 τῆς
1819 4061 2008 4124 οὐσίας
2072 4057 2160 4110 τοῦ
2187 4057 2346 4118 Θεοῦ.
2376 4055 2436 4121 ἐξ
2469 4055 2635 4110 αὑτοῦ
2656 4057 2714 4110 τέ
2738 4059 2878 4124 ἐστι,
2910 4058 3005 4111 καὶ
3029 4061 3090 4112 ἐν
3115 4061 3288 4133 αὐτῷ.
3329 4051 3639 4127 Quoniam

391 4155 603 4233 igitur
633 4154 892 4215 Verbum
914 4155 1254 4232 proprium
1287 4162 1374 4213 est
1403 4160 1638 4213 natura
1663 4150 2027 4212 substantia:
2053 4150 2191 4220 Dei,
2234 4158 2288 4208 et
2321 4165 2400 4208 ea:
2425 4149 2562 4226 ipso
2599 4157 2711 4222 est,
2746 4151 2888 4210 etin
2920 4151 3082 4227 ipso.
3124 4151 3244 4212 Sed
3309 4149 3637 4212 Athanasii

391 4271 583 4316 mens
612 4254 818 4315 adhuc
847 4253 1085 4314 clarius
1127 4253 1508 4331 perspicitur
1539 4269 1616 4312 ex
1643 4267 1720 4313 eo
1753 4252 1921 4330 quod
1957 4250 2224 4311 homilia
2256 4247 2292 4306 It
2324 4248 2523 4326 (juxta
2547 4249 2796 4310 Graecos
2829 4247 2890 4327 3)
2925 4260 3149 4310 contra
3202 4250 3473 4312 Arianae
3497 4252 3584 4336 ait
3622 4274 3636 4312 :

394 4359 567 4421 Αὐτὸς
607 4355 778 4426 (Υἱὸς)
825 4355 957 4425 γὰρ,
997 4355 1184 4424 ὥσπερ
1214 4353 1536 4424 ε·ἴρηται,τὺ
1570 4353 1792 4422 Πνεῦμα
1836 4350 2016 4404 δίδωσι
2048 4365 2062 4380 ·
2103 4349 2195 4401 καὶ
2234 4349 2335 4401 ὅσα
2396 4349 2509 4418 ἔχει
2538 4349 2600 4401 τὸ
2647 4349 2890 4420 Πνεῦμα,
2931 4350 3104 4403 ταῦτα
3161 4353 3314 4421 παρὰ
3333 4353 3424 4406 τοῦ
3451 4352 3630 4419 Λόγου

390 4454 537 4521 ἔχει,
572 4450 707 4527 ipse
737 4449 894 4508 enim
924 4447 1203 4526 (Filius),
1233 4457 1300 4507 ut
1332 4444 1567 4506 dictum
1610 4452 1722 4518 est,
1762 4442 1870 4503 dat
1900 4444 2211 4521 Spiritum
2258 4451 2576 4510 sanctum;
2637 4452 2693 4502 et
2732 4460 3103 4523 quaecunque
3136 4444 3315 4506 habet
3354 4447 3638 4527 Spiritus

396 4557 684 4620 sanctus,
740 4566 810 4606 ea
855 4566 894 4606 a
952 4545 1146 4606 Verbo
1215 4545 1475 4622 accipit.
1509 4545 1665 4605 Cum
1721 4558 1870 4604 vero
1908 4541 2183 4618 Spiritus
2239 4548 2496 4603 sanctus
2557 4541 2624 4602 in
2689 4543 2917 4619 primis
2973 4543 3196 4606 habeat
3254 4553 3541 4612 naturam
3576 4561 3638 4613 et

391 4647 774 4720 essentiam,
843 4647 990 4725 quis
1047 4645 1340 4708 dubitare
1412 4651 1616 4722 potest
1663 4643 1822 4721 quin
1887 4641 2272 4703 Athanasius
2339 4642 2640 4716 senserit,
2709 4642 2873 4706 hanc
2927 4661 3075 4706 eum
3137 4663 3172 4708 a
3233 4649 3402 4712 Fiiio
3455 4670 3638 4716 rece-

394 4749 617 4828 pisse?

481 4852 541 4910 7.
583 4852 645 4912 S.
686 4853 968 4912 Joannes
997 4848 1521 4926 Chrysos-tomus,
1545 4862 1657 4906 seu
1693 4845 1860 4906 alius
1884 4852 2178 4907 vetustus
2209 4851 2430 4907 auctor
2460 4845 2746 4909 homilia;
2774 4847 2862 4907 De
2895 4849 3330 4912 incarnatione
3361 4853 3636 4928 Domini,

394 4966 590 5030 quam
649 4951 1102 5029 Chrysostomo
1157 4950 1380 5012 tribuit
1433 4950 1698 5012 Photius
1754 4950 1894 5010 cod.
1953 4952 2000 5010 2‘

2030 4955 2094 5028 '7,
2140 4963 2200 5015 Ὀ
2231 4938 2490 5032 Χριστὸς,
2522 4951 2774 5030 inquit,
2841 4960 3043 5015 ἔδωκεν
3095 4965 3228 5034 ἡμῖν
3259 4965 3320 5018 τὸ
3381 4966 3439 5033 ἐξ
3470 4965 3636 5021 αὐτοῦ

394 5054 647 5124 Πνεῦμα,
680 5054 969 5116 Christus
997 5050 1168 5112 dedit
1195 5051 1376 5112 nobis
1404 5050 1718 5128 Spiritum
1745 5061 2052 5124 sanctum,
2083 5055 2192 5132 qui
2223 5073 2302 5114 ea:
2333 5055 2470 5132 ipso
2505 5060 2620 5113 est.
2676 5054 3056 5116 Anastasius
3106 5057 3372 5132 Sinaita,
3405 5058 3638 5118 Antiu—

394 5157 648 5220 chenus
683 5153 1050 5233 episcopus,
1076 5152 1141 5211 in
1170 5149 1376 5230 primo
1408 5151 1496 5210 De
1521 5151 1712 5211 rectis
1740 5150 2000 5228 dogmati

2029 5153 2131 5213 bus
2167 5175 2186 5213 :
2217 5151 2330 5215 καὶ
2361 5162 2469 5232 μὴν
2493 5164 2521 5215 ὁ
2550 5161 2759 5232 Κύριος
2787 5163 3002 5228 δεικνὺς
3026 5166 3157 5219 αὐτὸ
3179 5165 3236 5231 ἐξ
3265 5165 3429 5218 αὑτοῦ
3462 5166 3635 5232 ὑπάρ-

395 5289 536 5344 χειν,
564 5266 828 5339 ἐμφυσῶν
852 5267 964 5325 τοῖς
995 5263 1266 5333 μαθηταῖς
1315 5260 1490 5329 ἔλεγε.
1520 5262 1738 5316 Λάϐετε
1769 5263 2001 5333 Πνεῦμα

2035 5264 2224 5332 ἅγιον.
2265 5257 2345 5312 At
2381 5272 2526 5314 vero
2586 5255 2886 5316 Dominus
2937 5259 3266 5317 ostendens
3300 5277 3376 5318 ea?
3411 5266 3629 5317 semet-

395 5370 535 5443 ipso
579 5359 894 5439 Spiritum
924 5355 1247 5426 exsistere,
1275 5353 1608 5434 insufﬂans
1638 5352 1970 5433 discipulis
1992 5353 2162 5414 dixit
2193 5374 2210 5413 :
2244 5378 2270 5408 «
2301 5351 2584 5430 Accipite
2620 5353 2931 5431 Spiritum
2966 5365 3271 5415 sanctum.
3309 5378 3337 5408 »
3364 5357 3635 5417 Demum

396 5469 462 5526 S.
499 5465 778 5542 Symeon
805 5458 1262 5534 Metaphrastes
1293 5453 1358 5514 in
1398 5453 1706 5530 Martyrio
1730 5455 1791 5512 S.
1828 5454 2002 5528 Dioni

2029 5454 2121 5514 'Sii
2155 5475 2168 5512 :
2203 5460 2276 5512 Τὸ
2311 5461 2746 5531 ἐκπορευόμενον
2780 5464 2945 5516 αὐτοῦ
2978 5463 3202 5532 Πνεῦμα
3259 5463 3351 5517 ἐπὶ
3408 5468 3473 5535 τῇ
3526 5465 3635 5520 τῶν

400 5570 650 5626 ἀπίστων
678 5563 847 5617 ἐθνῶν
871 5559 1222 5630 καταπέμπει
1288 5560 1399 5620 τοῖς
1435 5557 1700 5628 μαθηταῖς
1728 5558 1939 5628 ὁδηγίῇ
1973 5551 2006 5611 ί

2027 5553 2262 5612 hristus
2290 5549 2722 5628 procedentem
2755 5571 2790 5611 a
2817 5571 2879 5611 se
2908 5553 3219 5628 Spiritum
3246 5553 3326 5613 ad
3361 5556 3633 5620 infideles

402 5655 790 5724 deducendas
826 5660 1060 5730 gentes,
1094 5651 1160 5711 in
1189 5647 1534 5726 discipulos
1577 5649 1880 5710 immittit.

755 5760 1027 5818 Pauor»
1072 5757 1186 5816 Gn.
1234 5753 1486 5814 CXXV.

2243 5779 2248 5783 .
2282 5731 2336 5763 ﬂ“

3193 5755 3262 5815 15

2237 5825 2278 5835 ο.-
