4068 6210
460 411 570 478 459
1497 411 1878 472 BONlFAClI
1913 410 2066 469 FlNl

2105 409 2217 469 l‘Tl
2262 407 2651 468 PREFATIO
3602 399 3711 462 thO

546 527 842 588 XXXIII.
871 524 1013 586 Alia
1049 527 1231 605 plura
1253 527 1615 586 Grmcorum
1651 529 1902 586 Patrum
1935 523 2302 586 testimonia
2345 523 2449 585 hic
2486 539 2638 584 sane
2691 534 3037 598 congerere
3074 532 3352 593 possem,
3384 529 3518 593 quo
3543 530 3707 576 con-

465 635 637 688 stans
671 624 1044 687 eorumdem
1095 626 1347 686 Patrum
1409 623 1489 685 de
1521 623 1761 700 Spiritu
1814 631 2034 683 sancto
2085 639 2118 682 a
2158 622 2322 682 Filio
2359 621 2740 697 procedente
2775 616 3099 678 sententia
3138 615 3339 691 magis
3372 611 3708 690 magisque

466 726 882 788 elucesceret.
908 723 1034 785 Sed
1065 739 1140 783 ex
1173 720 1472 800 superius
1501 720 1711 782 allatis
1755 722 1910 782 satis
1942 737 2274 797 superque
2305 726 2701 797 compertum
2738 733 2883 778 esse
2906 714 3210 787 arbitror,
3243 729 3435 792 quam
3468 721 3708 775 temere

471 826 1044 906 imprudenterque
1078 825 1418 905 protulerit
1447 824 1963 903 Theophylactus
1997 840 2068 884 ea
2095 823 2282 884 verba
2319 846 2334 884 :
2366 821 2635 884 Ostende
2689 820 2868 882 nobis
2899 819 3175 888 Patrem,
3204 822 3325 877 etc.
3353 816 3477 875 Nos
3511 813 3713 873 multo

473 926 705 1008 potiori
733 927 877 1005 jure
909 931 968 986 et
1000 924 1213 1002 ipsum
1248 923 1796 1002 TheOphylactum
1823 929 1882 984 et
1912 929 2146 983 nostra)
2184 921 2387 982 aatatis
2427 921 2770 982 Photianos
2811 933 3151 994 provocare
3189 929 3563 993 possumus,
3605 922 3706 971 at—

471 1047 597 1109 que
630 1030 864 1090 iterum
892 1027 1254 1106 iterumque
1285 1035 1610 1104 repetere:
1645 1024 1964 1086 Ostendite
1993 1025 2174 1087 nobis
2209 1024 2662 1098 Patres,etiam
2691 1039 2768 1083 ex
2801 1021 3064 1093 Graecis,
3091 1019 3202 1097 qui
3237 1015 3708 1094 antePhotiana

471 1137 759 1206 tempora
785 1127 1025 1188 diserte
1058 1127 1433 1206 negaverint
1488 1127 1799 1203 Spiritum
1850 1133 2141 1188 sanctum
2172 1143 2206 1188 a
2242 1125 2412 1186 Filio
2450 1123 2819 1202 procedere.
2854 1123 3092 1182 Verum
3129 1117 3380 1181 etiamsi
3417 1113 3527 1176 diu
3558 1114 3715 1172 mul-

474 1236 720 1304 tumque
737 1227 1108 1305 fatigentur,
1147 1241 1270 1285 non
1295 1224 1452 1285 alios
1476 1222 1781 1302 profecto,
1812 1223 2028 1302 specie
2062 1224 2300 1303 aliqua,
2337 1223 2688 1302 producere
2713 1227 2984 1301 queunt,
3011 1237 3203 1298 quam
3231 1216 3709 1278 Theodoretnm

475 1338 535 1390 et
561 1332 1022 1392 Damascenum
1055 1344 1369 1406 :quorum
1405 1327 1564 1388 alter
1596 1328 1706 1388 hac
1734 1328 1957 1389 saltem
1987 1328 2050 1388 in
2084 1346 2150 1389 re
2181 1327 2489 1406 probatus
2527 1324 2743 1402 procul
2781 1324 2982 1386 dubio
3014 1339 3140 1383 non
3175 1328 3307 1392 est;
3347 1336 3488 1381 cum
3527 1316 3712 1380 verba

477 1425 662 1486 nobis
694 1427 936 1504 objecta
962 1426 1024 1485 in
1059 1437 1136 1483 eo
1165 1429 1420 1484 exstent
1456 1422 1676 1485 libello
1703 1440 1896 1501 quem
1935 1440 2046 1500 pro
2076 1425 2372 1485 Nestorio
2399 1422 2604 1484 edidit
2654 1431 2873 1484 contra
2910 1419 3250 1499 Cyrillum,
3284 1418 3530 1495 quique
3562 1432 3712 1494 pm-

477 1535 693 1603 pterea
722 1534 1019 1604 tanquam
1054 1524 1392 1588 haereticus
1435 1522 1514 1582 ab
1542 1521 1824 1583 Ecclesia
1872 1523 2270 1599 proscriptus
2302 1521 2365 1582 in
2405 1523 2630 1600 quinta
2654 1521 2904 1602 synodo
2938 1527 3033 1582 est
3067 1520 3514 1601 (prteterquam
3542 1518 3714 1596 quod

480 1644 609 1691 non
642 1627 852 1688 solum
891 1645 968 1685 ea:
1003 1627 1198 1697 Filio,
1235 1626 1347 1686 sed
1381 1623 1572 1683 etiam
1631 1639 1746 1700 per
1776 1621 2014 1682 Filium
2043 1638 2210 1693 esse,
2266 1621 2613 1698 inliciatur)
2649 1642 2663 1681 :
2697 1622 2856 1684 alter
2893 1639 3063 1694 vero,
3099 1619 3352 1682 tametsi
3397 1619 3622 1680 doctus
3655 1629 3718 1680 et

475 1728 651 1804 .pius,
684 1743 826 1786 cum
859 1725 1148 1786 ﬂoruerit
1181 1724 1414 1785 saeculo
1445 1723 1750 1783 duntaxat
1779 1728 2024 1795 octavo,
2060 1719 2430 1783 nullatenus
2486 1730 2581 1783 est
2621 1741 2762 1784 cum
2818 1721 3208 1794 Athanasiis,
3248 1719 3529 1792 Basiliis,
3569 1720 3717 1796 Epi-

483 1829 760 1907 phaniis,
797 1828 1056 1906 Cyr-illis
1085 1827 1365 1906 aliisque
1398 1825 1720 1896 Pntribus,
1755 1825 1867 1902 qui
1896 1823 2178 1902 dogmati
2206 1831 2422 1886 nostro
2476 1834 2692 1902 aperte
2721 1825 2959 1897 favent,
3014 1823 3392 1885 auctoritate
3456 1835 3716 1898 compa-

477 1931 745 1991 randus.
779 1931 949 2003 Quid
991 1945 1166 2001 vero,
1203 1927 1256 1988 si
1297 1944 1376 1988 ne
1410 1926 1518 1988 ille
1550 1926 1811 2005 quidem
1849 1925 2034 1986 nobis
2073 1927 2283 2003 reipsa
2303 1927 2735 1990 adversetur?
2773 1927 3087 2004 Equidem
3133 1925 3246 1985 lib.
3281 1942 3322 1994 ι,
3353 1924 3434 1982 De
3464 1922 3579 1999 fide
3607 1938 3711 1979 or-

479 2032 787 2103 thodoxa,
819 2049 959 2109 cap.
991 2033 1088 2102 11,
1125 2035 1256 2094 Ι]ωο
1276 2031 1466 2092 habet
1509 2048 1523 2090 :
1556 2039 1659 2092 Τὸν
1699 2037 1756 2091 δὲ
1793 2037 1920 2091 Υἱὸν
1947 2037 2085 2091 αἴτια

2107 2040 2200 2093 ιοὺ
2227 2041 2482 2110 λέγομεν,
2509 2031 2745 2092 Filium
2769 2048 2911 2090 vero
2950 2047 3076 2088 non
3113 2026 3378 2088 dicimus
3405 2033 3713 2084 auctorem

485 2154 602 2198 seu
631 2137 1050 2214 principium.
1093 2137 1159 2196 Et
1184 2133 1373 2212 paulo
1405 2143 1587 2212 post:
1629 2143 1722 2196 Ἐκ
1750 2141 1844 2196 τοῦ
1879 2143 2005 2197 Υἱοῦ
2038 2143 2091 2196 τὲ

2127 2143 2354 2212 Πνεῦμα
2385 2145 2446 2198 οὐ
2478 2145 2733 2216 λέγομεν,
2760 2145 2988 2216 Πνεῦμα
3016 2145 3071 2197 δὲ
3098 2145 3228 2203 Υἱοῦ
3260 2144 3620 2220 ὀνομάζομεν,
3641 2149 3717 2194 ex

483 2235 654 2295 Filia
683 2243 890 2295 autem
916 2235 1230 2313 Spiritum
1260 2253 1390 2294 non
1445 2233 1711 2296 dicimus
1739 2236 1846 2316 (a),
1879 2233 1985 2295 sed
2013 2255 2147 2296 eum
2187 2237 2341 2298 Filii
2370 2237 2688 2314 Spiritum
2720 2239 3147 2300 nominamus.
3180 2243 3254 2301 Et
3295 2256 3432 2316 cap.
3468 2239 3580 2296 13:
3615 2243 3724 2297 ttat

489 2331 618 2384 Υιοῦ
647 2331 781 2384 δὲτὸ
808 2333 1032 2402 Πιεῦμα
1062 2332 1161 2402 οὐχ
1195 2333 1272 2395 ὡς
1293 2333 1351 2398 ἐξ
1375 2334 1562 2399 αὑτοῦ,
1587 2334 1702 2387 ἀλλ’
1738 2334 1812 2398 ὼς
1839 2334 1906 2387 δι’
1938 2334 2103 2388 αὐτοῦ
2151 2335 2216 2387 ἐκ
2266 2334 2362 2389 τοῦ
2396 2336 2609 2407 Harpe;
2657 2339 3091 2407 ἐκπορευόμενον
3119 2356 3132 2368 ·
3173 2339 3332 2409 μόνος
3358 2341 3464 2406 γὰρ
3499 2337 3670 2396 αἴτιος
3698 2336 3726 2385 ὁ

486 2431 701 2502 Πατήρ.
731 2422 852 2485 Sed
881 2435 940 2486 et
969 2425 1128 2488 Filii
1155 2426 1438 2503 Spiritus
1462 2434 1582 2500 est;
1609 2445 1736 2488 non
1758 2437 2050 2506 tanquam
2081 2446 2160 2488 ex
2182 2429 2345 2506 ipso,
2389 2427 2495 2488 sed
2523 2428 2687 2508 quod
2709 2448 2821 2508 per
2842 2431 3047 2509 ips-um
3069 2451 3145 2492 ex
3163 2432 3350 2492 Patre
3378 2430 3722 2508 procedat:

484 2520 657 2583 solus
693 2525 856 2586 enim
885 2524 1080 2586 Pater
1106 2533 1332 2588 auctor
1361 2544 1470 2587 seu
1491 2527 1890 2605 principium
1922 2537 2035 2586 cst.

570 2651 867 2713 XXXIV.
903 2654 1040 2714 Non
1075 2654 1469 2730 negaverim,
1512 2653 1698 2714 verba
1733 2653 1869 2716 haec
1902 2656 2086 2718 nobis
2127 2658 2192 2718 in
2227 2657 2510 2736 speciem
2553 2673 2694 2719 esse
2731 2661 3041 2722 contraria
3089 2683 3104 2722 :
3148 2676 3257 2736 pro
3289 2666 3458 2720 certo
3489 2665 3698 2718 tamen

495 2751 830 2824 habemus,
863 2753 1239 2814 Damasceni
1296 2762 1572 2814 mentem
1607 2770 1641 2813 a
1673 2753 1964 2833 dogmate
2015 2757 2188 2835 quod
2238 2768 2496 2818 tuemur
2528 2755 2789 2820 minime.
2819 2775 2961 2820 esse
2999 2760 3295 2822 alienam.
3339 2759 3492 2818 Nam
3535 2756 3721 2833 juxta

492 2857 812 2918 diversam
851 2855 1177 2918 notionem
1210 2862 1270 2917 et
1295 2855 1527 2926 ideam,
1555 2872 1694 2933 quas
1725 2855 2064 2934 subjicitur
2096 2856 2424 2934 particula:
2451 2866 2530 2930 ἐξ,
2563 2875 2661 2922 ex,
2695 2865 2758 2918 et
2808 2858 3057 2919 nomini
3087 2868 3278 2930 αἴτιος,
3305 2856 3725 2934 principium,

489 2953 595 3016 vel
628 2953 923 3018 aiﬁrmari
970 2964 1199 3037 potest,
1236 2955 1337 3018 vel
1371 2957 1562 3018 etiam
1625 2957 1863 3034 negari,
1897 2974 2043 3019 cum
2074 2957 2380 3035 Spiritum
2445 2965 2734 3020 sanctum
2793 2975 2937 3020 esse
2973 2979 3050 3021 ex
3101 2960 3296 3030 Filio,
3325 2967 3458 3018 tum
3495 2956 3725 3016 Filium

497 3065 697 3132 αἴτιον,
719 3058 1117 3134 principium
1147 3073 1290 3120 esse
1322 3057 1600 3135 Spiritus
1628 3057 1853 3118 sancti.
1889 3060 2043 3119 Nam
2075 3059 2130 3119 si
2160 3059 2282 3118 vim
2315 3057 2580 3118 istiusce
2619 3059 2789 3119 vocis
2820 3058 3145 3136 inspicias,
3167 3060 3292 3120 duo
3326 3053 3727 3132 limcsigniti-

495 3165 612 3228 cat,
648 3156 892 3218 scilicet
927 3173 1067 3216 esse
1107 3156 1402 3233 primum,
1445 3162 1506 3217 et
1531 3172 1672 3216 esse
1703 3171 1957 3217 causam
1990 3155 2277 3228 alterius,
2310 3157 2752 3234 cujuscunque
2776 3156 2858 3218 sit
2887 3157 3139 3236 generis
3177 3174 3389 3221 causa.
3421 3158 3539 3218 Sed
3578 3168 3638 3220 et
3667 3163 3730 3218 τὸ

487 3257 766 3335 primum
787 3257 1058 3334 spectari
1097 3255 1442 3332 dupliciter
1474 3262 1680 3345 potest
1706 3277 1722 3328 ;
1750 3254 1850 3317 vel
1883 3257 2188 3331 absolute,
2224 3274 2371 3319 cum
2405 3257 2566 3317 nihil
2601 3259 2668 3319 in
2694 3274 2770 3320 eo
2812 3275 3048 3336 genere
3091 3259 3272 3338 prius
3307 3276 3451 3321 esse
3484 3258 3728 3319 intelli-

480 3356 698 3434 gitur;
730 3356 829 3418 vel
854 3357 1140 3431 relative,
1174 3355 1474 3417 nimirum
1506 3357 1572 3416 in
1606 3355 1834 3418 ordine
1889 3358 1964 3418 ad
1999 3356 2196 3426 aliud,
2241 3357 2412 3434 quod
2449 3374 2527 3418 ex
2560 3356 2676 3419 illo
2727 3367 3075 3436 promanat.
3115 3361 3366 3437 Duplex
3396 3360 3588 3420 etiam
3627 3367 3726 3420 est

494 3464 668 3528 αἰτία,
706 3473 898 3516 causa
927 3475 946 3516 :
979 3453 1170 3516 altera
1200 3452 1662 3531 primordialis,
1691 3471 1808 3517 seu
1837 3455 2240 3532 primigenia,
2271 3473 2417 3534 quae
2449 3459 2843 3533 producendi
2883 3460 3004 3520 vim
3041 3461 3120 3522 ab
3149 3462 3275 3530 alia
3307 3477 3434 3524 non
3474 3463 3730 3538 recipit,

497 3556 608 3618 sed
659 3555 846 3618 habet
895 3571 929 3616 a
987 3571 1088 3628 se;
1125 3571 1393 3632 eamque
1443 3554 1646 3617 (ἰτεεοὶ
1701 3555 2076 3634 appellitant

2127 3569 2630 3638 τροκαταρκτικήν;
2669 3560 2792 3622 alia
2827 3579 2974 3622 vero
3012 3563 3307 3636 secunda,
3341 3579 3486 3641 quae
3527 3580 3733 3626 causm

490 3657 772 3736 :principi
809 3657 1095 3737 subjecta
1122 3663 1236 3729 est,
1267 3662 1484 3732 utpote
1521 3675 1600 3718 ex
1633 3674 1755 3736 qua
1779 3658 2010 3737 agendi
2052 3658 2178 3718 vim
2231 3659 2498 3732 obtinet,
2545 3669 2606 3720 et
2638 3677 2912 3739 quacum
2952 3671 3254 3739 Operatur
3283 3670 3345 3723 et
3373 3663 3502 3741 agit
3542 3664 3734 3740 quid-

497 3759 650 3838 quid
681 3759 836 3837 agit.
875 3759 949 3819 Ut
983 3761 1256 3837 priorem
1294 3758 1465 3820 illam
1497 3757 1858 3837 exprimant
1890 3759 2117 3834 Graeci,
2145 3759 2551 3837 frequentius
2579 3767 2850 3824 utuntur
2877 3762 3187 3839 particula
3215 3770 3301 3834 ἐξ,
3327 3779 3444 3830 ex;
3482 3770 3551 3822 ut
3577 3777 3730 3822 vero

497 3858 786 3920 indicent
821 3856 1267 3934 posteriorem,
1306 3856 1686 3936 plerumque
1714 3856 2018 3918 adhibent
2042 3855 2412 3934 particulam
2441 3855 2551 3929 διά,
2574 3875 2710 3936 per.
2746 3861 2822 3920 Et
2857 3858 2953 3918 hae
2979 3857 3240 3936 quidem
3276 3859 3602 3933 particulte
3621 3875 3694 3919 ac

498 3957 1030 4021 commodatiores
1080 3956 1191 4018 tali
1220 3955 1444 4018 sensui
1485 3955 1814 4049 fundendo
1838 3963 1987 4016 sunt
2023 3979 2038 4017 :
2070 3972 2214 4016 nam
2279 3957 2582 4035 particula
2613 3957 2696 4029 ἐξ,
2749 3975 2850 4030 ex,
2886 3955 3048 4017 nihil
3105 3974 3216 4034 per
3246 3974 3312 4018 se
3343 3955 3581 4018 indicat
3625 3962 3735 4015 aut

499 4062 808 4141 supponit
845 4061 1130 4124 anterius
1171 4078 1185 4121 :
1223 4077 1444 4122 verum
1478 4059 1789 4138 particula
1823 4067 1934 4132 διὰ,
1971 4075 2105 4135 per,
2137 4060 2217 4121 ita
2248 4077 2454 4122 causm
2492 4079 2609 4123 seu
2642 4058 2939 4139 principii
2977 4057 3282 4120 rationem
3316 4057 3632 4136 exprimit,
3669 4065 3734 4116 ut

497 4167 777 4246 priorem
811 4165 1001 4227 aliam
1034 4173 1094 4227 et
1125 4163 1384 4244 quidem
1414 4162 1766 4242 principem
1815 4180 2073 4224 causam
2107 4165 2307 4224 menti
2360 4163 2680 4225 exhibeat.
2729 4164 3186 4224 Verumtamen
3249 4159 3516 4220 istarum
3545 4174 3732 4219 usum

503 4265 962 4341 particularum
990 4280 1114 4326 non
1150 4267 1231 4326 ita
1262 4264 1463 4326 Graeci
1517 4269 1857 4336 eoarctant,
1889 4263 2043 4340 quin
2079 4271 2141 4325 et
2175 4263 2480 4342 particula
2509 4262 2588 4327 ἐξ.
2620 4281 2722 4334 ex,
2755 4277 2962 4324 causa)
2993 4259 3298 4332 secundat,
3333 4267 3394 4320 et
3429 4256 3736 4334 particula

501 4367 615 4440 διὰ,
642 4384 778 4446 per,
816 4365 1284 4444 primordialis,
1317 4382 1434 4426 seu
1463 4366 1945 4434 προκαταρκτικῆς
1977 4364 2107 4443 sign

2126 4365 2408 4426 iticandae
2437 4364 2637 4443 gratia
2675 4363 3002 4424 interdum
3036 4368 3330 4429 utantur;
3355 4357 3604 4437 quoties
3634 4357 3732 4415 ni-

504 4471 737 4531 mirum
785 4470 849 4530 in
901 4468 1028 4529 illis
1077 4469 1288 4528 solum
1347 4466 1704 4544 inspiciunt
1736 4466 2268 4543 significationem
2303 4467 2502 4538 illam,
2538 4466 2605 4526 in
2630 4481 2754 4541 qua
2805 4466 3004 4527 ambae
3049 4461 3468 4530 conveniunt,
3503 4473 3734 4532 nempe

493 4584 712 4630 causae
761 4567 1234 4646 qualiscunque
1267 4564 1617 4638 rationem;
1650 4565 1940 4644 adeoque
1971 4564 2048 4625 ad
2081 4581 2412 4626 causarum
2465 4563 2834 4634 discrimen,
2891 4562 2999 4624 cui
3035 4558 3451 4640 signiﬁcando
3508 4555 3605 4616 vel
3639 4554 3736 4614 in-

506 4666 768 4730 nuendo
799 4666 997 4742 magis
1020 4665 1312 4727 videntur
1349 4664 1620 4736 idoneae,
1654 4663 1918 4724 minime
1949 4662 2305 4724 attendunt.
2342 4663 2514 4726 Hinc
2558 4679 2710 4725 vero
2746 4661 3164 4740 perspicuum
3203 4659 3734 4734 exploratumque

498 4769 598 4842 θι,
623 4766 808 4846 juxta
834 4767 1151 4828 diversam
1183 4766 1406 4828 harum
1443 4765 1896 4844 particularum
1929 4762 2256 4824 notionem
2276 4762 2568 4825 aiiirmari
2597 4779 2810 4841 posse,
2842 4761 3143 4838 Spiritum
3177 4767 3459 4818 sanctum
3499 4773 3626 4814 esse
3657 4771 3739 4812 ex

500 4868 702 4942 Filio,
727 4875 790 4931 et
813 4886 941 4929 non
965 4887 1090 4929 esse
1120 4887 1200 4930 ea:
1228 4869 1423 4942 Filio,
1461 4885 1587 4928 esse
1625 4884 1704 4925 ex
1748 4865 1936 4925 Patre
1964 4881 2078 4941 per
2106 4864 2366 4939 Filium,
2403 4871 2465 4926 et
2496 4882 2621 4924 esse
2662 4880 2780 4942 per
2831 4861 3082 4921 Patrem
3113 4867 3166 4920 ct
3213 4857 3470 4918 Filium.
3507 4853 3742 4928 Reipsa

497 4969 904 5048 multiplices
930 4969 1044 5031 has
1077 4969 1387 5050 loquendi
1422 4967 1698 5029 rationes
1724 4966 1792 5026 in
1829 4964 2064 5026 Graecis
2089 4965 2376 5027 Patribus
2407 4964 2700 5044 reperiri,
2745 4982 2822 5026 ex
2853 4979 3076 5025 eorum
3111 4959 3416 5029 textibus,
3450 4969 3612 5029 quos
3639 4962 3739 5011 at-

499 5071 775 5134 tulimus
805 5087 1020 5150 supra,
1050 5071 1449 5149 exploratum
1480 5075 1598 5131 est.
1634 5065 1734 5128 Sic
1764 5065 1982 5144 itaque
2035 5071 2097 5128 et
2139 5065 2516 5128 Damasceni
2548 5064 2740 5127 verba
2782 5061 2970 5124 nobis
3002 5061 3248 5138 objecta
3275 5054 3597 5134 explicare
3632 5064 3741 5127 par

496 5177 626 5244 est,
655 5170 831 5250 quod
869 5185 1100 5246 nempe
1160 5167 1508 5239 inﬁcietur,
1541 5163 1846 5241 Spiritum
1909 5162 2102 5237 dici,t

2133 5171 2195 5223 ut
2252 5181 2380 5222 esse
2437 5181 2516 5222 ex
2565 5161 2758 5234 Filio,
2792 5167 3095 5237 tanquam
3123 5155 3185 5220 ἐξ
3213 5154 3392 5215 αἰτίας
3421 5160 3739 5222 προκαταρ-

501 5269 718 5336 κτικῆς,
751 5285 785 5329 a
816 5286 1015 5328 causa
1047 5265 1421 5345 primigenia
1447 5279 1517 5324 ac
1543 5260 1948 5340 primordiali
1977 5261 2323 5340 principio,
2351 5262 2520 5341 quod
2563 5275 2692 5321 non
2724 5259 2802 5322 ab
2845 5258 2971 5318 alio
3006 5251 3398 5334 producendi
3442 5250 3743 5312 virtutem

503 5369 861 5448 acceperit;
890 5376 1080 5448 atque
1121 5371 1236 5428 hac
1268 5365 1509 5426 ratione
1538 5362 1746 5424 solum
1789 5367 2032 5424 I’atrem
2061 5379 2203 5424 esse
2255 5364 2447 5429 αἴτιον,
2485 5373 2800 5424 auctorem
2830 5360 2969 5422 sive
3013 5357 3406 5438 principium
3455 5351 3646 5431 (quod
3679 5356 3745 5410 et

505 5488 624 5534 nos
657 5471 1108 5536 lubentissime
1141 5467 1497 5531 asserimus
1531 5481 1603 5528 ac
1633 5465 2006 5544 probamus)
2043 5489 2058 5525 :
2093 5481 2217 5527 non
2270 5473 2484 5526 autem
2540 5472 2754 5542 neget,
2781 5462 3092 5542 Spiritum
3123 5477 3268 5522 esse
3300 5475 3380 5520 ex
3403 5455 3570 5518 Filio
3600 5463 3742 5513 tan-

568 5673 1066 5799 {Pllirunnguod
1095 5673 1335 5744 proferre
1363 5672 1470 5728 hoc
1498 5669 1736 5740 potuerit
1766 5668 2155 5733 Damasccnus,
2192 5680 2314 5719 cum
2353 5669 2461 5718 tam
2500 5665 2652 5721 inulti
2674 5664 2866 5722 Patres
2917 5671 3045 5732 ante
3100 5676 3227 5720 cum
3294 5658 3554 5721 dixerint,
3620 5667 3748 5709 esse

568 5760 571 5790 :
643 5745 756 5799 iio.
781 5745 910 5799 utvi
956 5746 1116 5799 imus.

507 5759 571 5798 ex
592 5745 756 5808 Filio,
781 5751 842 5799 ut
859 5745 1116 5800 vidimus.
3757 5745 3762 5755 ’
