4068 6210
426 314 530 376 481
1279 314 1359 372 ΙΝ
1401 313 1830 383 SEQUENTIA
1864 312 2443 376 THEOPilYLACTI
2500 319 2837 382 SCRIPTA.
3556 321 3660 383 462

432 439 625 500 quam
681 441 757 483 ex
818 438 1028 493 causa,
1084 438 1202 482 seu
1250 421 1568 500 principio
1608 420 2006 493 secundario,
2054 425 2224 500 quod
2298 426 2492 486 simul
2550 444 2692 488 cum
2760 431 2937 488 Patre
3001 432 3300 505 Operetur
3334 471 3348 498 ,
3405 438 3466 491 et
3515 437 3662 509 qui-

434 526 578 586 dem
612 523 829 584 eadem
863 521 1062 583 Patris
1099 522 1332 583 virtute
1364 521 1489 582 sibi
1532 522 2019 594 communicata,
2055 532 2113 583 et
2150 526 2211 584 in
2251 544 2345 599 se,
2385 535 2700 602 quatenus
2737 538 2830 588 est
2884 545 3074 588 unum
3116 549 3252 590 cum
3301 533 3510 606 Patre,
3557 552 3658 596 re-

434 630 637 700 cepta.
683 623 1008 700 producat.
3243 651 3251 696 χ

516 721 779 782 XXXV.
813 721 909 780 Ab
947 721 1064 782 hoc
1095 721 1433 782 inficiendo
1469 722 1720 783 alienus
1758 722 1917 782 adeo
1956 723 2460 785 censendus‘est
2511 729 2960 802 Damascenus,
3007 740 3072 791 ut
3111 733 3323 808 potius
3383 736 3447 797 id
3489 755 3662 800 asse-

433 838 575 884 rere
608 819 1068 898 intelligendus
1099 820 1181 881 sit
1212 837 1290 880 eo
1321 821 1458 897 ipso
1490 820 1662 898 quod
1697 820 1947 890 subdat,
1981 820 2290 897 Spiritum
2343 831 2629 884 sanctum
2673 845 2800 886 esse
2837 845 2952 905 per
2981 829 3236 890 Filium.
3274 833 3441 904 Quid
3485 835 3660 897 enim

432 923 852 992 Damasceno,
889 920 1045 998 quid
1084 919 1328 980 caeteris
1370 917 1659 980 Patribus
1689 919 1799 996 qui
1835 918 1948 980 bac
1982 919 2286 997 loquendi
2316 919 2580 982 formula
2619 925 2715 984 usi
2749 924 2952 998 fuere,
2981 926 3294 1004 signiﬁcet
3322 928 3522 1002 aliud,
3554 941 3662 993 aut

431 1021 794 1100 signiﬁcare
826 1026 1017 1099 queat
1042 1028 1104 1081 τὸ
1127 1034 1244 1096 per
1299 1016 1558 1090 Filium,
1597 1035 1806 1097 neque
1855 1035 1999 1095 ego,
2033 1036 2244 1098 neque
2299 1019 2466 1081 alius
2525 1022 2844 1100 quispiam
2909 1025 3246 1101 intelliget.
3281 1029 3432 1087 Cum
3484 1029 3659 1089 enim

433 1119 744 1201 particula
773 1127 883 1194 διὰ,
914 1137 1056 1198 per,
1084 1120 1204 1181 tria
1228 1120 1430 1181 valeat
1460 1119 1768 1192 indicare,
1801 1137 2030 1198 nempe
2064 1139 2310 1180 causam
2342 1123 2727 1200 efﬁcientem,
2768 1127 3115 1200 praesertim
3148 1143 3292 1205 qua)
3343 1139 3481 1206 agat
3527 1131 3657 1189 vir-

430 1229 566 1284 tute
625 1220 703 1281 ab
741 1219 870 1281 alio
914 1228 1199 1298 recepta;
1239 1220 1508 1298 insuper
1537 1218 1749 1279 solum
1792 1221 2275 1279 instrumentum
2318 1222 2624 1289 inanima,-
2655 1239 2726 1283 ac
2778 1223 3040 1285 demum
3108 1228 3456 1288 vehiculum
3490 1230 3659 1289 iners

432 1321 611 1383 nulla
648 1319 980 1396 praeditum
1013 1320 1307 1396 energia;
1346 1318 1620 1392 primum
1650 1319 2055 1379 solummodo
2093 1327 2297 1395 potest
2339 1321 2416 1380 ab
2473 1320 2649 1380 omni
2679 1319 3164 1399 imperfectione
3186 1325 3466 1403 sejuugi,
3503 1328 3656 1387 reli-

427 1437 560 1500 qua
591 1419 720 1480 duo
756 1416 1155 1480 manifestam
1189 1417 1738 1496 imperfectionem
1785 1416 2142 1478 involvunt.
2178 1419 2267 1477 Ex
2301 1434 2429 1496 quo
2469 1433 2874 1497 consequens
2916 1429 3032 1495 est,
3072 1425 3442 1501 particulam
3488 1426 3659 1485 illam

431 1520 692 1582 nonnisi
741 1521 804 1580 in
852 1536 1053 1580 sensu
1092 1519 1304 1596 priore
1353 1533 1538 1595 posse
1573 1519 1639 1578 in
1682 1517 1922 1578 divinis
1963 1519 2040 1578 de
2108 1519 2278 1578 Filio
2341 1520 2688 1581 enuntiari.
2725 1524 2814 1581 Ita
2854 1522 3053 1600 igitur
3095 1525 3526 1585 Damascenns
3559 1526 3658 1584 in-

434 1622 756 1682 tellexerit
791 1626 1066 1697 oportet,
1105 1619 1416 1696 Spiritum
1449 1624 1737 1680 sanctum
1779 1618 2147 1694 procedere,
2181 1634 2299 1679 seu
2347 1635 2488 1678 esse
2519 1637 2631 1696 per
2687 1618 2940 1691 Filium,
2967 1621 3130 1680 sicut
3164 1638 3388 1682 omnes
3427 1622 3658 1684 Catho-

387 1703 393 1709 ’
429 1728 536 1788 lici
571 1724 936 1802 intelligunt
961 1737 1036 1783 ea
1065 1722 1406 1798 Scripturm
1443 1721 1655 1794 verba,
1692 1719 1915 1781 Omnia
1965 1737 2080 1798 per
2115 1722 2315 1798 ipsum
2344 1722 2514 1798 facta
2569 1730 2714 1780 sunt
2746 1742 2765 1779 :
2805 1732 2866 1782 et
2899 1738 3023 1800 qua
3059 1723 3304 1783 ratione
3351 1724 3438 1785 ait
3470 1727 3659 1792 etiam

429 1826 736 1904 Gyrillus,
770 1839 916 1884 eum
951 1821 1298 1900 procedere
1328 1839 1444 1900 per
1463 1822 1739 1895 Patrem,
1778 1827 1842 1881 ut
1873 1837 2098 1897 nempe
2129 1820 2336 1880 Filius
2373 1819 2741 1882 nullatenus
2773 1824 3146 1884 excludatur
3177 1841 3206 1884 a
3236 1825 3660 1902 productione

428 1925 708 2002 Spiritus
751 1924 976 1996 sancti,
1027 1923 1317 2000 adeoque
1366 1925 1458 1984 sic
1513 1923 1844 1985 statuenda
1881 1938 1980 1984 res
2011 1927 2107 1982 est
2139 1938 2152 1982 :
2195 1923 2375 1982 Pater
2401 1923 2608 1998 primo
2635 1932 2690 1982 et
2718 1924 3187 2002 principaliter,
3219 1943 3334 1986 seu
3368 1929 3652 2004 primor-

427 2023 708 2101 dialiter,
747 2031 1245 2102 προκαταρκτικῶς
1285 2022 1584 2099 producit
1645 2021 1952 2100 Spiritum
1984 2027 2274 2080 sanctum
2321 2028 2641 2098 quatenus
2689 2030 2917 2100 suapte
2961 2025 3192 2085 virtute
3233 2042 3266 2086 a
3293 2026 3474 2088 nullo
3529 2026 3655 2088 alio

431 2137 682 2206 recepta
719 2126 1040 2206 producit;
1069 2125 1361 2201 adeoque
1389 2125 1665 2201 primum
1704 2121 1970 2183 omnino
2005 2127 2119 2193 est,
2157 2120 2540 2199 nullumque
2580 2125 3017 2200 prmsupponit
3046 2127 3356 2200 anterius,
3388 2145 3459 2190 ac
3517 2149 3662 2190 vero

429 2237 886 2308 προκαταρκτικὴ
914 2237 1063 2291 αἰτία.
1099 2226 1376 2307 Spiritus
1421 2226 1643 2288 sancti.
1677 2225 1976 2284 Producit
2012 2241 2035 2284 ε

2058 2224 2199 2284 tiam
2242 2241 2356 2299 per
2392 2224 2653 2297 Filium,
2687 2232 3004 2302 quatenus
3038 2228 3240 2290 virtus
3282 2230 3389 2291 illa
3429 2234 3664 2308 produ-

429 2331 592 2390 ctrix
637 2347 759 2390 una
792 2331 1145 2408 eademque
1200 2338 1297 2390 est
1329 2345 1474 2390 cum
1509 2328 1727 2388 divina
1783 2334 2004 2386 natura
2038 2324 2206 2384 Filio
2261 2325 2728 2385 communicata
2764 2333 2825 2386 et
2876 2327 2941 2387 in
2975 2328 3117 2406 ipso
3143 2339 3418 2407 recepta.
3449 2332 3662 2404 Quare

435 2430 733 2506 producit
777 2431 972 2491 etiam
1010 2430 1218 2490 Filius
1250 2429 1313 2491 vi
1347 2436 1406 2490 et
1436 2428 1685 2490 actione
1714 2443 1748 2487 a
1790 2429 1969 2488 Patre
2012 2434 2303 2502 recepta;
2341 2441 2468 2486 non
2505 2425 2799 2502 producit
2851 2443 3002 2488 vero
3035 2429 3269 2489 virtute
3305 2431 3559 2507 propria
3604 2440 3664 2492 et

425 2529 827 2607 primigenia,
863 2547 979 2590 seu
1031 2546 1222 2608 quam
1249 2545 1378 2590 non
1430 2527 1745 2604 receperit
1791 2525 1868 2586 ab
1916 2525 2190 2602 ipsomet
2221 2527 2425 2595 Patre,
2461 2542 2673 2603 neque
2702 2526 2952 2588 actione
2981 2529 3233 2590 diversa
3267 2537 3330 2590 et
3362 2530 3665 2590 distincta

432 2634 512 2694 ab
538 2635 787 2695 actione
814 2634 1034 2696 Patris.
1069 2635 1236 2694 Hinc
1265 2633 1322 2693 si
1356 2631 1557 2693 virtus
1587 2639 1650 2693 et
1681 2629 1844 2691 actio
1871 2627 2004 2702 illa,
2041 2645 2168 2705 qua
2199 2628 2575 2705 producitur
2607 2629 2886 2706 Spiritus
2921 2646 3204 2702 sanctus,
3241 2637 3564 2708 spectetur
3596 2645 3666 2694 ut

433 2750 470 2794 a
498 2735 674 2793 Patre
712 2738 986 2810 recepta,
1025 2729 1476 2809 propriissime
1509 2727 1744 2790 dicitur
1787 2726 2067 2803 Spiritus
2104 2728 2452 2801 procedere
2480 2745 2519 2785 α
2552 2726 2746 2788 Patre
2774 2745 2893 2805 per
2922 2728 3195 2797 Filium;
3231 2739 3293 2790 at
3345 2732 3398 2790 si
3443 2734 3664 2794 eadem

435 2833 638 2893 virtus
672 2838 732 2890 et
762 2831 926 2892 actio
969 2830 1415 2891 consideretur
1460 2835 1528 2888 ut
1557 2827 1720 2887 facta
1764 2826 1894 2903 jam
1949 2823 2204 2901 propria
2241 2824 2420 2896 Filii,
2451 2825 2745 2900 adeoque
2773 2826 3014 2888 Filium
3043 2826 3351 2901 atiiciens,
3383 2845 3666 2909 eumque

433 2931 835 2996 constituens
867 2937 1170 3002 actorem,
1206 2930 1300 2990 sic
1327 2928 1456 2988 dici
1485 2929 1629 3004 jure
1663 2925 1906 3002 Optimo
1929 2929 2158 3000 potest,
2191 2922 2496 3000 Spiritum
2529 2924 2719 2985 etiam
2752 2925 3098 3002 procedere
3129 2944 3230 2996 ex,
3259 2927 3419 2988 vela
3445 2929 3615 2989 Filio
3647 2951 3667 2989 :

433 3039 526 3098 ita
579 3043 792 3098 tamen
828 3041 896 3097 ut
927 3033 983 3095 si
1016 3032 1348 3113 particuim
1379 3049 1456 3091 ex
1489 3029 1782 3107 illigetur
1810 3027 2194 3105 signiﬁcatio
2218 3026 2607 3103 primigenii,
2645 3043 2764 3087 seu
2810 3029 3004 3105 primi
3043 3029 3304 3090 omnino
3331 3031 3664 3108 principii,

433 3147 928 3220 προκιταρκτικῆς
957 3143 1157 3209 αἰτίας,
1202 3149 1390 3212 ωε]υο
1420 3131 1565 3210 jure
1600 3129 1818 3209 negari
1853 3127 2039 3205 passi‘

2064 3174 2078 3200 ,
2108 3127 2416 3205 Spiritum
2476 3127 2828 3204 procedere
2857 3144 2938 3188 ex
2969 3127 3157 3190 Filio.
3204 3130 3278 3190 Ut
3320 3130 3518 3208 igitur
3548 3149 3666 3209 pax

436 3248 500 3299 et
533 3237 879 3300 consensio
913 3251 1026 3296 nos
1059 3234 1227 3295 inter
1252 3241 1312 3295 et
1344 3235 1621 3305 Graecos,
1643 3230 1852 3308 quoad
1882 3245 2157 3305 prtescns
2185 3237 2374 3305 caput
2404 3229 2653 3302 attinet,
2690 3229 3187 3307 redintegretur,
3221 3246 3348 3294 non
3385 3233 3565 3296 aliud
3589 3239 3667 3297 ab

435 3345 536 3406 eis
573 3339 972 3420 postulamus
1003 3353 1192 3418 quam
1253 3345 1324 3398 ut
1359 3335 1751 3414 tequissimea
1798 3333 1951 3394 huic
2004 3331 2364 3392 conditioni
2408 3333 2840 3411 acquiescant.
2898 3334 3022 3394 Nos
3075 3351 3220 3396 cum
3279 3337 3671 3404 Damasceno

433 3445 499 3498 οὐ
529 3445 779 3514 λέξομεν,
803 3441 1051 3501 minime
1081 3440 1376 3511 dicemus,
1409 3438 1540 3498 imo
1583 3435 1800 3506 etiam,
1832 3435 1884 3494 si
1915 3431 2162 3506 malint,
2187 3432 2570 3509 negabimus,
2596 3435 2906 3511 Spiritum
2937 3442 3226 3496 sanctum
3251 3451 3393 3497 esse
3422 3453 3455 3498 a
3478 3437 3669 3506 Filio,

434 3547 740 3615 tanquam
765 3538 1008 3602 scilicet
1036 3555 1114 3600 ex
1129 3534 1540 3619 primordiali
1566 3533 1915 3613 principio,
1948 3542 2012 3593 ἐκ
2039 3563 2040 3571 ι

2062 3540 2521 3610 εροκαταρκτικῆς
2553 3540 2755 3604 αἰτίας,
2787 3533 3088 3611 quodque
3111 3543 3414 3611 Operetur
3441 3537 3668 3598 virtute

437 3643 500 3696 et
533 3636 786 3698 actione
821 3637 1075 3700 diversa
1105 3653 1138 3699 a
1169 3636 1407 3697 virtute
1445 3641 1506 3695 et
1558 3632 1810 3694 actione
1841 3628 2067 3702 Patris,
2114 3637 2177 3692 et
2233 3647 2358 3692 non
2389 3629 2468 3691 ab
2509 3632 2737 3692 eodem
2789 3633 2968 3691 Patre
3016 3641 3292 3709 recepta.
3327 3635 3424 3695 Illi
3455 3645 3672 3700 contra

432 3716 782 3813 fateantur,
809 3737 1119 3815 Spiritum
1175 3753 1210 3798 a
1269 3735 1439 3796 Filio
1477 3749 1642 3802 esse,
1679 3740 1978 3808 tanquam
2009 3747 2042 3792 a
2073 3729 2449 3791 secundaria
2501 3747 2718 3801 causa,
2755 3732 2893 3791 sive
2944 3729 3258 3808 principio
3289 3736 3454 3796 Patri
3513 3741 3667 3800 sub-

428 3831 627 3909 jecto,
655 3837 1018 3916 virtuteque
1059 3836 1138 3898 ab
1164 3835 1440 3914 ipsomet
1482 3833 1664 3893 Patre
1701 3835 1947 3908 recepta
1972 3836 2296 3906 operante,
2329 3828 2457 3888 imo
2493 3841 2554 3888 et
2585 3829 2804 3890 eadem
2837 3830 3318 3894 Patrisactione
3357 3834 3480 3894 sibi
3503 3853 3674 3896 com-

439 3934 757 3995 municata
793 3953 916 3996 una
950 3950 1094 3996 cum
1130 3939 1352 3993 natura
1383 3930 1627 3991 divina.

527 4037 819 4098 XXXVI.
863 4035 962 4098 Nil
998 4050 1190 4114 porro
1223 4030 1694 4110 impedimento
1717 4044 1858 4089 esse
1891 4027 2122 4088 merito
2153 4034 2380 4103 potest,
2413 4027 2763 4104 quominus
2792 4027 2914 4099 sic,
2937 4034 3141 4088 amota
3174 4028 3426 4089 dissidii
3459 4048 3672 4094 causa,

441 4137 702 4217 tandem
733 4133 1080 4214 aliquando
1114 4133 1392 4195 invicem
1446 4131 1786 4191 redeamus
1816 4127 1881 4187 in
1915 4127 2201 4204 gratiam.
2244 4127 2410 4200 Quid
2463 4127 2658 4198 enim,
2691 4133 2800 4187 aut
2849 4142 3039 4203 quam
3072 4127 3156 4188 ob
3199 4145 3329 4189 rem
3379 4131 3672 4195 Photiani

441 4246 736 4318 pugnant
767 4245 984 4298 contra
1012 4235 1317 4298 Latinos?
1355 4250 1468 4310 pro
1507 4229 1870 4309 simplicine
1902 4242 2054 4287 voce
2095 4230 2174 4296 ἐξ.
2215 4247 2317 4298 ex,
2363 4244 2442 4289 an
2478 4244 2591 4306 pro
2629 4246 2694 4289 re
2751 4228 3134 4322 significata
3165 4244 3278 4305 per
3309 4245 3525 4292 vocem
3551 4235 3579 4291 ?
3609 4235 3670 4294 Si

441 4339 753 4418 primum,
789 4337 946 4398 nihil
982 4335 1342 4413 indignius,
1370 4333 1676 4412 quodque
1715 4334 1910 4411 magis
1941 4335 2249 4394 dedeceat
2282 4329 2589 4404 inclytam
2635 4329 2962 4390 nationem
2995 4329 3398 4403 Grtecornm;
3427 4333 3478 4392 si
3512 4332 3672 4394 alte-

444 4451 614 4505 rum,
648 4448 868 4510 quaeso
908 4432 1105 4510 igitur
1162 4429 1509 4508 explicent,
1542 4445 1666 4506 qua
1703 4429 1948 4490 ratione
2003 4431 2180 4489 Pater
2215 4443 2328 4504 per
2358 4425 2596 4485 Filium
2655 4425 2958 4502 producat
2998 4427 3303 4504 Spiritum
3360 4437 3673 4506 sanctum,

439 4533 692 4606 absque
718 4546 794 4589 eo
827 4529 1002 4606 quod
1052 4535 1354 4603 operetur
1384 4534 1446 4588 et
1476 4527 1682 4586 Filius
1715 4527 1790 4586 ad
1825 4527 2313 4604 productionem
2355 4523 2632 4602 Spiritus
2664 4525 2892 4598 sancti,
2926 4525 3218 4606 adeoque
3267 4528 3473 4607 reipsa
3520 4547 3673 4608 pro-

443 4629 633 4689 ducat
667 4649 683 4692 :
714 4628 777 4687 id
803 4626 971 4687 enim
1007 4624 1187 4686 nullo
1215 4624 1442 4685 mentis
1477 4631 1705 4684 conatu
1746 4622 2022 4702 intelligi
2061 4631 2293 4702 potest.
2323 4624 2630 4683 Praeterea
2655 4621 2710 4681 si
2743 4623 2944 4685 Filius
2979 4626 3442 4703 productricem
3474 4629 3676 4691 Patris

445 4728 763 4791 actionem
799 4726 893 4786 vel
934 4723 1145 4785 solum
1181 4721 1428 4783 deferat
1462 4729 1759 4799 tanquam
1786 4722 2159 4792 vehicuittm,
2204 4722 2299 4782 vel
2336 4723 2398 4782 in
2434 4739 2502 4781 se
2537 4727 2834 4800 tanquam
2877 4725 3362 4788 instrumentum
3397 4731 3678 4809 recipiat,

447 4825 774 4902 explicent
818 4822 1004 4884 nobis
1029 4822 1354 4901 quomodo
1406 4836 1529 4880 non
1572 4838 1883 4882 summam
1942 4821 2004 4882 id
2039 4822 2257 4882 afferat
2305 4818 2854 4898 imperfectionem
2882 4825 3070 4888 Filio.
3101 4829 3443 4901 Quomodo
3487 4833 3679 4893 etiam

451 4928 635 4986 Pater
667 4923 989 5000 propriam
1019 4920 1186 4980 Filio
1233 4927 1545 4992 naturam,
1578 4937 1696 4982 seu
1721 4910 2066 4982 cs‘sentiam
2121 4920 2398 4982 indivise
2445 4918 2950 4997 commnnicans,
2983 4941 3110 4987 non
3145 4928 3353 4989 eidem
3389 4947 3684 4992 commu-

451 5024 619 5083 nicet
644 5019 1095 5100 fecunditatem
1131 5027 1190 5081 et
1223 5019 1538 5080 actionem
1570 5020 1881 5098 spirandi,
1917 5037 2062 5100 quae
2101 5020 2364 5082 minime
2394 5026 2638 5098 pugnat
2673 5037 2820 5080 cum
2865 5023 3103 5085 ratione
3145 5025 3537 5104 hypostatica
3570 5030 3680 5090 Fi-

453 5122 546 5183 lii.
587 5120 944 5198 Explicent,
977 5123 1304 5198 quomodo
1337 5119 1610 5197 Spiritus
1633 5128 1886 5181 sanctus
1922 5121 2005 5181 sit
2038 5136 2307 5198 persona
2369 5137 2403 5182 a
2457 5119 2624 5180 Filio
2672 5119 3000 5197 distincta,
3033 5127 3115 5198 si,
3152 5129 3445 5222 stseno
3477 5127 3683 5204 (cujus

453 5221 642 5284 verba
668 5237 860 5298 supra
886 5217 1253 5297 retulimus)
1284 5225 1466 5292 teste,
1515 5219 1838 5280 subtracta
1864 5222 2112 5281 ratione
2140 5221 2477 5300 principii,
2505 5221 2681 5281 nulla
2729 5229 2826 5282 est
2880 5223 2945 5284 in
2998 5217 3304 5288 Trinitate
3331 5225 3680 5288 distinctio.

458 5319 794 5400 Explicent
827 5320 1152 5398 quomodo
1178 5319 1379 5380 Filius
1400 5321 1608 5380 mittat
1634 5320 1930 5398 Spiritum
1957 5323 2445 5402 sanctum,quin
2474 5324 2732 5384 mittens
2757 5326 2838 5386 sit
2872 5326 3068 5388 misso
3095 5330 3415 5406 superior,
3442 5336 3501 5390 et
3536 5327 3686 5388 mis-

452 5439 567 5484 sus
599 5419 870 5481 mittenti
903 5418 1336 5480 ministerium
1369 5419 1687 5493 exhibeat,
1739 5422 1794 5482 si
1829 5422 2050 5483 missio
2077 5431 2373 5484 aeternam
2409 5418 2898 5500 productionem
2945 5443 3073 5488 non
3102 5429 3411 5502 exprimat
3441 5440 3548 5491 aut
3578 5431 3685 5494 in-

451 5521 714 5592 cludat;
741 5518 1280 5597 quemadmodum
1313 5521 1494 5581 Pater
1517 5521 1632 5583 hac
1669 5523 1806 5601 ipsa
1843 5525 2089 5586 ratione
2125 5524 2380 5585 misisse
2420 5523 2650 5584 dicitur
2695 5524 2931 5586 Filium
2965 5527 3029 5587 in
3081 5531 3421 5592 mundum.
3454 5532 3684 5612 Expli-

453 5628 599 5683 cent
628 5618 958 5698 quomodo
989 5617 1269 5694 Spiritus
1303 5619 1402 5680 vel
1429 5620 1647 5682 audiat
1683 5639 1715 5684 a
1747 5624 1936 5696 Filio,
1965 5626 2062 5686 vel
2090 5626 2169 5684 de
2206 5639 2325 5685 suo
2357 5625 2656 5702 accipiat,
2687 5642 2914 5702 nempe
2948 5627 3115 5706 quod
3151 5637 3245 5691 est
3277 5629 3485 5710 ipsius
3511 5637 3688 5699 Filii.

459 5719 620 5798 quin
663 5712 761 5778 vel
787 5714 1091 5793 discipuli
1119 5714 1428 5780 rationem
1462 5720 1710 5795 subeat,
1746 5723 1842 5782 vel
1900 5722 2262 5798 indigentis,
2315 5722 2368 5780 si
2403 5721 2465 5781 id
2514 5737 2637 5782 non
2701 5722 3039 5804 significet,
3075 5728 3310 5793 habere
3343 5737 3688 5798 essentiam
