4068 6210
441 335 548 399 463
735 347 741 354 ‘
1507 332 1886 393 BONIFACH
1923 331 2228 392 FlNETTI
2269 333 2658 394 PRIEFATIO
3577 339 3686 402 464

447 451 511 508 θι
563 453 849 508 naturam
889 461 924 507 a
951 445 1142 506 Filio.
1179 445 1336 506 Cum
1363 444 1566 523 igitur
1591 446 1802 506 omnia
1832 445 1961 506 haec
1994 444 2312 521 explicare
2348 445 2717 506 nullatenus
2752 443 3027 523 valeant,
3060 438 3324 511 tandem
3362 448 3685 512 fateantur

448 543 1155 622 nobiscum,,Spiritum
1185 559 1327 606 esse
1363 553 1426 606 et
1452 548 1802 624 procedere
1844 564 1882 604 α
1912 546 2080 606 Filio
2116 553 2177 605 et
2203 561 2320 622 per
2368 544 2625 606 Filium.
2666 546 2785 608 Sed
2839 547 2966 625 jam
3007 547 3084 608 ad
3131 549 3686 630 TheOphylactum

451 653 666 709 nostra
701 649 1054 706 revertatur
1075 643 1303 705 oratio.

527 745 861 810 XXXVII.
918 745 1124 818 Quam
1186 742 1535 806 infeliciter
1588 729 1726 806 illi"
1746 745 2010 807 cesserit
2050 745 2213 806 illud
2250 769 2264 806 :
2299 745 2567 808 Ostende
2604 747 2785 809 nobis
2843 748 3118 824 Patrem,
3145 750 3273 829 jam
3331 757 3576 814 constat
3606 771 3685 816 ex

449 845 660 907 dictis.
697 846 880 906 Nunc
909 841 1067 904 mihi
1099 843 1664 906 demonstrandum
1696 843 1885 917 foret,
1911 861 2101 922 quam
2136 845 2458 907 imbecilla
2490 847 2644 918 sint,
2673 854 2976 926 tantoque
3008 847 3272 928 indigna
3304 851 3563 914 doctore
3589 869 3688 915 ar-

448 948 774 1024 gumenta,
801 947 990 1022 queis
1026 945 1320 1006 Latinum
1349 946 1578 1022 dogma
1615 944 1911 1006 refellere
1943 945 2338 1024 aggreditur,
2376 947 2502 1008 nisi
2543 965 2686 1010 cum
2727 949 2948 1028 plures
2979 949 3110 1023 alii,
3146 957 3282 1012 tum
3311 955 3684 1030 nuperrime

449 1048 531 1110 cl.
570 1043 824 1124 prmvim
851 1045 1342 1108 Dissertationis
1370 1054 1592 1108 auctor
1632 1061 1668 1105 a
1698 1061 1876 1108 num.
1913 1045 1989 1106 75
2019 1047 2340 1107 cumulate
2367 1046 2429 1107 id
2465 1047 2890 1124 prmstitisset.
2924 1052 3244 1129 Perpauca
3275 1058 3485 1116 tamen
3524 1055 3688 1133 adji-

449 1163 594 1209 cere
635 1146 840 1220 liceat,
871 1155 940 1208 ut
972 1147 1175 1226 magis
1214 1148 1549 1226 magisque
1576 1145 1966 1225 infringatur
1994 1146 2175 1208 illius
2214 1149 2737 1227 vis'argumenti,
2777 1151 2950 1229 quod
2989 1151 3228 1228 petitur
3283 1168 3362 1213 ex
3423 1153 3682 1217 duobus

454 1242 812 1323 principiis,
845 1258 990 1320 quae
1019 1242 1086 1303 in
1120 1244 1540 1319 productione
1571 1242 1849 1321 Spiritus
1872 1243 2073 1305 sancti
2107 1261 2141 1306 a
2173 1244 2358 1306 nobis
2394 1246 2641 1309 admitti
2673 1247 3036 1321 arbitratur,
3076 1255 3171 1312 vel
3203 1250 3427 1313 saltem
3467 1271 3689 1316 neces-

449 1347 620 1408 sario
660 1343 972 1423 consequi
1013 1361 1091 1406 ex
1116 1344 1411 1422 dogmate
1450 1345 1624 1421 quod
1657 1361 2166 1424 propugnamus.
2208 1347 2446 1408 Mirum
2478 1364 2658 1424 sane,
2692 1351 2866 1429 quod
2925 1351 3023 1412 vir
3062 1354 3384 1430 praestanti
3420 1353 3687 1433 ingenio

451 1445 756 1522 prmditus
786 1443 850 1505 in
884 1441 1359 1505 crassissimum
1391 1441 1562 1504 hunc
1601 1459 1884 1504 errorem
1926 1443 2306 1522 impegerit;
2340 1445 2454 1507 sed
2486 1446 2669 1509 nullo
2700 1449 2890 1511 modo
2910 1449 3271 1525 ferendum,
3318 1455 3490 1531 quod
3526 1454 3687 1517 Pho-

449 1544 610 1607 tiani
646 1545 816 1610 hunc
840 1546 1054 1626 ipsum
1079 1561 1364 1608 errorem
1396 1542 1580 1605 nobis
1611 1541 1820 1603 adhuc
1865 1541 2142 1620 objicere
2179 1551 2239 1604 et
2275 1546 2660 1623 exprobrare
2718 1564 2846 1610 non
2890 1550 3208 1626 desinant,
3246 1560 3578 1631 postquam
3625 1562 3687 1616 et

453 1647 722 1719 centies,
765 1655 828 1708 et
856 1647 1119 1720 millies,
1148 1657 1210 1708 et
1232 1643 1748 1709 luculentissime
1779 1644 2043 1724 quidem
2077 1645 2208 1706 hinc
2237 1663 2270 1707 a
2299 1648 2535 1709 nostris
2567 1650 2837 1712 contrita
2876 1650 3150 1730 objectio
3182 1661 3300 1713 est.
3328 1652 3495 1724 Quid
3531 1669 3682 1713 vero

451 1748 800 1812 dicendum
836 1749 916 1810 de
962 1746 1455 1826 Ephraimojam
1481 1745 1633 1808 alibi
1671 1751 2043 1817 memorato,
2079 1745 2191 1824 qui
2224 1745 2292 1806 in
2336 1747 2706 1825 praefatione
2742 1752 3057 1829 praedicta,
3090 1767 3218 1814 non
3269 1753 3458 1814 modo
3490 1752 3685 1831 jacti-

449 1854 561 1920 tat,
597 1861 712 1909 nos
745 1854 1009 1925 ἐμπεσεῖν
1029 1853 1108 1916 εἰς
1137 1851 1198 1906 τὸ
1229 1850 1504 1923 βάραθρον
1532 1851 1632 1928 τῆς
1675 1850 1957 1921 δυαρχίας,
1990 1843 2055 1902 in

2078 1843 2267 1904 :idere
2320 1845 2388 1904 in
2440 1844 2808 1908 barathrum
2865 1849 3140 1928 duplicis
3190 1851 3533 1930 principii;
3570 1853 3684 1914 sed

445 1949 673 2021 etiam,
708 1955 780 2009 ut
817 1947 1122 2026 majorem
1157 1944 1344 2007 nobis
1375 1943 1606 2006 conﬂet
1661 1944 1996 2019 invidiam,
2030 1946 2266 2019 eﬂ‘utit,
2301 1947 2564 2010 Latinos
2601 1965 2915 2026 asserere,
2943 1952 3246 2030 Spiritum
3279 1964 3567 2016 sanctum
3604 1974 3682 2014 ea:

451 2042 622 2104 Filio
646 2059 790 2104 esse
808 2051 1057 2121 ὡςδῆθεν
1082 2051 1160 2122 μὴ
1192 2050 1336 2120 ἔχον,
1366 2051 1430 2104 ὲκ
1456 2048 1551 2102 τοῦ
1579 2050 2057 2122 Πατρδςὲκπορευι

2076 2050 2169 2116 Ιὲν,
2191 2050 2289 2122 τὴν
2315 2045 2653 2126 τελειότητα,
2689 2051 2838 2127 quia
2868 2051 3112 2112 scilicet
3140 2069 3267 2112 non
3296 2053 3498 2127 habet,
3533 2071 3682 2132 qua-

453 2154 632 2205 tenus
662 2161 700 2202 a
727 2143 920 2204 Patre
943 2141 1259 2221 procedit,
1291 2143 1774 2221 perfectionem;
1806 2142 2098 2221 adeoque
2124 2151 2200 2216 ὡς
2226 2153 2438 2218 ἀτελὲς,
2467 2156 2540 2207 ut
2567 2150 2997 2230 imperfectum
3048 2157 3393 2231 procedere
3422 2153 3612 2216 etiam
3650 2170 3686 2215 a

450 2245 619 2308 Filio
655 2250 743 2304 ἵνα
767 2250 829 2304 τὸ
857 2250 1060 2305 τέλειον
1093 2250 1400 2322 προσλάϐῃ,
1428 2251 1502 2302 ut
1518 2241 1961 2321 perfectionem
1983 2260 2050 2302 re

2079 2244 2276 2321 :ipiat.
2306 2245 2566 2322 Verum,
2599 2264 2636 2310 o
2683 2250 2874 2325 bone,
2903 2251 2955 2312 si
3000 2269 3078 2313 ex
3117 2253 3436 2316 sententia
3472 2261 3685 2316 nostra

450 2346 899 2427 consequitur,
938 2345 1243 2424 Spiritum
1276 2352 1564 2407 sanctum
1599 2362 1635 2406 a
1672 2347 1850 2407 Patre
1889 2348 2248 2427 imperfecte
2269 2349 2632 2427 procedere,
2659 2352 2809 2431 quia
2829 2354 3011 2434 juxta
3044 2371 3159 2416 nos
3189 2356 3472 2434 procedit
3496 2355 3685 2417 etiam

441 2465 483 2510 .a
514 2447 703 2522 Filio,
731 2463 947 2509 nonne
991 2462 1398 2525 consequens
1429 2445 1551 2508 erit
1592 2445 1777 2523 juxta
1806 2461 1946 2520 vos,
1984 2448 2231 2509 Patrem
2296 2450 2654 2530 imperfecte
2687 2454 3042 2531 producere
3097 2456 3496 2531 universum,
3536 2457 3690 2534 quia

441 2565 582 2609 non
596 2547 673 2609 ab
689 2563 838 2620 una,
861 2545 972 2608 sed
993 2544 1071 2607 ab
1087 2544 1384 2607 omnibus
1407 2544 1810 2623 singulisque
1824 2547 2117 2624 personis
2145 2547 2556 2625 producitur?
2577 2552 2650 2611 Et
2667 2550 2723 2611 si
2739 2568 2855 2615 nos
2871 2553 3174 2632 Spiritum
3189 2557 3691 2617 sanctumadua-

436 2651 575 2711 bus
598 2645 890 2722 personis
915 2662 1055 2708 esse
1090 2645 1416 2718 docentes,
1451 2646 1521 2707 in
1553 2654 1835 2724 δυαρχίας,
1856 2644 2124 2708 duorum
2144 2648 2612 2728 principiorum
2633 2669 2913 2715 errorem
2952 2653 3363 2732 prolabimur,
3391 2671 3500 2716 vos
3533 2671 3687 2733 ergo

453 2754 524 2828 in
553 2750 918 2813 barathrum
949 2756 1256 2828 τριαρχίας,
1297 2749 1490 2810 trium
1515 2749 1984 2828 principiorum
2013 2749 2326 2828 inciditis,
2359 2769 2503 2814 cum
2538 2769 2727 2815 nemo
2757 2754 2998 2834 aliquis
3028 2763 3311 2818 vestrum
3344 2757 3685 2831 inﬁcietur,

452 2860 562 2918 aut
592 2851 858 2914 inﬁciari
896 2859 1111 2930 queat,
1146 2847 1350 2911 fuisse
1383 2851 1698 2912 mundum
1736 2865 1772 2911 a
1811 2849 2016 2912 tribus
2051 2853 2344 2929 personis
2378 2870 2458 2914 ex
2503 2853 2709 2914 nihilo
2742 2854 3070 2915 eductum.
3107 2855 3443 2934 Quidquid
3490 2857 3687 2936 igitur

437 2955 531 3017 ad
563 2954 1094 3038 propugnandam
1117 2951 1186 3013 in
1219 2949 1538 3012 creatione
1564 2949 1854 3011 universi
1889 2959 2211 3029 μοναρχίαν,
2242 2953 2548 3013 unitatem
2568 2953 2886 3031 principii
2906 2955 3147 3016 dictum
3181 2971 3215 3016 a
3247 2955 3428 3017 vobis
3459 2955 3681 3029 fuerit,

449 3057 515 3117 id
546 3055 760 3131 ipsum
791 3067 1158 3115 asseremus
1187 3057 1250 3110 et
1278 3064 1394 3109 nos
1424 3049 1502 3109 ad
1531 3047 1876 3110 tollendam
1903 3049 1968 3110 in
1991 3049 2416 3128 productione
2447 3053 2722 3130 Spiritus
2758 3053 2958 3116 sancti
2980 3065 3076 3133 τῆς
3106 3065 3390 3136 δυαρχίας,
3417 3057 3686 3118 duorum

450 3151 920 3232 principiorum
950 3144 1356 3209 exstantium.
1385 3143 1556 3218 Quid
1593 3145 1766 3206 enim
1803 3145 1985 3208 vobis
2015 3145 2196 3209 aliud
2229 3150 2513 3228 suppetit
2544 3152 2914 3230 dicendum,
2942 3154 3068 3216 nisi
3092 3158 3166 3218 ad
3201 3157 3684 3234 multiplicanda

450 3251 798 3314 creationis
859 3247 1178 3328 principia
1211 3247 1365 3308 satis
1419 3247 1686 3308 minime
1739 3263 1910 3321 esse,
1943 3247 2118 3326 quod
2176 3249 2395 3328 pl‘u’res
2449 3260 2804 3330 operentur
2851 3273 3172 3333 personas;
3235 3259 3344 3320 sed
3390 3259 3679 3336 insuper,

451 3358 773 3429 oportere,
805 3349 980 3429 quod
1013 3355 1074 3410 et
1107 3347 1365 3421 virtute,
1405 3353 1466 3408 et
1489 3347 1740 3410 actione
1779 3347 2056 3423 diversa,
2089 3357 2150 3412 et
2177 3350 2418 3432 absque
2457 3353 2652 3417 unius
2675 3355 2753 3417 ab
2781 3356 2977 3419 altera
3025 3359 3482 3436 dependentia,
3517 3359 3677 3419 sub-

452 3451 860 3516 ordinatione
917 3449 1014 3512 vel
1059 3447 1286 3510 ordine
1311 3458 1659 3526 operentur
1699 3458 1759 3515 et
1793 3453 2026 3529 agant?
2051 3453 2300 3515 Eodem
2334 3455 2532 3533 igitur
2564 3465 2741 3534 pacto
2785 3467 2846 3521 et
2891 3476 3005 3522 nos
3037 3463 3526 3539 reSpondemus,
3561 3463 3682 3522 Pa-

453 3567 612 3619 trem
648 3560 708 3617 et
757 3551 995 3614 Filium
1047 3566 1176 3614 non
1233 3551 1501 3630 duplex,
1548 3553 1660 3613 sed
1720 3570 1913 3614 unum
1956 3571 2098 3617 esse
2146 3557 2543 3637 principium
2603 3561 2879 3639 Spiritus
2913 3562 3139 3638 sancti,
3171 3565 3324 3643 quia
3362 3564 3530 3626 sicut
3586 3571 3685 3626 est

443 3657 678 3721 eadem
724 3656 1067 3736 utriusque
1113 3665 1341 3718 natura
1384 3663 1445 3718 et
1502 3657 1809 3729 essentia,
1859 3657 1942 3718 ita
1988 3667 2050 3721 et
2107 3660 2328 3722 eadem
2382 3661 2711 3724 numerica
2747 3663 2969 3735 virtus,
3018 3671 3078 3725 et
3139 3665 3301 3726 actio
3344 3663 3685 3726 individua

451 3759 796 3838 utriusque
833 3775 992 3820 :seu
1029 3756 1182 3837 quia
1222 3757 1432 3819 Filius
1457 3755 1718 3818 nonnisi
1771 3757 2010 3821 virtute
2065 3759 2449 3838 actioneque
2499 3775 2534 3822 a
2571 3764 2752 3823 Patre
2783 3770 3031 3842 recepta
3076 3765 3373 3842 producit
3405 3785 3419 3823 :
3453 3771 3516 3826 et
3550 3781 3682 3826 non

451 3868 771 3941 quatenus
803 3858 1078 3924 refertur
1119 3859 1198 3921 ad
1230 3861 1473 3921 Patrem
1503 3858 1582 3919 ab
1612 3875 1822 3938 eoque
1853 3858 2311 3939 distinguitur;
2341 3860 2451 3922 sed
2483 3871 2804 3941 quatenus
2835 3883 3026 3924 unum
3056 3865 3357 3942 idemque
3390 3881 3532 3926 cum
3564 3864 3682 3926 illo

448 3968 574 4025 est.
617 3960 1173 4036 Quemadmodum
1205 3959 1402 4039 igitur
1433 3959 1516 4022 ob
1550 3960 1860 4038 rationem
1899 3959 2154 4022 allatam
2185 3976 2410 4022 omnes
2444 3972 2506 4024 et
2529 3962 2803 4042 singulae
2827 3963 3157 4025 Trinitatis
3187 3979 3477 4042 personm
3529 3971 3682 4025 sunt

445 4083 644 4129 unum
675 4060 1022 4126 creationis
1059 4060 1476 4141 principium,
1504 4076 1806 4138 unusque
1853 4075 2068 4122 rerum
2109 4059 2403 4122 omnium
2443 4071 2690 4143 κτιστὴς,
2727 4073 3008 4132 creator;
3051 4064 3134 4126 ita
3183 4073 3243 4125 et
3279 4065 3566 4128 eamdem
3599 4068 3682 4125 ob

440 4185 702 4234 causam
733 4171 918 4230 Pater
949 4172 1010 4228 et
1041 4165 1247 4226 Filius
1271 4170 1420 4226 sunt
1449 4165 1705 4225 unicum
1724 4163 2000 4243 Spiritus
2035 4165 2236 4227 sancti
2267 4166 2683 4246 principium,
2719 4173 3081 4247 unicusque
3114 4179 3428 4250 προϐολεὺς,
3465 4174 3677 4252 spira-

448 4281 551 4333 tor
577 4268 1125 4348 simplicissimus.
1157 4269 1276 4329 Res
1309 4283 1463 4330 sane
1501 4267 1840 4346 perspicua
1873 4273 1934 4330 et
1971 4268 2206 4347 cuique
2248 4269 2467 4348 pervia
2525 4279 2642 4332 est.
2688 4271 2899 4344 Quare
2953 4289 3071 4334 nos
3113 4275 3375 4338 minime
3432 4276 3673 4338 asseri-

445 4389 616 4448 mus,
643 4373 789 4436 ideo
821 4371 1130 4450 Spiritum
1153 4377 1438 4433 sanctum
1469 4371 1659 4432 etiam
1686 4386 1721 4431 a
1744 4369 1909 4432 Filio
1941 4373 2312 4449 procedere,
2337 4373 2489 4452 quia
2513 4373 2911 4451 imperfectus
2940 4392 3058 4438 seu
3083 4376 3453 4455 imperfecto
3487 4379 3675 4438 modo

448 4477 745 4554 procedat
776 4495 808 4539 a
840 4481 1022 4540 Patre
1051 4477 1250 4556 [quod
1281 4473 1508 4553 absit);
1547 4477 1658 4537 sed
1693 4475 1846 4556 quia
1882 4475 2003 4538 hoc
2048 4477 2213 4554 ipso,
2249 4477 2420 4555 quod
2476 4493 2510 4538 a
2558 4479 2737 4538 Patre
2799 4463 3110 4555 procedit,
3149 4497 3182 4542 a
3213 4480 3378 4542 Filio
3412 4497 3673 4560 quoque

445 4581 792 4657 procedere
826 4596 1162 4645 necessum
1188 4587 1321 4653 est;
1351 4596 1496 4642 cum
1530 4598 1658 4644 una
1690 4582 2045 4661 eademque
2098 4583 2302 4643 virtus
2366 4589 2428 4643 et
2492 4582 2680 4655 actio,
2715 4600 2843 4662 qua
2885 4585 3066 4647 Pater
3126 4586 3440 4663 producit,
3473 4596 3676 4649 exstet

443 4686 634 4746 etiam
673 4683 736 4742 in
772 4680 937 4740 Filio
961 4681 1424 4743 communicata
1475 4684 1552 4745 ab
1585 4684 1860 4762 ipsomet
1917 4686 2096 4745 Patre
2138 4705 2152 4744 :
2191 4683 2734 4762 quemadmodum
2764 4702 2864 4748 res
2915 4693 3165 4757 creatae,
3203 4703 3279 4748 eo
3308 4687 3449 4765 ipso
3499 4691 3670 4768 quod

446 4785 890 4864 producuntur
917 4799 952 4844 a
989 4784 1192 4859 Patre,
1225 4785 1416 4847 etiam
1439 4803 1473 4848 a
1497 4786 1665 4848 Filio
1696 4793 1756 4865 et
1787 4803 1823 4848 a
1851 4785 2096 4862 Spiritu
2125 4792 2346 4848 sancto
2379 4785 2813 4863 producantur
2843 4796 3108 4866 oportet,
3137 4805 3279 4850 cum
3308 4797 3557 4860 neuter,
3591 4793 3668 4851 ad

444 4887 564 4948 hoc
594 4883 765 4964 quod
826 4885 1074 4957 attinet,
1107 4893 1476 4947 secernatur
1515 4902 1549 4946 a
1590 4888 1795 4946 Patre.
1848 4884 2210 4946 Mirandum
2267 4901 2422 4947 sane
2461 4884 2826 4967 iterumque
2884 4887 3271 4959 mirandum,
3307 4889 3478 4967 quod
3534 4907 3664 4950 rem

442 4985 608 5048 adeo
638 4984 1039 5063 perspicuam
1072 4987 1588 5067 TheOphylactus
1623 5003 1750 5048 non
1779 4986 2039 5058 viderit,
2074 4988 2297 5068 sicque
2329 4990 2942 5067 argumentationem
2986 4990 3279 5052 instituat
3311 5009 3487 5054 num.
3527 4993 3599 5052 Vl
3640 5010 3654 5052 :

441 5097 505 5151 Et
542 5095 642 5164 μὲν
669 5091 763 5149 οὖν
788 5095 816 5147 ὁ
843 5094 972 5159 Υἱὸς
1002 5095 1096 5150 τοῦ
1129 5096 1443 5169 Πνεύματος
1472 5095 1664 5158 αἴτιος,
1696 5095 1789 5149 δύο
1821 5096 1990 5167 ἀρχαὶ
2021 5114 2047 5150 τ

2061 5097 2113 5151 οὗ
2147 5098 2284 5160 ἑνός.
2315 5091 2384 5151 Si
2412 5091 2620 5168 itaque
2642 5088 2850 5150 Filius
2880 5098 3105 5150 auctor
3132 5100 3221 5151 est
3250 5091 3432 5150 etiam
3459 5091 3667 5168 Spiri-

441 5183 803 5256 t‘ussancti,
834 5183 958 5244 duo
1013 5194 1164 5246 sunt
1213 5186 1403 5246 unius
1434 5201 1722 5262 personw
1751 5187 2099 5264 principia.
2136 5189 2210 5247 At
2241 5205 2432 5266 quem
2466 5188 2530 5250 in
2561 5193 2999 5250 transversum
3046 5205 3169 5250 non
3201 5197 3387 5268 agant
3433 5191 3667 5252 ﬁrmata

432 5291 564 5372 jam
601 5289 990 5370 praejudicia,
1023 5295 1083 5349 et
1114 5303 1345 5360 causae,
1372 5301 1516 5364 quae
1561 5295 2021 5365 prepugnatur,
2071 5289 2421 5368 iniquitas?
2453 5293 2562 5352 Est
2605 5306 2760 5352 vero
2792 5290 3250 5366 perridiculum
3283 5297 3458 5370 (pace
3511 5293 3662 5354 tanti

440 5393 560 5453 viri
603 5390 904 5468 dixerim)
935 5387 1108 5467 quod
1138 5385 1357 5446 subdit
1403 5406 1417 5446 :
1448 5384 1630 5458 Quod
1657 5395 1858 5446 autem
1886 5388 2180 5465 pluribus
2211 5390 2548 5468 principiis
2581 5408 2737 5469 opus
2769 5390 2948 5452 habet
2991 5389 3074 5452 ad
3101 5393 3541 5464 exsistendum,
3573 5393 3668 5453 vel

437 5496 638 5574 majus
665 5496 782 5554 erit
809 5512 875 5553 eo
905 5488 1070 5570 quod
1097 5507 1180 5550 ea:
1208 5505 1333 5547 uno
1365 5489 1686 5565 principio
1718 5488 1897 5569 habet
1927 5509 2076 5562 esse,
2110 5492 2202 5550 ret
2231 5492 2485 5570 (equote,
2519 5493 2614 5552 vel
2649 5494 2876 5554 minus.
2911 5493 3032 5556 Sed
3081 5492 3315 5573 cqualc
3341 5497 3502 5555 Iesse
3535 5515 3666 5556 non

436 5605 665 5673 potest,
700 5596 981 5674 alioquin
1008 5602 1162 5654 esset
1191 5591 1258 5655 id
1287 5609 1522 5670 quoque
1568 5610 1647 5652 ex
1672 5611 1799 5651 uno
1824 5595 2167 5671 principio.
2201 5596 2420 5655 Restat
2443 5594 2645 5671 igitur
2665 5605 2736 5656 ut
2772 5595 2970 5676 majus
2999 5596 3083 5656 sit
3123 5605 3240 5669 aut-
3269 5611 3496 5660 minus.
3534 5597 3668 5675 Igi-

435 5707 544 5759 tur
574 5696 756 5758 etiam
784 5695 1066 5775 Spiritus
1099 5702 1353 5758 sanctus
1383 5703 1493 5756 aut
1524 5695 1724 5770 major
1752 5691 1924 5754 Filio
1960 5697 2154 5757 erit...
2182 5702 2292 5756 aut
2323 5694 2548 5756 minor.
2587 5696 2745 5770 Quae
2789 5689 3276 5774 argumentandi
3336 5694 3491 5768 ratio
3537 5710 3665 5757 non
