4068 6210
339 391 446 456 ἇ65
1193 395 1277 459 ΙΝ
1315 398 1743 472 SEQUENTIA
1772 404 2348 469 THEOPIIYLACTI
2379 410 2715 473 SCRIPTA.
3477 416 3588 484 406

343 505 554 568 selum
593 508 805 608 peccat
829 503 898 566 in
935 519 1012 568 eo
1039 507 1212 608 quod
1238 510 1481 573 Patrem
1513 521 1574 576 et
1608 515 1848 576 Filium
1887 517 2018 580 duo
2051 535 2193 581 esse
2226 519 2538 600 principia
2588 522 2866 601 Spiritus
2896 524 3094 586 sancti
3122 525 3253 604 jam
3282 542 3572 608 prmsup—

233 697 241 704 ~
344 609 562 704 ponat,
596 602 706 665 sed
740 601 806 665 in
846 619 925 666 eo
959 606 1390 684 potissimum,
1419 613 1591 690 quod
1627 629 1752 676 non
1785 617 1941 677 satis
1976 618 2498 682 animadverterit
2529 621 3072 702 TheOpbylactus,
3108 601 3586 701 processionem

342 702 626 782 Spiritus
667 704 869 766 sancti
909 721 943 767 ο
974 706 1225 771 duabus
1250 713 1548 787 personis
1577 731 1704 776 non
1738 734 1816 779 ex
1847 719 2064 800 aliqua
2098 720 2279 783 illius
2313 722 2674 801 indigentia
2712 724 3054 801 proficisci,
3082 725 3196 786 sed
3222 742 3303 787 ex
3336 728 3580 790 unitate

344 811 538 904 atque
569 803 905 869 identitate
931 807 1188 872 virtutis
1219 814 1571 877 etactionis
1603 818 1932 895 spirantis,
1964 838 2106 900 qum
2134 822 2201 885 in
2261 830 2533 902 utraque
2565 840 2842 903 persona
2894 832 3023 900 est;
3062 844 3253 904 quam
3319 827 3400 890 ob
3456 846 3589 891 rem

345 903 504 964 oriri
547 919 674 965 non
706 913 914 983 potest
947 924 982 969 a
1012 910 1191 972 Patre
1222 915 1382 991 quin
1411 918 1602 980 simul
1639 919 1884 984 oriatur
1917 942 1952 986 a
1992 926 2179 997 Filio,
2212 926 2753 1004 quemadmodum
2793 929 2993 990 creari
3030 903 3310 992 mundus
3341 948 3376 993 a
3413 934 3590 993 Patre

347 1024 476 1112 rion
513 1011 901 1112 potuitquin
932 1021 994 1076 et
1025 1018 1163 1079 alim
1196 1036 1490 1097 personae
1519 1041 1984 1095 concurrerent
2040 1035 2106 1095 in
2155 1032 2570 1094 creationem.
2625 1032 2746 1094 Sed
2795 1032 2969 1111 piget
3027 1031 3095 1092 in
3141 1031 3266 1107 his,
3303 1036 3448 1112 quae
3493 1036 3592 1095 vel

344 1108 514 1188 ipsis
545 1110 885 1191 tbeologim
911 1116 1233 1183 tironibus
1267 1123 1589 1202 explorata
1621 1139 1792 1203 sunt,
1831 1133 2074 1196 diutius
2121 1134 2476 1199 immorari.

430 1212 1395 1314 XXXVIII-Quemadmodum
1445 1240 1635 1300 porro
1688 1229 1878 1291 nihili
1947 1232 2240 1296 facienda
2292 1245 2411 1309 est,
2441 1235 2517 1297 ad
2567 1235 2688 1295 hoc
2725 1233 2899 1314 quod
2949 1233 3196 1306 attinet,
3249 1233 3592 1295 auctoritas

346 1308 838 1420 '_l.‘he0phj:lacti,
873 1321 1092 1390 utpote
1125 1317 1587 1420 infirmissimis
1626 1333 2025 1407 argumentis
2067 1333 2301 1409 innixi,
2337 1308 2423 1396 ita
2464 1308 2788 1414 probanda
2839 1335 3022 1396 illius
3055 1332 3260 1395 animi
3295 1334 3592 1394 modera-

347 1410 470 1514 tio,
497 1410 664 1514 quod
700 1427 734 1473 a
773 1430 1044 1514 censura
1077 1417 1363 1496 qualibet
1399 1421 1787 1502 disputando
1818 1429 2243 1503 abstinuerit;
2302 1410 2481 1495 cum—
2504 1451 2584 1496 ex
2641 1433 2975 1496 Photianis
3021 1431 3225 1514 aliqui
3285 1438 3588 1510 tanquam

345 1509 720 1585 hcereticam,
745 1513 857 1574 alii
893 1523 962 1576 ut
997 1516 1414 1597 blasphemam
1442 1524 1510 1586 in
1533 1526 1847 1606 Spiritum
1871 1542 2157 1594 sanctum
2195 1536 2528 1596 traducere
2554 1535 2927 1596 Latinorum
2961 1509 3367 1603 sententiam,
3402 1539 3594 1609 atque

351 1611 521 1713 adeo
545 1613 772 1692 dogma
796 1618 1206 1694 catholicum,
1243 1637 1368 1683 non
1410 1638 1772 1704 vereantur,
1809 1640 1878 1693 ut
1923 1632 2320 1697 furibundus
2354 1635 2464 1697 ille
2511 1634 2902 1713 symphanla
2942 1631 3347 1709 Ephrmmus.
3381 1630 3594 1689 Theo-

353 1710 692 1789 phylactus
718 1723 935 1777 contra
969 1717 1224 1780 videtur
1257 1729 1323 1782 ut
1354 1723 1576 1786 falsam
1611 1733 2053 1792 tantummodo
2080 1733 2460 1809 Opinionem
2497 1710 2684 1810 queis
2719 1736 2925 1807 potest
2974 1728 3371 1803 argumentis
3405 1723 3595 1788 refel-

349 1810 506 1873 lere.
539 1813 706 1874 Hinc
736 1831 911 1876 num.
949 1818 1028 1877 III
1061 1827 1120 1878 τὸ
1149 1829 1404 1897 μέγιστον
1426 1833 1671 1888 Λατίνιον
1700 1838 1946 1908 σφάλμα,

1990 1834 2326 1894 maximum
2379 1833 2744 1892 Latinorum
2774 1847 3049 1890 errorem
3073 1829 3261 1890 docet
3294 1845 3435 1888 esse
3471 1842 3596 1887 non

347 1913 581 1988 ipsam,
613 1931 804 1989 quam
867 1924 1144 1992 tuemur,
1197 1925 1603 1999 sententiam,
1654 1929 1767 1989 sed
1829 1937 1928 2009 τὴν

1994 1956 2018 1992 ν
2051 1939 2131 2009 τῷ
2160 1944 2399 2004 πίστεως
2429 1941 2689 2011 Συμϐόλῳ
2721 1939 3099 2010 καινοτομίαν,
3166 1930 3478 1990 invectam
3530 1926 3600 1987 in

347 2020 498 2098 ﬁdei
521 2023 881 2101 Symbolum
914 2025 1402 2103 innovationem,
1431 2048 1548 2093 seu
1579 2034 1974 2096 additionem
2009 2038 2358 2115 particulae,
2390 2039 2718 2116 Filioque;
2750 2044 2812 2099 et
2843 2052 3020 2098 num.
3051 2035 3205 2096 XIII
3239 2033 3305 2094 in
3354 2029 3599 2108 placitis
3705 2065 3710 2070 ι

354 2127 721 2188 Latinorum
756 2127 931 2190 velut
953 2139 1050 2209 τὴν
1078 2142 1351 2214 πατρίκην
1383 2145 1564 2200 πίστιν
1590 2148 1837 2212 σαλεῦον,
1868 2139 1960 2219 ᾕάπ

1996 2160 2050 2200 m
2107 2143 2472 2202 concutiens
2508 2141 2618 2202 SS.
2651 2141 2938 2215 Patrum,
2973 2138 3184 2199 solum
3236 2136 3421 2196 affert
3453 2143 3516 2195 τὸ
3545 2145 3602 2194 ὲν

352 2236 434 2306 τῷ
455 2238 714 2309 Συμὸὁλῳ
746 2242 873 2310 περὶ
909 2243 1004 2296 τοῦ
1045 2243 1228 2313 Ἀγίου
1259 2249 1573 2319 Πνεύματος
1608 2253 1958 2324 προστιθέμεκ

1997 2272 2051 2316 ιν,
2079 2245 2165 2318 id,
2194 2244 2359 2324 quod
2384 2244 2456 2304 de
2470 2245 2722 2323 Spiritu
2747 2251 2960 2303 sancto
2985 2239 3294 2320 adjectum
3320 2245 3406 2296 est
3426 2238 3603 2314 Sym-

351 2328 520 2392 boio.
560 2331 652 2392 Ad
727 2333 895 2395 hunc
921 2345 1132 2399 autem
1193 2357 1465 2402 errorem
1511 2342 1886 2406 Latinorum
1924 2348 2266 2409 maximum
2331 2345 2799 2425 proﬂigandam
2839 2360 2966 2405 non
2994 2341 3121 2403 alio
3152 2338 3355 2400 utitur
3403 2353 3598 2413 argu-

354 2437 595 2505 mento,
644 2450 834 2512 quam
895 2435 1013 2500 boc
1053 2461 1068 2498 :
1110 2448 1204 2502 Δεῖ
1235 2451 1292 2503 δὲ
1321 2451 1574 2508 εἷναιτοΰ
1608 2457 1800 2510 πιστοῦ
1830 2458 1890 2510 τὺ
1922 2458 2197 2526 σύμϐολον
2233 2457 2414 2528 πάσης
2449 2455 2838 2526 ἁπηλαγμένον
2863 2451 3292 2522 περιποιήσεως,
3337 2439 3600 2518 Ορονεει

354 2530 519 2590 enim
545 2533 746 2610 ﬁdelis
771 2539 1113 2616 symbolum
1144 2543 1414 2605 immune
1448 2564 1577 2605 esse
1621 2547 1695 2608 ab
1729 2549 1896 2610 omni
1923 2549 2384 2610 adulteratione
2415 2557 2472 2610 et
2510 2542 3089 2625 corruptione.,Sed
3124 2542 3202 2603 ad
3233 2541 3352 2602 hoc
3385 2536 3602 2600 facilis

358 2632 705 2706 responsio
745 2644 859 2710 est,
896 2655 1107 2718 neque
1140 2639 1710 2721 TheOphylactum,
1745 2646 1894 2709 licet
1925 2649 2053 2710 acri
2085 2647 2348 2725 ingenio
2374 2647 2737 2724 prmditum,
2777 2642 3107 2722 probasse,
3150 2658 3364 2720 neque
3396 2639 3598 2701 alium

355 2732 725 2808 quempiam
759 2753 902 2798 esse
932 2755 1211 2817 unquam
1244 2743 1682 2820 probaturum,
1717 2745 1938 2808 falsam
1980 2764 2125 2808 esse
2190 2747 2559 2808 Latinorum
2614 2743 2968 2807 doctrinam
3023 2743 3236 2818 quoad
3321 2738 3602 2817 Spiritus

355 2827 561 2888 sancti
592 2831 782 2893 etiam
819 2850 854 2895 a
884 2837 1051 2899 Filio
1083 2843 1587 2918 processionem.
1612 2848 1754 2921 Quo
1778 2845 2148 2926 igiturjure
2187 2864 2300 2925 per
2326 2845 2733 2907 additionem.
2772 2837 2956 2905 vocis
2994 2840 3282 2918 Filioque
3318 2837 3446 2900 dici
3477 2851 3595 2915 po-

357 2928 511 2988 terit
541 2930 912 3007 Symbolum
961 2939 1384 3004 adulteratam
1415 2945 1552 3008 sive
1609 2949 2026 3026 corruptum?
2059 2948 2368 3008 Caeterum
2427 2947 2506 3008 de
2539 2943 2881 3024 Ephesium
2939 2941 3176 3022 synodi
3219 2937 3588 3008 interdicto,

359 3027 539 3102 quod
568 3032 728 3093 adeo
761 3034 1048 3112 jactitant
1079 3039 1397 3118 Photiani,
1426 3052 1488 3106 et
1523 3063 1637 3124 pro
1668 3062 1797 3126 quo
1834 3055 1958 3108 tam
1989 3047 2150 3108 altos
2176 3046 2486 3107 clamores
2519 3043 2717 3117 cient,
2749 3059 2881 3121 quo
2911 3056 3146 3119 nempe
3181 3038 3450 3101 vetitum
3476 3051 3603 3112 pu-

357 3133 520 3200 tant,
564 3144 641 3189 ne
671 3133 1022 3213 quidquam
1055 3139 1356 3218 Symbolo
1384 3145 1481 3207 vel
1517 3146 1773 3225 majoris
1799 3148 2047 3209 tantum
2085 3145 2538 3225 explicationis
2559 3144 2759 3223 gratia
2788 3143 3132 3204 adderetur
3178 3137 3389 3220 (quasi
3451 3149 3603 3197 vero

364 3226 462 3286 vel
491 3226 606 3290 hac
638 3230 849 3292 solum
881 3235 960 3295 de
990 3253 1179 3300 causa
1212 3241 1560 3320 rejicienda
1585 3253 1754 3308 esset
1787 3253 1856 3307 ut
1886 3245 2087 3324 impia
2135 3251 2328 3322 atque
2357 3242 2693 3321 illegitima
2725 3245 3092 3302 memoratm
3125 3233 3457 3315 particulae
3488 3233 3606 3293 ad-

360 3325 574 3403 ditio),
610 3330 858 3391 nullum
890 3333 1408 3416 TheOpbylaclus
1443 3342 1702 3404 verbum
1729 3341 1913 3416 facit;
1954 3343 2128 3421 quod
2172 3340 2325 3402 mihi
2359 3344 2738 3417 argumento
2766 3334 3282 3398 luculentissimo
3315 3337 3434 3403 est,
3471 3346 3606 3406 per-

362 3445 631 3490 suasum
657 3430 753 3490 illi
783 3432 1011 3509 fuisse,
1035 3435 1445 3501 interdictum
1472 3441 1870 3517 Ephesinum
1902 3458 2044 3502 esse
2075 3439 2288 3513 aliter,
2318 3445 2510 3517 atque
2534 3454 2567 3498 a
2597 3435 2921 3497 Photianis
2951 3434 3210 3505 assolet,
3240 3429 3607 3507 intelligen-

361 3524 521 3585 dum
563 3547 578 3584 :
611 3530 901 3609 adeoque
926 3532 1295 3598 nullatenus
1329 3537 1690 3616 improbare
1744 3539 2164 3608 additionem,
2202 3539 2268 3599 in
2305 3554 2499 3616 quam
2556 3534 2653 3595 illi
2689 3535 2850 3596 adeo
2914 3532 3333 3593 conclamant.
3367 3532 3486 3594 Sed
3525 3531 3605 3592 de

363 3623 483 3687 bac
517 3627 755 3689 celebri
780 3629 1178 3693 Allocutione
1202 3651 1280 3696 ne
1307 3636 1509 3714 plura.
1549 3637 1884 3718 Quidquid
1923 3634 2639 3714 enimTheOpbylactus
2675 3633 2968 3710 adjungit
2999 3631 3096 3693 vel
3135 3638 3351 3692 contra
3386 3630 3603 3709 legiti-

364 3742 545 3787 mum
604 3744 974 3805 azymorum
1005 3748 1195 3793 usum
1224 3734 1288 3795 in
1325 3735 1736 3798 Eucharistim
1765 3735 2192 3806 confectione,
2227 3733 2326 3796 vel
2353 3739 2570 3794 contra
2603 3729 2974 3791 Latinorum
2993 3727 3318 3806 jejunium
3350 3728 3416 3792 in
3457 3728 3608 3790 Sab-

365 3825 536 3898 bato,
571 3825 824 3888 abunde
850 3829 1112 3891 refutata
1140 3832 1264 3907 jam
1291 3832 1484 3895 babes
1526 3837 1591 3895 in
1628 3837 1863 3912 praevia
1891 3833 2392 3898 Dissertatione:
2431 3841 2850 3908 praeterquam
2873 3827 3047 3906 quod
3075 3827 3604 3906 .TheOphylactus

367 3925 510 4000 ipse
541 3923 799 3998 fatetur,
839 3927 968 3988 duo
993 3928 1124 3989 haec
1159 3930 1313 3990 tanti
1369 3931 1678 3993 momenti
1741 3947 1870 3992 non
1902 3947 2068 4004 esse,
2095 3938 2163 3990 ut
2195 3927 2457 3990 Latinos
2508 3925 2678 3986 inter
2702 3931 2764 3986 et
2799 3925 3049 3986 Graacos
3081 3923 3352 3987 dissidia
3387 3937 3606 4000 parere

367 4022 670 4100 debeant,
718 4029 1050 4108 multoque
1087 4030 1304 4092 minus
1331 4031 1527 4092 unius
1565 4030 1862 4094 Ecclesia;
1891 4031 1969 4092 ab
2011 4029 2208 4092 altera
2240 4027 2735 4107 separationem.

1759 4171 2042 4234 SECTIO
2064 4170 2225 4230 VIII.

954 4314 1041 4373 De
1083 4313 1489 4375 Institutione
1517 4314 1713 4392 regia,
1744 4312 1826 4374 ad
1857 4312 2341 4375 Constantinum
2371 4313 3016 4395 Porphyrogeuitum.

450 4439 751 4502 XXXIX.
789 4437 1257 4499 Allocutionem
1284 4439 1361 4499 de
1396 4439 1501 4514 iis,
1532 4456 1694 4518 quos
1726 4441 1925 4502 Grmci
1961 4439 2202 4501 Latinis
2256 4439 2590 4520 aﬂingunt,
2624 4438 2953 4502 erroribus
2992 4437 3230 4515 excipit
3281 4439 3607 4498 Institutio

365 4543 549 4621 regia
580 4540 662 4600 ad
687 4541 1161 4602 Constantinum
1181 4541 1822 4622 Porphyrogcnitum,
1861 4544 2265 4623 imperatoris
2298 4546 2490 4607 Ducae
2512 4547 2618 4621 IV,
2641 4551 2701 4606 et
2729 4541 2946 4605 Maria;
2973 4557 3053 4601 ex
3085 4540 3309 4602 Iberim
3346 4540 3609 4616 regibus

369 4651 696 4720 prognata:
728 4640 955 4702 filium.
991 4642 1334 4719 Egregium
1369 4658 1520 4703 sane
1553 4658 1742 4721 Opus,
1770 4650 1832 4704 et
1856 4641 2317 4721 TheOphylacti
2354 4640 3047 4721 ingenio,eruditione
3075 4655 3147 4701 ac
3177 4640 3490 4718 sapientia
3517 4640 3612 4700 di-

370 4759 602 4821 gnum.
638 4744 931 4804 Divisum
954 4751 1048 4804 cst
1074 4743 1138 4803 in
1171 4749 1380 4820 partes
1412 4743 1609 4816 duas;
1641 4761 1912 4822 quarum
1935 4744 2133 4806 altera
2167 4745 2236 4804 in
2269 4745 2482 4805 Marim
2514 4744 2937 4820 imperatricis
2971 4740 3226 4807 eximiis
3245 4742 3444 4803 animi
3490 4743 3609 4802 do-

369 4843 577 4914 tibus,
611 4842 904 4920 regiique
932 4842 1114 4920 pueri
1142 4858 1286 4903 cum
1319 4843 1540 4916 animi,
1579 4851 1708 4904 tum
1745 4843 1933 4904 etiam
1966 4844 2254 4921 corporis
2283 4841 2689 4921 exponendis
2728 4843 3249 4918 extollendisqbe
3286 4856 3609 4919 praeroga-

371 4943 525 5002 tivis
563 4951 685 5003 tota
719 4951 841 5003 est.
875 4942 1088 5002 Altera
1121 4957 1272 5003 vero
1306 4941 1528 5014 multa,
1567 4960 1768 5021 caque
1805 4944 2285 5021 sapientissima
2320 4949 2643 5020 prmcepta.
2666 4941 3132 5018 complectitur,
3175 4941 3360 5020 queis
3392 4941 3607 5000 Theo-

371 5044 715 5123 phylactus
763 5045 904 5122 ipse
963 5044 1477 5117 Constantinum,
1515 5045 1702 5124 cujus
1758 5053 2108 5125 prmceptor
2149 5052 2306 5114 erat,
2343 5046 2418 5108 ad
2476 5045 2639 5106 bene
2704 5043 3110 5123 feliciterque
3164 5042 3608 5121 imperandum

369 5141 682 5203 instituit.
710 5144 778 5202 Et
812 5158 964 5202 sane
989 5141 1054 5201 in
1087 5140 1203 5206 hac
1235 5151 1408 5221 parte
1464 5144 1942 5206 absolutissima
1978 5146 2238 5208 functus
2278 5161 2400 5209 suo
2462 5162 2730 5205 munere
2783 5151 2880 5205 est
2916 5165 2930 5204 :
2963 5136 3511 5224 quemadmodum
3547 5141 3607 5200 in

371 5243 493 5304 alia
529 5242 744 5328 priore
785 5243 1007 5303 diserti
1039 5245 1334 5318 oratoris,
1362 5245 1627 5308 fortasse
1661 5256 1720 5307 et
1755 5247 1941 5324 periti
1975 5249 2172 5310 aulici
2204 5255 2412 5325 partes
2441 5247 2712 5308 solerter
2748 5247 3051 5325 explevit.
3089 5246 3404 5308 Libellum
3439 5244 3610 5303 hunc

373 5362 452 5406 ex
480 5339 871 5406 bibliotheca
906 5347 1600 5410 Florentino-Medicea
1617 5349 1861 5426 primus
1882 5350 2049 5412 eruit
2073 5348 2487 5411 doctissimus
2525 5350 2885 5428 Grecamque
2915 5348 3148 5426 linguae
3178 5341 3611 5424 peritissimus

371 5445 602 5507 Petrus
636 5444 967 5516 Pessinus,
1003 5445 1256 5522 inclytae
1288 5446 1622 5507 Societatis
1681 5449 1835 5507 Jesu
1869 5447 2172 5509 alumnus
2210 5455 2270 5508 et
2302 5454 2791 5513 ornamentum;
2827 5460 3108 5522 eumque
3135 5439 3427 5500 libellum
3462 5440 3606 5515 epi-

374 5545 538 5606 stola
572 5545 719 5606 data
739 5546 950 5605 Romae
979 5559 1147 5604 anno
1177 5544 1745 5626 (utvulgodicitur)
1776 5555 1993 5607 sancto
2025 5547 2206 5620 1650,
2244 5545 2571 5607 Ludovico
2605 5544 2772 5616 XIV,
2795 5541 3016 5604 Gallim
3037 5546 3101 5600 et
3131 5541 3421 5599 Navarrm
3446 5538 3606 5613 regi,

376 5653 506 5706 tum
540 5647 755 5708 adhuc
789 5647 1205 5721 adolescenti,
1236 5656 1295 5709 et
1325 5648 1446 5710 sub
1479 5647 1696 5710 matris
1731 5648 1926 5711 tutela
1956 5665 2226 5726 regnum
2274 5644 2770 5718 administranti,
2805 5639 3222 5718 nuncupavit,
3248 5655 3316 5702 ea
3347 5655 3610 5716 praeser—

381 5749 486 5812 tim
525 5751 622 5830 (ut
655 5750 794 5832 ipse
827 5750 1114 5835 testatur)
1147 5752 1388 5814 ratione
1427 5753 1683 5828 ductus,
1718 5754 1888 5830 quod
1925 5753 1990 5814 in
2039 5752 2154 5816 hac
2191 5750 2403 5829 Opella
2439 5746 2716 5810 describi
2751 5745 2825 5809 ad
2859 5743 3168 5808 amussim
3219 5751 3280 5808 et
3307 5741 3608 5823 graphice
