4068 6210
427 312 536 378 469
1275 320 1356 380 ΙΝ
1383 322 1811 394 SEQUENTIA
1843 329 1946 388 'I'H
1957 331 2033 390 EC

2063 334 2424 398 PHYLACTI
2472 340 2782 402 SCRIPTA
2797 388 2815 404 .
3564 349 3669 414 470

432 425 558 486 hita
591 423 825 488 fuisset
855 426 1072 492 isthmc
1107 431 1336 509 oratio,
1390 453 1538 514 quae
1575 455 1771 517 supra
1817 445 2179 520 attulimus,
2237 450 2486 510 nullum
2524 454 2855 532 negotium
2900 454 3288 520 facesserent
3320 482 3334 521 :
3369 477 3514 523 nam
3553 463 3673 524 ali-

426 527 688 604 quando
721 543 798 590 eo
832 545 1099 594 munere
1127 530 1445 609 functum,
1477 553 1619 600 cum
1658 557 1737 602 ex
1771 544 1921 606 aliis
1956 551 2412 623 monumentis,
2449 558 2580 614 tum
2617 559 2967 632 praisertim
2999 575 3076 620 ex
3113 562 3394 623 secunda
3426 580 3502 623 ex
3534 564 3674 642 epi-

428 624 618 687 stolis
657 627 792 689 illis
824 629 1084 709 viginti,
1117 650 1278 713 quas
1312 652 1483 698 nunc
1509 639 1786 716 primum
1833 647 1897 706 in
1938 645 2150 710 lucem
2180 651 2559 728 emittimus,
2606 656 2761 717 satis
2797 658 3124 736 explorata
3169 676 3270 720 res
3321 670 3418 722 est
3441 662 3549 740 (a).
3591 665 3671 726 At

423 723 911 804 Theophylacto
937 731 1072 810 jam
1108 739 1498 815 senescenti,
1533 748 1594 802 et
1622 759 1654 803 a
1692 743 1992 821 pluribus
2023 751 2210 810 annis
2242 752 2663 830 amplissima)
2717 758 3019 820 Ecclesim
3062 761 3364 839 regimini
3415 764 3668 827 addicto

427 840 614 900 quam
652 846 872 907 parum
904 833 1025 895 ista
1065 837 1478 912 conveniant,
1522 856 1712 902 nemo
1754 860 1880 906 non
1918 846 2114 910 videt.
2155 849 2326 912 Alias
2360 870 2510 914 vero
2533 855 2829 916 Encomii
2865 856 3059 936 hujus
3091 865 3415 923 auctorem
3447 866 3666 943 sophi-

423 931 534 982 site
561 935 624 986 et
657 928 1041 994 scholaer
1071 952 1306 997 munus
1339 939 1567 1001 eodem
1601 950 1913 1022 tempore,
1957 964 2088 1025 quo
2139 949 2299 1011 illud
2341 953 2594 1030 publice
2637 958 2946 1035 recitavit,
2996 963 3396 1031 exercuisse.
3448 975 3665 1041 aperte

422 1020 756 1102 colligitur
783 1028 935 1106 (nisi
970 1047 1108 1092 mea
1143 1049 1240 1094 me
1270 1034 1434 1096 fallit
1465 1039 1715 1121 opinio)
1740 1020 1827 1103 ex
1859 1020 2071 1108 verbis
2104 1047 2284 1110 illius
2323 1020 2688 1128 postremis,
2723 1020 2965 1135 quibus
2996 1078 3152 1126 suos
3185 1063 3272 1124 ita
3305 1020 3664 1144 discipulos

419 1119 665 1197 ipsum,
696 1132 761 1186 ut
792 1127 1077 1204 videtur,
1103 1131 1592 1200 circumstantes
1619 1119 1974 1220 alloquitur
2008 1164 2024 1206 :
2065 1148 2148 1209 At
2177 1119 2334 1211 vero
2358 1171 2468 1231 ego
2500 1119 2770 1235 quidem,
2803 1180 2836 1221 ο
2870 1168 3080 1242 pueri,
3127 1163 3346 1226 debitae
3389 1119 3661 1245 impera-

419 1227 551 1286 tori
571 1236 792 1287 τιοείνο
822 1233 1046 1309 fausta:
1067 1241 1456 1313 precationis
1487 1261 1559 1304 ac
1591 1244 1798 1307 laudis
1829 1249 1962 1309 tela:
1993 1261 2231 1314 stamen
2247 1227 2603 1337 jamvposui
2621 1282 2641 1329 ;
2663 1227 2772 1323 vos
2804 1227 3160 1344 su‘btegnien
3209 1227 3488 1349 adjicite:
3527 1270 3662 1348 Ego

420 1324 599 1386 vobis
655 1337 850 1388 artem
887 1341 1258 1410 monstravi,
1309 1358 1430 1419 qua
1461 1341 1811 1421 elegantius
1855 1349 2036 1427 picta
2063 1324 2624 1436 atquevper/tectior
2665 1362 2790 1421 tela
2831 1324 3315 1440 ﬁathasterum
3366 1367 3487 1432 etsi
3533 1324 3664 1429 lith

416 1429 635 1489 omnia
684 1433 1125 1508 suspicionem
1158 1438 1442 1518 aliquam
1496 1443 1793 1522 ingerere
1827 1449 2080 1526 possint
2129 1453 2208 1514 de
2242 1472 2546 1534 germano
2595 1464 2908 1526 orationis
2949 1465 3144 1546 hujus
3175 1474 3469 1541 auctore,
3513 1467 3660 1546 jure

417 1533 627 1589 tamen
665 1529 1128 1608 impedimento
1188 1540 1375 1601 nobis
1431 1558 1574 1605 esse
1629 1562 1758 1607 non
1796 1548 2053 1625 debent,
2108 1557 2458 1632 quominus
2495 1560 2560 1621 in
2609 1560 2728 1623 hoc
2781 1529 3110 1626 volumine
3165 1583 3290 1627 una
3341 1583 3483 1627 cum
3520 1566 3659 1626 aliis

417 1626 874 1710 'l‘heOphylacti
914 1638 1218 1714 Operibus
1266 1641 1487 1704 edatur
1554 1665 1569 1704 :
1610 1647 1929 1710 malumus
1978 1653 2149 1713 enim
2200 1653 2511 1719 incertum
2551 1659 2646 1719 illi
2699 1661 2898 1724 fetum
2926 1664 3227 1740 [tribuere
3266 1681 3456 1743 quam
3497 1663 3658 1726 forte

416 1724 782 1806 legitimum
815 1734 1176 1800 detrahere.
2927 1724 2937 1740 -
3053 1724 3057 1725 ν
3137 1724 3142 1725 κ
3209 1724 3218 1726 τ
3277 1724 3306 1743 ι
3599 1768 3603 1772 η

1817 1891 2105 1953 SECTIO
2165 1898 2247 1956 X.
2320 1983 2332 1996 ἡ

1025 2047 1112 2107 De
1137 2047 1446 2127 Epistolis
1474 2055 1703 2134 viginti
1724 2075 1938 2117 recens
1971 2062 2170 2122 erutis
2203 2081 2282 2123 ea:
2312 2063 2688 2128 bibliotheca
2724 2067 3044 2130 Vaticana.

496 2181 688 2244 XLII.
722 2185 1140 2252 Solertissimi
1171 2194 1473 2256 editionis
1510 2197 1703 2276 hujus
1726 2208 2052 2264 curatores
2104 2221 2247 2266 cum
2283 2207 2585 2282 epistolas
2633 2211 2942 2289 quasdam
2981 2212 3260 2274 ineditas
3311 2214 3658 2294 TheOphy-

416 2274 561 2341 lacti
599 2287 800 2348 nostri
835 2287 897 2348 in
934 2288 1323 2356 bibliotheca
1364 2274 1662 2359 Vaticana
1691 2299 1884 2361 latere
1911 2302 2341 2378 inaudissent,
2374 2322 2481 2367 eas
2514 2307 2641 2368 sibi
2676 2310 3108 2385 procurandas
3155 2313 3420 2374 omnino
3471 2321 3658 2391 puta-

412 2385 588 2453 runt,
623 2398 700 2442 ne
736 2383 865 2445 ulla
895 2403 970 2445 ex
1007 2399 1180 2462 parte
1231 2391 1564 2455 imminuta
1622 2397 1904 2471 prodiret
1951 2416 2230 2475 praesens
2267 2401 2492 2464 editio.
2532 2383 2687 2466 Voti
2717 2415 3044 2485 compotes
3077 2410 3287 2472 etl‘ecti
3318 2383 3502 2474 fuere
3531 2411 3657 2474 hu-

412 2479 711 2542 manitate
755 2501 1002 2547 summa
1035 2488 1438 2554 celeberrimi
1475 2494 1592 2554 viri
1623 2497 1882 2572 Josephi
1918 2499 2145 2560 Evodii
2173 2502 2536 2576 Assemani,
2567 2479 2877 2588 ejusdem
2894 2505 3303 2570 bibliothecas
3346 2509 3651 2592 praefecti,

413 2579 530 2654 qui
567 2581 792 2658 viginti
827 2586 1128 2671 epistolas
1161 2609 1240 2651 ex
1272 2592 1572 2669 pluribus
1604 2595 1902 2658 collectas
1934 2599 2291 2676 codicibus,
2313 2610 2508 2680 atque
2538 2579 2782 2683 optimo
2814 2580 3179 2671 charactere
3205 2579 3499 2674 exaratas
3527 2579 3654 2674 huc

421 2677 622 2751 misit,
659 2691 726 2743 ut
757 2701 790 2745 a
827 2687 1012 2748 nobis
1064 2690 1572 2765 producerentur
1611 2693 1676 2756 in
1712 2695 1944 2757 lucem.
1995 2699 2115 2758 Eas
2154 2699 2366 2778 reipsa
2399 2677 2614 2765 fuisse
2643 2719 2678 2765 a
2709 2703 3190 2785 Theophylacto
3235 2710 3654 2789 conscriptas,

413 2776 636 2838 nullus
685 2799 824 2845 esse
862 2786 1116 2849 videtur
1166 2789 1532 2868 ambigendi
1574 2791 1790 2867 locus;
1821 2810 1963 2855 cum
1997 2802 2058 2856 et
2097 2776 2340 2860 diserte
2391 2800 2730 2878 praeferant
2779 2776 3245 2882 Theophylacti
3297 2776 3559 2879 nomen,
3592 2776 3654 2869 et

411 2882 709 2942 eumdem
747 2888 984 2964 stylum
1025 2891 1414 2970 easdemque
1445 2891 1644 2956 ferme
1678 2911 1803 2968 res,
1839 2911 1999 2975 quas
2031 2896 2174 2959 alim
2203 2902 2333 2976 jam
2359 2899 2572 2977 editae,
2603 2903 2996 2966 contineant.
3029 2905 3242 2979 Quare
3276 2907 3370 2968 nil
3427 2907 3657 2968 dubito

412 2984 766 3058 quominus
821 2988 1056 3053 futuras
1098 2994 1227 3054 sint
1274 2995 1522 3056 Lectori
1562 2998 1958 3074 gratissimm.
1994 3001 2313 3062 Peculiari
2365 3009 2574 3065 tamen
2617 3005 2942 3082 voluptate
2990 3023 3140 3070 eum
3192 3023 3478 3086 auguror
3515 3007 3655 3070 alli-

411 3088 710 3151 ciendum
747 3109 822 3153 ex
857 3096 1151 3172 epistolis
1183 3097 1430 3159 decima
1460 3099 2014 3175 septima,decima
2045 3112 2290 3177 octava,
2334 3111 2396 3165 et
2425 3105 2677 3168 decima
2713 3122 2906 3181 nona,
2941 3124 3087 3186 qua:
3123 3109 3413 3171 eamdem
3441 3107 3652 3172 conti-

411 3206 612 3250 nuare
644 3193 878 3255 seriem
911 3197 1214 3258 videntur
1243 3216 1386 3260 cum
1418 3201 1739 3263 tricesima
1785 3203 2070 3264 secunda
2101 3221 2177 3264 ex
2210 3204 2404 3264 editis
2437 3220 2470 3265 a
2511 3205 2798 3268 Meursio
2827 3226 2842 3266 :
2876 3207 2986 3269 ubi
3014 3215 3077 3270 et
3100 3207 3652 3288 TheOphylaclum

409 3291 762 3368 perspicies
788 3299 1230 3360 auctoritatem
1265 3317 1444 3361 suam
1479 3302 1545 3362 in
1569 3304 1948 3379 episcopum
1983 3303 2319 3364 Triaditzae
2349 3312 2780 3380 exercentem,
2815 3323 2960 3369 cum
2993 3307 3386 3372 humanitate
3419 3315 3652 3384 tamen,

412 3408 560 3483 quia
597 3394 897 3457 Ecclesiae
928 3400 1280 3462 antistitem
1309 3403 1516 3476 decet,
1553 3405 1991 3482 coniunctam.
2021 3405 2105 3464 Ex
2140 3405 2423 3465 secunda
2459 3420 2611 3466 vero
2636 3405 2938 3484 inscripta
2966 3407 3205 3469 Joanni
3233 3407 3489 3469 Sebasto
3514 3409 3654 3470 Au-

417 3473 618 3564 gusta?
661 3497 880 3572 fratri,
932 3498 1396 3575 deprehendet,
1444 3473 1610 3561 haud
1671 3473 1916 3562 certum
1963 3517 2105 3563 esse
2153 3504 2246 3575 (ut
2301 3503 2504 3581 aliqui
2554 3503 2798 3581 putant)
2837 3473 3397 3585 'TheOphylactum
3451 3509 3651 3585 patria

415 3590 1200 3672 ConstantinOpolitanum
1230 3595 1462 3660 fuisse.
1499 3600 1568 3660 l—n
1604 3617 1673 3661 ea
1706 3600 2032 3679 siquidem
2069 3602 2566 3678 consanguineos
2626 3609 2684 3660 et
2714 3603 2933 3680 afﬁnes
2969 3623 3139 3677 suos,
3169 3606 3281 3683 qui
3308 3606 3377 3666 in
3404 3606 3652 3686 Euripo

409 3699 582 3762 sunt,
617 3693 895 3770 principi
934 3695 1073 3756 vi'ro
1105 3699 1585 3770 commendans,
1624 3714 1751 3760 non
1786 3698 2061 3760 obscure
2085 3699 2423 3775 significat,
2458 3716 2527 3760 se
2559 3715 2824 3777 quoque
2849 3718 2927 3760 ex
2964 3701 3101 3761 loco
3133 3702 3386 3778 eodem,
3426 3706 3651 3781 proin-

409 3790 621 3866 dequc
655 3810 730 3852 ex
763 3794 993 3854 Euboea
1023 3795 1378 3857 oriundum
1411 3815 1552 3858 esse
1591 3819 1607 3869 ;
1643 3799 1811 3876 quod
1840 3797 2168 3876 colligitur
2197 3797 2386 3857 etiam
2417 3814 2494 3858 ex
2527 3797 2844 3872 versibus,
2881 3815 3046 3877 quos
3074 3801 3416 3865 Patavinus
3446 3808 3505 3866 S.
3535 3807 3652 3866 Ju-

407 3887 596 3948 stinre
625 3892 822 3952 codex
851 3894 1328 3955 vetustissimus
1359 3896 1669 3967 continet;
1697 3913 1992 3974 quosque
2030 3896 2246 3956 Latine
2281 3895 2570 3957 redditos
2603 3912 2796 3973 supra
2828 3895 3006 3976 (tom.
3038 3900 3086 3971 l,
3113 3900 3238 3962 col.
3279 3901 3422 3980 137)
3454 3919 3652 3981 appo-

409 3987 659 4047 nendos
698 3989 837 4066 ipse
871 3993 1108 4054 curavi.
1147 3995 1218 4053 In
1244 3993 1394 4053 aliis
1429 3993 1724 4071 epistolis
1757 3997 1948 4056 rudes
1983 4002 2400 4074 agrestesque
2429 3995 2853 4074 Bulgarorum
2889 4012 3123 4068 mores,
3158 3998 3272 4077 qui
3301 4010 3432 4060 tum
3467 4002 3647 4078 vige-

409 4085 582 4156 bant,
611 4087 911 4164 graphice
945 4089 1292 4169 lepideque
1316 4090 1674 4169 descriptos
1713 4109 1747 4153 a
1781 4091 2262 4171 Theophylacto
2310 4096 2534 4157 Lector
2565 4094 2848 4156 offendet
2883 4115 2896 4154 :
2931 4094 3043 4174 qui
3076 4103 3138 4156 et
3179 4096 3457 4174 querulo
3505 4099 3647 4161 seni

406 4181 852 4261 hyperbolicis
886 4191 1276 4268 quandoque
1313 4190 1657 4269 phrasibus
1688 4209 1830 4253 cum
1875 4193 1992 4254 hac
2037 4193 2105 4253 in
2143 4213 2233 4267 re,
2269 4202 2402 4255 tum
2439 4194 2504 4255 in
2555 4193 2704 4255 aliis
2736 4194 3202 4257 calamitatibus
3235 4196 3648 4275 deplorandis

408 4284 621 4344 utenti
655 4287 933 4362 veniam,
995 4299 1062 4350 ut
1113 4293 1412 4366 arbitror,
1447 4293 1644 4356 dabit.
1684 4295 1910 4368 Quoad
1969 4295 2234 4373 primam
2278 4313 2430 4358 vero
2461 4297 2687 4358 attinet
2723 4297 3028 4358 adnotare
3080 4297 3185 4360 hic
3235 4297 3436 4374 lubet,
3473 4303 3646 4381 quod

409 4385 705 4462 postejus
742 4388 1230 4464 impressionem
1259 4394 1650 4455 accuratiore
1683 4394 2026 4456 collatione
2061 4395 2488 4473 deprehendi,
2524 4415 2754 4476 nempe
2791 4415 2928 4459 eam
2957 4408 3196 4476 partem
3228 4404 3643 4478 posteriorem

401 4482 616 4546 facere
670 4489 960 4564 epistolas
1006 4493 1306 4554 secundm
1350 4512 1429 4555 ex
1471 4483 1664 4556 editis
1693 4511 1725 4556 a
1756 4497 2002 4557 Joanne
2041 4497 2242 4570 Lami,
2307 4515 2450 4577 quae
2515 4498 2819 4575 inscripta
2863 4504 2962 4559 est
3001 4499 3229 4577 Magno
3280 4501 3636 4568 domestico.

407 4587 998 4651 Animadvertend’a
1029 4606 1184 4653 vero
1217 4598 1311 4654 est
1345 4594 1595 4656 varians
1637 4594 1822 4656 lectio
1853 4594 2053 4657 unius
2085 4596 2285 4668 vocis,
2315 4613 2462 4676 quae
2491 4603 2695 4658 exstat
2725 4596 2790 4656 in
2813 4596 3120 4687 'Lamiana
3166 4598 3455 4664 editione
3485 4620 3498 4662 :
3531 4603 3638 4666 ubi

409 4705 528 4765 pro
559 4698 726 4764 vtxo;,
759 4693 1052 4758 victoria,
1087 4692 1258 4770 quod
1292 4693 1528 4774 legitur
1563 4696 1626 4756 in
1666 4695 1960 4773 praedicta
1995 4696 2199 4774 prima
2223 4697 2518 4776 epistola,
2551 4696 2715 4757 inibi
2749 4695 3022 4758 habetur
3051 4701 3248 4772 νεῖκος,
3283 4704 3598 4764 contentio
3625 4724 3644 4763 :

409 4806 602 4867 quam
637 4790 974 4852 lectionem
1015 4793 1214 4855 alteri
1253 4795 1735 4872 praeferendam,
1786 4798 1916 4859 imo
1971 4797 2169 4860 solam
2211 4815 2420 4860 veram
2473 4815 2619 4860 esse
2667 4804 2824 4875 puto
2855 4818 2870 4856 :
2901 4798 3144 4877 quippe
3188 4815 3331 4878 quas
3375 4818 3640 4865 sensum

408 4888 614 4949 multo
661 4890 994 4952 meliorem
1026 4895 1468 4973 aptioremque
1501 4894 1736 4957 fundit.
1782 4898 2090 4959 Caeterum
2124 4897 2315 4960 etiam
2351 4898 2650 4961 Lamiana
2686 4895 2890 4959 editio
2921 4914 3001 4958 ex
3031 4896 3140 4959 illa
3167 4898 3291 4960 alia
3315 4901 3549 4980 corrigi
3579 4910 3642 4963 et

407 4988 699 5064 suppleri
731 4991 1146 5070 aliquatenus
1184 5005 1412 5072 potest,
1450 5006 1512 5059 ut
1548 4999 1901 5076 confevrenti
1941 5001 2196 5078 patebit.

487 5087 706 5148 XLI".
758 5091 853 5150 An
892 5092 1184 5168 epistolre
1219 5095 1361 5157 alim
1392 5097 1683 5174 ejusdem
1729 5101 2010 5162 auctoris
2041 5101 2306 5162 ineditze
2348 5101 2559 5164 adhuc
2584 5101 2832 5164 latitent
2870 5101 2936 5164 in
2983 5101 3419 5179 bibliothecis,
3453 5108 3638 5169 nobis

407 5183 599 5266 plane
633 5188 1126 5265 incompertum.
1167 5193 1302 5269 Hoc
1345 5195 1492 5274 jure
1537 5198 1784 5274 optimo
1815 5216 2104 5262 asserere
2136 5215 2503 5278 passumus,
2537 5200 2702 5263 nulli
2738 5201 3042 5281 percitum
3097 5221 3239 5266 esse
3287 5204 3511 5279 labori,
3543 5214 3636 5278 ut,

406 5285 463 5346 si
499 5304 642 5363 quae
667 5296 909 5364 essent,
945 5291 1458 5370 producerentur
1493 5299 1557 5358 in
1586 5299 1818 5360 lucem.
1854 5300 2066 5372 Quare
2092 5317 2234 5361 cum
2268 5302 2330 5362 in
2372 5301 2687 5364 librorum
2726 5319 2876 5364 mss.
2913 5303 3196 5381 catalogo
3241 5303 3641 5369 bibliothecas

405 5382 686 5448 publica:
735 5391 1130 5465 Augustanae
1165 5390 1486 5469 legissem,
1543 5396 1630 5456 ibi
1669 5396 1957 5458 codicem
2004 5399 2276 5474 reperiri
2315 5399 2777 5480 'l'heophylacti
2829 5399 3130 5481 epistolas
3178 5401 3636 5488 continentem,

478 5565 556 5666 (τί)
587 5568 712 5625 Hmc
749 5573 895 5666 enim
930 5587 996 5627 eo
1023 5573 1124 5666 loci
1156 5577 1313 5628 verba
1329 5575 1530 5662 trahet;
1566 5576 1659 5640 Tt;
1690 5577 1733 5630 δ’
1764 5577 1828 5632 ἄν
1877 5595 1966 5664 pot
2075 5583 2084 5633 ἑ

2079 5582 2367 5666 ἐπληρωσα
2395 5599 2411 5649 ;
2441 5585 2572 5648 Quis
2599 5584 2730 5666 'milai
2759 5585 3019 5666 rlﬁtctorum
3041 5586 3345 5666 aajuuxerit
3397 5590 3630 5655 chorum,
3675 5600 3685 5613 '

400 5637 655 5730 ρηῖόρων
689 5641 848 5730 χορὸν
879 5644 1295 5730 σὲινεκΙρότησεν.
1329 5637 1965 5730 E‘J1.70??O)V'3(OPU§?~1'§O;

2074 5664 2128 5704 ut
2171 5637 2732 5730 iil'oruut'corgphwus
2768 5653 2978 5730 factus,
3021 5665 3077 5730 ut
3107 5637 3244 5707 lotim
3282 5673 3491 5715 eram...
3529 5637 3632 5716 una

399 5708 709 5778 γενόμενος,
742 5712 876 5783 ὅπερ
905 5708 971 5782 ἦν
996 5708 1180 5769 die":
1208 5718 1358 5786 κοινῇ
1387 5716 1481 5785 τὴν
1506 5708 1963 5788 ).ογεκὴν’χηρεεα“)

1607 5708 1963 5788 ικὴν’χηρεξαῦ
2072 5737 2186 5774 cunt
2213 5722 2285 5775 eis
2311 5708 2864 5775 choream'oratoriam
2901 5723 3210 5780 persolvant.
