4068 6210
406 323 508 390 471
1445 318 1828 378 BONiFACiI
1869 319 2172 378 FlNETTl
2215 309 2610 376 PRASFATIU
3547 313 3653 379 472

407 452 762 514 earumque
799 433 1208 511 peuultimam
1244 439 1310 492 ut
1345 430 1649 492 ineditam
1688 429 1916 502 notari,
1958 429 2295 491 confestim
2329 427 2558 505 scripsi
2598 427 2673 487 ad
2710 425 2790 488 cl.
2830 425 3037 488 virum
3071 442 3143 488 ac
3171 425 3357 488 dicta)
3401 424 3649 489 biblio-

406 538 606 599 thecae
635 533 966 598 custodem
1016 531 1472 610 dignissimum
1507 530 1873 594 Gotfridum
1921 531 2379 610 Heckiugium,
2429 546 2659 608 rogans
2694 537 2763 589 ut
2795 529 2873 590 de
2925 545 2996 590 ea
3055 529 3326 605 epistola
3360 528 3648 590 notitiam

408 636 561 696 mihi
601 635 883 710 aliquam
914 630 1341 693 submitteret.
1382 633 1459 692 At
1494 633 1606 694 ille
1637 649 1766 695 non
1802 632 1991 694 modo
2022 632 2266 710 absque
2298 646 2475 692 mora
2508 645 2814 707 perquam
2844 628 3118 689 humane
3157 627 3510 705 rescripsit,
3539 628 3648 689 sed

403 741 610 815 ipsam
645 736 839 797 etiam
870 733 1237 812 epistolam,
1273 735 1352 796 de
1385 752 1510 813 qua
1542 735 1776 797 certior
1807 735 1941 796 fieri
1989 735 2403 811 exoptabam.
2437 741 2725 795 accurate
2775 731 3116 810 nitideque
3148 728 3534 805 descriptam
3572 729 3648 789 ad

406 852 520 896 nos
551 831 928 892 transmisit.
968 831 1091 892 Vix
1121 849 1192 893 ea
1238 842 1491 910 accepta
1521 831 1948 912 deprehendi,
1979 849 2108 893 non
2141 850 2178 893 a
2207 831 2693 910 'l‘heOphylacto
2725 829 3142 908 Bulgarorum
3175 828 3502 906 episcopo,
3539 826 3650 890 sed

402 937 480 996 ab
502 935 629 996 alio
655 933 1137 1012 Theophylacto
1166 933 1368 996 fuisse
1401 935 1851 1011 conscriptam,
1883 934 1986 996 cui
2017 935 2343 996 Simocatw
2373 949 2728 1013 cegnomen
2751 940 2919 1004 erat;
2953 931 3200 1011 quique
3228 930 3387 992 alias
3419 947 3648 1009 quam-

406 1036 624 1112 plures
663 1034 728 1094 in
761 1050 1029 1095 suorum
1067 1035 1230 1096 forte
1264 1034 1734 1110 discipulorum
1769 1051 1957 1096 usum
1993 1034 2151 1113 (erat
2178 1035 2422 1114 quippe
2466 1031 2868 1110 professione
2902 1033 3210 1112 sophista.
3263 1047 3377 1092 seu
3415 1047 3648 1107 pmice-

403 1143 544 1210 ptor
578 1131 956 1214 rhetorices)
991 1134 1413 1196 elucubravit.
1450 1135 1625 1194 Hanc
1660 1141 1878 1212 utpote
1913 1134 2250 1208 ineditam,
2287 1147 2347 1195 et
2374 1133 2621 1213 alioqui
2655 1131 3131 1205 brevissimam,
3173 1131 3423 1193 veniam
3455 1131 3652 1191 lector

401 1232 687 1310 optimus
720 1232 920 1306 dabit,
958 1235 1015 1295 si
1066 1233 1242 1296 velut
1276 1249 1588 1312 parergon
1637 1234 1757 1295 hoc
1795 1233 1917 1295 loci
1953 1250 2318 1312 apposuero
2350 1252 2473 1296 una
2507 1250 2653 1297 cum
2699 1231 2996 1294 versione
3029 1231 3248 1294 Latina
3283 1231 3345 1292 iu
3383 1231 3648 1312 gratiam

403 1345 626 1391 eorum
659 1330 770 1408 qui
811 1329 1129 1408 ejusmodi
1174 1331 1412 1393 studiis
1444 1330 1867 1394 delectantur.
1905 1333 2010 1393 Est
2039 1347 2238 1394 vero:

860 1496 1206 1552 Dwmodocus
1238 1498 1518 1568 Antigono.

2499 1500 2859 1570 Δαιμόδοκος
2906 1503 2962 1556 Ἀ
2971 1503 3238 1569 ντιγίνφ.

473 1609 529 1664 Si
565 1609 689 1664 vita:
724 1609 953 1681 pignora
983 1607 1242 1664 Socrates
1280 1623 1390 1664 non
1419 1609 1687 1680 possidet,
1724 1611 1976 1681 paedago-

2153 1613 2214 1664 Εἰ
2245 1613 2320 1681 μὴ
2359 1611 2474 1681 βεου
2513 1613 2809 1682 Σωκράτης
2849 1612 3082 1682 ἐνέχυρα
3133 1611 3418 1680 κέκτηται,
3463 1609 3655 1666 παιδα-

399 1719 499 1769 pus
540 1702 632 1756 lilii
665 1705 747 1756 tui
789 1717 897 1756 non
928 1702 1324 1757 constituatur.
1352 1703 1589 1774 Pignora
1629 1707 1749 1760 vita:
1777 1708 1978 1761 intelli-

2082 1701 2259 1771 γωγδς
2283 1701 2376 1755 τοῦ
2417 1700 2514 1756 σοῦ
2553 1703 2629 1773 μὴ
2677 1702 3111 1774 προχειριζέσοω
3151 1702 3360 1764 παιδός.
3409 1700 3653 1769 Ἐνέχυ-

398 1803 597 1860 ιςιηιιιιι·
622 1792 742 1847 lilii.
771 1793 944 1858 Quem
975 1793 1120 1848 enim
1149 1807 1272 1850 esse
1307 1804 1514 1863 patrem
1543 1805 1737 1850 natura
1767 1797 1976 1863 docuit,

2081 1811 2162 1860 pa
2189 1793 2246 1847 δὲ
2273 1795 2420 1858 ,ϐίου
2461 1796 2653 1859 παῖδες
2679 1795 3030 1850 νοεῖσθωσιν.
3065 1795 3162 1848 Ὃν
3210 1795 3317 1866 γὰρ
3365 1790 3504 1846 εἶναι
3551 1809 3653 1846 πα-

401 1886 548 1938 hunc
595 1884 950 1955 paedagogum
979 1899 1126 1952 esse,
1159 1894 1589 1941 consentaneum
1625 1896 1748 1943 est:
1777 1889 1978 1959 quippe

2078 1885 2214 1956 τέρα
2243 1885 2405 1955 φύσις
2437 1887 2667 1952 ἐδίδαξε,
2726 1886 2917 1940 τοῦτον
2968 1887 3064 1940 καὶ
3111 1885 3458 1954 παιδαγωγόν
3505 1885 3652 1937 ἐστιν

399 1977 504 2050 qui.
542 1976 878 2046 experientia
914 1976 1067 2033 novit
1116 1977 1486 2046 generationis
1538 1977 1880 2036 aﬂ'ectionem
1920 1990 1975 2036 et

2081 1978 2416 2046 ἀξιόπιστον,
2446 1980 2642 2046 πείραν
2681 1979 3022 2047 μανθάνοντα
3052 1978 3146 2033 καὶ
3174 1978 3442 2048 γενέσεως
3470 1976 3651 2048 σχέσιν

401 2065 607 2122 artioris
642 2064 882 2123 dolores.

2088 2067 2178 2123 καὶ
2217 2067 2459 2139 στοργῆς
2481 2067 2798 2139 ἀλγηδόνας.

1791 2254 2078 2318 SECTIO
2145 2256 2257 2317 XI.

1035 2386 1128 2447 De
1150 2395 1469 2465 postrema
1491 2395 1676 2465 parte
1708 2383 1977 2446 homiliw
2005 2382 2367 2457 undecima,
2387 2384 2465 2443 In
2488 2383 3044 2444 resurrectionem.

478 2505 703 2567 XLIV.
738 2506 894 2580 Quae
925 2507 1005 2568 de
1052 2507 1170 2569 hac
1207 2516 1525 2585 postrema
1571 2513 1746 2584 parte
1798 2503 2084 2565 homiliaa
2130 2502 2598 2581 TheOphylacti
2649 2503 2918 2565 dicenda
2959 2501 3064 2563 hic
3116 2499 3270 2561 mihi
3316 2499 3547 2571 forent,
3579 2499 3649 2558 in

397 2602 882 2668 Dissertationis
921 2607 1172 2684 praevias
1209 2625 1388 2670 num.
1454 2609 1501 2668 L
1541 2610 1673 2686 jam
1729 2611 2169 2684 prmoccupata
2218 2603 2428 2664 fuere.
2458 2604 2670 2676 Quare
2720 2603 2825 2666 hic
2879 2602 3090 2666 solum
3148 2603 3488 2670 admoneo,
3544 2616 3647 2660 me

398 2700 723 2781 quidquid
756 2720 838 2764 ex
866 2704 1136 2768 historia
1181 2705 1447 2768 Eusebii
1483 2705 1848 2767 derivatum
1879 2703 1949 2765 in
1991 2709 2284 2774 eam-est,
2315 2717 2461 2763 eum
2490 2701 2770 2780 ipsomet
2799 2699 2977 2764 fonte
3011 2699 3387 2773 contulisse,
3432 2714 3650 2777 eoque

397 2801 529 2861 mei
557 2805 947 2881 exemplaris
997 2805 1338 2884 suppl‘esse
1370 2805 1688 2880 defectus,
1739 2813 1932 2884 atque
1974 2804 2167 2866 etiam
2219 2801 2536 2863 variantes
2593 2801 2901 2864 lectiones
2935 2801 3242 2880 pauculas
3292 2800 3640 2862 addidisse.

399 2899 614 2962 Codex
647 2901 1526 2976 Ctesareo-Vindobonensis,
1556 2903 1730 2964 unde
1761 2903 1894 2964 haec
1925 2897 2212 2962 homilite
2244 2900 2599 2962 undecima:
2631 2917 2773 2972 pars
2803 2901 3135 2977 desumpta
3169 2906 3289 2972 est,
3320 2901 3647 2977 integrum

397 3000 684 3062 continet
713 3000 1191 3073 Homiliarium,
1221 3018 1338 3062 seu
1373 3002 1438 3062 in
1472 3001 1672 3062 totius
1701 2999 1855 3061 anni
1892 2998 2244 3076 Evangelia
2277 2998 2610 3077 decerptas
2644 3016 2720 3060 ex
2767 2999 2965 3059 variis
2995 2997 3290 3060 Patribus
3321 2993 3645 3059 homilias.

399 3099 491 3157 Ex
526 3113 656 3174 quo
692 3095 848 3157 mihi
883 3097 1067 3159 valde
1101 3096 1470 3160 verosimile
1518 3099 1607 3170 ﬁt,
1664 3115 1838 3170 eum,
1871 3099 1982 3176 qui
2023 3098 2398 3175 praedictum
2437 3097 2846 3160 concinnavit
2889 3097 3362 3171 Homiliarium,
3399 3104 3649 3175 postre-

399 3209 567 3256 mam
605 3195 768 3256 hanc
794 3195 1084 3259 homiliaa
1113 3197 1476 3260 undecima)
1523 3203 1762 3274 partem
1796 3212 1920 3258 suo
1949 3197 2277 3259 addidisse
2307 3197 2637 3270 arbitratu,
2685 3205 2758 3259 ut
2787 3215 3073 3261 errorem
3106 3195 3281 3272 vulgi
3332 3196 3397 3255 in
3447 3190 3649 3270 patria

400 3311 516 3355 sua
545 3294 741 3355 nimis
771 3293 934 3357 forte
970 3296 1289 3376 vigentem
1315 3297 1395 3358 de
1425 3298 1672 3357 Joanne
1703 3297 1772 3358 in
1795 3295 1921 3358 vita
1959 3296 2166 3358 adhuc
2193 3298 2568 3374 superstite,
2595 3297 2862 3360 omnino
2887 3296 3137 3358 tolleret
3169 3305 3231 3357 et
3256 3292 3647 3356 eliminaret.

400 3394 554 3456 Ideo
587 3401 800 3486 autem
833 3413 1005 3459 nunc
1027 3397 1242 3459 editur
1264 3397 1396 3458 haec
1427 3395 1713 3458 homiliaa
1732 3413 1897 3476 pars,
1923 3396 2073 3474 quia
2106 3397 2527 3459 constitutum
2565 3398 2750 3459 nobis
2783 3408 2900 3464 est,
2936 3395 3093 3458 nihil
3125 3395 3190 3458 in
3223 3395 3339 3456 hac
3367 3390 3648 3455 editione

402 3492 578 3570 quod
617 3495 1085 3577 Theophylacti
1121 3497 1386 3562 nomine
1423 3495 1809 3576 inscriptum
1843 3497 1952 3571 sit,
1990 3497 2342 3576 praeterire.

1780 3623 2069 3686 SECTIO
2104 3624 2249 3684 ΧΠ.

735 3749 824 3809 De
859 3749 1317 3812 Commentario
1342 3751 1410 3812 in
1435 3750 1593 3811 Acta
1622 3749 2054 3828 apostolorum
2087 3767 2168 3809 ex
2200 3747 2574 3809 bibliotheca
2599 3747 3310 3810 Florentino-Medicam

482 3867 677 3928 XLV.
708 3869 1177 3950 TheOphylacti
1211 3871 1709 3934 Commentarius
1741 3871 1808 3932 in
1846 3870 2007 3931 Acta
2037 3870 2469 3947 apostolorum
2501 3885 2537 3930 a
2561 3868 2783 3930 Sil‘ano
2815 3868 3030 3931 editus
3058 3871 3221 3948 adeo
3258 3885 3444 3932 rarus
3490 3885 3645 3931 eva-

399 3967 510 4042 sit,
541 3975 611 4029 u-t
643 3986 786 4032 cum
822 3971 1132 4034 editionis
1164 3972 1361 4051 hujus
1393 3981 1721 4034 curatores
1752 3987 1902 4033 eum
1936 3969 2046 4030 diu
2087 3968 2574 4048 qumsivissent,
2612 3969 2910 4032 invenire
2943 3967 3173 4030 nullibi
3206 3969 3494 4030 venalem
3531 3986 3645 4046 po-

403 4065 673 4126 tuerint.
719 4067 906 4141 Quod
953 4069 1007 4128 si
1057 4085 1208 4130 eum
1260 4069 1611 4148 aliquando
1659 4068 1828 4130 nacti
1855 4075 2035 4142 sunt,
2068 4085 2147 4129 ex
2191 4068 2432 4130 Graecia
2481 4067 2728 4146 duplici
2783 4068 3094 4130 editionis
3133 4067 3326 4147 hujus
3381 4085 3647 4144 corpore

399 4173 930 4229 commutaudum
965 4178 1370 4248 receperunt.
1405 4170 1656 4231 Interea
1687 4168 1841 4230 dum
1867 4167 2118 4247 jamdiu
2149 4184 2692 4247 supervacaneam
2725 4169 2934 4230 eidem
2961 4167 3442 4247 quomodolibet
3467 4183 3644 4228 com-

406 4266 688 4342 parando
715 4275 1058 4329 navassent
1088 4283 1374 4345 Operam,
1410 4267 1622 4346 deque
1645 4266 1834 4328 exitu
1853 4263 2095 4346 negotii
2122 4265 2319 4343 hujus
2343 4264 2661 4326 haererent
2691 4263 2947 4338 incerti,
2982 4265 3050 4326 in
3083 4281 3223 4327 eam
3261 4265 3646 4325 sententiam

401 4339 664 4425 ventum
703 4370 821 4436 est,
862 4369 932 4424 ut
960 4362 1099 4441 ejus
1127 4339 1592 4441 apographum,
1623 4361 1738 4442 qui
1769 4361 1837 4423 in
1884 4339 2262 4422 Florentino
2301 4359 2518 4422 codice
2545 4360 2867 4438 reperitur
2896 4361 3301 4432 bibliothecm
3329 4361 3648 4423 Mediceo-

401 4463 876 4535 Laurentinum,
911 4479 1239 4542 quemque
1266 4463 1749 4542 'l‘heOphylacto
1770 4460 2034 4522 ascribit
2064 4457 2601 4521 Montefalconius
2634 4460 2703 4521 in
2737 4478 2855 4523 sua
2896 4461 3287 4524 Bibliotheca
3311 4460 3643 4522 bibliothe-

401 4581 642 4639 carum,
675 4564 796 4625 sibi
840 4565 1316 4643 procurandum
1353 4563 1811 4636 existimarint,
1845 4562 1986 4635 rati,
2023 4561 2322 4647 eumdem
2353 4559 2619 4622 omnino
2646 4578 2789 4624 esse
2822 4581 2966 4626 cum
2992 4580 3069 4625 eo
3100 4564 3215 4642 qui
3247 4563 3458 4625 editus
3486 4580 3518 4624 a
3551 4563 3648 4624 Si-

400 4667 552 4729 ςδηο
592 4675 687 4727 est
721 4689 735 4727 :
775 4675 970 4745 atque
1001 4668 1536 4748 adeo,quidquid
1567 4669 1828 4731 demum
1867 4666 2229 4739 accidisset,
2264 4667 2582 4728 variantes
2610 4664 2831 4728 saltem
2867 4666 3200 4739 lectiones,
3233 4671 3424 4743 atque
3453 4663 3644 4724 etiam

411 4767 888 4828 correctionum
920 4767 1214 4829 subsidia
1253 4768 1855 4848 suppeditaturum.
1877 4770 1955 4829 At
1993 4782 2119 4830 non
2151 4768 2236 4829 ita
2267 4785 2366 4830 res
2397 4768 2615 4830 cessit.
2649 4770 2741 4830 Eo
2771 4767 2944 4829 enim
2975 4766 3342 4844 apographo
3374 4765 3642 4827 Floren-

403 4863 487 4924 tia
520 4862 708 4924 nobis
742 4861 960 4939 allato,
996 4865 1274 4944 primum
1327 4869 1558 4931 turbati
1592 4885 1820 4930 sumus
1854 4868 2099 4928 nullam
2131 4866 2198 4928 iu
2243 4883 2322 4928 eo
2351 4868 2760 4929 invenientes
2811 4865 3230 4945 epigrapheu,
3267 4885 3392 4946 qua
3437 4867 3644 4928 Theo-

405 4965 699 5045 phylacto
741 4964 1161 5045 Bulgarorum
1196 4968 1688 5048 arebiepiscepo
1715 4968 2181 5040 ascriberetur,
2218 4969 2456 5031 deinde
2490 4987 2639 5031 eum
2675 4969 2861 5031 nobis
2886 4969 3336 5030 evolventibus
3391 4970 3645 5032 nullum

403 5069 704 5145 apparuit
749 5065 1094 5138 indicium,
1151 5086 1266 5129 cur
1297 5068 1682 5130 tribuendus
1712 5066 2194 5147 TheOphylacto
2225 5068 2396 5129 esset
2432 5090 2447 5129 :
2475 5070 2766 5148 adeoque
2793 5066 3007 5128 mirari
3035 5067 3369 5146 cmpimus,
3401 5085 3436 5129 a
3465 5071 3650 5130 Mon-

406 5168 758 5230 tefalconio
783 5167 1230 5230 indubitanter
1259 5167 1464 5229 fuisse
1497 5166 1977 5246 TheOphylaeto
2007 5166 2467 5244 adjudicatum.
2503 5168 2786 5229 Tandem
2827 5167 2927 5226 vix
2961 5165 3090 5228 ulla
3120 5168 3443 5246 superfuit
3468 5167 3665 5230 dubi--

404 5269 588 5343 tatio,
614 5287 762 5332 eum
802 5285 946 5330 esse
986 5267 1064 5329 ab
1091 5267 1401 5346 legitimis
1425 5267 1888 5345 TheOphylacti
1921 5266 2223 5344 eperibus
2255 5268 2786 5346 expungendum,
2816 5283 2959 5328 cum
2993 5266 3162 5328 inter
3193 5267 3467 5330 aliorum
3515 5285 3634 5331 uo-

405 5369 574 5430 miua
604 5371 887 5442 Patrum,
925 5386 1071 5446 qum
1106 5367 1388 5428 citantur
1415 5367 1480 5426 in
1513 5359 1830 5446 margine,
1857 5367 2044 5428 etiam
2077 5367 2279 5429 semel
2313 5373 2501 5441 Θεοφ.,
2543 5368 2844 5444 Thcoph.,
2879 5382 2993 5428 seu
3041 5373 3107 5426 ut
3154 5367 3498 5448 legendum
3542 5367 3641 5430 vi-

403 5467 698 5543 debatur,
729 5477 1132 5546 Θεοφύλακτος,
1173 5464 1669 5543 Thcophylactus
1699 5467 2126 5540 occurrisset;
2160 5483 2231 5528 ac
2266 5466 2614 5542 prtesertim
2649 5476 2978 5544 postquam
3020 5465 3425 5544 inspeximus
3455 5468 3646 5530 verba

406 5575 649 5636 ibidem
680 5573 864 5635 allata
904 5581 1152 5632 exstare
1181 5570 1242 5630 iu
1276 5571 1754 5632 Couimentnrio
1787 5571 1959 5632 edito
1981 5588 2015 5631 a
2049 5569 2285 5632 Silano.
2326 5573 2492 5632 Hinc
2523 5571 2698 5631 enim
2740 5571 2920 5646 plane
2951 5587 3358 5648 consequens
3389 5573 3647 5635 videba-

405 5695 534 5756 tur,
572 5695 763 5757 opus,
793 5677 861 5740 in
892 5695 1020 5758 quo
1049 5675 1572 5756 Theonhj'lactus
1609 5677 1746 5755 ipse
1787 5677 2038 5749 citatur,
2075 5675 2348 5754 ejusque
2384 5677 2883 5741 commentarius
2911 5675 3055 5740 aliis
3084 5675 3359 5741 aliorum
3388 5679 3646 5742 Patrum
