4068 6210
339 349 438 416 U3
1183 353 1265 414 ΙΝ
1299 351 1594 423 SEQUEN
1602 355 1679 414 TI
1687 355 1733 412 Α
1765 354 1945 413 ΤΗΕ(

1970 355 2073 414 ΡΗ
2082 355 2341 416 YLACTI
2385 357 2521 417 SCR
2534 359 2720 418 [PTA.
3471 356 3576 421 474

341 462 826 526 commentariis
855 471 1341 537 annumeratur,
1367 465 1743 526 nullatenus
1781 464 1903 540 ipsi
1945 480 2087 526 esse
2135 464 2658 543 adjudicandum.
2694 465 2933 526 Verum
2966 465 3084 528 hoc
3128 475 3576 545 argumentum

340 563 468 624 vim
507 579 669 638 pene
709 579 966 626 omnem
1006 562 1298 624 amittere
1334 563 1544 624 visunt
1593 569 1712 636 est,
1753 571 2088 642 postquam
2136 581 2210 625 ex
2245 565 2476 626 Catena
2527 565 2888 627 Oxonicnsi
2941 564 3042 642 (de
3075 583 3200 643 qua
3251 568 3576 647 superius)

329 662 653 736 intellexi,
686 661 1160 740 expositionem
1196 660 1370 722 illam
1427 661 1749 724 Theodori
1783 661 2233 723 Heracleensis
2287 679 2457 735 esse,
2491 668 2712 740 utpote
2745 663 2858 741 qui
2912 662 3151 724 diserte
3203 664 3432 724 citantur
3463 683 3572 744 pa-

335 762 487 843 gina
542 762 618 825 58
647 763 789 842 ejus
843 763 1111 838 codicis,
1152 763 1338 842 cujus
1391 766 1744 841 exemplar,
1785 772 1855 824 nt
1893 764 1984 826 rei
2022 764 2214 842 hujus
2253 764 2489 825 certior
2531 765 2773 838 ﬁerem,
2831 766 3146 842 postulavi
3187 775 3250 828 et
3297 768 3576 832 obtinui.

344 863 510 925 Hinc
550 863 1019 936 enimsuborta
1058 863 1214 924 mihi
1245 863 1534 942 suspicio
1566 871 1685 936 est,
1738 864 2074 926 oscitantia
2126 865 2362 926 veteris
2404 873 2513 926 aut
2548 866 2922 927 recentioris
2970 867 3379 928 amanuensis
3414 872 3576 931 scri-

340 973 520 1044 ptum
557 965 622 1024 in
660 962 883 1024 codice
921 962 1321 1036 Florentino,
1375 963 1472 1024 vel
1523 971 1740 1024 nostro
1791 963 2143 1042 exemplari
2170 965 2373 1026 fuisse
2413 971 2604 1039 Θεοφ.,
2652 967 2953 1044 Thcoph.,
2989 982 3102 1044 pro
3132 971 3313 1031 Θεοδ..
3348 967 3574 1029 Theod.

339 1065 460 1127 Sed
494 1064 1082 1143 quomodocunque
1113 1082 1212 1125 res
1243 1066 1365 1124 ista
1399 1081 1468 1124 se
1493 1062 1741 1137 habeat,
1766 1072 1835 1126 ut
1868 1072 2115 1126 certum
2152 1072 2328 1143 puto,
2364 1065 2930 1127 Montefalconium
2963 1082 3089 1128 non
3125 1065 3252 1127 alio
3284 1068 3399 1128 niti
3432 1068 3580 1128 fun-

342 1164 644 1225 damento
697 1161 987 1238 potuisse
1018 1162 1093 1222 ad
1138 1162 1675 1223 Commentarium
1711 1163 1884 1224 hunc
1933 1162 2411 1242 TheOphylacto
2459 1163 2904 1236 asserendum,
2938 1181 3128 1242 quam
3175 1167 3374 1243 quod,
3424 1169 3575 1228 dum

345 1263 576 1340 raptim
610 1261 793 1324 illum
824 1260 1180 1334 evolveret,
1224 1262 1289 1323 in
1320 1260 1538 1338 aliqua
1573 1261 1876 1322 inciderit
1901 1261 2035 1324 loca
2072 1261 2469 1324 continentia
2508 1262 2664 1323 illud
2704 1263 2874 1324 idem
2905 1263 3078 1342 quod
3128 1273 3272 1325 ante
3320 1265 3386 1324 in
3420 1265 3582 1325 Sifa-

336 1368 534 1430 niano
567 1368 1036 1430 Commentario
1064 1366 1467 1445 perlegisset.
1503 1366 1656 1427 Mihi
1689 1366 1913 1428 saltem
1969 1385 2094 1431 non
2127 1367 2302 1429 aliud
2353 1367 2571 1428 animo
2622 1367 3113 1430 fundamentum
3158 1367 3455 1430 occurrit.
3510 1368 3578 1428 Id

338 1485 497 1531 vero
533 1487 721 1547 quam
756 1471 838 1532 sit
878 1469 1276 1532 imbecillum
1307 1471 1374 1531 in
1410 1470 1923 1544 Commentariis,
1959 1471 2073 1549 qui
2114 1470 2210 1531 vel
2249 1488 2470 1547 puram
2516 1472 2768 1533 Catenae
2817 1472 3128 1533 rationem
3181 1471 3448 1545 habent,
3482 1470 3579 1532 vel

336 1571 414 1631 ad
455 1570 628 1631 illam
663 1571 957 1650 proxime
987 1573 1324 1645 accedunt,
1352 1573 1651 1652 quisquis
1683 1573 1868 1636 facile
1893 1573 2224 1652 intelligit.

412 1672 639 1734 XLVI.
673 1673 912 1734 Verum
951 1673 1004 1733 si
1039 1691 1140 1734 res
1167 1674 1251 1734 ita
1289 1691 1358 1736 se
1392 1674 1604 1743 habet,
1645 1692 1760 1737 cur
1788 1674 1990 1752 igitur
2013 1675 2117 1736 hic
2146 1691 2181 1736 a
2215 1674 2402 1736 nobis
2443 1675 2508 1736 in
2563 1674 2771 1735 lucem
2812 1673 3180 1735 emittitur?
3212 1675 3332 1735 Cur
3380 1674 3573 1735 etiam

333 1774 556 1835 Grmce
583 1774 931 1837 duntaxat?
959 1777 1027 1837 In
1062 1776 1271 1838 lucem
1305 1776 1409 1838 hic
1444 1777 1647 1838 emitti
1679 1778 2061 1856 respondeo,
2097 1777 2399 1855 primum,
2427 1777 2600 1855 quod
2636 1777 2772 1838 viro
2806 1793 2959 1838 sane
2985 1775 3359 1837 doctissimo
3404 1775 3579 1837 visus

332 1873 538 1936 fuerit
570 1891 713 1937 esse
748 1875 1252 1954 TheOphylacti;
1300 1894 1512 1956 neque
1561 1885 1734 1941 certo
1777 1878 1996 1956 aliquo
2036 1879 2505 1956 perspicueque
2542 1889 2920 1958 argumento
2968 1877 3175 1938 refelli
3204 1876 3408 1955 possit
3465 1876 3578 1934 ist-

334 1973 470 2035 Iizec
501 1974 747 2052 Opinio.
776 1975 836 2036 2.
869 1975 1030 2048 Quia
1070 1992 1328 2052 aequum
1357 1992 1483 2037 non
1518 1976 1771 2050 censui,
1805 1975 2241 2055 apographum
2276 1976 2449 2037 istud
2483 1976 2752 2036 omnino
2786 1975 3050 2038 interire
3079 1997 3094 2047 ;
3131 1976 3374 2054 quippe
3405 1972 3577 2052 quod

341 2089 485 2133 esse
511 2071 782 2134 fortasse
813 2074 1045 2151 poterit
1073 2073 1270 2136 alicui
1312 2075 1589 2154 posteris
1635 2075 1810 2149 usui,
1869 2075 2417 2154 quemadmodum
2463 2074 2619 2136 mihi
2661 2092 2786 2137 non
2821 2075 3054 2138 inutile
3079 2075 3225 2146 fuit,
3275 2080 3344 2133 ut
3396 2074 3581 2134 Com-

348 2167 644 2232 mentarit
684 2172 968 2235 Vaticani
1015 2171 1115 2254 (de
1159 2191 1290 2253 quo
1332 2173 1573 2237 dictum
1616 2181 1713 2237 est
1743 2175 1968 2252 supra)
2016 2176 2346 2254 exemplar
2380 2175 2793 2238 emendarem
2855 2183 3049 2254 atque
3075 2173 3469 2250 supplerem.
3507 2171 3580 2230 Et

336 2273 605 2352 quidem
637 2277 847 2354 quoad
882 2276 1023 2356 ejus
1045 2277 1269 2338 attinet
1295 2295 1512 2353 usum,
1551 2278 1829 2340 breviter
1861 2277 2256 2356 patefaciam,
2284 2278 2459 2356 quod
2493 2277 2651 2338 mihi
2687 2294 2837 2340 cum
2873 2272 3272 2354 percurrenti
3306 2270 3478 2332 venit
3514 2269 3578 2330 in

341 2380 624 2435 mentem
668 2390 683 2434 :
725 2375 1030 2436 nimirum
1063 2394 1141 2436 ex
1177 2377 1381 2437 tribus
1413 2377 1590 2440 hisce
1624 2379 1693 2439 in
1721 2377 1880 2438 Acta
1917 2377 2267 2456 apostolica
2314 2377 2832 2448 Commentariis,
2877 2392 3041 2454 quos
3072 2374 3372 2435 volumen
3409 2369 3577 2430 istud

339 2474 792 2552 complectitur
827 2475 1204 2553 (praesertim
1241 2476 1298 2538 si
1349 2477 1786 2554 Clirysostomi
1839 2476 2034 2539 fontis
2079 2476 2368 2539 omnium
2402 2476 2708 2554 prmcipui
2754 2475 3201 2538 adnotationes
3241 2470 3579 2542 addant-ur)

341 2577 697 2655 perfectum
727 2579 949 2640 confici
987 2594 1200 2657 posse,
1242 2579 1740 2658 absolutumque
1770 2580 1834 2641 in
1861 2580 2079 2641 eadem
2117 2581 2268 2640 Acta
2317 2579 2893 2651 Commentarium;
2923 2593 3067 2639 cum
3114 2575 3353 2653 singuli
3390 2582 3577 2636 caete-

340 2677 578 2754 roquin
611 2677 780 2740 haud
813 2696 1036 2758 parum
1071 2680 1291 2758 procul
1315 2680 1445 2741 sint
1470 2698 1502 2742 a
1534 2680 1747 2742 debita
1779 2678 2194 2759 perfectione.
2227 2681 2464 2742 Poterit
2491 2680 2686 2760 igitur
2713 2680 3037 2760 quispiam
3076 2696 3153 2740 ex
3187 2679 3462 2757 singulis
3498 2695 3575 2739 ea

338 2797 486 2858 quze
515 2780 590 2842 ad
629 2799 758 2843 rem
791 2783 1064 2845 maxime
1094 2782 1362 2856 faciunt,
1396 2782 1713 2860 seligendi
1747 2799 1964 2846 curam
2010 2782 2423 2863 laboremque
2470 2783 2802 2859 suscipere
2838 2804 2854 2846 :
2893 2800 3084 2862 quem
3118 2781 3280 2843 forte
3320 2787 3573 2860 egomet

338 2880 799 2957 suscepissem,
845 2880 972 2941 nisi
1024 2880 1188 2953 aliae,
1221 2879 1463 2956 quibus
1495 2879 1834 2955 distrahor,
1869 2897 2035 2942 curae
2058 2888 2121 2943 et
2149 2882 2536 2944 valetudinis
2560 2882 2966 2944 imbecillitas
2989 2880 3449 2942 inhibuissent.
3486 2883 3578 2940 En

340 2979 546 3056 igitur
577 2981 763 3056 ratio,
793 3000 908 3044 cur
939 2982 1125 3044 illum
1159 2982 1497 3045 ediderim.
1531 2983 1744 3045 Grmce
1772 2989 1986 3044 autem
2021 2990 2265 3045 tantum
2295 2982 2493 3054 edidi,
2527 2983 2678 3062 quia
2710 3001 2785 3045 ex
2820 2999 2946 3045 una
2980 2989 3154 3069 parte
3178 2980 3579 3043 levissimum

338 3087 441 3141 cst
470 3080 967 3146 fundamentum
1001 3085 1458 3146 Commentarii
1510 3084 1706 3163 hujus
1752 3084 2234 3163 Theophylacto
2277 3083 2696 3163 adjudicandi
2731 3104 2747 3144 :
2781 3103 2862 3148 ex
2893 3083 3091 3146 altera
3139 3099 3292 3146 vero
3317 3071 3582 3160 exposil

340 3180 559 3240 tiones
601 3179 744 3258 ejus
777 3180 1098 3258 plerteque
1127 3181 1192 3242 in
1225 3180 1532 3244 alterutro
1565 3199 1645 3243 ex
1679 3181 1787 3257 iis,
1827 3183 1941 3263 qui
1979 3183 2332 3245 voluminis
2373 3182 2573 3262 hujus
2610 3183 2799 3246 initio
2853 3183 3157 3262 impressi
3203 3191 3378 3257 sunt,
3417 3181 3583 3244 Sifa-

341 3276 536 3337 niano
561 3275 829 3347 scilicet,
863 3284 926 3337 et
952 3274 1280 3350 vaticano,
1317 3292 1441 3339 non
1469 3276 1659 3340 modo
1688 3279 1900 3358 quoad
1933 3295 2229 3354 sensum,
2277 3279 2389 3341 sed
2421 3280 2613 3342 etiam
2646 3280 2859 3360 quoad
2891 3280 3086 3343 verba
3139 3295 3586 3358 smpenumero

340 3381 595 3441 insunt.
629 3378 796 3439 Hinc
827 3378 1105 3454 pretium
1139 3395 1351 3457 operai
1382 3379 1648 3443 minime
1691 3398 1835 3444 esse
1869 3382 2120 3456 censui,
2160 3398 2400 3444 novum
2429 3383 2604 3446 hunc
2643 3385 2866 3447 subire
2895 3383 3202 3459 laberem,
3240 3391 3302 3446 et
3329 3383 3583 3460 aliquo-

354 3495 494 3540 rum
529 3477 902 3539 accessione
933 3475 1236 3540 foliorum
1270 3477 1450 3539 nulla
1484 3481 1947 3558 propemodum
1989 3481 2267 3544 utilitate
2301 3483 2604 3544 volumen
2641 3482 2761 3545 hoc
2791 3499 3090 3546 onerare.

429 3576 692 3637 XLVII.
725 3575 1030 3648 Quamvis
1057 3586 1269 3639 autem
1304 3578 1848 3642 Commentarium
1896 3578 2068 3641 hunc
2101 3579 2321 3641 Latine
2353 3595 2482 3641 non
2528 3581 2853 3656 verterim,
2894 3598 3020 3644 non
3075 3581 3224 3644 ideo
3265 3589 3472 3644 tamen
3511 3584 3590 3644 ab

350 3677 536 3739 omni
566 3677 633 3738 in
665 3692 742 3738 eo
773 3676 1026 3739 edendo
1050 3677 1267 3740 labore
1293 3695 1391 3739 me
1421 3677 1694 3739 absolvi.
1729 3680 2016 3740 Lacunas
2050 3677 2250 3750 enim,
2281 3677 2522 3756 quibus
2554 3678 2990 3757 apograpbum
3023 3677 3398 3755 frequenter
3446 3680 3587 3744 bia-

355 3781 458 3839 bat
491 3778 867 3858 (praesertim
913 3779 1037 3840 sub
1068 3780 1208 3858 ejus
1239 3779 1525 3859 initium)
1559 3779 1820 3858 explere
1874 3795 1988 3858 pro
2018 3778 2264 3840 viribus
2299 3779 2550 3840 studui.
2601 3783 2677 3841 Et
2712 3779 2903 3841 initio
2934 3781 3221 3860 quidem,
3271 3783 3379 3842 ubi
3424 3787 3592 3862 spis-

349 3879 557 3940 siores
589 3879 836 3941 lacuum
866 3889 1069 3952 erant,
1107 3879 1262 3940 mihi
1301 3878 1369 3940 in
1395 3879 1556 3941 hanc
1589 3897 1722 3941 rem
1759 3879 2159 3941 incumbenti
2194 3879 2714 3955 percommodum
2741 3878 2865 3940 fuit
2902 3879 3151 3941 Catenae
3194 3877 3590 3942 Oxoniensis

351 3979 417 4040 in
446 3981 670 4042 eadem
723 3982 873 4042 Acta
917 3981 1220 4058 primum,
1267 3981 1441 4059 quod
1492 3980 1802 4044 habebam
1849 3997 1978 4058 prae
2014 3979 2340 4054 manibus,
2378 3979 2608 4042 folium
2644 4003 2660 4043 :
2702 3998 2848 4043 cum
2902 3981 3034 4056 ipsa
3073 3979 3316 4056 quippe
3358 3980 3590 4041 Catena

347 4077 786 4158 apographum
821 4096 1034 4140 meum
1074 4079 1167 4141 sic
1198 4079 1363 4141 inibi
1393 4079 1744 4142 convenire
1792 4079 2216 4156 deprehendi,
2251 4088 2319 4141 ut
2371 4080 2543 4141 idem
2590 4097 2729 4142 esse
2761 4097 2926 4156 opus
2963 4077 3312 4150 videretur,
3350 4078 3475 4138 nisi
3509 4097 3588 4140 ex

350 4189 672 4258 postrema
700 4181 877 4243 illius
912 4189 1108 4260 parte,
1137 4189 1327 4260 atque
1361 4199 1439 4243 ex
1468 4182 1728 4245 duobus
1759 4183 1928 4258 aliis,
1960 4200 2106 4262 quas
2157 4182 2312 4243 mihi
2347 4200 2611 4244 cernere
2650 4181 2859 4251 licuit,
2909 4181 3051 4259 ejus
3101 4179 3276 4242 foliis
3324 4178 3590 4242 omnino

349 4283 826 4360 cognovissem,
865 4285 1158 4345 Catenam
1193 4282 1635 4346 Oxoniensem
1667 4286 1864 4346 multa
1899 4281 2264 4361 complecti,
2297 4300 2442 4361 qum
2484 4283 2550 4344 in
2581 4281 2955 4344 Florentino
2985 4281 3458 4344 Commentario
3481 4281 3594 4343 de-

351 4382 750 4444 siderantur.
781 4383 1104 4445 Posterior
1135 4384 1256 4445 iste
1290 4382 1559 4445 fortasse
1602 4389 1942 4460 excerptus
1980 4391 2074 4444 est
2118 4399 2194 4442 ex
2224 4381 2330 4442 illa
2385 4381 2621 4458 priore.
2670 4379 2762 4440 Ad
2812 4378 3179 4440 sarciendas
3226 4395 3404 4453 vero,
3450 4396 3595 4457 quat

353 4491 772 4546 Occurrerent
801 4485 868 4547 in
914 4501 1285 4564 pregressu,
1320 4484 1580 4547 lacunas
1607 4485 1916 4546 alterutro
1963 4500 2040 4544 ex
2066 4481 2558 4545 Commentariis
2584 4479 2928 4560 praedictis,
2963 4479 3290 4541 Sifaniano
3319 4480 3591 4550 scilicet,

352 4592 414 4647 et
452 4584 789 4659 Vaticano,
822 4585 937 4646 sed
971 4585 1260 4646 omnium
1293 4584 1823 4663 frequentissime
1855 4599 2085 4662 magno
2119 4582 2576 4660 Chrysostomo
2611 4597 2768 4643 usus
2799 4597 2979 4652 sum;
3007 4587 3066 4642 et
3098 4598 3171 4642 ea
3197 4580 3466 4660 quidem
3493 4578 3592 4639 fe-

355 4685 630 4760 licitate,
671 4697 738 4750 ut
773 4707 854 4751 ex
887 4687 1207 4766 plurimis,
1239 4705 1384 4768 quae
1417 4688 1669 4749 inerant
1700 4695 1910 4762 antea,
1941 4686 2188 4748 lacunis
2222 4702 2343 4746 una
2387 4693 2655 4755 tantum,
2688 4685 2788 4745 vel
2828 4683 3026 4745 altera
3068 4683 3389 4760 ineXpleta
3441 4679 3621 4747 mihi.

355 4790 762 4850 remanserit.
822 4787 1032 4850 Verba
1083 4805 1115 4850 a
1163 4790 1354 4850 nobis
1406 4787 1621 4850 addita
1673 4803 1750 4848 ex
1817 4786 2051 4863 signis,
2097 4785 2337 4863 quibus
2387 4783 2481 4845 uti
2527 4783 2592 4844 in
2640 4783 2969 4844 similibus
3016 4783 3328 4857 solemus,
3375 4783 3600 4844 Lector

357 4897 687 4968 agnoscet.
716 4889 809 4950 Ad
845 4889 1083 4952 calcem
1111 4886 1592 4960 Commentarii,
1625 4903 1704 4948 ne
1738 4886 1986 4965 integra
2025 4884 2255 4965 pagina
2287 4883 2555 4945 omnino
2590 4899 2780 4944 vacua
2811 4892 3192 4958 remaneret,
3238 4884 3316 4944 ab
3348 4902 3424 4946 co
3458 4883 3599 4948 loco

357 5005 501 5066 pag.
531 4988 672 5057 629,
707 4988 826 5050 col.
851 4991 916 5063 2,
951 4997 1131 5051 Ἐστὶν
1154 4992 1246 5050 οὖν
1266 4999 1294 5050 ὀ
1325 5000 1432 5060 πᾶς
1471 4997 1682 5069 χρόνος,
1719 4996 1938 5065 rOgatu

1990 4983 2361 5065 typographi
2399 4984 2604 5064 adjeci
2640 4986 2854 5057 verba,
2890 4985 3130 5063 quibus
3164 4988 3390 5048 Catena
3421 4989 3596 5048 Oxo-

356 5086 608 5147 niensis
643 5086 1020 5150 absolvitur.
1055 5091 1278 5166 Neque
1313 5089 1378 5150 id
1403 5089 1668 5178 ﬁLectori
1704 5087 2127 5167 injucundum
2158 5084 2296 5145 fore
2317 5084 2566 5146 conﬁdo
2600 5084 2732 5146 :sic
2758 5086 2931 5146 enim
2961 5085 3299 5163 praedicta;
3323 5087 3593 5152 Catenae.

355 5199 548 5262 quam
573 5187 1164 5263 pra'stantiuimam
1193 5187 1470 5265 appellat
1503 5186 1841 5249 Fabricius
1868 5185 1934 5247 in
1968 5184 2138 5246 Bibl.
2175 5183 2416 5257 erca,
2456 5182 2718 5246 initium
2752 5183 2995 5246 tenebit
3031 5191 3093 5246 et
3124 5185 3336 5246 finem.

1731 5286 2012 5348 SECTIO
2055 5285 2226 5348 XIII.

1198 5393 1288 5452 Dc
1327 5391 1640 5470 Epistolis
1687 5409 1726 5449 a
1771 5389 2308 5464 Mcursio'editis,
2355 5401 2413 5452 et
2455 5409 2494 5450 a
2538 5390 2772 5450 Lamia.

440 5491 733 5552 XLVIII.
777 5493 967 5554 Forte
1026 5493 1360 5556 mirabitur
1403 5499 1648 5570 Lector,
1714 5496 1885 5574 quod
1951 5494 2087 5555 ista:
2135 5493 2426 5573 epistolae
2474 5495 2552 5555 ab
2607 5491 2752 5553 aliis
2804 5490 3033 5570 viginti
3081 5489 3388 5567 sejunctaa
3449 5486 3598 5550 huic

357 5593 630 5656 editioni
667 5595 905 5655 fuerint
953 5595 1240 5671 insertaa,
1278 5615 1424 5660 cum
1485 5616 1674 5661 nemo
1735 5616 1862 5660 non
1907 5599 2140 5671 videat,
2177 5596 2530 5658 naturalem
2585 5593 2876 5654 ordinem
2925 5588 3288 5669 postulasse
3335 5599 3404 5653 ut
3436 5607 3590 5654 con-

356 5690 628 5769 junctim
671 5695 1016 5759 ederentur
1047 5694 1293 5760 omnes.
1337 5699 1603 5762 Consilii
1641 5699 1854 5774 itaque
1901 5698 2100 5760 nostri
2150 5698 2309 5759 hanc
2357 5697 2664 5759 rationem
2717 5691 2967 5757 habeto.
3007 5689 3344 5771 Principio
3395 5691 3600 5772 fuerat
