4068 6210
477 326 586 390 475
1493 318 1881 380 BONIFACII
1909 316 2230 379 \FINETTI
2273 317 2691 379 PRIEFATIO.
3626 313 3734 380 ΠΒ

479 432 1033 511 constitutum,lut
1071 429 1300 509 viginti
1341 429 1652 491 duntaxat
1686 429 2144 509 TheOphylacti
2192 428 2483 507 epistolaa
2513 428 2633 491 hoc
2673 428 2740 489 in
2786 426 3120 491 volumine
3149 428 3368 491 sedem
3401 426 3734 489 haberent.

478 552 625 613 quas
670 531 957 594 nondum
1009 530 1330 610 publicam
1380 529 1583 590 lucem
1617 536 2032 608 aspexerant;
2083 546 2226 592 cum
2278 546 2368 590 eae
2425 535 2672 590 tantum
2714 527 2867 590 huic
2919 529 3110 590 tertio
3156 527 3504 601 volumini,
3557 527 3735 606 quod

476 631 741 696 ineditis
767 628 1227 709 TheOphylacti
1252 627 1558 706 cperibus
1582 629 1984 707 excipiendis
2039 627 2433 690 destinatum
2464 627 2531 690 in
2583 629 2807 706 primis
2857 634 3014 699 erat,
3054 627 3373 707 explendo
3403 625 3559 688 satis
3591 643 3735 690 esse

480 732 871 802 viderentur,
917 729 1182 808 adjectis
1237 736 1445 791 tamen
1494 729 1751 791 duobus
1806 730 2113 807 operibus
2162 730 2373 793 adhuc
2426 730 2712 800 ineditis,
2773 744 3051 809 quorum
3117 728 3393 789 alterum
3443 727 3735 807 Parisiis,

479 832 749 893 alterum
790 829 1115 889 Florentia
1160 828 1702 905 prmstolabamur.
1748 830 1868 891 Sed
1908 831 2184 909 primum
2220 829 2379 890 illud
2406 847 2574 905 saepe
2603 830 3019 907 promissum,
3060 843 3390 905 nunquam
3423 825 3735 904 perlatum

475 930 554 990 ad
605 946 720 989 nos
766 937 881 988 est.
937 928 1224 988 Alterum
1283 929 1543 1007 quidem
1578 928 1982 1006 accepimus;
2043 929 2156 990 sed
2215 928 2377 989 illud
2435 927 2984 1005 perpendentibus
3037 924 3221 987 nobis
3282 940 3408 986 non
3451 925 3738 1002 suspicio

476 1029 805 1100 duntaxat,
865 1028 975 1088 scd
1042 1036 1207 1088 certa
1259 1029 1592 1105 persuasio
1626 1027 1886 1099 insedit,
1926 1027 2002 1088 ad
2038 1025 2591 1104 TheOphyIactum
2628 1024 3002 1086 nullatenus
3050 1023 3392 1100 pertinere.
3426 1023 3548 1082 Nos
3588 1040 3737 1083 vero

478 1130 543 1187 in
593 1144 870 1189 errorem
905 1130 1331 1205 ‘perduxerat,
1389 1147 1532 1209 quae
1583 1130 1754 1207 apud
1826 1127 2399 1191 Montefalconium
2453 1129 2688 1207 legitur
2743 1129 2809 1188 in
2871 1125 3172 1189 Biblioth.
3228 1125 3740 1187 bibliothecarum

478 1238 522 1290 t1
562 1233 609 1299 l,
650 1247 789 1307 pag.
830 1232 929 1302 35,
982 1231 1318 1294 imminuta
1374 1231 1729 1309 inscriptio,
1776 1248 1918 1310 quin
1977 1231 2320 1309 sequitur:
2369 1231 2722 1292 Threnodia
2758 1247 2950 1308 super
3001 1228 3190 1288 beatae
3258 1228 3565 1287 memoria:
3602 1228 3739 1287 viro

481 1330 558 1388 D.
595 1330 1081 1407 Theophylacto.
1114 1330 1369 1392 Scilicet
1401 1330 1721 1408 ejusmodi
1755 1329 1984 1391 titulus
2043 1346 2161 1391 nos
2213 1335 2507 1390 erexerat
2560 1328 2623 1389 in
2657 1345 2863 1407 spem,
2907 1323 3344 1395 Threnodiam,
3377 1324 3457 1385 de
3482 1340 3605 1399 qua
3638 1323 3741 1385 hic

453 1412 714 1503 ‘sermo,
750 1449 954 1510 genus
987 1432 1250 1511 aliquod
1278 1434 1589 1495 orationis
1622 1431 1914 1494 funebris
1950 1449 2093 1492 esse
2126 1431 2193 1492 in
2229 1429 2792 1508 Theophylactum
2826 1428 2946 1507 jam
2989 1435 3345 1494 mortuum.
3404 1442 3547 1505 quin
3592 1424 3744 1486 huic

485 1531 799 1593 volumini
845 1551 914 1594 ea
954 1535 1202 1619 ratione
1240 1534 1433 1595 inseri
1465 1542 1706 1614 posset,
1744 1534 1916 1613 quod
1948 1533 2166 1612 aliqua
2198 1549 2277 1593 ex
2308 1532 2509 1610 gestis
2560 1530 3043 1610 virtutibusque
3106 1529 3201 1605 (ut
3252 1527 3316 1588 in
3368 1526 3741 1606 hujusmodi

477 1633 881 1696 orationibus
932 1637 1221 1699 accidere
1248 1638 1437 1717 solet)
1492 1638 1673 1701 illius
1727 1636 2002 1700 celebris
2046 1635 2517 1713 archiepiscopi
2586 1635 3147 1712 complecteretur.
3202 1637 3280 1696 At
3357 1631 3493 1693 sola
3554 1630 3743 1694 lectio

481 1729 863 1808 epigraphes
923 1734 1305 1809 exemplaris
1363 1735 1436 1795 ad
1502 1750 1619 1796 nos
1678 1731 2032 1795 transmissi
2125 1730 2204 1793 ab
2268 1734 2443 1793 omni
2513 1733 2781 1801 omnino
2845 1751 2958 1812 spe
3024 1741 3084 1793 et
3140 1738 3570 1811 praeconcepta
3622 1747 3738 1793 nos

476 1829 792 1905 Opinione
825 1832 1097 1913 dejecit;
1133 1833 1218 1894 ita
1252 1833 1424 1894 enim
1462 1851 1529 1893 se
1570 1833 1759 1894 habet
1793 1855 1807 1893 :
1841 1840 2082 1914 Θρηνῴδη

2160 1844 2254 1895 ἐπὶ
2302 1841 2381 1912 τῷ
2425 1842 2715 1913 μακαρίτῳ
2743 1840 2898 1913 κύρῳ
2941 1841 3304 1913 Θεοφυὶάκτῳ
3356 1841 3435 1913 τῷ
3480 1841 3743 1895 Baltasa-

480 1937 638 2009 ρίτῳ,
679 1929 1068 1994 Lamentatio
1107 1950 1300 2010 super
1332 1932 1536 2013 felicis
1580 1934 1891 1993 memoria
1936 1934 2073 1996 viro
2131 1932 2381 1993 domino
2434 1932 2897 2012 Theophylacto
2952 1932 3350 1995 Belissarito.
3400 1935 3592 1994 Porro
3642 1933 3738 1996 vel

482 2032 696 2109 ipsum
748 2034 1107 2096 Belissariti
1143 2052 1498 2113 cognomen
1554 2037 1709 2097 satis
1762 2036 1986 2115 procul
2044 2037 2242 2099 dubio
2275 2035 2528 2110 fuisset,
2584 2046 2655 2099 ut
2697 2036 3242 2116 Thcuphylactum
3284 2037 3457 2099 hunc
3514 2054 3548 2099 a
3586 2033 3741 2097 Bul-

483 2147 780 2208 garorum
818 2133 1305 2212 archiepiscopo
1338 2152 1851 2208 secerneremus,
1883 2134 2138 2197 etiamsi
2181 2153 2329 2216 qua)
2373 2135 2789 2198 continentur
2838 2137 2904 2197 in
2964 2138 3079 2199 hac
3118 2137 3407 2199 oratione
3470 2136 3738 2213 lugubri

482 2233 702 2312 aliquo
753 2233 944 2313 modo
985 2233 1265 2294 fuissent
1313 2235 1635 2313 ambigua.
1667 2237 1786 2298 Sed
1841 2242 1904 2297 et
1929 2254 2030 2298 res
2079 2237 2143 2298 in
2196 2237 2332 2315 ipsa
2389 2242 2703 2297 contentas
2744 2235 3296 2315 Theophylactum
3341 2234 3648 2299 exhibent
3708 2247 3745 2294 a

484 2337 706 2392 nostro
750 2330 934 2408 plane
975 2331 1303 2393 diversum
1334 2353 1348 2391 :
1374 2336 1504 2392 tota
1541 2331 1713 2392 enim
1750 2332 2144 2409 impenditur
2172 2333 2242 2395 in
2274 2332 2671 2410 deplorando
2710 2335 3054 2397 immaturo
3095 2336 3361 2412 juvenis
3398 2334 3734 2413 cujusdam

485 2427 723 2489 nobilis
764 2427 1055 2502 interitu,
1089 2430 1198 2508 qui
1233 2445 1375 2489 cum
1411 2428 1670 2506 generis
1720 2428 2072 2503 nobilitate,
2112 2437 2246 2492 tum
2282 2429 2591 2491 virtutum
2623 2441 2999 2494 ornamento
3043 2436 3375 2512 praestabat
3418 2459 3432 2496 :
3497 2435 3744 2514 quique

480 2530 635 2589 dum
666 2528 936 2590 Athenis
969 2530 1183 2592 studio
1215 2547 1471 2609 operam
1501 2534 1698 2607 daret,
1740 2532 2034 2596 faucibus
2061 2534 2297 2614 angina
2323 2535 2715 2610 interclusis,
2752 2536 3049 2615 migravit
3089 2559 3122 2600 e
3176 2539 3324 2612 vita,
3373 2539 3538 2600 datis
3581 2548 3729 2601 ante

485 2629 785 2710 pluribus
823 2632 1081 2708 pietatis
1115 2631 1402 2695 indiciis.
1455 2637 1618 2696 Eum
1656 2636 1851 2713 igitur
1881 2636 2091 2697 solum
2139 2653 2217 2697 ex
2267 2636 2387 2698 hoc
2425 2637 2744 2715 opusculo
2773 2637 3050 2700 fructum
3094 2637 3329 2702 referre
3385 2646 3734 2715 potuerunt

485 2743 813 2793 curatores
848 2732 1110 2794 istiusce
1137 2733 1459 2812 editionis,
1494 2744 1565 2796 ut
1596 2736 1794 2814 magis
1822 2737 2152 2814 magisque
2183 2745 2573 2815 perspectam
2607 2737 2912 2799 omnibus
2957 2746 3377 2819 testataznque
3404 2739 3746 2804 redderent

483 2835 913 2914 diligentiam,
947 2853 1074 2914 qua
1127 2836 1224 2897 usi
1272 2845 1448 2909 sunt,
1500 2837 1835 2899 maximam
1889 2837 1953 2898 in
2009 2836 2478 2916 conquirendis
2522 2837 2840 2916 undique,
2896 2839 3076 2901 nulla
3153 2848 3451 2918 sumptus
3499 2842 3745 2904 ratione

487 2938 721 3007 habita,
761 2935 1070 3013 operibus
1120 2937 1195 2996 ad
1244 2936 1795 3017 TheOphylactum
1830 2939 2139 2997 nostrum
2192 2935 2682 3015 quomodolibet
2766 2939 3263 3016 pertinentibus.
3323 2941 3480 3003 Cum
3549 2942 3749 3021 igitur

485 3036 683 3120 hujus
714 3035 1115 3114 alteriusque
1149 3033 1400 3098 defectu
1428 3037 1641 3112 operis
1678 3052 1807 3097 non
1851 3052 2046 3112 pauca
2082 3035 2388 3096 deessent
2421 3034 2575 3098 folia
2609 3036 2686 3097 ad
2720 3037 3137 3113 praestitutam
3170 3036 3367 3120 hujus
3401 3041 3746 3103 voluminis

490 3116 744 3207 molem,
805 3142 1131 3196 curatores
1195 3132 1506 3214 praedicti,
1582 3130 1920 3210 impressis
1987 3132 2115 3211 jam
2169 3131 2463 3210 epistolis
2524 3132 2790 3212 viginti,
2867 3143 2928 3194 et
2989 3137 3206 3198 Graeco
3257 3116 3747 3202 'Commentario

486 3232 897 3310 insequente,
950 3232 1301 3296 consilium
1367 3231 1775 3310 capessivere
1846 3232 1945 3313 (ad
2010 3232 2211 3293 alium
2266 3239 2509 3293 tomum
2562 3240 2884 3295 reservato
2946 3252 3176 3315 opere,
3236 3238 3411 3314 quod
3480 3238 3746 3302 Parisiis

493 3332 956 3411 praistolantur)
988 3331 1334 3410 adiiciendi
1382 3333 1571 3393 etiam
1611 3332 1917 3410 epistolas
1954 3348 1987 3392 a
2040 3330 2327 3393 Meursio
2369 3340 2431 3391 et
2475 3330 2695 3392 Lainio
2736 3330 2964 3407 editas,
3009 3350 3087 3394 ne
3122 3340 3336 3396 tomus
3393 3336 3513 3398 iste
3561 3356 3746 3418 coquo

490 3432 743 3492 brevior
787 3432 1119 3506 evaderet;
1174 3431 1502 3508 simulque
1551 3431 1875 3493 celeritate
1925 3446 2174 3492 summa
2219 3430 2486 3492 curandi
2528 3431 2735 3510 ipsius
2805 3431 3328 3511 impressionem,
3385 3453 3465 3497 ne
3520 3438 3748 3498 erudi-

493 3539 704 3594 torum
758 3539 900 3593 vota
951 3533 1200 3594 diutius
1251 3531 1698 3612 fatigarentur.
1748 3533 1916 3595 Hinc
1958 3547 2111 3594 vero
2140 3530 2276 3610 ,hoc
2324 3531 2536 3593 solum
2586 3532 2977 3596 incommodi
3039 3534 3269 3597 accidit
3315 3534 3514 3615 (quod
3575 3539 3749 3601 enim

487 3634 805 3714 ejusmodi
830 3630 1130 3716 epistolae
1161 3638 1238 3700 ab
1269 3637 1415 3698 aliis
1448 3637 1754 3717 sejunctae
1788 3640 2127 3716 prodeant,
2161 3651 2279 3715 pro
2328 3634 2532 3698 nihilo
2588 3635 2950 3698 habendum
2985 3655 3125 3700 csse
3180 3656 3215 3700 a
3267 3640 3422 3700 viris
3466 3643 3751 3717 pruden-

488 3740 662 3800 tibus
696 3740 870 3819 puto)
903 3739 1075 3820 quod
1110 3741 1557 3804 Marinerianre
1598 3739 1918 3802 versionis
1956 3738 2504 3812 emendationem,
2543 3755 2735 3817 quam
2805 3739 3068 3817 aggredi
3120 3756 3192 3802 ac
3240 3742 3543 3819 perﬁcere
3587 3748 3749 3802 state

490 3849 779 3918 tempore
820 3839 1308 3917 constitueram,
1356 3850 1617 3921 capto‘a
1678 3840 2087 3903 curatoribus
2132 3856 2302 3901 novo
2354 3839 2820 3919 inOpinatoque
2880 3843 3181 3917 consilio,
3230 3851 3293 3905 et
3362 3863 3427 3906 re
3475 3843 3749 3906 maxime

490 3947 847 4017 properata,
892 3949 1189 4018 praistare
1230 3959 1358 4004 non
1396 3942 1740 4019 potuerim.
1780 3942 1855 4002 At
1887 3942 2253 4003 versionem
2298 3940 2471 4003 illam
2506 3942 2908 4005 tolerabilem
2949 3945 3025 4005 ad
3068 3945 3282 4007 minus
3319 3963 3489 4020 esse,
3525 3945 3622 4009 vel
3668 3963 3749 4006 ex

488 4058 568 4104 co
611 4042 762 4103 mihi
804 4046 1185 4121 persuadeo,
1230 4045 1406 4124 quod
1459 4044 1743 4119 Lamius,
1794 4045 1893 4104 vir
1945 4044 2391 4119 doctissimus,
2438 4042 2773 4124 Grmcique
2820 4045 3142 4109 idiomatis
3167 4045 3623 4124 peritissimus,
3677 4047 3745 4107 in

488 4146 727 4208 celebri
761 4146 1044 4210 editione
1074 4150 1463 4223 Meursiana,
1501 4151 1602 4212 cui
1635 4155 1890 4229 praeest,
1924 4166 2063 4210 eam
2119 4149 2439 4220 collocare
2477 4166 2606 4211 non
2637 4148 2972 4212 dubitarit.
3007 4148 3258 4211 Nullam
3300 4149 3501 4228 igitur
3531 4149 3599 4211 in
3648 4149 3749 4210 his

490 4248 759 4311 edendis
793 4252 1090 4327 epistolis
1124 4252 1263 4330 ipse
1298 4269 1556 4330 Operam
1592 4252 1805 4327 posui,
1847 4252 2141 4332 adeoque
2195 4250 2358 4313 nihil
2413 4252 2492 4312 de
2543 4250 2773 4312 iisdem
2818 4259 3116 4330 superest
3164 4250 3322 4312 mihi
3375 4250 3743 4313 dicendum.

492 4354 566 4414 Et
596 4351 727 4415 haec
754 4354 963 4432 quoad
998 4354 1289 4433 singulas
1320 4355 1516 4435 hujus
1549 4356 1904 4419 voluminis
1939 4364 2171 4435 partes.
2210 4357 2395 4417 Nunc
2449 4370 2649 4431 pauca
2701 4353 2780 4415 de
2819 4353 3120 4417 versione
3174 4370 3338 4427 mea,
3380 4352 3749 4430 additisque

494 4454 685 4528 notis,
735 4462 1075 4533 antequam
1112 4454 1549 4517 Praefationem
1583 4457 1873 4531 absolvo,
1905 4455 2181 4534 adjicere
2216 4454 2418 4517 lubet.

572 4576 807 4635 XLIX.
856 4577 1022 4637 Usus
1053 4593 1197 4638 sum
1237 4578 1535 4641 liberiore
1563 4580 1888 4643 versionis
1936 4595 2208 4656 genere;
2263 4594 2391 4640 non
2434 4578 2724 4655 quidem,
2786 4584 2856 4640 ut
2893 4595 3032 4641 eam
3086 4578 3424 4640 redderem
3481 4579 3748 4655 elegan-

496 4671 751 4748 tiorem,
790 4675 897 4734 sed
946 4682 1012 4735 ut
1041 4675 1378 4740 clariorem
1414 4679 1751 4759 magisque
1790 4680 2219 4758 perSpicuam.
2255 4678 2509 4741 Etenim
2548 4678 2620 4739 in
2671 4694 2745 4739 ea
2796 4695 3052 4756 semper
3092 4676 3411 4741 sententia
3439 4675 3559 4745 fui,
3598 4690 3749 4736 eum

498 4773 663 4834 haud
702 4772 980 4849 perfecte
1026 4774 1210 4856 fungi
1261 4779 1628 4860 interpretis
1671 4797 1961 4850 munere,
2016 4779 2131 4857 qui
2201 4788 2492 4842 accurate
2541 4779 2806 4858 quidem
2850 4783 3044 4843 verba
3093 4778 3439 4842 transferre
3490 4777 3745 4856 satagit,

495 4874 774 4938 auctoris
807 4892 960 4937 vero
988 4895 1254 4942 sensum
1296 4883 1645 4945 obscurum
1680 4882 2014 4961 relinquit.
2053 4884 2260 4961 Hujus
2310 4883 2634 4961 siquidem
2681 4882 3175 4961 explicationem
3210 4880 3621 4962 potissimum
3667 4879 3746 4941 ad

498 4973 905 5055 interpretem
951 4980 1298 5056 pertinere,
1351 4990 1517 5060 patet
1576 4985 1675 5044 vel
1729 5001 1807 5044 ex
1868 4998 1947 5044 eo
2006 4982 2182 5061 quod
2236 4982 2282 5041 ii
2332 4982 2524 5044 etiam
2571 4983 2684 5059 qui
2735 4984 3093 5063 cujuSpiam
3134 4982 3420 5045 auctoris
3477 4997 3745 5044 sensum
3848 4982 3853 4991 ’

496 5074 745 5143 tametsi
780 5075 849 5135 in
908 5078 1127 5141 eadem
1188 5080 1433 5159 lingua,
1482 5081 1818 5144 clariorem
1875 5083 2175 5154 reddunt,
2235 5081 2487 5143 soleant
2541 5084 2919 5162 interpretes
2977 5083 3312 5162 appellari.
3360 5085 3748 5162 Plerumque

498 5171 699 5253 igitur
755 5174 820 5235 in
889 5175 952 5237 id
1020 5181 1462 5242 tantummodo
1529 5181 1834 5253 laboravi,
1873 5189 1941 5242 ut
1972 5196 2237 5243 sensum
2268 5198 2462 5259 quem
2493 5181 2779 5243 auctoris
2817 5182 3010 5243 verba
3037 5181 3421 5261 diligentius
3464 5195 3747 5252 expensa

506 5278 838 5339 continere
869 5279 1126 5353 censui,
1180 5280 1424 5358 phrasi,
1479 5281 1692 5359 quoad
1753 5282 1958 5360 potui,
2021 5279 2317 5353 clariore,
2371 5280 2716 5359 verbisque
2761 5280 3298 5360 requivalentibus
3351 5279 3745 5342 exhiberem.

503 5372 724 5436 Sicubi
761 5392 909 5437 vero
937 5377 1219 5439 auctoris
1266 5394 1448 5439 mens
1492 5379 1707 5440 minus
1738 5386 1906 5441 certa
1941 5378 2404 5458 explorataque
2440 5379 2599 5441 mihi
2646 5380 2786 5441 visa
2839 5385 2959 5456 est,
2991 5384 3126 5442 tum
3172 5379 3460 5458 pressius
3507 5379 3747 5440 hmrere

506 5474 721 5535 verbis
751 5475 1116 5538 consultius
1153 5476 1542 5550 existimavi,
1594 5490 1783 5541 acuto
1844 5478 2089 5542 Lectori
2121 5484 2497 5556 potestatem
2546 5485 2614 5542 ut
2653 5480 2928 5543 facerem
2958 5496 3034 5544 ea
3066 5488 3138 5543 ut
3182 5480 3304 5542 sibi
3345 5476 3747 5558 probabilius

508 5572 837 5634 videretur
879 5572 1364 5653 interpretandi.
1416 5578 1485 5637 In
1539 5575 1909 5655 hujusmodi
1956 5574 2260 5654 scapulos
2300 5577 2499 5638 semel
2547 5584 2610 5638 et
2670 5578 2903 5641 iterum
2958 5577 3162 5640 incidi
3209 5577 3365 5639 dum
3426 5583 3747 5639 verterem

510 5670 853 5746 Epistolas,
901 5691 1046 5754 quae
1102 5673 1257 5738 mihi
1312 5674 1555 5758 ubique
1601 5677 1921 5754 ditlicilcs,
1948 5677 2184 5741 alicubi
2239 5675 2395 5741 visa;
2447 5684 2597 5739 sunt
2657 5676 2847 5742 etiam
2885 5678 3039 5743 satis
3090 5678 3402 5742 obscuras.
3447 5678 3744 5742 Fortasse
