4068 6210
366 381 465 444 477
1405 385 1830 456 LAURENTII
1862 385 2121 446 SIFANI
2162 387 2577 450 PR/EFATIO.
3512 392 3618 455 ι’ῗὸ

367 486 886 582 ‘l'lieOpliylactus
954 486 1020 550 in
1083 491 1178 551 eis
1228 492 1714 554 conscribendis
1769 492 2041 556 clariore
2085 495 2255 572 stylo
2315 514 2470 558 usus
2505 513 2630 560 non
2686 504 2802 573 est,
2838 499 2991 579 quia
3036 501 3113 562 ad
3159 500 3508 567 familiares
3553 513 3618 567 et

364 592 758 653 domesticos
803 593 1122 668 scribens,
1159 593 1398 657 clarius
1429 613 1573 659 sese
1606 598 1930 676 explicare
1967 607 2076 661 aut
2101 600 2386 679 neglexit
2429 611 2536 663 aut
2583 603 2816 666 noluit.
2870 606 2939 666 ln
2997 606 3192 666 variis
3230 609 3386 669 tomi
3425 610 3622 688 hujus

366 697 676 774 aperibus
721 715 755 758 a
808 715 911 759 me
948 699 1165 760 Latine
1237 702 1503 763 redditis
1564 704 2003 767 diversitatem
2062 705 2340 785 aliquam
2403 707 2470 768 in
2549 706 2687 785 ipsa
2720 709 3018 771 versione
3070 707 3340 772 fortasse
3397 714 3623 775 Lector

366 803 670 871 oll‘endet,
721 801 804 861 ita
840 811 904 861 ut
941 808 1129 864 modo
1178 808 1404 884 magis,
1439 809 1630 870 modo
1660 811 1876 872 minus
1911 809 2225 872 elaborata
2248 811 2305 870 ei
2340 811 2636 872 videatur
2661 822 2851 890 atque
2885 812 3202 892 expolita;
3228 817 3617 892 quandoque

367 903 554 963 etiam
605 902 832 980 magis,
893 905 1286 983 uuandoque
1358 908 1574 970 minus
1627 909 2086 989 TbeOphylacti
2146 909 2357 970 verbis
2420 909 2695 970 astricta.
2765 910 2959 988 Cujus
3035 911 3428 973 diversitatis
3478 931 3617 974 eam

365 1021 619 1065 causam
669 1021 812 1065 esse
849 1013 1029 1078 sciat,
1061 1007 1234 1084 quod
1273 1024 1390 1086 ego
1425 1025 1550 1071 non
1597 1011 2025 1081 continenter,
2054 1010 2164 1069 sed
2207 1027 2316 1087 per
2365 1008 2533 1069 varia
2570 1010 2878 1085 temporis
2917 1009 3269 1086 intervalla,
3326 1013 3618 1091 adeoque

367 1110 427 1162 et
479 1103 647 1164 varia
691 1113 880 1166 utens
930 1107 1223 1183 corporis
1267 1109 1658 1180 valetudine,
1716 1111 2037 1190 variisque
2095 1112 2268 1171 curis
2317 1115 2460 1178 plus
2523 1111 2820 1171 minusve
2865 1111 3213 1185 distentus,
3282 1111 3615 1174 versiones

369 1203 1204 1281 hujusmodielucubrarim
1265 1232 1281 1272 :
1340 1210 1511 1271 unde
1551 1209 1834 1289 aliquam
1892 1211 2046 1289 styli
2109 1218 2306 1290 atque
2365 1211 2914 1290 interpretationis
2963 1211 3403 1273 diversitatem
3458 1213 3616 1272 oriri

367 1321 631 1364 necesse
667 1306 812 1368 fuit.
841 1307 1066 1378 Quoad
1101 1319 1281 1370 notas
1313 1313 1562 1384 attinet,
1605 1315 1858 1375 noverit
1889 1317 2138 1387 Lector,
2171 1332 2272 1377 me
2307 1315 2573 1376 minime
2605 1315 2671 1375 id
2714 1315 3000 1378 muneris
3033 1315 3191 1376 mihi
3234 1316 3612 1393 sumpsisse,

367 1418 434 1467 ut
468 1414 637 1473 notis
689 1411 767 1472 de
801 1427 978 1472 more
1012 1412 1325 1492 subjectis
1370 1416 1831 1494 Tbeophylacti
1873 1434 2068 1495 opera
2102 1417 2494 1479 illustrarem
2534 1441 2550 1478 :
2585 1435 2798 1497 neque
2832 1419 3008 1478 enim
3039 1436 3306 1480 necesse
3357 1419 3420 1478 id
3461 1426 3616 1490 erat,

365 1529 579 1587 neque
615 1530 724 1590 per
755 1512 1214 1590 occupationes
1247 1531 1424 1576 meas
1469 1527 1529 1577 et
1567 1517 1858 1594 corporis
1895 1517 2327 1579 valetudinem
2365 1526 2667 1597 praestare
2693 1517 2759 1578 id
2817 1517 2981 1578 mihi
3033 1517 3346 1579 licuisset.
3397 1517 3618 1578 Solum

363 1612 565 1690 igitur
601 1624 780 1674 notas
820 1614 1072 1692 aliquas
1100 1615 1406 1692 Operibus
1453 1635 1487 1679 a
1527 1636 1624 1680 me
1691 1619 2015 1680 translatis
2049 1619 2165 1680 hac
2202 1618 2482 1697 illacque
2526 1619 2794 1698 aspersi,
2848 1619 2959 1678 ubi
3009 1617 3106 1678 vel
3157 1618 3364 1694 major
3403 1618 3616 1695 aliqua

366 1727 505 1786 ιιι-ει
534 1729 601 1777 re
635 1713 990 1774 necessitas
1026 1714 1389 1789 videbatur,
1425 1718 1518 1778 vel
1557 1727 1919 1796 proruptum
1962 1720 2230 1780 omnino
2261 1728 2415 1790 erat,
2449 1719 2622 1797 quod
2658 1720 3051 1779 adnotarem.
3097 1716 3260 1777 Illud
3297 1724 3616 1793 postremo

363 1810 508 1870 loco
543 1812 936 1872 monendum
979 1821 1303 1890 superest,
1335 1832 1528 1876 sacrm
1558 1818 1902 1895 Scripturae
1940 1823 2151 1876 textus
2187 1815 2367 1893 juxta
2399 1814 2762 1884 versionem
2791 1811 3128 1888 Vulgatam
3161 1810 3453 1871 attulisse
3489 1830 3615 1880 me,

358 1923 430 1974 ut
462 1915 932 1976 Catholicorum
988 1917 1100 1994 qui
1153 1917 1212 1978 ei
1241 1921 1481 1980 assueti
1544 1928 1719 1991 sunt,
1764 1919 2105 1981 commodo
2155 1916 2507 1996 praesertim
2565 1915 2984 1986 inservirem;
3033 1921 3226 1992 atque
3277 1931 3406 1976 non
3455 1916 3617 1977 Novi

357 2018 688 2089 duntaxat,
749 2016 864 2076 sed
917 2016 1108 2078 etiam
1153 2018 1408 2078 Veteris
1455 2020 1850 2080 Testamenti
1907 2019 2096 2079 verba
2158 2017 2488 2079 efferendo
2541 2037 2555 2075 :
2613 2015 2760 2076 licet
2808 2014 3349 2094 TbéOphylactus,
3398 2024 3618 2094 utpote

356 2118 615 2178 Graecus
671 2123 913 2186 auctor,
950 2115 1162 2193 quoad
1226 2115 1612 2190 secundum,
1661 2124 1880 2177 utatur
1913 2117 2212 2178 versione
2265 2124 2388 2178 Τῶν
2443 2115 2638 2176 LXX.
2697 2116 2854 2175 Cum
2904 2130 3055 2174 vero
3092 2113 3378 2192 Vulgatm
3429 2115 3617 2176 verba

356 2219 522 2277 adeo
551 2213 885 2276 differrent
922 2231 957 2276 a
988 2215 1201 2277 verbis
1234 2232 1344 2292 per
1364 2215 1915 2296 'l‘heOpbylactum
1953 2218 2186 2289 allatis,
2215 2223 2283 2278 ut
2312 2215 2453 2295 ejus
2505 2214 2612 2276 fini
2657 2213 2926 2276 minime
2961 2223 3391 2277 consentanea
3423 2217 3614 2278 vide-

361 2323 608 2390 rentur,
644 2323 792 2377 tunc
819 2316 1108 2392 pressius
1163 2331 1236 2376 ea
1269 2324 1514 2377 vertere
1550 2317 1986 2379 necessarium
2022 2317 2290 2379 omnino
2325 2316 2532 2376 visum
2571 2321 2691 2376 est.

440 2417 510 2475 L.
557 2417 692 2476 Jam
737 2431 916 2492 vero,
973 2414 1170 2477 lector
1225 2417 1488 2495 Optime,
1550 2415 1747 2479 habes
1805 2418 2122 2488 omnium,
2186 2433 2331 2496 quae
2388 2425 2599 2478 tomus
2655 2417 2776 2477 iste
2825 2415 3293 2494 complectitur,
3346 2432 3614 2493 operum

358 2511 730 2591 laborisque
765 2529 800 2574 a
834 2529 933 2574 me
960 2513 1022 2573 in
1057 2529 1134 2574 eo
1167 2513 1477 2592 insumpti
1516 2513 1856 2574 rationem.
1887 2515 2109 2587 Quoad
2145 2513 2470 2592 duplicem
2517 2512 2690 2574 enim
2723 2514 3028 2585 lndicem,
3059 2515 3347 2574 Graacum
3381 2527 3609 2585 unum,

359 2613 766 2693 alterumque
795 2614 1118 2685 Latinum,
1152 2630 1318 2693 quos
1359 2621 1680 2692 postremo
1733 2612 1874 2674 loco
1910 2613 2138 2692 adieci,
2190 2613 2348 2674 nihil
2399 2612 2628 2684 habeo,
2675 2613 2850 2690 quod
2883 2611 3112 2680 dicam,
3149 2609 3274 2671 nisi
3309 2626 3407 2670 me
3435 2609 3497 2669 in
3533 2625 3612 2671 eo

360 2728 683 2792 spectasse
718 2715 1035 2776 delectum
1076 2717 1292 2793 potius
1322 2733 1510 2795 quam
1537 2716 1810 2791 cupiam.
1844 2713 2014 2776 Nihil
2066 2714 2256 2775 etiam
2285 2719 2364 2774 de
2416 2713 2862 2792 impressionis
2894 2719 3180 2774 accurata
3215 2706 3612 2774 correctione

359 2815 603 2889 dicam;
631 2817 869 2896 quippe
910 2835 1054 2896 qum
1095 2820 1170 2880 ad
1219 2836 1318 2879 me
1351 2835 1478 2878 non
1525 2823 1790 2894 spectat,
1822 2816 1938 2876 sed
1970 2816 2046 2877 ad
2079 2833 2228 2878 eum
2269 2816 2382 2896 qui
2412 2817 2766 2893 specimina
2817 2817 3123 2878 correxit.
3161 2816 3383 2878 Solum
3419 2814 3617 2894 igitur

355 2933 534 2977 nunc
585 2924 906 2992 superest,
964 2924 1034 2978 ut
1083 2924 1142 2977 te
1192 2917 1385 2978 etiam
1431 2923 1627 2995 atque
1689 2918 1879 2978 etiam
1940 2931 2183 2993 rogem,
2244 2933 2456 2977 meum
2517 2917 2688 2976 hunc
2755 2915 3274 2994 qualemcunque
3332 2913 3612 2975 laborem

355 3025 428 3076 ut
458 3017 512 3076 si
550 3016 817 3094 probare
853 3017 1118 3079 omnino
1147 3033 1273 3079 non
1336 3019 1568 3095 possis,
1611 3025 1907 3078 conatum
1945 3015 2169 3078 saltem
2233 3033 2445 3078 meum
2495 3031 2680 3095 aequo
2713 3026 3023 3095 gratoque
3071 3017 3287 3078 animo
3319 3015 3613 3095 excipere

358 3117 545 3179 velis.

355 3539 720 3608 Nobilibus.
750 3539 1082 3616 generosis
1117 3544 1310 3610 atque
1347 3536 2013 3616 magnificisvirisAD.
2046 3539 2258 3598 Marco
2292 3546 2352 3599 et
2375 3539 2605 3600 Joanni
2640 3542 2966 3602 Fueesars
2987 3536 3319 3616 fratribus,
3348 3531 3614 3616 Antonii

434 3617 612 3689 filiis,
642 3612 1056 3693 KirEbpergre
1093 3625 1153 3676 et
1183 3612 1683 3676 Weissenborni
1720 3613 2091 3693 baronibus,
2125 3625 2273 3688 etc.,
2308 3617 2592 3678 dominis
2647 3617 2788 3678 suis
2835 3614 3235 3677 charissimis
3269 3621 3332 3675 et
3390 3612 3614 3676 amicis

435 3695 730 3767 summis,
776 3692 1167 3756 Laurentius
1201 3694 1552 3767 SlFANUS,
1581 3692 2052 3764 Prunsl‘eldins,
2084 3694 2143 3753 J.
2178 3694 2247 3754 U.
2285 3695 2541 3769 Doctor,
2574 3696 2635 3755 ς.
2667 3698 2734 3755 P.
2768 3696 2844 3754 D.

447 3926 584 3980 Cum
642 3925 842 3979 abhinc
887 3923 1206 3987 triennium,
1263 3924 1363 3978 viri
1423 3926 1696 3993 generosi,
1736 3927 2014 3980 Arnoldus
2061 3925 2482 3987 Bircomanuus,
2531 3922 2948 3993 Agrippinensis
2994 3920 3309 3990 bibliopola,
3343 3921 3445 3977 hoc
3478 3937 3618 3993 opus

357 4023 696 4084 sclroliorum
729 4021 784 4075 in
826 4023 958 4075 Acta
992 4021 1294 4090 apostolica
1329 4019 1436 4072 divi
1467 4018 1647 4082 Lucae,
1684 4035 1746 4073 ex
1779 4021 2001 4076 Austria
2046 4036 2076 4075 a
2122 4020 2431 4074 clarissimo
2464 4019 2582 4072 viro
2621 4019 2684 4073 D.
2714 4017 2926 4073 Joanne
2972 4017 3247 4071 Sambuco
3284 4017 3350 4068 ad
3387 4031 3445 4070 se
3477 4019 3619 4072 mis-

356 4129 503 4175 sum,
535 4113 668 4165 mihi
704 4112 1044 4166 exhibuisset
1077 4127 1092 4164 :
1124 4110 1268 4179 quod
1305 4119 1423 4162 erat
1456 4108 1738 4177 exemplar
1763 4110 2092 4174 obsoletum,
2125 4119 2177 4163 et
2223 4109 2545 4177 compendio
2580 4109 2883 4162 litterarum
2943 4107 3078 4162 adeo
3114 4107 3429 4162 intricatum
3453 4116 3619 4177 atque

352 4209 736 4268 obscuratum,
766 4214 826 4260 ut
854 4207 921 4260 ab
959 4206 1250 4260 admodum
1289 4204 1476 4274 paucis
1506 4203 1748 4259 Coloniae
1781 4206 1884 4273 legi
1924 4213 2127 4274 posset,
2163 4221 2371 4260 mecum
2405 4219 2566 4274 agere
2597 4205 2784 4271 etrapit,
2811 4213 2868 4257 ut
2893 4203 3229 4272 susciperem
3257 4203 3375 4273 ejus
3401 4203 3616 4259 descri-

352 4301 515 4354 bendi
550 4301 813 4354 laborem.
845 4301 998 4353 Island
1036 4301 1180 4355 enim
1221 4300 1506 4368 ignorabat
1536 4316 1621 4354 me
1671 4300 1800 4352 ulim
1835 4300 2063 4354 Lutetim
2098 4300 2369 4368 ejusmodi
2404 4299 2785 4354 describendis
2818 4300 3052 4354 vetustis
3083 4301 3363 4354 codicibus
3403 4297 3614 4356 Grarcis

353 4392 738 4454 exercitatum,
774 4392 917 4445 haud
957 4392 1184 4445 multum
1213 4392 1266 4445 in
1298 4393 1534 4447 lectione
1583 4406 1705 4445 esse
1745 4392 2147 4445 labnratnruni.
2187 4391 2296 4460 Ego
2348 4406 2478 4445 vero
2533 4407 2654 4446 cum
2707 4391 3063 4463 intelligerent
3099 4407 3223 4445 eum
3289 4406 3426 4459 Opus
3478 4391 3610 4444 illud

352 4482 544 4535 Graece
574 4482 736 4534 simul
769 4489 824 4535 et
856 4480 1047 4535 Latine
1087 4483 1372 4552 divulgare
1418 4487 1469 4537 in
1509 4484 1695 4536 animo
1724 4484 1945 4548 habere,
2003 4483 2287 4552 cupiebam
2322 4483 2538 4552 quidem
2580 4490 2632 4536 et
2667 4483 2741 4536 illi
2767 4497 2866 4551 pro
2902 4483 3142 4535 amicitia
3178 4497 3384 4536 morem
3419 4496 3614 4552 gerere

352 4581 399 4622 et
439 4571 673 4640 publica:
706 4572 932 4625 utilitati
970 4573 1262 4628 consulere
1297 4591 1312 4641 ;
1344 4575 1437 4629 sed
1470 4573 1784 4628 dcterreliat
1817 4591 1902 4628 me
1934 4591 2055 4630 eum
2085 4576 2373 4645 scriptura:
2403 4575 2619 4628 exilitas
2653 4575 2830 4628 oculis
2872 4574 3113 4639 inimica,
3149 4582 3264 4626 tum
3301 4575 3608 4644 exemplum

355 4670 540 4720 minus
571 4668 942 4734 emendatum,
973 4668 1276 4737 prmsertim
1307 4684 1430 4723 cum
1465 4670 1685 4725 deesset
1714 4669 1862 4724 aliud
1907 4670 2279 4740 apographum
2318 4673 2463 4724 unde
2505 4669 2702 4739 corrigi
2743 4669 2908 4737 hujus
2936 4677 3100 4739 atque
3145 4669 3424 4724 emendari
3476 4669 3608 4723 vitia

351 4769 598 4823 [ossi-nt.
633 4758 840 4826 Itaque,
900 4775 1213 4830 quanquam
1249 4777 1411 4831 :rgre,
1471 4763 1724 4817 concessi
1762 4771 1940 4816 tamen
1991 4764 2220 4832 petenti,
2255 4773 2310 4818 et
2362 4779 2474 4816 rem
2508 4763 2725 4831 suscepi
2771 4779 2785 4820 :
2820 4771 2871 4817 et
2904 4778 3028 4817 cum
3079 4762 3310 4817 vitandae
3343 4762 3611 4830 pestiferae

347 4853 694 4921 contagionis
724 4867 888 4907 causa
919 4868 1003 4906 me
1031 4853 1084 4905 iu
1118 4854 1347 4922 patriam
1374 4869 1440 4907 ex
1485 4853 1622 4907 urbe
1649 4853 2006 4923 recepissem,
2039 4853 2182 4924 apud
2215 4853 2476 4907 Jacobum
2509 4851 2844 4906 Panhusium
2873 4853 3122 4907 abbatem
3157 4853 3392 4909 coenobii
3432 4851 3612 4907 Stein-

350 4943 536 5005 veldii,
570 4943 747 4995 virum
784 4951 839 4995 et
887 4941 1108 5004 litteris,
1142 4948 1197 4996 et
1234 4943 1458 5011 pietate,
1517 4951 1571 4996 et
1618 4943 1907 5014 prudentia
1955 4944 2391 5021 ornatissimum,
2423 4943 2527 4997 hoc
2557 4960 2694 5012 cpus
2725 4944 2866 4997 haud
2902 4944 3022 4998 sine
3062 4944 3303 4999 maximo
3328 4945 3514 4998 labore
3545 4957 3610 4996 ac

349 5039 570 5091 laesione
605 5037 890 5091 oculorum
917 5037 1184 5105 descripsi
1218 5055 1231 5098 ;
1272 5037 1418 5106 quod
1457 5039 1548 5092 ubi
1593 5039 1982 5108 transcriptum
2021 5039 2386 5093 Bircomanno
2419 5037 2640 5092 tradidi.
2671 5037 2765 5092 Ille
2792 5052 2952 5104 porro
2983 5053 3196 5092 mecum
3227 5053 3385 5108 agere
3422 5035 3610 5106 capit,

345 5140 405 5182 ut
443 5130 588 5198 quod
615 5130 1032 5199 descripseram,
1067 5131 1228 5184 etiam
1263 5140 1638 5187 converterem
1673 5133 1725 5186 in
1753 5148 2058 5187 sermonem
2088 5133 2368 5186 Latinum.
2395 5133 2507 5201 Ego
2537 5145 2665 5184 vero
2697 5130 2878 5202 (quod
2914 5130 3058 5186 haud
3096 5132 3408 5202 ignorabam
3442 5145 3612 5200 quan-

346 5234 536 5289 tepere
569 5221 698 5274 mihi
725 5222 1067 5275 aestuandum
1107 5234 1273 5290 atque
1299 5224 1605 5278 sudandum
1639 5236 1782 5281 esset
1811 5225 1864 5278 in
1898 5240 2086 5294 opere,
2123 5224 2282 5292 cujus
2311 5239 2480 5278 unum
2515 5223 2783 5276 duntaxat
2811 5230 3053 5277 exstaret
3080 5223 3408 5292 exemplum,
3445 5221 3610 5288 idque

349 5315 537 5368 multis
572 5314 626 5366 in
661 5315 796 5367 locis
829 5313 1086 5366 mutilum
1120 5322 1284 5382 atque
1311 5313 1714 5386 depravatum),
1747 5318 2142 5386 aliquantisper
2179 5325 2492 5382 cunctatus,
2529 5317 2744 5371 tandem
2786 5315 3066 5380 Ecclesiae,
3091 5315 3144 5368 in
3183 5323 3288 5366 tam
3324 5313 3440 5366 utili
3469 5327 3609 5382 pra:-

343 5410 537 5462 sertim
592 5425 653 5464 ac
695 5411 788 5478 pio
822 5424 1009 5478 opere,
1055 5410 1313 5478 iuvandae
1353 5412 1559 5475 studio,
1601 5421 1764 5480 atque
1807 5415 1968 5466 etiam
2006 5413 2272 5468 tolerabili
2315 5428 2344 5466 a
2385 5411 2752 5466 Bircomauno
2781 5410 3058 5480 proposita
3111 5409 3446 5473 conditione,
3489 5423 3602 5462 rem

343 5515 642 5568 aggressus
677 5516 798 5555 sum
837 5519 852 5555 :
887 5515 951 5554 ac
1001 5501 1088 5553 vix
1148 5501 1365 5554 tandem
1397 5501 1626 5557 absolvi.
1665 5501 1798 5556 Nam
1834 5519 2230 5574 saepenumero,
2277 5504 2404 5558 dum
2447 5503 2500 5556 in
2533 5503 2652 5557 loca
2687 5501 2875 5555 mutila
2905 5509 3068 5569 atque
3098 5488 3352 5568 corrupta
3398 5498 3602 5554 incide-

341 5593 492 5654 bam,
524 5591 684 5645 taedio
733 5593 936 5646 laboris
988 5593 1302 5662 frequenter
1353 5595 1515 5662 irriti,
1546 5611 1610 5652 ac
1651 5599 2048 5668 propemodum
2101 5597 2482 5669 desperatione
2516 5597 2592 5652 rei
2647 5595 2878 5650 feliciter
2925 5592 3271 5647 absolvenda!
3305 5592 3470 5663 (cum
3502 5609 3600 5649 nec

341 5697 563 5752 semper
595 5683 770 5738 otium
801 5685 991 5753 esset),
1025 5685 1094 5740 ab
1119 5701 1282 5757 opere
1311 5689 1547 5755 cessavi,
1571 5691 1714 5760 quod
1751 5693 2073 5763 plerumque
2102 5693 2266 5746 etiam
2302 5690 2480 5745 facere
2510 5687 2680 5752 soleo,
2704 5687 2794 5742 ubi
2831 5685 2962 5739 mihi
2997 5685 3110 5755 ipse
3135 5699 3245 5739 non
3285 5684 3595 5744 satisfacio:

345 5794 452 5836 nco
474 5778 623 5835 enim
651 5780 784 5836 mihi
815 5783 1145 5852 persuadere
1175 5798 1421 5854 possunt,
1467 5786 1534 5842 ab
1565 5787 1688 5844 aliis
1712 5787 1999 5856 probatum
2032 5787 2120 5852 iri,
2152 5786 2294 5856 quod
2329 5781 2683 5852 mihimctipsi
2703 5781 3002 5852 displiceat.
3036 5779 3222 5852 itaque
3243 5798 3364 5838 cum
3400 5798 3592 5853 perpe-
