4068 6210
381 309 490 372 4-79
1421 301 1840 364 LAURENTll
1892 302 2147 365 SlFANI
2182 301 2599 364 Pnisra'rlo.
3511 299 3625 371 tso

383 433 536 477 tuum
569 419 626 476 in
660 415 1031 476 convertendo
1069 429 1273 471 morem
1303 429 1524 472 servare
1547 417 1717 482 soleo,
1739 426 1921 472 utnon
1953 425 2079 473 ante
2108 432 2327 488 pergam
2357 433 2520 488 opere
2543 418 2812 482 instituto,
2841 431 3002 488 quam
3029 416 3226 487 prioris
3259 416 3365 474 diei
3409 417 3624 476 labores

387 527 778 584 recognovero,
813 519 869 566 et
899 525 1072 579 usque
1100 523 1164 564 eo
1197 524 1508 578 correxere,
1537 518 1595 564 ιιι
1628 510 1812 566 animo
1842 525 1963 566 meo
1993 511 2175 580 aliquo
2205 511 2367 566 modo
2400 512 2654 568 satisﬁat.
2694 510 2770 566 Ac
2800 524 3108 580 quanquam
3137 508 3266 564 mihi
3291 523 3398 563 non
3422 510 3626 580 ubique

385 605 641 662 satisfeci
693 605 808 672 (qui
848 603 992 657 enim
1023 602 1323 672 potuissem
1355 603 1408 656 in
1443 604 1510 660 iis
1546 604 1706 667 locis,
1732 603 1824 659 ubi
1857 612 2116 674 corrupto
2145 608 2360 674 penitus
2389 620 2454 660 ac
2481 604 2729 658 mutilato
2759 601 3071 672 apographo
3092 601 3439 669 conjecturas
3470 599 3624 669 sequi

389 714 613 755 necesse
645 697 809 752 habui
836 696 903 766 ?),
936 695 1104 750 malui
1137 703 1318 750 tamen
1352 712 1410 753 re
1436 705 1690 768 suscepta
1725 697 1881 752 [idem
1907 711 2086 750 meam
2119 698 2376 763 liberare,
2406 713 2508 753 nec
2529 698 2809 752 hominum
2837 695 3304 765 exspectationem
3337 693 3625 764 frustrari.

390 799 446 844 et
483 789 687 858 aliquid
720 790 902 860 potius
927 787 981 841 in
1021 795 1177 856 parte
1206 789 1411 856 operis,
1437 789 1582 859 quod
1617 788 1910 858 aliquando
1940 789 2234 855 sarciatur,
2288 788 2474 843 minus
2500 785 2743 857 probari,
2772 800 2934 856 quam
2969 791 3140 839 totum
3171 797 3310 852 opus
3347 781 3439 836 diu
3478 781 3627 838 desi-

394 883 598 938 derari.
632 879 856 935 llabetis
897 880 1058 935 simul
1094 879 1384 935 consilium
1417 895 1597 934 meum
1625 879 1679 933 in
1713 879 2062 948 suscipienda
2090 895 2168 944 re,
2202 889 2253 935 et
2291 894 2350 934 re
2379 885 2657 947 suscepta,
2687 891 2912 932 causam
2942 891 3040 932 cur
3069 885 3178 930 tam
3213 889 3338 930 sero
3364 888 3502 944 opus
3533 872 3630 927 ab-

389 975 628 1032 solutum
684 980 848 1040 atque
880 971 1182 1041 perfectum
1225 969 1454 1040 prodeat
1509 970 1565 1024 in
1618 971 1815 1023 lucem.
1863 969 1998 1023 Cum
2032 970 2199 1040 igitur
2233 971 2383 1040 operi
2411 969 2524 1039 jam
2560 967 2952 1039 propemodum
2985 966 3112 1023 ﬁnis
3140 964 3431 1035 impositus
3462 973 3632 1031 esset,

393 1075 558 1132 atque
587 1075 688 1130 ego
721 1075 932 1113 mecum
957 1060 1314 1115 deliberarem
1341 1069 1504 1128 atque
1529 1059 1898 1114 consultarem
1930 1075 2092 1129 quem
2128 1061 2213 1115 his
2252 1059 2536 1114 laboribus
2567 1059 2703 1114 meis
2731 1057 3080 1128 potissimum
3124 1055 3417 1127 deligerem
3451 1064 3634 1122 patro-

392 1170 542 1214 num,
579 1148 772 1203 amicis
803 1148 926 1202 aliis
965 1148 1346 1216 alios,eosque
1373 1147 1742 1217 amplissimos
1761 1148 1982 1217 quidem
2012 1149 2180 1215 viros,
2209 1148 2305 1205 sed
2335 1149 2662 1218 quibuscum
2695 1147 2827 1202 mihi
2850 1147 2995 1200 nulla
3017 1145 3408 1216 propemodum
3441 1144 3633 1200 notitia

392 1244 782 1307 intercederet,
846 1243 1323 1313 proponentibus:
1381 1256 1483 1312 ego
1535 1258 1659 1296 cum
1723 1244 1964 1312 ineptum
2006 1252 2061 1299 et
2092 1245 2462 1314 importunum
2497 1257 2620 1298 esse
2662 1241 2998 1312 judicabam,
3031 1255 3353 1310 magnorum
3391 1239 3633 1294 virorum

389 1354 692 1408 eorumque
719 1337 1050 1406 ignotorum,
1077 1343 1130 1389 et
1159 1335 1225 1390 ad
1259 1351 1398 1404 quos
1429 1336 1635 1390 nullum
1677 1336 1802 1404 quis
1829 1336 2034 1390 aditum
2071 1337 2284 1403 habeat,
2323 1337 2593 1391 amicitias
2627 1343 2901 1406 appetere,
2934 1347 2997 1388 ac
3029 1347 3150 1389 sese
3187 1347 3294 1387 non
3330 1331 3493 1398 modo
3519 1347 3638 1388 ser-

393 1427 589 1491 viliter,
621 1441 805 1480 verum
845 1427 1010 1481 etiam
1045 1426 1390 1495 impudenter
1418 1426 1705 1482 insinuare
1739 1435 1893 1482 :tum
1926 1443 2061 1482 mea:
2095 1437 2305 1482 natura:
2334 1437 2501 1498 atque
2550 1427 2766 1498 ingenio
2797 1425 3048 1480 videbam
3087 1438 3201 1478 rem
3246 1438 3370 1479 esse
3403 1425 3638 1478 maxime

393 1524 680 1579 adversam
709 1533 763 1578 et
792 1525 1093 1578 inimicam.
1122 1524 1302 1594 Atque
1337 1524 1483 1580 haud
1516 1525 1833 1595 ignorabam
1857 1541 1972 1590 eos,
2010 1527 2210 1596 quibus
2251 1527 2454 1596 ignotis
2490 1524 2756 1595 ejusmodi
2790 1525 2968 1578 honos
2999 1523 3256 1584 habetur,
3287 1534 3396 1574 non
3429 1521 3640 1588 absque

393 1635 562 1674 causa
587 1619 859 1687 suspicari
889 1619 1067 1672 solere
1099 1633 1255 1673 suam
1279 1619 1348 1672 ab
1379 1619 1698 1674 hominibus
1725 1620 2056 1690 importunis
2087 1620 2518 1674 muniﬁcentiam
2553 1629 2718 1689 atque
2745 1618 3122 1672 liberalitatem
3170 1614 3452 1670 sollicitari
3488 1630 3504 1668 :
3545 1612 3638 1667 sed

395 1710 440 1762 si
471 1712 596 1778 quis
631 1709 895 1764 beneficio
924 1708 1152 1765 allectus
1177 1710 1346 1762 animi
1387 1709 1474 1764 sui
1509 1710 1896 1779 gratitudinem
1927 1711 2210 1766 declarare
2233 1711 2466 1775 studeat,
2488 1727 2613 1766 eum
2653 1726 2762 1765 non
2799 1709 2961 1764 modo
2995 1725 3102 1762 non
3133 1706 3429 1770 oﬁ'endere,
3453 1719 3639 1760 verum

394 1801 559 1855 etiam
589 1799 826 1866 laudem,
855 1800 900 1854 si
922 1799 1058 1853 nihil
1083 1798 1227 1854 aliud
1263 1799 1525 1868 proﬁciat,
1554 1801 1621 1853 ab
1655 1801 1971 1857 hominibus
1997 1801 2139 1856 ferre
2167 1801 2363 1856 solere.
2394 1800 2525 1867 Qua:
2555 1815 2678 1855 cum
2707 1801 2891 1854 animo
2911 1800 3194 1869 agitarem,
3229 1806 3394 1868 atque
3427 1797 3641 1866 perple-

395 1908 500 1948 xus
535 1893 794 1949 haererem
825 1891 913 1946 cui
947 1891 1046 1947 hos
1081 1906 1232 1948 meos
1285 1892 1505 1948 labores
1535 1892 1741 1963 absque
1766 1894 2071 1951 offensione
2127 1905 2290 1967 atque
2339 1897 2740 1951 obtrectatione
2769 1896 3089 1964 cujusquam
3144 1894 3455 1949 dedicarem
3503 1893 3633 1963 (non

397 1983 543 2035 enim
578 1981 871 2036 convenire
897 1996 997 2036 nec
1023 1981 1279 2052 expedire
1306 1982 1612 2047 videbatur,
1633 1983 1833 2038 librum
1858 1984 2067 2055 absque
2097 1995 2326 2056 patrono
2346 1995 2508 2056 atque
2533 1986 2824 2041 defensore
2843 1985 3105 2055 judicium
3125 1985 3403 2040 hominum
3431 1983 3636 2040 subire.

400 2078 705 2146 praesertim
737 2077 898 2146 cujus
935 2085 1129 2132 auctor
1156 2078 1322 2132 etiam
1353 2092 1501 2133 nunc
1530 2086 1844 2147 superesset
1873 2097 1888 2134 :
1936 2082 2137 2151 quippe
2166 2097 2289 2136 cum
2344 2081 2450 2136 vivi
2507 2083 2682 2152 magis
2729 2097 2888 2151 quam
2936 2081 3135 2135 mortui
3169 2080 3388 2136 invidiae
3417 2081 3636 2136 obnoxii

394 2171 570 2224 simus
597 2178 652 2222 et
677 2169 1114 2224 obtrectantibus
1140 2170 1482 2241 opportuni),
1519 2185 1616 2226 vos
1644 2171 1775 2226 mihi
1801 2172 1855 2227 in
1887 2175 2104 2244 primis,
2129 2183 2189 2229 ut
2216 2191 2315 2244 par
2343 2183 2449 2240 est,
2478 2176 2533 2229 in
2564 2185 2802 2230 mentem
2827 2173 3078 2239 venistis,
3114 2173 3312 2243 quibus
3343 2188 3450 2228 non
3483 2175 3644 2230 modo

399 2268 626 2333 propter
653 2271 859 2327 vetera,
885 2277 1074 2316 verum
1110 2263 1275 2317 etiam
1312 2263 1383 2317 ob
1413 2265 1654 2318 recentia
1690 2266 1906 2329 merita,
1958 2269 2074 2323 imo
2118 2284 2252 2324 vero
2284 2276 2508 2339 prepter
2542 2277 2860 2338 perpetuam
2905 2281 3032 2336 erga
3080 2281 3165 2320 me
3224 2265 3642 2319 beneﬁcentiam

401 2362 562 2422 atque
589 2352 986 2418 liberalitatem,
1016 2354 1260 2407 omnium
1289 2353 1445 2424 longe
1476 2355 1772 2424 plurimum
1817 2353 2094 2411 deberem.
2123 2357 2241 2413 Non
2293 2365 2378 2413 ine
2423 2357 2686 2428 praeterit,
2746 2355 2981 2412 auribus
3036 2357 3232 2411 vestris
3278 2356 3546 2426 ingratam
3593 2362 3647 2408 et

401 2443 755 2512 iniucundam
795 2459 920 2498 esse
977 2445 1324 2499 immodicam
1362 2460 1428 2500 ac
1453 2447 1677 2502 nimiam
1719 2448 2063 2504 liberalitatis
2090 2457 2286 2505 vestra:
2345 2451 2784 2520 praedicationem
2824 2465 2837 2501 :
2881 2462 3067 2501 verum
3099 2447 3242 2510 date,
3269 2462 3472 2516 quaeso,
3505 2447 3647 2499 hanc

401 2535 618 2589 veniam
650 2535 806 2598 mihi,
838 2535 928 2589 cui
961 2536 1096 2590 nihil
1132 2553 1368 2608 unquam
1399 2541 1601 2608 petenti
1631 2540 1966 2610 denegastis,
1995 2541 2091 2596 sed
2132 2543 2367 2610 plurima
2411 2557 2518 2595 non
2553 2541 2755 2611 petenti
2788 2541 3076 2604 tribuistis,
3107 2547 3168 2592 ut
3193 2538 3506 2594 summatim
3535 2539 3639 2592 sal°

404 2635 514 2680 tem
541 2627 593 2680 in
635 2642 720 2681 me
742 2628 940 2681 collata
977 2629 1241 2684 beneﬁcia
1274 2643 1452 2686 vestra
1484 2649 1823 2704 percurram.
1855 2635 1988 2690 Nam
2035 2637 2207 2705 patris
2241 2638 2430 2700 vestri,
2479 2636 2800 2705 amplissimi
2835 2643 2998 2705 atque
3026 2633 3217 2704 optimi
3277 2633 3400 2697 viri,
3452 2635 3506 2686 in
3563 2648 3648 2686 me

406 2731 622 2770 summa
649 2718 846 2770 collata
881 2719 1166 2784 beneficia,
1206 2723 1312 2777 alio
1353 2723 1471 2778 loco
1504 2725 1719 2781 abunde
1753 2726 1888 2781 satis
1919 2728 2363 2793 commemoravi,
2401 2743 2512 2798 quo
2541 2728 2651 2781 vita
2685 2721 2964 2790 defuncto,
2999 2740 3097 2779 vos
3127 2738 3236 2777 non
3266 2723 3428 2776 modo
3474 2722 3650 2776 facul-

405 2819 577 2862 tatum
602 2820 656 2864 et
687 2827 848 2881 apum
878 2813 1024 2868 illius
1053 2815 1296 2871 haaredes
1329 2819 1642 2884 exstitistis,
1669 2835 1859 2875 verum
1891 2820 2053 2874 etiam
2087 2822 2352 2876 virtutum
2399 2831 2454 2876 et
2499 2819 2843 2876 liberalitatis
2889 2819 2942 2872 in
2983 2816 3174 2888 primis
3213 2817 3516 2871 imitatores
3547 2804 3652 2868 fui-

406 2900 509 2955 stis
546 2917 560 2955 :
593 2918 714 2971 quae
736 2911 887 2958 tanta
917 2907 1126 2961 exstitit
1170 2924 1298 2980 erga
1340 2925 1446 2972 me,
1493 2920 1551 2966 ut
1591 2912 1739 2968 illius
1776 2913 1978 2967 mortui
2015 2912 2399 2968 liberalitatem
2445 2924 2610 2984 atque
2659 2911 3085 2968 muniﬁcentiam
3132 2909 3276 2965 haud
3323 2921 3650 2978 magnopere

373 2995 790 3071 desiderarim.
822 2998 981 3068 Nam,
1013 3010 1070 3056 ut
1095 2991 1385 3072 superiora
1416 3015 1757 3075 praeteream,
1794 3022 1916 3076 qua:
1965 3007 2274 3077 frequentia
2322 3018 2486 3078 atque
2531 3007 2771 3078 ingentia
2821 3005 3061 3071 fuerunt,
3108 3003 3342 3076 primum
3387 3015 3484 3055 vos
3525 3007 3650 3052 ante

408 3086 714 3154 biennium,
761 3104 882 3144 cum
937 3093 992 3146 in
1041 3094 1143 3149 hoc
1185 3111 1349 3166 opere
1399 3114 1667 3163 versarer,
1717 3101 1850 3154 nihil
1880 3101 1986 3155 tale
2017 3117 2127 3156 non
2161 3101 2323 3156 modo
2362 3102 2582 3170 petenti,
2616 3114 2804 3155 verum
2834 3101 2998 3154 etiam
3037 3113 3103 3153 ne
3129 3095 3391 3168 cogitanti
3431 3093 3648 3163 quidem
3736 3093 3742 3098 '

411 3177 607 3231 bonam
643 3181 886 3245 pecunia:
939 3197 1208 3238 summam
1254 3186 1383 3240 mihi
1439 3189 1779 3257 suppeditari
1831 3204 1895 3244 ac
1949 3190 2362 3246 subministrari
2422 3189 2658 3243 curastis
2694 3205 2709 3243 :
2750 3188 2964 3254 deinde,
2998 3184 3650 3254 eumjamliberalitatcm

409 3273 648 3321 vestram
673 3270 836 3325 citius
869 3270 1147 3341 fatigatam
1170 3287 1294 3330 esse
1316 3277 1629 3345 suspicatus
1675 3277 1922 3342 fuissem,
1955 3294 2118 3348 quam
2182 3279 2388 3349 aliquid
2439 3277 2709 3348 ejusmodi
2742 3292 2985 3346 sperare,
3028 3275 3223 3330 nedum
3256 3284 3459 3342 petere,
3484 3286 3655 3326 ausus

383 3374 612 3424 _cssem,
643 3369 770 3416 ante
801 3377 1010 3432 paucos
1034 3379 1252 3421 menses
1276 3369 1582 3436 praeteritos
1605 3385 1760 3440 teque
1789 3386 1984 3439 magna
2013 3378 2175 3440 atque
2206 3370 2429 3424 biennio
2463 3379 2591 3424 ante
2617 3387 2703 3425 me
2729 3384 2938 3425 summa
2965 3367 3211 3438 pecuniae
3233 3366 3502 3421 donastis.
3532 3365 3655 3431 Quo

411 3451 674 3507 beneficio
721 3462 966 3522 tempore
1024 3459 1549 3526 Opportunissimoa
1580 3463 1736 3517 vobis
1766 3471 2012 3533 accepto,
2050 3479 2173 3518 cum
2208 3463 2462 3516 videlicet
2513 3463 2871 3517 deliberarem
2930 3476 3089 3530 quem
3149 3459 3492 3528 potissimum
3529 3459 3656 3513 huic

407 3541 588 3609 partui
621 3559 742 3598 meo
781 3552 1015 3602 tutorem
1048 3563 1112 3602 ac
1151 3549 1494 3607 defensorem
1535 3568 1808 3624 pararem,
1851 3557 2032 3611 omnis
2083 3556 2354 3610 dubitatio
2398 3556 2787 3624 cunctatioque
2822 3553 2952 3607 mihi
2988 3550 3376 3622 propemodum
3405 3560 3652 3621 exempta

408 3642 493 3685 est
529 3650 543 3684 :
577 3648 701 3686 nam
735 3636 975 3691 restabat
1006 3640 1171 3694 etiam
1203 3657 1349 3698 nunc
1385 3645 1677 3715 scrupulus
1713 3663 1874 3702 unus.
1918 3645 2182 3712 Quoniam
2214 3647 2377 3700 etiam
2413 3645 2674 3709 sciebam,
2708 3660 2818 3714 quo
2851 3645 3032 3699 minus
3062 3642 3337 3712 appetitis,
3373 3656 3438 3695 eo
3470 3641 3659 3710 plures

409 3723 562 3777 vobis
577 3725 808 3780 honores
828 3728 1048 3796 deferri,
1065 3746 1127 3811 ac
1146 3735 1346 3790 multos
1370 3735 1617 3793 homines
1629 3739 1818 3795 doctos
1829 3741 1985 3793 vobis
2003 3753 2132 3794 suos
2152 3738 2364 3792 labores
2391 3747 2551 3807 atque
2574 3736 2980 3791 lucubrationes
3005 3735 3306 3802 dedicasse,
3325 3733 3658 3790 subverebar

416 3829 485 3867 ne
523 3817 736 3870 animos
765 3825 976 3874 vestros
1010 3821 1209 3878 talibus
1233 3825 1407 3894 epulis
1439 3829 1668 3883 satiatos
1695 3839 1860 3898 atque
1892 3829 2130 3898 repletos
2153 3828 2532 3895 intempestiva
2554 3828 2926 3884 benevolentia
2948 3827 3276 3882 offenderem
3304 3827 3465 3881 citius
3491 3841 3655 3895 quam

411 3901 520 3956 hoc
547 3918 745 3972 genere
771 3906 930 3961 ofﬁcii
964 3912 1193 3978 gratiam
1226 3927 1256 3965 a
1292 3915 1448 3970 vobis
1481 3915 1700 3971 inirem.
1726 3917 1834 3972 Sed
1869 3926 2050 3973 tamen
2092 3933 2214 3972 curn
2239 3918 2375 3972 liber
2391 3918 2597 3986 absque
2626 3928 2860 3987 patrono
2885 3918 3109 3971 omnino
3141 3931 3249 3971 non
3275 3916 3655 3986 divulgandus,

422 4009 524 4049 nec
554 3996 834 4050 hominum
859 3999 1070 4068 judicio
1100 4002 1444 4072 objiciendus
1469 4021 1595 4062 esse
1630 4008 1925 4072 videretur,
1951 4017 2004 4062 et
2035 4023 2145 4062 non
2170 4007 2306 4062 satis
2331 4006 2418 4067 pie
2457 4021 2555 4061 nec
2587 4017 2736 4062 recte
2765 4023 2849 4063 me
2878 4007 3148 4061 facturum
3185 4021 3308 4061 esse
3327 4007 3657 4073 judicarem,

427 4086 471 4138 si
501 4087 656 4141 vobis
690 4091 980 4156 pra-teritis
1014 4093 1150 4146 alios
1178 4094 1308 4146 mihi
1339 4103 1596 4164 patronos
1623 4113 1924 4165 quaererem
1954 4102 2083 4167 (non
2119 4102 2264 4156 enim
2296 4112 2618 4156 cancrorum
2649 4099 2929 4153 hominum
2959 4096 3146 4152 eadem
3185 4112 3304 4165 quae
3327 4106 3504 4151 vestra
3531 4105 3662 4151 sunt

438 4179 632 4245 udicia)
654 4181 817 4236 tnalui
837 4183 888 4237 in
915 4183 1051 4237 hanc
1079 4193 1280 4254 partem
1302 4202 1542 4255 peccare,
1563 4205 1724 4258 quam
1739 4190 1992 4260 cuiquam
2013 4192 2190 4246 minus
2209 4194 2456 4263 prudenti
2474 4209 2578 4248 non
2609 4193 2743 4246 satis
2764 4200 2951 4260 gratus
2985 4186 3176 4243 videri.
3198 4187 3316 4243 Non
3341 4190 3484 4242 enim
3506 4189 3661 4243 video

416 4285 516 4325 nec
557 4289 772 4341 sperare
797 4291 1012 4342 possum
1052 4275 1168 4330 fore
1195 4278 1491 4346 aliquando
1515 4288 1749 4349 tempus,
1786 4297 1895 4350 quo
1919 4283 2025 4336 alio
2048 4283 2206 4337 ofﬁcii
2246 4298 2444 4352 genere
2471 4290 2635 4352 atque
2664 4283 2790 4344 hoc,
2818 4290 2998 4336 vestra
3033 4281 3290 4336 beneﬁcia
3325 4281 3658 4336 remunerari

416 4365 644 4430 possim,
709 4365 912 4434 quippe
951 4382 1073 4420 cum
1119 4368 1252 4421 nihil
1291 4370 1423 4422 mihi
1479 4380 1729 4441 suppetat
1789 4382 1986 4441 przeter
2035 4374 2395 4428 voluntatem.
2452 4372 2570 4426 l-luc
2611 4372 2822 4426 accedit
2858 4371 3004 4441 quod
3043 4371 3293 4426 videbam
3327 4371 3472 4425 haud
3502 4369 3660 4424 facile

417 4453 556 4508 alios
604 4470 671 4508 ex
731 4471 960 4509 numero
997 4459 1295 4511 amicorum
1340 4470 1535 4526 pra-ter
1569 4477 1665 4515 vos
1702 4479 1785 4517 me
1821 4465 2061 4534 reperire
2103 4479 2285 4533 posse,
2333 4465 2423 4532 qui
2461 4478 2582 4516 cum
2623 4471 2842 4532 propter
2866 4463 3150 4532 utriusque
3181 4463 3375 4530 linguae
3408 4462 3658 4532 peritiam

420 4547 560 4603 haud
600 4552 872 4620 vulgarem
907 4553 1111 4622 optime
1162 4554 1229 4607 de
1281 4554 1592 4621 hujusmodi
1651 4558 1870 4627 scriptis
1920 4558 2171 4627 judicare
2203 4566 2443 4628 possent,
2498 4565 2611 4610 tum
2664 4555 2896 4611 candide
2922 4566 3084 4624 atque
3121 4556 3335 4611 sincere
3361 4554 3660 4623 iudicaturi

423 4649 625 4692 essent.
656 4642 1021 4708 Quamobrem
1052 4662 1081 4699 a
1109 4645 1262 4701 vobis
1297 4664 1394 4717 pro
1428 4659 1606 4703 vestra
1644 4650 1699 4704 in
1741 4666 1824 4704 me
1855 4659 2114 4718 perpetua
2140 4665 2205 4703 ac
2239 4650 2472 4703 maxima
2497 4647 2871 4704 benevolentia
2900 4647 3160 4716 majoretn
3198 4645 3252 4699 in
3293 4646 3511 4699 modum
3539 4652 3663 4713 peto

421 4745 734 4802 quaesoque,
768 4744 823 4786 nt
847 4735 990 4789 hunc
1025 4751 1246 4805 parvum
1273 4748 1327 4792 et
1354 4741 1610 4808 exiguum
1643 4747 1880 4808 partum,
1909 4754 2070 4808 quem
2099 4739 2252 4793 vobis
2285 4740 2339 4793 in
2371 4739 2676 4793 clientelam
2708 4746 2762 4793 et
2796 4737 2952 4792 ﬁdem
2984 4737 3327 4800 commendo,
3358 4736 3427 4791 ab
3466 4735 3663 4792 invidis

421 4823 570 4877 omni
611 4838 714 4892 ope
741 4825 903 4892 tueri,
933 4841 962 4879 a
991 4828 1482 4885 calumniatoribus
1511 4839 1562 4884 et
1589 4829 2053 4884 obtrectatoribus
2090 4829 2348 4885 omnibus
2384 4831 2590 4884 viribus
2623 4828 2915 4883 defendere
2947 4827 3126 4882 velitis
3167 4843 3180 4880 :
3215 4827 3309 4896 qui
3345 4828 3389 4881 si
3435 4841 3465 4880 a
3508 4828 3663 4880 vobis

421 4917 617 4986 dignus
670 4915 942 4984 judicatus
998 4917 1158 4972 fuerit
1205 4935 1364 4989 quem
1415 4919 1836 4988 ainplectamini,
1887 4935 2048 4988 quem
2111 4920 2164 4974 in
2212 4917 2471 4973 familiam
2530 4930 2764 4975 vestram
2837 4917 3114 4986 recipiatis
3142 4925 3306 4986 atque
3334 4916 3583 4994 foveatis,
3616 4917 3661 4970 si

427 5012 747 5067 hominibus
787 5014 890 5081 piis
922 5024 969 5066 et
995 5013 1261 5069 studiosis
1291 5012 1587 5084 aliquando
1623 5013 1774 5068 utilis
1813 5012 1999 5077 fuerit,
2033 5013 2170 5069 nihil
2206 5013 2339 5069 mihi
2389 5015 2514 5068 istic
2562 5013 2868 5076 vindicabo,
2926 5011 2983 5065 in
3018 5026 3116 5067 vos
3153 5026 3346 5066 omnes
3374 5009 3663 5078 meumjus

423 5103 718 5165 transfero,
746 5118 978 5170 quorum
1012 5104 1210 5173 opibus
1241 5106 1464 5173 adjutus
1495 5114 1546 5157 et
1577 5113 1937 5171 sustentatus,
1977 5105 2123 5159 hunc
2155 5104 2341 5160 fretum
2376 5104 2607 5173 produxi
2661 5122 2675 5158 :
2731 5104 2825 5172 qui
2855 5101 3032 5158 sicubi
3067 5101 3367 5157 deformior
3415 5103 3664 5156 minusve

424 5194 697 5264 perfectus
730 5202 784 5246 et
837 5194 888 5246 in
934 5195 1112 5262 aliqua
1151 5204 1300 5262 parte
1334 5195 1418 5248 sui
1460 5192 1680 5246 mutilus
1711 5207 1774 5248 ac
1802 5193 2130 5264 depravatus
2164 5196 2498 5265 apparuerit,
2545 5195 2648 5248 hoc
2678 5195 2872 5264 partim
2907 5193 3055 5246 vitiis
3078 5193 3269 5248 matris
3290 5191 3509 5256 Graecze,
3541 5204 3665 5260 qua:

426 5289 558 5342 mihi
587 5286 731 5342 haud
763 5289 1074 5357 incorrupta
1095 5288 1384 5342 conciliata
1417 5295 1518 5351 est,
1547 5287 1894 5341 attribuitote
1932 5305 1944 5340 :
1981 5288 2179 5356 partim
2215 5305 2346 5344 mea:
2372 5287 2712 5342 inbecillitati
2737 5287 3093 5359 assignatote,
3129 5303 3160 5341 a
3209 5301 3340 5355 quo,
3372 5293 3665 5353 superante

429 5380 571 5432 malo
598 5380 743 5434 vires
781 5388 835 5433 et
867 5379 1142 5449 ingenium
1176 5379 1425 5442 artificis,
1459 5377 1641 5431 omnia
1701 5378 1902 5449 corrigi
1956 5387 2012 5433 et
2067 5379 2345 5434 emendari
2386 5395 2492 5432 non
2549 5386 2864 5448 potuerunt.
2902 5377 3036 5449 Nam
3067 5378 3111 5434 si
3143 5379 3267 5446 quis
3323 5377 3562 5446 iniquior
3610 5387 3665 5431 et

431 5469 726 5536 malignior
757 5467 924 5536 judex
969 5473 1104 5531 haec,
1133 5483 1251 5536 quae
1289 5466 1356 5523 de
1391 5467 1580 5522 matris
1613 5466 1812 5522 Graeca:
1848 5469 1992 5523 vitiis
2021 5469 2165 5534 dico,
2205 5471 2385 5523 minus
2424 5469 2638 5524 sincera
2671 5479 2833 5539 atque
2861 5468 3071 5538 integra
3103 5467 3204 5522 fide
3243 5482 3272 5521 a
3320 5483 3404 5520 me
3433 5466 3660 5536 proferri

433 5562 823 5630 suspicabitur.
852 5563 1145 5631 producam
1199 5579 1386 5618 eorum
1415 5578 1536 5633 qua:
1569 5563 1693 5617 dico
1728 5563 2219 5633 locupletissimum
2259 5571 2472 5627 testem,
2535 5563 2899 5618 clarissimum
2952 5561 3439 5630 doetissimumque
3487 5559 3660 5612 virum

433 5652 494 5708 Ι).
530 5650 792 5709 Joannem
831 5653 1157 5712 Sambucum
1194 5655 1529 5712 Pannonium
1563 5673 1573 5708 :
1641 5656 1692 5711 in
1725 5656 1841 5725 ejus
1870 5656 2011 5711 cuitu
2060 5664 2328 5725 potestate
2360 5648 2548 5712 matris
2595 5655 2753 5711 istius
2788 5663 3034 5724 parentes
3072 5661 3217 5720 sunt,
3255 5659 3305 5708 ct
3335 5650 3658 5714 clarissima,
