4068 6210
381 377 482 444 481
1427 375 1846 438 LAURENTII
1878 373 2132 434 SIFANI
2161 376 2574 439 PREFATIO.
2649 358 2652 360 ⁷
3511 383 3620 446 432

383 485 704 556 gravissima
735 485 1156 559 ﬁrmissimaque
1176 495 1394 542 exstant
1427 499 1638 549 eorum,
1666 497 1787 550 qua:
1816 481 1961 547 dico,
2007 483 2162 552 signa
2194 491 2356 554 atque
2401 485 2748 541 documenta.
2778 485 2903 542 "me
2933 500 3028 542 vos
3081 485 3287 542 idcirco
3319 493 3619 546 monendos

381 594 509 634 esse
531 579 792 650 judicavi,
821 589 880 634 ιιι
912 581 1297 636 instructiores
1327 577 1450 634 sitis
1482 575 1749 630 adversus
1777 589 1872 628 eos
1907 575 1999 644 qui
2033 577 2198 630 istum
2230 575 2421 630 foetum
2461 579 2736 633 voluerint
2773 580 3091 650 impugnare
3117 618 3131 642 ,
3175 594 3301 632 nam
3353 593 3614 650 quantum

379 669 436 724 in
471 686 556 724 me
589 671 714 734 fuit,
741 672 877 726 nulli
913 687 1014 728 nec
1041 671 1212 727 labori
1245 685 1348 726 nec
1379 669 1672 739 diligentia:
1702 669 1756 722 in
1787 683 1852 721 eo
1887 669 2142 739 ﬁngendo
2172 678 2336 738 atque
2369 670 2655 726 formando
2685 687 2920 742 unquam
2956 672 3191 742 peperci.
3229 669 3368 736 Quid
3405 673 3619 741 pra-sti-

374 761 538 814 ter'nn
597 761 796 830 quidve
847 771 1136 818 assecutus
1185 763 1310 828 sim,
1356 763 1617 832 quoniam
1665 769 1882 815 exstant
1940 762 2269 815 documenta
2326 761 2513 817 Grzece
2569 771 2734 833 atque
2791 763 3003 827 Latine,
3068 772 3228 834 atque
3285 763 3420 818 adeo
3459 773 3620 820 crete-

381 865 566 903 rorum
598 851 880 906 hominum
916 853 1205 923 utriusque
1232 853 1428 923 lingua
1456 854 1776 922 peritorum,
1805 850 1852 904 si
1882 850 2138 906 vitiorum
2166 851 2329 907 modo
2349 859 2662 907 memoratae
2680 853 2870 908 matris
2889 852 3088 908 Graecae
3117 850 3378 906 rationem
3418 852 3620 907 habue-

381 945 522 1010 ritis,
552 946 760 1014 judicio
799 948 1075 1016 permitto.
3272 1011 3278 1016 _

450 1033 606 1099 Quod
642 1037 835 1090 attinet
863 1036 931 1090 ad
961 1038 1226 1092 rationem
1261 1045 1590 1108 temporum,
1641 1039 1841 1110 quibus
1874 1038 2068 1092 vixerit
2097 1037 2539 1110 TheOphylactus
2573 1037 2842 1108 Bulgarize
2874 1039 3340 1109 archiepiscopus,
3371 1038 3613 1093 nondum

378 1125 514 1178 mihi
570 1127 705 1180 satis
739 1139 993 1182 conStare
1039 1129 1260 1196 potuit:
1295 1138 1355 1184 ut
1400 1134 1542 1185 enim
1597 1131 1870 1199 conjicere
1915 1143 2157 1198 possum,
2207 1130 2391 1200 plures
2422 1131 2524 1186 hoc
2569 1133 2787 1186 nomine
2812 1130 3051 1186 fuerunt.
3092 1132 3225 1185 Nam
3259 1131 3620 1202 Nicephoruc,

379 1213 775 1271 Ecclesiasticae
806 1217 1064 1274 Ηίδιονίιτ
1095 1221 1187 1274 lib.
1221 1236 1331 1284 xlv,
1360 1235 1480 1291 cap.
1517 1223 1606 1286 59,
1639 1222 1730 1276 ubi
1757 1221 1824 1276 de
1850 1222 2209 1277 translatione
2235 1221 2440 1290 aliquot
2466 1223 2845 1293 episcoporum
2894 1222 3025 1293 agit,
3061 1223 3262 1277 Basilio
3301 1221 3616 1293 Porpbyro-

377 1320 610 1376 genncta
643 1310 1116 1383 Constantinopoli
1152 1315 1476 1383 imperante,
1513 1315 1978 1386 Tbeophylactum
2024 1316 2314 1385 quemdam
2351 1315 2616 1372 Sebastiaa
2658 1318 2999 1387 episcOpum'
3027 1316 3247 1371 Rosiam
3287 1316 3614 1370 translatum

377 1416 505 1456 esse
534 1402 745 1458 scribit.
769 1402 1100 1460 Wilhelmus
1127 1404 1431 1468 Lindanus,
1459 1421 1632 1462 sacrae
1661 1407 1946 1476 theologiae
1976 1407 2258 1475 professor
2284 1406 2664 1474 Lovaniensis,
2699 1409 2752 1462 in
2784 1408 3136 1478 chronologia
3174 1423 3336 1477 quam
3378 1407 3443 1460 ad
3469 1405 3619 1460 fron-

375 1502 490 1549 tem
516 1509 626 1548 sua‘
654 1495 930 1565 Panopliae
957 1497 1226 1567 apposuit,
1258 1495 1720 1566 TheOphylactum
1743 1498 2056 1569 quemdam,
2089 1513 2249 1568 quem
2293 1499 2346 1552 in
2375 1497 2464 1551 illa
2494 1513 2591 1552 sua
2622 1496 2885 1566 Panoplia
2908 1499 3050 1553 inter
3082 1509 3306 1553 caeteros
3339 1506 3614 1552 auctorem

377 1594 604 1642 secutus
636 1589 729 1654 sit,
772 1603 919 1644 anno
965 1604 994 1643 a
1038 1591 1325 1646 nativitate
1357 1592 1570 1647 Domini
1609 1592 2092 1663 septingentesimo
2140 1591 2348 1649 vix-isse
2391 1592 2684 1663 signiﬁcat,
2726 1591 2820 1646 sed
2863 1591 3024 1660 cujus
3055 1591 3293 1645 civitatis
3322 1589 3610 1658 cpiscopus

381 1675 568 1742 fuerit,
601 1692 710 1738 non
742 1680 951 1750 adjicit.
979 1680 1073 1737 Est
1107 1690 1287 1737 autem
1313 1683 1633 1748 verisimile,
1666 1683 1923 1752 quoniam
1957 1683 2163 1738 nullius
2193 1683 2445 1748 alterius,
2474 1683 2617 1752 quod
2639 1681 2890 1751 equidem
2923 1681 3114 1746 sciam,
3146 1681 3348 1748 scripta
3375 1690 3615 1744 exstant,
3705 1731 3711 1737 .

379 1763 527 1822 hunc
547 1769 1015 1842 archiepiscopum
1046 1772 1310 1842 Bulgaria:
1343 1773 1412 1827 ab
1439 1772 1531 1827 illo
1557 1773 1880 1843 signiﬁcari,
1917 1789 2079 1843 quem
2115 1773 2280 1827 etiam
2312 1773 2577 1828 Erasmus
2608 1770 2978 1841 Chrysostomi
3029 1769 3462 1824 abbreviatorem
3495 1786 3617 1825 esse

379 1858 538 1926 dixit,
579 1869 634 1917 et
663 1861 850 1920 titulus
885 1865 1050 1935 hujus
1083 1865 1264 1936 operis
1299 1866 1401 1919 hoc
1423 1879 1534 1934 prae
1563 1881 1623 1920 se
1651 1865 1773 1921 fert.
1802 1863 1937 1920 Nam
1979 1881 2088 1920 non
2129 1866 2307 1921 solum
2339 1879 2405 1918 ex
2441 1861 2655 1918 Joanne
2691 1862 3105 1932 Chrysostomo,
3134 1876 3320 1914 verum
3357 1862 3519 1925 etiam
3548 1879 3614 1918 ex

378 1951 603 2020 Basilio,
650 1953 874 2024 Cyrillo,
933 1955 1159 2023 Severo,
1180 1967 1245 2013 et
1275 1958 1553 2015 nonnullis
1579 1958 1724 2022 aliis,
1755 1972 1876 2027 qua:
1900 1957 1968 2012 ad
2009 1957 2346 2027 propositum
2377 1966 2432 2012 et
2473 1971 2585 2011 rem
2627 1954 2930 2010 institutam
2959 1954 3235 2024 pertinere
3273 1953 3616 2022 viderentur,

379 2044 681 2115 desumpsit
707 2055 761 2102 et
787 2047 840 2101 in
868 2063 1034 2101 unum
1061 2063 1263 2119 corpus
1293 2051 1566 2105 contraxit
1600 2067 1614 2105 :
1656 2045 1817 2119 quam
1844 2062 1954 2101 rem
1990 2061 2096 2101 non
2130 2048 2293 2101 modo
2327 2063 2498 2116 genus
2523 2045 2764 2107 dicendi,
2811 2043 2857 2099 si
2888 2044 3012 2113 quis
3060 2044 3300 2098 animum
3349 2047 3617 2108 attendat,

376 2150 567 2190 verum
598 2138 762 2192 etiam
802 2141 1020 2194 nomina
1051 2150 1330 2195 auctorum
1364 2141 1420 2195 in
1447 2140 1690 2209 margine
1722 2144 1983 2192 annotata
2013 2138 2323 2205 significant
2361 2146 2522 2207 atque
2555 2137 2852 2192 declarant.
2877 2135 3114 2189 Joannes
3140 2133 3619 2206 (Ecolampadius,

376 2242 434 2303 in
464 2227 776 2296 prmfatione
801 2246 962 2301 quam
995 2232 1247 2302 apposuit
1276 2230 1660 2302 Theophylacti
1687 2239 1918 2301 quatuor
1946 2227 2358 2300 Evaugcliorum
2393 2228 2845 2298 explicationlbus
2871 2225 2939 2281 ab
2993 2241 3113 2282 sese
3150 2230 3449 2289 conversis.
3481 2228 3617 2282 nihl

377 2321 524 2392 aliud
552 2337 710 2390 quam
745 2324 892 2378 illum
929 2326 1071 2380 inter
1093 2324 1307 2380 Gratcos
1332 2325 1610 2394 theologos
1635 2325 1990 2378 recentiorem
2011 2323 2180 2376 fuisse
2195 2321 2484 2390 signiﬁcat,
2531 2320 2624 2374 sed
2656 2321 2800 2374 haud
2835 2319 2985 2373 falsis
3009 2333 3132 2372 eum
3154 2319 3407 2374 laudibus
3434 2333 3614 2385 ornat,

376 2426 516 2480 quas
543 2413 588 2467 si
623 2413 746 2482 quis
781 2415 1025 2484 requirit,
1059 2429 1125 2467 ne
1149 2415 1217 2468 ab
1245 2414 1368 2468 aliis
1390 2413 1524 2468 bene
1555 2413 1698 2468 dicta
1739 2413 1871 2466 mihi
1903 2425 2026 2465 cum
2046 2410 2264 2465 fastidio
2296 2410 2588 2479 legentium
2618 2421 2859 2478 repetere
2890 2425 3110 2464 necesse
3140 2411 3230 2474 sit,
3266 2412 3412 2464 illinc
3450 2423 3615 2481 petat,

380 2511 543 2571 atque
564 2503 728 2556 etiam
761 2519 826 2558 ex
855 2503 1404 2572 praefationetNicolai
1439 2503 1670 2565 Beraldi,
1701 2518 1821 2573 quae
1854 2504 2144 2573 praeposita
2180 2510 2264 2556 est
2297 2500 2723 2556 Commentariis
2753 2502 2899 2557 illius
2930 2501 2984 2555 in
3007 2500 3276 2571 Epistotas
3293 2503 3402 2557 divi
3429 2504 3612 2569 Pauli,

377 2609 408 2646 a
439 2591 836 2663 Christophoro
869 2594 1129 2660 Porsena,
1156 2595 1422 2660 Romano,
1461 2595 1515 2649 in
1541 2593 1796 2650 Latinum
1833 2608 2138 2650 sermonem
2167 2592 2450 2647 conversis
2478 2610 2492 2646 :
2534 2593 2626 2662 qui
2654 2593 2672 2663 (
2703 2593 2848 2664 quod
2884 2595 3157 2663 praeterire
3183 2610 3290 2649 non
3339 2611 3558 2665 possunt
3596 2598 3616 2666 )

386 2699 405 2732 ι
449 2680 627 2738 Unum
676 2684 802 2752 hoc,
850 2685 1046 2755 inquit,
1107 2685 1240 2740 satis
1298 2695 1534 2752 constat,
1581 2687 1636 2742 in
1673 2687 1758 2742 his
1789 2684 2212 2742 Commentariis
2243 2684 2332 2753 pia
2363 2699 2484 2739 esse
2514 2686 2700 2739 omnia
2729 2696 2785 2742 et
2825 2686 3128 2742 orthodoxa
3158 2686 3425 2758 longeque
3455 2689 3616 2743 abiis

379 2776 701 2831 dissidentia
737 2791 858 2844 qua:
886 2777 1261 2847 theologorum
1285 2777 1479 2845 vulgus
1512 2778 1754 2848 quotidie
1789 2791 1990 2848 magno
2027 2775 2324 2844 supercilio
2365 2775 2596 2831 indocta:
2632 2777 2802 2845 plebis
2843 2778 3070 2834 auribus
3111 2780 3374 2834 inculcat.
3405 2779 3618 2850 Ubique

384 2869 535 2925 enim
565 2871 927 2940 apostolicum
965 2880 1154 2940 pectus
1205 2885 1315 2923 non
1347 2871 1511 2924 modo
1561 2870 1801 2939 explicat
1849 2869 2034 2938 operis
2066 2869 2232 2938 hujus
2266 2877 2482 2932 auctor,
2506 2867 2602 2923 sed
2633 2868 2797 2923 etiam
2827 2869 3014 2933 refert,
3050 2869 3192 2937 sapit
3229 2883 3292 2922 ac
3317 2870 3511 2939 spirat,
3562 2872 3614 2924 id

379 2963 530 3033 quod
563 2978 724 3032 quam
758 2963 946 3034 paucis
977 2961 1173 3016 merito
1203 2961 1550 3016 tribuendum
1587 2960 1681 3024 sit,
1731 2960 1890 3016 facile
1948 2960 2238 3032 intelliget,
2302 2960 2397 3029 qui
2449 2961 2684 3015 novitios
2717 2960 2996 3030 theologos
3030 2960 3271 3028 antiquis
3305 2959 3433 3025 illis,
3489 2977 3614 3016 cum
3646 2969 3651 2972 '

381 3053 592 3108 Latinis
635 3065 746 3108 tum
781 3052 1007 3118 Grmcis,
1038 3054 1430 3124 composuerit.
1468 3074 1486 3103 ι
1531 3054 1657 3106 Hac
1687 3052 1969 3109 Beraldus.
1997 3054 2450 3125 (Ecolampadius
2479 3054 2746 3124 prolixius
2769 3069 2832 3108 ac
2861 3053 3176 3123 singulatim
3227 3051 3616 3123 Theophylacli

382 3147 612 3200 virtutes
656 3145 998 3216 persequitur
1031 3153 1196 3215 atque
1251 3151 1518 3199 recenset.
1555 3140 1986 3214 Christophorus
2009 3145 2272 3210 Porsena,
2305 3145 2360 3198 in
2391 3157 2488 3200 sua
2517 3142 2838 3198 Prtefatione
2865 3142 2932 3196 ad
2961 3141 3176 3196 Sixtum
3205 3143 3271 3197 ιν
3305 3146 3614 3214 pontiﬁcem

381 3235 709 3303 Romanum,
771 3237 1164 3309 Theophylacti
1232 3243 1536 3306 temporum
1597 3237 1800 3292 nullam
1867 3236 1998 3292 facit
2053 3238 2410 3291 mentionem.
2473 3233 2620 3290 Misit
2674 3234 2740 3287 ad
2801 3248 2901 3288 nos
2936 3231 3272 3288 D.Joannes
3312 3233 3618 3291 Sambucus

377 3333 680 3389 orationem
711 3331 953 3387 Graecam
987 3333 1085 3388 hac
1112 3332 1468 3402 inscriptione
1500 3351 1515 3387 :
1548 3331 1926 3402 Θεοφυλάκτου
1960 3332 1983 3385 λ

2013 3334 2116 3402 ἱγος
2147 3333 2227 3395 εἰς
2277 3332 2369 3385 τὸν
2406 3331 2786 3401 αὑτοκρατορα
2828 3330 3016 3400 κύριον
3087 3329 3322 3394 Ἀλέξων
3376 3332 3468 3384 τὸν
3515 3333 3619 3386 Κο-

379 3429 602 3499 μνηνόν.
633 3427 788 3494 Quod
816 3429 858 3484 si
895 3428 944 3485 is
964 3436 1048 3482 est
1088 3437 1273 3484 noster
1311 3427 1990 3498 Theophylactus,nempe
2014 3427 2463 3496 archiepiscopus
2496 3424 2784 3495 Bulgaria},
2813 3425 2926 3493 jam
2969 3439 3076 3479 non
3122 3425 3354 3494 amplius
3393 3425 3615 3479 dubium

376 3533 503 3574 esse
536 3527 712 3588 potest
742 3534 849 3590 quo
877 3527 1118 3590 tempore
1140 3519 1354 3574 vixerit.
1373 3518 1682 3572 Nihilaliud
1713 3532 1810 3588 ego
1833 3532 2009 3587 neque
2037 3516 2105 3571 de
2129 3517 2237 3571 vita
2269 3531 2445 3588 neque
2466 3518 2535 3572 de
2557 3517 2896 3585 temporibus
2927 3516 3091 3584 hujus
3119 3518 3292 3572 nostri
3329 3515 3618 3585 Theophy-

380 3611 508 3666 lacti
567 3613 856 3682 diligenter
889 3613 1189 3669 scrutando
1219 3623 1382 3684 atque
1409 3613 1736 3683 inquirendo
1767 3612 1919 3682 potui
1971 3612 2237 3666 invenire.
2280 3611 2436 3676 Quod
2488 3613 2754 3681 reliquum
2795 3619 2899 3676 est,
2931 3627 3026 3666 vos
3060 3612 3221 3665 etiam
3255 3620 3419 3682 atque
3453 3613 3616 3666 etiam

386 3723 520 3776 rogo
552 3724 618 3764 ac
647 3709 999 3766 vehementer
1031 3715 1179 3779 peto,
1205 3717 1263 3762 ut
1295 3709 1395 3763 hoc
1424 3707 1680 3778 exiguum
1724 3715 1888 3777 atque
1918 3705 2054 3761 adeo
2082 3707 2459 3760 tenuissimum
2515 3706 2921 3769 munusculum,
2971 3706 3126 3760 vobis
3173 3706 3302 3760 licet
3331 3707 3616 3778 indignum

379 3803 688 3872 vestrisque
723 3803 777 3858 in
811 3819 896 3860 me
925 3801 1156 3858 summis
1188 3801 1466 3856 beneﬁciis
1493 3814 1557 3854 ac
1590 3799 1804 3854 meritis
1835 3797 2187 3868 impar,:equi
2219 3806 2397 3851 tamen
2426 3795 2604 3850 facere
2629 3798 2867 3866 bonique
2893 3797 3198 3861 consulere,
3225 3807 3279 3853 et
3309 3809 3366 3852 ut
3405 3801 3472 3852 ab
3497 3798 3618 3852 auio

381 3893 452 3946 mi
481 3895 855 3950 benevolentia
885 3905 1047 3965 atque
1080 3892 1413 3965 gratitudine
1441 3891 1770 3962 profectum,
1809 3890 1972 3945 hilari
2006 3891 2158 3944 vultu
2186 3890 2413 3957 laetaque
2437 3888 2614 3942 fronte
2643 3888 2890 3957 accipere
2919 3888 3121 3942 velitis.
3159 3887 3270 3942 lloc
3298 3890 3344 3942 si
3388 3904 3417 3942 a
3459 3891 3616 3942 vobis

378 3997 710 4042 consecutus
760 3986 936 4053 fuero,
987 3985 1204 4042 abunde
1257 3984 1391 4040 satis
1444 3996 1670 4052 magnos
1723 3981 1976 4039 laborum
2031 3997 2120 4036 me
2173 3979 2388 4035 fructus
2433 3979 2648 4048 cepisse
2702 3976 3050 4034 existimabo.
3087 3977 3231 4034 Bene
3261 3979 3454 4044 valete,
3513 3981 3616 4034 viri

377 4081 728 4148 amplissimi.

450 4243 527 4298 Ex
559 4247 891 4302 monasterio
929 4245 1276 4303 Steinweldio
1301 4261 1378 4301 xu
1411 4244 1683 4301 Kalendas
1708 4242 2067 4315 Septembris,
2104 4257 2249 4298 anno
2274 4239 2486 4295 Domini
2516 4239 2671 4296 1567.

397 4474 428 4487 α’
443 4469 3600 4488 ΨΜΜῄ

377 4648 748 4714 Clarissimo
781 4645 1460 4723 excellentissimoque
1493 4644 1654 4716 viro,
1723 4645 1793 4723 D.
1846 4643 2470 4723 ,Ιοειηῐιί--ειςηιιιικιο,Δ
2503 4642 2862 4723 Pannonio,
2914 4642 3213 4703 Caesaer
3249 4641 3610 4723 Maiestatis

481 4728 732 4788 medico
764 4733 827 4787 et
858 4719 1403 4802 historiograpbo,
1435 4721 1820 4784 Laurentius
1843 4721 2199 4795 SlFANUS,
2234 4719 2711 4795 Prunsl‘eldius,
2755 4725 2813 4782 J.
2849 4722 2918 4782 U.
2953 4723 3202 4793 Doctor,
3237 4721 3298 4781 S.
3331 4722 3394 4780 P.
3429 4721 3504 4779 Ι).

450 4929 526 4983 En
560 4930 737 4998 prodit
761 4932 979 4988 tandem
1008 4933 1060 4988 in
1086 4936 1385 5005 publicum,
1418 4935 1503 4990 vir
1523 4933 1846 4997 clarissime,
1875 4935 2315 5008 Theophylactus
2340 4941 2468 4990 tuus
2511 4934 2734 4988 Graecus
2753 4948 2782 4986 a
2818 4948 2904 4985 me
2934 4931 3112 4987 factus
3161 4931 3390 4986 Latinus
3415 4948 3429 4983 :
3457 4937 3610 4984 tuum

378 5019 529 5086 dico,
565 5037 675 5090 quo
700 5037 1036 5088 careremus,
1069 5027 1174 5081 nisi
1207 5035 1262 5081 tu
1297 5025 1440 5095 quod
1470 5025 1763 5095 separatim
1791 5026 1993 5082 habere
2023 5029 2116 5083 tibi
2137 5027 2416 5098 proprium
2450 5027 2663 5089 licebat,
2692 5038 2981 5080 commune
3005 5039 3070 5077 ac
3101 5023 3375 5092 publicum
3408 5021 3608 5076 bonum

382 5129 507 5170 esse
537 5117 844 5174 maluisses.
879 5118 1056 5174 Causa
1085 5135 1182 5174 cur
1209 5128 1318 5175 tam
1355 5136 1478 5176 sero
1539 5121 1783 5191 prodeat,
1815 5131 1874 5176 nt
1907 5123 2070 5177 etiam
2111 5123 2319 5177 librarii
2371 5123 2584 5192 culpam
2619 5120 2877 5190 recipiam
2923 5120 2976 5173 in
3012 5134 3118 5183 me,
3150 5120 3266 5174 haec
3316 5127 3421 5180 est,
3463 5113 3608 5186 quod

375 5208 506 5262 dum
542 5209 630 5263 ille
653 5209 720 5263 de
752 5225 838 5264 me
868 5208 1081 5275 Latine,
1109 5226 1208 5280 ego
1230 5212 1298 5266 de
1325 5211 1420 5266 illo
1485 5210 1669 5269 Graece
1700 5213 1916 5271 discere
1948 5215 2281 5280 nitebamur,
2310 5215 2402 5270 ubi
2444 5216 2585 5269 alter
2620 5216 2849 5267 alterum
2910 5213 3093 5268 minus
3153 5210 3607 5278 intelligehamus,

377 5314 504 5354 cum
533 5299 803 5370 interpres
831 5301 1048 5372 utrique
1077 5301 1314 5366 deesset,
1347 5310 1510 5371 atque
1537 5305 1681 5360 haud
1705 5305 2042 5377 incorruptis
2072 5307 2342 5364 ministris
2373 5315 2677 5370 uteremur,
2712 5304 3044 5372 coniecturis
3077 5303 3277 5373 quibus
3311 5301 3444 5353 alter
3475 5299 3610 5350 alte-

374 5389 494 5445 rius
525 5404 687 5444 sensa
739 5404 1179 5463 assequeremur,
1211 5392 1396 5447 multis
1441 5392 1495 5447 in
1541 5394 1675 5450 locis
1713 5397 1789 5450 uti
1823 5397 2115 5452 habuimus
2166 5411 2408 5452 necesse.
2461 5396 2629 5466 Cujus
2682 5397 2758 5451 rei
2805 5396 3066 5466 quoniam
3100 5395 3246 5446 clara
3281 5392 3609 5446 documenta

373 5489 504 5535 sunt
526 5486 582 5534 in
611 5489 892 5553 promptu,
931 5497 998 5538 ne
1020 5483 1204 5552 inepta
1235 5483 1548 5554 prolixitate
1571 5487 1864 5541 verborum
1902 5489 2243 5559 typographo
2274 5487 2552 5541 festinanti
2581 5487 2683 5541 sim
2707 5487 2762 5540 in
2795 5501 2966 5546 mora,
2996 5494 3047 5538 te
3068 5483 3228 5537 etiam
3258 5490 3421 5549 atque
3441 5483 3605 5535 etiam

372 5585 528 5643 rogo,
552 5582 616 5629 ut
647 5575 765 5631 haec
786 5575 904 5646 ipsa
935 5589 1056 5645 quae
1081 5575 1204 5632 dico
1234 5575 1559 5632 documenta
1602 5579 1902 5634 scrutando
1943 5588 2106 5649 atque
2132 5579 2524 5640 examinando,
2568 5591 2782 5646 aequum
2826 5589 2874 5630 te
2906 5575 3035 5628 mihi
3061 5573 3300 5641 judiccm
3334 5583 3496 5643 atque
3527 5573 3610 5627 fa-

374 5673 592 5726 ventem
618 5667 882 5736 praebere,
911 5672 966 5722 et
990 5666 1150 5723 istam
1184 5681 1404 5736 operam
1437 5682 1598 5738 quam
1637 5669 1862 5737 praestiti
1895 5671 2036 5739 aequi
2072 5670 2308 5738 bonique
2358 5669 2539 5731 facere
2575 5669 2730 5721 velis.
2761 5665 2914 5729 Quod
2943 5664 3209 5733 reliquum
3237 5672 3346 5730 est,
3385 5680 3610 5735 magnas

375 5757 472 5816 tibi
498 5766 550 5814 et
581 5758 794 5830 agimus
824 5765 878 5815 et
907 5757 1172 5814 habemus
1199 5756 1426 5829 gratias,
1462 5758 1554 5828 qui
1592 5759 1736 5815 istud
1769 5761 2098 5832 mancipium
2131 5761 2360 5830 publica:
2393 5759 2644 5813 utilitatis
2672 5756 3140 5826 inscrvire,qttam
3166 5756 3308 5812 domi
3339 5758 3608 5828 privatum
