4068 6210
516 345 623 406 ι83
1419 338 1998 399 THEOPHYLACTI
2045 337 2457 398 BULGARIE
2497 333 2851 394 ARGIHEP.
3643 331 3758 396 484

521 462 720 516 habere
769 458 1046 513 maluisti:
1090 471 1154 512 ac
1185 467 1237 512 te
1291 456 1596 521 liortamur,
1636 465 1694 510 ut
1741 455 2000 524 deinceps
2035 465 2209 509 macta
2259 456 2362 508 ista
2413 453 2614 506 virtute
2641 450 2740 514 sis,
2775 459 2828 504 et
2861 463 2923 504 ea
2950 463 3070 518 qua
3105 450 3267 504 etiam
3302 463 3449 504 nunc
3480 463 3647 520 penes
3702 460 3754 503 te

524 558 692 611 habes
725 555 968 624 ejusdem
1001 555 1235 624 generis,
1269 561 1436 623 atque
1463 555 1626 608 etiam
1669 554 1899 609 diversa:
1923 554 2163 608 nationis
2190 550 2457 620 mancipia
2498 549 2887 602 manumittere
2921 561 2986 600 ac
3018 546 3163 601 bono
3196 546 3416 614 publico
3449 544 3634 600 dicare
3662 560 3757 599 ve-

521 646 610 706 lis.
647 644 780 700 illud
813 644 956 714 quod
996 659 1131 715 pene
1163 645 1550 714 praeterieram,
1581 655 1632 702 te
1654 647 1994 704 admonitum
2027 647 2210 710 velim,
2238 659 2323 698 me
2355 644 2408 696 in
2444 643 2510 697 iis
2547 639 2702 704 locis,
2737 639 2828 694 ubi
2863 639 3024 694 lectio
3060 639 3246 708 scripti
3277 638 3509 707 exempli
3541 654 3763 707 prorsus

518 752 628 791 non
675 735 894 790 tolerari
923 750 1022 791 nec
1067 739 1319 792 excusari
1354 753 1513 807 posse
1551 740 1857 807 videbatur,
1876 742 1944 794 ad
1978 740 2277 808 marginem
2307 753 2337 792 e
2365 737 2584 806 regione
2612 734 2865 805 posuisse
2897 733 3045 787 illam
3077 733 3247 802 ipsam
3285 732 3572 786 lectionem
3598 747 3760 800 quam

521 828 760 892 correxi,
803 827 1017 896 adjecto
1051 828 1304 883 videlicet
1336 829 1507 885 verbo
1525 829 1748 885 habetur
1776 841 1871 886 aut
1898 831 2228 886 (iubebatur.-
2265 837 2326 883 ut
2354 828 2400 883 si
2431 827 2597 896 (quod
2613 825 2812 880 alicubi
2845 824 2958 879 ﬁeri
2983 824 3177 892 potuit)
3203 838 3499 887 crrassem,
3535 823 3761 878 lectoris

519 919 789 986 judicium
822 918 1096 990 integrum
1127 930 1479 984 esset.utram
1535 925 1824 978 lectionem
1865 923 2018 992 sequi
2054 922 2257 977 mallet.
2292 919 2397 976 Sed
2435 918 2527 974 ubi
2558 917 2802 973 dubitavi
2839 917 2904 971 de
2948 915 3182 970 lectione
3231 916 3361 987 (scis
3390 917 3534 970 enim
3597 917 3762 969 unico

521 1026 602 1064 me
631 1011 895 1064 duntaxat
927 1019 1021 1065 tuo
1061 1026 1218 1065 usum
1259 1028 1380 1068 esse
1414 1014 1775 1084 apograplio),
1811 1014 1884 1068 ibi
1918 1015 1972 1067 in
1998 1014 2241 1082 margine
2272 1010 2500 1081 apposui
2535 1010 2698 1064 aliam
2731 1008 3042 1069 lectionem,
3082 1022 3246 1076 quam
3280 1006 3627 1076 coiijceturas
3659 1023 3750 1059 se-

515 1111 678 1156 cutus
695 1115 878 1155 verum
897 1116 1017 1155 esse
1041 1112 1134 1154 aut
1165 1117 1289 1156 esse
1315 1105 1508 1159 debere
1539 1114 1689 1172 puto,
1720 1105 1930 1172 adjecta
1961 1103 2214 1160 videlicet
2235 1103 2476 1158 dictione
2501 1104 2653 1164 ἴσως.
2676 1103 2850 1169 Atque
2872 1101 2973 1156 hoc
3007 1108 3063 1153 ut
3082 1101 3428 1154 admonerem
3460 1099 3761 1165 seudicsos,

525 1193 728 1256 quibus
763 1206 826 1245 ea
854 1191 1083 1247 facultas
1116 1202 1220 1257 est,
1258 1206 1317 1248 ut
1342 1195 1604 1249 adhibitis
1628 1196 2054 1252 correctior-ibus
2087 1195 2524 1264 exemplaribus,
2561 1194 2664 1263 ipsi
2700 1193 2801 1248 sibi
2829 1193 2986 1262 juxta
3027 1209 3091 1247 ac
3138 1191 3450 1260 reipublicae
3475 1192 3764 1244 consulant

520 1287 578 1338 in
613 1282 919 1338 istiusmodi
946 1284 1102 1348 locis,
1140 1285 1230 1339 ubi
1263 1287 1364 1340 hoc
1385 1286 1450 1338 ad
1494 1285 1899 1356 intelligendum
1934 1287 2128 1349 melius
2169 1285 2588 1356 explicationem
2625 1283 3018 1354 Theophylacti
3041 1281 3350 1338 conducere
3375 1281 3677 1344 videbatur,
3709 1282 3761 1335 in

533 1375 759 1431 sclioliis
794 1375 1020 1444 repetivi
1051 1376 1216 1429 verba
1245 1376 1352 1430 divi
1376 1375 1556 1440 Lucae,
1588 1386 1748 1445 atque
1767 1379 1930 1432 etiam
1965 1379 2160 1432 iterata
2188 1378 2394 1433 inserui
2415 1376 2707 1446 exemplari
2736 1376 2958 1437 Graeco;
2985 1374 3129 1442 quod
3157 1373 3447 1428 collatione
3478 1372 3617 1426 facta
3639 1387 3761 1427 cum

541 1473 635 1518 tuo
660 1468 1033 1533 manuscripto
1059 1464 1453 1532 propemodum
1485 1471 1860 1523 necessarium
1894 1467 2068 1522 fuisse
2100 1466 2310 1523 videbis
2349 1468 2404 1520 in
2442 1467 2631 1522 multis
2663 1467 2822 1532 locis,
2857 1481 2980 1534 quae
3000 1479 3032 1519 a
3057 1465 3237 1519 minus
3264 1464 3519 1535 prudenti
3563 1464 3765 1519 lectore

528 1573 719 1626 parum
761 1561 1038 1614 intellecta
1063 1558 1330 1628 praeteriri
1363 1561 1693 1628 potuissent.

605 1667 753 1723 Bene
785 1669 923 1722 vale.
956 1665 1171 1735 Raptim
1195 1679 1263 1720 ex
1287 1671 1621 1727 monasterio
1649 1669 2001 1725 Steinweldio
2032 1684 2066 1722 x
2100 1667 2377 1724 Kalendas
2403 1669 2767 1740 Septembris,
2796 1683 2942 1724 anno
2966 1667 3178 1724 Domini
3218 1669 3381 1725 1567.

649 1979 721 2040 1η
756 1979 1216 2059 Theophylacti
1257 1978 1322 2040 in
1353 1981 1507 2042 Acta
1538 1981 1974 2058 apostolorum
2005 1981 2482 2059 Explicationes
2515 1996 2546 2042 a
2577 1980 2914 2042 Laurentio
2948 1980 3163 2044 Sifano
3195 1984 3413 2046 Latine
3445 1986 3660 2059 factas,

1623 2059 1792 2120 Petri
1827 2061 2214 2140 Kempensis
2248 2061 2673 2137 Epigramma.

531 2245 717 2299 Bctula
749 2262 847 2302 cur
887 2249 1133 2318 geminos
1165 2248 1421 2305 dill'undit
1456 2251 1658 2306 vertice
1686 2265 1886 2313 ramos,
2279 2251 2559 2308 Permittis
2591 2252 2730 2308 ccelo
2762 2253 3016 2308 liberiore
3043 2252 3190 2307 frui?

601 2337 732 2402 Qua:
763 2341 904 2393 viret
941 2342 1026 2396 bis
1050 2343 1293 2410 scriptis,
1335 2343 1494 2397 docte
1529 2342 1737 2405 Silane,
1775 2341 1928 2395 tuis?
2206 2342 2269 2398 Et
2292 2343 2429 2398 Latii
2456 2345 2665 2416 spirare
2691 2345 2868 2410 (idem,
2899 2343 3222 2414 Latiumque
3254 2343 3484 2399 nitorem

527 2428 773 2495 Quorum
804 2431 902 2486 bos
937 2434 1184 2502 populeis
1210 2433 1369 2487 docta
1395 2435 1657 2489 insitione
1691 2433 1958 2497 videmus,
2271 2435 2409 2488 Dum
2441 2436 2609 2489 subiit
2642 2437 2825 2489 cultus
2863 2437 3043 2506 lingua
3077 2435 3298 2506 Pelasga
3332 2436 3550 2490 novos?

604 2522 782 2590 Atque
813 2521 936 2577 illos
967 2524 1102 2577 lauri
1131 2525 1406 2579 luxuriare
1433 2527 1627 2580 comis.
2206 2523 2340 2577 Cum
2373 2523 2672 2580 Herculeus
2702 2526 2854 2579 labor
2885 2525 2995 2586 hic,
3025 2526 3198 2595 pietas
3227 2539 3280 2580 et
3306 2527 3551 2594 Apolline
3587 2524 3770 2597 digna,

532 2608 754 2664 Necnon
784 2610 1065 2681 Argolicos
1097 2615 1262 2668 simili
1290 2617 1587 2671 ambitione
1621 2618 1859 2686 lepores,
2272 2613 2462 2683 Magna
2491 2615 2639 2670 venit
2670 2616 2879 2670 meritis
2914 2617 3088 2686 gratia
3123 2615 3303 2670 danda
3333 2617 3460 2672 tuis.

611 2701 817 2756 Ambas
859 2703 1072 2771 spirare
1096 2712 1148 2759 et
1173 2706 1448 2760 Ausonias
1478 2708 1736 2762 Veneres.
2209 2703 2504 2774 PrOpterea
2534 2707 2652 2774 ipse
2674 2720 2802 2761 suas
2833 2705 3156 2777 Tirynthius
3188 2706 3425 2775 explicat
3451 2707 3698 2769 umbras.

536 2787 669 2842 Esse
697 2790 826 2859 quid
850 2792 952 2846 hoc
971 2792 1143 2846 dicam
1167 2793 1498 2864 ?numiquod
1517 2805 1608 2850 tua
1628 2797 1825 2867 scripta
1845 2797 2110 2852 columnis
2281 2798 2523 2868 lmplicet
2553 2807 2612 2852 ut
2641 2798 2896 2854 meritum
2934 2798 3069 2854 lecta
3101 2815 3302 2853 corona
3343 2809 3524 2869 caput.

597 2878 777 2934 Graiis
803 2889 856 2935 et
883 2880 1052 2938 Latiis
1082 2884 1459 2940 discriminata
1494 2888 1712 2942 nitent?

2213 2888 2323 2941 Καὶ
2355 2886 2472 2953 σοῦ,
2509 2888 2799 2957 Λαυρέντι,
2833 2887 3137 2958 κροτάφους
3173 2888 3465 2958 περιδησεν
3505 2884 3776 2940 Ἀπόλλων

534 2970 701 3035 Queis
733 2973 867 3027 satis
893 2975 1140 3030 ostendis
1160 2976 1356 3046 lingua:
1383 2979 1477 3033 tibi
1504 2980 1676 3048 gloria
1699 2987 1922 3050 quanta,

1910 3024 1922 3048 ,
2286 2978 2562 3048 Κορικὶοις
2593 2977 2798 3048 δάφνης
2838 2977 3114 3048 πλέγμασι
3143 2980 3507 3050 χρυσοκόμου.

609 3059 743 3114 Dum
777 3076 967 3119 versas
989 3063 1146 3120 Latio
1175 3066 1340 3122 Graia
1380 3068 1583 3138 scripta
1613 3070 1774 3140 stylo.
2209 3067 2215 3078 ’

2209 3066 2358 3122 Ἷπον
2399 3068 2475 3122 ὅτ’
2498 3069 2825 3140 ἀμφοτέρων
2861 3071 3042 3142 σοφίῃ,
3081 3070 3293 3142 γλώττῃ
3325 3071 3372 3124 τ’
3401 3072 3701 3142 ὑπερέχεις,

538 3153 620 3204 Au
641 3153 822 3220 potius
851 3170 973 3224 qua:
1007 3157 1318 3235 pressadiu
1356 3159 1564 3213 latuere
1591 3160 1692 3214 sub
1723 3161 1858 3227 alio,

1849 3201 1858 3227 ,
2284 3161 2562 3230 Δείγματα
2594 3162 2859 3232 μειλιχίης
2880 3163 3194 3234 ἀμφοτέρω)
3216 3165 3455 3235 χάριτος.

617 3241 843 3298 Nomina
878 3248 1153 3316 neglectu,
1177 3232 1230 3305 et
1261 3251 1595 3319 squalidiore
1624 3252 1759 3314 situ,
2211 3252 2324 3306 lloc
2349 3252 2584 3321 pretium
2616 3254 2780 3308 studii
2813 3232 3265 3325 vigilatorumque
3293 3232 3569 3319 laborum,

542 3333 806 3404 lncepere
841 3336 950 3390 tuis
973 3338 1190 3394 tandem
1221 3339 1573 3409 iuvenescere
1599 3341 1828 3408 chartis,
2285 3343 2380 3397 llic
2404 3344 2604 3398 studiis
2637 3354 2832 3413 partus
2855 3355 2908 3403 te
2931 3348 3223 3402 comitatur
3251 3348 3446 3403 honos.

609 3422 674 3477 Et
707 3427 822 3482 tleri
849 3435 975 3482 voto
1008 3431 1380 3499 splendidiora
1429 3436 1568 3488 tuo?
1936 3456 1943 3463 -
2212 3434 2287 3489 'l‘e
2317 3434 2513 3489 merito
2549 3435 2665 3492 hinc
2709 3437 2876 3509 igitur
2905 3441 3200 3495 comitatur
3233 3441 3404 3512 gloria
3445 3441 3604 3507 lauri,

555 3515 881 3588 Scriptaque
909 3518 1233 3592 Grajugenis
1260 3531 1470 3578 tantum
1489 3524 1760 3581 celebrata
1795 3525 2001 3597 Lycaeis
2285 3523 2562 3596 Famaque
2601 3544 2698 3598 per
2724 3529 2906 3587 nullos
2933 3524 3228 3587 interitura
3255 3531 3394 3589 dies.

1141 3849 1564 3907 LAURENTII
1626 3852 1888 3910 SIFANI
1921 3856 2608 3914 ADMUNITIUNCULA
2637 3859 2733 3914 AD
2765 3859 3180 3919 LECTOREH.

620 3957 990 4047 Admonendus
1013 3960 1320 4030 Lector,ubi
1347 3965 1551 4047 diversa
1582 3968 1638 4047 in
1659 3970 1893 4047 margine
1917 3972 2230 4047 Δινᾳιιειαιὶο
2257 3973 2497 4047 apposita
2523 3983 2620 4047 est,
2647 3991 2739 4044 per
2755 3975 2822 4030 ν.
2851 3973 3133 4046 Vulgatam
3160 3980 3442 4032 versionem
3465 3980 3783 4047 signiﬁcari:

546 4027 804 4117 diuersam
832 4032 896 4083 ab
927 4031 1022 4117 hoc
1060 4027 1226 4117 meum
1270 4051 1399 4117 esse.
1453 4037 1605 4100 Quod
1641 4027 1828 4091 attin'ét
1861 4041 1928 4092 ad
1978 4040 2241 4117 diversam
2275 4027 2549 4117 lectionem
2576 4027 2838 4117 Cr'mcain,
2862 4027 3321 4116 abi"iii"iiia}yi}ie
3351 4027 3650 4117 appositum
3681 4027 3782 4112 est,

551 4098 852 4178 habebatur
878 4109 969 4152 aut
999 4103 1252 4185 liabetur,
1286 4105 1396 4185 illic
1439 4098 1571 4185 eme
1597 4116 1884 4185 correctam
1911 4126 2022 4185 esse
2042 4111 2227 4185 procul
2254 4112 2414 4185 dubio
2445 4098 3544 4185 corruptamin,manuscrithlectionem;
3575 4120 3664 4172 sed
3690 4098 3784 4174 ubi

548 4168 936 4257 ascriptum'est
960 4169 1029 4257 aJd
1063 4169 1300 4226 Grecam
1321 4177 1372 4226 in
1398 4177 1628 4246 margine
1655 4179 1882 4243 positam
1906 4168 2166 4233 diversam
2191 4180 2486 4249 lectibnem,
2524 4168 2674 4248 ῖσὼς,
2707 4182 2758 4234 id
2789 4193 2887 4250 est,
2929 4168 3197 4253 forsita'u,

547 4252 701 4289 usum
731 4240 802 4291 ita
830 4239 1102 4308 legendum
1129 4258 1239 4297 esse
1263 4253 1476 4312 putare.

558 4427 2710 4470 Ἦ

1060 4589 1625 4680 ΥΠΟΘΕΣΙΣ
1684 4596 1900 4680 ΤΗΣ
1967 4596 2369 4684 ΒΙΒΑΟΥ
2435 4601 2660 4687 ΤΩΝ
2753 4595 3280 4691 ΠΡΑΞΕΩΝ

1640 4773 1776 4827 ΣΥΝ
1812 4774 1966 4828 ΤυΙΣ
1990 4775 2402 4833 ΚΕΦΑΛΑΙΟῙΣ
2443 4779 2699 4834 ΑΥΤΩΝ.

2712 4442 3739 4474 m

1218 5113 2060 5204 ARGUMENTUM
2129 5119 2457 5206 LIBRI
2554 5119 3120 5214 ACTOBUM

1638 5316 1645 5336 ι
1677 5300 1817 5358 υΝΔ
1848 5303 1991 5363 CUM
2023 5305 2387 5363 CAPITULIS
2421 5307 2682 5396 EpRUM.

2473 5401 2486 5429 Δ

630 5615 762 5669 Acta
816 5618 1186 5686 apostolorum
1248 5615 1388 5672 liber
1431 5618 1523 5673 hic
1579 5627 1824 5684 vocatur,
1870 5623 2126 5688 quoniam

2307 5621 2537 5692 Πράξεις
2569 5624 2880 5678 ὰπςστόλων
2901 5625 2961 5679 τὸ
2999 5626 3201 5696 βιϐλίον
3264 5628 3504 5684 καλεῖται
3524 5671 3580 5698 ,,
3601 5632 3786 5700 ἐπειδὴ

558 5703 722 5757 simul
748 5709 989 5762 continet
1017 5718 1136 5764 acta
1195 5709 1562 5780 apostolorum
1601 5729 1614 5766 :
1653 5712 1744 5782 qui
1779 5720 1984 5794 autem.
2011 5714 2124 5769 lucc

2230 5715 2327 5780 τὰς
2359 5712 2587 5784 πράξεις
2616 5714 2750 5780 ὁμοῦ
2792 5717 2901 5770 τῶν
2962 5716 3273 5774 ἀποστόλων
3329 5722 3591 5791 περιέχει.
3630 5721 3687 5776 '0
3731 5723 3787 5775 δὲ
