4068 6210
381 393 490 462 485
1338 396 1742 456 EXPOSITIO
1785 398 1864 456 ΙΝ
1906 399 1987 457 ΑΕ

2025 401 2092 458 ΓΑ
2119 401 2684 466 APOSTOLORUM.
3523 407 3631 473 £86

376 507 730 578 διηγούμενος
766 504 988 571 ταύτας,
1013 508 1128 560 ἐστὶ
1159 509 1374 568 Λουκᾶς
1398 509 1426 558 ό
1459 508 1873 576 εὐαγγελιστὴς,
1923 511 1949 560 ὁ
1979 565 1982 572 ε

2053 516 2293 582 exponit,
2329 513 2506 567 Lucas
2531 523 2612 567 est
2648 513 3003 582 evangelista,
3047 527 3139 582 qua
3181 521 3234 567 et
3271 514 3468 569 librum
3506 534 3637 574 con-

376 602 472 654 καὶ
524 599 587 652 τὸ
642 598 844 668 βιϐλίον
899 600 1267 669 συγγράφων·
1303 601 1606 670 Ἀντιοχεὺς
1649 601 1756 670 γὰρ
1808 596 1961 664 οὗτος

2064 606 2304 673 scripsit.
2349 604 2445 658 llic
2479 605 2623 658 enim
2661 607 2831 671 patria
2863 604 3257 668 Antiochenus,
3313 614 3431 661 arte
3463 611 3632 664 medi-

375 692 641 761 ὑπάρχων
671 690 731 742 τὸ
764 691 942 758 γένος,
1003 691 1182 757 ἱατρός
1210 709 1266 744 τε
1305 693 1402 762 τὴν
1464 693 1801 761 ἐπιστήμην,
1841 710 1966 745 συν-

2064 711 2183 760 Ciss,
2221 697 2665 764 peregrinabatur
2698 705 2808 749 tum
2857 711 2961 748 una
2991 711 3114 749 cum
3148 697 3360 750 ca‘teris
3416 709 3633 769 aposto-

389 784 664 851 απεδήμει
688 781 796 850 γὰρ
821 783 836 812 ¹
871 783 983 844 τοῖς
1008 799 1068 834 τε
1099 781 1278 844 ἄλλοις
1315 783 1652 846 ἀποστόλοις,
1684 784 1778 836 καὶ
1809 785 1964 853 μάλι-

2070 787 2160 851 lis,
2193 796 2307 839 tum
2347 789 2636 840 maximam
2673 800 2876 856 partem
2919 804 3021 842 una
3055 803 3174 841 cum
3215 787 3384 841 Paulo
3418 807 3432 844 :
3472 800 3635 860 atque

380 891 482 927 στα
527 873 606 944 τῷ
636 873 853 942 Παύλῳ,
885 874 977 926 καὶ
1013 873 1167 934 εἰδὼς
1194 873 1441 943 ἀκριϐῶς
1493 875 1715 944 γράφει.
1752 878 1966 946 Διηγεῖ-

2065 892 2125 928 ea
2163 877 2371 941 scribit,
2407 895 2526 948 qum
2555 879 2709 946 plene
2732 887 3007 945 comperta
3035 878 3288 932 habebat.
3315 880 3509 934 Narrat
3539 899 3635 936 au—

375 983 465 1021 ται
487 967 543 1018 δὲ
574 968 631 1018 ἐν
656 963 802 1033 αὐτῷ
831 1006 844 1028 ,
882 965 998 1027 πῶς
1063 965 1309 1033 ὀγγέλων
1355 967 1734 1020 ὑπολαϐόντων
1775 969 1966 1038 ἀνελή-

2067 975 2172 1018 tem
2219 967 2270 1018 in
2302 982 2387 1031 eo,
2431 966 2915 1035 quemadmodum,
2944 967 3152 1035 angelis
3187 967 3630 1037 susvipientibus,

380 1060 487 1127 φθη
521 1061 548 1110 ό
574 1057 796 1127 Κύριος.
829 1058 937 1110 Καὶ
967 1056 1064 1127 τὴν
1094 1057 1187 1109 τοῦ
1221 1058 1375 1124 ἁγίου
1404 1059 1716 1127 Πνεύματος
1739 1060 1962 1130 ἔκχυσιν

2067 1056 2325 1110 Dominus
2356 1066 2670 1126 assumptus
2706 1065 2788 1110 est
2825 1075 2838 1109 :
2879 1065 2930 1110 et
2968 1066 3024 1110 nt
3060 1059 3552 1125 Spiritussanctus
3579 1063 3632 1115 in

377 1150 679 1218 γενομένην
704 1152 758 1201 ἐν
782 1152 847 1217 τῇ
881 1151 1224 1218 Πεντηκοστῇ
1246 1149 1335 1200 ἐπί
1354 1167 1410 1202 τε
1427 1152 1551 1213 τοὺς
1581 1152 1912 1215 ἀποστόλους
1939 1155 1958 1184 ²

2063 1149 2149 1204 die
2180 1148 2549 1214 Pentecostes,
2584 1154 2706 1203 cinn
2751 1165 2916 1219 super
2952 1150 3244 1219 aposwlns,
3301 1161 3411 1204 tum
3463 1167 3629 1224 super

379 1241 474 1291 καὶ
514 1239 724 1300 πάντας
751 1241 875 1300 τοὺς
922 1239 1040 1290 τότε
1082 1240 1388 1306 παρόνταςο
1439 1240 1538 1307 τήν
1573 1258 1630 1291 τε
1682 1241 1956 1295 κατάστα-

2066 1254 2276 1303 omnes,
2320 1241 2410 1309 qui
2471 1248 2597 1293 tunc
2652 1241 2900 1303 aderant,
2934 1241 3140 1294 effusus
3184 1243 3298 1294 sit:
3350 1243 3534 1296 adluec
3568 1254 3627 1294 ut

381 1348 571 1383 ctaxtv
594 1330 687 1382 τοῦ
719 1329 935 1383 Ματθία
965 1331 984 1362 ⁸
1015 1331 1134 1382 ἀντὶ
1157 1329 1328 1382 Ἰούδα
1368 1331 1460 1383 τοῦ
1523 1333 1778 1400 προδότου
1799 1350 1811 1364 ·
1866 1334 1960 1385 καὶ

2061 1330 2315 1386 Matthias
2340 1333 2394 1384 in
2426 1331 2601 1385 locum
2632 1329 2784 1384 Judaa
2835 1331 3130 1400 proditoris
3168 1333 3498 1386 substitutus
3524 1334 3589 1387 sit
3616 1351 3632 1399 ;

375 1422 477 1489 τὴν
516 1421 852 1473 κατάστασιν
904 1421 1013 1471 τῶν
1053 1419 1190 1472 ἐπτά
1231 1421 1499 1474 Διακόνων
1528 1440 1540 1452 ·
1567 1422 1661 1473 καὶ
1698 1423 1794 1491 τὴν
1819 1424 1964 1475 ἐκλο-

2066 1421 2320 1476 describit
2365 1421 2493 1474 item
2536 1423 2869 1475 creationem
2923 1431 3127 1489 septem
3161 1423 3541 1488 diaconorum,
3581 1435 3635 1476 et

377 1509 486 1579 γὴν
515 1511 604 1562 τοῦ
637 1510 848 1562 Παύλου
871 1525 884 1539 ·
919 1509 1013 1562 καὶ
1047 1510 1146 1562 ὅσα
1191 1509 1360 1561 ἐπαθε
1387 1525 1401 1540 ο
1452 1510 1545 1562 καὶ
1602 1511 1703 1562 ὅσα
1732 1511 1782 1562 οί
1831 1511 1965 1562 ἀπό-

2065 1514 2386 1566 electionem
2415 1514 2584 1578 Pauli,
2612 1529 2841 1583 qumque
2873 1529 3067 1581 passus
3093 1514 3164 1568 sit
3189 1531 3202 1572 ;
3241 1523 3500 1583 praeterea
3541 1514 3637 1566 iiii-

381 1602 561 1654 στολοι
602 1601 688 1653 διὰ
723 1601 1030 1671 προσευχῆς
1070 1600 1164 1652 καὶ
1208 1600 1310 1668 τῆς
1352 1601 1432 1662 εἰς
1480 1601 1644 1652 αὑτὸν
1686 1601 1776 1654 τὸν
1828 1603 1964 1671 Χρι-

2068 1604 2274 1660 tacula.
2301 1619 2421 1672 qua:
2474 1619 2572 1674 per
2597 1605 2902 1658 orationem
2953 1613 3004 1657 et
3065 1604 3220 1658 tidem
3262 1605 3318 1658 in
3359 1603 3632 1658 Christum

379 1693 505 1744 στὸν
548 1690 781 1752 πίστεως
811 1688 1358 1760 ἐθαυματούρνγησαν.
1394 1690 1503 1744 Καὶ
1557 1691 1712 1753 τέλος
1738 1694 1837 1762 τὴν
1883 1695 1964 1755 εἰς

2065 1694 2292 1761 apostoli
2331 1695 2595 1757 fecerunt,
2619 1701 2671 1745 et
2695 1702 2749 1747 ut
2783 1693 2999 1746 tandem
3031 1691 3232 1746 Paulus
3266 1694 3486 1747 Romani
3513 1710 3634 1764 per—

385 1782 612 1851 Ῥώμην
673 1781 980 1849 ἀποδημίαν
1023 1780 1210 1834 αὑτοῦ.
1244 1766 1364 1833 Τῶν
1391 1782 1447 1834 δὲ
1499 1782 1812 1836 ἀποστόλων
1864 1784 1961 1846 τὰς

2071 1787 2297 1840 venerit.
2346 1785 2726 1854 Apostolorum
2766 1792 2950 1837 autem
2986 1793 3126 1844 acta,
3173 1791 3226 1836 et
3255 1783 3406 1852 signa
3459 1785 3528 1836 ab
3567 1785 3635 1838 iis

377 1875 632 1943 πράξεις,
668 1872 861 1926 καὶτὰ
905 1875 1107 1942 σημεῖα
1169 1872 1239 1924 τὰ
1288 1873 1421 1940 παρ’
1472 1871 1653 1926 αὐτῶν
1691 1874 1958 1944 γενόμενα

2021 1867 2032 1915 ί
2063 1876 2226 1938 faeta,
2258 1877 2432 1929 Lucas
2462 1873 2707 1943 exponit.
2741 1872 2907 1944 Signa
2943 1888 3091 1938 vero,
3124 1889 3244 1943 quae
3278 1874 3345 1928 ab
3379 1874 3470 1928 illo
3501 1890 3627 1929 nar-

376 1964 645 2031 διηγεῖται
673 1965 883 2026 Λιυκᾶς
904 1977 919 1992 ⁶
967 1965 1059 2017 καὶ
1093 1963 1238 2017 ἐστιν
1267 1964 1303 2018 ἃ
1329 1966 1422 2017 καὶ
1455 1963 1728 2034 ἐξηγεῖται
1761 1969 1958 2036 σημεῖα

1019 1965 1059 2016 tl.
1093 1963 1238 2017 ἐστιν
1267 1964 1303 2018 δι
1329 1966 1422 2017 καὶ
1455 1963 1728 2034 ἐξηγεῖται
1761 1969 1958 2036 σημεῖα
2064 1953 2274 2030 ranuir,
2309 1976 2432 2020 sunt
2465 1967 2578 2020 limc
2613 1983 2625 2020 :

377 2070 576 2107 ταυτα·

451 2155 524 2201 α’.
558 2147 759 2216 Πέτρος
792 2147 884 2200 καὶ
921 2146 1178 2217 Ἰωάννης
1210 2147 1585 2218 ἐθεράπευσαν
1638 2151 1698 2203 ἐν
1729 2151 1808 2221 τῷ
1846 2153 1961 2206 ὀνό-

2135 2145 2183 2197 1.
2236 2142 2430 2198 Petrus
2456 2153 2510 2197 et
2542 2142 2780 2196 Joannes
2821 2157 2916 2212 per
2953 2155 3148 2194 nomen
3207 2140 3440 2208 Domini,
3491 2158 3635 2204 eum,

386 2255 520 2308 ματι
547 2239 638 2292 τοῦ
669 2237 876 2309 Κυρίου
901 2237 990 2290 τὸν
1030 2239 1091 2290 ἐκ
1122 2239 1387 2309 γεννητῆς
1423 2240 1615 2310 χωλὸν,
1660 2242 1749 2294 τὸν
1781 2245 1838 2296 ἐν
1892 2247 1958 2314 τῇ

2063 2232 2154 2300 qui
2185 2234 2417 2285 claudus
2465 2240 2624 2284 natus
2683 2233 2746 2282 ad
2815 2240 3028 2299 portam
3069 2228 3358 2282 Pulchram
3420 2231 3641 2284 sedebat

391 2329 584 2398 Ὡραίᾳ
615 2328 757 2399 πύλῃ
790 2330 1118 2398 καθήμενον.

2067 2321 2455 2388 (mendicans),
2487 2331 2838 2374 curaverunt.

453 2415 523 2484 β’.
557 2417 764 2486 Πέτρος
810 2417 1056 2470 Ἁνανίαν
1087 2416 1181 2470 καὶ
1225 2418 1542 2487 Σαπφείραν
1586 2420 1684 2487 τὴν
1731 2423 1964 2486 γυναῖκα

2132 2411 2185 2463 2.
2234 2411 2427 2465 Pelius
2458 2413 2707 2464 Ananian
2739 2421 2790 2463 ct
2812 2410 3150 2478 Sapplzeiran
3183 2410 3302 2478 ejus
3327 2425 3547 2463 uxorem
3575 2411 3641 2463 dc

384 2507 552 2560 αὐτοῦ
585 2507 777 2577 ἤλεγξε
833 2508 1260 2578 νοσφισαμένους
1323 2510 1428 2561 ἀπὸ
1474 2511 1572 2579 τῆς
1631 2512 1962 2578 ἐπαγγελίας

2065 2501 2261 2570 pretio,
2310 2501 2455 2570 quod
2507 2502 2616 2571 Deo
2663 2501 3048 2578 promiserant,
3097 2503 3409 2570 seposuisse
3453 2502 3643 2554 convi-

379 2603 482 2672 τῆς
532 2605 611 2666 είς
665 2604 800 2657 Θεόν
820 2621 833 2634 ’
871 2603 966 2657 καὶ
993 2604 1250 2672 γεγόνασι
1278 2605 1621 2674 παραχρῆμα
1653 2607 1854 2676 νεκροί.

1417 2605 1621 2674 ιχρῆμα
1653 2607 1854 2676 νεκροί,
2065 2594 2160 2655 cit,
2193 2600 2245 2646 et
2280 2608 2310 2647 e
2349 2594 2578 2660 vestigio
2627 2594 2826 2647 mortui
2871 2603 3023 2648 sunt.

453 2702 526 2770 γ’.
566 2696 767 2769 Πέτρος
801 2697 892 2749 τὸν
923 2695 1232 2766 παράλυτον
1275 2695 1458 2748 Ἐνέαν
1489 2696 1510 2726 ⁸
1537 2696 1856 2767 ἀνέστησεν.

2135 2686 2187 2739 '5.
2228 2684 2424 2741 Petrus
2472 2685 2708 2752 xEnean,
2741 2687 2836 2756 qui
2884 2685 3120 2756 paralysi
3163 2685 3463 2751 laborabat,
3492 2684 3641 2739 exci-

2067 2777 2222 2830 tavit.

450 2868 514 2925 δ’.
553 2871 756 2942 Πέτρος
786 2872 842 2923 ἐν
870 2871 1062 2942 Ἰόππῃ
1089 2869 1186 2942 τὴν
1210 2870 1587 2925 ἀποθανοῦσαν
1608 2872 1808 2943 νεκρὰν
1832 2876 1965 2947 Δορ-

2144 2866 2195 2920 4.
2229 2867 2427 2924 Petrus
2451 2869 2636 2939 Joppa:
2669 2869 2776 2922 vita
2801 2868 3112 2922 defunctam
3134 2864 3374 2919 Dorcada
3404 2878 3499 2932 per
3519 2877 3644 2917 ora-

384 2963 527 3016 κάδα
556 2963 850 3033 εὐξάμενος
881 2963 1094 3032 ἤγειρε.

2076 2961 2283 3014 tionem
2310 2974 2337 3010 a
2375 2967 2552 3012 morte
2588 2958 2865 3011 excitavit.

459 3050 520 3108 ε’.
555 3052 761 3124 Πέτρος
789 3053 850 3107 τὸ
875 3056 941 3108 ἐκ
981 3054 1074 3106 τοῦ
1106 3052 1336 3122 οὐρανοῦ
1386 3051 1712 3124 καθιέμενον
1775 3055 1967 3120 σκεῦος

2139 3051 2192 3104 5.
2235 3049 2431 3104 Petrus
2474 3050 2610 3100 vidit
2644 3063 2761 3112 vas,
2787 3051 2930 3116 quod
2977 3046 3234 3101 refertum
3263 3050 3410 3102 omni
3451 3063 3647 3120 genere

385 3146 596 3215 πλῆρες
622 3147 819 3209 παντὸς
854 3143 993 3210 ζώου
1026 3146 1258 3214 ἑώρακε.

1991 3185 2036 3249 C
2070 3142 2387 3194 animalium
2413 3139 2481 3194 de
2501 3140 2645 3193 ccelo
2669 3140 3077 3193 deniittebatur.

1564 3242 1574 3249 .
1683 3242 1694 3249 .
1751 3243 1765 3249 -
1871 3243 1895 3249 _
2136 3231 2165 3249 II
2223 3229 2365 3249 n_._:
2405 3227 2592 3249 _._-l-_-
2651 3229 2694 3249 -2
2740 3243 2761 3249 -
2790 3229 2800 3249 1
2836 3236 3068 3249 ._..__--n-._

459 3244 537 3302 ς’.
573 3238 778 3308 Πέτρου
816 3239 848 3309 ὴ
882 3238 1011 3291 σκιὰ
1038 3239 1308 3308 ἐρχομένη
1352 3239 1446 3291 ἐπὶ
1499 3242 1624 3305 τοὺς
1673 3242 1962 3297 ἀσθενοῦν-
1994 3227 2036 3249 υ

2134 3231 2185 3284 6.
2223 3229 2369 3282 Petri
2405 3227 2623 3294 umbra,
2647 3229 2696 3284 si
2738 3229 2803 3282 ad
2834 3236 3158 3299 agrotantes
3216 3227 3535 3294 pertineret,
3555 3241 3648 3282 eos

387 3349 510 3393 τας,
543 3333 878 3400 ἐθεράπευεν
907 3332 1124 3393 αὐτούς.

711 3349 878 3386 πευεν
907 3332 1124 3393 αὐτούς.
2069 3322 2317 3376 sanabat.

459 3421 525 3484 ζ’.
575 3423 776 3492 Πέτρας
805 3424 1138 3496 τηρούμενος
1165 3429 1259 3480 καὶ
1309 3427 1594 3497 δεδεμένος
1628 3427 1687 3479 ἐν
1726 3427 1792 3498 τῇ
1852 3444 1955 3496 φυ-

2126 3416 2178 3467 7.
2207 3412 2401 3468 Petrus
2432 3427 2556 3468 cum
2604 3414 2819 3467 vinctus
2872 3413 2925 3466 in
2979 3427 3200 3465 carcere
3247 3419 3649 3472 assem-aretur,

389 3513 554 3584 λακῇ,
592 3514 697 3567 ὑπὸ
726 3515 956 3584 ἀγγέλου
1004 3518 1270 3588 ἀπελύθη,
1300 3519 1374 3589 μὴ
1405 3509 1626 3571 εἰδότων
1664 3519 1770 3573 τῶν
1804 3536 1967 3589 στρα-

2068 3504 2255 3558 insciis
2302 3503 2693 3568 militibus,‘ab
2727 3502 2919 3572 angelo
2936 3502 3148 3555 solutus
3177 3511 3229 3553 et
3255 3499 3515 3555 dimissus
3538 3512 3645 3555 εει·

387 3606 602 3658 τιωτῶν
629 3622 643 3637 ο
690 3607 784 3660 καὶ
829 3606 1075 3678 Ἡρώδης
1140 3609 1600 3681 σκωληκόϐρωτος
1667 3611 1960 3681 γενόμενος

1707 3611 1960 3681 ενάμενος
2068 3605 2121 3650 et
2142 3594 2382 3650 Herodes
2412 3609 2443 3648 a
2483 3594 2756 3650 vermibus
2783 3607 2978 3647 erosus
3000 3591 3313 3672 exspiravit.

391 3694 640 3764 ἐξέψυξε.

462 3811 534 3875 η’.
567 3807 844 3876 Στέφανος
860 3808 1033 3861 ἐποίει
1064 3808 1275 3878 τέρατα
1300 3809 1394 3862 καὶ
1425 3825 1650 3880 σημεια.

2139 3799 2192 3854 8.
2224 3799 2535 3868 Stephanus
2563 3795 2804 3866 prodigia
2834 3801 2998 3862 atque
3039 3793 3298 3847 miracula
3345 3794 3595 3848 faciebat.

464 3896 529 3950 θ’.
562 3896 825 3960 Φίλιππος
855 3899 914 3950 ἐν
944 3897 1198 3969 Σαμαρίᾳ
1238 3899 1408 3951 πολλὰ
1443 3899 1729 3968 πνεύματα
1777 3897 1970 3962 ἐξέϐα-

2141 3893 2193 3946 9.
2231 3890 2516 3959 Philippus
2563 3887 2884 3957 (Diaconus)
2928 3886 2982 3939 in
3021 3887 3266 3938 Samaria
3298 3887 3500 3938 multos
3541 3885 3653 3953 spi-

395 3984 453 4036 λε
483 3999 497 4015 ’
527 3987 622 4038 καὶ
672 3986 836 4056 χωλοὶ
895 3988 988 4040 καὶ
1040 3987 1481 4058 παραλελυμένοι
1529 3986 1970 4057 ἐθεραπεύθησαν

2072 3983 2212 4039 ritus
2237 3980 2417 4052 ejecit.
2455 3978 2647 4034 Claudi
2683 3978 2808 4031 item
2849 3993 2911 4032 ac
2970 3977 3255 4046 paralytici
3289 3977 3357 4029 ab
3387 3991 3454 4031 eo
3476 3977 3650 4029 curati

395 4077 490 4128 ὑπ’
515 4077 704 4131 αὐτοῦ.
2075 4085 2222 4130 sunt.

471 4167 523 4221 ι’.
553 4171 766 4232 Παῦλος
814 4171 1048 4239 ἐγγίζων
1082 4174 1147 4240 τῇ
1178 4168 1478 4239 Δαμασκῷ,
1521 4164 1659 4222 εἶδεν
1685 4167 1972 4222 ὀπτασίαν.

2149 4167 2234 4222 10.
2275 4164 2484 4219 Paulus
2533 4159 2977 4231 appropinquans
3011 4157 3294 4220 Damasco,
3323 4157 3458 4210 vidit
3487 4157 3654 4210 visio-

395 4259 493 4310 καὶ
527 4258 689 4322 εὐθὺς
717 4262 940 4328 γέγονεν
968 4259 1380 4328 εύαγγελιστής.

2078 4274 2224 4318 nem.
2259 4266 2313 4312 et
2349 4256 2533 4313 statim
2584 4253 2761 4306 factus
2782 4256 2866 4304 est
2919 4247 3189 4316 Erangelii
3234 4246 3573 4316 prmdicator.

466 4348 559 4403 ια’.
602 4349 662 4403 Ὀ
706 4351 870 4413 αύτδς
928 4351 1191 4413 Φίλιππος
1229 4349 1320 4402 τὸν
1370 4347 1625 4419 εὐνοῦχον
1669 4349 1977 4420 ὑπήντησεν

2152 4349 2244 4402 11.
2275 4348 2418 4401 Idem
2472 4343 2756 4410 Philippus
2795 4339 3010 4393 obviam
3056 4337 3324 4407 processit
3376 4337 3649 4398 eunucho,

398 4440 846 4506 ἀναγινώσκοντα
891 4441 984 4494 καὶ
1018 4440 1298 4495 ἐϐάπτισε.

1053 4440 1298 4495 ϐάπτισε.
2081 4455 2313 4506 ςιιιιειιιιε
2349 4435 2659 4505 baptizavit.

471 4526 560 4598 ιβ’.
603 4529 815 4592 Παῦλος
841 4531 899 4580 ἐν
924 4531 1192 4600 Λύστροις
1222 4530 1395 4600 χωλὸν
1428 4533 1492 4585 ἐκ
1539 4531 1809 4600 γεννητῆς
1849 4530 1977 4584 ὄντα
2005 4522 2060 4584 D

2048 4529 2060 4578 λ
2154 4530 2242 4583 12.
2274 4528 2475 4582 Paulus
2510 4524 2725 4596 Lystris
2769 4539 2866 4593 per
2905 4536 3104 4576 nomen
3138 4519 3356 4574 Domini
3401 4516 3654 4572 claudum

399 4619 768 4689 ἐθεράπευσεν
801 4622 858 4672 ὲν
889 4621 967 4690 τῷ
992 4622 1214 4690 ὀνόματι
1240 4621 1333 4675 τοῦ
1357 4621 1585 4690 Κυρίου.

923 4621 967 4690 ᾦ
992 4622 1214 4690 ὀνόματι
1240 4621 1333 4675 τοῦ
1357 4621 1585 4690 Κυρίου.
2078 4630 2266 4675 natum
2294 4619 2524 4674 curavit.

475 4717 563 4779 ιγ’.
593 4712 805 4775 Παῦλος
832 4713 940 4766 ἀπὸ
973 4713 1240 4777 ὀπτασίας
1269 4717 1347 4776 εἰς
1374 4711 1712 4766 Μακεδονίαν
1748 4711 1970 4783 ἐκλήθη.

2152 4712 2240 4765 15.
2274 4710 2476 4763 Paulus
2515 4721 2613 4777 per
2651 4705 2918 4760 visionem
2950 4702 3003 4756 in
3027 4699 3398 4754 Macedoniam
3434 4708 3656 4753 vocatus

2081 4812 2180 4858 est.

473 4895 555 4947 ιδ’.
632 4894 843 4958 Παῦλος
899 4897 1135 4964 γυναῖκα
1183 4896 1284 4966 τὴν
1339 4893 1568 4963 ἔχουσαν
1609 4893 1832 4963 πνεῦμα
1862 4891 1974 4946 Πύ-

2154 4895 2240 4948 14.
2266 4892 2466 4946 Paulus
2497 4889 2778 4944 mulierem
2812 4886 3099 4941 habentem
3124 4882 3376 4952 spiritum
3396 4878 3657 4951 Pythonis

399 4983 569 5048 θωνσς
600 4984 928 5055 ἐκαθάρισεν
957 4986 979 5018 ⁵
1001 4988 1060 5038 ἐν
1104 4984 1411 5046 ⁴ιἰλίπποις.

2083 4985 2348 5053 Philippis
2388 4983 2619 5036 curavit.
3175 5047 3189 5052 ’-

473 5075 555 5132 ιε⁹.
607 5077 821 5141 Παῦλος
873 5077 969 5131 καὶ
1014 5077 1177 5139 Σίλας
1233 5076 1312 5138 είς
1352 5074 1600 5145 φυλακὴν
1634 5072 1972 5143 ἐϐλήθησαν·

2157 5077 2244 5132 15.
2279 5074 2484 5129 Paulus
2523 5083 2576 5127 et
2601 5072 2746 5127 Silas
2781 5073 2836 5126 in
2860 5083 3134 5125 carcerem
3162 5063 3419 5134 coniecti,
3446 5073 3658 5116 eorum-

400 5167 500 5220 καὶ
525 5167 970 5237 ὴσφαλισμένους
1000 5163 1144 5236 εἶχον
1176 5167 1299 5228 τοὺς
1322 5164 1486 5225 πόδας
1515 5167 1572 5218 ἐν
1593 5163 1670 5233 τῷ
1699 5162 1858 5232 ξύλῳ.
1889 5162 1978 5215 Ἐν

2076 5183 2186 5240 que
2240 5166 2407 5237 pedes
2486 5165 2636 5233 ligno
2692 5161 2981 5218 constricti
3041 5166 3199 5215 erant
3255 5162 3475 5210 :nocte
3529 5165 3655 5240 vero

398 5256 457 5310 δὲ
496 5256 577 5328 τῷ
623 5257 961 5328 μεσονυκτίῳ
1024 5257 1249 5326 σεισμὸς
1321 5255 1514 5324 γέγονε
1540 5270 1554 5284 ’
1584 5254 1677 5305 καὶ
1729 5253 1976 5314 λέλυνται

2079 5237 2282 5313 media
2329 5260 2672 5309 terrmmotus
2703 5251 2884 5307 {actus
2935 5260 3039 5315 est,
3084 5256 3139 5304 et
3197 5257 3385 5300 eorum
3444 5237 3656 5292 vincula

401 5348 584 5403 αὐτῶν
605 5349 673 5403 τὰ
700 5349 899 5419 δεσμά.

2080 5349 2258 5403 soluta
2285 5347 2527 5400 fuerunt.

471 5447 571 5505 ις’.
615 5441 750 5495 Ἀπὸ
778 5416 871 5495 τοῦ
898 5440 1102 5512 χρωτὸς
1129 5440 1342 5496 Παύλου
1373 5439 1647 5510 ἀπέφερον
1712 5436 1971 5506 σουδάρια

2156 5435 2242 5490 16.
2287 5437 2333 5488 Α
2385 5448 2615 5504 corpore
2665 5432 2819 5487 Pauli
2866 5427 3179 5486 deferebant
3233 5416 3453 5476 sudaria
3497 5428 3661 5483 super

1730 5615 1933 5678 Variae
1963 5613 2296 5677 lectiones.

469 5745 492 5778 ¹
519 5744 667 5800 locus
683 5744 886 5798 videtur
919 5753 1216 5810 corruptus.
1293 5743 1313 5773 ¹
1337 5741 1445 5794 τῶν
1461 5739 1776 5796 ἀποστόλων
1827 5738 2075 5795 habebam

2030 5748 2134 5794 tur.
2202 5739 2223 5771 ³
2241 5734 2493 5797 Ματθίας
2518 5729 2839 5786 'habcbatur.
2895 5725 2917 5757 ⁸
2932 5722 3128 5780 Αἰνέαν
3143 5730 3192 5778 et
3213 5718 3458 5788 Δίναίαν,
3481 5713 3633 5772 ἠοίης

402 5814 639 5873 baturin
663 5815 893 5870 excusis.
971 5816 992 5846 ⁸
1015 5811 1397 5882 ἐκαθαίρησεν,
1445 5820 1581 5864 erat.
