4068 6210
506 357 614 424 487

1436 352 2005 416 ΤΗΕΟΡΗΥῙΑΛΩΤΙ
2042 351 2452 412 BULGABLE
2490 351 2847 412 ARCHIEP.

3645 354 3751 418 488

507 481 763 543 aegrotos,
793 478 846 524 et
876 467 1158 524 daemoniis
1202 476 1484 537 correptos
1515 487 1529 524 :
1566 483 1678 540 quo
1732 469 1876 525 facto
1918 481 2077 522 cura-

2180 464 2273 517 ὲπὶ
2295 465 2419 528 τοὺς
2445 463 2802 526 ἀσθενοῦντας
2839 462 2933 516 καὶ
2953 462 3344 533 δαιμονιῶντας
3372 480 3384 493 ·
3410 463 3505 517 καὶ
3558 464 3753 536 ἐθερα-

579 576 725 619 ntur.

579 576 725 619 ntur.

505 567 668 710 ba".
700 652 903 707 Paulus
917 650 1128 706 Troade
1153 651 1221 707 de
1249 649 1491 708 fenestra
1518 651 1804 722 delapsum
1851 660 1904 705 et
1927 666 2073 705 mor-

506 756 657 800 tuum
699 741 1006 812 Eutychum
1035 740 1314 806 excitavit,
1341 741 1527 797 dicens
1573 759 1589 797 :
1649 741 1846 796 Anima
1867 741 1987 811 ejus
2022 743 2076 794 in

507 852 575 891 ρο
617 843 722 889 est.

579 925 664 978 l8.
708 921 912 976 Paulus
949 919 1002 974 in
1037 920 1214 992 Cypro
1242 921 1514 992 increpuit
1551 921 1775 994 Elyman
1817 936 2073 992 magum:

503 1027 664 1083 atque
696 1013 809 1081 ipse
844 1025 1034 1079 magus
1057 1025 1236 1066 caecus
1269 1013 1461 1067 evasit.

576 1105 663 1159 l9.
694 1103 895 1158 Paulus
941 1102 1069 1156 dum
1123 1103 1352 1157 llomam
1413 1101 1714 1173 navigaret,
1758 1110 2078 1172 tempestate

499 1199 737 1269 jactatus
795 1201 900 1261 est,
937 1202 992 1248 et
1053 1195 1170 1264 ipse
1226 1232 1243 1259 ,
1379 1203 1434 1248 et
1492 1210 1702 1260 onmes,
1765 1193 1857 1263 qui
1923 1201 2078 1248 erant

503 1291 560 1343 in
601 1287 724 1341 navi
754 1286 819 1339 ad
859 1285 978 1339 dies
1013 1297 1067 1338 ct
1105 1291 1292 1338 noctes
1336 1279 1768 1354 qitatuordecim.
1817 1286 2079 1340 Omnibus

503 1388 684 1434 autem
727 1383 955 1431 mortem
981 1374 1451 1443 exspectantibus,
1474 1390 1597 1429 cum
1627 1373 1889 1428 Dominus
1911 1375 2081 1428 Pattlo

502 1478 724 1535 astarct,
751 1468 887 1522 dixit
915 1469 962 1522 ei
988 1485 1002 1521 :
1030 1466 1258 1532 Propter
1291 1474 1344 1521 te
1375 1465 1540 1519 vitam
1573 1465 1659 1520 his
1705 1466 1953 1520 concessi
1982 1482 1998 1518 :
2025 1473 2080 1520 et

502 1563 637 1616 Salvi
677 1569 968 1617 evaserunt
1007 1573 1220 1612 omnes.

2180 574 2247 610 πε
2255 575 2426 610 υοντο.

2254 651 2341 714 ιζ’.
2379 649 2588 712 Παῦλος
2613 649 2673 702 ὲν
2699 647 2918 719 Τρῳάδι
2942 647 3180 702 πεσόντα
3202 647 3444 718 Εὔτυχον
3499 649 3608 703 ἀπὸ
3654 651 3756 718 τῆς

2181 741 2416 811 θυρίδος.
2433 741 2527 794 καὶ
2545 739 2881 794 ἀποθανόντα
2897 739 3082 813 ἤγειρε
3100 739 3296 808 λέγων·
3334 735 3399 793 Ἦ
3422 739 3569 811 ψυχὴ
3589 741 3755 796 αὐτοῦ

2181 836 2240 886 ἐν
2271 832 2418 902 αύτῷ
2440 835 2575 885 ἐστι.

2256 929 2342 992 ιη’.
2380 924 2592 985 Παῦλος
2619 925 2674 976 ὲν
2714 924 2925 994 Κύπρῳ
2957 923 3254 994 ἐπετίμησε
3288 923 3366 994 τῷ
3402 924 3562 995 μάγῳ
3599 924 3754 978 Ἐλύ-

2184 1031 2263 1084 μα
2285 1029 2299 1043 ·
2335 1015 2429 1066 καλ⁸
2457 1014 2674 1081 ἐγένετο
2703 1013 2899 1082 τυφλὸς
2935 1012 3092 1074 αὐτὸς
3113 1011 3142 1064 ό
3179 1012 3374 1083 μάγος.

2254 1105 2338 1159 tO'.
2379 1105 2589 1170 Παῦλος
2612 1105 2686 1168 ὡς
2716 1104 2908 1157 ἔπλεεν
2941 1107 2998 1158 ὲν
3042 1104 3231 1176 Ῥώμῃ
3257 1105 3299 1167 ⁸,
3350 1104 3754 1174 ὲχειμάσθησαν

2182 1197 2344 1258 αύτός
2373 1213 2432 1248 τε
2458 1196 2552 1249 καὶ
2586 1196 2787 1257 πάντες
2813 1196 2862 1248 οἱ
2884 1184 2953 1247 ’ἐν
2980 1194 3058 1265 τῷ
3098 1194 3267 1264 πλοίῳ
3296 1195 3387 1247 ἐπὶ
3436 1194 3753 1265 νυχθήμερα

2185 1291 2265 1343 ιδ’.
2313 1289 2540 1342 Πάντων
2569 1289 2624 1342 δὲ
2653 1287 3084 1358 προσδοκώντων
3112 1286 3425 1351 ἀποθανεῖν,
3477 1288 3702 1352 ἐπιστὰς
3725 1291 3754 1341 ὁ

2183 1380 2387 1449 Κύριος
2412 1375 2728 1448 εἷπεναύτῷ
2745 1378 2822 1448 τῷ
2843 1377 3055 1448 Παύλῳ,
3079 1378 3161 1431 ὃτι
3211 1379 3312 1431 Διὰ
3333 1378 3393 1430 σὲ
3417 1380 3748 1451 κεχάρισμαι

2181 1468 2391 1531 τούτοις
2423 1467 2484 1520 τὸ
2520 1467 2620 1537 ζῇν
2643 1483 2660 1500 ο
2696 1468 2792 1520 καὶ
2826 1466 3107 1537 ἐσώθησαν
3135 1466 3354 1532 πάντες.

572 1653 664 1708 20.
703 1654 992 1723 Egressum
1033 1651 1261 1706 Paulum
1291 1663 1322 1706 e
1348 1649 1494 1715 navi,
1527 1649 1710 1720 vipera
1766 1647 2078 1712 momordit,

2253 1651 2323 1708 κ’.
2363 1654 2680 1718 Ἐξελθόντα
2710 1653 2803 1706 τὸν
2833 1653 3047 1707 Παῦλον
3104 1655 3212 1706 ἀπὸ
3259 1653 3356 1707 τοῦ
3405 1654 3613 1714 πλοίου.
3643 1655 3758 1726 ἔχις

502 1757 668 1817 atque
709 1761 898 1801 omnes
951 1745 1214 1815 putabant
1249 1742 1365 1797 fore
1399 1750 1457 1796 ut
1507 1754 1810 1798 moreretur
1842 1761 1856 1796 :
1896 1752 1957 1796 ut
1984 1756 2081 1794 an-

2186 1745 2345 1799 ἔδακε
2371 1763 2384 1775 ·
2414 1747 2508 1798 καὶ
2545 1747 2594 1799 οἱ
2626 1747 2724 1814 μὲν
2769 1746 2968 1808 πάντες
3003 1744 3252 1814 ἐνόμιζον
3301 1746 3464 1799 αὑτὸν
3512 1747 3757 1815 γίνεσθαι

503 1847 613 1893 tem
676 1836 881 1893 mansit
938 1836 1146 1907 integer
1197 1842 1252 1890 et
1283 1832 1599 1898 incolumis,
1653 1833 1917 1903 putabant
1949 1847 2074 1888 eum

2183 1834 2393 1905 νεκρόν.
2445 1835 2531 1899 Ὠς
2566 1835 2624 1888 δὲ
2665 1835 2883 1907 ἀπαθὴς
2913 1836 3152 1907 ἔμεινεν,
3182 1837 3437 1908 ἐνόμισαν
3469 1839 3630 1892 αὑτὸν
3677 1835 3756 1893 εἷ-

504 1943 626 1984 esse
665 1928 850 1982 deum.

573 2020 664 2074 21.
715 2019 1018 2088 l’riucipem
1067 2018 1260 2074 insula:
1308 2019 1560 2075 Publium
1601 2017 1912 2089 dysenteria
1959 2030 2083 2071 coro

504 2121 735 2180 replum,
773 2109 1043 2180 impositis
1063 2110 1318 2164 manibus
1365 2109 1566 2163 Paulus
1600 2108 1856 2163 sanavit:
1884 2107 2083 2162 multos

503 2198 630 2253 item
661 2198 799 2252 alios
837 2207 1072 2268 a‘grotos
1096 2196 1326 2250 curavit.

731 2307 1194 2378 Peregrinationes
1221 2310 1396 2364 sancti
1429 2308 1587 2364 Pauli
1613 2309 1864 2378 apostoli.

572 2421 654 2476 Ab
680 2420 942 2477 Damasco
963 2437 1198 2479 exorsus
1225 2434 1331 2488 est,
1380 2431 1434 2478 et
1469 2422 1720 2477 ascendit
1753 2421 2070 2496 Hierosoly-

503 2526 646 2565 mam
684 2529 698 2565 :
733 2511 860 2567 inde
901 2513 1134 2570 Tarsum
1170 2533 1183 2569 :
1231 2523 1394 2585 atque
1436 2514 1586 2568 illinc
1644 2513 1988 2568 Antiochiam
2026 2523 2084 2570 et

503 2617 702 2656 rursus
732 2603 927 2658 iterum
963 2604 1397 2677 llierosolymam
1421 2608 1700 2676 profectus
1725 2617 1808 2661 est
1833 2622 1848 2660 :
1878 2615 1932 2662 et
1960 2621 2084 2661 rur-

507 2707 607 2746 sus
639 2695 835 2747 iterum
870 2695 1217 2751 Antiochiam
1251 2715 1265 2752 :
1299 2706 1462 2768 atque
1487 2698 1638 2752 illinc
1667 2713 1773 2752 una
1797 2713 1921 2752 cum
1948 2697 2082 2752 Bar-

503 2785 639 2837 naha
671 2783 979 2840 destinatus
1013 2789 1363 2856 apostolatui,
1393 2789 1678 2845 descendit
1724 2788 2030 2845 Seleuciam
2062 2808 2077 2845 :

499 2877 696 2931 deinde
724 2878 776 2931 itt
804 2877 1078 2949 Cyprntn:
1115 2883 1204 2936 ttbi
1229 2890 1283 2937 et
1301 2880 1502 2938 Paulus
1523 2884 1689 2953 coepit
1711 2883 1928 2936 vocari:
1956 2889 2080 2952 post

504 2967 619 3022 haec
683 2967 934 3038 Pergam,
965 2979 1020 3024 et
1067 2971 1418 3028 Antiochiam
1453 2972 1673 3028 Pisidiae
1708 2991 1722 3026 :
1752 2973 1946 3028 deinde
1966 2973 2081 3028 Ico-

501 3060 651 3113 nium
692 3067 745 3114 et
768 3058 1014 3130 Lystrant
1052 3073 1108 3116 et
1159 3060 1390 3118 Derbam
1418 3063 1750 3135 Lycaoniae:
1793 3073 1981 3132 postea
2022 3064 2078 3118 itt

2187 1943 2274 1979 ναι
2315 1925 2459 1981 θεόν.

2255 2024 2361 2072 κα’.
2399 2019 2503 2072 Τὸν
2538 2019 2756 2092 πρῶτον
2785 2019 3055 2072 Πούπλιον
3085 2020 3223 2092 ἐντῇ
3263 2022 3410 2092 νήσῳ
3441 2021 3752 2094 δυσεντερῐᾳ

2187 2109 2568 2180 συνεχόμενον,
2601 2111 3014 2182 χειροθετήσας,
3077 2111 3265 2165 ίάσατο
3293 2112 3321 2163 ὁ
3353 2112 3560 2175 Παῦλος
3590 2129 3605 2144 ο
3661 2117 3754 2166 καὶ

2184 2201 2378 2266 ἄλλους
2421 2202 2652 2266 πολλοὺς
2686 2201 3048 2265 ἀσθενοῦντας
3071 2202 3455 2274 ἐθεράπευσεν.

2324 2316 2595 2386 Περίοδοι
2617 2315 2722 2370 τοῦ
2746 2317 2918 2385 ἁγίου
2948 2317 3297 2372 ἀποστόλου
3350 2319 3614 2374 Παύλου.

2273 2430 2391 2483 Ᾱπὺ
2407 2430 2698 2501 Δαμασκοῦ
2712 2429 2934 2501 ἦρξατο,
2954 2429 3046 2484 καὶ
3061 2425 3224 2500 ἦλθεν
3241 2431 3260 2462 ⁷
3279 2432 3357 2492 εἰς
3384 2431 3757 2504 Ἰερουσαλήμο

2183 2521 2394 2575 ἐκεῖθεν
2420 2522 2502 2584 είς
2539 2522 2753 2592 Ταρσόν
2781 2537 2796 2551 ·
2843 2521 3099 2575 κάκεῖθεν
3152 2524 3230 2586 είς
3275 2523 3624 2595 ’Δντιόχειαν,
3660 2527 3758 2578 καὶ

2183 2613 2345 2668 πάλιν
2377 2613 2628 2684 δεύτερον
2657 2615 2739 2677 εἰς
2787 2614 3144 2685 Ἰερουσαλήμ
3168 2632 3183 2646 ·
3218 2616 3312 2668 καὶ
3348 2616 3510 2670 πάλιν
3573 2617 3760 2671 δεύτε-

2186 2720 2278 2773 ρον
2321 2704 2402 2767 είς
2440 2702 2793 2773 Ἀντιόχειαν,
2827 2702 3082 2756 κάκεῖθεν
3110 2702 3426 2773 ἀφορισθεὶς
3459 2705 3597 2774 μετὰ
3624 2703 3761 2774 Βαρ-

2182 2795 2321 2849 νάϐα
2347 2795 2428 2856 εἰς
2463 2792 2560 2863 τὴν
2588 2792 2910 2862 ἀποστολὴν,
2939 2791 3211 2862 κατῆλθεν
3267 2794 3348 2856 εἰς
3403 2792 3721 2847 Σελεύκειαν
3740 2809 3755 2822 ·

2181 2879 2305 2938 εἶτα
2335 2885 2416 2948 είς
2465 2884 2694 2954 Κύπρον
2718 2897 2731 2912 °
2763 2882 2893 2937 ἔνθα
2942 2882 3037 2936 καὶ
3077 2881 3292 2946 Παῦλος
3313 2881 3521 2953 ἤρξατο
3573 2882 3757 2936 καλεῖ-

2183 2973 2306 3026 σθαι
2326 2990 2340 3004 ο
2364 2967 2484 3026 εἶτα
2509 2973 2589 3035 είς
2613 2970 2835 3042 Πέργην
2859 2988 2874 3004 ο
2905 2970 2927 3002 ⁸
2956 2972 3037 3035 είς
3080 2970 3410 3041 Ἀντιόχειαν
3455 2972 3550 3041 τῆς
3601 2971 3757 3024 Πισι⁹

2180 3066 2320 3128 δίαςο
2359 3061 2480 3120 εἶτα
2503 3066 2584 3129 είς
2623 3065 2844 3118 Ἰκόνιον
2870 3079 2885 3094 ’
2927 3058 3048 3118 εἶτα
3077 3065 3160 3126 είς
3206 3063 3456 3133 Λύστραν
3485 3062 3578 3116 καὶ
3623 3062 3759 3131 Δέρε-

501 3149 873 3220 Pamphyliam
909 3170 924 3205 :
951 3152 1147 3208 deinde
1176 3169 1370 3210 rursus
1404 3155 1632 3224 Pergam
1658 3171 1674 3213 :
1706 3163 1895 3224 postea
1927 3157 2078 3208 Atta-

2183 3159 2285 3227 6ην
2330 3159 2424 3226 καὶ
2463 3157 2808 3211 Λυκαονίαν⁹
2832 3172 2848 3188 ·
2899 3152 3029 3209 ἐἶτα
3090 3157 3171 3219 εἰς
3224 3154 3587 3226 Παμφυλίανο
3638 3149 3759 3208 εἶτα.

502 3242 628 3294 liam
654 3258 670 3296 :
698 3243 893 3298 deinde
925 3260 1117 3301 rursus
1137 3249 1358 3300 tertium
1381 3245 1726 3301 Antiochiam
1756 3245 1926 3317 Syria:
1949 3264 1962 3300 :
1984 3262 2080 3316 po-

501 3341 617 3388 stea
654 3351 846 3392 rursus
872 3338 1092 3391 tertium
1125 3336 1557 3408 Hierosolymam
1589 3349 1814 3407 propter
1841 3338 2078 3392 circum-

498 3423 760 3479 cisionem
804 3442 821 3482 :
876 3425 1075 3482 deinde
1131 3443 1326 3483 rursus
1377 3437 1630 3497 quartum
1695 3428 2076 3483 Antiochiam:

500 3527 687 3584 posma
717 3519 1028 3588 peragravit
1065 3519 1279 3588 Syriam
1305 3528 1358 3574 et
1397 3519 1680 3575 Ciliciam:
1713 3519 1908 3576 deinde
1953 3535 2076 3575 rur-

497 3619 597 3662 sus
620 3607 815 3661 iterum
871 3607 1103 3662 Dcrbam
1151 3621 1204 3665 et
1244 3608 1491 3681 Lystratn
1529 3627 1543 3664 :
1591 3609 1682 3664 ubi
1735 3609 2078 3664 Timotheum

497 3696 881 3752 circumcidit:
919 3701 1161 3768 posthaae
1194 3703 1472 3769 prolectus
1498 3709 1583 3756 est
1612 3701 1666 3755 itt
1693 3699 1984 3772 Phrygiam
2018 3707 2072 3755 et

498 3782 796 3838 Galaticam
837 3785 1152 3858 regionem:
1205 3789 1407 3846 deinde
1457 3791 1512 3845 in
1559 3791 1788 3864 Mysiam
1826 3811 1840 3848 :
1890 3802 2078 3863 postea

501 3873 769 3930 Troadem
803 3893 819 3930 :
853 3888 1016 3948 atque
1067 3881 1221 3936 illinc
1265 3881 1546 3952 Neapolim
1599 3901 1614 3939 :
1643 3885 1841 3940 deinde
1873 3885 2081 3955 Philip-

499 3979 598 4033 pos
617 3964 942 4024 Maccdonia:
967 3972 1156 4027 urbem
1183 3991 1196 4026 :
1220 3987 1432 4042 postea,
1458 3986 1738 4045 peragrata
1761 3975 2078 4046 Amphipoli

496 4067 549 4110 et
566 4061 1029 4128 Apollonia,vcuit
1051 4062 1496 4124 Thessalonicam
1519 4084 1533 4124 :
1554 4067 1750 4122 deinde
1766 4066 2077 4122 Berrhceant

446 4178 453 4182 -
499 4157 555 4200 et
583 4145 829 4204 Athenas
861 4165 876 4203 :
914 4151 1474 4220 postea=Corinthmn
1503 4165 1560 4210 et
1587 4154 1864 4226 Ephesum
1895 4172 1910 4208 :
1955 4157 2079 4212 inde

497 4239 800 4296 Caesaream
839 4259 853 4296 :
886 4244 1128 4313 posthaec
1179 4245 1378 4300 iterum
1429 4247 1777 4302 Antiochiam
1809 4248 2028 4304 Pisidiae
2060 4266 2076 4303 :

441 4389 446 4393 ,
501 4333 632 4398 inde
659 4334 714 4388 in
739 4334 1041 4390 Calaticam
1075 4336 1353 4406 regionem
1396 4345 1452 4392 et
1471 4335 1798 4409 Phrygiam:
1833 4342 2075 4409 posthaec

499 4418 1003 4483 iterunr'reversus
1056 4435 1142 4483 est
1171 4427 1468 4498 Ephesum.
1520 4429 1752 4502 Deinde,
1792 4442 2077 4502 peragrata

484 4508 842 4572 Macedonia,
878 4515 1028 4569 venit
1080 4515 1136 4569 in
1191 4515 1497 4583 Graeciam;
1558 4531 1723 4590 atque
1773 4520 1898 4576 inde
1957 4512 2155 4590 per-D

497 4609 682 4668 agrata
719 4599 1058 4667 Macedonia,
1082 4604 1282 4657 iterum
1327 4620 1582 4664 reversus
1609 4620 1694 4664 est
1717 4608 2021 4679 Philippos,
2047 4626 2077 4664 a

495 4685 766 4757 Philippis
791 4689 1062 4745 Troadem
1104 4708 1300 4750 rursus
1322 4697 1603 4765 prolectus
1627 4709 1708 4754 cst
1741 4715 1755 4752 :
1794 4700 1884 4753 ubi
1909 4699 2076 4754 etiam

497 4775 803 4847 Eutychum
841 4780 1052 4850 lapsum
1081 4784 1372 4841 excitavit:
1393 4787 1589 4845 deinde
1609 4792 1782 4844 Asson
1805 4789 2077 4858 profectus

497 4876 580 4920 est
607 4876 662 4921 ct
693 4867 1018 4939 Mitylenen;
1055 4887 1184 4930 mox
1238 4873 1307 4932 ad
1357 4879 1478 4935 loca
1508 4879 1614 4934 sita
1639 4895 1670 4934 e
1693 4880 1912 4950 regione
1931 4879 2075 4935 Chii:

497 4965 684 5026 postea
714 4957 938 5015 Samum
977 4980 990 5015 :
1035 4974 1201 5034 atque
1231 4967 1358 5023 inde
1395 4968 1658 5024 Miletum.
1689 4970 1864 5032 Unde,
1893 4984 2076 5026 accer-

497 5049 618 5105 sitis
647 5049 717 5105 ad
745 5065 804 5107 sc
834 5051 1110 5125 Ephesiis,
1161 5062 1564 5114 sermocinatus
1590 5068 1675 5115 est
1703 5074 1768 5113 ac
1790 5059 2071 5116 valedixit:

496 5155 683 5213 postea
715 5147 862 5201 venit
894 5149 948 5202 in
973 5148 1147 5206 Coum
1176 5169 1190 5205 :
1223 5166 1345 5206 mox
1381 5152 1633 5206 Rhodum
1663 5171 1675 5206 :
1709 5153 1836 5208 inde
1881 5153 2074 5209 Patara

495 5233 690 5290 deinde
718 5233 920 5307 Tyrum
950 5256 965 5293 :
988 5249 1178 5309 postea
1207 5238 1545 5296 Ptolemaida
1573 5258 1586 5294 :
1613 5251 1778 5310 atque
1811 5243 1936 5298 inde
1959 5242 2074 5299 Ca:-

495 5338 707 5380 sareatn
742 5342 755 5378 :
784 5325 926 5381 unde
962 5342 1157 5381 rursus
1183 5339 1442 5398 quartum
1472 5331 1720 5385 ascendit
1754 5328 2073 5402 llierosoly-

2184 3250 2342 3304 πάλιν
2380 3251 2460 3313 είς
2504 3250 2722 3318 Πέργην
2747 3265 2760 3282 ·
2784 3244 2904 3301 εἶτα
2934 3249 3014 3312 είς
3059 3249 3377 3301 Ἀττάλιαν·
3432 3243 3549 3300 εἶτα
3598 3245 3758 3302 πάλιν
3850 3296 3857 3300 .

2179 3343 2361 3412 τρίτον
2414 3342 2495 3404 εἰς
2524 3341 2852 3410 Ἀντιόχειαν
2894 3341 2993 3411 τῆς
3021 3340 3218 3409 Συρίας
3239 3356 3256 3372 ο
3284 3334 3404 3393 εἶτα
3450 3339 3608 3393 πάλιν
3637 3339 3726 3407 τρί
3748 3368 3759 3378 -

2178 3450 2270 3486 τον
2301 3433 2380 3495 εἰς
2421 3431 2799 3502 Ἰερουσαλὴμ,
2823 3431 2912 3485 διὰ
2955 3431 3053 3501 τὴν
3079 3434 3403 3503 περιτομήν.
3430 3427 3561 3484 Εἶτα
3599 3430 3759 3482 πάλιν

2178 3523 2438 3594 τέταρτον
2461 3524 2540 3586 είς
2567 3521 2968 3591 Ἀντιόχειαν.⁸⁰
3018 3515 3152 3574 Εἶτα
3192 3521 3353 3574 πάλιν
3403 3521 3651 3591 δεύτερον
3680 3522 3759 3582 εἰς

2179 3613 2388 3685 Δέρϐην
2416 3614 2512 3667 καὶ
2542 3613 2814 3681 Λύστραν
2848 3612 2974 3666 ἔνθα
2995 3612 3084 3666 τδν
3099 3613 3367 3682 Τιμόθεον
3395 3613 3716 3682 περιέτεμεν
3738 3626 3756 3642 ο

2181 3702 2299 3760 εἶτα
2322 3709 2403 3769 είς
2424 3706 2525 3776 τὴν
2556 3704 2799 3775 Φρυγίαν
2827 3703 2923 3759 καὶ
2951 3703 3257 3775 Γαλατικὴν
3287 3701 3470 3774 χώραν
3491 3719 3507 3735 ο
3541 3697 3662 3755 εἶτα
3681 3704 3760 3764 εἰς

2179 3798 2394 3852 Μυσίαν
2415 3813 2428 3827 ’
2465 3791 2584 3848 εἶτα
2609 3797 2688 3858 εἰς
2717 3793 2944 3866 Τρωάδα
2969 3809 2986 3826 ⁸
3031 3793 3286 3848 κάκεῖθεν
3340 3794 3418 3856 είς
3444 3793 3714 3846 Νεάπολιν
3739 3809 3755 3822 ο

2182 3885 2305 3943 εἶτα
2332 3889 2412 3952 εἰς
2459 3887 2760 3950 Φιλίππους
2814 3889 2915 3958 τῆς
2966 3886 3302 3949 Μακεδονίας
3326 3901 3340 3914 ’
3371 3880 3512 3946 εἶτα,
3539 3881 3761 3937 διελθὼν

2179 3980 2278 4050 τὴν
2331 3978 2658 4050 Ἀμφίπολιν
2718 3977 2814 4032 καὶ
2877 3976 2975 4048 τὴν
3042 3976 3427 4038 Ἀπολλωνίαν,
3468 3970 3633 4045 ἦλθεν
3680 3975 3761 4036 εἰς

2177 4069 2616 4138 Θεσσαλονίκηνο
2670 4064 2792 4122 εἶτα
2835 4069 2915 4131 εἰς
2971 4067 3255 4138 Βὲρροιαν,
3315 4060 3434 4118 εἶτα
3478 4066 3556 4128 είς
3601 4063 3758 4132 ’Λθήο

2179 4177 2273 4224 νας
2300 4177 2315 4192 ·
2356 4155 2476 4213 εἶτα
2513 4162 2593 4222 εἰς
2636 4157 2903 4229 Κόρινθον
2938 4173 2954 4189 ·
2983 4153 3101 4210 εἶτα
3129 4159 3210 4220 εἰς
3243 4158 3506 4225 Ἔφεσονο
3531 4148 3650 4208 εἶτα
3679 4156 3760 4215 εἰς

2180 4255 2512 4323 Καισάρειαν
2532 4269 2544 4283 ·
2586 4249 2703 4305 εἶτα
2753 4250 3009 4322 δεύτερον
3040 4251 3122 4313 είς
3163 4250 3494 4320 Ἀντιόχειαν
3525 4247 3625 4316 τῆς
3654 4247 3754 4299 Πι-

2179 4345 2352 4407 σιδίας
2377 4359 2391 4372 ·
2417 4339 2536 4395 εἶτα
2563 4344 2642 4404 είς
2687 4341 2788 4410 τὴν
2818 4339 3120 4410 Γαλατικὴν
3141 4339 3325 4410 χώραν
3369 4337 3465 4391 καὶ
3496 4335 3756 4407 Φρυγίανο

2179 4433 2296 4488 εἶτα
2357 4435 2520 4487 πάλιν
2590 4433 2841 4501 δεύτερον
2893 4433 2974 4494 είς
3040 4432 3306 4500 Ἐφεσονο
3362 4427 3502 4494 εἶτα,
3537 4424 3758 4480 διελθὼν

2179 4527 2278 4596 τὴν
2332 4524 2741 4586 Μακεδονίαν,¹¹
2793 4518 2923 4594 ἦλθε
2955 4524 3116 4578 πάλιν
3144 4521 3394 4592 δεύτερον
3434 4521 3512 4581 είς
3571 4517 3760 4570 Φιλίπ-

2181 4633 2337 4678 πους.
2361 4615 2470 4668 Καὶ
2500 4614 2608 4668 άπὸ
2633 4613 2916 4667 Φιλίππων
2942 4615 2986 4646 ⁸³
3025 4613 3191 4666 πάλιν
3212 4614 3291 4674 είς
3312 4609 3540 4682 Τρωάδα
3565 4624 3580 4640 ο
3631 4607 3760 4660 ἔνθα

2172 4708 2272 4762 καὶ
2315 4707 2406 4761 τὸν
2438 4705 2677 4775 Εὔτυχον
2727 4706 2916 4776 ἠγειρε
2949 4707 3184 4758 πεσόντα
3208 4721 3221 4735 ·
3255 4700 3374 4756 εἷτα
3395 4703 3473 4764 εἰς
3502 4700 3601 4770 τὴν
3626 4694 3762 4750 Ἀσ-

2180 4816 2301 4853 σον’
2347 4795 2467 4851 εἶτα
2531 4795 2611 4860 εἰς
2657 4795 3013 4864 Μιτυλήνην·
3051 4791 3172 4849 εἶτα
3215 4795 3259 4827 ⁸³
3307 4792 3536 4863 ἀντικρὺ
3595 4790 3755 4842 Χῖον.

2178 4885 2313 4942 Εἶτα
2380 4888 2460 4952 εἰς
2507 4886 2712 4957 Σάμον,
2765 4885 3020 4940 κάκεῖθεν
3058 4885 3140 4948 είς
3193 4885 3488 4954 Μήλητονο
3525 4881 3756 4943 ἐκεῖθεν,

2178 4979 2623 5050 εἰσπεμψάμενος
2651 4979 2696 5011 ⁸³
2717 4980 2842 5042 τοὺς
2865 4980 2924 5032 ὲν
2957 4977 3191 5048 Ἐφέσῳ,
3223 4977 3500 5047 ὡμίλησεν
3532 4974 3713 5033 αὐτοῖς
3738 4987 3754 5002 °

2179 5065 2297 5123 εἶτα
2325 5070 2405 5132 εἰς
2429 5069 2554 5124 Χῶν
2584 5086 2598 5101 ο
2623 5063 2740 5121 εἶτα
2797 5069 2877 5131 εἰς
2922 5067 3104 5121 Ῥόδον
3136 5085 3150 5100 ο
3197 5067 3455 5122 κάκεῖθεν
3508 5068 3588 5128 εἰς
3641 5064 3757 5117 Πά-

2178 5177 2321 5230 ταρα
2347 5177 2362 5189 ·
2412 5158 2668 5214 κάκεῖθεν
2697 5159 2776 5221 είς
2835 5157 3010 5229 Τύρον
3037 5173 3049 5188 θ
3083 5153 3203 5211 εἶτα
3233 5159 3316 5221 είς
3364 5154 3704 5225 Πτολεμαῖδα
3732 5167 3750 5184 ⁸

2179 5249 2434 5303 κάκεῖθεν
2454 5251 2533 5310 εἰς
2565 5248 2900 5320 Καισάρειαν
2921 5263 2934 5279 ο
2970 5248 3226 5302 κάκεῖθεν
3277 5248 3438 5302 πάλιν
3492 5246 3753 5315 τέταρτον

2183 5339 2410 5410 ἀνῆλθεν
2439 5340 2518 5402 εἰς
2553 5337 2908 5410 Ἰερουσαλήμ
2939 5355 2953 5370 ·
3000 5339 3256 5393 κάκεῖθεν
3285 5336 3658 5408 παρεπέμφθη
3674 5335 3753 5398 εἰς

1682 5445 1887 5507 Variae
1940 5447 2243 5516 lectiones
2277 5461 2550 5516 etnotae.

565 5539 1585 5634 ῗἱεῖςξὲξξνὲέὶηνέ,υ⁷,,”ζδο;ἑνὲ7έ9ξνο
1661 5549 1682 5579 ⁸
1712 5548 1946 5634 τηλικοῦ
1987 5556 2336 5634 camitem
2375 5553 2598 5634 τδεῖτοςε
2728 5579 2818 5632 uo.
2841 5565 2942 5634 τῆς
2975 5566 3298 5628 Λυκαονίας.
3380 5567 3423 5598 ὀ
3459 5555 3754 5634 armilla-

492 5610 1043 5704 'Egtxdjilax-Oﬁaetég,
1068 5610 1377 5704 diﬁlgf‘chv
1400 5610 1601 5704 ξυρξαν
1629 5610 1907 5704 κατάμὸῖ
1949 5610 2066 5704 καί)

2207 5625 2485 5704 Κιλικίανἶ
2536 5627 2600 5704 ,⁸⁸
2628 5610 2827 5704 Λιιάῖῖᾷ
2851 5610 3402 5690 liget
3427 5651 3443 5687 :
3465 5610 3640 5704 ’ἧτλθεν
3670 5610 3751 5684 είς

505 5676 729 5730 Ἑλλάδα
807 5682 1078 5755 ,κάκεῖθεν
1104 5676 1346 5738 διελθὼν
1373 5676 1491 5755 τῆν’
1511 5686 1564 5740 Μ

495 5746 1009 5817 μεταπεμψάμενος.
1264 5755 1265 5758 ‘

1818 5881 1970 5903 ,μισ-η’.

1570 5690 1871 5744 ακεδονξαν.
1953 5693 1994 5723 ¹²
2032 5690 2365 5770 ψιλίπποις,
2395 5695 2705 5753 habebatur.
2787 5703 2828 5733 ¹³
2859 5721 2947 5772 γρ.
3002 5706 3081 5769 εἰς
3129 5706 3195 5759 τά
3247 5690 3512 5774 ἀντικρύ.’
3577 5700 3622 5732 ⁸⁵
3653 5714 3745 5766 τρο

2895 5789 2914 5818 τ
