4068 6210
358 286 466 348 489

1298 286 1703 349 EXPOSI'I‘IO
1744 284 1825 346 IN
1861 286 2051 347 ACTA
2082 287 2662 351 APOSTOLORUM.

3512 287 3618 355 490

358 398 720 470 Καισάρειαν.
738 399 848 453 Καὶ
861 399 1044 455 λοιπὸν
1067 399 1284 471 δέσμιος
1309 399 1403 454 ἐπὶ
1427 398 1668 469 Ῥώμην.
1691 398 1882 462 Οὕτως
1899 398 1942 430 ⁸⁸

2057 414 2190 456 mam
2226 421 2239 457 :
2273 411 2436 473 atque
2487 402 2613 460 inde
2644 402 2973 466 Czesaream,
3004 413 3069 456 ac
3108 398 3364 471 deinceps
3392 398 3622 457 Romam

359 490 472 543 ἀπὸ
536 489 879 561 Καισαρείας
906 486 1074 561 ἦλθεν
1121 492 1201 553 εἰς
1233 489 1440 543 Σιδῶνα
1469 505 1484 521 ·
1546 489 1805 543 κάκεῖθεν
1864 488 1945 550 εἰς

358 583 527 652 Μύρα
561 581 662 651 τῆς
693 582 904 646 Λυκίας
929 600 942 613 ·
973 578 1092 637 εἶτα
1116 583 1197 646 εἰς
1228 581 1421 635 Κνίδον
1450 597 1465 613 ο
1489 580 1746 634 κάκεῖθεν
1780 579 1946 633 πολλὰ

359 672 550 727 παθὼν
580 669 743 743 ἦλθεν
769 675 849 737 εἰς
881 674 980 746 τὴν
1040 675 1224 744 νῆσον.
1287 672 1458 727 Ἔνθα
1484 675 1517 743 ἡ
1552 672 1729 743 ἔχιδνα
1765 671 1939 742 καθή-

358 766 498 833 ψατο
558 767 656 835 τῆς
693 768 887 837 χειρὸς.
920 766 1087 821 αὐτοῦ
1118 768 1213 820 καὶ
1237 766 1452 835 ἔμεινεν
1501 764 1744 835 ἀϐλαϐής
1776 781 1790 796 ο
1822 759 1941 816 εἶτα

360 858 439 918 εἰς
473 855 828 925 Συρακούσας
861 873 875 887 ·
901 852 1020 909 εἶτα
1051 858 1131 919 εἰς
1175 856 1395 926 Ῥήγιον
1424 858 1523 924 τῆς
1584 853 1903 925 Καλαῦρίας
1929 869 1942 883 ’

360 942 479 998 εἶτα
508 947 588 1009 εἰς
625 946 936 1010 Ποτιόλους·
966 948 1224 1000 κάκεῖθεν
1256 946 1420 1009 πεζὸς
1442 945 1672 1016 ἀνῆλθεν
1703 946 1783 1008 εἰς
1810 943 1947 999 Ῥώ-

365 1054 496 1107 μην,
538 1038 970 1108 ἀπαντησάντων
1002 1036 1153 1107 αὐτῷ
1181 1036 1286 1089 τῶν
1313 1037 1557 1107 ἀδελφῶν
1596 1038 1676 1100 εἰς
1717 1035 1946 1090 ’Λππίου

362 1127 529 1195 φόρον
558 1128 653 1180 καὶ
703 1130 873 1199 τριῶν
899 1127 1188 1198 Ταϐερνῶν
1214 1128 1276 1181 ¹⁶.
1309 1128 1419 1181 Καὶ
1452 1128 1637 1181 λοιπὸν
1689 1128 1948 1183 εἰσελθὼν

367 1220 452 1281 είς
510 1218 736 1288 Ῥώμην
763 1259 777 1284 ,
821 1220 913 1271 καὶ
938 1218 1156 1282 διδάξας
1178 1218 1369 1288 χρόνον
1395 1220 1600 1285 ἱκανὸν,
1640 1219 1866 1290 ὕστερον
1891 1220 1948 1273 ἐν

362 1311 504 1380 αὐτῇ
534 1313 598 1381 τῇ
640 1311 831 1380 Ῥώμη
862 1311 1268 1381 ἐμαρτύρησεν,
1290 1311 1477 1364 αὐτόθι
1508 1312 1601 1365 τὸν
1632 1311 1822 1381 ἀγῶνα
1849 1311 1944 1364 τὸν

361 1402 533 1455 καλὸν
555 1403 986 1472 ἀγωνισάμενος.
1018 1402 1284 1472 Ῥωμαῖοι
1301 1403 1356 1456 δὲ
1378 1402 1763 1472 περικαλλέσιν
1779 1403 1949 1466 οἴκοις

364 1495 466 1547 καὶ
511 1494 805 1563 βασιλείοις
859 1495 927 1546 τὰ
972 1493 1200 1563 λείψανα
1249 1497 1440 1549 τούτου
1497 1493 1873 1567 καθήρξαντες
1904 1495 1947 1528 "

367 1586 616 1637 ἐπέτειον
644 1585 796 1655 αὐτῷ
846 1586 1060 1657 ἡμέραν
1114 1590 1332 1660 μνήμης
1388 1590 1820 1662 πανηγυρίζουσι
1853 1590 1949 1663 τὴν

368 1675 479 1743 πρὸ
507 1675 670 1745 τριῶν
704 1677 999 1730 Καλανδῶν
1048 1680 1284 1733 Ἰουλίων
1313 1681 1375 1734 ⁸⁸.
1409 1682 1611 1746 Πολλὰς
1634 1683 1691 1736 δὲ
1723 1684 1817 1736 καὶ
1844 1684 1951 1754 πρὸ

366 1766 559 1819 τούτου
588 1768 687 1838 ἤδη
738 1771 1093 1839 παραινέσεις
1147 1772 1285 1842 ὑπὲρ
1306 1772 1401 1825 τοῦ
1430 1773 1546 1843 βίου
1572 1775 1665 1827 καὶ
1687 1775 1893 1846 ἀρετῆς
1918 1776 1947 1827 ὁ

372 1858 642 1928 μακάριος
669 1860 984 1931 ἐποιήσατο,
1015 1864 1110 1916 καὶ
1141 1863 1311 1918 πολλὰ
1349 1867 1478 1935 περὶ
1501 1866 1609 1919 τῶν
1656 1866 1952 1936 πρακτέων

367 1951 482 2010 τοῖς
545 1949 858 2018 ἀνθρώποις
915 1953 1269 2023 εἰσηγήσατο.
1300 1953 1422 2008 Ἔτι
1448 1955 1507 2009 δὲ
1553 1956 1692 2019 ὅλως
1731 1957 1826 2010 καὶ
1867 1956 1954 2009 διὰ

368 2040 470 2109 τῆς
504 2040 646 2113 ὑφῆς
684 2042 792 2095 τῶν
824 2043 1240 2116 δεκατεσσάρων
1283 2047 1626 2102 Ἐπιστολῶν
1650 2048 1820 2103 αὑτοῦ
1854 2051 1954 2119 τὴν

368 2130 499 2201 ὃλην
554 2131 863 2203 ἀνθρώποις
888 2133 1149 2205 διέγραψε
1179 2136 1473 2191 πολιτείαν.

374 2470 453 2525 Τὰ
466 2470 774 2540 Κεφάλαια
792 2471 911 2526 τῶν
925 2472 1204 2542 Πράξεων
1232 2473 1351 2529 τῶν
1365 2474 1550 2545 ἁγίων
1572 2474 1949 2529 ἀποστόλων.

368 2605 440 2664 α’.
466 2611 607 2679 Περὶ
649 2611 761 2680 τῆς
795 2612 865 2676 ἐξ
926 2613 1318 2683 ἀναστάσεως
1375 2614 1772 2682 διδασκαλίας
1818 2617 1954 2683 Χρι-

441 2704 613 2768 στοῦ,
646 2705 745 2759 καὶ
791 2707 1086 2773 ὀπτασίας
1139 2709 1290 2776 πρὸς
1329 2707 1469 2775 τοὺς
1517 2707 1809 2777 μαθητὰς,
1854 2706 1953 2760 καὶ

442 2797 574 2863 περὶ
622 2795 987 2865 ἐπαγγελίας
1047 2797 1160 2867 τῆς
1221 2799 1328 2853 τοῦ
1381 2800 1552 2868 ἁγίου
1605 2799 1954 2867 Πνεύματος

442 2886 697 2955 δωρεᾶς·
748 2889 890 2956 θέας
916 2906 981 2943 τε
1009 2892 1107 2943 καὶ
1143 2892 1367 2960 τρόπου
1432 2890 1544 2959 τῆς
1593 2889 1956 2958 ἀναλήψεως

442 2979 549 3032 τοῦ
578 2980 799 3047 Κυρίου
826 2996 839 3008 °
866 2980 965 3034 καὶ
1001 2982 1135 3050 περὶ
1198 2980 1308 3049 τῆς
1358 2981 1614 3045 ἐνδόξου
1670 2980 1955 3048 δευτέρας

441 3070 629 3124 αὐτοῦ
659 3073 998 3139 παρουσίας

370 3160 439 3230 β’.
471 3161 700 3230 Πέτρου
744 3161 1024 3233 διάλογος
1053 3164 1205 3233 πρὸς
1257 3162 1399 3231 τοὺς
1452 3166 1956 3233 μαθητευθέντας,

443 3253 575 3320 περὶ
611 3253 870 3308 θανάτου
897 3254 997 3308 καὶ
1046 3255 1353 3326 ἀποϐολῆς
1415 3257 1611 3312 Ἰούδα
1648 3257 1755 3312 τοῦ
1816 3275 1958 3326 προ-

443 3343 651 3397 δότου.
710 3366 729 3374 -

371 3434 443 3503 γ’.
484 3436 625 3505 Περὶ
670 3439 832 3504 θείας
870 3439 976 3493 τοῦ
1029 3440 1200 3510 ἁγίου
1254 3442 1597 3510 Πνεύματος
1649 3444 1958 3514 ἐπιφοιτή-

443 3543 595 3593 σεως
620 3529 690 3581 ἐν
717 3529 907 3599 ἡμέρᾳ
928 3529 1040 3599 τῆς
1068 3532 1494 3603 Πεντηκοστῆς
1526 3536 1853 3605 γενομένης
1872 3539 1959 3603 είς

447 3619 590 3685 τοὺς
622 3623 1092 3688 πιστεύσαντας.

372 3708 437 3765 δ’.
482 3713 623 3781 Περὶ
665 3713 777 3783 τῆς
805 3715 876 3768 ἐν
911 3715 1145 3785 Χριστῷ
1192 3718 1507 3785 θεραπείας
1549 3720 1654 3774 τοῦ
1702 3720 1771 3774 ἐκ
1820 3737 1956 3791 γεν-

448 3803 638 3872 νητῆς
660 3806 882 3873 χωλοῦ,
932 3806 1160 3875 Πέτρου
1189 3823 1253 3861 τε
1281 3808 1669 3876 κατηχήσεως
1726 3810 1958 3877 ἐλεητι-

447 3897 606 3965 κῆς,
676 3899 1236 3969 συμϐουλευτικῆς,
1290 3900 1754 3970 συμπαθητικῆς
1810 3901 1959 3969 πρὸς

449 3990 755 4057 σωτηρίαν

447 4262 927 4318 πιστευσάντων.

375 4358 489 4453 ς’.-
513 4354 636 4405 Ὀτι
691 4354 861 4453 robe.
892 4355 1297 4453 {Lacorrdxovc~
1334 4359 1739 4453 épé‘dndértac
1775 4366 1845 4419 ἐν
1876 4367 1956 4431 τῷ
1990 4391 2044 4453 D

454 4443 841 4513 δεσμωτηρίῳ
884 4447 1142 4516 ἅγγελος
1193 4449 1301 4503 τοῦ
1349 4451 1496 4505 Θεοῦ
1525 4454 1756 4524 νύκτωρ
1794 4456 1966 4521 ἐξέω-

448 4551 583 4599 σεν,
613 4536 940 4605 ἐπιτρέψας
976 4538 1295 4606 ἀκωλύτως
1330 4542 1673 4610 κηρύσσειν
1700 4546 1807 4600 τὸν
1855 4548 1965 4614 Ἰη-

450 4642 612 4682 ιγοιηρ

376 4719 446 4783 ζ’.
485 4720 629 4789 Περὶ
664 4724 1032 4791 χειροτονίας
1066 4723 1186 4778 τῶν
1212 4723 1362 4779 ἐπτά
1388 4726 1702 4783 διακόνων.

379 4903 455 4974 η’.
494 4906 795 4962 Ἰουδαίων
821 4908 1237 4978 ἐπανάστασις
1274 4911 1376 4966 καὶ
1407 4916 1784 4983 συκοφαντία
1812 4920 1962 4974 κατὰ

450 4996 781 5064 Στεφάνου,
816 4999 1002 5054 αὑτοῦ
1037 4999 1107 5053 δὲ
1129 4998 1457 5071 δημηγορία
1502 5004 1633 5072 περὶ
1671 5005 1781 5075 τῆς
1812 5010 1963 5078 πρὸς

454 5085 705 5158 Ἀϐραὰμ
731 5090 1024 5161 διαθήκης
1055 5092 1164 5149 τοῦ
1193 5092 1362 5160 Θεοῦ,
1391 5095 1488 5149 καὶ
1519 5100 1652 5166 περὶ
1712 5098 1830 5156 τῶν
1883 5103 1960 5167 ιβ

448 5182 848 5252 πατριαρχῶν.

377 5271 451 5328 θ’.
500 5274 644 5342 Περὶ
702 5275 963 5347 διωγμοῦ
1020 5277 1131 5348 τῆς
1174 5280 1562 5352 Ἑκκλησίας,
1625 5283 1725 5338 καὶ
1768 5286 1964 5357 ταφῆς

449 5369 783 5437 Στεφάνου.

2048 493 2261 551 vinctus
2289 496 2651 552 transmissus
2686 506 2790 551 est.
2832 494 2912 549 lta
2945 508 2975 547 a
3003 492 3255 549 Caesarea
3285 492 3431 548 venit
3463 493 3628 550 Sido-

2047 599 2172 639 nem
2207 602 2221 638 :
2250 594 2413 656 atque
2448 588 2574 642 inde
2596 586 2743 658 Myra
2770 585 2946 657 Lycia:
2970 585 3160 640 urbem
3189 602 3202 638 :
3254 599 3378 639 mox
3410 586 3465 640 in
3497 585 3628 640 Cni-

2049 676 2176 731 dum
2209 689 2411 748 :atque
2440 680 2568 733 inde
2596 679 2765 732 multa
2797 693 3014 749 passus,
3059 678 3208 733 venit
3251 676 3306 731 in
3352 677 3586 732 insulam
3614 717 3628 743 ,

2050 772 2143 826 ubi
2170 772 2353 843 vipera
2385 788 2608 827 manum
2639 775 2759 843 ejus
2783 773 3004 838 invasit,
3029 780 3083 827 ct
3110 772 3315 827 mansit
3343 772 3553 842 integer
3577 779 3631 826 et

2054 864 2377 919 ineolnmis.
2411 864 2607 920 Postea
2658 865 2806 920 venit
2837 866 3181 936 Syracusas:
3232 864 3430 919 deinde
3486 864 3635 919 Rhe-

2051 956 2199 1026 gium
2226 957 2493 1011 Calabria:
2531 957 2719 1011 urbem
2754 975 2768 1011 :
2821 957 3079 1025 deinceps
3123 955 3421 1011 Puteolos:
3472 965 3636 1025 atque

2051 1047 2179 1102 inde
2202 1048 2369 1118 pedes
2422 1049 2651 1103 Romam
2705 1048 2951 1104 ascendit
2978 1089 2992 1114 ,
3027 1048 3242 1103 obviam
3290 1046 3339 1102 ei
3379 1063 3635 1118 progres-

2052 1142 2129 1196 sis
2172 1143 2431 1198 iratril-us
2500 1142 2567 1196 ad
2611 1143 2771 1213 Appii
2826 1157 2999 1212 usque
3051 1140 3229 1196 forum
3292 1151 3346 1196 et
3386 1149 3499 1197 tres
3527 1141 3635 1195 Ta-

2054 1233 2252 1290 bernas
2281 1253 2294 1288 :
2328 1252 2390 1289 ac
2414 1236 2676 1305 deinceps
2699 1235 2926 1292 Romam
2960 1238 3267 1306 ingressus,
3293 1248 3417 1287 cum
3463 1233 3636 1287 multo

2056 1337 2303 1398 tempore
2337 1331 2617 1386 docuisset
2653 1333 2707 1384 in
2758 1331 2873 1400 ipsa
2906 1329 3039 1384 urbe
3081 1330 3275 1393 Roma,
3309 1328 3633 1398 martyrium

2055 1422 2243 1487 Subiit,
2270 1433 2324 1476 ct
2370 1423 2504 1478 inibi
2560 1424 2847 1494 pulchrum
2892 1422 3025 1477 illud
3077 1430 3354 1477 certamen
3402 1423 3630 1492 peregit.

2052 1507 2284 1563 Romani
2322 1522 2501 1565 alitem
2532 1513 2792 1582 reliquias
2816 1515 2935 1582 ejus
2958 1512 3298 1581 pra‘pnlclira
3326 1512 3440 1569 aede
3470 1520 3635 1580 atque

2058 1601 2287 1655 basilica
2336 1605 2652 1666 cinxerunt,
2687 1604 3006 1657 memoriam
3040 1603 3162 1671 ejus
3193 1614 3244 1657 ct
3280 1603 3526 1674 martyrii
3559 1602 3637 1657 fe-

2054 1694 2185 1759 rias,
2219 1696 2382 1748 tertio
2436 1695 2712 1748 Kalendas
2761 1692 2956 1756 Julias,
3010 1709 3206 1763 nempe
3255 1704 3410 1747 sexto
3452 1708 3637 1748 tnense

2058 1786 2226 1838 totius
2257 1785 2383 1838 anni
2415 1786 2774 1840 celebrantes.
2812 1785 2914 1839 Sed
2936 1784 3048 1853 jam
3073 1793 3232 1839 antea
3258 1801 3478 1855 quoque
3511 1788 3632 1840 bea-

2059 1862 2282 1930 tus‘ille
2337 1875 2535 1930 multas
2578 1891 2678 1946 pro
2709 1876 2832 1930 vita:
2888 1876 3173 1931 honestate
3225 1887 3388 1946 atque
3437 1878 3638 1932 virtute

2056 1975 2445 2035 composuerat
2500 1967 2929 2033 admonitiones,
2985 1981 3049 2022 ac
3106 1967 3172 2021 de
3229 1967 3418 2024 oﬂiciis
3468 1970 3637 2022 inulta

2056 2059 2227 2114 cdi-Jit
2282 2060 2603 2116 hominibus
2639 2069 2912 2133 praecepta
2954 2080 2968 2116 :
3010 2071 3276 2132 praeterea
3322 2077 3448 2116 vero
3484 2076 3636 2117 sum-

2059 2152 2242 2204 matim
2269 2154 2436 2206 etiam
2480 2167 2577 2223 per
2607 2160 2923 2207 contextum
2951 2168 3176 2207 suarum
3217 2150 3634 2221 quatuordccim

2059 2242 2457 2311 Epistolarum,
2486 2250 2656 2297 totam
2683 2242 3000 2297 hominibus
3020 2244 3144 2299 vitae
3172 2242 3430 2313 degendae
3461 2242 3635 2295 ratio-

2059 2348 2181 2387 nem
2212 2334 2524 2403 descripsit.

2234 2473 2425 2541 Capita
2455 2473 2705 2526 Actorum
2740 2482 3048 2527 sanctorum
3075 2472 3455 2537 apostolorum.

2060 2614 2110 2668 1.
2144 2612 2218 2667 De
2248 2612 2489 2667 doctrina
2512 2610 2712 2667 Christi
2736 2623 2849 2680 post
2885 2612 3341 2678 resurrectionem,
3381 2618 3428 2665 et
3458 2625 3637 2681 quem-

2132 2705 2417 2758 admodum
2450 2720 2504 2757 se
2546 2702 2978 2773 conspiciendum
3028 2703 3311 2772 praebuerit
3337 2701 3631 2770 discipulis,

2134 2807 2183 2850 et
2204 2796 2268 2850 de
2285 2797 2550 2865 promisso
2572 2795 2712 2849 dono
2730 2794 2966 2865 Spiritus
2999 2794 3172 2849 sancti
3196 2810 3215 2847 :
3241 2801 3394 2862 atque
3426 2800 3635 2861 specta-

2129 2890 2250 2944 culo
2271 2899 2320 2944 et
2351 2891 2506 2943 modo
2544 2888 2754 2942 Domini
2783 2886 3163 2957 assumptionis
3188 2901 3206 2940 :
3241 2901 3303 2939 ac
3329 2883 3391 2938 de
3402 2884 3636 2956 glorioso

2128 2984 2242 3052 ejus
2270 2983 2494 3037 adventu
2513 2980 2758 3036 secundo.

2060 3166 2116 3221 2.
2160 3164 2303 3219 Petri
2329 3154 2700 3219 sermocinatio
2731 3179 2845 3218 cum
2876 3160 3152 3230 discipulis
3191 3159 3254 3215 de
3279 3172 3445 3214 morti.
3470 3170 3520 3214 et
3553 3174 3637 3214 re-

2123 3256 2357 3326 jectione
2380 3252 2540 3308 Iuda:
2565 3253 2877 3322 proditoris.

2060 3444 2113 3498 5.
2157 3443 2229 3497 De
2275 3444 2451 3497 divino
2495 3441 2716 3510 appulsu
2766 3447 2815 3493 et
2873 3455 3085 3493 accessu
3159 3437 3331 3490 sancti
3378 3434 3634 3505 Spiritus,

2131 3533 2221 3603 qui
2255 3532 2448 3585 accidit
2481 3529 2548 3584 ad
2598 3545 2684 3583 eos
2720 3529 2809 3598 qui
2847 3527 3203 3591 crediderant,
3246 3527 3301 3579 in
3329 3525 3413 3578 die
3449 3522 3637 3578 Pente-

2131 3637 2320 3680 εοδιρδ.

2060 3719 2116 3773 4.
2163 3716 2239 3771 De
2272 3724 2459 3770 curato
2487 3715 2541 3768 in
2581 3714 2792 3767 nomine
2821 3710 3020 3765 Christi
3047 3726 3126 3773 eo,
3161 3710 3250 3779 qui
3279 3707 3502 3762 claudus
3533 3723 3635 3760 na-

2133 3817 2217 3861 tus
2250 3814 2387 3871 erat,
2422 3805 2486 3859 de
2519 3804 2766 3856 doctrina
2804 3803 2927 3855 item
2962 3800 3107 3855 Petri
3136 3814 3398 3868 propensa
3434 3800 3503 3852 ad
3533 3800 3638 3852 mi-

2130 3897 2477 3953 sericordiam
2503 3904 2552 3949 et
2574 3892 2985 3956 condolentiam,
3013 3906 3119 3961 qua
3148 3890 3430 3943 consilium
3479 3905 3638 3942 suum

2129 4261 2510 4316 communione.

2067 4354 2121 4411 6.
2170 4353 2237 4409 Ut
2281 4353 2549 4421 apostolos
2575 4351 2630 4404 in
2669 4364 2933 4405 carcerem
2973 4344 3232 4415 conjectos
3288 4341 3506 4413 angelus
3542 4339 3641 4395 Dei
3736 4374 3743 4381 -

2177 4455 2296 4502 octu
2319 4444 2579 4513 eduxerit,
2602 4452 2757 4512 atque
2803 4437 3130 4510 praceperit,
3164 4445 3221 4489 ut
3264 4433 3447 4505 palam
3477 4448 3539 4487 ac
3569 4433 3639 4487 ιε-

2146 4541 2262 4595 bere
2284 4538 2468 4594 Iesum
2509 4536 2882 4606 promicarent.

2072 4728 2125 4781 7.
2160 4723 2238 4780 De
2265 4721 2542 4786 electione,
2585 4718 2850 4773 creatione
2880 4723 3036 4785 atque
3074 4712 3409 4770 ordinatione
3447 4716 3643 4779 septem

2142 4819 2517 4873 diaconorum.

2070 4914 2124 4969 8.
2166 4913 2505 4979 Importunas
2551 4905 2803 4961 adversus
2854 4899 3179 4971 Stephanum
3226 4898 3448 4966 impetus
3490 4901 3645 4964 atque

2144 5002 2413 5056 calumnia
2443 4997 2754 5052 Juda'orum
2783 5008 2802 5045 :
2840 4991 2954 5054 eius
2994 4990 3118 5043 item
3160 4987 3339 5043 concio
3371 4984 3435 5039 de
3483 4992 3647 5038 testa.

2143 5103 2315 5149 mento
2350 5071 2412 5146 ac
2447 5088 2640 5160 findere
2681 5086 2777 5140 Dei
2827 5099 2947 5138 cum
2988 5081 3332 5135 Abrahamo:
3365 5076 3546 5131 adlnec
3580 5072 3645 5125 de

2141 5186 2417 5242 duodecim
2451 5179 2797 5253 patriarchis.

2069 5283 2122 5340 9.
2189 5281 2266 5335 De
2320 5277 2680 5349 persecutione
2744 5270 2995 5326 Ecclesia
3067 5279 3116 5322 et
3191 5263 3465 5335 sepultura
3529 5257 3643 5312 Ste-

2134 5376 2319 5449 phani.

1588 5538 1793 5601 Varias
1823 5534 2219 5603 lectionesiet
2250 5539 2441 5598 notae.

456 5683 683 5777 “1051.0;
712 5684 1021 5769 habebatur.
1066 5757 1081 5777 ι
1115 5686 1160 5719 ’⁸
1195 5691 1341 5777 τρεῖς
1375 5688 1677 5759 Ταϐερνάς.
1757 5691 1798 5723 ⁸⁷
1819 5706 1909 5761 γρ.
1946 5687 2356 5763 καθείρξαντες.
2436 5683 2481 5718 ³⁸
2508 5677 2812 5753 προσετέθη
2845 5668 3102 5743 ἀλλαχοῦ·
3142 5668 3325 5740 ’Έκτῳ
3356 5665 3465 5722 τῶν
3502 5665 3643 5721 ὅλων

383 5754 517 5826 μηνὶ
546 5755 708 5808 τοῦτο
740 5755 1039 5824 μαρτύριον
1061 5754 1425 5825 ἑορτάζοντες.

715 5852 983 5912 Parnm"
1015 5851 1132 5913 Gn.
1167 5851 1419 5914 CXXV.

3138 5834 3208 5897 16
