4068 6210
375 308 483 373 493
1328 308 1731 371 EXPOSITIO
1768 311 1846 371 1N
1869 312 2054 375 ACTA
2101 290 2682 379 APOSTOLORUM.
3504 312 3609 378 494

427 419 626 487 σόφου
648 433 713 472 τε
746 416 1122 489 κηρύγματος
1151 417 1247 472 καὶ
1275 419 1584 485 εὐσεϐείας
1619 419 1726 473 τοῦ
1782 421 1936 475 Παύ-
1961 425 2016 485 Α

2007 470 2016 484 _
2112 433 2274 491 erat,
2334 425 2799 496 philosopliicaque
2842 423 3223 490 pra'dicatione
3279 440 3342 478 ac
3421 426 3613 493 pietate

427 514 565 564 λου.
1397 543 1401 546 -

1397 543 1401 546 -
2109 514 2289 569 Pauli.

358 599 465 664 κζ’.
481 597 619 666 Περὶ
635 597 860 652 Ἀκύλα
877 598 975 651 καὶ
993 599 1384 667 Πρισκίλλης,
1405 599 1503 654 καὶ
1523 598 1631 668 τῆς
1652 601 1938 669 Κορίνθου

2039 604 2131 659 27.
2194 605 2483 675 DeAquila
2538 623 2609 661 ac
2667 608 2942 673 Priscilla,
3007 616 3161 677 atque
3216 606 3614 663 Corinthiorum

431 690 707 755 ἀπειθίας
741 689 812 721 ”’
858 687 970 757 τῆς
1014 705 1079 742 τε
1130 691 1278 743 κατὰ
1320 694 1663 762 πρόγνωσιν
1715 694 1941 747 ὲπάὐ-

2121 713 2378 764 propensa
2436 691 2505 753 ad
2556 701 2872 755 credendum
2926 701 3241 758 voluntate:
3290 693 3516 772 itismque
3555 703 3617 756 de

432 780 576 847 τοὺς
608 779 887 846 εὐδοκίας
917 781 1456 852 ἀποκαλυφθείσης
1494 784 1575 849 τῷ
1618 785 1855 848 Παύλῳ.

2113 804 2377 858 propensa
2424 793 2673 846 adversus
2729 809 2816 848 eos
2864 794 3133 847 voluntate
3195 793 3336 861 Dei,
3380 810 3497 863 qua:
3554 811 3618 848 ex

2113 883 2449 949 prcescientia
2503 894 2656 953 atque
2729 884 3058 954 providentia
3106 883 3287 937 divina
3358 883 3616 953 profecta,

2115 973 2285 1027 Paulo
2318 974 2544 1029 revelata
2569 984 2645 1029 est
2663 976 2714 1031 Β.

364 1052 473 1123 κη’.
516 1053 653 1120 Περὶ
681 1052 1124 1122 βαπτίσματος,
1158 1052 1257 1106 καὶ
1283 1051 1391 1118 τῆς
1413 1052 1520 1107 τοῦ
1568 1053 1739 1122 ἁγίου
1762 1055 1947 1109 Πνεύ-

2048 1066 2138 1121 28.
2174 1067 2247 1121 De
2282 1068 2596 1136 baptismate
2629 1085 2691 1121 ac
2710 1050 2854 1122 dono
2885 1068 3057 1122 sancti
3094 1066 3348 1137 Spiritus,
3386 1084 3478 1136 per
3496 1084 3611 1137 pre-

430 1162 618 1214 ματος
663 1141 890 1212 δωρεᾶς
923 1143 1210 1210 δοθείσης
1263 1142 1360 1197 διὰ
1395 1143 1744 1212 προσευχῆς
1792 1145 1950 1199 Παύ-

2121 1173 2201 1211 ces
2254 1156 2418 1211 Pauli
2448 1158 2574 1211 dato
2624 1159 2689 1212 iis
2719 1159 2809 1226 qui
2841 1158 3030 1225 Ephesi
3082 1156 3454 1222 crediderant;
3486 1170 3534 1214 et
3560 1169 3616 1213 ut

435 1240 551 1290 λου
582 1234 709 1299 τοῖς
739 1234 811 1287 ἐν
847 1232 1083 1304 Ἐφέσῳ
1131 1234 1519 1300 πιστεύσασι,
1552 1234 1650 1286 καὶ
1678 1233 1811 1301 περὶ
1863 1232 1950 1287 id-

1863 1232 1950 1287 ῖά·
2120 1264 2209 1317 per
2245 1247 2476 1302 Paulum
2502 1250 2687 1318 wgroti
2733 1258 2783 1302 et
2818 1248 3015 1317 inﬁrmi
3042 1249 3215 1302 curati
3244 1250 3348 1303 sint
3376 1260 3421 1303 ο.

444 1341 601 1391 σεως
634 1326 898 1379 Παύλου.

361 1417 469 1471 χθο.
501 1414 779 1483 Περίοδος
823 1413 1066 1468 Παύλου
1096 1411 1165 1465 ἐκ
1197 1410 1308 1480 τῆς
1331 1413 1461 1479 περὶ
1513 1411 1771 1467 θανάτου
1825 1414 1924 1469 καὶ

2052 1422 2141 1478 29.
2178 1423 2492 1495 Peragratio
2517 1424 2680 1478 Pauli
2709 1427 2763 1479 in
2793 1442 2897 1496 qua
2932 1424 2993 1480 de
3028 1425 3262 1495 Eutycho
3293 1427 3498 1482 Troade
3527 1444 3619 1498 per

437 1505 836 1573 ἀνακλήσεως
862 1502 1141 1572 Εὐτυχοῦ
1196 1502 1294 1569 διὰ
1315 1502 1666 1572 προσευχῆς
1701 1505 1770 1558 ἐν
1794 1504 1947 1574 Τρω.

2124 1530 2298 1583 preces
2325 1532 2357 1569 a
2402 1526 2569 1571 morte
2600 1527 2860 1582 revocato,
2900 1517 3081 1571 adltwc
3120 1519 3414 1573 admonitio
3441 1530 3620 1587 pasto-

439 1597 558 1664 ἁδι,
616 1596 972 1665 παραίνεσίς
1029 1611 1093 1648 τε
1120 1595 1478 1665 ποιμαντικὴ
1532 1596 1684 1664 πρὸς
1721 1597 1956 1664 τοὺςέν

1903 1597 1956 1651 ἓν
2126 1607 2280 1673 ralis,
2321 1624 2423 1679 qua
2454 1624 2580 1662 usus
2611 1619 2689 1662 est
2711 1609 2850 1677 apud
2870 1608 3192 1677 presbyteros
3232 1608 3509 1677 Ephesios.

449 1687 686 1757 Ἐφέσῳ
732 1684 1194 1755 πρεσϐυτέρους.
3148 1705 3155 1709 ε

361 1777 432 1834 λ’.
461 1779 719 1849 Ἀγάϐου
778 1776 1111 1845 προφητεία
1137 1775 1416 1844 περὶτῶν
1459 1774 1947 1847 συμϐησομένων

2014 1776 2134 1843 ίὸο.
2182 1786 2465 1856 Proplietia
2493 1786 2662 1856 Agabi
2690 1787 2754 1840 de
2790 1787 2852 1840 iis
2897 1802 3015 1854 qua:
3058 1784 3236 1840 Paulo
3266 1786 3321 1840 in
3359 1785 3620 1844 Hierusa-

447 1870 528 1936 τῷ
551 1870 770 1933 Παύλῳ
796 1868 866 1923 ἐν
907 1868 1326 1939 Ἰερουσαλήμ.

1112 1868 1326 1938 ταλήμ.
2120 1878 2220 1931 lem
2255 1888 2424 1932 essent
2450 1883 2718 1931 eventura.

363 1964 471 2019 λα’.
503 1964 862 2031 Παραίνεσις
888 1963 1169 2017 Ἰακώϐου
1201 1963 1352 2031 πρὸς
1378 1961 1645 2028 Παῦλον,
1679 1961 1812 2031 περὶ
1840 1960 1948 2015 τοῦ

2047 1968 2137 2024 5i.
2184 1966 2354 2022 Verba
2380 1966 2570 2022 Jacobi
2597 1967 2667 2021 ad
2690 1966 2943 2030 Paulum,
2965 1964 3154 2037 quibus
3171 1982 3287 2020 eum
3322 1966 3618 2036 admonuit,

433 2054 520 2126 μὴ
549 2054 755 2109 δοκεῖν
773 2054 1028 2109 κωλύειν
1066 2054 1375 2123 Ἑϐραίους
1399 2055 1868 2124 περιτέμνεσθαι.

2122 2070 2180 2113 ιιι
2204 2060 2356 2113 daret
2380 2073 2611 2128 operam,
2646 2075 2708 2112 ne
2752 2058 3015 2113 videretur
3055 2054 3277 2113 Iudaeos
3318 2058 3621 2114 circumcidi

2123 2148 2417 2219 prohibere.

368 2240 476 2312 λβ’.
509 2239 647 2308 Περὶ
706 2236 819 2308 τῆς
887 2238 958 2290 ἐν
1018 2235 1417 2306 Ἰερουσαλὴμ
1489 2236 1640 2300 κατᾲ
1704 2237 1949 2292 Παύλου

2058 2246 2145 2301 ’52.
2184 2245 2257 2297 De
2284 2259 2366 2308 eo,
2382 2242 2471 2313 qui
2504 2242 2555 2294 in
2581 2238 2876 2294 Jerusalem
2940 2237 3189 2290 adversus
3242 2234 3471 2289 Paulum
3493 2250 3619 2291 con-

439 2317 792 2400 κινηθείσης
814 2329 1083 2396 ἀταξίας,
1115 2328 1276 2395 ὅπως
1333 2344 1400 2382 τε
1436 2328 1626 2383 αὑτὸν
1653 2330 1687 2381 ό
1719 2330 1952 2399 χιλίαρ-
2004 2337 2012 2345 '

2128 2337 2321 2391 citatus
2343 2341 2421 2387 est
2454 2331 2710 2386 tumultus
2739 2346 2758 2384 :
2795 2338 2845 2383 et
2885 2337 2943 2382 ut
2984 2343 3103 2382 eum
3133 2328 3377 2381 tribunus
3399 2343 3463 2381 ea:
3486 2330 3623 2382 mul-

442 2438 551 2490 χος
588 2420 695 2475 τοῦ
723 2419 997 2487 πλήθους
1038 2418 1357 2487 ἐξαιρεῖται
1385 2419 1453 2475 ⁸⁸.

1038 2418 1357 2487 ἐξαιρεῖται
1385 2419 1453 2475 ⁸⁸.
2130 2424 2354 2478 titudine
2374 2420 2642 2476 exemerit.

369 2511 453 2582 λγ
510 2513 667 2566 Ὅσα
722 2514 755 2566 ὁ
802 2510 1043 2583 Παῦλος
1075 2511 1337 2575 καταϐὰς
1366 2511 1452 2576 είς
1508 2510 1574 2564 τὸ
1624 2511 1950 2581 συνέδριον

2058 2518 2147 2573 55.
2179 2519 2308 2582 ρεαδ
2329 2512 2551 2580 Paulus,
2581 2524 2701 2565 cum
2718 2509 3062 2567 descendisset
3086 2511 3141 2565 in
3166 2511 3467 2579 concilium,
3493 2526 3618 2582 pas-

445 2604 630 2660 ἐπαθε
650 2602 747 2657 καὶ
769 2597 899 2656 εἷπε
926 2601 1025 2655 καὶ
1066 2602 1404 2666 εὐθυϐόλως
1434 2600 1658 2669 ἔπραξε

1559 2600 1658 2665 αξε
2129 2623 2216 2661 sus
2249 2607 2341 2669 sit,
2368 2622 2431 2659 ac
2460 2604 2676 2668 dixerit,
2713 2612 2760 2657 et
2793 2612 2927 2657 recte
2961 2601 3165 2671 fecerit.

370 2696 470 2750 ἰδ’.
505 2694 645 2763 Περὶ
671 2693 999 2761 ἐπιϐουλῆς
1019 2693 1439 2763 μελετωμένης
1480 2694 1634 2747 κατὰ
1666 2692 1773 2748 τοῦ
1799 2694 1957 2748 Παύ-

2064 2698 2156 2754 34.
2195 2696 2272 2752 De
2299 2696 2507 2752 insidiis
2552 2711 2670 2766 qua:
2717 2693 2885 2747 Paulo
2929 2692 3261 2761 parabantur
3288 2692 3355 2747 ab
3391 2692 3620 2763 Iudicis,

444 2787 559 2839 λου
580 2784 697 2838 ὑπὸ
727 2782 1052 2852 Ἰουδαίων,
1077 2783 1177 2837 καὶ
1226 2783 1547 2854 μηνύσεως
1579 2781 1764 2838 αὐτοῦ
1811 2784 1961 2852 πρὸς

1605 2781 1764 2838 ιύτοῦ
1811 2784 1961 2852 πρὸς
2127 2795 2177 2842 et
2204 2794 2261 2841 ut
2282 2803 2356 2842 ea:
2389 2786 2562 2857 Lysia:
2582 2785 2788 2839 tribuno
2815 2783 3059 2837 indicata!
3083 2784 3211 2837 sint.

449 2874 711 2927 Λυσίαν.

372 2962 470 3016 λε’.
516 2962 850 3031 Τερτύλλου
891 2962 1022 3030 περὶ
1045 2962 1291 3016 Παύλου
1315 2961 1655 3031 κατηγορία,
1678 2961 1777 3016 καὶ
1812 2960 1963 3017 ἁπο-

2060 2971 2151 3026 35.
2186 2968 2252 3023 Ut
2281 2967 2546 3022 Tertullus
2576 2965 2805 3021 Paulum
2836 2978 3013 3019 coram
3033 2961 3258 3032 praside
3279 2964 3623 3031 accusaverit,

448 3056 628 3124 λογία
682 3053 867 3108 αὑτοῦ
889 3053 987 3108 ἐπὶ
1016 3052 1124 3108 τοῦ
1146 3053 1471 3122 ἡγεμόνος.
1984 3095 2029 3154 c

1146 3053 1471 3154 ᾐῖειιόνοςο
1500 3141 1512 3154 ι
1608 3142 1636 3154 _
1787 3143 1800 3154 .
1984 3095 2029 3154 ο
2130 3070 2177 3115 et
2199 3058 2297 3113 ille
2317 3074 2372 3112 se
2407 3057 2732 3139 defenderit:

372 3143 489 3210 λς’.
532 3145 671 3213 Περὶ
718 3144 981 3212 Φήλικος
1042 3143 1328 3213 διαδόχου
1353 3184 1369 3208 ,
1415 3141 1516 3198 καὶ
1561 3142 1672 3213 τῆς
1715 3143 1958 3213 Φήστου

2018 3141 2029 3151 ’
2062 3152 2152 3209 56.
2190 3150 2257 3205 Ut
2291 3149 2446 3203 Felix
2503 3148 2714 3203 Festum
2750 3160 3100 3200 successorem
3144 3143 3421 3211 acceperit,
3476 3150 3528 3198 et
3568 3155 3624 3198 ut

454 3237 830 3307 προαγωγῆς,
855 3236 1032 3305 τέλος
1087 3253 1153 3291 τε
1201 3235 1295 3290 ἐπ’
1349 3235 1537 3292 αὐτοῦ
1611 3237 1964 3307 διακρίσεως

2129 3244 2220 3298 ille
2252 3239 2482 3296 Paulum
2504 3238 2834 3309 produxerit,
2885 3250 2948 3289 ac
2988 3235 3195 3289 tandem
3223 3234 3341 3288 hinc
3370 3249 3547 3289 coram
3566 3251 3624 3290 eo

452 3335 699 3389 Παύλου
731 3332 828 3386 καὶ
854 3330 1117 3401 ἐφέσεως
1143 3372 1159 3388 .

2133 3350 2352 3391 causam
2376 3331 2570 3386 dixerit
2597 3338 2647 3384 et
2688 3327 3046 3397 appellaverit.

375 3421 477 3488 λε’.
512 3421 805 3490 Ἀγρίππα
828 3419 927 3473 καὶ
972 3418 1265 3487 Βερνίκης
1306 3418 1611 3486 παρουσία
1633 3433 1649 3449 °
1686 3417 1785 3474 καὶ
1818 3417 1961 3505 πεῦ-

2059 3430 2149 3486 57.
2186 3428 2428 3498 Agrippa:
2488 3431 2537 3477 et
2589 3421 2833 3476 Bernices
2887 3418 3161 3484 adventus,
3209 3424 3367 3488 atque
3398 3415 3625 3487 cognitio

450 3528 551 3579 σις
583 3510 701 3564 τῶν
744 3508 894 3564 κατὰ
920 3509 1185 3564 Παῦλον.

920 3509 1185 3564 Παῦλον.
2130 3530 2304 3570 causa:
2337 3510 2513 3566 Pauli.

378 3606 487 3679 λη’.
553 3603 753 3671 Πλοῦς
802 3604 1046 3658 Παύλου
1107 3603 1208 3657 ἐπὶ
1267 3602 1496 3673 Ῥώμης
1548 3602 1844 3658 κινδύνων
1899 3619 1964 3657 τε

2059 3608 2148 3665 58.
2187 3605 2343 3658 Pauli
2372 3603 2588 3657 Romam
2640 3614 2816 3654 versus
2851 3597 3115 3667 navigatio
3163 3595 3513 3664 plurimorum
3567 3609 3629 3647 ac

455 3698 765 3751 πλείστων
785 3695 831 3727 ³¹
868 3693 969 3749 καὶ
1001 3694 1303 3765 μεγίστων
1351 3694 1644 3763 ἔμπλεως.

1453 3697 1644 3760 τλεωςο
2132 3699 2486 3752 maximorum
2510 3693 2665 3762 plena
2685 3689 3059 3760 periculorum.

379 3787 481 3843 λθῖ
504 3790 695 3853 Ὅπως
716 3786 836 3843 ἀπὸ
872 3788 1139 3857 ’Μελίτης
1160 3788 1246 3853 εις
1277 3784 1507 3857 Ῥώμην
1529 3785 1909 3854 κατήντησεν
1930 3788 1963 3840 ό

1743 3801 1909 3854 τησεν
1930 3788 1963 3840 ό
2060 3791 2150 3848 59.
2180 3789 2246 3843 Ut
2278 3805 2307 3841 a
2328 3785 2514 3840 Melita
2544 3782 2754 3837 'Paulus
2785 3779 3003 3833 Romam
3043 3781 3349 3852 pervenerit.

459 3883 665 3934 Παῦλο
705 3919 722 3934 .

388 3978 463 4042 μ’.
490 3973 625 4040 Περὶ
649 3900 973 4038 ἑαλέξεως
1006 3971 1248 4025 Παύλου
1271 3968 1382 4039 τῆς
1404 3969 1553 4039 πρὸς
1575 3968 1717 4035 τοὺς
1740 3970 1811 4023 ἐν
1826 3968 1965 4023 Ῥώ-

2068 3968 2157 4022 40.
2201 3963 2276 4018 De
2314 3958 2747 4017 sermocinatione
2783 3954 2961 4021 Pauli,
3017 3966 3065 4009 et
3120 3954 3464 4012 collocatione
3514 3973 3630 4012 cum

449 4083 537 4136 μῃ
569 4063 925 4130 Ἰουδαίους.

2142 4057 2345 4112 Judwis
2373 4053 2464 4125 qui
2496 4050 2672 4104 Roma:
2697 4056 2868 4102 erant.

1548 4177 1753 4238 Varias
1788 4178 2098 4242 lectiones
2133 4183 2196 4239 et
2235 4181 2424 4236 notae.
2480 4190 2483 4193 ί

457 4279 504 4310 ²⁹
530 4278 680 4343 ἴσως,
699 4277 999 4340 εὐπειθίας.
1076 4277 1121 4309 ³⁸
1143 4277 1409 4348 ὲξερεῖται
1430 4275 1741 4334 habebatur.
1818 4278 1860 4310 ³⁸
1895 4278 2063 4349 πλήσει

904 4277 999 4340 ξας.
1076 4277 1121 4309 ³⁸
1143 4277 1409 4348 ὲξερεῖται
1430 4275 1741 4334 habebatur.
1818 4278 1860 4310 ³⁸
1895 4278 2173 4349 πλήστων,
2202 4272 2510 4327 habebatur.

458 4416 487 4455 ι’
519 4415 588 4470 Et
634 4417 718 4469 hic
769 4415 1050 4485 plusquam
1096 4416 1372 4470 dimidium
1410 4424 1567 4485 caput
1610 4416 1868 4471 decimum
1898 4425 2158 4479 octavum,
2185 4419 2247 4485 de
2273 4411 2582 4485 ._I_uda20rum
2615 4405 3108 4485 calumniaﬂcoram
3147 4401 3637 4485 Fumone-{acac

382 4487 555 4540 vriori
580 4490 650 4540 ad
670 4471 1201 4557 -Epliesum‘adventu
1224 4494 1272 4540 et
1298 4471 1719 4557 peregrinatione
1750 4486 1931 4557 Pauli,
1962 4488 2127 4554 deque
2146 4471 2368 4557 'Apollo,
2416 4479 2737 4557 prasteritur.
2814 4487 2836 4517 ε
2873 4475 2943 4557 Et
2968 4476 3052 4529 hic
3082 4473 3284 4547 reliqua
3310 4471 3496 4543 capitis
3532 4472 3629 4528 de-

387 4556 513 4613 cimi
539 4558 663 4610 noni
694 4560 757 4611 de
784 4555 911 4625 ﬁliis
941 4553 1138 4613 Saeva:
1165 4553 1459 4625 exorcistii,
1496 4566 1543 4614 et
1576 4558 1828 4614 seditione
1856 4556 2049 4626 Ephesi
2079 4572 2171 4626 per
2194 4553 2541 4619 Demetrium,
2568 4555 2970 4620 praetereuntur.
