4068 6210
349 371 446 436 ί97

1296 373 1705 435 EXPOSITIO
1747 373 1826 434 IN
1849 370 2037 432 ACTA
2067 373 2647 440 APOSTOLORUM.

3495 383 3606 448 408

418 482 494 534 Τὸ
539 482 596 536 δέ
638 481 799 538 πλέον
863 484 972 538 τῶν
1021 486 1256 542 ἐνταῦθα
1293 489 1653 558 ἐγκειμένων,
1705 487 1920 539 Παύλου

2097 487 2266 541 Porro
2293 489 2469 557 major
2493 506 2618 559 pars
2663 505 2880 555 eorum,
2909 507 3028 563 qua:
3079 494 3166 548 hic
3223 494 3602 559 continentur,

348 577 578 647 πράξεις
609 577 755 639 εἰσὶ,
792 577 886 629 τοῦ
938 579 1328 651 περισσότερον
1367 583 1586 635 πάντων
1621 581 1920 634 κοπιάσαν-

346 685 457 728 τος.
512 668 584 719 1'6
619 667 676 720 δέ
720 667 917 730 αἴτιον,
951 670 1118 723 αὑτοῦ
1151 673 1412 742 φοιτητὴς
1457 667 1524 742 ἦν
1561 674 1588 724 ό
1612 673 1672 723 τὸ
1719 671 1920 741 βιϐλίον

347 759 504 810 τοῦτο
539 759 774 826 συνθεὶς,
811 762 1026 824 Λουκᾶς
1063 765 1090 815 6
1125 763 1395 833 μακάριος
1423 781 1437 792 ·
1479 758 1542 816 οῦ
1591 763 1689 833 τὴν
1722 762 1920 834 ἀρετὴν

353 850 688 920 πολλαχόθεν
721 851 823 920 μὲν
858 853 952 906 καὶ
981 853 1278 924 ἀλλαχόθεν
1311 855 1456 908 ἐστιν
1499 854 1648 908 ἰδεῖψ
1685 855 1922 920 μάλιστα

352 945 446 1012 μὲν
484 944 528 975 ³⁸
561 947 626 996 ἐκ
683 943 779 997 τοῦ
834 946 972 1014 πρὸς
1022 945 1114 1000 τὸν
1153 947 1474 1001 διδάσκαλον
1531 947 1918 1009 ἀδιασπάστως

349 1035 516 1103 ἔχειν,
558 1035 654 1088 καὶ
701 1035 790 1088 διὰ
825 1037 1026 1100 παντὸς
1065 1037 1218 1108 αὐτῷ
1279 1037 1734 1109 παρακολουθεῖν.
1762 1038 1830 1091 Ὅ
1862 1055 1923 1091 τε

350 1126 482 1194 γοῦν
533 1129 724 1198 Δημᾶς
776 1129 870 1180 καὶ
904 1127 1242 1198 Ἑρμογένης
1292 1129 1455 1183 αὐτὸν
1489 1129 1867 1197 ἐγκατέλιπον
1897 1130 1925 1180 6

354 1218 457 1287 μὲν
509 1218 589 1281 εἰς
642 1217 934 1282 Γαλατίαν,
980 1221 1007 1271 6
1065 1219 1120 1272 δὲ
1171 1222 1250 1284 εἰς
1290 1220 1603 1290 Δαλματίαν
1650 1219 1922 1274 ἀπελθών.

353 1309 642 1372 Ἄκουσον,
672 1309 723 1360 τί
756 1325 887 1378 φησι
933 1308 1061 1380 περί
1086 1310 1276 1363 τούτου
1311 1326 1324 1339 °
1352 1312 1565 1374 Λουκᾶς
1599 1313 1716 1364 ἐστι
1766 1312 1926 1380 μόνος

353 1402 474 1470 μετ’
502 1400 659 1470 ἐμοῦ.
691 1401 799 1454 Καὶ
835 1402 1144 1472 Κορινθίοις
1174 1403 1230 1456 δὲ
1269 1403 1621 1466 ἐπιστέλλων,
1657 1404 1788 1474 περὶ
1831 1404 1927 1456 αὑ-

351 1495 443 1548 τοῦ
481 1511 662 1564 φησιν’
698 1491 771 1550 Οῦ
806 1497 1028 1561 ἔπαινος
1065 1499 1123 1549 ἐν
1167 1497 1246 1569 τῷ
1275 1499 1592 1569 Εὑαγγελίῳ
1624 1499 1711 1552 διὰ
1738 1498 1927 1552 πασῶν

351 1586 463 1639 τῶν
505 1587 860 1657 Ἐκκλησιῶν.
890 1591 1000 1643 Καὶ
1037 1591 1164 1644 ὅταν
1203 1590 1359 1664 λέγῃ,
1400 1593 1483 1644 ὅτι
1521 1591 1702 1662 Ὠφθη
1737 1592 1924 1662 Κηφᾷ,

351 1675 472 1730 εἶτα
502 1680 614 1742 τοῖς
661 1678 886 1734 δώδεκα·
918 1682 1011 1735 καὶ
1050 1682 1191 1736 κατὰ
1232 1682 1293 1736 τὸ
1338 1684 1666 1752 Εὐαγγέλιον
1697 1683 1724 1736 ὃ
1782 1701 1926 1753 παρ-

351 1771 598 1835 ελάϐετε,
631 1772 692 1825 τὸ
722 1772 915 1826 τούτου
957 1772 1126 1842 λέγει.
1164 1774 1326 1827 Ὥστε
1361 1775 1460 1828 οὐκ
1483 1776 1548 1829 ἄν
1576 1793 1660 1838 τις
1688 1776 1925 1846 ἁμάρτοι

351 1859 450 1928 τὴν
493 1862 880 1931 πραγματείαν
915 1863 1119 1933 ταύτην
1177 1864 1328 1935 αὐτῷ
1387 1864 1604 1929 ἀναθείς
1634 1883 1648 1896 ο
1690 1866 1820 1918 ὅταν
1869 1865 1926 1918 δέ

353 1951 491 2021 είπῳ
511 1953 705 2020 τούτῳ,
763 1952 842 2018 τῷ
871 1953 1091 2025 Χριστῶ
1112 1953 1278 2021 λέγω.

426 2131 488 2182 Εἰ
544 2130 600 2183 δέ
636 2148 718 2194 τις
765 2131 937 2200 λέγει·
968 2134 1078 2186 Καὶ
1111 2133 1164 2186 τί
1213 2134 1414 2204 δήποτε
1466 2135 1586 2206 οὐχὶ
1623 2135 1799 2189 πάντα
1837 2136 1931 2188 ἀν-

355 2221 560 2291 έγραψε
608 2223 772 2292 μέχρι
826 2223 1017 2287 τέλους
1061 2223 1140 2278 ὢν
1181 2223 1297 2294 μετ’
1364 2226 1568 2291 αὑτοῦ;
1611 2227 1814 2278 Ἐκεῖνο
1859 2226 1928 2278 ἂν

355 2314 626 2380 εἴποιμεν,
654 2313 736 2365 ὅτι
776 2315 873 2366 καί
923 2313 1094 2367 ταῦτα
1128 2315 1402 2385 ἀρκοῦντα
1426 2313 1494 2388 ἦν
1522 2319 1634 2381 τοῖς
1671 2317 1930 2387 βουλομέ-

354 2419 467 2464 νοις
521 2403 834 2474 προσέχεινο
868 2405 962 2458 καὶ
1002 2406 1084 2459 ὅτι
1123 2407 1259 2477 πρὸς
1294 2407 1364 2460 τὰ
1410 2409 1809 2476 κατεπείγοντα
1843 2408 1931 2460 ἀεὶ

355 2492 558 2546 ἵστατοο
591 2494 683 2546 καὶ
723 2495 804 2547 ὅτι
845 2496 946 2548 οὐκ
978 2497 1034 2548 ἐν
1065 2496 1141 2568 τῷ
1177 2497 1540 2570 λογογραφεῖν
1574 2495 1643 2571 ἦν
1675 2501 1862 2562 αὐτοῖς
1894 2501 1927 2570 ἡ

357 2587 584 2657 σπουδή*
612 2588 781 2643 πολλὰ
810 2591 920 2659 γὰρ
952 2593 1045 2644 καὶ
1080 2593 1312 2663 ἀγράφῳ
1347 2593 1640 2662 παραδόσει
1675 2595 1926 2666 παρέδω-

357 2697 484 2734 καν.
510 2682 696 2736 Πάντα
724 2683 822 2753 μὲν
848 2681 943 2737 οῦν
963 2685 1088 2750 ἀξια
1117 2685 1417 2756 θαύματος,
1453 2687 1520 2741 τά
1546 2689 1604 2740 ἐν
1635 2687 1712 2757 τῷ
1741 2687 1929 2758 βιϐλίῳ

355 2770 532 2838 τούτῳ
563 2773 812 2841 κείμενα⁶
850 2774 1086 2844 μάλιστα
1126 2775 1183 2829 δὲ
1222 2776 1332 2830 τῶν
1371 2777 1688 2831 ἀποστόλων
1720 2779 1753 2848 ἡ
1795 2793 1930 2846 συγ-

357 2863 688 2928 κατάϐασις,
722 2865 791 2935 ἢν
818 2867 912 2918 καὶ
943 2865 1003 2918 τὸ
1036 2867 1262 2938 Πνεῦμα
1299 2870 1482 2932 αὐτοῖς
1511 2869 1773 2936 ὑπέϐαλε,
1821 2889 1936 2935 πα-,ο

362 2955 720 3022 ρασκευάζων
754 2957 950 3020 αὐτοὺς
973 2958 1052 3027 τῷ
1082 2958 1182 3028 τῆς
1220 2961 1536 3030 οἰκονομίας
1569 2961 1932 3028 ἐνδιατρίϐειν

357 3045 524 3113 λόγῳ·
551 3047 640 3101 διά
683 3048 746 3119 δὴ
783 3049 962 3114 τοῦτο,
997 3050 1236 3106 τοσαῦτα
1268 3052 1397 3122 περί
1419 3052 1586 3106 αὑτοῦ
1621 3053 1930 3123 διαλεχθέν-

2025 575 2175 628 Pauli
2209 586 2335 631 sunt
2361 579 2617 648 acta,qui
2667 582 2900 650 amplius
2954 597 3118 653 quam
3155 597 3346 637 omnes
3388 585 3604 637 labora-

2023 673 2118 728 vit.
2148 672 2274 740 Ejus
2303 682 2480 727 autem
2510 675 2585 728 rei
2619 689 2780 728 causa
2831 686 2934 741 cst,
2981 677 3126 746 quod
3181 677 3486 746 discipnins
3539 680 3603 730 il-I

2025 761 2130 816 lius
2181 771 2298 816 erat
2341 765 2409 825 is,
2447 765 2536 834 qui
2579 765 2728 819 hunc
2773 766 2972 820 librttm
3031 769 3362 836 composuit,
3411 785 3605 839 nempe

2027 851 2220 905 beatus
2253 849 2428 907 Lucas
2458 865 2474 905 :
2501 853 2660 920 cujus
2695 853 2870 908 virtus
2898 869 3022 908 cum
3059 870 3122 908 ex
3160 854 3346 908 muttis
3383 855 3603 925 quidem

2026 945 2191 997 rebus
2237 944 2380 1007 aliis,
2417 955 2530 998 tum
2565 961 2695 1000 vero
2756 946 2992 1000 maxime
3015 962 3080 1001 ex
3108 962 3193 1009 eo,
3235 949 3380 1017 quod
3428 965 3456 1001 a
3493 965 3607 1003 ma-

2027 1036 2198 1105 gistro
2240 1051 2346 1089 non
2379 1033 2780 1104 potuitdivclli,
2808 1036 2900 1090 sed
2957 1036 3304 1092 continenter
3335 1054 3458 1092 eum
3518 1055 3606 1094 as-

2027 1134 2269 1180 sectatus
2295 1133 2400 1190 est,
2427 1125 2599 1181 videri
2631 1134 2832 1195 potest.
2863 1125 2999 1179 Nam
3035 1128 3230 1180 Demas
3252 1135 3306 1182 et
3377 1127 3607 1184 llermo-

2028 1231 2194 1285 genes
2208 1231 2329 1270 eum
2348 1216 2728 1284 deseruerunt,
2758 1216 3076 1287 hicquidem
3102 1219 3154 1271 in
3176 1218 3602 1291 GaIIOgraeeiam,

2029 1311 2119 1364 ille
2149 1310 2202 1363 in
2265 1308 2583 1364 Dalmatiam
2626 1309 2926 1378 profectus.
2961 1310 3103 1364 Audi
3168 1311 3299 1381 quid
3353 1312 3494 1366 dicat
3536 1312 3604 1366 de

2030 1403 2132 1457 hoc
2160 1422 2173 1456 :
2207 1401 2383 1457 Lucas
2421 1416 2632 1458 mecum
2665 1413 2750 1456 est
2779 1403 2952 1458 solus.
2978 1403 3155 1472 Atque
3195 1403 3363 1458 etiam
3405 1402 3601 1458 Corin-

2031 1493 2162 1548 thiis
2187 1493 2431 1548 scribens
2460 1494 2527 1549 de
2547 1508 2613 1548 eo
2639 1493 2771 1547 dicit
2805 1513 2817 1547 :
2849 1493 3020 1562 Cujus
3076 1495 3196 1550 laus
3227 1505 3310 1549 est
3340 1495 3392 1548 in
3427 1496 3607 1548 Evan—

2029 1585 2167 1655 gelio
2215 1601 2311 1654 per
2350 1600 2544 1640 omnes
2595 1585 2872 1640 Ecclesias
2906 1603 2919 1638 :
2957 1593 3010 1639 et
3063 1600 3187 1639 enm
3219 1586 3352 1640 dicit
3389 1602 3403 1638 :
3440 1586 3604 1640 Visus

2029 1687 2109 1730 est
2143 1676 2356 1746 Ccphae,
2405 1676 2603 1732 deinde
2663 1675 2772 1729 illis
2821 1673 3110 1729 duodecim
3147 1693 3162 1727 :
3195 1683 3248 1728 et
3302 1678 3602 1730 secundum

2032 1765 2378 1837 Evangelium
2413 1766 2557 1836 quod
2625 1765 2947 1834 accepistis,
2987 1765 3150 1834 hujus
3183 1766 3316 1820 dicit
3362 1767 3606 1836 Evange-

2031 1859 2185 1914 lium.
2219 1859 2406 1928 Itaque
2441 1872 2599 1912 nemo
2624 1857 2908 1920 erraverit,
2947 1857 3094 1912 hunc
3147 1859 3603 1913 commentarium

2030 1950 2468 2018 huicacceptnm
2532 1947 2762 2004 ferens:
2805 1963 2932 2004 cum
2985 1957 3188 2014 autem,
3258 1950 3408 2016 huic,
3456 1951 3606 2015 dico,

2027 2041 2249 2096 Christo
2272 2041 2418 2096 dico.

2100 2133 2254 2199 Quod
2293 2133 2338 2188 si
2383 2133 2509 2203 quis
2540 2133 2684 2188 dicat
2715 2150 2728 2190 :
2763 2133 2829 2187 Et
2849 2129 2964 2188 ’cur
3011 2133 3231 2188 tandem
3292 2148 3398 2187 non
3423 2133 3606 2186 omnia

2027 2225 2222 2280 litteris
2247 2224 2682 2289 mandavit,cum
2709 2241 2880 2295 usque
2897 2226 2963 2279 ad
2994 2224 3152 2280 ﬁnem
3179 2233 3323 2279 esset
3349 2240 3453 2277 una
3479 2238 3603 2277 cum

2030 2317 2319 2371 illo‘lhuic
2369 2316 2772 2386 responderim,
2815 2317 2960 2385 quod
2989 2317 3152 2372 etiam
3223 2315 3340 2370 haec
3388 2313 3605 2368 abunde

2030 2409 2168 2464 satis
2198 2408 2367 2463 multa
2397 2408 2508 2464 sint
2537 2409 2626 2475 iis,
2655 2412 2748 2478 qui
2784 2393 3072 2463 attendere
3116 2406 3290 2462 velint
3326 2425 3337 2460 :
3380 2417 3433 2461 et
3457 2407 3601 2476 quod

2031 2498 2098 2555 ad
2137 2515 2220 2564 ea,
2249 2514 2370 2568 quae
2406 2497 2694 2567 urgebant,
2726 2513 2940 2568 semper
2999 2497 3366 2552 consisterent
3409 2514 3422 2549 :
3455 2496 3602 2564 quod

2031 2607 2139 2646 non
2167 2592 2224 2645 in
2250 2590 2405 2646 libris
2434 2587 2744 2645 scribendis
2771 2589 3018 2644 studium
3052 2604 3212 2642 suum
3249 2587 3601 2651 collocarent,

2031 2698 2156 2738 nam
2195 2683 2364 2737 multa
2451 2683 2615 2737 etiam
2646 2681 2770 2736 viva
2813 2695 2966 2744 voce,
2995 2696 3116 2750 qua:
3140 2681 3343 2749 scripta
3369 2695 3475 2733 non
3511 2694 3605 2733 ex-

2032 2783 2198 2838 stant,
2222 2773 2529 2828 tradebant.
2560 2773 2739 2842 Atque
2767 2785 2890 2825 cum
2918 2771 3099 2826 omnia
3140 2770 3380 2840 quidem,
3413 2769 3606 2840 quaein
3679 2837 3690 2844 ν

2032 2869 2136 2923 hoc
2193 2867 2332 2921 libro
2379 2866 2754 2928 continentur,
2803 2863 3166 2918 admiratione
3212 2863 3370 2931 digna
3429 2871 3604 2916 sunt:

2031 2967 2143 3012 tum
2176 2971 2306 3011 vero
2337 2955 2571 3010 maxime
2611 2953 2981 3024 apostolorum
3053 2951 3491 3018 συγκατάϐασις,
3550 2949 3605 3003 id

2031 3056 2133 3110 est,
2165 3062 2229 3103 ea
2259 3047 2454 3112 virtus,
2497 3061 2604 3116 qua
2649 3060 2708 3101 se
2742 3043 3230 3100 accommodabant
3264 3043 3329 3095 ad
3364 3051 3608 3111 tempora

357 3156 472 3203 τες,
504 3138 661 3207 ὀλίγα
689 3141 818 3212 περὶ
853 3143 1249 3214 τῆςιθεότητος
1299 3144 1466 3198 αὑτοῦ
1521 3147 1799 3217 εἰρήκασι.
1851 3146 1930 3199 Τὰ

2039 3146 2206 3208 atque
2225 3153 2518 3209 personas,
2547 3146 2598 3191 et
2640 3137 2798 3206 quasi
2829 3150 2935 3190 una
2967 3150 3093 3190 cum
3133 3134 3240 3188 illis
3270 3126 3610 3187 'condcscen-

358 3231 415 3284 δὲ
476 3230 676 3286 πλέονα
727 3234 858 3303 περί
907 3235 1005 3306 τῆς
1057 3235 1536 3308 ἐνανθρωπότητος
1594 3238 1930 3306 διελέγοντο,

359 3323 575 3377 καὶτοῦ
613 3326 840 3389 πάθους,
873 3329 969 3380 καὶ
999 3328 1098 3397 τῆς
1129 3329 1479 3392 ἀναστάσεως
1500 3370 1514 3394 ,
1549 3332 1641 3384 καί
1674 3331 1772 3400 τῆς
1809 3332 1936 3384 ἀνα-

361 3415 596 3478 ϐάσεως.
636 3418 709 3470 Τὸ
747 3417 857 3488 γὰρ
912 3417 1246 3490 ζητούμενον
1313 3423 1472 3486 τέως,
1519 3421 1679 3475 τοῦτο
1735 3417 1824 3492 ἦν,
1875 3421 1935 3474 τὸ

363 3508 725 3577 πιστευθῆναι
771 3510 854 3563 ὅτι
887 3510 1110 3580 ἀνέστη,
1141 3515 1236 3566 καὶ
1281 3512 1447 3583 ἀνέϐη
1482 3513 1561 3576 εἰς
1597 3515 1726 3576 τοὺς
1763 3514 1932 3583 οὐρα-

360 3599 510 3662 νούς.
541 3599 752 3668 Ὠσπερ
781 3595 875 3653 οὖν
915 3601 1079 3664 αὐτὸς
1115 3603 1142 3655 6
1163 3603 1394 3672 Χριστος
1449 3603 1683 3673 μάλιστα
1718 3605 1934 3657 πάντων

361 3690 665 3754 ἐσπούδαζε
693 3691 887 3759 δεῖξαι,
921 3693 1002 3746 ὅτι
1041 3693 1194 3763 παρὰ
1230 3693 1324 3746 τοῦ
1371 3694 1584 3764 Πατρὸς
1619 3695 1772 3765 ἣκει,
1794 3695 1936 3748 οὕτω

360 3781 459 3832 καὶ
486 3774 664 3845 οὗτος,
714 3782 798 3834 ὅτι
847 3783 1081 3854 ἀνέστη,
1121 3783 1218 3836 καὶ
1257 3783 1533 3854 ἀνελήφθη
1563 3825 1578 3849 ,
1633 3784 1728 3838 καὶ
1789 3786 1928 3854 πρὸς

363 3877 526 3928 αὐτόν
560 3876 796 3947 ἀπῆλθε,
829 3878 922 3931 καὶ
960 3879 1093 3950 παρ’
1123 3879 1290 3933 αὐτοῦ
1329 3881 1578 3948 ἀφίκετο.
1613 3881 1674 3932 Εἰ
1709 3879 1818 3951 γάρ
1861 3881 1936 3952 μὴ

361 3969 522 4022 τοῦτο
576 3971 870 4041 ἐπιστεύθη
944 3972 1213 4042 πρότερον
1242 4012 1256 4036 ,
1321 3972 1502 4042 πολλῷ
1562 3973 1789 4042 μᾶλλον,
1833 3973 1934 4042 τῆς

362 4060 685 4132 προσθήκης
727 4062 1051 4133 γενομένης,
1085 4064 1186 4134 τῆς
1225 4063 1367 4116 κατά
1395 4064 1496 4132 τὴν
1517 4063 1816 4117 ἀνάστασιν
1843 4065 1938 4118 καὶ

359 4151 461 4222 τὴν
479 4154 770 4223 ἀνάληψιν,
796 4155 1026 4208 ἄπιστον
1058 4156 1206 4211 ἀπαν
1231 4155 1292 4208 τὺ
1320 4156 1497 4226 δόγμα
1519 4157 1629 4218 τοίς
1664 4155 1937 4221 Ἰουδαίοις

360 4245 542 4310 ἔδοξεν
570 4243 731 4300 εἷναι.
768 4249 858 4302 Διὸ
884 4250 1067 4320 ἡρέμα
1108 4250 1198 4302 καὶ
1225 4249 1364 4302 κατὰ
1387 4247 1582 4318 μικρὸν
1615 4248 1812 4312 αὐτοὺς
1846 4249 1938 4301 ἐπὶ

359 4336 430 4388 τά
463 4337 774 4410 ὑψηλότερα
809 4341 1021 4408 ἀνάγει·
1055 4341 1114 4394 ἐν
1149 4341 1204 4394 δὲ
1236 4341 1488 4410 Ἀθήναις
1523 4341 1617 4392 καὶ
1652 4339 1937 4409 ἄνθρωπον

361 4429 526 4481 αὑτὸν
547 4431 732 4494 ἁπλῶς
784 4435 812 4485 6
861 4431 1074 4495 Παῦλος
1109 4433 1298 4496 καλεῖ,
1336 4432 1488 4486 οὐδὲν
1537 4432 1699 4485 πλέον
1741 4432 1932 4497 εἰπὼν,

358 4521 609 4584 εἰκότως.
671 4525 730 4576 Εἰ
780 4525 888 4594 γὰρ
934 4524 1096 4577 αὑτὸν
1133 4524 1224 4577 τὸν
1258 4525 1514 4594 Χριστὸν,
1553 4523 1938 4594 διαλεγόμενον

361 4613 490 4681 περὶ
523 4617 624 4684 τῆς
649 4615 730 4678 εἰς
758 4615 850 4668 τὸν
891 4616 1112 4686 Πατέρα
1145 4615 1408 4684 ἰσότητος,
1435 4614 1653 4667 λιθάσαι
1681 4614 1938 4676 πολλάκις

359 4702 747 4771 ἐπεχείρησαν,
789 4704 885 4758 καὶ
948 4705 1269 4774 βλάσφημον
1323 4705 1411 4757 διὰ
1475 4704 1635 4758 τοῦτο
1678 4705 1938 4760 ἐκάλουνέ

356 4794 531 4864 Σχολῇ
569 4793 700 4861 γοῦν
744 4796 894 4866 παρά
943 4795 1053 4848 τῶν
1075 4794 1272 4848 ἁλιέων
1298 4795 1490 4848 τοῦτον
1520 4794 1611 4846 τὸν
1641 4795 1796 4861 λόγον
1824 4796 1937 4848 ἐδέ-

359 4883 542 4947 ξαντο,
582 4885 871 4938 καὶταῦτα
904 4885 997 4938 τοῦ
1030 4883 1269 4955 σταυροῦ
1308 4884 1790 4954 προχωρήσαντος.

2035 3232 2238 3286 debant
2262 3246 2326 3286 ac
2359 3245 2481 3287 sese
2502 3229 2901 3285 demittebant:
2939 3243 3103 3297 quam
3145 3228 3403 3280 virtutem
3439 3223 3612 3285 Spiri-

2038 3333 2127 3380 tns
2153 3323 2235 3377 eis
2284 3320 2631 3392 suggerebat,
2673 3328 2832 3390 aptos
2877 3325 2930 3372 et
2982 3319 3207 3372 idoneos
3239 3331 3334 3371 eos
3371 3314 3612 3369 eﬂlcieus

2037 3418 2102 3470 ad
2131 3415 2255 3479 hoc,
2285 3424 2342 3467 ut
2363 3413 2741 3468 incumberent
2771 3411 2824 3464 in
2851 3411 3116 3464 rationem
3149 3407 3529 3478 dispositionis
3559 3414 3614 3460 ct

2037 3505 2558 3561 administrationis.
2604 3502 2814 3558 Idcirco
2854 3501 3110 3556 nimirum
3163 3509 3274 3554 tam
3325 3499 3496 3552 multa
3544 3497 3612 3552 de

2036 3600 2256 3657 Christo
2283 3599 2469 3660 locuti.
2515 3607 2684 3664 pauca
2712 3597 2779 3650 de
2820 3595 3110 3649 divinitate
3148 3593 3267 3661 ejus
3309 3592 3610 3646 dixerunt:

2037 3692 2301 3760 majorem
2378 3696 2560 3743 autem
2615 3694 2822 3756 partem
2884 3683 2953 3739 de
3013 3685 3492 3737 bumanaenatura:
3526 3696 3613 3736 as-

2037 3782 2370 3852 smnptione,
2392 3781 2459 3834 de
2492 3779 2767 3848 passione,
2795 3777 2863 3830 de
2897 3775 3304 3830 resurrectione
3337 3783 3391 3830 et
3419 3789 3614 3828 ascen-

2039 3874 2192 3928 sione
2219 3871 2602 3940 loquebantur.
2651 3867 2787 3921 Nam
2819 3866 2923 3921 hoc
2961 3876 3098 3928 erat,
3127 3865 3274 3934 quod
3339 3875 3468 3918 tunc
3505 3863 3613 3916 ini-

2037 3964 2116 4018 tio
2155 3961 2558 4032 requirebatur,
2589 3965 2650 4014 ut
2689 3956 3006 4013 crederetur
3057 3955 3426 4010 resurrexisse
3456 3963 3510 4006 et
3555 3953 3610 4006 in

2037 4054 2208 4108 caelos
2234 4050 2570 4107 ascendisse.
2597 4047 3067 4115 Quemadmodum
3097 4046 3264 4114 igitur
3292 4044 3407 4112 ipse
3453 4042 3613 4095 Chri-

2039 4152 2164 4198 stus
2185 4145 2428 4196 omnium
2454 4141 2691 4194 maxime
2714 4137 2970 4193 studebat
2995 4134 3304 4199 ostendere,
3328 4150 3385 4190 se
3402 4150 3430 4186 a
3457 4134 3614 4187 Patre

2041 4235 2226 4288 venire
2260 4252 2270 4286 :
2311 4232 2390 4288 sic
2415 4231 2580 4286 etiam
2618 4229 2707 4284 hic
2745 4229 3124 4283 demonstrare
3160 4226 3210 4297 3
3239 4232 3610 4282 conatnrcmn

2040 4325 2409 4380 resurrexisse
2425 4333 2478 4378 et
2496 4330 2839 4389 assumptum
2865 4335 3007 4386 esse,
3030 4327 3084 4373 et
3113 4319 3180 4374 ad
3211 4318 3358 4372 illum
3387 4317 3612 4379 abiisse,

2040 4429 2094 4473 et
2119 4418 2188 4472 ab
2222 4417 2315 4472 illo
2348 4417 2588 4470 venisse.
2637 4413 2753 4468 Nisi
2785 4413 2930 4468 enim
2966 4411 3099 4466 illud
3153 4411 3305 4481 prius
3344 4409 3612 4466 creditum

2045 4513 2262 4575 fuisset,
2293 4511 2466 4564 multo
2491 4508 2663 4578 magis
2687 4507 2994 4577 adjectione
3018 4505 3162 4559 iacta
3196 4519 3382 4559 earum
3408 4518 3611 4567 rerum,

2035 4619 2159 4675 qua?
2183 4603 2331 4658 circa
2365 4601 2824 4656 resurrectionem
2873 4605 2927 4652 et
2957 4599 3394 4667 assumptionem
3469 4595 3614 4650 acci-

2035 4697 2256 4758 derunt,
2301 4691 2641 4748 incredibilis
2667 4705 2789 4746 esse
2849 4689 2971 4744 ﬁdei
3039 4690 3298 4744 universa
3365 4688 3613 4742 doctrina

2033 4784 2238 4840 Judaais
2271 4783 2386 4838 visa
2423 4781 2657 4836 fuisset:
2687 4779 3039 4850 quamobrem
3067 4779 3270 4834 sensim
3323 4793 3386 4832 ac
3420 4777 3615 4844 paula-

2037 4881 2133 4936 tim
2173 4869 2266 4933 eos
2325 4875 2392 4930 ad
2431 4873 2626 4928 altiora
2669 4871 2942 4936 subducit,
2982 4881 3145 4940 atque
3203 4870 3434 4925 Athenis
3463 4869 3613 4922 illum

357 4973 564 5029 Paulus
613 4977 775 5030 etiam
839 4976 1162 5046 simpliciter
1226 4976 1500 5031 hominem
1582 4983 1760 5040 vocat,
1815 4975 1961 5030 nulla
2038 4990 2098 5029 re
2146 4969 2382 5040 amplius
2433 4965 2667 5036 adjecta,
2717 4979 2783 5019 ac
2818 4962 3034 5017 merito.
3065 4961 3197 5016 Nam
3257 4961 3301 5017 si
3333 4961 3610 5017 Christum

357 5069 538 5137 ipsum
581 5071 744 5124 verba
792 5071 1082 5126 facientem
1125 5069 1191 5126 de
1229 5085 1326 5125 sua
1356 5084 1481 5123 cum
1530 5072 1689 5127 Patre
1737 5069 2047 5139 a'qualitate
2092 5065 2319 5136 parique
2383 5057 2718 5120 conditione.

2807 5054 3078 5124 lapidibus
3134 5055 3372 5108 obruere
3442 5069 3614 5122 smpe-

357 5181 594 5220 numero
651 5174 1021 5231 tentaverunt,
1071 5175 1125 5220 et
1156 5165 1557 5236 blaSphemum.
1587 5165 1638 5219 id
1689 5173 1795 5229 est,
1831 5166 1973 5218 lat-sae
2001 5159 2304 5230 majestatis
2349 5156 2548 5212 divina:
2571 5166 2746 5214 reum.
2785 5149 2989 5204 idcirco
3018 5149 3294 5204 vocabant
3323 5166 3336 5200 :
3370 5148 3617 5216 profecto

354 5257 446 5309 vix
487 5272 606 5311 eam
648 5260 947 5312 orationem
1010 5258 1377 5329 piscatoribus
1407 5259 1812 5327 proferentibus
1851 5259 2196 5327 probassent,
2234 5249 2540 5324 praesertim
2567 5261 2691 5302 cum
2733 5259 2869 5299 crux
2897 5243 3290 5312 praeessisset.

428 5353 541 5405 Καὶ
567 5350 620 5403 τί
664 5351 747 5403 δεῖ
769 5351 951 5419 λέγειν
978 5352 1102 5413 τοὺς
1137 5351 1449 5416 Ἰουδαίους,
1493 5353 1626 5404 ὅπου
1663 5351 1755 5404 καὶ
1778 5351 1932 5405 αὐτοὶ

351 5440 621 5502 πολλάκις
646 5440 694 5491 οἰ
731 5439 970 5508 μαθηταί
990 5438 1096 5493 τῶν
1118 5439 1466 5510 ὑψηλοτέρων
1487 5438 1778 5502 ἀκούοντες
1805 5439 1930 5508 δογ-

357 5532 573 5601 μάτων,
604 5530 963 5602 ἐθορυϐοῦντο
994 5531 1087 5585 καί
1123 5531 1572 5596 ἐσκανδαλίζοντο
1598 5548 1612 5598 ;
1649 5531 1746 5584 Διά
1775 5529 1936 5583 τοῦτο

2115 5349 2176 5401 Et
2208 5345 2340 5416 quid
2374 5343 2566 5397 attinet
2593 5339 2778 5395 dicere
2812 5337 2880 5392 de
2904 5335 3108 5391 Judaeis
3129 5335 3152 5388 ‘l
3174 5331 3614 5403 quandoquidem

2044 5440 2208 5494 etiam
2237 5436 2339 5508 ipsi
2373 5447 2750 5504 saepenumero
2773 5429 3032 5501 discipuli
3063 5428 3130 5482 de
3163 5425 3450 5479 altioribus
3486 5441 3617 5480 sen-

2041 5531 2226 5586 tentiis
2257 5531 2566 5598 loquentem
2599 5525 2879 5582 Christum
2945 5519 3252 5585 audientes,
3317 5518 3616 5576 turbaban-

1595 5669 1795 5733 Variae
1825 5667 2134 5731 lectiones
2165 5672 2226 5730 ct
2248 5671 2442 5727 notae.

433 5795 478 5828 "'
513 5795 697 5866 μέντοι
727 5797 812 5849 Ia.
