4068 6210
451 330 558 394 499

1326 331 1896 394 THEOPHYLACTI
1939 333 2347 413 BULGARME
2390 332 2743 395 ARCHIEP.

3593 333 3701 397 500

453 448 545 494 tur
559 447 612 494 et
632 438 1076 507 oﬂ‘endebantur;
1096 449 1375 511 propterea
1400 442 1563 497 etiam
1584 443 1800 498 dicebat
1824 461 1837 499 :
1870 443 2031 499 Multa

2139 443 2232 496 ml.
2254 442 2427 510 ἔλεγε·
2465 440 2642 495 Πολλὰ
2673 440 2781 511 ἔχω
2817 439 2995 509 λέγειν
3039 438 3188 510 ὑμῖν,
3218 438 3332 492 ἀλλ’
3371 439 3430 492 ού
3476 436 3702 494 δύνασθε

455 529 648 595 habeo,
675 545 795 599 qua:
844 531 1021 585 dicam
1063 533 1236 598 vobis,
1274 534 1368 588 sed
1396 550 1502 589 non
1553 537 1782 605 potestis
1817 547 2034 606 portare

459 634 626 674 nunc.
653 617 806 684 Quod
836 619 880 674 si
927 620 1004 674 illi
1034 635 1142 674 non
1169 629 1440 691 poterant,
1484 627 1576 695 qui
1609 634 1762 680 tanto
1793 635 2035 697 tempore

455 724 564 764 una
582 724 703 762 cum
727 723 794 763 eo
819 708 1084 776 vixerant,
1107 711 1198 780 qui
1224 720 1302 765 tot
1319 729 1643 768 arcanarum
1662 731 1840 771 rerum
1862 717 2030 786 parti-

457 799 605 868 cipes
631 797 870 862 fuerant,
900 801 994 870 qui
1021 809 1101 856 tot
1125 803 1386 859 miracula
1406 805 1652 861 viderant
1678 824 1689 860 :
1715 808 2034 876 quipotuis—

455 897 575 944 sent
599 889 696 953 illi,
721 890 816 960 qui
849 891 917 945 ab
934 891 1202 948 altaribus
1221 902 1274 949 et
1301 897 1606 951 simulacris
1625 905 1679 952 et
1699 898 1960 960 victimis,
1979 904 2033 950 et

455 980 652 1034 felibus
675 991 730 1036 et
762 983 1051 1040 crocodilis
1081 1003 1096 1038 :
1131 986 1262 1040 talia
1293 987 1438 1041 enim
1490 996 1646 1044 erant
1666 1003 1754 1054 ea,
1782 1002 1902 1059 quae
1933 1005 2031 1059 pro

454 1072 771 1127 numinibus
825 1088 853 1127 a
895 1073 1100 1131 Graecis
1158 1086 1212 1131 et
1250 1079 1477 1148 paganis
1528 1080 1853 1136 colebantur
1915 1098 1930 1137 :
1977 1090 2025 1136 et

454 1163 575 1218 aliis
601 1165 758 1219 malis
776 1172 908 1220 tunc
933 1169 1170 1237 primum
1207 1170 1384 1225 avulsi
1408 1179 1584 1234 erant,
1609 1171 1677 1226 de
1706 1173 2030 1228 sublimibus

453 1254 740 1310 sententiis
773 1257 938 1312 verba
970 1267 1193 1328 repente
1229 1273 1447 1328 unoque
1495 1269 1772 1316 momento
1804 1262 2029 1330 probas-

455 1345 762 1412 sent?Qui-
797 1347 925 1402 item
964 1347 1142 1403 Judaei
1184 1365 1426 1420 quoque,
1477 1350 1570 1420 qui
1617 1352 1858 1415 quotidie
1915 1353 2030 1408 dis-

455 1446 608 1504 cunt,
636 1453 982 1510 quorumque
1035 1454 1199 1496 aures
1233 1441 1318 1496 his
1376 1442 1602 1496 vocibus
1631 1442 1764 1513 legis
1788 1443 2030 1513 undique

455 1528 864 1586 circumsonant
908 1549 921 1585 :
971 1532 1110 1587 Audi
1139 1530 1348 1587 Israel:
1397 1531 1659 1588 Dominus
1705 1533 1848 1589 Deus
1881 1542 2027 1599 tuus,

456 1637 600 1678 unus
621 1631 741 1690 est,
799 1638 862 1678 ac
883 1634 1080 1694 praeter
1111 1639 1234 1679 eum
1270 1639 1382 1679 non
1419 1634 1501 1679 est
1527 1624 1668 1681 alius
1711 1644 1724 1680 :
1766 1625 1858 1693 qui
1900 1626 2028 1680 item

457 1720 512 1774 in
555 1724 720 1766 cruce
754 1711 923 1768 clavis
964 1713 1181 1768 aﬂixum
1218 1713 1369 1769 illum
1406 1723 1810 1784 conspexerant
1845 1735 1858 1771 :
1908 1730 2026 1770 ma-

2137 531 2429 602 βαστάζειν
2469 528 2619 600 ἄρτι.
2654 528 2718 581 Et
2751 528 2807 582 δὲ
2839 529 3036 580 ἐκεῖνοι
3065 528 3163 580 οὐκ
3182 524 3468 596 ἠδύναντο,
3499 524 3547 576 οξ
3576 540 3706 591 συγ-

2135 625 2416 694 γενόμενοι
2444 623 2636 693 χρόνον
2669 620 2920 674 τοσοῦτον
2946 619 3117 690 αὐτῷ,
3151 619 3244 672 καὶ
3278 615 3550 670 τοσούτων
3582 631 3702 669 κοιο

2137 713 2479 783 νωνήσαντες
2525 711 2858 782 ἀπορρήτων
2887 750 2900 770 ,
2941 709 3036 762 καὶ
3072 707 3310 760 τοσαῦτα
3369 706 3696 780 θεασάμενοι

2136 805 2390 876 θαύματα
2416 843 2431 867 ,
2460 803 2576 866 πῶς
2624 803 2690 856 ἂν
2720 803 2770 856 οί
2817 802 2924 856 ἀπὸ
2954 799 3153 870 βωμῶν
3196 798 3292 852 καὶ
3338 797 3572 849 εἰδώλων
3608 798 3697 848 κα)

2135 896 2333 950 θυσιῶν
2364 897 2460 950 καὶ
2497 895 2762 964 αἰλούρων
2797 895 2893 948 καὶ
2920 891 3277 962 κροκοδείλων
3303 907 3314 920 ·
3341 890 3564 942 τοιαῦτα
3595 889 3696 956 γὰρ

2132 977 2200 1053 ἧν
2229 983 2338 1036 τῶν
2405 982 2673 1052 Ἐλλήνων
2720 982 2788 1036 τὰ
2837 981 3181 1048 σεϐάσματα’
3225 977 3318 1031 καὶ
3367 978 3475 1030 τῶν
3531 977 3702 1030 ἄλλων

2133 1073 2322 1127 κακῶν
2351 1074 2473 1127 τότε
2527 1073 2742 1142 πρῶτον
2771 1074 2816 1105 ³⁸
2845 1071 3313 1132 ἀποσπασθέντες.
3357 1067 3551 1136 ἁθρόον
3577 1067 3727 1143 τοὺς¹

2134 1161 2371 1233 ὑψηλοὺς
2398 1161 2506 1216 τῶν
2536 1163 2824 1232 δογμάτων
2864 1162 3110 1225 ἐδέξαντο
3140 1160 3329 1226 λόγους
3354 1176 3368 1224 ;
3411 1158 3532 1220 Πῶς
3557 1157 3600 1209 δ’
3639 1160 3701 1210 ἂν

2132 1255 2227 1308 καὶ
2268 1256 2534 1319 Ἰουδαῖοι,
2569 1257 2617 1308 οἱ
2660 1257 2780 1309 καθ’
2811 1256 3050 1318 ἑκάστην
3089 1254 3302 1322 ἡμέραν
3341 1251 3702 1321 μανθάνοντες

2131 1345 2222 1397 καὶ
2244 1345 2593 1416 ἐνηχούμενοι
2618 1345 2721 1398 ὑπὸ
2759 1345 2851 1398 τοῦ
2886 1344 3050 1414 νόμου
3075 1344 3156 1408 τὸ,
3200 1344 3424 1407 Ἀκουε,
3463 1340 3697 1411 Ἰσραήλ·

2131 1438 2336 1510 Κύριος
2384 1442 2412 1492 ὁ
2453 1440 2583 1504 Θεός
2632 1457 2724 1493 σου
2786 1434 2866 1502 εἷς
2922 1440 3057 1503 ἐστι,
3091 1437 3184 1490 καὶ
3211 1437 3350 1505 πλὴν
3393 1436 3556 1490 αὐτοῦ
3602 1437 3700 1487 οὐκ

2129 1529 2275 1583 ἐστιν
2304 1530 2484 1593 ἄλλος’
2525 1531 2620 1583 καὶ
2662 1533 2718 1584 ἐν
2751 1529 2828 1599 τῷ
2860 1528 3078 1599 σταυρῷ
3111 1528 3308 1589 ἰδόντες
3341 1526 3501 1578 αὐτὸν
3532 1543 3699 1593 προσι

2129 1621 2430 1692 ηλωμένον,
2471 1621 2706 1691 μάλιστα
2730 1621 2784 1674 δέ
2810 1621 2903 1673 καὶ
2936 1617 3347 1688 σταυρώσαντες
3377 1617 3468 1670 καὶ
3501 1615 3703 1684 θάψαν-

2133 1730 2226 1776 τες
2280 1713 2375 1766 καὶ
2435 1714 2556 1766 οὐδὲ
2609 1713 2920 1766 ἀναστάντα
2985 1711 3223 1774 ἰδόντες,
3277 1708 3564 1770 ἀκούοντες
3621 1709 3703 1760 ὅτι

456 1802 602 1855 xime
636 1817 764 1857 vero
801 1803 895 1872 qui
947 1804 1108 1858 etiam
1137 1803 1288 1858 illum
1336 1803 1722 1860 cruciﬁxerant
1795 1813 1850 1860 et
1888 1821 2031 1875 sepe-

2136 1803 2267 1867 Θεός
2306 1806 2451 1858 ἐστιν
2481 1804 2644 1866 αὐτὸς
2682 1797 2836 1865 οὗτος
2863 1802 2957 1855 καὶ
2985 1802 3062 1872 τῷ
3094 1801 3270 1870 ῐίατρὶ
3322 1801 3461 1862 ἴσος,
3505 1800 3603 1851 οὐκ
3639 1799 3703 1850 ἂν

456 1894 686 1947 liverant
707 1908 772 1948 ac
802 1909 871 1948 ne
907 1895 1280 1951 resurrexissc
1313 1895 1532 1965 quidem
1598 1910 1722 1950 eum
1755 1896 2026 1964 viderant,

457 1983 744 2040 audientes
764 1983 912 2041 hunc
946 1986 1124 2057 ipsum
1156 1985 1325 2042 Deum
1352 2001 1474 2041 esse
1491 2001 1553 2041 ac
1575 1985 1719 2042 Patri
1740 1989 2028 2057 aaqualem,

457 2090 563 2129 non
599 2075 844 2141 omnium
897 2077 1138 2132 maxime
1188 2077 1552 2141 resiluissent,
1586 2087 1642 2133 et
1704 2079 1918 2148 abrupti
1946 2094 2031 2134 es-

459 2164 614 2219 sent?
663 2165 1029 2230 Quamobrem
1094 2165 1359 2236 paulatim
1400 2181 1463 2220 ac
1533 2168 1737 2222 sensim
1778 2168 1901 2223 illos
1961 2167 2030 2222 ad

458 2253 562 2310 hoc
600 2253 896 2318 adducunt,
955 2270 1019 2311 ac
1055 2256 1223 2311 multa
1271 2255 1491 2325 quidem
1549 2257 2030 2312 condescensionis

456 2351 513 2399 et
572 2346 1096 2402 accommodationis
1155 2348 1372 2403 ratione
1439 2356 1493 2402 et
1557 2346 2032 2404 administratione

456 2440 703 2503 utuntur,
741 2435 973 2507 largiore
1003 2446 1183 2493 autem
1210 2435 1448 2507 Spiritus
1490 2438 1663 2508 gratia
1703 2438 2026 2507 potiuntur:

457 2537 522 2578 ac
571 2525 778 2594 majora
821 2542 984 2596 quam
1013 2528 1129 2597 ipse
1159 2527 1412 2583 Christus
1461 2527 1682 2592 fecerat,
1722 2527 1867 2582 illius
1932 2541 2033 2580 no-

458 2612 602 2668 mine
627 2623 875 2686 gerunt:
957 2627 1015 2670 ut
1066 2625 1301 2686 utroque
1367 2619 1528 2672 modo
1576 2619 1697 2672 illos
1728 2617 1883 2670 humi
1939 2617 2027 2685 ja-

458 2712 646 2760 centes
709 2706 1034 2770 excitarent,
1071 2720 1134 2761 ac
1175 2706 1333 2760 fidem
1389 2707 1633 2762 facerent
1691 2706 1926 2762 orationi
1959 2707 2032 2759 de

457 2795 884 2851 resurrectione.
918 2795 1126 2851 Etenim
1160 2797 1210 2850 id
1241 2797 1585 2866 potissimum
1625 2805 1711 2851 est
1755 2797 1842 2850 hic
1868 2796 2027 2858 liber,

457 2899 654 2955 nempe
714 2885 1112 2942 demonstratio
1139 2877 1151 2889 ’
1179 2887 1676 2958 documentumque
1759 2901 2034 2942 resurrec-

461 2976 632 3032 tionis
664 2995 678 3032 :
715 2979 883 3048 hujus
933 2994 1167 3050 namque
1192 2980 1268 3035 rei
1299 2979 1405 3036 fide
1452 2981 1615 3044 facta,
1651 2980 1861 3050 reliqua
1899 2994 2034 3048 quo-

459 3079 566 3134 que
595 3082 853 3139 prospere
922 3069 1309 3126 succedebant.
1342 3071 1410 3123 Et
1473 3081 1852 3140 argumentum
1894 3072 2020 3140 qui-

2134 1892 2368 1962 μάλιστα
2401 1893 2616 1945 πάντων
2643 1892 3000 1962 ἀπεπήδησάν
3034 1907 3093 1942 τε
3128 1892 3220 1943 καὶ
3260 1888 3656 1960 ἀπερράγησαν
3687 1905 3700 1953 ;

2132 1984 2229 2037 Διά
2264 1984 2420 2037 τοῦτο
2448 1985 2631 2054 ἡρέμα
2674 1985 2767 2036 καὶ
2799 1981 2941 2037 κατά
2976 1981 3168 2052 μικρὸν
3202 1981 3398 2042 αὐτοὺς
3437 1979 3704 2049 προθιὸάο

2131 2073 2304 2138 ζουσι,
2356 2076 2452 2127 καὶ
2501 2073 2670 2143 πολλῇ
2707 2073 2805 2142 μὲν
2845 2072 3140 2143 κέχρηνται
3185 2073 3250 2140 τῇ
3294 2072 3392 2140 τῆς
3431 2085 3704 2137 συγκατα-

2132 2165 2345 2228 6ἀσεως
2405 2163 2711 2235 οἰκονομίᾳ,
2747 2163 3137 2234 δαψιλεστέρας
3170 2178 3228 2214 τε
3281 2161 3324 2193 ³⁷
3373 2159 3703 2213 ἀπολαύουσι

2131 2256 2229 2324 τῆς
2279 2255 2373 2308 τοῦ
2409 2253 2727 2325 Πνεύματος
2757 2255 2999 2326 χάριτος·
3051 2255 3144 2307 καὶ
3187 2253 3410 2323 μείζονα
3437 2245 3511 2304 ὧν
3543 2250 3704 2313 αὐτῆς

2131 2346 2437 2416 πεποίηκεν
2487 2345 2814 2416 ἐργάζονται
2864 2345 2941 2416 τῷ
2979 2345 3142 2398 αὑτοῦ
3171 2345 3416 2414 ὀνόματιο
3456 2343 3546 2394 ἵνα
3577 2343 3706 2394 ἐκα-

2131 2436 2369 2508 τέρωθεν
2415 2436 2613 2500 αὐτοὺς
2660 2437 2835 2506 χαμαὶ
2884 2437 3170 2507 κειμένους
3206 2436 3575 2505 ἀναστήσωσι,
3609 2432 3704 2485 καὶ

2133 2529 2224 2581 τὸν
2254 2528 2510 2599 περὶτῆς
2556 2530 2910 2591 ἀναστάσεως
2965 2528 3347 2581 πιστὼσωνται
3388 2527 3566 2592 λόγον’
3613 2523 3705 2576 καὶ

2137 2618 2248 2688 γὰρ
2293 2618 2452 2671 τοῦτο
2507 2619 2743 2687 μάλιστά
2775 2622 2891 2672 ἐστι
2935 2619 3084 2671 τουτὶ
3133 2618 3193 2670 τὸ
3246 2614 3705 2686 βιϐλίονάναστά-

2136 2726 2270 2772 σεως
2298 2709 2589 2775 ἀπόδειξις-
2618 2710 2807 2764 τούτου
2852 2710 2961 2779 γὰρ
3010 2710 3422 2774 πιστευθέντος,
3457 2707 3562 2776 ὁδῷ
3612 2707 3706 2758 καὶ

2133 2800 2202 2853 τΞι
2232 2800 2367 2855 ἄλλα
2397 2801 2746 2872 προύϐαινεν.
2787 2805 2849 2860 Ἦ
2886 2805 2984 2876 μὲν
3013 2801 3108 2859 οὖν
3149 2804 3407 2867 ὑπόθεσις
3437 2805 3531 2856 καὶ
3556 2804 3582 2855 ὁ
3609 2799 3703 2854 τοῦ

2139 2892 2342 2962 βιδλίου
2371 2894 2571 2956 σκοπὸς
2601 2897 2770 2959 ἄπας,
2814 2898 2888 2960 ὡς
2919 2899 2984 2951 ἄν
3014 2915 3100 2958 τις
3140 2895 3478 2965 παχυμερῶς
3512 2894 3704 2946 συλλα-

2135 2980 2244 3035 ϐὼν
2274 2982 2436 3045 εἴποι,
2487 2977 2645 3047 οὗτος
2697 2985 2743 3016 ³⁸
2790 2986 3030 3054 μάλιστά
3083 2988 3256 3038 ἐστιν’
3292 2983 3614 3054 ἀκούσωμεν
3647 2981 3703 3034 δέ

2136 3073 2323 3126 λοιπὸν
2351 3073 2532 3129 αὐτῶν
2571 3075 2680 3129 τῶν
2724 3077 3050 3147 προοιμίων.

461 3156 582 3214 dem
619 3167 780 3229 atque
817 3159 1154 3230 propositum
1196 3161 1318 3216 libri
1356 3160 1692 3229 universum,
1720 3170 1780 3217 ut
1815 3163 2012 3234 aliquis
2033 3179 2092 3221 re
2128 3168 2374 3223 crassius
2436 3155 2833 3238 comprehensa
2892 3169 3115 3235 dixerit,
3187 3170 3291 3225 hoc
3359 3167 3702 3240 potissimum

458 3257 543 3308 est
583 3251 915 3310 :audiamus
953 3263 1132 3311 autem
1164 3254 1416 3323 deinceps
1445 3257 1562 3326 ipsa
1597 3256 1882 3326 principia.

1110 3365 1340 3422 CAPUT
1390 3367 1431 3421 Ι.

537 3475 699 3532 Vsus.
743 3479 794 3535 1.
826 3467 1069 3533 Primum
1096 3477 1304 3549 quidem
1335 3478 1523 3532 librum
1554 3477 1774 3546 confeci,
1798 3494 1828 3530 ο
1859 3477 2024 3532 Theo—

461 3566 623 3636 phile,
653 3569 718 3623 de
737 3570 996 3624 omnibus.

533 3661 965 3718 Commonefacit
993 3661 1352 3735 Theophilum
1381 3663 1676 3734 Evangelii,
1708 3671 1767 3718 ut
1788 3664 2026 3734 exquisi-

464 3760 574 3805 tam
611 3759 666 3805 et
690 3761 997 3808 accuratam
1036 3771 1190 3810 suam
1215 3756 1546 3826 diligentiam
1609 3757 1878 3813 ostendat.
1902 3757 2031 3814 Ete-

462 3839 576 3892 nim
599 3839 652 3893 in
679 3841 838 3898 initio
858 3843 1003 3899 illius
1034 3846 1214 3914 operis
1245 3862 1260 3898 :
1293 3843 1481 3900 Visum
1511 3854 1613 3911 est,
1643 3846 1837 3915 inquit,
1862 3846 2026 3901 etiam

463 3933 617 3998 mihi,
651 3933 742 4002 qui
798 3936 981 3990 omnia
1011 3952 1042 3990 a
1100 3938 1280 4008 capite
1326 3939 1612 4009 diligenter
1675 3940 2026 4011 investigavi,

401 4089 404 4094 η
463 4025 727 4098 deinceps
761 4027 857 4082 tibi
885 4029 1126 4084 scribere
1156 4047 1170 4096 ;
1200 4044 1307 4084 non
1350 4029 1673 4100 simpliciter
1701 4039 1901 4093 autem,
1933 4031 2027 4086 sed

463 4120 922 4189 quemadmodum
975 4121 1319 4176 tradiderunt
1375 4122 1541 4177 nobis
1603 4123 1695 4192 qui
1747 4123 1818 4177 ab
1871 4122 2028 4177 initio

462 4221 800 4280 spectatores
820 4220 874 4267 et
913 4213 1146 4268 ministri
1181 4213 1339 4268 Verbi
1401 4215 1645 4272 fuerunt.
1698 4212 2026 4270 Mentionem

462 4298 632 4368 igitur
693 4299 824 4355 facit
864 4301 1011 4356 illius
1057 4303 1454 4369 commentarii,
1503 4304 1870 4372 diligentiam,
1921 4318 2028 4374 qua

469 4403 601 4444 usus
632 4397 717 4444 est
763 4390 893 4456 illic,
925 4391 974 4446 ei
1011 4391 1264 4463 redigens
1315 4391 1369 4445 in
1420 4395 1759 4448 memoriam.
1792 4394 2031 4464 Diligen—

466 4479 552 4533 tiae
587 4489 766 4536 autem
797 4480 947 4534 illum
987 4481 1427 4547 commonefacit,
1455 4493 1514 4536 ut
1577 4485 1723 4539 illam
1756 4485 1952 4554 ipsam,
1977 4493 2028 4541 et

465 4588 607 4636 eam,
627 4589 732 4642 qua
752 4590 883 4630 usus
907 4583 993 4630 est
1018 4575 1074 4628 in
1103 4575 1202 4628 hoc
1219 4576 1357 4630 libro
1375 4587 1552 4634 mente
1577 4589 1738 4650 atque
1765 4583 2027 4636 memoria

461 4671 675 4726 tenens,
700 4661 766 4715 ad
796 4676 858 4718 ea
889 4678 1010 4732 qua:
1036 4664 1367 4728 scribuntur,
1398 4669 1630 4724 maxime
1664 4671 1902 4723 animum
1944 4679 2028 4722 at-

463 4749 668 4805 tendat.
691 4750 1054 4816 Quamobrem
1081 4768 1149 4808 ne
1181 4767 1319 4822 opus
1348 4758 1562 4824 quidem
1590 4759 1676 4812 hic
1702 4760 1890 4813 habuit
1925 4761 2027 4813 alia
2058 4733 2110 4792 D

462 4840 956 4896 commendatione.
985 4841 1118 4897 Nam
1150 4845 1241 4914 qui
1263 4846 1491 4903 idoneus
1515 4864 1578 4903 ac
1597 4850 1778 4918 gravis
1800 4852 2034 4918 scriptor

467 4926 685 4982 habitus
726 4928 819 4992 sit,
858 4943 923 4982 ac
975 4929 1131 4984 fidem
1183 4931 1377 4989 fecerit
1415 4950 1604 4988 earum
1658 4951 1860 5000 rerum,
1909 4952 2032 5005 quae

465 5015 690 5079 audivit,
723 5015 851 5072 huic
878 5032 967 5082 ea,
993 5034 1114 5088 quae
1147 5036 1253 5076 non
1295 5023 1365 5080 ab
1396 5023 1518 5078 aliis
1541 5024 1769 5093 accepit,
1797 5024 1890 5078 sed
1916 5026 2032 5094 ipse
2072 5052 2076 5057 -

466 5106 622 5172 vidit,
647 5109 991 5178 componenti
1027 5116 1186 5181 longe
1221 5113 1392 5181 major
1415 5112 1548 5167 ﬁdes
1580 5112 1766 5167 haberi
1790 5112 2031 5168 debebit.

464 5197 678 5252 Idcirco
713 5215 822 5254 non
842 5201 976 5255 dicit
1022 5218 1034 5254 :
1074 5201 1315 5256 Primum
1371 5203 1590 5271 quidem
1651 5203 2025 5271 Evangelinm,

462 5290 609 5359 quod
641 5293 939 5362 conscripsi
971 5311 985 5346 :
1021 5295 1138 5356 sed,
1175 5293 1416 5347 Primum
1444 5293 1660 5360 quidem
1705 5294 1899 5348 librum
1930 5313 2024 5350 seu

461 5384 914 5439 commentarium
950 5402 964 5439 :
995 5399 1104 5440 non
1155 5382 1300 5439 enim
1351 5393 1464 5436 erat
1489 5399 1680 5451 vanus,
1734 5394 1788 5438 et
1851 5385 2028 5440 inanis

2722 3369 2974 3424 ΚΕΦΑΛ.
3015 3370 3096 3424 A'.

2209 3476 2323 3532 Τὸν
2352 3477 2471 3549 μὲν
2488 3481 2722 3549 πρῶτον
2753 3481 2940 3550 λόγον
2969 3481 3350 3552 ἐποιησάμην
3387 3480 3518 3547 περὶ
3560 3478 3702 3531 πᾶν·

2131 3586 2271 3638 των,
2292 3564 2342 3626 ὦ
2381 3572 2647 3639 Θεόφιλε.

2121 3717 2132 3728 ,
2217 3663 2647 3733 Ἀναμιμνήσκει
2703 3664 2794 3718 τὸν
2849 3664 3106 3734 Θεόφιλον
3169 3662 3264 3716 τοῦ
3319 3662 3650 3730 Εὑαγγελίου
3680 3702 3696 3725 ,

2135 3751 2276 3804 ὥστε
2329 3751 2426 3821 τὴν
2481 3751 2689 3805 οἰκείαν
2747 3753 3034 3824 ἀκρίϐειαν
3056 3752 3430 3819 ἐνδείξασθαι·
3467 3751 3701 3820 καὶγὰρ

2133 3842 2432 3913 ἀρχόμενος
2449 3843 2493 3876 ³⁸
2518 3845 2734 3915 ἐκείνης
2756 3847 2855 3913 τῆς
2871 3844 3270 3914 πραγματείας,
3291 3844 3476 3912 φησίν·
3507 3841 3692 3905 Ἔδοξε

2136 3935 2308 4005 κάμοὶ
2391 3937 2904 4006 παρακολουθηκότι
2963 3937 3173 3992 ἄνωθεν
3243 3937 3408 3990 πᾶσιν
3458 3936 3699 4003 ἀκριϐῶς

2135 4026 2371 4098 καθεξῆς
2429 4044 2514 4081 σοι
2570 4028 2800 4098 γράψαι,
2847 4029 2946 4098 οὐχ
3001 4028 3187 4090 ἁπλῶς
3226 4028 3319 4094 δὲ,
3356 4028 3490 4080 ἀλλὰ
3515 4027 3700 4089 καθὼς

2135 4117 2444 4187 παρέδοσαν
2473 4118 2518 4149 ⁵⁸
2543 4119 2674 4188 ἡμῖν
2709 4120 2758 4171 oi
2807 4119 3061 4193 ἀπαρχῆς
3090 4119 3356 4171 αὐτόπται
3395 4119 3490 4171 καὶ
3549 4119 3694 4184 ὑπη-

2140 4209 2294 4278 ρέται
2313 4208 2588 4278 γενόμενοι
2613 4209 2703 4262 τοῦ
2728 4210 2924 4278 Λόγου.
2957 4212 3246 4280 Μέμνηται
3269 4210 3362 4263 οὖν
3397 4211 3496 4276 τῆς
3522 4225 3702 4280 πραγ-

2139 4298 2362 4366 ματείας
2383 4299 2726 4368 ἐκείνης,τῆς
2746 4301 2926 4354 ἐκεῖσε
2945 4302 3372 4372 ἀναμιμνήσκων
3395 4299 3696 4371 ἁκριῦείας·

2134 4387 2234 4457 τῆς
2251 4389 2533 4456 ἀκριϐείας
2552 4389 2607 4441 δὲ
2625 4392 3058 4462 ἀναμιμνήσκει,
3080 4394 3166 4445 ἵνα
3185 4395 3284 4464 τὴν
3309 4392 3476 4462 αὐτὴν
3496 4393 3700 4458 ταύτην

2137 4480 2231 4532 καὶ
2247 4479 2345 4548 τὴν
2372 4479 2465 4532 τοῦ
2490 4481 2753 4552 παρόντος
2777 4481 2979 4552 βιϐλίου
3003 4485 3246 4552 κατέχων
3266 4486 3385 4546 ταῖς
3405 4484 3689 4545 διανοίαις,

2136 4571 2385 4642 προσέχῃ
2421 4571 2464 4603 δι
2504 4570 2739 4640 μάλιστα
2798 4575 2911 4635 τοῖς
2974 4575 3375 4644 γραφομένοις’
3434 4574 3527 4626 Διὸ
3577 4573 3698 4626 οὐδέ

2139 4661 2364 4731 ἐδεήθην
2409 4661 2453 4693 ⁸⁸
2507 4661 2742 4717 ἐνταῦθα
2797 4665 2989 4735 ἐτέρας
3036 4665 3368 4728 συστάσεως.
3407 4663 3464 4717 '0
3503 4663 3548 4696 ⁸³
3590 4663 3699 4733 γὰρ

2138 4752 2280 4819 ἅπερ
2341 4752 2594 4822 ἤκουσεν,
2652 4754 2967 4819 ἀξιόπιστος
3023 4756 3314 4824 γενόμενος
3359 4754 3700 4824 γράψαικαὶ

2141 4844 2472 4908 πιστευθεὶς,
2511 4844 2688 4914 πολλῷ
2725 4846 2942 4915 μᾶλλον,
2982 4846 3018 4899 ἂ
3049 4845 3124 4916 μὴ
3148 4846 3279 4914 παρ’
3310 4847 3511 4916 ἐτέρων
3539 4846 3700 4915 ἡκου-

2135 4949 2249 4998 σεν,
2299 4933 2414 4987 ἀλλ’
2467 4935 2629 4997 αὐτὸς
2663 4933 2792 5001 εἶδε,
2825 4937 2998 4989 ταῦτα
3042 4937 3332 4999 συντιθεὶς,
3382 4937 3589 4999 δίκαιος
3631 4936 3698 4988 ἂν

2133 5025 2216 5093 εῐη
2251 5023 2626 5079 πιστεύεσθαι.
2659 5027 2757 5080 Διά
2782 5026 2937 5079 τοῦτο
2965 5027 3024 5080 οὐ
3055 5028 3226 5095 λέγει,
3247 5015 3330 5080 Τδ
3353 5028 3452 5096 μέν
3483 5027 3700 5096 πρῶτον

2135 5117 2487 5186 Εύαγγέλιον,
2518 5118 2546 5170 ὃ
2586 5119 3051 5191 εὐηγγελισάμην,
3091 5121 3247 5185 ἀλλά,
3269 5121 3373 5173 Τὸν
3424 5121 3520 5191 μὲν
3551 5121 3703 5190 πρῶ-

2136 5227 2228 5262 τον
2273 5209 2450 5278 λόγον,
2489 5211 2575 5264 διὰ
2630 5212 2690 5264 τὸ
2743 5212 2944 5280 ἄτυφον
2978 5212 3140 5265 αὐτὸν
3185 5208 3446 5266 εἶναικαὶ
3483 5209 3702 5280 μετριό-

2137 5319 2333 5371 φρονα,
2389 5303 2483 5355 καὶ
2542 5301 2765 5370 μείζονα
2835 5301 3029 5355 ἑαυτοῦ
3084 5303 3327 5373 νομίζειν
3401 5298 3540 5354 εἶναι
3604 5299 3698 5352 τοῦ

2137 5389 2477 5458 Εὑαγγελίου
2510 5389 2608 5460 τὴν
2641 5389 3031 5461 προσηγορίαν·
3064 5391 3243 5446 καίτοι
3263 5408 3324 5458 γε
3350 5393 3376 5444 ὁ
3401 5389 3698 5452 ἀπόστολος

1666 5547 1864 5610 Varizn
1891 5548 2198 5610 lectiones
2229 5555 2289 5608 et
2324 5555 2510 5608 notae.

538 5671 583 5702 "
624 5672 860 5743 πρώτοις
883 5682 1022 5743 erat.
1047 5673 1090 5704 ³⁷
1110 5689 1223 5742 pro,
1248 5673 1327 5743 τέ,
1363 5673 1471 5741 lego
1495 5672 1570 5725 δέ.
1631 5672 1675 5704 ³⁸
1701 5671 1894 5735 οὕτως.
1922 5683 2031 5726 erat

2134 5674 2142 5704 ⁹
2181 5673 2500 5743 ἀρχόμενον,
2520 5680 2652 5743 erat.
2715 5671 2760 5704 ⁸ο
2789 5670 3130 5743 παρέδωσαν,
3157 5677 3294 5724 erat.
3347 5668 3390 5699 “
3420 5669 3693 5740 προσέχει,

473 5752 604 5795 erat.
679 5743 724 5773 δ’
758 5741 844 5796 ἵσ.
877 5741 1115 5813 ἐδεήθη.
1168 5745 1212 5775 ⁵³
1241 5742 1428 5810 ἃ,ί’1“αί
1461 5746 1512 5795 in
1555 5744 1890 5814 apngrarho,‘
1924 5744 2031 5797 exis

2137 5758 2165 5794 ο
2193 5742 2542 5810 scribendum,
2567 5742 2613 5795 ὁ.
