4068 6210
362 357 458 425 5“!

1135 362 1542 425 EXPOSITIO
1586 364 1662 424 [Ν
1705 364 1897 426 ACTA
1925 365 2499 435 APOSTOLORUM.
2526 400 2599 410 —
2638 374 2798 439 CAP.
2836 378 2884 438 Ι.

3520 375 3625 439 502
3640 396 3645 397 ί

372 472 538 526 αὑτὸν
577 471 827 528 ἐντεῦθεν
866 476 1085 547 κοσμεῖ,
1116 470 1194 530 Οὗ
1218 479 1247 532 6
1281 474 1521 542 ἔπαινος,
1559 476 1758 546 λέγων,
1792 478 1850 531 ὲν
1871 478 1949 549 τῷ

2057 481 2241 551 glorias
2273 486 2503 554 cupidus
2537 504 2552 540 ι
2619 490 2715 543 sed
2757 462 3035 544 moderate
3065 487 3132 544 de
3155 501 3214 544 se
3242 487 3530 552 sentiebat,
3562 504 3625 542 ac

366 562 705 633 Εὑαγγελίῳ.

2052 573 2313 641 majorem
2348 593 2485 633 esse
2569 579 2793 648 putabat
2849 578 3126 650 Evangelii
3174 578 3614 650 appellationem,

362 672 525 724 quam
556 656 702 725 quod
732 655 803 711 ab
841 671 903 713 se
942 657 1083 712 sumi
1129 658 1373 725 deberet,
1405 674 1717 730 quanquam
1760 662 2066 730 Apostolus
2093 682 2218 722 eum
2253 669 2382 735 hinc
2421 681 2607 738 ornat,
2675 673 2848 744 Cujus
2916 674 3036 728 laus
3099 680 3205 737 est,
3252 672 3529 742 inquiens,
3564 674 3618 726 in

366 749 682 819 Evangelio.

438 839 530 909 Τῷ
570 840 647 907 δὲ,
685 842 820 912 Περὶ¹
846 842 1090 910 πάντων,
1127 844 1324 912 εἰπεῖν,
1371 844 1521 900 δοκεῖ
1566 843 1944 903 ἐναντιοῦσθαι

369 933 444 1003 τῷ
488 935 853 1006 εὐαγγελιστῇ
906 937 1128 1011 Ἰωάννῃ
1154 950 1170 967 ⁸
1202 938 1257 991 ετ
1300 954 1364 1006 γε
1416 940 1445 993 6
1480 939 1579 1010 μὲν
1603 938 1789 1010 φησιν’
1833 940 1948 994 Οὐκ

364 1020 433 1094 ἦν
466 1025 644 1078 πάντα
673 1026 904 1097 γράψαι·
939 1028 968 1077 6
1009 1027 1069 1081 δὲ
1116 1026 1248 1100 ΙΙερλ⁴
1281 1031 1503 1085 πάντων
1544 1030 1635 1083 τὸν
1672 1030 1830 1098 λόγον
1861 1047 1950 1082 πε.

367 1114 628 1178 πυιῆσθαι
665 1115 711 1147 ⁸⁵
738 1114 834 1168 ἀπ’
884 1116 1063 1186 ἀρχῆς
1100 1117 1264 1188 μέχρι
1316 1118 1416 1189 τῆς
1476 1119 1819 1190 ἀναλήψεως.
1876 1118 1945 1172 Τί

366 1201 461 1258 οὖν
492 1221 703 1275 φαμεν;
722 1206 867 1274 Ὅτι,
891 1208 1025 1277 Περὶ
1041 1207 1280 1272 πάντων,
1307 1204 1463 1273 οὗτός
1495 1212 1652 1282 φησὶ,
1688 1211 1798 1264 τῶν
1827 1227 1947 1264 συν-

369 1296 606 1364 εχόντων
650 1296 744 1350 κα)⁸
784 1297 1223 1365 κατεπειγόντων
1278 1300 1445 1370 μηδὲν
1493 1302 1849 1372 παραλιπεῖν,
1888 1301 1949 1367 ἐξ

2120 847 2292 905 Porro
2324 850 2491 920 quod,
2522 851 2590 907 de
2631 853 2884 909 omnibus
2924 853 3080 917 dixit,
3118 853 3223 907 hoc
3277 852 3447 907 verbo
3484 853 3629 906 vide-

2053 947 2144 994 tur
2191 939 2387 995 Joanni
2448 944 2796 1014 evangelista:
2836 945 3113 999 alversari
3151 962 3163 998 :
3222 944 3492 1015 siquidem
3537 946 3627 997 ille

2052 1030 2203 1096 dicit,
2237 1045 2345 1086 non
2412 1031 2651 1101 potuisse
2703 1034 2883 1088 omnia
2957 1035 3144 1095 scribi,
3197 1034 3285 1088 hic
3319 1050 3465 1098 vero,
3498 1049 3620 1089 sese

2054 1118 2121 1175 de
2174 1121 2428 1175 omnibus
2479 1123 2771 1192 scripsisse
2829 1139 2858 1176 a
2928 1124 3197 1194 principio
3231 1140 3406 1194 usque
3431 1125 3495 1177 ad
3526 1140 3626 1179 as—

2054 1212 2440 1280 suniptionem.
2503 1214 2642 1280 Quid
2695 1215 2859 1285 igitur
2902 1216 3187 1271 dicimus?
3222 1230 3416 1286 nempe
3452 1217 3617 1279 hunc,

2057 1302 2202 1371 quod
2231 1303 2385 1369 dicit,
2435 1304 2505 1359 de
2526 1306 2805 1372 omnibus,
2840 1306 3149 1377 signiﬁcare
3172 1322 3232 1362 se
3260 1322 3325 1362 ex
3383 1307 3474 1371 iis,
3506 1307 3628 1376 qui—

368 1378 447 1437 ὧν
495 1386 529 1455 ἡ
575 1385 667 1439 τοῦ
722 1386 1081 1457 κηρύγματος
1113 1389 1327 1459 θειότης
1374 1392 1468 1445 καὶ
1496 1392 1723 1463 ἀλήθεια
1775 1410 1950 1447 κατα-

2057 1393 2161 1451 bus
2192 1397 2636 1461 resnitebatur,
2674 1413 2862 1466 qua-ve
2912 1398 2965 1452 in
3022 1396 3216 1466 primis
3276 1398 3631 1468 requireban-

370 1474 730 1544 λαμϐάνεται*
779 1477 955 1532 ταῦτα
987 1479 1099 1550 γάρ
1127 1479 1164 1533 ἃ
1213 1480 1284 1533 δι’
1319 1473 1397 1535 ὧν
1451 1480 1570 1535 ἐστι
1611 1484 1954 1553 καταμαθεῖν

2057 1494 2163 1548 tur,
2198 1499 2263 1539 ex
2312 1485 2513 1555 quibus
2551 1487 2808 1542 divinitas
2857 1487 3268 1557 praedicationis
3323 1496 3378 1542 et
3426 1487 3631 1542 veritas

371 1567 473 1634 τὴν
523 1564 618 1618 τοῦ
653 1567 1011 1639 κηρύγματος
1062 1570 1320 1642 θειότητα
1352 1575 1451 1627 καὶ
1485 1573 1771 1646 ἀλήθειαν,
1804 1577 1899 1631 καὶ
1922 1578 1952 1630 6

2057 1572 2507 1645 deprehenditur,
2545 1577 2680 1632 nihil
2730 1576 3168 1646 praetermisisse.
3200 1576 3337 1631 Nam
3374 1578 3489 1641 illa,
3525 1591 3630 1646 per

371 1658 590 1721 Λουκᾶς
649 1660 745 1712 καὶ
781 1659 1015 1723 ἕκαστος
1054 1662 1166 1715 τῶν
1242 1664 1650 1732 εὐαγγελιστῶν
1695 1666 1776 1738 τῷ
1832 1668 1950 1739 ίδίῳ

372 1748 523 1818 λόγῳ
567 1749 979 1819 κεφαλαιωδῶς,
1013 1754 1108 1807 καὶ
1134 1754 1209 1819 ὡς
1239 1756 1297 1808 ὲν
1325 1755 1676 1811 ὑποτυπώσει
1704 1758 1951 1828 ἀκριϐῶς

2048 1681 2170 1735 ηιιιε
2208 1664 2466 1722 divinitas
2516 1674 2571 1721 et
2637 1668 2841 1722 veritas
2906 1666 3315 1737 przedicationis
3374 1666 3630 1737 cognosci

2047 1766 2255 1827 potest,
2330 1772 2452 1812 cum
2514 1757 2732 1821 Lucas,
2803 1767 2917 1811 tum
2967 1758 3424 1828 evangelistarum
3476 1756 3631 1826 quis-

375 1839 773 1906 ἐγκατέταξαν·
800 1840 895 1895 καί
919 1843 1084 1908 αὐτὸς
1111 1844 1169 1898 δὲ
1189 1845 1392 1913 ὁμοίως
1417 1847 1445 1899 6
1471 1844 1725 1915 θεολόγος
1763 1847 1945 1901 Ἰωάν-

2057 1865 2155 1919 que
2181 1851 2235 1904 in
2270 1865 2429 1905 suum
2459 1850 2658 1904 librum
2694 1851 3035 1917 summatim,
3065 1839 3315 1920 ac'quasi
3357 1864 3449 1919 per
3489 1849 3624 1903 deli-

375 1948 475 2000 γης
507 1931 634 2001 περὶ
663 1932 883 1986 πάντων
913 1932 1118 1988 τούτων
1147 1934 1423 1989 διέλαϐεν.
1461 1937 1535 1989 Οὐ
1564 1937 1672 2005 γάρ
1706 1938 1957 1993 ἑνέλιπόν

377 2039 454 2085 τι,
500 2022 568 2076 δι’
616 2017 692 2077 ὧν
721 2024 757 2095 ἢ
794 2041 856 2077 τε
886 2025 1030 2080 κατὰ
1081 2026 1261 2097 σάρκα
1306 2027 1403 2081 τοῦ
1452 2028 1630 2098 Λόγου
1665 2030 1958 2101 οἰκονομία

382 2112 702 2168 πιστεύεται
758 2132 820 2168 τε
879 2117 976 2169 καὶ
1035 2117 1500 2185 ἐπιγινώσκεται,
1558 2118 1654 2172 καὶ
1717 2120 1751 2190 ἡ
1813 2120 1957 2174 κατὰ

387 2204 487 2274 τὴν
532 2204 763 2276 θεότητα
806 2207 973 2261 αὐτοῦ
1020 2209 1378 2279 μεγαλειότης
1414 2209 1709 2280 διαλάμπει
1754 2227 1814 2265 τε
1859 2212 1958 2265 καὶ

379 2297 759 2365 ἐμφανίζεται.
808 2300 901 2369 Μὴ
932 2300 1188 2371 χωρῆσαι
1224 2299 1325 2371 μέν
1373 2318 1460 2354 τοι
1514 2300 1586 2355 τά
1631 2301 1958 2374 γραφόμενα

384 2383 566 2455 βιϐλία
613 2386 705 2439 τὸν
775 2386 976 2459 κόσμον
1038 2389 1067 2441 6
1121 2388 1368 2457 Ἰωάννης
1420 2390 1587 2461 φησιν
1613 2428 1630 2454 ,
1705 2392 1755 2444 εἰ
1813 2390 1957 2444 κατὰ

385 2476 552 2545 μέρος
630 2477 727 2531 καὶ
781 2479 876 2531 ἐπὶ
961 2478 1145 2550 λεπτῷ
1217 2480 1394 2535 πάντα
1472 2481 1775 2551 γράφοιτο,
1837 2480 1874 2535 ἃ
1931 2483 1960 2535 6

384 2567 668 2638 Δεσπότης
727 2565 849 2623 εἶπέ
882 2586 944 2623 τε
982 2570 1079 2624 καὶ
1115 2571 1372 2640 ἐποίησε·
1408 2570 1644 2641 μάλιστα
1687 2571 1745 2624 δὲ
1774 2571 1824 2624 εί
1862 2571 1962 2625 καὶ⁸

382 2658 514 2721 τοὺς
556 2658 745 2727 λόγους
779 2660 889 2714 τῶν
920 2661 1264 2731 πραγμάτων
1298 2661 1393 2714 καὶ
1421 2661 1728 2733 εἰρημένων
1766 2662 1963 2732 ἐπιζη-

385 2751 497 2804 τῶν
519 2769 602 2815 τις
632 2756 949 2808 συντάττειν
989 2754 1231 2825 βούλοιτο
1248 2758 1316 2826 τῇ
1344 2756 1560 2828 Γραφῇ.
1600 2757 1664 2811 Ol
1692 2755 1803 2830 γάρ
1834 2758 1964 2811 τού-

388 2858 500 2894 των
529 2842 677 2913 λόγοι
708 2846 804 2899 καὶ
834 2845 904 2899 τὰ
934 2845 1107 2911 αἴτια,
1138 2846 1261 2899 καθ’
1289 2845 1327 2900 δι
1354 2848 1577 2917 ἐνήργει
1614 2848 1715 2902 καὶ
1754 2846 1962 2916 ἔλεγεν,

389 2930 515 2984 οὔτε
544 2931 824 3003 λογισμοῖς
863 2934 1230 3006 ἀνθρωπίνοις
1276 2932 1494 3003 ληπτοὶ,
1528 2930 1654 2985 οὔτε
1697 2932 1958 3001 γνωστοὶ,

391 3026 533 3095 πλὴν
557 3028 641 3080 ὃτι
664 3028 740 3091 ώς
777 3030 806 3081 ὁ
847 3029 980 3093 Θεὸς
1018 3029 1313 3099 ἔπραττεν,
1350 3026 1389 3082 ἃ
1440 3025 1699 3096 ἔπραττε,
1729 3027 1826 3080 καὶ
1861 3026 1962 3097 τὴν

391 3117 746 3189 ἀνθρωπίνην
777 3117 937 3188 φύσιν
963 3119 1349 3187 πιστούμενος·
1385 3115 1509 3171 οὗτε
1549 3117 1695 3189 λόγῳ
1729 3117 1962 3190 ῥηθῆναι

2057 1939 2368 1994 neationem
2432 1939 2705 1995 industrie
2741 1936 3138 2013 diligenterque
3186 1940 3513 2004 retulerunt,
3546 1948 3631 1992 at-

2056 2045 2163 2099 que
2193 2030 2310 2099 ipse
2343 2029 2598 2085 similiter
2638 2028 2879 2087 Joannes
2924 2032 3015 2088 ille
3060 2030 3371 2101 Theologus
3403 2044 3466 2084 ac
3508 2029 3633 2084 Dei-

2058 2122 2186 2177 tatis
2206 2135 2386 2190 przeco
2421 2119 2490 2177 de
2527 2121 2616 2176 his
2661 2123 2918 2179 omnibus
2972 2116 3377 2179 commentatus
3434 2129 3519 2177 est
3550 2128 3641 2175 at—

2057 2222 2163 2277 que
2195 2210 2472 2266 tractavit.
2534 2208 2651 2264 Non
2723 2212 2870 2267 enim
2933 2211 3137 2282 aliquid
3194 2228 3382 2267 earnm
3453 2225 3635 2264 rerum

2057 2299 2544 2367 praetermiserunt,
2589 2312 2683 2365 per
2714 2312 2852 2366 quas
2907 2307 3022 2351 tum
3061 2312 3149 2358 ea,
3187 2311 3310 2366 quae
3360 2296 3415 2349 in
3470 2310 3636 2349 carne

2058 2384 2308 2455 contigit,
2336 2384 2738 2439 administratio
2762 2382 2925 2438 Verbi
2950 2383 3191 2438 creditur
3215 2390 3380 2452 atque
3431 2396 3637 2448 cogun-

2059 2476 2252 2541 scitur,
2281 2484 2393 2531 tum
2424 2490 2487 2530 ea
2512 2488 2631 2545 quae
2656 2474 2713 2529 in
2764 2475 2966 2530 deitate
2989 2475 3109 2544 ejus
3129 2483 3234 2538 est,
3250 2473 3506 2542 maiestas
3522 2472 3638 2527 ειιιρ

2060 2572 2148 2621 cet
2177 2573 2342 2635 atque
2379 2564 2712 2621 declaratur.
2741 2565 2813 2619 At
2838 2564 3079 2621 Joannes
3112 2567 3377 2619 mundum
3410 2562 3487 2617 ait
3524 2577 3633 2616 non

2062 2667 2349 2728 capturum
2383 2672 2471 2724 ea,
2520 2672 2642 2728 qua:
2696 2667 3059 2714 exararentur
3100 2656 3402 2719 volumina,
3432 2655 3478 2710 si
3509 2668 3637 2724 par.

2058 2749 2330 2805 ticulatim
2380 2763 2442 2804 ac
2498 2749 2811 2805 minutatim
2836 2748 3022 2805 omnia
3061 2747 3452 2804 scriberentur.
3517 2759 3639 2814 qua:

2060 2840 2326 2897 Dominus
2346 2848 2403 2898 et
2420 2841 2558 2896 dixit
2576 2849 2632 2898 et
2648 2839 2781 2897 fecit
2807 2859 2823 2895 :
2866 2841 3110 2897 maxime
3131 2854 3260 2895 vero
3276 2841 3322 2895 si
3341 2841 3462 2908 quis
3474 2839 3635 2893 etiam

2059 2935 2301 2990 rationes
2317 2932 2581 2989 factorum
2598 2940 2763 3004 atque
2787 2933 3058 2989 dictorum
3081 2933 3364 3004 requirens
3383 2930 3433 3000 5
3461 2930 3634 2996 scrip-

2061 3033 2182 3080 tura
2210 3024 2464 3095 persequi
2498 3032 2663 3096 atque
2689 3025 2975 3096 complecti
2995 3024 3143 3081 velit.
3165 3024 3382 3079 illorum
3399 3024 3543 3077 enim
3563 3037 3640 3073 ra-

2058 3117 2238 3173 tiones
2259 3125 2312 3172 et
2332 3131 2512 3173 causae
2540 3124 2761 3188 propter
2789 3131 2925 3186 quas
2953 3117 3171 3186 aliquod
3202 3115 3288 3171 vel
3308 3114 3523 3169 dicebat
3553 3113 3635 3166 vel

390 3208 645 3272 δυνατοὶ,
702 3208 822 3265 ἀλλ’
861 3211 984 3264 οὐδὲ
1055 3212 1243 3282 γραφῇ
1284 3208 1626 3281 παραδοῦναι
1686 3209 1956 3281 χωρητοί·

2068 3208 2298 3263 faciebat
2350 3205 2769 3278 cogitationibus
2791 3207 3045 3262 humanis
3079 3219 3254 3274 neque
3277 3202 3510 3274 percipi,
3539 3218 3651 3255 ne-r

394 3299 573 3363 ἄλλως
614 3318 673 3354 τε
704 3301 761 3354 δὲ
791 3304 886 3356 καὶ
930 3303 1015 3367 τὸ,
1042 3297 1221 3373 οἶμαι,
1250 3300 1570 3372 προστεθὲν,
1603 3300 1704 3370 τὴν
1734 3301 1956 3371 ὑπερϐο-

2072 3315 2180 3370 que
2214 3299 2496 3371 cognosci,
2544 3313 2723 3369 neque
2771 3298 3020 3354 oratione
3067 3297 3329 3368 explicari
3389 3303 3639 3366 possunt,

391 3391 494 3462 λὴν
520 3392 738 3457 κολάζει
773 3393 868 3447 τοῦ
896 3393 1087 3462 λόγου,
1120 3393 1217 3447 καὶ
1243 3392 1346 3446 οὐκ
1383 3392 1688 3458 ὲξάπαντος
1725 3391 1968 3446 δείκνυσι

394 3480 798 3550 διατεινόμενον
844 3481 918 3552 μὴ
947 3481 1202 3552 χωρῆσαι

2074 3399 2271 3460 prater
2320 3390 2453 3459 quid
2507 3388 2657 3459 quod
2702 3396 2961 3458 tanquam
3023 3386 3168 3442 Deus
3222 3385 3441 3455 agebat,
3494 3383 3643 3453 quod

2073 3483 2291 3552 agebat,
2340 3482 2503 3538 etiam
2543 3481 2840 3536 humanam
2889 3480 3107 3535 interim
3167 3488 3418 3533 naturam
3449 3490 3549 3545 pra
3587 3489 3647 3528 se

395 3574 624 3630 ferens:
657 3584 820 3643 atque
868 3576 1006 3631 adeo
1053 3592 1123 3631 ne
1179 3575 1474 3646 scripturae
1509 3575 1728 3646 quidem
1794 3577 2042 3631 mandari
2097 3587 2266 3647 atque
2322 3574 2711 3646 comprehendi
2759 3580 3013 3644 possunt,
3068 3580 3123 3627 et
3185 3571 3429 3641 alioquin
3484 3568 3646 3623 etiam

393 3668 646 3730 verbum,
675 3667 899 3737 Opilwl,
944 3667 1253 3737 appositum
1278 3667 1750 3737 exsuperationem
1775 3675 1827 3722 et
1869 3668 2295 3738 superlationem
2330 3667 2556 3737 corrigit
2593 3662 2861 3719 orationis
2930 3670 2987 3718 et
3049 3661 3288 3718 ostendit
3346 3674 3473 3716 eum
3539 3670 3647 3711 non

394 3762 818 3817 contendentem
847 3770 902 3816 et
928 3771 1358 3829 asseverantem,
1410 3762 1672 3818 mundum
1702 3778 1929 3832 prorsus
1965 3778 2029 3818 ac
2059 3763 2279 3833 penitus
2305 3770 2592 3832 capturum
2632 3775 2740 3814 non
2763 3757 2956 3813 fuisse.

472 3856 627 3908 Ἔστι
660 3855 719 3909 δὲ
740 3856 836 3910 καὶ
882 3855 1042 3909 τοῦτο
1078 3858 1273 3917 εἰπεῖν.
1340 3857 1422 3911 ὅτι
1493 3849 1652 3919 οὗτος
1678 3858 1706 3909 6
1733 3858 1956 3925 εὐαγγε·

2153 3853 2341 3909 Potest
2373 3862 2554 3908 autem
2590 3851 2696 3906 hoc
2729 3862 2951 3920 quoque
2982 3845 3113 3913 dici,
3177 3843 3323 3899 hunc
3376 3841 3651 3909 evangeli-

396 3945 607 4018 λιστης,
633 3948 756 4000 ἐπεὶ
790 3947 991 4018 μᾶλλον
1022 3948 1130 4002 τῶν
1156 3948 1330 4003 ἄλλων
1367 3952 1434 4018 τῇ
1471 3947 1676 4020 θεωρίᾳ
1700 3947 1956 4018 ἐνδιατρί-

2081 3955 2243 4010 stam,
2268 3945 2394 4013 quia
2431 3943 2604 4013 magis
2635 3957 2798 4011 quam
2825 3937 3011 3994 caeteri
3040 3934 3397 4007 speculationi
3423 3933 3647 3991 insistit,

401 4041 508 4107 ϐει,
563 4040 786 4103 εἰκότως
813 4039 1033 4096 ἅπαντα
1070 4039 1234 4093 αὑτοῦ
1261 4039 1330 4093 τὰ
1388 4038 1526 4109 ἔργα
1566 4038 1663 4091 καὶ
1694 4038 1956 4107 ποιήματι

2087 4038 2284 4094 merito
2347 4037 2607 4091 universa
2668 4033 2819 4088 illius
2863 4044 3029 4100 opera
3056 4042 3120 4082 ac
3153 4025 3296 4081 facta
3322 4022 3645 4090 intelligere,

398 4131 682 4200 γινώσκει,
709 4131 769 4184 οὗ
795 4130 952 4202 μόνον
978 4129 1017 4185 ἃ
1048 4129 1186 4202 μετὰ
1243 4129 1446 4200 σαρκὸς
1477 4126 1809 4194 ἐπεδείξατο,
1842 4126 1956 4181 ἀλλ.

2086 4144 2195 4185 non
2242 4144 2309 4183 ea
2362 4126 2526 4182 modo
2589 4140 2711 4196 quae
2763 4137 2889 4177 cum
2936 4133 3104 4175 carne
3153 4112 3429 4186 praestitit,
3464 4125 3649 4165 verum

402 4224 502 4276 atat
549 4223 695 4292 ειπερ
721 4220 781 4286 ἐξ
804 4221 998 4305 αἱώνος
1027 4218 1461 4292 ἐδημιούργησεν
1500 4217 1771 4289 ἀσώματα
1797 4235 1856 4270 τε
1883 4218 1956 4270 κα

2082 4215 2245 4269 etiam
2277 4229 2341 4269 ea
2388 4228 2509 4283 qua:
2562 4228 2590 4265 a
2643 4209 2844 4265 saeculo
2871 4206 3051 4263 etlecit
3084 4206 3408 4272 incorporea
3459 4213 3653 4268 corpo-

405 4310 551 4380 μετὰ
580 4310 853 4378 σώματος·
883 4302 957 4362 ὧν
988 4307 1089 4378 τῆς
1120 4308 1311 4370 οὐσίας
1342 4306 1513 4377 πέρας
1539 4306 1636 4358 καὶ
1668 4306 1767 4374 τῆς
1806 4321 1956 4376 προσ

2076 4320 2316 4375 reaque:
2345 4320 2578 4376 quorum
2609 4312 2822 4357 natura:
2872 4302 3031 4355 linem
3059 4308 3112 4354 et
3173 4295 3552 4367 productionis
3603 4300 3656 4344 et

403 4402 632 4471 αγωγῆς
665 4401 758 4455 καὶ
806 4401 906 4470 τῆς
966 4400 1226 4471 διαφορᾶς
1282 4399 1377 4452 καὶ
1406 4399 1505 4468 τῆς
1539 4395 1845 4467 ὑπάρξεως,
1881 4397 1956 4487 κα

2081 4396 2400 4453 όίίῖετεηιίιε
2452 4404 2507 4452 ει
2551 4393 2877 4451 substantiae
2934 4398 3367 4455 cazterorumque
3424 4393 3469 4439 si
3530 4393 3665 4453 quis

402 4495 514 4548 τῶν
543 4494 742 4556 ἄλλων,
771 4492 826 4544 εἰ
850 4509 933 4555 τις
968 4492 1200 4562 γράφειν
1225 4490 1350 4544 καθ’
1379 4490 1613 4543 ἕκαστον
1650 4486 1953 4560 ἐπιχειροίη

2081 4488 2397 4559 singulatim
2419 4486 2660 4543 scribere
2693 4483 3061 4556 aggrediatur,
3094 4496 3183 4546 ne,
3223 4479 3268 4535 si
3307 4478 3432 4549 quis
3487 4478 3654 4532 etiam

406 4585 522 4638 οὔτ’
576 4584 667 4646 ἂν,
719 4584 772 4637 ετ
800 4600 882 4646 τις
916 4583 1011 4635 καὶ
1055 4582 1171 4651 δοίη
1196 4580 1357 4634 τοῦτο
1410 4581 1554 4634 κατὰ
1605 4579 1956 4650 συγχώρησιν

2057 4578 2061 4611 ¹
2088 4579 2194 4636 hoc
2226 4581 2316 4634 det
2342 4593 2441 4650 per
2479 4578 2920 4639 concessionem,
2959 4574 3078 4631 ﬁeri
3109 4573 3329 4645 quidem
3361 4579 3565 4641 posset,
3597 4575 3658 4623 ut

406 4675 633 4730 δυνατὸν
662 4674 750 4744 εἴη
778 4674 871 4729 τὸν
898 4676 1104 4743 κόσμον
1133 4673 1200 4726 τά
1233 4671 1557 4742 γραφόμενα
1579 4669 1764 4740 βιϐλία
1798 4669 1956 4740 χωρῆι

2087 4671 2326 4728 mundus
2381 4677 2603 4739 caperet
2683 4666 3013 4732 volumina,
3074 4680 3196 4735 quae
3261 4662 3654 4719 scriberentur.

410 4784 525 4822 σαι.
555 4768 620 4822 Ei
657 4767 823 4829 δέοτις
879 4767 975 4819 καὶ
1022 4765 1232 4832 κόσμον
1293 4761 1527 4816 ἐνταῦθα
1573 4761 1636 4814 οὑ
1659 4760 1752 4815 τδν
1781 4762 1956 4831 κόσμο

2088 4761 2244 4830 Quod
2269 4762 2314 4817 si
2377 4761 2503 4833 quis
2559 4760 2723 4818 etiam
2780 4758 3044 4814 mundum
3086 4757 3198 4820 hic,
3251 4770 3361 4811 non
3391 4753 3657 4808 mundum

414 4861 624 4926 ἁπλῶς,
660 4860 799 4915 ἀλλὰ
824 4861 915 4914 τὸν
945 4861 1038 4914 ἐπὶ
1060 4857 1287 4929 πονηρῷ
1307 4858 1558 4926 κείμενον
1583 4855 1870 4928 ἄνθρωπον
1893 4872 1956 4909 κα

2091 4852 2438 4923 simpliciter,
2497 4852 2772 4914 sed‘eum,
2833 4848 2927 4920 qui
2982 4847 3331 4919 improbitate
3359 4845 3573 4900 obsitus
3597 4857 3659 4897 ac

411 4953 484 5008 τὰ
511 4952 605 5007 τοῦ
627 4955 833 5023 κόσμου
853 4954 945 5006 καὶ
974 4953 1041 5005 τὰ
1074 4951 1176 5021 τῆς
1205 4949 1406 5019 σαρκὸς
1434 4947 1650 5002 ὲκλάϐοι
1667 4945 1956 5018 φρονοῦντα

2092 4943 2354 5015 praeditus
2374 4949 2483 5010 est,
2508 4941 2810 5006 hominem,
2839 4954 2904 4995 ac
2928 4939 3203 4996 mundana
3229 4949 3392 5006 atque
3417 4936 3660 4992 carnalia

417 5045 690 5116 πολλαχοῦ
743 5044 853 5114 γὰρ
886 5045 979 5097 καὶ
1007 5042 1181 5105 οὕτως
1217 5039 1471 5110 εἴληπται
1490 5040 1589 5109 τῆς
1621 5039 1867 5110 Γραφῆςο
1900 5035 1951 5091 εἰ

2095 5036 2280 5091 animo
2330 5034 2621 5105 agitantem
2685 5031 2948 5101 accipiat:
2992 5031 3045 5085 in
3108 5029 3292 5084 multis
3320 5027 3465 5082 enim
3528 5025 3661 5078 locis

416 5139 591 5200 κότως
619 5114 625 5116 ⁷
657 5137 805 5204 λέγει
841 5137 870 5189 6
912 5134 1184 5202 Ἰωάννης,
1204 5133 1286 5186 ὅτι
1317 5133 1379 5186 Et
1404 5132 1585 5185 πάντα
1598 5132 1645 5163 ⁸⁸
1679 5131 1749 5183 τὰ
1773 5130 1956 5198 θαυμα

2099 5126 2395 5197 Scriptura:
2410 5126 2573 5182 etiam
2602 5124 2684 5181 sic
2706 5122 2971 5193 accipitur
2999 5139 3012 5175 :
3060 5128 3205 5176 recte
3228 5118 3360 5175 dicit
3382 5114 3619 5213 Joannes
3640 5151 3653 5173 ν

414 5201 795 5299 τουργηθέντα
848 5226 1001 5298 παρὰ
1057 5225 1150 5280 τοῦ
1210 5223 1449 5296 Χριστοῦ
1500 5223 1714 5292 θελήσει
1745 5239 1830 5285 τις
1854 5222 1956 5275 ἀνα

2099 5217 2255 5283 Quod
2301 5216 2348 5271 si
2386 5216 2514 5286 quis
2561 5212 2770 5277 omnia,
2814 5227 2937 5283 qua;
2989 5226 3021 5265 a
3069 5209 3289 5266 Christo
3342 5201 3662 5256 mirabiliter

416 5321 677 5389 γράφειν,
724 5319 825 5372 οὐκ
850 5317 916 5371 ἂν
940 5319 1249 5388 χωρήσαιεν
1276 5317 1324 5369 oi
1354 5314 1607 5379 τοιοῦτοι,
1661 5313 1740 5383 τῷ
1793 5312 1956 5383 πλήθε

2098 5310 2241 5365 facta
2278 5317 2428 5372 sunt,
2473 5306 2670 5364 litteris
2700 5303 3129 5366 mandarevelit,
3152 5310 3346 5369 capere
3364 5308 3472 5393 non
3502 5304 3663 5389 posse

414 5380 528 5463 τών
545 5380 731 5479 ’ἔργων
756 5408 850 5462 καὶ
877 5380 1348 5477 τημεγαλειότητι
1376 5406 1458 5469 είς
1480 5380 1740 5458 ἀπιστίαν
1769 5380 1956 5471 μᾶλλοι

2095 5415 2215 5465 eos,
2249 5400 2341 5470 qui
2399 5399 2536 5455 tales
2584 5406 2736 5463 sunt,
2769 5394 3118 5451 multitudine
3142 5403 3204 5444 ac
3258 5380 3661 5484 iitagniilcentia

416 5470 788 5571 ﬁelg'rtiastv
852 5470 1131 5568 φιλοῦντες
1189 5470 1518 5566 ὑπάγεσθαι.
1575 5496 1687 5550 Καὶ
1736 5470 1847 5565 γάρ
1900 5494 1956 5548 δι

2095 5506 2319 5562 operum
2377 5490 2445 5544 ad
2498 5487 2935 5545 incredulitatem
2992 5480 3136 5539 soliti
3172 5474 3389 5532 adduci.
3446 5470 3661 5527 Etenim

1629 5633 1828 5697 Variae
1851 5631 2165 5696 lectiones
2192 5637 2253 5694 et
2288 5635 2477 5692 notae.

495 5756 924 5823 ⁸επετιιοιεῖσθαι,
951 5766 1085 5814 erat.
1161 5758 1204 5790 δ’
1220 5758 1439 5826 πάντες,
1464 5769 1600 5813 erat.
