4068 6210
407 319 502 381 502

1278 316 1853 377 TlIEOPlIYLACTI
1897 320 2308 381 BULGARI/E
2339 323 2688 384 ARCHIEP.

3550 326 3652 387 θοι

407 434 611 490 Idcirco
637 433 822 489 multis
846 433 897 488 in
928 433 1066 488 locis
1098 434 1473 504 evangelistze,
1501 449 1564 488 ac
1591 451 1966 505 smpenuniero

2095 439 2226 493 τοῦτο
2247 439 2514 510 πολλαχοῦ
2553 441 2601 492 οἱ
2637 439 3024 507 εύαγγελισταὶ
3071 437 3164 492 καὶ
3190 438 3450 499 πολλάκις
3482 436 3655 505 δῆμον

407 539 546 580 totas
578 535 827 583 catervas
854 540 1066 590 eorum,
1131 525 1223 594 qui
1260 525 1437 580 sanati
1505 524 1746 590 fuerunt,
1807 527 1976 581 silen-

412 621 486 672 tio
520 616 963 686 prwtermittunt,
1010 631 1072 671 ac
1101 617 1268 671 multa
1325 617 1592 671 miracula
1650 625 1975 674 transeunt:

408 710 789 763 tantummodo
820 707 1219 778 significantes,
1269 710 1472 765 multos
1504 727 1531 763 a
1569 711 1737 765 variis
1776 713 1978 768 morbis

411 804 690 868 liberatos,
740 811 792 855 et
822 801 991 854 multa
1050 801 1191 855 facta
1228 817 1348 858 esse
1383 804 1669 866 miracula,
1705 812 1756 857 et
1785 804 1980 872 hujus-

409 894 576 957 modi,
615 894 987 947 narrationem
1018 901 1198 948 autem
1233 909 1340 948 non
1389 905 1690 965 exponunt.
1736 895 1980 950 Plui-ium

407 987 548 1041 enim
615 986 963 1054 particularis
1001 987 1244 1041 narratio
1280 987 1652 1041 crassioribus
1701 995 1754 1040 et
1794 1003 1983 1042 errore

407 1075 826 1144 praeoccupatis,
892 1075 1332 1129 incredulitatem
1365 1077 1546 1145 potius
1577 1085 1741 1142 atque
1768 1075 1982 1130 detrec-

409 1167 667 1220 tationem
725 1176 777 1220 et
833 1168 1231 1223 aversationem
1296 1167 1750 1230 auscultationis,
1818 1183 1982 1236 quam

411 1259 570 1312 fidem
603 1266 657 1312 et
689 1258 1025 1311 alacritatem
1058 1259 1122 1312 ad
1153 1259 1568 1314 auscultandum
1596 1258 1732 1313 solet
1765 1259 1986 1328 ingene-

410 1365 552 1402 rare.

483 1441 614 1505 Qua:
634 1439 794 1494 Iesus
827 1442 986 1511 coepit
1019 1451 1125 1494 tam
1164 1442 1356 1509 facere,
1376 1457 1535 1510 quam
1567 1440 1773 1496 docere.

483 1532 743 1586 Miracula
769 1541 932 1602 atque
961 1533 1268 1587 doctrinam
1322 1531 1494 1586 dicit:
1540 1546 1649 1586 non
1691 1532 1868 1586 solum
1889 1545 1988 1586 au-

412 1634 522 1679 tem
592 1626 714 1688 hoc,
771 1641 960 1678 verum
1018 1625 1203 1687 etiam,
1258 1623 1404 1694 quod
1448 1621 1702 1678 faciendo
1747 1620 1986 1679 doceret.

413 1713 529 1768 Non
582 1715 724 1768 enim
755 1715 938 1768 verbis
984 1714 1203 1783 quidem
1240 1713 1554 1770 hominibus
1592 1715 1904 1779 mandabat,
1931 1723 1990 1768 ut

416 1805 678 1868 facerent,
716 1805 832 1872 ipse
860 1819 986 1858 vero
1022 1818 1129 1857 non
1164 1803 1424 1868 faciebat,
1483 1804 1574 1859 sed
1609 1820 1702 1872 per
1723 1820 1808 1865 ea,
1867 1820 1990 1873 qua:

413 1897 531 1964 ipse
565 1894 819 1961 faciebat,
856 1895 1020 1948 etiam
1054 1893 1306 1949 homines
1335 1894 1682 1959 admonebat,
1714 1903 1772 1949 ut
1795 1895 1859 1947 ad
1905 1895 1988 1950 sui

396 1986 784 2040 ‘imitationem
819 1993 870 2040 et
899 1985 1141 2039 studium
1185 1986 1409 2041 virtutis
1439 2000 1560 2040 sese
1608 1986 1988 2041 transferrent.

418 2075 714 2131 Sciendum
745 2086 828 2133 est
862 2085 1046 2132 autem
1073 2077 1432 2148 Theophilum
1477 2093 1644 2131 unum
1704 2077 1876 2134 fuisse
1927 2079 1994 2133 de

419 2183 649 2222 numero
707 2169 944 2238 piorum,
1005 2168 1096 2236 qui
1144 2169 1212 2223 ab
1249 2170 1368 2239 ipso
1417 2168 1563 2223 Luca
1615 2168 1682 2223 ad
1736 2170 1993 2238 pietatem

417 2268 574 2313 erant
599 2259 856 2314 instituti.
901 2261 978 2314 Ac
1014 2277 1083 2316 ne
1139 2261 1376 2326 mireris,
1442 2261 1486 2315 si
1542 2260 1706 2314 unius
1757 2261 1994 2316 hominis

418 2349 593 2418 gratia
628 2351 763 2404 adeo
786 2351 1063 2406 sollicitus
1097 2351 1220 2419 fuit,
1251 2366 1486 2420 eumque
1516 2353 1650 2405 tanti
1675 2353 1731 2422 6
1759 2350 1907 2417 fecit,
1935 2361 1996 2406 ut

417 2439 658 2511 integros
708 2441 879 2497 libros
917 2449 1080 2512 atque
1108 2449 1372 2498 tractatus
1413 2443 1698 2498 scriberet.
1731 2441 1997 2498 Servabat

422 2532 569 2587 enim
606 2532 951 2589 Dominicam
985 2550 1197 2601 vocem,
1233 2551 1352 2605 qua:
1386 2535 1518 2589 dicit
1553 2554 1566 2589 :
1605 2533 1720 2589 Non
1755 2543 1839 2590 est
1897 2551 1995 2591 vo-

422 2623 612 2679 luntas
669 2625 851 2682 Patris
900 2626 1029 2692 mei,
1092 2635 1149 2681 ut
1182 2635 1369 2697 pereat
1411 2644 1554 2684 unus
1580 2629 1648 2684 de
1681 2629 1865 2698 parvis
1885 2628 1992 2683 bis.

424 2717 530 2771 Sed
569 2732 667 2771 cur
699 2717 796 2772 uni
853 2732 976 2771 cum
1027 2719 1291 2790 scriberet
1319 2719 1641 2792 TheOphilo,
1668 2737 1775 2776 non
1827 2736 1995 2775 unum

422 2809 625 2862 librum
657 2807 806 2872 fecit,
841 2807 937 2863 sed
968 2809 1022 2863 in
1046 2808 1184 2865 duas
1205 2819 1393 2880 partes
1413 2811 1602 2868 divisit
1623 2822 1941 2882 argumenta
1973 2813 1997 2866 ?

423 2897 659 2969 Propter
685 2899 1164 2970 perspicuitatem,
1189 2908 1242 2955 et
1271 2909 1330 2955 ut
1359 2904 1610 2959 reficeret
1670 2903 1993 2967 auditorem,

426 3003 592 3061 atque
617 2992 783 3046 etiam
809 3000 1131 3060 argumento
1166 2992 1328 3049 divisi
1369 3000 1634 3050 tractatus
1667 3003 1845 3062 erant,
1895 2993 1997 3048 ita-

2081 533 2201 586 ὅλον
2231 533 2488 586 ίαθέντων
2516 532 2946 604 παρατρέχουσι,
2975 533 3068 586 καὶ
3099 533 3272 586 πολλὰ
3300 533 3406 586 τῶν
3434 533 3537 583 θαυ
3549 550 3651 599 μα-

2080 623 2480 693 τουργημάτων
2511 623 2921 690 ὑπερϐαίνουσι,
2951 624 3110 692 μόνον
3141 621 3654 693 ἐπισημαινόμενοι,

2081 715 2161 768 ὅτι
2203 714 2384 767 πολλοὶ
2421 715 2484 768 ἐκ
2537 715 2796 768 ποικίλων
2852 713 3042 767 παθῶν
3085 714 3516 783 ἀπηλλάγησαν·
3561 715 3656 766 καὶ

2083 805 2254 857 πολλὰ
2288 805 2534 872 ἐγένοντο
2563 803 2834 873 θαύματα,
2875 805 2970 857 καὶ
2994 805 3238 858 τοιαῦτα·
3257 804 3353 874 τὴν
3375 804 3428 855 δὲ
3451 803 3654 872 ἐξήγη-

2085 915 2169 950 σιν
2197 898 2257 948 οὑ
2290 897 2587 948 ποιοῦνται.
2632 895 2754 946 Τῶν
2796 896 2903 963 γάρ
2940 897 3204 948 πλειόνων
3237 898 3270 965 ἡ
3312 897 3451 948 κατὰ
3487 896 3651 964 μέρος

2085 990 2336 1060 διήγησις
2359 992 2470 1051 τοῖς
2507 989 2830 1058 παχυτέροις
2857 989 2950 1041 καὶ
2973 992 3038 1058 τῇ
3073 989 3248 1058 πλάνῃ
3280 1005 3655 1060 προκατεσχη-

2089 1083 2289 1151 μένοις,
2347 1082 2603 1134 ἀπιστίαν
2647 1080 2844 1150 μᾶλλον
2875 1083 2965 1133 καὶ
3003 1081 3161 1133 ὄκνον
3187 1081 3288 1150 τῆς
3320 1081 3655 1150 ἀκροάσεως,

2087 1175 2120 1244 ἢ
2155 1175 2337 1226 πίστιν
2384 1175 2478 1228 καὶ
2526 1174 2836 1244 προθυμίαν
2864 1175 2943 1238 είς
2989 1174 3088 1244 τὴν
3114 1173 3381 1244 ἀκρόασιν
3411 1173 3658 1242 ἐμποιεῖν

2087 1265 2296 1319 εἴωθεν.

2160 1439 2270 1497 Ὧν
2295 1443 2520 1512 ἤρξατο
2551 1447 2583 1498 ό
2620 1444 2850 1510 Ἰησοῦς
2877 1441 3070 1496 ποιεῖν
3095 1457 3158 1495 τε
3195 1439 3293 1493 καί
3326 1437 3656 1493 διδάσκειν.

2160 1535 2241 1586 Τὰ
2272 1533 2524 1603 θαύματα
2558 1533 2649 1586 καὶ
2675 1534 2772 1596 τὰς
2807 1531 3155 1594 διδασκαλίας
3179 1530 3344 1600 φησίν
3375 1546 3388 1560 ·
3415 1530 3474 1581 ού
3501 1529 3656 1582 τοῦτο

2091 1626 2146 1680 δέ
2197 1626 2356 1695 μόνον
2382 1666 2395 1688 ,
2432 1625 2546 1677 ἁλλ’
2581 1626 2661 1677 ὅτι
2693 1625 2789 1677 καὶ
2833 1626 2890 1676 ἐν
2918 1622 2994 1693 τῷ
3048 1624 3220 1674 ποιεῖν
3249 1621 3527 1674 ἐδίδασκεν
3548 1635 3562 1650 ·
3595 1619 3656 1671 οὐ

2094 1718 2202 1786 γὰρ
2254 1715 2398 1785 λόγῳ
2445 1716 2542 1785 μὲν
2599 1715 2866 1786 ἐπέτρεπε
2916 1717 3027 1778 τοῖς
3083 1714 3260 1777 ἄλλοις
3287 1713 3331 1744 ⁸⁸
3379 1712 3659 1782 πράττειν,

2095 1807 2258 1871 αὐτὸς
2285 1807 2342 1860 δὲ
2372 1807 2470 1860 οὐκ
2504 1806 2776 1876 ἔπραττεν
2799 1847 2814 1872 ,
2846 1806 2982 1860 ἀλλὰ
3007 1791 3074 1859 δι’
3101 1799 3174 1858 ὧν
3201 1803 3360 1866 αύτδς
3406 1803 3662 1872 ἔπραττε,

2093 1901 2181 1954 διὰ
2215 1899 2418 1952 τούτων
2442 1899 2669 1970 παρῄνει
2700 1901 2794 1952 καὶ
2822 1900 2946 1961 τοὺς
2977 1897 3295 1966 ἀνθρώπους
3324 1896 3404 1958 εἰς
3435 1895 3665 1964 μίμησιν

2094 1991 2288 2045 ἑαυτοῦ
2321 1992 2412 2044 καὶ
2437 1992 2640 2062 ἀρετῆς
2663 1990 2984 2061 ἐπιμέλειαν
3020 1989 3427 2059 μετατίθεσθαι.
3467 1987 3662 2039 Ἰστέον

2094 2082 2150 2136 δέ
2186 2083 2268 2136 ὅτι
2305 2081 2608 2151 ὁΘεόφιλος
2671 2077 2749 2146 εἷς
2805 2078 2873 2153 ἦν
2907 2082 3014 2134 τῶν
3068 2079 3328 2143 εὐσεϐῶν,
3362 2079 3472 2131 τῶν
3497 2095 3664 2148 κατη-

2095 2172 2476 2243 χηθέντωνύπ*
2495 2171 2661 2225 αὐτοῦ
2690 2172 2786 2242 τὴν
2808 2171 3110 2225 εὐσέϐειαν.
3143 2170 3250 2221 Καὶ
3272 2168 3345 2238 μὴ
3375 2167 3664 2236 θαυμάσῃς

2095 2269 2144 2319 εί
2169 2266 2356 2319 ἕνεκεν
2385 2265 2574 2334 ἀνδρὸς
2595 2265 2712 2328 ἐνὸς
2735 2263 3001 2333 τοσαύτην
3025 2263 3281 2334 φροντίδα
3308 2261 3661 2323 κατεϐάλετο,

2094 2359 2169 2422 ὡς
2198 2358 2290 2411 δύο
2321 2357 2466 2426 αὐτῷ
2496 2357 2705 2426 γράψαι
2753 2356 3135 2424 πραγματείας
3181 2354 3532 2422 ὁλοκλήρους·
3576 2353 3668 2405 καὶ

2097 2451 2207 2519 γὰρ
2236 2449 2410 2519 φύλαξ
2429 2445 2498 2520 ἦν
2525 2449 2625 2516 τῆς
2649 2450 2982 2518 Δεσποτικῆς
3005 2447 3208 2516 φωνῆς,
3237 2446 3336 2513 τῆς
3363 2444 3624 2512 λεγούσης
3652 2461 3666 2475 ο

2099 2542 2217 2595 Ούκ
2257 2540 2370 2594 ἐστι
2406 2540 2619 2610 θέλημα
2647 2539 2740 2593 τοῦ
2766 2539 2976 2608 Πατρός
3012 2555 3134 2608 μου,
3167 2537 3255 2591 in.
3282 2537 3552 2604 ἀπόληται
3589 2531 3669 2596 εἷς

2095 2634 2203 2686 τῶν
2240 2632 2450 2703 μικρῶν
2475 2633 2698 2686 τούτων.
2730 2631 2885 2695 Τίνος
2909 2631 2966 2683 δὲ
2989 2630 3174 2683 ἕνεκεν
3226 2631 3306 2683 ἐνὶ
3327 2630 3554 2699 γράφων
3585 2627 3661 2696 τῷ

2096 2725 2360 2796 Θεοφίλῳ,
2417 2725 2515 2794 οὐχ
2555 2724 2611 2777 ἓν
2665 2725 2868 2795 βιϐλίον
2927 2723 3225 2794 ἐποίησεν,
3274 2721 3391 2776 ἀλλ’
3442 2723 3521 2784 εἰς
3577 2720 3670 2774 δύο

2097 2815 2260 2870 διεῖλε
2289 2816 2385 2878 τὰς
2417 2816 2722 2882 ὗποθέσεις;
2740 2815 3050 2886 Σαφηνείας
3073 2815 3282 2876 ἕνεκεν,
3311 2814 3406 2866 καὶ
3435 2812 3526 2866 τοῦ
3555 2812 3669 2864 δια-

2096 2905 2371 2961 ναπαῦσαι
2401 2906 2495 2960 τὸν
2523 2907 2833 2977 ἀκροατήν·
2878 2907 2958 2959 ἐτι
2994 2907 3089 2958 καὶ
3124 2904 3378 2958 ὑποθέσει
3411 2902 3672 2974 διῃρημέ-

2098 3015 2186 3052 ναι
2215 2993 2355 3068 ἦσαν
2380 2999 2434 3051 αἱ
2466 2998 2863 3068 πραγματεῖαι·
2898 2996 2991 3049 καὶ
3022 2995 3249 3059 εἰκότως
3275 2995 3371 3048 καὶ
3395 2994 3554 3056 αὐτὸς
3590 2993 3666 3054 είς

423 3097 532 3151 que
561 3088 713 3136 recte
740 3081 855 3147 ipse
885 3097 1106 3152 quoque
1145 3083 1261 3138 haec
1323 3099 1490 3155 opera
1523 3087 1577 3140 in
1633 3086 1768 3140 duas
1813 3093 1991 3156 partes

2101 3089 2192 3143 δύο
2223 3087 2382 3142 διεῖλε
2406 3087 2612 3152 ταύτας
2646 3088 2743 3152 τὰς
2773 3086 3174 3158 πραγματείας.

423 3172 629 3229 divisit.

501 3261 670 3320 Vens.
724 3263 782 3317 2.
827 3263 998 3334 Usque
1051 3265 1120 3319 ad
1183 3282 1300 3320 eum
1337 3267 1497 3334 diem,
1531 3285 1630 3337 quo
1658 3278 2001 3340 posteaquam

423 3354 682 3409 ntundata
703 3355 844 3410 dedit
877 3357 1130 3426 apostolis
1169 3373 1262 3426 per
1292 3358 1557 3428 Spiritum
1584 3369 1844 3426 sanctum,
1871 3377 1999 3432 quos

424 3448 671 3517 elegerat,
707 3457 1008 3518 assumptus
1031 3458 1080 3504 et
1123 3449 1395 3504 subvectus
1427 3459 1528 3506 est.

499 3538 861 3610 Posteaquam
932 3557 1026 3612 per
1096 3541 1360 3614 Spiritum
1423 3551 1672 3598 sanetum
1743 3545 2000 3600 mandata

426 3631 616 3685 dedit:
671 3633 723 3686 id
785 3642 888 3699 est,
951 3643 1304 3704 posteaquam
1357 3633 1572 3689 loeutus
1634 3644 1719 3690 est
1761 3635 1830 3689 ad
1899 3650 2000 3691 eos

427 3722 734 3793 spiritualia
787 3726 972 3780 verba.
1032 3724 1178 3782 Nihil
1258 3727 1362 3780 hoc
1393 3727 1466 3782 sit
1499 3728 1822 3793 humanum,
1855 3729 2000 3797 quod

426 3832 528 3887 per
558 3815 825 3885 Spiritum
857 3818 938 3874 eis
969 3818 1251 3873 mandavit
1288 3837 1304 3887 ;
1336 3819 1795 3886 quemadmodum
1831 3821 1999 3874 etiam

425 3911 545 3979 ipse
575 3909 843 3967 Dominus
879 3912 1143 3967 humilius
1168 3923 1221 3968 et
1243 3915 1308 3968 ad
1343 3915 1758 3984 dispositionem
1813 3923 1867 3969 ct
1903 3914 2001 3968 ad-

429 4004 898 4060 ministrationem
949 4006 1416 4063 accommodatius
1471 4009 1700 4077 loquens
1753 4007 1998 4063 dicebat:

427 4096 524 4150 Sin
558 4106 740 4152 autem
765 4112 864 4167 per
895 4097 1159 4167 Spiritum
1193 4097 1288 4152 Dei
1342 4113 1441 4168 ego
1490 4098 1754 4153 daemonia
1816 4098 1998 4168 ejicio.

423 4187 532 4240 Aut
563 4185 704 4242 :Per
761 4187 1023 4258 Spiritum
1075 4189 1164 4244 ubi
1194 4191 1452 4244 mandata
1492 4190 1664 4252 dedit,
1693 4189 1845 4254 dicit,
1889 4204 2000 4244 non

424 4279 567 4347 quod
598 4279 766 4336 Filius
796 4281 1002 4351 Spiritu
1027 4281 1318 4352 indiguertt
1340 4300 1354 4337 :
1380 4283 1472 4337 sed
1519 4283 1663 4352 quod
1698 4282 1789 4336 ubi
1823 4280 1997 4352 (quid)

426 4371 603 4428 Filius
662 4373 884 4429 conficit
949 4383 1003 4429 et
1025 4375 1371 4444 exsequitur,
1399 4374 1512 4428 illic
1537 4375 1700 4429 etiam
1737 4373 1999 4444 Spiritus,

2177 3271 2339 3338 Ἄχρι
2374 3262 2450 3336 ἧς
2493 3265 2718 3335 ἡμέρας
2768 3265 3188 3335 ἐντειλάμενος
3241 3262 3365 3326 τοῖς
3415 3261 3672 3315 ἀποστόο

2102 3364 2234 3426 λοις
2263 3356 2361 3412 διὰ
2387 3357 2732 3426 Πνεύματος
2763 3356 2959 3427 ἁγίου,
2990 3355 3098 3422 οὓς
3122 3352 3465 3418 ἐξελέξατο,
3533 3351 3671 3404 ἀνε-
3691 3341 3714 3350 “

2103 3449 2328 3520 λήφθη.

2173 3541 2272 3594 Διά
2303 3539 2440 3594 Πνεύ
2450 3556 2616 3611 ματος
2633 3538 3028 3608 ἐντειλάμενος,
3043 3537 3317 3599 τουτέστι,
3329 3554 3462 3589 πνευ
3472 3534 3672 3605 ματικά

2104 3631 2241 3701 πρὸς
2303 3629 2498 3690 αὐτοὺς
2558 3629 2728 3682 εἰπὼν
2763 3629 3016 3698 ῥήματα·
3065 3627 3218 3680 ούδέν
3265 3621 3672 3697 ἀνθρώπινοιιῇ

2102 3720 2281 3784 τοῦτο,
2313 3721 2395 3772 ὅτι
2419 3720 2476 3772 ἐν
2514 3718 2794 3787 Πνεύματι
2824 3718 3009 3779 αὐτοῖς
3035 3717 3078 3748 ⁵⁷
3108 3717 3433 3780 ἐνετείλατο,
3493 3714 3674 3775 καθὼς

2103 3813 2196 3865 καὶ
2217 3811 2377 3873 αὐτὸς
2398 3812 2426 3864 ὁ
2464 3810 2744 3880 Δεσπότης
2773 3808 3157 3878 ταπεινότερον
3186 3810 3280 3860 καὶ
3324 3804 3676 3874 οἰκονομικώ-

2101 3920 2262 3974 τερον
2312 3903 2536 3972 φάσκων
2592 3901 2794 3968 ἔλεγεν·
2829 3899 2970 3952 Εἰδέ
3001 3902 3058 3951 ἐν
3093 3897 3372 3967 Πνεύματι
3404 3897 3540 3948 Θεοῦ
3568 3895 3676 3961 ἐγὼ

2103 3993 2351 4047 ἐκϐάλλω
2373 3993 2418 4024 ⁵⁸
2449 3991 2518 4044 τὰ
2550 3991 2839 4060 δαιμόνια·
2877 3989 2934 4059 ἢ,
2971 3987 3074 4041 Διά
3108 3988 3445 4056 Πνεύματος,
3489 3985 3675 4055 φησὶν,

2104 4084 2502 4154 ἐντειλάμενος,
2528 4083 2626 4152 οὐχ
2649 4082 2730 4135 ὅτι
2759 4083 2788 4133 ὁ
2818 4080 2946 4141 Υίὸς
2975 4077 3168 4149 ἐδεήθη
3201 4078 3293 4130 τοῦ
3335 4076 3671 4146 Πνεύματος.

2104 4176 2220 4229 ἀλλ’
2271 4177 2354 4230 ὅτι
2393 4174 2520 4228 ἔνθα
2543 4174 2609 4227 ἂν
2645 4175 2672 4226 ὁ
2699 4173 2829 4234 Υἱὸς
2885 4171 3305 4240 διαπράττηται,
3349 4171 3465 4222 ἐκεῖ
3498 4168 3675 4220 καὶτὸ

2106 4268 2354 4337 Πνεῦμα,
2399 4266 2474 4329 ὡς
2500 4264 2755 4336 ὀμοφυές,
2801 4264 2894 4316 καὶ
2929 4263 3144 4333 ἐνεργεῖ
3173 4264 3268 4315 καὶ
3306 4261 3670 4331 συμπάρεστι.
3755 4253 3770 4266 ’

2107 4363 2172 4414 Τί
2201 4361 2255 4413 δὲ
2281 4359 2580 4414 ἐνετείλατο
2615 4375 2629 4422 ;
2663 4355 3029 4426 Πορευθέντες
3083 4354 3461 4424 μαθητεύσατε
3494 4354 3668 4406 πάντα

425 4473 615 4532 utpote
644 4465 894 4534 ejusdem
927 4481 1051 4521 cum
1073 4481 1140 4521 eo
1171 4475 1379 4520 naturae
1419 4473 1582 4536 atque
1633 4467 1987 4530 conditionis,

2103 4453 2170 4505 τὰ
2203 4452 2370 4518 ἐθνη’,
2415 4447 2765 4519 βαπτίζοντες
2802 4447 2998 4508 αὐτοὺς
3022 4448 3099 4509 εἰς
3128 4445 3188 4498 τὺ
3217 4446 3389 4514 ὄνομα.
3420 4445 3512 4497 τοῦ
3565 4445 3673 4496 Πα-

425 4564 479 4608 et
548 4556 606 4610 in
669 4572 838 4626 opere
892 4567 1167 4624 versatur,
1239 4565 1294 4612 et
1362 4572 1468 4612 una
1495 4535 1674 4614 adest.
1718 4559 1823 4614 Sed
1868 4559 1991 4628 quid

2099 4542 2248 4610 τρὺς,
2289 4539 2383 4592 καὶ
2415 4537 2506 4590 τοῦ
2541 4537 2689 4600 Υἱοῦ,
2732 4537 2826 4588 καὶ
2893 4537 2988 4589 τοῦ
3022 4535 3177 4603 ἀγίου
3209 4536 3546 4605 Πνεύματος,
3592 4535 3674 4586 δι·

428 4648 754 4702 mandavit?
813 4650 912 4715 Ite,
979 4649 1170 4703 docete
1225 4663 1420 4705 omnes
1479 4651 1754 4714 nationes,
1796 4664 1991 4717 eosque

2103 4633 2396 4692 δάσκοντες
2426 4628 2623 4691 αὐτοὺς
2687 4630 2874 4698 τηρεῖν
2927 4628 3122 4689 πάντα,
3183 4628 3283 4679 ὅσα
3329 4628 3680 4694 ἐνετειλάμην

2112 4723 2125 4732 .
2182 4723 2203 4732 -
2315 4721 2368 4732 ...
2487 4720 2503 4732 .
2535 4719 2546 4732 .
2901 4719 2914 4732 .
3037 4719 3048 4732 .
3122 4718 3178 4732 ..
3237 4718 3260 4732 ,.
3389 4719 3400 4732 .
3533 4713 3551 4732 τ

437 4742 712 4810 haptizate
746 4741 800 4794 in
832 4742 1058 4796 nomine
1119 4741 1322 4807 Patris,
1366 4753 1419 4798 et
1469 4743 1614 4807 Filii,
1649 4751 1702 4798 et
1761 4742 1991 4812 Spiritus

2106 4723 2246 4792 ὑμῖν.
2315 4719 2742 4789 Ἐντειλάμενος.
2791 4719 2977 4788 φησὶν,
3025 4718 3448 4787 ἀνελήφθη·ούκ
3504 4718 3678 4777 εἶπεν,

431 4832 605 4885 sancti
642 4850 655 4886 :
691 4847 754 4886 ac
784 4832 975 4888 docete
1001 4847 1098 4888 eos
1127 4849 1343 4890 servare
1371 4849 1715 4904 quaecunque
1748 4832 1991 4887 mandavi

2116 4811 2339 4882 ’Λνέϐη·
2373 4811 2486 4864 ἀλλ’
2509 4811 2587 4863 ἔτι
2613 4810 2688 4872 ὼς
2712 4811 2838 4879 περὶ
2871 4808 3158 4895 ἀνθρώπου
3192 4809 3521 4875 διαλέγεται.
3561 4808 3678 4859 Ἑν-

429 4920 606 4977 vobis.
642 4923 1002 4995 Posteaquam
1031 4926 1288 4982 mandata
1314 4899 1484 4991 dedit,
1521 4899 1716 4996 inquit,
1750 4927 1800 4977 in
1829 4925 1991 4979 subli-

2103 4903 2294 4956 τεῦθεν
2319 4903 2374 4955 δέ
2406 4901 2746 4972 μανθάνομεν
2779 4901 2861 4963 ὅτι
2902 4901 2996 4952 καὶ
3052 4900 3190 4968 μετά
3233 4899 3330 4969 τὴν
3383 4899 3680 4952 ἀνάστασιν

430 5031 517 5069 me
545 5027 806 5087 exceptus
834 4990 885 5073 e-t
917 5019 1217 5076 subvectus
1231 5032 1334 5076 est.
1360 4990 1478 5074 Non
1502 5019 1663 5081 dixit,
1689 5017 1954 5071 Ascendit
1979 5033 1991 5081 ;

2107 4995 2352 5047 ἐδίδασκε
2393 4996 2512 5056 τοὺς
2533 4992 2799 5063 μαθητάς,
2818 4991 2951 5044 ἀλλὰ
2976 4990 3064 5044 τὸν
3088 4991 3276 5060 χρόνον
3297 4990 3484 5043 τοῦτον
3508 4990 3680 5052 οὐδεὶς

435 5105 531 5162 sed
569 5109 748 5163 adhuc
781 5117 1038 5181 tanquam
1073 5112 1139 5166 de
1161 5111 1383 5166 homine
1413 5110 1676 5179 loquitur.
1714 5108 1853 5162 Hine
1903 5122 1991 5160 au-

2108 5080 2230 5138 εῑπε
2268 5084 2407 5155 μετά
2439 5083 2748 5154 ἀκριϐείας·
2805 5080 2920 5134 ἀλλ’
2971 5079 3274 5148 ἐγχρονίζει
3328 5080 3427 5148 μὲν
3473 5079 3621 5148 αύτῴ
3653 5080 3681 5130 ὁ

429 5211 541 5255 tem
579 5172 958 5274 intelligimus,
994 5203 1142 5275 quod
1168 5204 1331 5258 etiam
1361 5211 1486 5271 post
1517 5201 1991 5264 resurrectionem,

2118 5176 2373 5245 Ἰωάννης
2418 5175 2526 5228 τῶν
2579 5174 2754 5230 ἄλλων
2795 5175 3013 5227 πάντων
3030 5173 3072 5204 ⁵³
3103 5189 3116 5202 ·
3189 5173 3367 5225 πάντα
3411 5172 3468 5224 δέ
3495 5172 3680 5239 σαφῶς

2144 5268 2402 5282 η...
2541 5267 2613 5282 ,ν
2734 5266 2748 5282 .
2862 5263 3446 5282 ...ηιμρνμ

431 5290 671 5346 docebat
695 5264 1028 5364 discipulos:
1061 5295 1166 5348 Sed
1193 5264 1412 5362 tempus
1444 5293 1547 5346 hoc
1572 5306 1734 5344 nemo
1768 5291 1926 5360 plene
1949 5301 1991 5345 et

2105 5268 2278 5330 οὐδεὶς
2299 5267 2620 5337 ἀπήγγειλε·
2654 5266 2789 5337 πρὸς
2814 5267 2921 5334 γὰρ
2951 5264 3136 5333 ἕτερον
3169 5264 3475 5333 ἢπείγοντο.

431 5393 620 5440 exacte
678 5387 994 5457 descripsit;
1059 5387 1157 5442 sed
1241 5385 1478 5440 Joannes
1535 5385 1755 5456 quidem
1811 5387 1983 5455 magis
2024 5401 2187 5454 quam
2238 5385 2421 5440 caeteri
2461 5399 2650 5440 omnes
2682 5384 3006 5440 immoratur
3070 5382 3124 5436 in
3154 5395 3257 5438 eo:
3304 5379 3487 5435 omnia
3575 5395 3678 5436 au-

432 5485 539 5533 tem
579 5497 740 5536 nemo
772 5485 930 5539 olane
955 5482 1209 5554 exposuit
1245 5499 1258 5536 :
1304 5483 1370 5537 ad
1412 5482 1559 5538 aliud
1591 5482 1736 5539 enim
1777 5483 2126 5540 festinabant.
2955 5542 2969 5569 ι

1625 5639 1823 5702 Varite
1857 5639 2164 5701 lectiones
2191 5645 2252 5702 et
2295 5644 2482 5700 notae.

509 5761 552 5790 “
583 5762 666 5816 ἵσ.
693 5763 1018 5826 ἀνθρώποις.
1094 5766 1140 5800 ⁵⁷
1166 5766 1537 5833 αὐτοὺς,οται.
1612 5767 1654 5800 ⁸⁹
1691 5766 1924 5828 ἐκϐάλω,
1958 5774 2093 5819 erat.
2192 5765 2233 5798 ιθ
2272 5764 2356 5816 ῗσ.
2391 5763 2574 5816 πλέον.
