4068 6210
434 340 541 408 505

1211 344 1616 409 EXPOSITIO
1650 350 1734 410 IN
1769 351 1953 412 ACTA
1982 353 2551 415 APOSTOLORUM.
2597 379 2665 388 -
2691 354 2849 413 CAP.
2882 354 2931 414 Ῐ.

3588 318 3695 419 sos

499 450 602 518 Οῐς
652 451 749 506 καί
792 453 1176 522 παρέστησεν
1232 455 1451 512 ἑαυτὸν
1506 456 1692 520 ζῶντα
1715 461 1865 528 μετὰ
1939 464 2005 516 τὸ

2184 463 2348 519 Vsus.
2380 466 2433 519 3.
2470 464 2678 528 Quibus
2701 465 2884 527 etiam,
2911 472 3252 533 posteaquam
3274 463 3532 530 supplicio
3562 466 3696 534 fuis-

434 544 648 600 παθεῖν
686 545 874 599 αὐτὸν
895 545 965 598 ἐν
996 546 1250 611 πολλοῖς
1284 549 1626 617 τεκμηρίοις
1664 550 1737 602 δι’
1772 550 2011 619 ἡμερῶν

2130 565 2188 608 :et
2250 556 2497 623 affectus,
2552 557 2736 607 multis
2788 553 3111 624 argumentis
3143 563 3193 607 et
3232 554 3400 622 signis
3428 556 3678 612 viventem

433 628 916 699 τεσσαράκοντα.
999 676 1003 683 .

508 724 692 779 Εἰπὼν
740 724 870 794 περὶ
904 724 1000 793 τῆς
1053 724 1375 794 ἀναλήψεως
1424 726 1708 797 πρότερον,
1734 727 2006 795 λέγεικαὶ

434 820 565 886 περὶ
604 817 702 884 τῆς
755 815 1131 878 ἀναστάσεως.
1173 815 1397 886 Ἐπειδὴ
1427 818 1667 887 ἡκουσας
1695 819 1777 871 ὅτι
1806 821 2011 885 ἀνελή-

436 911 565 978 φθη,
595 908 680 961 ῖνα
711 908 785 977 μή
811 907 1041 978 νομίσῃς
1096 907 1184 975 ὑφ’
1210 907 1413 977 ἑτέρων
1455 909 1621 961 αὑτὸν
1663 910 2007 977 ἀνειλῆφθαι,

435 1002 733 1069 ἐπήγαγενο
762 992 856 1059 οἷς
884 997 979 1049 καὶ
997 998 1338 1067 παρέστησεν
1367 998 1559 1050 ἑαυτὸν
1587 998 1789 1061 ζῶντα.
1818 1000 1880 1052 El
1903 1000 2012 1071 γάρ

436 1092 496 1142 ἒν
519 1089 595 1158 τῷ
628 1087 833 1159 μείζονι
889 1087 1081 1145 ἑαυτὸν
1131 1086 1464 1157 παρέστησε,
1500 1088 1681 1159 πολλῷ
1719 1090 1921 1158 μᾶλλον
1956 1093 2015 1142 ὲν

435 1181 513 1249 τῷ
543 1181 802 1242 ἐλάττονι,
837 1177 903 1230 δι’
949 1176 1173 1246 ἡμερῶν
1212 1176 1645 1246 τεσσαράκοντα,
1680 1178 1794 1230 ἀλλ’
1820 1179 1919 1232 οὐκ
1959 1182 2016 1231 ὲν

436 1272 671 1342 ἡμέραις
698 1268 1132 1339 τεσσαράκοντα.
1169 1267 1246 1321 Οὐ
1271 1267 1585 1339 γάρῶσπερ
1611 1270 1716 1338 πρὸ
1744 1270 1841 1339 τῆς
1880 1273 2014 1324 ἀνα-

440 1363 683 1423 στάσεως
719 1358 958 1429 συνεχῶς
985 1359 1167 1421 αὐτοῖς
1197 1359 1384 1429 συνῆν,
1414 1359 1555 1413 οὕτω
1583 1362 1679 1414 καὶ
1710 1360 1853 1425 τότε,
1891 1350 2006 1413 ἀλλ’

439 1454 695 1522 ἐφίστατο
754 1450 849 1505 καὶ
909 1450 1177 1519 ἀφίστατο
1210 1452 1393 1514 πάλιν,
1450 1451 1669 1519 ἀνάγων
1704 1452 1887 1506 αὐτῶν
1915 1454 2015 1516 τάς

441 1543 702 1607 διανοίας,
760 1544 855 1595 καὶ
907 1543 1091 1597 οὐκέτι
1128 1543 1431 1614 συγχωρῶν
1464 1543 1664 1613 ὁμοίως
1691 1543 1830 1611 πρὸς
1854 1543 2019 1597 αὐτὸν

441 1634 767 1696 διακεῖσθαι,
821 1632 1009 1701 ὥσπερ
1059 1634 1154 1687 καὶ
1204 1633 1513 1704 ἔμπροσθεν
1543 1651 1559 1665 ⁸
1628 1634 1746 1687 ἀλλ’
1781 1636 2022 1704 ἑκάτερα

445 1726 584 1794 μετά
626 1725 828 1793 πολλῆς
890 1724 1085 1795 σοφίας
1143 1723 1238 1777 καὶ
1294 1725 1579 1793 ἀκριϐείας
1633 1728 2025 1791 κατεσκεύαζε,

2117 662 2229 700 sese
2243 661 2333 713 per
2361 646 2473 699 dies
2501 644 2859 714 quadraginta
2880 645 3126 713 prwbuit.

2188 733 2487 803 Postquam
2546 734 2685 788 dixit
2743 735 2809 788 de
2866 733 3243 802 assumptione
3306 734 3477 803 prius.
3549 737 3689 791 dicit

2119 823 2283 878 etiam
2343 823 2411 877 de
2465 823 2884 877 resurrectione.
2934 822 3385 891 Quandoquidem
3412 825 3692 888 audivisti,

2115 925 2431 983 assumptus
2491 924 2596 978 est,
2656 929 2724 968 ne
2786 920 2941 982 putes
3000 928 3124 966 eum
3185 913 3254 966 ab
3304 913 3425 967 aliis
3490 929 3700 969 assum-

2118 1015 2268 1076 ptum
2327 1021 2466 1072 esse,
2524 1004 2812 1074 'subjunxit
2866 1022 2881 1058 :
2944 1003 3153 1070 Quibus
3231 1005 3394 1057 etiam
3451 1005 3699 1059 exhibuit

2119 1114 2241 1153 sese
2290 1099 2576 1153 viventem.
2610 1096 2744 1151 Nam
2776 1095 2821 1150 si
2886 1096 2939 1150 in
2999 1095 3191 1164 majori
3252 1110 3375 1149 sese
3428 1097 3695 1163 exhibuit,

2120 1189 2291 1242 multo
2317 1189 2490 1259 magis
2524 1189 2579 1242 in
2631 1188 2857 1243 minori.
2889 1186 2993 1242 Per
3021 1186 3158 1248 dies,
3205 1186 3321 1241 sive
3382 1188 3526 1242 intra
3584 1187 3701 1241 dies

2122 1279 2504 1349 quadraginta,
2560 1288 2618 1332 et
2673 1294 2783 1333 non
2852 1278 2907 1332 in
2940 1277 3133 1331 diebus
3156 1276 3537 1346 quadraginta.
3578 1275 3697 1331 Non

2123 1372 2294 1435 enim,
2355 1371 2501 1425 sicut
2558 1378 2683 1424 ante
2733 1368 3188 1423 resurrectionem
3219 1368 3564 1421 continenter
3594 1382 3699 1421 una

2127 1473 2251 1513 cum
2310 1460 2389 1513 eis
2444 1468 2582 1521 erat,
2644 1458 2717 1512 ita
2769 1463 2932 1512 etiam
2974 1465 3136 1512 tunc:
3170 1457 3264 1511 sed
3302 1456 3611 1521 accedebat,
3645 1467 3702 1511 et

2128 1565 2321 1605 rursus
2351 1548 2691 1613 discedebat,
2730 1564 2949 1604 sursum
2975 1548 3192 1613 erigens
3222 1562 3411 1601 eorum
3467 1557 3698 1610 mentes,

2136 1650 2189 1695 ct
2224 1656 2326 1694 non
2382 1641 2619 1709 amplius
2682 1640 3012 1702 concedens,
3041 1646 3096 1690 ut
3140 1638 3395 1691 similiter
3419 1646 3584 1705 atque
3610 1653 3703 1691 su-

2131 1732 2350 1801 periore
2406 1740 2651 1796 tempore
2709 1727 2973 1782 adversus
3028 1742 3151 1780 sese
3175 1725 3353 1779 affecti
3376 1736 3579 1788 essent,
3603 1727 3699 1781 sed

440 1818 537 1872 καὶ
564 1817 624 1871 τὸ
662 1816 1016 1883 πιστευθῆναι
1065 1817 1161 1882 τὴν
1216 1817 1542 1882 ἀνάστασιν,
1572 1820 1669 1873 καὶ
1700 1820 1760 1873 τὸ
1790 1817 2018 1890 μείζονα.

2130 1829 2366 1888 utraque
2394 1834 2521 1873 cum
2552 1831 2749 1887 magna
2782 1816 3051 1885 sapientia
3083 1824 3247 1884 atque
3291 1814 3545 1869 cautione
3573 1829 3702 1883 age-

447 1909 609 1962 αὺτὸν
637 1907 956 1978 νομισθῆναι
996 1908 1202 1971 λοιπὸν,
1238 1909 1270 1978 ἢ
1316 1909 1459 1962 κατὰ
1497 1910 1804 1980 ἄνθρωπον,
1845 1911 2019 1963 καίτοι

446 2018 511 2070 γε
546 1999 721 2054 ταῦτα
782 1998 1001 2053 ἐναντία
1039 1995 1128 2069 ἦν.
1178 1999 1350 2069 Ὑπὲρ
1374 1999 1483 2069 γάρ
1517 1999 1611 2052 τοῦ
1660 2000 2020 2068 πιστευθῆναι

441 2093 540 2175 τήν
570 2091 888 2154 ἀνάστασιν,
924 2089 1094 2143 πολλά
1118 2088 1185 2143 ἀν
1212 2088 1531 2158 ἀνθρώπινα
1558 2090 1663 2142 ἔδει
1723 2090 1973 2157 γενέσθαι
2003 2129 2020 2157 ,

443 2183 580 2251 ὓπὲρ
609 2181 664 2234 δὲ
690 2181 941 2252 θατέρου,
977 2181 1309 2235 τούναντίον.
1343 2179 1486 2233 ’Λλλ⁹
1544 2181 1693 2248 ὅμως
1736 2182 2022 2251 ἀμφότερα

441 2272 633 2341 γέγονε
698 2271 838 2341 μετά
885 2271 979 2324 τοῦ
1034 2272 1395 2341 προσήκοντος
1439 2270 1654 2340 καιροῦ·
1706 2270 2022 2341 δι’ὴμερῶν

442 2363 553 2433 γὰρ
585 2364 998 2431 τεσσαράκοντα
1055 2362 1165 2413 τῶν
1204 2360 1311 2413 ἀπὸ
1345 2364 1445 2428 τῆς
1466 2360 1815 2423 ἀναστάσεως
1849 2362 2012 2431 μέχρι

442 2454 542 2522 τῆς
609 2456 690 2518 εἰς
735 2454 998 2524 οὐρανοὺς
1041 2452 1263 2521 ἀνόδου,
1296 2453 1353 2503 ὲν
1379 2448 1466 2514 αἷς
1499 2452 1595 2504 καὶ
1621 2453 1892 2520 συνέφαγε
1925 2452 2021 2505 καὶ

447 2545 697 2598 συνέπιεν
727 2545 930 2605 αὐτοῖς,
963 2543 1179 2604 δεικνὺς
1229 2543 1312 2594 ὅτι
1340 2541 1499 2604 αὐτός
1526 2543 1673 2594 ἐστιν
1704 2545 1732 2594 ό
1770 2558 2025 2611 σταυρω-

449 2639 565 2700 θεὶς
618 2638 712 2691 καὶ
769 2637 961 2703 ταφεὶς
1008 2635 1103 2687 καὶ
1150 2632 1391 2696 ἀναστὰς
1423 2634 1487 2686 ὲκ
1518 2635 1747 2703 νεκρῶν.
1790 2633 1946 2695 Τίνος
1968 2633 2026 2686 δὲ

442 2729 628 2783 ἕνεκεν
651 2728 710 2782 οὐ
740 2728 924 2787 πᾶσιν,
955 2725 1091 2777 ἀλλά
1123 2726 1235 2786 τοῖς
1266 2724 1579 2786 ἀποστόλοις
1592 2724 1639 2759 ⁸ο
1668 2724 1864 2793 ἐφάνης
1889 2725 2016 2777 Ὀτι

449 2819 744 2888 φάντασμα
768 2815 834 2869 ἂν
860 2813 1006 2878 ἔδοξε
1037 2817 1150 2877 τοῖς
1178 2813 1410 2878 πολλοῖς,
1439 2814 1541 2867 οὐκ
1579 2813 1746 2866 εἰδόσι
1771 2814 1832 2866 τὸ
1856 2814 2029 2882 ἀπόρ-

448 2914 611 2983 ρητον
642 2908 738 2962 τοῦ
795 2906 1122 2977 μυστηρίου.
1156 2906 1216 2957 Εἰ
1250 2907 1359 2975 γὰρ
1381 2906 1475 2957 καὶ
1519 2905 1676 2958 αὐτοὶ
1695 2907 1743 2958 οἱ
1781 2904 2022 2975 μαθηταὶ

444 3004 713 3073 ἠπίστουν
733 3000 832 3068 τὴν
858 2997 1035 3070 ἀρχὴν
1058 2997 1154 3052 καὶ
1174 2996 1552 3067 ὲθορυΰοῠντο,
1581 2997 1676 3050 καὶ
1709 2997 1853 3066 ἁφῆς
1871 2998 2025 3066 ἐδεή-

453 3090 646 3157 θησαν,
680 3088 778 3158 τῆς
802 3087 889 3139 διὰ
916 3084 1099 3155 χειρὸς
1128 3084 1222 3136 καὶ
1244 3082 1547 3153 τραπέζης,
1568 3083 1620 3135 τί
1644 3084 1770 3146 τοὺς
1798 3083 2026 3146 πολλοὺς

2128 1912 2246 1974 bat,
2308 1918 2369 1963 ut
2432 1916 2487 1963 et
2528 1908 2864 1962 resurrectio
2917 1909 3254 1967 crederetur,
3286 1912 3341 1959 et
3374 1906 3489 1973 ipse
3529 1906 3706 1975 major

2135 2002 2390 2072 posthac,
2447 2014 2610 2070 quam
2670 2014 2775 2071 pro
2836 2000 3058 2054 homine
3097 2000 3148 2069 7
3189 1999 3707 2068 haheretur,quan-

2128 2109 2293 2164 quam
2330 2094 2448 2146 hac
2476 2106 2610 2146 sane
2637 2091 2916 2145 contraria
2952 2098 3134 2146 erant.
3169 2088 3306 2143 Nam
3344 2105 3443 2159 pro
3488 2089 3612 2153 hoc,
3641 2096 3704 2143 ut

2127 2183 2463 2240 resurrectio
2494 2182 2833 2244 crederetur,
2861 2180 3033 2233 multa.
3068 2181 3303 2233 humana
3333 2178 3446 2231 ﬁeri
3481 2188 3704 2247 oporte-

2124 2275 2246 2329 bat:
2310 2289 2413 2343 pro
2472 2273 2644 2327 altero
2691 2286 2842 2334 vero,
2906 2270 3267 2324 contrarium.
3303 2268 3692 2323 Verumtamen

2125 2377 2358 2434 utraque
2392 2364 2741 2418 convenienti
2774 2370 3016 2431 tempore
3044 2360 3183 2415 facta
3235 2369 3403 2416 sunt:
3436 2359 3687 2414 videlicet

2134 2457 2278 2511 intra
2309 2456 2428 2513 dies
2455 2454 2839 2525 quadraginta,
2868 2454 2959 2523 qui
2994 2454 3422 2508 intercesserunt
3451 2469 3481 2507 a
3517 2466 3704 2506 resur-

2130 2549 2378 2605 rectione
2441 2562 2614 2617 usque
2661 2546 2727 2599 ad
2789 2546 3165 2601 ascensionem
3231 2553 3286 2599 et
3353 2545 3585 2600 reditum
3653 2544 3706 2597 in

2131 2640 2358 2705 coelum,
2418 2639 2472 2692 in
2531 2638 2733 2707 quibus
2797 2637 2959 2692 etiam
3003 2651 3108 2689 una
3137 2651 3260 2691 cum
3292 2635 3361 2690 iis
3387 2634 3619 2689 comedit
3646 2648 3709 2688 ac

2134 2731 2291 2794 bibit,
2348 2730 2649 2784 ostendens
2706 2729 2948 2794 interim,
2984 2727 3130 2797 quod
3165 2728 3282 2795 ipse
3336 2737 3481 2782 esset
3511 2726 3580 2791 is,
3612 2724 3706 2794 qui

2130 2819 2448 2882 cruciﬁxus,
2505 2820 2599 2888 qui
2690 2818 2941 2889 sepultus
2996 2827 3165 2883 esset,
3223 2817 3314 2886 qui
3366 2833 3397 2870 a
3467 2816 3704 2870 mortuis

2133 2910 2554 2964 resurrexisset.
2584 2908 2690 2963 Sed
2752 2924 2922 2974 quare
2978 2923 3084 2961 non
3120 2908 3401 2971 omnibus,
3428 2905 3521 2960 sed
3577 2905 3710 2958 solis

2131 3000 2391 3068 apostolis
2415 2997 2867 3066 apparuit‘iQuia
2902 2998 3062 3067 vulgo
3086 2997 3394 3058 hominum,
3427 2996 3520 3065 qui
3555 3009 3713 3049 arca-

2143 3089 2621 3159 nnm'mysterium
2656 3104 2760 3142 non
2784 3096 3070 3150 noverant,
3097 3097 3371 3153 spectrum
3399 3102 3519 3139 esse
3533 3087 3708 3140 visum

446 3146 595 3244 εἰκὸς
624 3146 693 3250 τήν
727 3146 950 3242 παθεῖνς
984 3146 1081 3228 Atti.
1112 3192 1195 3227 τοι
1243 3146 1399 3226 τοῦτο
1535 3146 1646 3227 τῶν
1677 3174 1918 3243 σημείων
1940 3168 2015 3226 ὧν

2136 3146 2376 3236 fuisset:
2412 3179 2546 3233 Nam
2608 3180 2653 3232 si
2690 3179 2853 3231 etiam
2882 3178 2986 3247 ipsi
3045 3177 3302 3247 discipuli
3342 3177 3500 3230 initio
3550 3176 3707 3230 ﬁdem

448 3273 651 3335 ἔλαϐον,
673 3272 830 3343 χάριν
861 3270 1035 3322 ποιεῖν
1071 3268 1120 3321 οἱ
1155 3265 1463 3331 ἀπόστολοι,
1488 3265 1852 3335 ἀναμφίὸολον
1877 3267 2018 3317 ποιεῖ

448 3368 553 3435 τῆς
582 3364 928 3424 ἀναστάσεως
952 3360 1050 3430 τὴν
1080 3356 1351 3421 ἀπόδειξιν
1379 3356 1474 3409 καὶ
1511 3356 1727 3425 κοινήνο
1761 3355 1901 3408 ὣστε
1927 3354 2002 3424 μὴ

448 3460 562 3521 τοῖς
586 3458 707 3509 τότε
731 3453 911 3524 μόνον,
937 3452 1075 3520 ὅπερ
1113 3452 1177 3504 ὲκ
1209 3449 1311 3518 τῆς
1337 3449 1512 3519 ὅψεως
1540 3447 1729 3518 ἔμελλε
1754 3448 2022 3515 γίνεσθαι,

452 3550 591 3602 ἀλλά
618 3548 713 3601 καὶ¹
741 3546 876 3599 πᾶσι
930 3545 1041 3606 τοῖς
1084 3540 1224 3612 μετά
1248 3541 1421 3595 ταῦτα
1476 3540 1719 3612 φανερὰν
1770 3540 2026 3608 γενέσθαι

451 3644 552 3712 τὴν
573 3640 887 3695 ἀνάστασιν.

2136 3287 2242 3326 non
2294 3270 2593 3333 habebant,
2650 3269 2743 3323 sed
2774 3268 3159 3330 turbabantur,
3186 3275 3240 3320 et
3264 3273 3410 3319 tactu
3442 3281 3634 3320 manus
3658 3273 3713 3318 et

2139 3377 2326 3417 mensa
2359 3376 2496 3430 Opus
2522 3361 2824 3413 habebant:
2868 3357 3082 3427 qualem
3115 3356 3415 3409 verisimile
3444 3362 3528 3408 est
3565 3354 3711 3422 vulgi

2134 3450 2391 3505 aﬂectum
2452 3448 2698 3502 futurum
2760 3445 3210 3501 fuisse?ldcirco
3256 3459 3351 3513 per
3390 3443 3712 3513 signa,qure

2133 3541 2362 3596 faciendi
2393 3554 2565 3594 causa
2591 3549 2919 3608 acceperunt
2946 3539 3203 3608 apostoli.
3247 3550 3357 3591 non
3379 3535 3709 3603 ambiguam,

2134 3633 2227 3687 sed
2264 3640 2467 3686 certam
2495 3630 2659 3684 ellicit
2712 3631 3138 3684 resurrectionis
3190 3628 3708 3683 demonstrationem

453 3744 620 3806 atque
643 3747 1011 3797 communem,
1046 3739 1233 3787 utnon
1272 3728 1340 3784 iis
1369 3727 1653 3791 duntaxat,
1709 3726 1802 3794 qui
1853 3734 1984 3779 tunc
2073 3733 2231 3778 erant
2261 3741 2275 3777 :
2300 3724 2442 3793 quod
2465 3738 2528 3777 ex
2558 3731 2777 3791 aspectu
2807 3721 2922 3776 ﬁeri
2948 3722 3218 3775 debebat:
3288 3736 3477 3775 verum
3548 3720 3711 3773 etiam

459 3828 742 3891 omnibus,
767 3826 860 3894 qui
885 3832 1073 3894 postea
1103 3820 1348 3886 fuerunt,
1377 3817 1667 3873 manifesta
1699 3817 2036 3872 resurrectio
2077 3813 2217 3869 iacta
2247 3814 2340 3867 sit.

523 3920 965 3987 Ὀπταγόμενος
1020 3909 1250 3977 αὐτοῖς,
1294 3908 1392 3964 καὶ
1422 3908 1619 3978 λέγων
1647 3907 1720 3960 τὰ
1748 3907 1880 3974 περὶ
1916 3904 2028 3975 τῆς

450 4009 772 4077 βασιλείας
810 4006 914 4060 τοῦ
945 4004 1112 4059 Θεοῦ.

528 4101 638 4156 Kal
653 4097 1121 4166 συναλιζόμενος
1144 4092 1541 4161 παρήγγειλεν
1559 4088 1763 4155 αὐτοῖς
1789 4090 1908 4143 ἀπὸ
1923 4089 2029 4143 ἰε-

2207 3901 2371 3957 Vsns.
2400 3903 2453 3957 '5.
2508 3902 2642 3954 Dum
2674 3901 2999 3968 conspicitur
3030 3900 3093 3953 ab
3119 3901 3216 3961 eis,
3250 3917 3311 3952 ae
3372 3900 3607 3966 loquitur
3650 3913 3713 3951 ea

2128 4008 2246 4062 qua:
2268 3994 2527 4061 pertinent
2553 3991 2621 4043 ad
2651 4008 2868 4060 regnum
2895 3991 3005 4043 Dei.

2204 4086 2444 4141 Vens.4.
2479 4083 2547 4137 Et
2574 4101 2680 4137 una
2709 4100 2827 4137 cum
2867 4084 2942 4136 eis
3003 4097 3237 4144 vesceris,
3277 4079 3523 4147 praecepit
3576 4079 3710 4138 illis.

450 4191 813 4264 ροσολύμων
839 4188 925 4257 μὴ
960 4185 1323 4255 χωρίζεσθαι,
1353 4182 1514 4235 ἀλλὰ
1546 4180 1883 4249 περιμένειν
1913 4179 2019 4247 τὴν

2131 4192 2193 4230 ne
2263 4178 2590 4231 discederent
2679 4174 3098 4242 Hierosolymis,
3172 4172 3260 4225 sed
3355 4179 3713 4237 exspectarent

453 4281 820 4351 ἐπαγγελίαν
848 4277 954 4332 τοῦ
988 4275 1241 4342 Πατρός,
1271 4272 1351 4341 ἢν
1382 4269 1684 4341 ἠκούσατέ
1707 4287 1847 4339 μου.

528 4452 812 4509 Βασιλείαν
875 4447 1035 4510 αὐτὸς
1060 4448 1088 4500 ὁ
1113 4443 1319 4514 Κύριος
1364 4442 1592 4495 ἐκάλεσε
1650 4437 1745 4495 τοῦ
1809 4436 2024 4508 Πατρὸς

2133 4268 2448 4336 promissum
2522 4267 2739 4331 Patris,
2828 4279 3022 4334 quam,
3125 4263 3327 4330 inquit,
3438 4260 3713 4314 audivistis

2134 4374 2200 4413 ex
2258 4376 2359 4413 me.

2205 4448 2449 4519 Regnum
2508 4447 2686 4502 Patris
2737 4446 2998 4502 Dominus
3047 4445 3163 4515 ipse
3221 4444 3454 4507 vocavit,
3512 4445 3566 4497 in
3607 4457 3716 4512 quo

457 4546 580 4601 καθ’
630 4544 688 4596 ὃν
712 4544 754 4574 ⁸⁸
814 4538 1181 4609 ἐπηγγείλατο
1225 4536 1338 4597 τοῖς
1401 4532 1671 4603 μαθηταῖς
1732 4529 1793 4582 τὸ
1837 4528 2019 4581 καινὸν

2130 4556 2323 4595 novum
2359 4557 2465 4595 una
2494 4556 2618 4595 cum
2649 4540 2728 4594 eis
2756 4540 3010 4609 poculum
3066 4537 3349 4609 discipulis
3388 4539 3717 4607 promiserat

460 4637 747 4706 συμπίνειν
797 4626 1088 4701 ποτήριον·
1128 4626 1318 4696 καινὴν
1346 4625 1506 4677 πόσιν
1530 4622 1734 4686 καλῶν,
1777 4621 1844 4691 ἣν
1881 4621 2019 4690 μετά

2130 4632 2418 4686 bibiturum
2440 4650 2452 4686 :
2476 4648 2670 4686 novum
2705 4640 2889 4700 potum
2911 4645 3133 4693 vocans,
3151 4644 3315 4698 quem
3335 4645 3439 4682 una
3457 4645 3579 4682 cum
3610 4627 3717 4681 illis

457 4731 556 4801 τὴν
584 4727 884 4782 ἀνάστασιν
925 4719 1119 4775 ἑαυτοῦ
1152 4718 1405 4771 συνέπιεν
1435 4717 1644 4777 αὐτοῖς.
1676 4714 1784 4766 Καὶ
1832 4712 2019 4783 καινὴν

2130 4724 2259 4778 hihit
2285 4732 2405 4794 post
2435 4724 2893 4777 resurrectionem
2932 4739 2947 4775 :
2979 4734 3145 4790 atque
3178 4722 3339 4775 etiam
3375 4736 3574 4775 novum
3609 4734 3718 4773 una

462 4820 663 4889 βρῶσιν
714 4814 1040 4881 συνέφαγεν,
1072 4810 1133 4862 οὐ
1162 4807 1302 4859 κατὰ
1330 4805 1428 4871 τὴν
1461 4804 1730 4875 προτέραν
1761 4802 1934 4867 τάξιν,
1962 4802 2019 4873 ἢν

2130 4827 2244 4866 cum
2299 4813 2405 4866 illis
2435 4812 2614 4867 cibum
2648 4812 2906 4873 comedit,
2951 4826 3061 4865 non
3088 4810 3543 4880 quemadmodum
3569 4811 3720 4879 prius

461 4907 746 4979 συνήσθιεν
768 4906 953 4966 αὐτοῖς
984 4902 1082 4955 καὶ
1123 4898 1372 4952 συνέπινε
1399 4895 1507 4966 πρὸ
1534 4896 1631 4965 τῆς
1658 4894 2019 4949 ἀναστάσεως.

2130 4903 2462 4974 instituerat,
2508 4917 2629 4981 cum
2663 4916 2769 4956 una
2811 4918 2932 4956 cum
2963 4902 3043 4956 eis
3080 4902 3398 4956 comedebat
3422 4910 3476 4955 et
3500 4901 3718 4954 bibebat

459 4997 595 5053 τότε
648 4997 759 5066 γὰρ
813 4992 958 5047 κατά
988 4991 1186 5052 πάντα,
1214 4987 1383 5059 χωρὶς
1415 4986 1711 5057 ἁμαρτίας,
1737 4984 2019 5054 ὁμοιωθεὶς

2130 5003 2419 5061 antequam
2439 4993 2853 5047 resurrexisset.
2872 4990 3023 5045 Tunc
3045 4992 3211 5057 enim,
3230 5002 3454 5060 excepto
3469 5000 3713 5059 peccato.

458 5091 612 5160 ἡμῖν,
635 5088 789 5157 ήσθιε
810 5102 903 5137 και
930 5083 1081 5135 ἔπινε
1123 5080 1373 5149 καθάπερ
1404 5079 1588 5148 ἡμεῖς,
1616 5075 1757 5129 ἑκὼν
1793 5076 2019 5136 ἐνδιδοὺς

2136 5084 2357 5138 omnino
2405 5083 2566 5137 nobis
2626 5082 2984 5141 assimilatus,
3045 5081 3363 5160 comedebat
3418 5088 3470 5132 ct
3504 5078 3717 5131 bibebat

456 5181 525 5248 τῇ
548 5177 710 5246 σαρκὶ⁸
729 5174 826 5245 τὴν
844 5174 943 5244 τῆς
983 5172 1187 5243 τροφῆς
1216 5168 1404 5240 χρείαν
1426 5166 1723 5238 ἐπιζητεῖν·
1750 5167 1830 5219 διὸ
1855 5169 1947 5219 καὶ
1969 5167 2030 5218 τὸ

458 5270 558 5336 τῆς
593 5267 783 5335 πείνης
841 5263 1163 5333 βουλόμενος
1206 5259 1525 5331 προσήκατο
1556 5256 1722 5316 πάθος
1748 5273 1763 5288 ⁸
1805 5258 1941 5326 μετά
1971 5256 2029 5308 δέ

458 5376 526 5429 γε
564 5359 662 5429 τήν
701 5356 997 5411 ἀνάστασιν
1034 5352 1217 5407 οὐκέτι
1252 5350 1396 5404 κατά
1435 5348 1622 5419 χρείαν
1647 5347 1815 5416 ἐφαγὲ
1847 5365 1906 5400 τε
1938 5349 2030 5401 καὶ

459 5451 637 5513 ἔπιεν,
681 5448 818 5504 ἀλλά
878 5447 1036 5518 μόνον
1092 5442 1450 5513 πιστούμενος
1496 5441 1667 5495 ἅπασι
1712 5440 1810 5512 τὴν
1843 5440 2021 5511 ἀληθῆ

2138 5172 2597 5242 quemadmodum
2656 5187 2793 5237 nos,
2846 5172 2991 5225 ultro
3044 5171 3193 5225 earni
3271 5158 3591 5237 indulgens,
3652 5173 3712 5216 ut

2138 5266 2441 5351 requireret
2490 5263 2862 5319 necessarium
2918 5278 3077 5318 usum
3151 5261 3277 5316 cibi.
3349 5256 3710 5323 Quamobrum

2142 5345 2322 5411 famis.
2367 5371 2586 5426 quoque
2619 5355 2871 5410 aﬂ'ectum
2921 5353 3107 5409 volens
3160 5348 3421 5404 admisit:
3453 5345 3547 5399 sed
3585 5352 3709 5414 post

2142 5447 2596 5502 resurrectionem
2648 5462 2778 5503 sane
2818 5461 2926 5502 non
2980 5440 3213 5512 amplius
3255 5434 3565 5493 necessario
3614 5449 3711 5489 co-

1671 5623 1874 5686 Varite
1903 5623 2217 5687 lectiones
2244 5636 2305 5691 et
2336 5631 2525 5689 natm.

556 5729 603 5762 "
630 5725 923 5782 desiderari
953 5724 1171 5791 videtur,
1207 5725 1406 5796 μόνοις.
1484 5725 1526 5759 ⁸¹
1561 5725 1647 5779 τσ.
1684 5723 1819 5778 καθ’
1851 5725 1937 5794 ἦν.
1970 5798 1975 5805 Ι
