4068 6210
353 354 457 420 507

1271 346 1849 408 THEOPHYLACTI
1878 346 2290 409 BULGARIJE
2314 345 2666 406 ARCHIEP.

3484 341 3588 404 50$

354 465 597 521 meditet
625 460 781 524 bibit,
826 457 928 513 sed
987 458 1329 514 solummodo
1357 460 1712 515 ut.universts
1759 460 1918 515 fidem

2038 461 2185 529 ρύσιν
2199 460 2294 513 τοῦ
2316 458 2565 529 σώματος
2591 459 2672 512 ὅτι
2693 456 2787 511 καὶ
2807 456 3075 511 πέπονθεν
3097 456 3257 521 ἑκὼν,
3277 455 3370 509 καὶ
3390 456 3585 527 ἀνέστη

353 558 560 612 faceret
578 566 717 609 vene
751 549 1000 618 corporis
1047 556 1279 609 naturas.
1347 551 1496 617 quod
1563 559 1618 607 et
1654 552 1924 621 supplicio

357 649 544 701 volens
604 640 829 694 allectus
874 650 1022 694 esset
1075 650 1128 695 et
1191 640 1453 696 divinitus
1515 644 1926 698 resnrrexisset.

360 732 516 787 llunc
572 729 735 797 igitur
811 741 1009 781 novum
1096 730 1278 784 cibum
1335 739 1388 785 et
1445 742 1633 801 potum
1688 733 1923 798 vocavit,

358 824 559 894 quibus
590 839 700 877 una
755 836 879 875 cum
923 821 1209 889 discipulis
1267 829 1391 891 post
1448 824 1925 890 resurrectionem,

357 930 465 966 non
500 912 955 981 quemadmodum
1014 914 1169 979 prius
1213 923 1597 977 consueverat.
1635 929 1769 969 usus
1819 922 1925 970 est.

357 1002 569 1057 Etenim
650 1004 705 1058 in
786 1003 1146 1075 quadraginta
1229 1008 1460 1072 diebus,
1513 1006 1729 1078 inquit,
1806 1027 1930 1062 συν-

355 1092 594 1159 ηλίζετο,
627 1090 678 1144 id
708 1097 813 1156 est,
850 1105 960 1145 una
999 1108 1121 1147 cum
1162 1093 1242 1148 eis
1272 1096 1616 1159 vescebatur,
1677 1096 1930 1152 videlicet

359 1181 636 1236 communi
665 1190 821 1239 utens
849 1184 962 1237 sale
990 1194 1043 1237 et
1081 1199 1288 1239 mensa.
1338 1184 1444 1239 Sed
1502 1187 1795 1255 quomodo,
1832 1202 1933 1243 no-

360 1281 533 1326 strum
567 1286 675 1326 non
702 1280 785 1327 est
813 1272 1017 1327 dicere.
1084 1272 1208 1329 Haec
1227 1277 1372 1329 enim
1418 1291 1523 1330 non
1556 1277 1720 1332 solito
1752 1294 1928 1345 more,

360 1362 456 1417 sed
506 1364 679 1433 magis
724 1364 1032 1417 admirabili
1058 1365 1220 1419 modo
1245 1365 1563 1422 acciderunt
1596 1383 1611 1420 :
1649 1384 1756 1423 non
1785 1371 1930 1439 quod

358 1461 558 1508 natura
593 1453 849 1524 deinceps
876 1456 1015 1511 cibis
1043 1457 1327 1524 indigeret,
1385 1459 1479 1512 sed
1528 1461 1671 1529 quod
1722 1464 1930 1517 conde.

362 1545 577 1600 scensio
608 1554 768 1615 atque
795 1546 1225 1603 accommodatio
1250 1549 1400 1603 fieret
1448 1550 1513 1604 ad
1546 1551 1928 1608 demonstran-

362 1636 486 1689 dam
518 1637 993 1693 resurrectionem.
1020 1636 1083 1690 Et
1108 1638 1440 1707 patefaciens
1471 1641 1529 1710 8
1555 1642 1703 1712 regni
1730 1654 1934 1714 myste-

362 1725 466 1789 ria,
501 1726 775 1794 praecepit,
796 1735 902 1781 etc.
920 1729 1040 1781 Cur
1059 1727 1277 1782 tandem
1314 1729 1419 1785 hoc
1441 1731 1523 1785 eis
1548 1739 1608 1784 ut
1666 1730 1932 1798 facerent,

2028 553 2365 624 θεοπρεπῶς.
2385 551 2601 620 Ταύτην
2615 546 2708 605 οῦν
2731 549 2921 621 καινὴν
2942 548 3142 620 βρῶσιν
3168 552 3261 603 καὶ
3283 550 3439 602 πόσιν
3466 550 3593 601 ἐκά-

2025 644 2168 709 λεσε,
2192 645 2289 714 τὴν
2308 644 2446 713 μετά
2470 643 2568 713 τὴν
2580 642 2872 696 ἀνάστασιν
2892 642 3264 711 γεγενημένην
3285 640 3435 710 αὐτῷ
3457 640 3595 709 μετὰ

2024 736 2135 789 τῶν
2170 736 2450 805 μαθητῶν,
2476 736 2534 789 οὔ
2561 739 2703 790 κατά
2737 733 2835 804 τὴν
2861 734 3131 803 προτέραν
3157 731 3467 801 συνήθειανο
3500 734 3594 783 καὶ

2028 828 2349 897 γὰρ,φηο“ιν,
2370 830 2426 880 ἐν
2444 827 2849 897 τεσσαράκοντα
2866 824 3102 895 ἡμέραις
3114 825 3298 886 αὐτοῖς
3316 824 3596 886 συνηλέζε-

2029 935 2090 971 το
2111 920 2181 980 ³⁸,
2205 918 2471 983 τουτέστι,
2496 918 2766 971 κοινωνῶν
2783 916 2946 982 ἀλῶν,
2976 918 3070 970 καὶ
3092 916 3365 969 κοινωνῶν
3387 915 3593 982 τραπέ-

2030 1013 2149 1080 ζης.
2187 1011 2259 1065 Τὸ
2281 1010 2338 1064 δὲ
2369 1011 2507 1075 πῶς,
2530 1012 2629 1079 οὐχ
2652 1011 2920 1081 ἡμέτερον
2938 1000 3131 1063 εἰπεῖν.
3150 1010 3349 1079 Τρόπῳ
3365 1010 3473 1078 γάρ
3491 1026 3594 1062 τινι

2031 1102 2449 1172 παραδοξοτέρῳ
2495 1102 2668 1155 ταῦτα
2717 1102 2937 1170 ἐγένετο
2960 1117 2974 1132 ⁸
3009 1102 3108 1171 οὐχ
3148 1101 3223 1164 ὡς
3258 1104 3356 1169 τῆς
3384 1099 3597 1168 φύσεως

2030 1192 2289 1260 δεομένης
2340 1191 2644 1261 βρωμάτων
2700 1190 2907 1255 λοιπὸν,
2942 1190 3078 1244 ἀλλά
3130 1188 3601 1256 συγκαταὸἀσεως

2030 1282 2327 1352 γενομένης
2354 1282 2491 1352 πρὸς
2524 1282 2796 1347 ἀπόδειξιν
2825 1282 2924 1351 τῆς
2983 1281 3358 1342 ἀναστάσεως.
3396 1282 3503 1333 Καὶ
3530 1282 3599 1334 τὰ

2034 1373 2163 1442 περὶ
2195 1372 2294 1441 τῆς
2347 1372 2624 1443 βασιλείας
2681 1373 3085 1428 ἀποκαλύπτων
3133 1374 3406 1444 μυστήρια
3434 1374 3503 1427 ⁸³.
3533 1372 3601 1425 Τί

2032 1464 2231 1533 δήποτε
2287 1465 2654 1536 παρήγγειλεν
2693 1467 2877 1529 αὐτοῖς
2926 1465 3084 1519 τοῦτο
3132 1467 3339 1530 ποιεῐν;
3376 1466 3601 1536 Πρῶτον

2039 1556 2137 1624 μὲν
2198 1551 2293 1609 οὖν
2337 1557 2535 1621 αὐτοὺς
2581 1557 2885 1622 δεδοικότας
2931 1559 3024 1612 καὶ
3066 1556 3371 1628 τρέμοντας
3398 1557 3473 1620 είς
3501 1557 3602 1624 τήν

2039 1647 2323 1702 Γαλιλαίαν
2368 1647 2658 1718 ἐξήγαγεν,
2689 1649 2773 1702 ἵνα
2803 1650 2941 1718 μετά
2978 1648 3161 1712 ἀδείας
3188 1648 3464 1701 ἀκούσωσι
3494 1648 3601 1702 τῶν

2035 1737 2342 1807 λεγομένων
2365 1751 2379 1767 ⁸
2403 1736 2613 1806 ἕτοιμοι
2641 1736 2754 1808 γὰρ
2777 1733 2916 1808 ἦσαν
2948 1739 3027 1801 εἰς
3051 1736 3111 1791 τὸ
3151 1736 3599 1806 λειίιτοτακτπῖγσαι⁸

362 1814 689 1868 mandavit?
718 1814 852 1869 Nam
884 1817 1120 1886 primum
1164 1818 1382 1887 quidem
1413 1834 1509 1876 eos
1539 1829 1683 1876 metu
1715 1822 1934 1891 percul-

2038 1821 2155 1881 εἷτα
2209 1826 2397 1897 ἐπειδὴ
2440 1827 2680 1897 ἥκουσαν
2729 1827 2823 1880 καὶ
2876 1828 3283 1897 τεσσαράκοντα
3317 1826 3599 1897 διέτριψαν

362 1919 456 1959 eos
487 1914 650 1972 atque
700 1913 992 1961 trementes
1023 1908 1077 1961 in
1111 1906 1389 1962 Galilaeam
1420 1910 1630 1976 eduxit,
1657 1920 1711 1967 an
1750 1914 1932 1968 securi

364 2009 598 2063 ca,qu:n
625 1995 851 2063 diceret,
892 1997 1143 2052 audirent
1187 2014 1202 2051 :
1238 1999 1411 2068 parati
1450 2001 1596 2055 enirn
1657 2010 1814 2057 erant
1866 2005 1934 2059 ad

365 2084 545 2140 locum
570 2093 625 2139 ct
675 2101 877 2141 munus
902 2102 1064 2143 suum
1112 2088 1469 2144 deserendum
1501 2105 1517 2155 ;
1564 2091 1760 2148 deinde
1784 2102 1937 2163 post-

366 2188 597 2243 caquam
678 2176 1025 2244 audiverant,
1097 2193 1163 2234 ac
1246 2178 1605 2249 quadraginta
1660 2182 1777 2238 dies
1826 2199 1936 2238 una

367 2258 673 2319 eonversati
735 2278 911 2333 erant,
972 2268 1249 2322 mandavit
1304 2284 1373 2325 ne
1424 2270 1493 2324 ab
1547 2270 1938 2342 Hierosolymis

369 2354 738 2410 discederent.
781 2357 895 2411 Cur
924 2359 1174 2414 tandem?
1196 2358 1333 2425 Quia
1360 2361 1817 2429 quemadmodum
1842 2364 1942 2418 mi-

369 2443 514 2508 lites,
547 2445 692 2513 siqui
720 2447 1373 2517 multitudiniobjiciendi
1417 2459 1566 2514 sunt,
1600 2466 1760 2506 nemo
1781 2460 1939 2507 ante-

369 2547 533 2599 quam
563 2549 682 2588 sese
699 2537 1059 2602 armaverint,
1086 2539 1237 2593 exire
1275 2539 1409 2594 sinit
1434 2558 1447 2594 :
1471 2554 1647 2610 neque
1673 2556 1737 2596 ex
1761 2556 1941 2598 carce-

371 2620 725 2692 ribus'equos
750 2629 1002 2695 prosilire
1061 2638 1352 2700 antequam
1405 2634 1649 2702 aurigam
1709 2649 1939 2705 accepe-

372 2711 485 2766 rint
522 2730 535 2766 :
567 2714 641 2768 ita
675 2715 930 2771 nimirum
961 2718 1125 2775 etiam
1179 2721 1323 2785 illos,
1363 2733 1656 2794 antequam
1703 2723 1939 2795 Spiritus

370 2800 765 2870 descendisset,
801 2822 869 2862 ne
898 2823 929 2863 a
962 2810 1306 2868 multitudine
1336 2812 1495 2870 facile
1523 2817 1645 2886 capi
1675 2832 1737 2872 ac
1756 2818 1937 2888 subigi

370 2901 617 2960 possent,
648 2894 703 2947 in
754 2897 870 2952 acie
900 2900 1143 2970 conspici
1180 2916 1288 2956 non
1320 2903 1535 2959 sinebat
1563 2922 1580 2971 ;
1613 2920 1720 2960 non
1760 2909 1936 2963 solum

372 2990 554 3034 autem
602 2983 829 3052 idcirco,
858 2987 954 3043 sed
985 2990 1131 3059 quod
1170 2992 1325 3046 multi
1358 2995 1521 3048 etiam
1548 2995 1658 3050 illic
1679 2998 1939 3052 credituri

372 3080 549 3125 erant.
594 3073 772 3144 Atque
821 3077 985 3132 etiam
1022 3080 1179 3135 tertia
1209 3096 1375 3136 causa
1405 3091 1510 3148 est,
1566 3100 1636 3140 ne
1666 3086 1757 3155 qui
1794 3086 1941 3142 dieeo
1965 3123 2009 3181 α

373 3174 517 3228 rem,
552 3179 666 3232 eos,
701 3169 847 3225 notis
877 3170 1106 3238 relictis,
1157 3173 1224 3227 ad
1264 3176 1580 3243 peregrinos
1609 3186 1938 3233 ostentatum

371 3260 432 3306 et
481 3254 746 3323 jactatum
777 3274 898 3315 sesc
923 3261 1159 3325 venisse,
1201 3263 1409 3319 idcirco
1439 3268 1581 3336 apud
1618 3268 1739 3325 illos
1769 3269 1939 3340 ipsos,

372 3345 468 3413 qui
501 3349 702 3403 caedem
741 3348 1005 3417 fecerant,
1057 3354 1149 3422 qui
1181 3355 1586 3422 cruciﬁxerant,
1616 3360 1708 3429 qui
1742 3361 1944 3429 sepeli.-

371 3445 586 3503 verant,
640 3439 697 3493 in
759 3439 879 3510 ipsa
932 3443 1088 3510 urbe,
1137 3445 1192 3499 in
1235 3461 1344 3515 qua
1407 3446 1673 3503 nefarium
1730 3450 1944 3508 facinus

372 3529 714 3604 committere
752 3533 873 3586 ausi
905 3541 1084 3597 erant,
1117 3545 1435 3605 argumenta
1480 3553 1545 3593 ac
1576 3540 1729 3610 signa
1759 3540 1944 3611 profe-

372 3624 524 3679 runt,
564 3634 686 3689 qua:
724 3636 831 3675 non
874 3632 1124 3692 poterant
1148 3628 1341 3682 refelli.
1379 3627 1485 3683 Sed
1517 3630 1734 3699 quando
1784 3632 1944 3686 audi-

370 3721 570 3764 verunt
636 3712 787 3767 illum
859 3717 1303 3783 promittentem?
1366 3720 1595 3787 Quando
1645 3723 1869 3780 dicebat
1923 3741 1941 3779 :

375 3799 610 3871 Expedit
645 3806 801 3859 vobis
835 3816 893 3860 ut
942 3823 1043 3879 ego
1073 3809 1412 3869 abeam.Nisi
1448 3814 1589 3868 enim
1616 3830 1717 3887 ego
1732 3816 1941 3885 abiero,

372 3892 690 3951 Paracletus
719 3898 804 3953 ille
830 3916 935 3955 non
970 3903 1148 3959 veniet
1168 3902 1236 3958 ad
1255 3920 1371 3962 vos.
1390 3905 1455 3961 Et
1471 3924 1689 3976 rursus,
1720 3909 1945 3980 Rogabo

373 3984 614 4053 Patrem,
644 3997 699 4043 et
727 3991 893 4046 alium
921 3992 1267 4051 Paracletum
1297 3998 1471 4053 mittet
1497 4002 1670 4057 vobis.
1712 4002 1815 4057 Sed
1846 4018 1947 4059 cur

372 4090 482 4133 non
506 4078 596 4135 illo
617 4090 902 4150 prasente,
942 4100 1119 4155 neque
1151 4086 1399 4157 digresso
1442 4092 1622 4150 statim
1677 4093 1894 4148 advenit
1924 4136 1940 4161 ,

375 4169 470 4224 sed
495 4179 617 4240 post
646 4181 770 4228 octo
800 4182 895 4229 aut
949 4191 1138 4233 novem
1193 4178 1336 4246 dies,
1406 4181 1520 4236 sive
1551 4197 1673 4238 cum
1706 4187 1946 4254 complc-

376 4269 568 4314 rentur
618 4263 735 4319 dies
763 4267 1117 4324 Pentecostes
1158 4270 1275 4325 sive
1339 4272 1850 4343 quinquagesimae?
1878 4291 1945 4331 ac

374 4364 658 4422 praeterea,
704 4360 999 4427 quomodo,
1028 4361 1074 4416 si
1115 4362 1356 4417 nondum
1413 4362 1651 4433 Spiritus
1704 4368 1944 4423 advene-

2038 1919 2271 1989 ἡμέρας,
2323 1918 2694 1987 παρήγγειλεν
2745 1918 2853 1972 ἀπὸ
2892 1918 3284 1988 Ἱεροσολύμων
3324 1917 3398 1988 μὴ
3432 1919 3600 1989 χωρί-

2038 2010 2246 2075 ζεσθαι.
2282 2010 2347 2063 Τί
2378 2009 2577 2079 δήποτε
2600 2027 2616 2076 ;
2640 2009 2763 2063 ὐτι
2803 2009 3051 2080 καθάπερ
3079 2008 3231 2071 τινὰς
3263 2009 3602 2079 στρατιώτας

2042 2103 2333 2174 μέλλοντας
2378 2103 2460 2166 είς
2512 2101 2716 2171 πλῆθος
2766 2103 3093 2172 ἐμπίπτειν,
3139 2101 3316 2165 οὐδεὶς
3375 2100 3607 2170 ἀφίησιν

2041 2194 2273 2258 ἐξελθεῖν
2305 2194 2410 2257 ἕως
2437 2193 2503 2248 ἂν
2534 2193 2881 2258 όπλίσωνται,
2939 2193 3060 2247 οὐδὲ
3090 2192 3289 2255 ἵππους
3324 2192 3604 2264 προπηδᾷν

2036 2288 2136 2355 τῆς
2193 2282 2459 2353 βαλϐίδος,
2499 2282 2605 2345 ἕως
2639 2283 2705 2336 ἂν
2735 2283 2829 2335 τὸν
2885 2283 3101 2353 ήνίοχον
3150 2282 3389 2336 λάϐωσιν
3415 2300 3429 2314 ο
3464 2282 3606 2335 οὕτω

2037 2375 2101 2443 δὴ
2130 2376 2223 2429 καὶ
2269 2374 2470 2437 αὐτοὺς
2501 2372 2608 2444 πρὸ
2631 2372 2729 2443 τῆς
2754 2372 2848 2427 τοῦ
2899 2373 3218 2441 Πνεύματος
3242 2374 3470 2427 καθόδου
3495 2392 3602 2442 φα-

2039 2461 2197 2528 νῆναι
2244 2461 2337 2514 ἐπὶ
2360 2461 2458 2531 τῆς
2489 2461 2851 2529 παρατάξεως
2887 2462 2988 2515 οὐκ
3027 2462 3201 2530 ἀφίει,
3234 2460 3375 2515 ὥστε
3407 2462 3481 2534 μὴ
3511 2481 3604 2531 γε..

2038 2551 2223 2605 νέσθαι
2252 2550 2613 2620 εὐχειρώτους
2640 2552 2735 2603 καὶ
2774 2550 3081 2620 ἀλωσίμους
3100 2553 3215 2614 τοῖς
3249 2551 3465 2615 πολλοῖς
3495 2568 3510 2584 ο
3541 2553 3601 2604 ob

2038 2640 2125 2693 διά
2154 2639 2311 2692 τοῦτο
2342 2639 2397 2692 δέ
2426 2643 2583 2708 μόνον
2601 2680 2617 2706 ,
2651 2639 2767 2693 ἀλλ’
2790 2641 2872 2693 ὅτι
2897 2642 2990 2694 καὶ
3012 2641 3196 2694 πολλοὶ
3224 2637 3362 2711 ἦσαν
3393 2643 3444 2694 oi
3479 2643 3605 2711 μέλ-

2038 2729 2222 2789 λοντες
2272 2728 2552 2780 πιστεύειν
2617 2728 2804 2782 αὐτόθι
2832 2746 2846 2759 ο
2876 2728 2971 2797 καὶ
3004 2729 3205 2798 τρίτον,
3253 2729 3338 2783 ἵνα
3364 2732 3436 2801 μή
3459 2749 3604 2793 τινες

2038 2820 2289 2887 λέγωσιν,
2337 2820 2420 2872 ὃτι
2469 2820 2595 2881 τοὺς
2644 2820 2955 2890 γνωρίμους
3004 2821 3257 2889 ἀφέντες,
3306 2823 3457 2892 παρά
3490 2828 3606 2887 τοῖς

2040 2912 2211 2978 ξένοις
2228 2913 2274 2945 ἰ
2298 2907 2463 2981 ἦλθον
2488 2914 2792 2981 κομπᾶσαι,
2826 2911 3018 2966 τούτου
3061 2912 3224 2984 χάριν
3253 2915 3385 2987 παρ’
3418 2915 3602 2978 αὐτοῖς

2040 3003 2150 3064 τοῖς
2175 3003 2535 3069 πεφονευκόσι
2569 3003 2870 3072 παρέχουσι
2898 3002 2963 3055 τὰ
2999 3004 3301 3074 τεκμήρια⁸
3338 3006 3470 3075 παρ’
3496 3006 3595 3058 ab-

2040 3094 2154 3154 τοῖς
2178 3096 2289 3156 τοῖς
2306 3093 2824 3163 ἐσταυρωκόσι,τοῖς
2847 3093 3100 3163 θάψασιν,
3120 3096 3177 3148 ἐν
3191 3096 3328 3167 αὐτῇ
3347 3099 3411 3165 τῇ
3428 3097 3600 3159 πόλει,

2043 3184 2098 3236 ἐν
2183 3184 2243 3236 τὸ
2268 3184 2583 3254 παράνομον
2632 3183 2925 3252 ἐτολμήθη.
2982 3185 3116 3237 Πότε
3146 3184 3202 3237 δὲ
3237 3186 3476 3256 ἥκουσαν
3505 3188 3604 3256 τὴν

2043 3274 2405 3342 ἐπαγγελίαν;
2435 3275 2565 3326 Ὅτε
2597 3273 2774 3341 ἔλεγεο
2832 3273 3109 3345 Συμφέρει
3158 3276 3310 3345 ὑμῖν,
3364 3278 3449 3331 ἵνα
3492 3276 3603 3345 ἐγὼ

2042 3364 2260 3417 ἀπέλθω
2293 3381 2309 3396 θ
2372 3364 2465 3417 ἐὰν
2514 3366 2623 3434 γὰρ
2655 3364 2765 3432 ἐγὼ
2800 3364 2875 3436 μὴ
2913 3365 3155 3432 ἀπέλθω,
3185 3367 3213 3418 ό
3248 3367 3605 3436 Παράκλητος

2041 3458 2140 3508 οὐκ
2169 3454 2444 3508 ἐλεύσεται
2482 3456 2618 3525 πρὸς
2648 3456 2791 3523 ὑμᾶς
2816 3472 2828 3485 ο
2853 3456 2948 3509 καὶ
2972 3457 3158 3521 πάλιν,
3189 3455 3490 3527 Ἐρωτήσω
3511 3458 3606 3509 τὸν

2043 3547 2285 3616 Πατέρα,
2309 3547 2404 3599 καὶ
2427 3546 2583 3599 ἄλλον
2605 3546 2962 3616 Παράκλητον
2982 3546 3187 3616 πέμψει
3208 3548 3253 3579 ⁸³
3276 3547 3425 3615 ὑμῖν.
3449 3547 3606 3610 Τίνος

2042 3637 2099 3691 δέ
2132 3637 2319 3690 ἕνεκεν
2366 3638 2486 3707 οὐχὶ
2519 3638 2784 3708 παρόντος
2812 3635 3002 3703 αὐτοῦ,
3027 3637 3147 3690 οὐδὲ
3168 3636 3494 3701 ἀπελθόντος
3517 3637 3607 3690 εῦ-

2043 3728 2180 3792 θέως
2204 3728 2558 3798 παρεγένετο,
2618 3728 2754 3782 ἀλλά
2784 3729 2919 3798 μετά
2959 3728 3106 3783 ὀκτὼ
3130 3728 3161 3799 ἢ
3186 3729 3341 3782 ἐννέα
3368 3730 3604 3801 ἡμέρας,

2042 3819 2162 3889 ἦτοι
2187 3821 2244 3872 ἐν
2269 3819 2347 3888 τῷ
2381 3818 2837 3890 συμπληροῦσθαι
2860 3820 2959 3885 τὴν
2985 3818 3196 3890 ήμέραν
3247 3820 3348 3884 τῆς
3394 3821 3605 3890 Πεντη-

2043 3909 2262 3980 κοστῆς;
2282 3910 2403 3962 Ἔτι
2435 3909 2492 3962 δὲ
2519 3910 2653 3973 πῶς,
2691 3911 2740 3962 el
2776 3910 3004 3979 μηδέπω
3028 3909 3089 3962 τὸ
3114 3908 3335 3979 Πνεῦμα
3359 3925 3603 3981 παρεγε-

2041 4002 2210 4068 γόνει,
2230 3999 2618 4068 ἐλεγε,Λά6ετε
2646 3999 2868 4069 Πνεῦμα
2895 3999 3048 4068 ἆγιον
3068 4000 3283 4065 ςἘστιν
3300 3999 3395 4055 οὖν
3410 4002 3602 4067 εἰπεῖν,

2042 4092 2125 4145 ὅτι
2158 4092 2318 4145 τοῦτο
2345 4091 2444 4162 μέν
2470 4091 2645 4159 ἔλεγε,
2665 4090 2947 4154 δεκτικοὺς
2971 4091 3169 4154 αὐτοὺς
3187 4091 3280 4144 καὶ
3308 4090 3605 4161 ἐπιτηδειο-

2043 4185 2242 4248 τάτους
2270 4183 2707 4255 παρασκευάζων
2755 4184 2850 4237 καὶ
2895 4183 3197 4255 ἀρκοῦντας
3230 4184 3311 4246 είς
3342 4183 3440 4253 τὴν
3469 4184 3602 4236 ὐπο-

2042 4276 2203 4347 δοχήν
2235 4275 2329 4328 τοῦ
2396 4274 2735 4344 Πνεῦματοςο
2769 4274 2961 4328 ἔλαϐον
2991 4274 3070 4338 δὲ,
3104 4275 3192 4327 ὅτε
3218 4272 3486 4342 κατῆλθεν
3517 4271 3605 4325 ἐπ’

2044 4364 2241 4428 αὐτούς
2265 4381 2281 4398 ·
2332 4365 2388 4435 ἦ.
2424 4365 2505 4417 ὅτι
2537 4365 2598 4417 τὸ
2635 4364 2827 4435 μέλλον
2880 4364 3122 4423 ἔσεσθαι.
3166 4364 3241 4427 ὡς
3272 4365 3373 4435 ήδη
3425 4364 3601 4432 παρὸν

374 4454 480 4539 rat.
515 4449 728 4505 dicebat
759 4467 773 4504 :
807 4451 1052 4523 Accipite
1113 4450 1378 4522 Spiritum
1416 4465 1663 4512 sanetum
1691 4458 1715 4512 ἲ
1746 4458 1940 4517 Potest

2045 4454 2140 4507 καὶ
2197 4452 2507 4522 ἐνεστηκὸς,
2566 4451 2806 4523 εἴρηκεν,
2848 4453 2925 4516 ὡς
2977 4455 3106 4507 ὃταν
3152 4452 3319 4522 λέγει’
3378 4455 3605 4506 Πατείτε

375 4537 539 4606 igitur
571 4541 676 4597 dici
720 4541 822 4597 hoc
855 4542 1060 4611 idcirco
1110 4544 1178 4599 ab
1226 4545 1319 4600 illo
1361 4544 1565 4602 dictum
1614 4563 1755 4615 esse,
1797 4551 1943 4619 quod

375 4628 539 4682 vellet
569 4644 665 4685 eos
681 4645 912 4701 capaces
935 4633 1276 4705 maximeque
1309 4636 1534 4695 idoneos
1550 4638 1761 4696 ellieere
1782 4650 1944 4709 atque

376 4719 709 4776 sollicientes
727 4723 792 4777 ad
851 4722 1113 4793 Spiritum
1147 4726 1517 4797 recipiendum
1558 4745 1576 4784 :
1609 4739 1943 4800 acceperunt

375 4818 557 4863 autem
590 4811 767 4878 illum,
802 4828 923 4868 cum
954 4815 1021 4870 ad
1053 4830 1148 4872 eos
1189 4817 1474 4876 descendit
1537 4839 1553 4875 :
1628 4828 1747 4885 aut,
1794 4821 1940 4890 quod

377 4899 445 4954 de
480 4899 688 4968 futuro,
715 4911 973 4974 tanquam
1006 4905 1073 4962 de
1108 4922 1168 4963 re
1202 4908 1313 4979 jam
1347 4919 1615 4982 praesente
1643 4919 1697 4967 et
1728 4912 1941 4966 instan-

376 4998 430 5045 te
473 4991 685 5047 locutus
744 4995 814 5050 sit
850 5013 865 5050 :
912 5004 974 5052 ut
1012 5012 1136 5053 cum
1166 5001 1339 5056 dicit:
1390 5002 1609 5057 Caleate
1639 5016 1804 5071 super
1832 5017 1942 5055 ser-

374 5092 567 5154 pentes
590 5092 644 5141 et
665 5087 989 5157 scorpiones
1011 5098 1065 5145 et
1089 5105 1258 5161 super
1285 5107 1476 5148 omnes
1500 5092 1687 5162 capias
1708 5091 1939 5148 inimici.

2048 4546 2232 4600 ἐπάνω
2284 4544 2460 4613 ὄφεων
2523 4544 2619 4597 καὶ
2669 4544 2967 4613 σκορπίων,
3011 4545 3107 4597 καὶ
3154 4545 3246 4597 ἐπὶ
3291 4545 3469 4597 πᾶσαν
3508 4544 3608 4610 τὴν

2047 4636 2276 4702 δύναμιν
2301 4634 2394 4688 τοῦ
2426 4633 2641 4705 ἐχθροῦ.
2682 4635 2840 4689 Ἔστι
2869 4635 2924 4688 δὲ
2953 4638 3045 4689 καὶ
3066 4635 3238 4699 ἄλλως
3264 4637 3469 4695 εἰπεῖν.
3524 4636 3609 4687 ὅτι

2046 4724 2141 4780 τοῦ
2194 4717 2513 4799 Πνεῦματος
2546 4728 2579 4796 ή
2629 4725 2775 4789 δόσις
2816 4726 3033 4795 ποικίλη
3062 4726 3144 4788 τίς
3174 4728 3286 4778 ἐστι
3315 4734 3410 4779 καὶ
3442 4726 3610 4778 πολυ-

2050 4818 2223 4888 μερὴς
2246 4835 2260 4849 ο
2290 4820 2323 4887 ἡ
2363 4819 2460 4888 μὲν
2480 4820 2587 4889 γὰρ
2611 4817 2941 4887 καθαρτικὴ,
2974 4819 3007 4887 ή
3036 4818 3092 4871 δὲ
3122 4817 3440 4887 τελειωτική
3474 4835 3487 4848 ο
3514 4820 3609 4872 καὶ

2045 4912 2081 4980 ή
2115 4909 2212 4978 μὲν
2241 4908 2561 4977 ἀγιάζουσα,
2591 4910 2624 4978 ή
2654 4909 2710 4961 δὲ
2738 4909 3092 4977 ἀγιαστικοὺς
3145 4909 3553 4979 δημιουργοῦσα
3589 4925 3606 4942 ο

2048 5004 2083 5071 ή
2115 5003 2210 5069 μὲν
2239 4999 2499 5069 γλωσσῶν
2554 5001 2864 5070 ποριστικὴ,
2896 5002 2929 5067 ἠ
2952 4999 3007 5052 δὲ
3036 5001 3396 5071 προφητείας
3425 5003 3458 5072 ἠ
3513 5001 3611 5070 μὲν

2046 5090 2600 5160 τερατουργημὰτων,
2624 5091 2657 5160 ή
2683 5089 2738 5142 δὲ
2788 5088 3086 5159 ἑρμηνείας
3136 5091 3486 5161 παρεκτικίγ
3518 5091 3612 5143 καὶ

1600 5207 1803 5270 Varia;
1831 5206 2137 5271 lectiones
2170 5213 2231 5269 et
2268 5212 2456 5268 nota).

484 5327 531 5359 "
612 5325 835 5395 Exponit
894 5327 1195 5391 dictionem,
1259 5327 1698 5395 συναλιζόμενος,

1776 5347 1933 5397 quam
1991 5330 2248 5385 Erasmus
2298 5330 2471 5391 vertit,
2536 5346 2556 5379 ι
2607 5343 2945 5397 congregans.
3007 5345 3025 5378 ι
3095 5326 3236 5381 Sane
3290 5327 3451 5380 dictto
3479 5328 3610 5379 sim-

373 5398 494 5460 plex
553 5396 722 5459 ἀλίζω
791 5395 926 5468 alios
986 5397 1272 5468 signiﬁcat,
1333 5415 1351 5447 ι
1400 5414 1652 5468 congrege
1701 5416 1720 5451 ι
1788 5395 1835 5453 et
1899 5419 1916 5450 ι
1965 5399 2342 5468 ατειιηιιιιοςι
2400 5397 2536 5451 unde
2595 5395 3033 5468 ᾶλιζμᾳὺιυιάε,
3070 5398 3375 5451 cumulate:
3415 5414 3432 5445 ι
3471 5398 3610 5449 altas

379 5480 397 5511 ο
440 5469 495 5518 in
522 5468 730 5529 pulvere
758 5465 980 5537 volutor,
1002 5464 1208 5534 pulvere
1231 5464 1605 5537 inquinor,'lu'
1623 5469 1835 5536 pulvere
1865 5467 2071 5533 luctor;
2116 5488 2135 5520 ι
2195 5467 2333 5521 unde
2362 5470 2395 5537 ή
2420 5468 2583 5529 ἄλως,
2619 5476 2665 5520 et
2693 5469 2725 5535 ἡ

2756 5466 2916 5529 ἀλῶν,
2966 5486 2989 5517 ι
3018 5483 3166 5528 area,
3204 5484 3223 5517 ο
3254 5468 3306 5518 iu
3334 5482 3437 5535 qua
3458 5474 3614 5535 spica

373 5545 749 5589 conseri-antur
775 5544 823 5587 et
866 5534 1189 5589 volutantur.
1226 5536 1508 5605 Signiﬁcat
1542 5534 1687 5597 item.
1725 5558 1743 5590 ι
1779 5542 1891 5592 sale
1908 5555 2215 5605 consperge,
2258 5557 2275 5588 ι
2309 5546 2358 5590 et
2384 5534 2419 5586 ἰ
2450 5538 2658 5589 condio.
2709 5534 2727 5588 ι
2768 5535 2908 5588 Hinc
2940 5538 3285 5603 compositum
3320 5534 3610 5594 συναλίζο-

378 5619 498 5671 μαι,
527 5620 547 5677 ι
576 5604 737 5655 simul
765 5613 884 5677 utor
903 5606 1036 5667 sale,
1062 5604 1243 5659 eadem
1275 5607 1353 5659 uti
1377 5604 1577 5671 rnensa,
1600 5626 1637 5677 is
1671 5609 1809 5677 quod
1854 5618 1996 5663 vetus
2042 5604 2305 5675 interpres
2351 5625 2370 5659 ι
2403 5606 2635 5677 convesci
2675 5624 2693 5657 ν
2724 5607 2865 5677 dixit
2890 5611 2912 5677 ξ
2942 5621 3114 5675 quem,
3155 5613 3333 5677 utpote
3395 5618 3611 5671 praptus

382 5670 703 5747 accedentem
735 5672 812 5749 ad_
828 5670 1305 5749 interpretationem
1348 5670 1731 5749 (IteOpltylact'i.
1774 5695 1867 5749 ego
1900 5693 2100 5746 quoque
2132 5670 2337 5749 sequor.

2435 5676 2482 5709 ⁸³
2514 5673 2827 5731 Addendum
2871 5672 3007 5745 forte
3037 5672 3427 5745 παρήγγειλεν,
3464 5679 3601 5743 quod

378 5740 631 5808 interpres
662 5742 933 5809 supplevit.
966 5740 972 5742 ⁷
1010 5745 1057 5776 ⁸⁸
1084 5745 1169 5803 la.
1198 5744 1326 5809 reb;
1367 5740 1572 5813 ξένάοςξ
1607 5748 1655 5781 ⁸⁸
1682 5740 1875 5818 πέμξιιῃ
1909 5740 2044 5802 erat.
