4068 6210
453 338 559 410 509

1193 343 1596 408 EXPOSITIO
1624 348 1706 409 IN
1744 349 1935 410 ACTA
1968 299 2543 418 APOS'i‘OLORUM.
2584 381 2651 392 --
2682 359 2843 419 CAP.
2883 360 2936 421 Ι.

3598 365 3702 432 διο

457 455 627 527 μυρία
650 452 805 511 ἄλλα.
831 446 1102 508 Οὐδὲνοῦν
1127 454 1328 509 κωλύει
1356 457 1499 510 κατὰ
1518 456 1617 527 τὴν
1641 458 1895 529 ποικίλην
1928 459 2018 513 καὶ

2136 460 2308 520 Potest
2341 475 2522 521 autem
2585 469 2743 523 aliter
2791 483 3012 539 quoque
3066 468 3196 533 dici,
3245 469 3591 529 donationem
3622 478 3702 532 vi-

452 546 734 617 πολυμερῆ
747 544 841 599 τοῦ
873 544 1189 616 Πνεύματος
1217 546 1502 618 διανομὴν,
1531 548 1805 619 διαφόρως
1826 551 2024 613 αὐτοὺς

452 640 549 693 καὶ
601 638 703 707 τὴν
754 636 849 690 τοῦ
878 637 1036 705 ἁγίου
1095 636 1409 707 Πνεύματος
1438 638 1599 708 χάριν
1638 639 1929 706 δέξασθαι’
1984 642 2019 711 ή

454 730 641 799 μέντοι
689 728 872 782 τελεία
928 728 1022 781 καὶ
1073 728 1422 792 τελειοποιὺς,
1464 729 1607 783 ὥστε
1660 732 1756 784 καὶ
1804 731 2024 803 ἐτέρους

448 821 797 873 τελειοποιεϊν
826 818 920 872 τοῦ
950 818 1262 888 Πνεύματος
1285 822 1397 882 τοῖς
1428 821 1745 884 ἀποστόλοις
1785 823 2003 890 ἐπιφοί-

449 927 630 980 τησις,
688 910 830 963 κατὰ
880 910 972 962 τὸν
1022 910 1214 979 καιρὸν
1236 913 1335 980 τῆς
1372 913 1751 982 Πεντήκοστῆς
1776 913 2020 982 γέγονεν’

450 1000 541 1052 ὅτε
567 998 662 1051 καὶ
686 1000 746 1051 ὲν
798 997 933 1051 εῖδει
962 997 1224 1066 γλωσσῶν
1256 1000 1438 1063 αὐτοῖς
1461 1001 1705 1072 πυρίνων
1739 1004 2020 1071 ἐπιφανὲν,

453 1091 580 1159 δλης
635 1088 798 1144 αὐτοῦ
850 1090 950 1159 τῆς
1002 1091 1285 1161 ἐναργείας
1323 1092 1607 1161 ἐνέπλησε.
1640 1093 1739 1146 Διὰ
1783 1095 1941 1147 τοῦτο
1968 1096 2023 1148 δὲ

453 1182 612 1243 αὐτὸς
643 1178 876 1247 ἀπέστη,
915 1181 1009 1234 καὶ
1038 1182 1215 1234 ἐκεῖνο
1239 1183 1357 1234 τότε
1388 1179 1519 1254 ἦλθε
1543 1200 1558 1215 ’
1589 1186 1681 1237 καὶ
1712 1185 1856 1249 τότε,
1905 1186 2026 1240 οὐδὲ

453 1273 657 1335 εὐθέως
682 1288 697 1303 ⁸
758 1272 845 1325 ἵνα
875 1274 933 1324 ὲν
963 1272 1232 1344 ἐπιθυμίᾳ
1283 1274 1588 1344 γενόμενοι,
1651 1276 1793 1329 οὕτω
1819 1276 2026 1332 λάϐωσι

452 1363 551 1434 τὴν
578 1363 759 1433 χάριν.
786 1364 849 1415 Εἰ
879 1362 934 1415 δὲ
963 1364 1231 1433 παρόντος
1289 1365 1500 1418 ἐκείνου
1550 1366 1612 1418 τὸ
1643 1366 1868 1436 Πνεῦμα
1896 1367 2024 1420 ἑπέ-

455 1471 555 1535 στη
578 1471 592 1485 ο
627 1456 724 1507 καὶ
756 1456 785 1507 ό
821 1454 920 1524 μὲν
969 1453 1202 1523 ἀπῆλθε,
1234 1454 1295 1507 τὸ
1327 1455 1384 1508 δὲ
1407 1455 1644 1525 ἔμεινεν,
1678 1460 1777 1510 οὐκ
1798 1452 1865 1529 ἦν
1896 1475 2026 1511 τοσ-

453 1542 610 1596 οῦτον
663 1543 761 1612 τῆς
819 1541 1198 1612 παραμυθίας.
1261 1542 1373 1595 Καὶ
1436 1544 1545 1613 γὰρ
1598 1546 1808 1615 σφόδρα
1857 1545 2023 1599 αὐτοῦ

452 1633 922 1694 δυσαποσπάστως
994 1627 1261 1703 εἶχον’διό
1315 1634 1489 1688 ἄνεισι
1543 1634 1641 1687 καὶ
1669 1635 1790 1687 οὐδὲ
1821 1635 2025 1700 εὐθέως

455 1726 711 1795 ἐπιφοιτᾷ
740 1724 800 1777 τὸ
830 1723 1086 1794 Πνεῦμα·
1120 1724 1206 1777 ἵνα
1231 1723 1326 1777 καὶ
1381 1725 1576 1796 μικρὸν
1617 1725 2023 1797 ἀθυμήσαντες,

456 1817 550 1869 καὶ
582 1817 638 1875 ὲν
664 1814 927 1885 ἐπιθυμίᾳ
980 1816 1076 1867 καὶ
1128 1816 1289 1886 χρείᾳ
1346 1816 1445 1885 τῆς
1503 1817 1836 1885 ἐπαγγελίας
1862 1836 2029 1871 κατα-

457 1906 699 1969 στάντες,
748 1904 995 1974 καθαρὰν
1048 1905 1144 1956 καὶ
1195 1906 1611 1975 ἀπηρτισμένην
1646 1906 1906 1971 δέξωνται
1930 1908 2029 1977 τὴν

456 1997 548 2050 ἐπὶ
572 1997 638 2065 τῇ
681 1996 958 2065 παρουσίᾳ
1005 1995 1221 2065 ἡδονήν.
1253 1994 1462 2060 Ἀλλως
1481 1996 1559 2062 δὲ,
1585 1997 1693 2049 ἔδει
1718 2000 1775 2049 ὲν
1808 1998 2024 2067 οὐρανῷ

459 2086 693 2155 φανῆναι
747 2086 847 2155 τὴν
901 2086 1177 2158 ἡμετέραν
1223 2088 1503 2156 φύσινκαὶ
1534 2088 1631 2151 τὰς
1677 2089 2026 2156 καταλλαγὰς

460 2178 705 2245 γενέσθαι
739 2178 1178 2250 ἀπηρτισμένας,
1210 2179 1305 2232 καὶ
1349 2179 1469 2232 τότε
1495 2180 1667 2233 ἐλθεῖν
1694 2180 1755 2233 τὸ
1779 2180 2025 2251 Πνεῦμα.

461 2268 661 2322 Σκόπει
690 2268 768 2332 δὲ,
798 2267 995 2338 ήλίκην
1044 2270 1228 2332 αὐτοῖς
1258 2270 1501 2338 ἀνάγκην
1535 2271 1802 2339 ἐπέθηκεν
1830 2273 1887 2324 ὲν
1932 2272 2029 2327 Ἱε-

461 2358 787 2430 ροσολύμοις
821 2358 1006 2429 μένειν
1033 2360 1225 2412 διὰτοῦ
1258 2360 1593 2430 ὑποσχέσθαι
1613 2378 1626 2391 ·
1663 2362 1751 2414 ἵνα
1780 2362 1888 2432 γὰρ
1921 2363 2028 2416 πά-

462 2450 546 2503 λιν
606 2451 747 2521 μετά
781 2451 882 2521 τὴν
938 2450 1205 2521 ἀνάληψιν
1236 2452 1311 2523 μὴ
1341 2452 1576 2522 φύγωσι,
1627 2455 1694 2524 τῇ
1729 2454 2031 2526 προσδοκίᾳ

462 2540 656 2611 ταύτῃ,
685 2541 937 2612 καθάπερ
962 2543 1068 2595 ’τινὶ⁹
1095 2543 1299 2613 δεσμῷ,
1336 2545 1558 2613 κατέχει
1588 2545 1799 2609 πάντας
1832 2547 2031 2606 αὐτοὺς

465 2633 662 2694 ἐκεῖσε,
698 2631 792 2704 ,διὰ
844 2633 954 2686 τῶν
1010 2634 1388 2704 χρηστοτέρων
1438 2635 1671 2688 ἐλπίδων
1727 2638 2030 2707 κεχηνέναι

468 2720 638 2774 ποιῶν
658 2722 853 2785 αὐτοὺς
885 2722 964 2792 τῷ
992 2724 1172 2793 ἀδήλῳ
1211 2724 1318 2777 τῶν
1349 2726 1748 2795 ἐπηρτημένων
1778 2729 2027 2784 ἐλπίδων.

468 2812 580 2864 Οὐκ
606 2811 673 2866 ἄν
695 2812 750 2864 δέ
773 2828 860 2875 τις
907 2813 1166 2883 ἁμάρτοι,
1220 2813 1313 2866 καὶ
1364 2814 1485 2867 τότε
1525 2816 1806 2886 είληφέναι
1831 2818 2032 2883 αὐτοὺς

470 2900 642 2969 λέγων
703 2902 950 2969 ἐξουσίαν
992 2903 1113 2956 τινὰ
1159 2904 1253 2956 καὶ
1297 2904 1457 2974 χάριν
1507 2909 1903 2978 πνευματικήν
1933 2909 2032 2979 οὐχ

470 2997 611 3051 ὥστε
639 2999 868 3066 νεκροὺς
904 2997 1165 3066 ἐγείρειν,
1202 2998 1318 3050 ἀλλ’
1350 2997 1492 3052 ὥστε
1520 3000 1743 3067 ἀφιέναι
1776 3003 2026 3073 ἁμαρτή-

2054 1787 2102 1845 Β

2127 554 2329 612 delicet
2394 556 2635 628 Spiritus
2686 562 2892 616 variam
2926 561 3219 630 quamdam
3278 563 3587 632 multasque
3643 567 3700 622 in

2127 654 2312 714 partes
2350 662 2473 702 esse
2503 648 2885 704 distributam.
2920 649 3051 704 Nam
3085 650 3189 703 alia
3217 651 3439 719 quidem
3477 654 3580 707 vim
3603 654 3701 709 lia-

2126 739 2215 793 bet
2249 738 2521 808 expiandi,
2571 742 2676 794 alia
2706 757 2833 796 vero
2868 740 3177 795 facultatem
3207 745 3625 799 consummandi
3673 763 3688 798 :

2125 829 2404 897 atquealia
2437 822 2656 898 quidem
2679 840 2984 892 consecrat,
3033 829 3136 881 alia
3174 844 3304 882 vero
3340 836 3698 887 consecrandi

2112 921 2175 975 .vi
2206 919 2463 987 praeditos
2510 918 2713 973 efﬁcit:
2748 922 2858 973 alia
2888 920 3106 989 quidem
3143 920 3354 988 linguas
3373 925 3697 993 suppeditat,

2125 1010 2237 1065 alia
2289 1025 2419 1065 vero
2444 1010 2827 1079 prophetiam:
2878 1011 2984 1063 alia
3051 1010 3269 1078 quidem
3308 1012 3694 1069 miraculorum

2124 1101 2495 1163 efﬁcientiam,
2569 1101 2675 1154 alia
2720 1116 2849 1153 vero
2882 1101 3390 1168 interpretationem
3452 1104 3695 1171 praebet:

2126 1204 2293 1263 atque
2315 1196 2428 1249 "alia
2462 1205 2744 1250 sexcenta.
2779 1191 2924 1246 Nihil
2961 1193 3125 1261 igitur
3162 1202 3329 1254 vetat,
3356 1204 3515 1261 prout
3549 1195 3694 1247 varia

2127 1297 2213 1342 est
2261 1302 2325 1341 ac
2355 1287 2410 1341 in
2463 1287 2661 1340 multas
2690 1293 2873 1355 partes
2939 1285 3107 1338 divisa
3155 1284 3370 1353 largitio
3434 1283 3693 1352 Spiritus,

2124 1378 2287 1433 etiam
2321 1376 2550 1431 diversis
2586 1376 2759 1430 modis
2789 1374 2908 1428 illos
2940 1375 3168 1444 gratiam
3226 1373 3401 1427 sancti
3459 1373 3696 1443 Spiritus

2126 1467 2418 1537 accepisse.
2473 1465 2753 1521 Perfectus
2827 1474 3006 1519 tamen
3057 1465 3165 1531 ille,
3225 1477 3287 1517 ac
3334 1462 3696 1533 perfectorum

2126 1560 2369 1624 effector,
2397 1560 2489 1629 qui
2512 1560 2675 1613 etiam
2705 1558 2842 1612 alios
2864 1557 3132 1626 perfectos
3193 1557 3422 1611 reddere
3457 1563 3696 1624 poterat,

2126 1651 2194 1706 ad
2227 1650 2505 1720 apostolos
2559 1648 2798 1717 Spiritus
2830 1648 3003 1701 sancti
3037 1646 3301 1714 appulsus
3345 1654 3400 1699 et
3448 1661 3701 1700 accessura

2130 1739 2329 1796 accidit
2360 1740 2415 1792 in
2456 1747 2700 1806 tempore
2730 1735 3116 1788 Pentecosles:
3181 1733 3401 1802 quando
3455 1734 3617 1787 etiam
3644 1733 3700 1787 in

2129 1831 2184 1899 9
2208 1830 2389 1899 specie
2422 1829 2731 1896 linguarum
2765 1827 3045 1896 iguearum
3072 1839 3195 1878 cum
3225 1826 3307 1878 eis
3340 1825 3701 1893 apparuisset.

2133 1926 2244 1971 tota
2278 1932 2376 1971 sua
2424 1916 2549 1970 illos
2577 1915 2873 1970 efﬁcientia
2926 1913 3182 1982 replevit.
3250 1913 3462 1969 idcirco
3521 1922 3701 1968 autem

2130 2003 2405 2067 discessit,
2437 2010 2491 2058 et
2543 2002 2632 2055 illc
2678 2010 2807 2055 tunc
2840 2000 2989 2054 venit
3026 2017 3041 2054 :
3093 2009 3147 2054 et
3179 2008 3330 2064 tunc,
3369 2015 3474 2052 non
3518 2010 3700 2053 autem

2129 2093 2338 2158 statim,
2377 2103 2434 2146 ut
2458 2092 2637 2160 cupidi
2671 2091 2871 2156 effecti,
2906 2091 2980 2143 ita
3014 2089 3230 2143 tandem
3285 2089 3516 2159 gratiam
3554 2089 3705 2140 acci-

2131 2193 2341 2256 perent.
2395 2185 2549 2249 Quod
2595 2184 2640 2237 si
2676 2191 2941 2252 praesente
2985 2183 3077 2236 illo
3151 2180 3394 2248 Spiritus
3439 2194 3697 2247 superve-

2130 2277 2325 2341 nisset,
2353 2284 2408 2329 et
2455 2275 2547 2328 ille
2569 2274 2787 2342 quidem
2819 2274 3066 2337 abiisset,
3095 2271 3186 2325 hic
3223 2286 3351 2325 vero
3380 2274 3698 2335 mansisset,

2131 2384 2237 2421 non
2274 2376 2419 2420 tanta
2450 2367 2758 2420 consolatio
2785 2363 2996 2419 fuisset.
3037 2363 3250 2417 Etenim
3305 2362 3597 2416 admodum
3635 2362 3703 2417 ab

2130 2458 2224 2511 illo
2263 2456 2418 2510 inviti
2455 2455 2869 2519 divellebantur,
2910 2454 3115 2507 idcirco
3153 2453 3427 2516 ascendit,
3494 2467 3558 2506 ac
3594 2467 3697 2505 nec

2133 2548 2378 2622 protinus
2417 2548 2637 2602 adveth
2670 2544 2925 2615 Spiritus,
2983 2553 3041 2597 ut
3084 2556 3137 2598 et
3168 2558 3459 2612 parumper
3495 2543 3704 2597 contri-

2131 2643 2279 2705 stati,
2333 2653 2383 2696 et
2436 2640 2616 2707 cupidi
2675 2640 2799 2694 facti
2824 2646 2988 2707 atque
3034 2636 3419 2707 promissionis
3451 2645 3702 2703 egentes.

2131 2746 2267 2801 puro
2309 2738 2475 2799 atque
2529 2727 2772 2797 perfecto
2812 2736 3029 2797 propter
3063 2726 3411 2795 praesentiam
3462 2724 3703 2794 Spiritus

2132 2820 2331 2891 gaudio
2360 2819 2702 2875 fruerentur.
2736 2822 2911 2887 Atque
2962 2818 3203 2885 alioquin
3243 2818 3410 2872 etiam
3460 2817 3514 2870 in
3565 2816 3705 2870 coelo

2132 2921 2374 2966 nostram
2465 2919 2716 2963 naturam
2765 2924 3049 2979 apparere,
3117 2907 3707 2975 reconciliationesque

2134 3001 2403 3071 perfectas
2427 3001 2567 3068 fieri,
2604 2999 2667 3055 ac
2694 3010 2824 3054 tunc
2858 3002 3043 3053 venire
3098 2999 3362 3068 Spiritum
3398 2996 3704 3065 oportebat.

471 3106 638 3158 ματα.
680 3088 770 3142 Διδ
793 3088 889 3141 καὶ
919 3090 1196 3159 ἐπήγαγεν
1221 3104 1237 3119 ’
1256 3082 1359 3143 Ὧν
1385 3092 1559 3162 ἀφῆτε
1591 3092 1688 3154 τὰς
1726 3093 2026 3164 ἁμαρτίας,

2136 3092 2271 3148 Vide
2308 3100 2590 3162 quautam.
2644 3106 2715 3146 es
2763 3090 3156 3159 Hierosolymis
3183 3087 3436 3142 manendi
3468 3101 3561 3156 per
3582 3099 3710 3155 pro-

464 3180 717 3248 άφίενται
774 3180 956 3241 αὐτοῖς
977 3221 993 3247 ,
1027 3182 1124 3234 καὶ
1162 3182 1231 3235 τά
1258 3181 1405 3253 ἑξῆς,
1433 3183 1648 3246 δεικνὺς
1673 3185 1856 3236 ὁποῖον
1888 3179 2031 3245 εἶδος

468 3270 749 3340 ἐνεργείας
788 3269 990 3325 δίδωσι.
1013 3271 1129 3325 Νὗν
1153 3273 1252 3340 μὲν
1286 3274 1392 3343 γὰρ
1415 3273 1587 3344 ταύτῃ
1624 3272 1943 3344 περιϐάλλει
1965 3275 2030 3343 τῇ

467 3361 732 3431 δυνάμειο
781 3362 919 3432 μετὰ
966 3361 1023 3416 δὲ
1082 3363 1494 3434 τεσσαράκοντα
1529 3365 1744 3436 ἡμέρας
1772 3365 1873 3436 τὴν
1925 3367 2033 3420 τῶν

470 3453 710 3523 σημείων
731 3453 1014 3523 ἐνέργειαν
1060 3453 1308 3526 παρέχει.
1343 3456 1432 3510 Διό
1465 3473 1624 3528 φησι·
1651 3457 1906 3529 Δήψεσθε
1938 3458 2034 3513 δύ-

469 3558 655 3610 ναμιν,
677 3542 770 3596 καὶ
793 3543 861 3596 τὰ
881 3542 1031 3610 ἑξῆς.

2138 3183 2458 3239 missionem
2491 3182 2812 3251 imposuerit
2838 3182 3239 3235 necessitatem.
3270 3178 3404 3231 Nam
3436 3194 3503 3231 ne
3518 3190 3708 3231 rursus

2135 3274 2387 3347 fugerent
2440 3284 2563 3344 post
2599 3274 3060 3343 assuutptionem,
3126 3271 3228 3325 hac
3278 3268 3708 3338 exspectatione,

2145 3368 2303 3438 quasi
2373 3367 2589 3421 vinculo
2647 3367 2882 3434 quodam
2942 3378 3135 3419 omnes
3184 3376 3278 3417 eos
3330 3348 3535 3414 detinet
3583 3359 3697 3412 illic

2135 3475 2232 3531 per
2269 3473 2419 3529 spem
2459 3473 2639 3512 rerum
2661 3457 3117 3519 commodiorum,
3140 3455 3358 3509 incertae
3374 3453 3488 3522 spei
3528 3466 3709 3505 rerum

2137 3562 2525 3619 suspensarum
2571 3561 2667 3601 eos
2718 3546 2928 3600 faciens
2988 3543 3219 3598 inhiare.
3282 3544 3549 3597 Caeterum
3600 3554 3711 3593 non

470 3636 864 3703 peccaverit,si
904 3637 1029 3706 quis
1080 3634 1463 3703 dicat,etiam
1521 3649 1650 3695 tunc
1700 3639 1825 3694 illos
1872 3640 2157 3709 accepisse
2176 3643 2464 3709 quamdam
2527 3646 2848 3707 potestatem
2919 3623 3009 3690 ae’
3042 3636 3271 3705 gratiam
3330 3632 3713 3703 spiritualem:

469 3743 578 3782 non
603 3738 658 3782 ut
679 3737 921 3784 mortuos
944 3728 1356 3794 resuscitarent,
1380 3730 1475 3786 sed
1532 3741 1590 3785 ut
1645 3739 1863 3800 peccata
1894 3732 2255 3786 remitterent.
2283 3729 2649 3796 Quamobrem
2718 3726 2882 3781 etiam
2910 3726 3191 3793 subiunxit
3222 3742 3236 3778 :
3277 3722 3518 3790 Quorum
3548 3724 3711 3776 remi-

471 3829 658 3885 Scritis
692 3839 937 3898 peccata,
994 3830 1345 3883 remittuntur
1403 3826 1501 3886 eis.
1561 3836 1694 3892 etc.,
1738 3840 1932 3894 nempe
1988 3826 2306 3888 ostendens,
2389 3837 2553 3893 quam
2631 3822 2867 3890 speciem
2936 3819 3247 3876 efficientia:
3322 3817 3497 3872 daret.
3578 3815 3715 3870 Nam

479 3931 610 3975 tunc
684 3921 902 3990 quidem
991 3902 1113 3974 eos.
1147 3918 1240 3972 illa
1296 3922 1566 3988 potestate
1593 3915 1850 3984 praeditos
1905 3914 2115 3978 efficit,
2159 3914 2254 3969 sed
2322 3922 2447 3984 pust
2520 3910 2882 3981 quadraginta
2964 3911 3083 3965 dies
3140 3908 3415 3979 signorum
3472 3905 3712 3960 efficien-

476 4011 604 4063 tiam
659 4009 882 4080 praabet.
944 4007 1308 4074 Quamobrem
1371 4005 1506 4060 dicit
1540 4005 1880 4074 :Accipietis
1929 4005 2213 4069 virtutem,
2241 4014 2348 4058 etc.

545 4147 676 4199 Ὀτι
716 4143 1000 4211 Ἰωάννης
1029 4140 1147 4211 μὲν
1176 4141 1497 4195 ἐϐάπτισεν
1542 4141 1714 4194 ὕδατι
1735 4155 1748 4169 ’
1786 4139 1953 4209 ὑμεῖς
1973 4139 2043 4193 δὲ

471 4234 969 4301 ,ϐαπτισθήσεσθε
1008 4234 1078 4285 ἐν
1103 4234 1401 4301 Πνεύματι
1425 4232 1591 4300 ἁγίῳ,
1624 4234 1696 4285 οὺ
1717 4231 1867 4299 μετὰ
1889 4234 2038 4283 πολ-

475 4325 591 4391 λὰς
617 4325 836 4388 ταύτας
864 4322 1108 4390 ἡμέρας.

2221 4139 2383 4194 Vens.
2408 4138 2462 4192 5.
2488 4136 2751 4200 Quoniam
2766 4134 3002 4189 Joannes
3018 4133 3227 4204 quidem
3246 4147 3383 4199 aqua
3410 4128 3709 4194 baptizavit.

2147 4247 2235 4285 vos
2255 4240 2426 4283 autem
2453 4226 2854 4295 baptizabimiui
2879 4226 3282 4295 Spiritusancto
3308 4229 3423 4290 post
3440 4220 3592 4273 hosce
3606 4218 3714 4272 dies

2147 4320 2288 4374 haud
2318 4321 2551 4374 multos..
3516 4326 3523 4329 ’

551 4453 733 4507 Εἰπὼν
771 4453 1088 4524 περιμένειν
1135 4452 1233 4524 τὴν
1295 4451 1629 4521 ἐπαγγελίαν
1654 4449 1748 4505 τοῦ
1806 4450 2033 4521 Πατρός⁴

2219 4455 2354 4509 Cum
2385 4455 2637 4521 dixisset,
2667 4463 2726 4509 ut
2751 4458 3129 4523 exspectarent
3157 4448 3488 4518 promissum
3515 4445 3716 4508 Patris,

483 4545 586 4597 Ἦν
638 4543 910 4613 ἠκούσατέ
965 4560 1090 4612 μου,
1157 4544 1471 4611 ἐπήγαγεν,
1527 4544 1608 4595 ὅτι
1638 4542 1893 4613 Ἰωάννης
1949 4542 2046 4612 μὲν

478 4635 767 4688 ἐϐάπτισεν
801 4632 973 4700 ὕδατι,
1037 4633 1132 4687 καὶ
1160 4632 1228 4686 τὰ
1264 4633 1390 4702 ἑξῆς
1422 4649 1436 4663 ⁶
1471 4633 1567 4686 καὶ
1595 4632 1833 4686 δείκνυσι
1862 4632 2047 4686 λοιπὸν

477 4726 538 4779 τὸ
581 4727 742 4795 μέσον
783 4724 946 4778 αὑτοῦ
994 4741 1054 4777 τε
1086 4726 1180 4777 καὶ
1220 4725 1314 4776 τοῦ
1353 4724 1598 4778 Ἰωάννου
1637 4725 1907 4793 φανερῶς,
1951 4725 2048 4777 καὶ

476 4818 681 4879 οὐκέτι,
712 4816 786 4880 ὡς
816 4816 923 4887 πρὸ
952 4815 1140 4870 τούτου
1188 4816 1682 4885 συνεσκιασμένως,
1715 4817 1790 4880 ὡς
1815 4817 1901 4869 ὅτε
1930 4816 2046 4869 ἐλε-

475 4924 602 4976 γεν’
643 4907 703 4961 '0
736 4908 792 4961 δὲ
819 4907 1144 4977 μικρότερος
1172 4908 1230 4960 ἐν
1263 4908 1329 4976 τῇ
1367 4905 1615 4977 βασιλείᾳ
1641 4905 1749 4959 τῶν
1804 4906 2048 4975 οὐρανῶν

480 4998 682 5071 μείζων
715 4998 880 5052 αὐτοῦ
913 5000 1027 5052 ἐστι
1062 5013 1076 5029 ’
1107 4996 1202 5049 νῦν
1239 4997 1296 5050 δὲ
1339 4996 1589 5068 φανερῶς
1619 5014 1783 5065 φησιν
1806 5012 1821 5028 ο
1868 4998 2048 5051 Ἰωάν-

476 5105 577 5158 νης
609 5088 708 5157 μὲν
740 5088 1033 5141 ἐϐάπτισεν
1073 5085 1227 5142 ὕδατι
1259 5102 1273 5117 ·
1319 5085 1475 5155 ὑμεῖς
1519 5086 1576 5139 δὲ
1616 5085 2048 5157 βαπτισθήσεσθε
2079 5156 2092 5169 .

475 5181 536 5232 ὲν
571 5179 849 5249 Πνεύματι
888 5177 1027 5246 ἁγίῳ
1053 5194 1067 5208 ’
1118 5178 1213 5230 καὶ
1243 5176 1513 5230 δείκνυσιν
1551 5176 1745 5239 αὐτοὺς
1792 5177 1891 5247 ἤδη
1927 5176 2046 5246 μεί-

476 5266 604 5330 ζους
629 5267 1030 5337 γεγενημένους
1071 5264 1337 5330 Ἰωάννου,
1372 5264 1487 5333 είγε
1522 5266 1617 5318 καὶ
1645 5266 1797 5319 αὐτοὶ
1824 5266 2048 5335 ἔμελλον

478 5358 760 5429 βαπτίζειν
784 5360 840 5410 ὲν
864 5356 1138 5427 Πνεῦματι
1170 5356 1328 5425 ἁγίῳ.
1361 5355 1476 5407 Οὐκ
1524 5351 1646 5408 εἷπε
1689 5356 1767 5418 δὲ,
1791 5356 2048 5412 Βαπτίσω

480 5451 626 5519 ipsi;
684 5452 742 5502 ὲν
800 5447 1077 5518 Πνεύματι
1132 5447 1314 5518 ἀγίῳ⁶
1376 5446 1530 5510 ἀλλὰ,
1578 5448 2043 5519 Βαπτισοήσεσθε,

478 5539 758 5610 πανταχοῦ
807 5541 907 5609 τῆς
943 5537 1444 5608 ταπεινοφροσύνης
1480 5538 1653 5607 μέτρα
1699 5540 1794 5592 καὶ
1843 5540 2048 5604 τύπους

479 5632 911 5700 καταλιμπάνων
969 5633 1138 5703 ἡμῖν·
1196 5632 1356 5684 τοῦτο
1414 5631 1522 5700 γὰρ
1566 5631 1752 5685 λοιπὸν
1799 5633 1908 5686 ἀπὸ
1949 5634 2048 5702 τῆς

482 5721 789 5793 μαρτυρίας
830 5720 1078 5776 Ἰωάννου
1101 5720 1258 5792 δῆλον
1288 5716 1375 5792 ἦν,
1404 5721 1485 5774 ὅτι
1516 5721 1675 5786 αὐτὸς
1702 5718 1775 5793 ἦν
1799 5724 1826 5776 ό
1851 5722 2045 5793 βαπτί-

2148 4546 2217 4602 de
2239 4562 2346 4615 quo
2368 4561 2435 4600 ex
2461 4546 2899 4615 ipsoaudisseut,
2961 4542 3282 4609 subiunxit:
3316 4539 3448 4593 Nam
3483 4537 3713 4593 Joannes

2149 4637 2365 4707 quidem
2394 4651 2535 4704 aqua
2579 4637 2880 4705 baptizavit
2913 4650 2929 4700 ;
2960 4642 3069 4689 etc.
3137 4647 3199 4687 ac
3258 4632 3537 4699 deinceps,
3589 4629 3718 4699 quid

2149 4730 2290 4782 inter
2330 4727 2504 4795 ipsum
2580 4735 2637 4780 et
2703 4725 2967 4779 Joannem
3032 4726 3342 4788 interesset,
3402 4730 3588 4791 aperte
3625 4721 3711 4775 de-

2149 4825 2435 4880 monstrat,
2468 4825 2523 4871 et
2548 4832 2654 4871 non
2678 4816 2934 4886 amplius,
2958 4824 3019 4870 ut
3044 4819 3304 4879 antehac,
3328 4823 3468 4867 tecte
3489 4822 3543 4866 et
3563 4809 3717 4880 quasi

2149 4909 2250 4962 sub
2308 4906 2499 4961 umbra
2556 4922 2570 4958 :
2621 4905 3080 4978 quemadmodum
3142 4921 3267 4959 cum
3330 4900 3719 4959 diceret:Sed

2153 5000 2245 5070 qui
2293 4998 2472 5054 minor
2498 5004 2581 5053 est
2610 4998 2662 5051 in
2710 5012 2877 5067 regno
2910 4997 3201 5062 cmlorum,
3251 4996 3426 5065 major
3471 5002 3556 5048 est
3606 4993 3715 5051 illo,

2150 5089 2306 5143 Nunc
2338 5098 2519 5142 autem
2572 5099 2757 5156 aperte
2803 5088 2984 5142 dicit:
3021 5086 3257 5142 Joannes
3303 5087 3525 5152 quidem
3578 5097 3717 5148 atina

2152 5182 2446 5251 baptizavit
2477 5196 2491 5232 :
2525 5196 2620 5235 vos
2688 5188 2868 5233 autem
2930 5179 3335 5249 baptizabimini
3365 5175 3569 5243 Spiritu
3592 5186 3717 5224 san-

2150 5283 2239 5328 cto
2270 5280 2362 5338 ;et
2392 5272 2635 5327 ostendit
2671 5269 2795 5325 illos
2814 5269 2926 5339 jam
2950 5270 3184 5337 majores
3208 5265 3449 5322 evasisse
3463 5260 3672 5316 Joanne
3699 5299 3716 5324 ,

2152 5362 2195 5418 si
2234 5361 2453 5431 quidem
2497 5360 2598 5429 ipsi
2635 5375 2856 5429 quoque
2907 5357 3234 5427 baptizaturi
3303 5359 3460 5407 erant
3509 5349 3717 5418 Spiritu

2152 5459 2363 5505 sancto.
2414 5444 2533 5500 Non
2565 5446 2704 5500 dixit
2749 5456 2959 5509 autetn,
3028 5440 3322 5508 Baptizalio
3351 5453 3449 5493 vos
3510 5436 3717 5509 Spiritu

2152 5548 2343 5596 sancto
2377 5556 2392 5598 :
2429 5539 2548 5603 sed,
2588 5535 3025 5607 Baptizabimiui,
3057 5534 3254 5599 ubique
3281 5531 3446 5583 animi
3498 5532 3716 5586 demissi

2151 5630 2472 5685 modestiam
2500 5636 2553 5683 et
2585 5627 2891 5695 exemplum
2952 5623 3112 5677 nobis
3181 5622 3519 5691 relinquens.
3575 5621 3711 5675 Nam

2154 5720 2204 5774 id
2246 5719 2356 5789 jam
2405 5727 2536 5772 tunc
2568 5716 2825 5785 deinceps
2855 5730 2917 5770 ex
2948 5712 3179 5770 Joannis
3214 5715 3536 5770 testimonio
3563 5731 3701 5770 con~
