4068 6210
340 361 442 429 511

339 477 520 534 stabat
550 484 603 530 et
628 471 892 542 liquebat,
920 468 1098 536 ipsum
1135 463 1564 525 videlicet'esse,
1614 460 1739 531 ‘qui‘
1772 457 1909 524 bap-
1939 459 1987 516 Α

341 571 539 623 tizaret
577 584 592 618 :
636 564 759 632 Ipse
785 559 929 614 enim
977 572 1078 613 nos
1120 556 1417 627 baptizabit
1451 553 1661 624 Spiritu
1720 557 1913 606 sancto

340 670 395 715 et
425 660 568 730 igne.
593 655 699 710 Sed
735 653 829 724 qui
887 651 1046 713 dixit.
1104 648 1488 720 Baptizamini,
1539 662 1642 702 seu
1687 643 1912 712 perium

341 749 562 813 demini,
613 761 737 801 cum
775 758 915 813 aqua
946 743 1000 796 in
1036 741 1318 797 caenaculo
1368 755 1478 794 non
1541 739 1734 793 esset?
1776 734 1913 799 Quia

342 841 550 908 majore
602 836 656 890 vi
712 850 777 889 ac
823 839 1094 903 potestate
1161 831 1404 901 Spiritus
1465 829 1727 900 praeditus
1786 836 1912 882 est:

340 948 438 1004 per
491 943 652 999 quem
709 928 874 982 etiam
951 939 1092 994 aqua
1140 932 1420 1004 operatur,
1459 921 1914 992 quemadmodum

344 1023 603 1078 nimirum
627 1019 794 1074 etiam
820 1018 937 1087 ipse
965 1015 1167 1070 dicitur
1198 996 1398 1070 unctus
1444 1028 1588 1077 esse,
1618 1027 1740 1066 cum
1774 1026 1914 1065 nus-

344 1127 507 1184 quam
535 1111 655 1165 oleo
677 1116 877 1162 unctus
904 1108 1106 1173 sit,sed
1129 1106 1390 1177 Spiritum
1419 1100 1728 1173 acceperit;
1753 1093 1915 1171 atque

340 1201 584 1271 alioquin
635 1202 739 1270 ιο
764 1201 928 1256 etiam
966 1214 1105 1268 aqua
1147 1198 1413 1267 baptizari
1438 1196 1560 1250 illos
1590 1195 1644 1248 in
1680 1193 1915 1248 diversis

342 1293 683 1363 temporibus
707 1291 934 1362 reperiri
957 1298 1138 1360 potest
1183 1308 1196 1343 :
1237 1304 1362 1343 nam
1389 1288 1443 1341 in
1494 1286 1651 1341 nobis
1678 1294 1918 1354 utraque

342 1387 448 1440 sub
503 1400 672 1440 unum
724 1383 990 1452 temporis
1041 1380 1336 1435 articulum
1400 1378 1598 1434 cadere
1645 1377 1915 1448 possint:

338 1484 475 1531 tunc
504 1489 637 1530 vero
672 1474 903 1528 diversis
919 1472 1082 1526 etiam
1114 1469 1451 1539 temporibus
1484 1484 1546 1523 ac
1579 1466 1869 1538 separatim
1898 1483 1913 1533 ;

340 1581 466 1620 nam
514 1564 669 1618 initio
698 1562 934 1633 apostoli
978 1575 1119 1631 aqua
1146 1558 1405 1628 baptizati
1441 1564 1570 1613 sunt
1591 1559 1657 1612 ab
1683 1557 1914 1622 Joanne,

342 1656 439 1710 sed
497 1663 685 1725 postea
718 1654 880 1708 etiam
909 1651 1113 1721 Spiritu
1144 1656 1358 1705 sancto.
1384 1647 1490 1703 Sed
1526 1663 1627 1704 cur
1651 1648 1916 1703 Dominus

338 1763 451 1803 non
477 1746 638 1801 etiam
658 1745 979 1808 declaravit,
1012 1743 1234 1813 quando
1264 1742 1501 1810 Spiritus
1549 1748 1915 1811 snperventu-
1942 1778 1990 1838 Β

340 1852 439 1892 rus
466 1845 614 1891 esset
645 1852 661 1889 :
693 1835 787 1889 sed
808 1834 1150 1889 solummodo
1183 1834 1282 1898 ait,
1310 1832 1443 1888 Post
1469 1832 1586 1888 dies
1615 1833 1779 1886 hosce
1802 1844 1913 1885 non

341 1929 684 1984 multosYAc
738 1928 868 1982 Post
901 1927 1045 1982 haud
1080 1927 1283 1981 multos
1341 1925 1558 1995 quidem
1600 1925 1673 1977 ait
1708 1923 1913 1977 idcirco

341 2033 411 2072 ne
434 2016 734 2070 inciderent
762 2015 817 2069 in
845 2013 1281 2084 desperationem
1316 2031 1329 2067 :
1393 2014 1486 2069 sed
1529 2021 1774 2081 tempore
1803 2023 1914 2066 sta-

343 2114 482 2167 tuto,
512 2105 759 2176 quando,
802 2118 912 2159 non
940 2104 1100 2169 dixit,
1136 2112 1193 2158 ut
1221 2117 1435 2173 semper
1476 2101 1763 2171 vigilarent
1814 2115 1914 2154 cx-

348 2194 681 2267 spectantes.
707 2194 848 2263 Quid
885 2196 1051 2266 igitur
1103 2195 1413 2257 admiraris,
1455 2194 1501 2249 si
1560 2207 1753 2263 pacem
1781 2209 1915 2249 con-

344 2288 732 2344 summationis
765 2287 952 2342 saeculi
980 2302 1088 2341 non
1118 2285 1505 2357 praesigniﬁcat
1532 2285 1649 2341 eis?
1675 2285 1917 2355 quando-

343 2380 559 2448 quidem
589 2379 750 2433 etiam
809 2379 913 2434 hoc
939 2378 1305 2448 praestitutum
1353 2388 1590 2448 tempus,
1618 2376 1763 2447 quod
1783 2377 1916 2433 adeo

345 2469 715 2538 propinquum
774 2478 912 2533 erat,
968 2475 1190 2538 propter
1241 2482 1392 2533 eam,
1442 2481 1605 2537 quam
1675 2466 1915 2523 diximus

343 2573 593 2631 causam,
616 2558 993 2612 noluitfacere
1011 2556 1378 2612 manifestum.
1413 2556 1589 2613 Dictio
1623 2557 1913 2626 baptizari,

344 2649 401 2702 id
426 2656 531 2709 est,
568 2648 1024 2716 immergi,tingi,
1062 2646 1336 2716 perfundi,
1385 2657 1441 2703 et
1498 2648 1699 2719 prolui,
1742 2649 1917 2704 abun-

347 2739 592 2792 dantiam
622 2745 677 2792 et
701 2740 857 2807 quasi
890 2737 1109 2792 divitias
1142 2739 1656 2795 communicationis
1685 2748 1739 2795 et
1789 2754 1916 2810 par-

346 2829 678 2899 ticipatiouis
713 2828 891 2883 sancti
924 2827 1164 2898 Spiritus
1195 2829 1465 2901 signiﬁcat
1494 2846 1510 2883 :
1564 2832 1919 2902 quemadmo-

346 2922 475 2975 dum
520 2920 683 2973 etiam
718 2920 775 2973 in
806 2935 895 2987 eo,
927 2921 1068 2990 quod
1096 2936 1264 2977 sensu
1293 2923 1610 2992 percipitur,
1664 2939 1723 2979 se
1756 2922 1923 2979 habet

344 3008 527 3076 aliquo
556 3008 718 3063 modo
749 3009 817 3074 is,
849 3010 941 3078 qui
974 3009 1309 3080 baptizatur,
1340 3011 1395 3067 id
1436 3019 1541 3078 est,
1568 3012 1917 3081 perfunditur

1257 336 1956 411 THEOPHYLACTI'BU
1964 339 2195 400 LGARI
2203 339 2266 397 .E
2302 334 2657 399 ARCHIEP.

3474 330 3582 396 512

2015 453 2123 516 ζων
2165 469 2180 485 ο
2214 452 2375 517 αὐτὸς
2403 452 2510 522 γὰρ
2557 451 2706 523 ἡμᾶς
2740 446 2988 520 βαπτίσει
3030 444 3091 500 ἐν
3123 443 3400 513 Πνεῦματι
3446 442 3585 510 ἁγίῳ

2020 548 2114 601 καὶ
2152 546 2312 616 πυρί.
2345 546 2468 608 Πῶς
2497 544 2555 598 δὲ
2586 541 2731 607 εἷπε,
2763 537 3229 609 Βαπτισθήσεσθε,
3269 534 3462 597 ὓδατος
3483 535 3584 587 οὐκ

2015 639 2166 703 ὄντος
2219 641 2278 692 ὲν
2326 655 2403 708 τῳ
2437 634 2698 707 ὔπερῴῳς
2731 635 2857 687 Ὅτι
2889 631 3221 699 κυριώτερον
3268 627 3329 680 τὸ
3363 624 3586 695 Πνεῦμά

2016 722 2177 785 ἐστι’·
2227 730 2294 784 δι’
2327 726 2387 785 οῦ
2419 730 2514 783 καὶ⁵
2565 728 2624 781 τὸ
2679 726 2823 796 ὕδωρ
2871 724 3104 794 ἐνεργεῖ.
3140 720 3328 789 ὥσπερ
3365 715 3458 771 οὖν
3492 720 3587 770 καὶ

2016 822 2175 883 αὐτὸς
2205 817 2490 891 κεκρίσθαι
2518 816 2758 883 λέγεται,
2786 811 3023 881 οὐδαμοῦ
3048 808 3378 880 χρισάμενος
3400 805 3582 874 ἐλαίῳ,

2016 912 2151 968 ἀλλὰ
2185 911 2407 979 Πνεῦμα
2430 908 2722 975 δεξάμενος
2747 922 2760 936 ·
2790 904 2964 966 ἄλλως
3000 903 3058 955 δέ
3085 901 3176 955 καὶ
3215 900 3367 953 ὕδατι
3394 898 3586 967 βαπτι-

2017 1002 2276 1071 ζομένους
2313 998 2509 1060 αὐτοὺς
2536 996 2682 1048 ἔστιν
2723 995 2905 1064 εὑρεῖν
2931 993 2988 1045 ἐν
3016 990 3301 1059 διαφόροις
3326 988 3537 1056 καιροῖς
3568 1002 3585 1019 υ

2018 1095 2104 1164 ἐφ’
2155 1095 2284 1163 ἡμῖν
2331 1089 2440 1161 γὰρ
2486 1089 2653 1157 ἄμφω
2706 1086 2796 1156 ὑφ’
2840 1084 2898 1137 ἓν
2944 1084 3192 1152 γένηται,
3248 1081 3368 1133 τότε
3397 1079 3453 1131 δὲ
3492 1077 3611 1130 καί(

2015 1183 2448 1251 διεσπαρμένως·
2482 1177 2636 1248 παρὰ
2667 1178 2775 1247 γὰρ
2818 1174 2918 1246 τὴν
2964 1172 3135 1244 ἀρχὴν
3187 1171 3239 1224 oi
3298 1168 3587 1222 ἀπόστολοι

2016 1275 2122 1329 ὑπὸ
2165 1273 2407 1329 Ἰωάννου
2442 1272 2594 1326 ὕδατι
2638 1268 3050 1337 ἐϐαπτίσθησαν
3075 1304 3091 1331 ,
3146 1266 3284 1334 μετὰ
3330 1260 3501 1314 ταῦτα
3530 1259 3587 1312 δὲ

2017 1368 2114 1423 καὶ
2174 1366 2314 1437 ἁγίῳ
2357 1364 2655 1433 Πνεύματι.
2718 1360 2814 1414 Διὰ
2843 1359 2896 1412 τί
2942 1358 2998 1411 δὲ
3023 1358 3121 1410 οὐκ
3141 1354 3409 1424 ἐδήλωσεν
3439 1352 3469 1403 ὁ
3496 1352 3588 1402 As-

2019 1458 2220 1529 σπότης
2250 1497 2266 1523 ,
2322 1456 2454 1509 πότε
2498 1452 2853 1507 ἐπελεύσεται
2892 1451 2989 1503 καὶ
3042 1446 3104 1500 τὸ
3142 1443 3367 1513 Πνεῦμα
3399 1483 3414 1507 ,
3454 1441 3590 1494 ἀλλὰ,

2020 1551 2180 1621 μόνον
2219 1548 2403 1618 φησὶν,
2443 1547 2517 1600 Οὐ
2558 1544 2695 1615 μετὰ
2728 1541 2926 1605 πολλὰς
2977 1538 3181 1602 ταύτας
3220 1537 3471 1607 ἡμέραςς
3527 1533 3587 1587 τὸ

2019 1642 2120 1711 μὲν
2149 1639 2354 1704 οῦν,οὐ
2394 1639 2529 1706 μετά
2561 1634 2779 1700 πολλὰς,
2811 1631 3103 1704 φησὶν,ἴνα
3137 1630 3210 1699 μὴ
3240 1628 3319 1689 είς
3352 1624 3588 1695 ἀθυμίαν

2018 1732 2332 1804 ἐμπέσωσιν
2363 1746 2378 1758 ’
2421 1728 2740 1801 ὡρισμένως
2777 1726 2835 1779 δέ
2879 1724 3011 1777 πότε
3032 1723 3104 1788 ⁸⁸,
3148 1721 3249 1774 οὐκ
3293 1713 3466 1777 εἷπεν,
3501 1716 3589 1769 ἵνα

2021 1825 2111 1878 ἀεὶ
2141 1820 2517 1894 ἐγρηγορῶσιν
2549 1817 2915 1886 ἐκδεχόμενοι.
2950 1813 3017 1866 Τί
3048 1810 3229 1865 τοίνυν
3262 1806 3587 1877 θαυμάζεις,

2020 1917 2070 1969 εἰ
2115 1915 2214 1985 τὴν
2267 1914 2490 1984 εἰρήνην
2541 1911 2639 1980 τῆς
2691 1906 3002 1968 συντελείας
3067 1905 3142 1974 μὴ
3172 1902 3318 1971 λέγει
3363 1900 3586 1961 αὐτοῖςς

2019 2008 2150 2061 ὅπου
2180 2023 2243 2076 γε
2275 2006 2369 2060 καὶ
2398 2003 2605 2073 ταύτην
2635 2000 2732 2068 τὴν
2765 1998 2936 2061 οὕτως
2968 1994 3134 2064 ἐγγὺς
3163 1992 3329 2047 οὖσαν
3391 1990 3590 2062 προθε⁶

2022 2099 2186 2170 σμίαν
2235 2097 2335 2150 οὐκ
2377 2094 2634 2164 ἠθέλησε,
2665 2093 2732 2146 δι’
2772 2092 2838 2163 ἢν
2880 2090 3106 2159 εἴπομεν
3131 2086 3331 2147 αἰτίαν,
3362 2083 3588 2151 ποιῆσαι

2020 2186 2341 2257 κατάδηλον.
2384 2185 2453 2237 Ἠ
2512 2181 2888 2250 Βαπτισθῆναι
2934 2177 3081 2242 λέξις
3139 2174 3239 2244 τὴν
3289 2171 3589 2243 δαψίλειαν,

2020 2282 2115 2335 καλ⁸
2168 2279 2332 2333 οἱονεὶ
2380 2276 2474 2330 τδν
2516 2273 2748 2327 πλοῦτον
2801 2271 2901 2341 τῆς
2958 2267 3252 2338 μετουσίας
3293 2263 3389 2317 τοῦ
3428 2263 3584 2330 ἁγίου

2021 2371 2337 2441 Πνεύματος
2364 2365 2618 2438 σημαίνει
2645 2380 2659 2395 ·
2699 2363 2776 2426 ὡς
2807 2360 2903 2416 καὶ
2932 2361 3024 2413 ἐπὶ
3058 2357 3154 2412 τοῦ
3190 2352 3450 2426 αἰσθητοῦ
3474 2353 3588 2422 ἔχει

2023 2482 2075 2518 τι
2108 2465 2136 2516 ό
2187 2458 2581 2531 βαπτιζόμενος
2613 2457 2672 2511 ἐν
2698 2454 2875 2514 ὕδατι,
2917 2452 3037 2504 ὅλον
3071 2449 3131 2502 τὸ
3159 2447 3322 2519 σῶμα
3353 2445 3585 2517 βρέχων,

2022 2555 2115 2609 τοῦ
2167 2553 2538 2624 λαμϐάνοντος
2567 2547 2753 2610 ἁπλῶς
2793 2544 2958 2613 ὕδωρ,
2989 2542 3050 2596 οὖ
3080 2540 3297 2602 πάντως
3329 2539 3587 2607 ὑγραινο-

2026 2644 2188 2717 μένου
2221 2642 2280 2706 ἐξ
2325 2642 2464 2695 ὅλων
2509 2639 2618 2692 τῶν
2648 2636 2831 2689 τόπων
2857 2651 2873 2667 ⁶
2917 2633 3018 2686 οὐκ
3048 2630 3193 2684 ἔστιν
3223 2628 3315 2682 οὖν
3349 2629 3590 2681 ἀπεναν-

2020 2738 2139 2799 τίας
2172 2735 2360 2805 ἔχοντα
2384 2734 2496 2794 τοῖς
2516 2729 2681 2792 θείοις
2710 2724 3059 2795 Εὐαγγελίοις
3080 2722 3148 2775 τὰ
3176 2720 3271 2775 νῦν
3296 2718 3583 2789 εἰρημένα.

2023 2824 2286 2897 Δηλοῦται
2306 2824 2413 2893 γὰρ
2439 2823 2514 2882 ὡς
2544 2822 2592 2873 εἰ
2617 2820 2711 2872 καὶ
2738 2818 2923 2888 εἴρητο
2948 2815 3086 2885 πρὸς
3104 2813 3230 2875 τοὺς
3258 2809 3590 2872 ἀποστόλους

2025 2916 2164 2989 μετὰ
2208 2914 2306 2986 τὴν
2358 2915 2421 2966 ἐκ
2471 2911 2678 2981 νεκρῶν
2731 2908 3029 2963 ἀνάστασιν
3074 2902 3167 2956 τοῦ
3200 2898 3440 2972 Χριστοῦ
3500 2897 3585 2964 τὸ,

2021 3008 2231 3063 Λάϐετε
2284 3005 2509 3074 Πνεῦμα
2556 3003 2710 3071 ἅγιον
2745 3017 2761 3032 ·
2810 3001 2905 3053 καὶ
2931 2995 3121 3051 ἔλαϐον
3151 3011 3165 3024 ο
3198 2992 3313 3047 ἀλλ’
3343 2992 3459 3044 ἐκεῖ
3492 2989 3592 3058 μέν

344 3111 508 3167 aqua,
537 3099 665 3153 dum
699 3106 815 3154 toto
855 3116 1090 3170 corpore
1126 3103 1369 3168 madctit,
1398 3117 1524 3158 cum
1540 3104 1608 3170 is,
1638 3104 1730 3174 qui
1748 3106 1916 3160 sumit

2021 3098 2298 3169 εἰληφέναι
2350 3095 2572 3164 Πνεῦμα
2617 3093 2772 3161 ἃγιον
2824 3091 3062 3162 εἴρηται,
3114 3085 3351 3141 ἐνταῦθα
3376 3083 3591 3148 δέ,Βα-

346 3202 542 3257 aquam
570 3192 915 3260 simpliciter,
946 3210 1055 3248 non
1088 3194 1307 3264 penitus
1329 3210 1398 3250 ex
1461 3197 1718 3251 omnibus
1769 3198 1912 3255 locis

2018 3187 2389 3259 πτισθήσεσθε
2419 3203 2434 3217 ⁸
2468 3186 2606 3254 ὅπερ
2633 3184 2733 3255 τὴν
2767 3182 3019 3252 ἐπίχυσιν
3066 3179 3160 3232 καὶ
3215 3176 3305 3230 τὸν
3361 3174 3591 3229 πλοῦτον

344 3274 712 3332 humectetur.
779 3278 898 3334 Non
952 3291 1079 3336 sunt
1134 3282 1301 3352 igitur
1352 3287 1629 3341 contraria
1711 3288 1912 3346 divinis

343 3362 660 3434 Evangeliis
710 3383 796 3435 ea,
843 3385 964 3435 quae
991 3385 1137 3426 nunc
1187 3372 1335 3428 dicta
1386 3384 1533 3429 sunt.
1563 3375 1915 3447 Signiﬁcatur

348 3457 495 3511 enim
525 3460 671 3528 quod
699 3461 746 3515 si
803 3462 966 3516 etiam
1031 3463 1238 3519 dictum
1309 3475 1429 3521 erat
1486 3468 1552 3523 ad
1616 3471 1911 3540 apostolos,

343 3556 700 3616 posteaquam
720 3549 973 3606 Christus
1001 3566 1030 3605 a
1059 3554 1294 3610 mortuis
1355 3568 1734 3614 resurrexerat
1765 3576 1779 3614 ε
1811 3563 1917 3617 Ac-

294 3716 307 3730 κ
343 3636 510 3705 cipite
568 3639 832 3708 Spiritum
901 3651 1172 3709 sauctum,
1215 3646 1375 3700 etiam
1426 3648 1551 3703 illos
1593 3651 1911 3721 accepisse:

341 3727 437 3780 sed
467 3726 574 3781 illic
620 3729 836 3799 quidem
871 3747 966 3787 eos
1004 3738 1282 3804 accepisse
1331 3736 1594 3805 Spiritum
1658 3754 1911 3797 sanctum

2016 3282 2117 3352 τῆς
2147 3268 2699 3352 χορηγίαςοσημαίνει
2731 3291 2745 3305 ·
2786 3267 2855 3345 ἧς
2879 3272 3111 3327 δέδωκεν
3140 3269 3325 3331 αὐτοῖς
3354 3263 3590 3321 ἀνελθὼν

2018 3373 2155 3443 πρὸς
2183 3372 2273 3424 τὸν
2298 3369 2536 3439 Πατέρα.
2564 3368 2776 3437 Ὠσπερ
2799 3365 2907 3436 γὰρ
2951 3363 3168 3434 ἔχοντες
3217 3361 3396 3413 πίστιν
3420 3374 3592 3429 προσ-

2017 3464 2181 3535 ῆλθον
2227 3461 2496 3530 λέγοντες,
2552 3458 2795 3529 Πρόσθες
2833 3456 2967 3526 ἡμῖν
2992 3454 3195 3507 πίστιν·
3231 3450 3373 3504 οὕτω
3409 3449 3473 3518 δὴ
3501 3448 3593 3501 καὶ

2023 3552 2278 3615 ἐνταῦθα,
2313 3550 2451 3623 πρὸς
2482 3549 2549 3620 ἥν
2579 3547 2681 3617 ἥδη
2725 3541 2870 3615 εἶχον
2897 3542 3184 3597 κοινωνίαν
3207 3537 3301 3593 τοῦ
3337 3536 3594 3607 Πνεύμα-

2022 3665 2133 3711 τος,
2196 3643 2513 3716 προσθήκην
2560 3637 2952 3708 ἐπιτεταμένης
3022 3632 3315 3705 μετουσίας
3348 3629 3591 3701 ἐλάμϐα-

2023 3757 2113 3796 νον
2146 3736 2480 3803 ἐπελθούσης
2513 3733 2559 3766 ³⁷
2589 3732 2773 3793 αὐτοῖς
2802 3729 2897 3782 τοῦ
2925 3728 3082 3796 ἁγίου
3109 3726 3448 3793 Πνεῦματος.

344 3817 549 3871 dictum
576 3827 694 3873 est:
718 3819 804 3875 hic
838 3838 994 3888 vero,
1018 3822 1457 3892 Baptizabimini,
1478 3830 1591 3890 sive
1610 3829 2011 3899 perfundentini
2042 3846 2105 3885 ac
2122 3825 2446 3900 proluemini
2466 3838 2480 3878 :
2503 3822 2645 3893 quod
2677 3821 2897 3874 verbum
2936 3816 3253 3873 eliusionent
3278 3828 3353 3869 ac'
3379 3815 3593 3868 divitias

344 3910 594 3964 muneris
628 3911 919 3980 signiﬁcat,
960 3915 1104 3983 quod
1139 3916 1288 3970 dedit
1359 3919 1466 3972 illis
1518 3929 1872 3993 posteaquam
1932 3923 2001 3978 ad
2039 3923 2256 3978 Patrem
2310 3917 2572 3975 ascendit.
2621 3911 2692 3968 Ut
2739 3912 2881 3966 enim
2917 3924 3039 3962 cum
3099 3908 3255 3962 (idem
3313 3906 3592 3968 ltabcrt‘nl,

345 4000 666 4068 accedentes
698 4002 990 4057 dixerunt:
1053 4004 1204 4060 Adde
1254 4007 1411 4061 nobis
1442 4007 1601 4063 tidem
1639 4027 1654 4065 :
1692 4014 1766 4067 ita
1834 4013 2097 4069 nimirum
2152 4013 2313 4069 etiam
2345 4009 2433 4064 hic
2475 4015 2666 4076 praeter
2694 4017 2835 4067 eam,
2892 4014 3054 4069 quam
3115 3999 3226 4069 jam
3301 3998 3593 4054 habebant.

344 4093 577 4162 Spiritus
623 4095 1192 4163 communicationem,
1218 4098 1644 4158 additamentum
1672 4105 1924 4162 adauctze
1961 4104 2409 4176 participationis
2436 4098 2674 4169 Spiritus
2713 4092 2910 4159 sancti,
2947 4095 3043 4163 qui
3102 4091 3185 4146 eis
3252 4091 3590 4160 supervenit,

344 4186 703 4256 accipiebant.

420 4276 576 4332 Vens.
610 4278 664 4332 6.
690 4279 859 4350 Atque
881 4281 1183 4351 illiquidem
1202 4300 1320 4337 cum
1338 4286 1697 4340 convenissent
1721 4289 1908 4344 scisci-

346 4375 516 4421 tantes
545 4372 608 4421 ab
634 4384 691 4422 eo
713 4369 954 4423 dicebant
978 4385 996 4423 :
1019 4370 1258 4436 Domine,
1279 4389 1347 4427 an
1379 4375 1431 4427 in
1446 4374 1545 4427 hoc
1577 4385 1804 4438 temPOre
1828 4395 1911 4431 rc-

343 4458 520 4511 stituis
535 4475 747 4529 regnum
768 4459 956 4514 lsraeli
974 4465 999 4517 1’

420 4547 585 4603 Vrsas.
623 4550 676 4601 7.
710 4551 778 4604 At
807 4553 900 4605 ille
924 4555 991 4604 ad
1023 4569 1132 4618 eos,
1161 4552 1283 4608 Non
1322 4565 1398 4609 est
1422 4568 1668 4623 vestrum,
1724 4560 1912 4627 inquit,

349 4653 500 4689 nosse
532 4649 788 4706 tempora,
825 4651 915 4693 aut
960 4644 1219 4697 articulos
1250 4653 1535 4713 temporum
1563 4665 1691 4718 quos
1755 4648 1915 4702 Pater

348 4729 400 4775 in
441 4741 541 4777 sua
562 4736 825 4792 potestate
859 4729 1073 4795 posuit:

421 4813 586 4869 Vens.
615 4816 669 4870 8.
696 4814 799 4870 Sed
832 4819 1101 4888 accipietis
1142 4821 1388 4878 uirtutem
1420 4828 1828 4895 supervenientis
1867 4827 1923 4879 in

2086 4283 2147 4334 Ol
2167 4278 2283 4348 μὲν
2322 4271 2437 4331 οὖν
2475 4273 2880 4336 συνελθόντες
2922 4268 3241 4338 ἐπηρώτων
3272 4266 3460 4320 αὐτὸν
3490 4267 3591 4320 ,ἰέ-

2018 4388 2226 4445 τοντες
2253 4386 2267 4400 ο
2324 4368 2522 4434 Κύριε,
2551 4368 2603 4418 εὶ
2648 4365 2717 4416 ἐν
2745 4363 2825 4427 τῷ
2864 4363 3061 4431 χρόνῳ
3102 4360 3290 4426 τούτῳ
3311 4360 3596 4412 ἀποκαθι-

2022 4459 2264 4522 στάνεις
2296 4451 2758 4522 τὴνβασιλείαν
2780 4450 2858 4515 τῷ
2891 4448 3139 4517 Ἰσραήλ
3163 4464 3183 4512 ;
3311 4514 3317 4518 ι

2096 4530 2239 4601 Eine
2285 4544 2352 4597 δὲ
2386 4540 2537 4610 πρὸς
2571 4541 2793 4606 αὐτούς
2820 4556 2834 4569 ο
2865 4542 2988 4608 Οὐχ
3021 4536 3189 4607 ὑμῶν
3215 4538 3346 4591 ἐστι
3376 4534 3596 4606 γνῶναι

1943 4603 1993 4663 D
2018 4642 2277 4710 χρόνους
2332 4637 2370 4705 ἢ
2426 4603 2680 4702 occupati;-
2738 4603 2847 4698 οῗῦς
2894 4636 2925 4687 ό
2951 4603 3164 4700 ’Πατὴρ
3201 4603 3480 4685 ἐθετοτέν
3521 4625 3598 4694 τῇ

2017 4733 2139 4797 ἰδίᾳ
2167 4730 2421 4795 ἐξουσίᾳ
2447 4745 2460 4759 ·

2088 4821 2266 4875 Ἀλλὰ
2290 4821 2566 4888 λήψεσθε
2595 4819 2851 4888 δύναμιν
2880 4816 3246 4883 ἐπελθόντος
3278 4815 3383 4870 τοῦ
3424 4815 3596 4886 ἁγίου

347 4922 435 4958 vos
468 4904 697 4975 Spiritus
718 4910 910 4965 sancti.

2019 4912 2366 4980 Πνεύματος
2390 4911 2481 4977 ἐφ’
2516 4907 2692 4978 ὑμᾶς.

417 4998 552 5052 Cum
585 4999 915 5056 sciscitaturi
941 5011 1144 5072 essent,
1163 5004 1325 5061 simul
1352 5003 1737 5066 acceduntyut
1781 5004 1918 5058 mul-

2096 5004 2262 5056 Ὅταν
2314 5002 2583 5072 μέλλωσιν
2630 5000 2859 5071 ἐρωτᾷν,
2906 4999 3042 5068 ὁμοῦ
3064 4996 3477 5068 προσέρχονται.
3510 4995 3598 5047 ἴνα

350 5090 587 5147 titndine
636 5105 917 5148 moverent
993 5110 1117 5150 eum
1164 5080 1221 5152 et
1281 5105 1589 5151 exorarent.
1664 5095 1918 5151 Sciebant

2018 5093 2099 5165 τῷ
2128 5094 2323 5164 πλήθει
2344 5093 2740 5163 δυσωπήσωσιν
2766 5106 2778 5120 ·
2811 5090 3030 5161 ᾔδεισαν
3064 5090 3173 5159 γὰρ
3194 5088 3278 5141 ὅτι
3313 5089 3372 5141 τὸ
3400 5085 3593 5159 πρώην

351 5184 521 5249 enim,
578 5183 633 5238 id
685 5185 829 5252 quod
859 5194 987 5242 ante
1016 5187 1220 5241 dictum
1283 5198 1388 5250 est,
1420 5189 1818 5243 summoventis
1864 5196 1918 5243 et

2023 5187 2331 5256 εἰρημένον,
2365 5184 2790 5255 διακρουομένου
2830 5181 2924 5234 καὶ
2956 5182 3057 5235 οὐκ
3099 5180 3441 5250 ἀγνοοῦντος,
3474 5179 3586 5231 ἀλλ’

353 5290 460 5330 non
491 5279 814 5345 ignorantis,
843 5279 940 5332 sed
968 5278 1270 5348 rejicientis
1299 5279 1447 5331 illam
1497 5278 1668 5334 fuisse
1698 5295 1918 5349 respon-

2022 5280 2458 5350 ἀναϐαλλομένου
2485 5279 2584 5349 τὴν
2617 5278 2926 5348 ἀπόκρισιν·
2967 5272 3098 5341 οἷον,
3129 5276 3322 5339 Οὐδεὶς
3354 5272 3465 5327 οἰδε
3497 5272 3597 5342 τὴν

358 5367 862 5429 sionem,videlicet
888 5387 901 5423 :
934 5368 1104 5425 Nemo
1136 5370 1288 5424 novit
1309 5369 1487 5424 diem:
1516 5369 1718 5426 idcirco
1733 5388 1918 5429 rursus

2024 5371 2272 5442 ἡμέρανο
2324 5370 2412 5424 διὰ
2460 5370 2623 5422 τοῦτο
2664 5368 2824 5421 πάλιν
2865 5367 3166 5438 ἐρωτῶσιν.
3223 5364 3441 5435 Ἐπειδὴ
3487 5366 3597 5432 γὰρ

354 5454 1166 5530 interrogant.Quandoquidem
1185 5458 1327 5513 enim
1352 5457 1694 5530 audiverant,
1716 5478 1775 5519 se
1798 5463 1918 5534 Spi-

2025 5463 2288 5531 ἠκουσαν,
2342 5462 2424 5514 ὅτι
2473 5460 2532 5514 τὸ
2569 5458 2796 5515 Πνεῦμα
2842 5458 3093 5513 μέλλουσι
3148 5456 3468 5529 λαμϐάνειν,
3516 5452 3594 5517 ὡς

1571 5636 1772 5701 Varia:
1806 5638 2114 5704 lectiones
2145 5645 2204 5702 et
2233 5644 2422 5702 notae.

454 5725 500 5759 ⁸⁸
529 5726 586 5780 δέ
614 5743 765 5786 ποτε.
794 5741 926 5786 erat.
1004 5734 1047 5767 ⁸⁷
1074 5735 1184 5794 ἴσ..
1206 5736 1539 5798 ἐπελθόντος.
