4068 6210
488 252 592 319 513

1257 254 1661 317 EXPOSITIO
1689 256 1773 317 IN
1805 256 1997 318 ACTA
2024 256 2603 322 APOSTOLORUM.
2643 284 2706 294 -
2740 261 2900 324 CAP.
2936 263 2986 323 Ι.

3642 265 3747 331 514

487 365 631 432 ἄξιοι
660 361 848 417 λοιπὸν
900 363 1091 435 ἤθελον
1144 365 1337 435 μαθεῖν
1387 366 1481 419 καὶ
1518 365 1902 434 ἀπαλλαγῆναι
1954 367 2041 420 τῶε

2169 368 2334 422 ritum
2356 383 2476 424 esse
2500 377 3114 442 accepturos,tanquam
3141 371 3293 441 digni
3321 373 3582 446 deinceps
3600 378 3745 436 scire

481 456 761 526 δυσχερῶν
791 454 1102 526 ἐπεθύμουν
1125 474 1138 488 ⁸
1197 458 1257 510 ού
1295 458 1402 528 γὰρ
1457 457 1741 511 ἐϐούλοντο
1771 459 1932 513 πάλιν
1980 462 2062 523 εἰς

481 549 608 610 τοὺς
670 548 937 617 ἐσχάτους
987 548 1215 612 ἑαυτοὺς
1276 551 1525 602 καθεῖναι
1584 550 1887 613 κινδύνους.
1944 551 2060 604 Οὐκ

479 637 711 709 ἠρώτων
744 637 828 703 δὲ,
866 639 1002 693 Πότε
1026 656 1041 705 ;
1079 639 1215 706 ἀλλ’,
1245 641 1309 693 Ei
1338 641 1396 693 ἐν
1428 640 1504 711 τῷ
1524 642 1701 712 χρόνῳ
1725 639 1899 712 τούτῳ
1922 642 2060 694 άπο-

477 729 822 793 καθιστάνεις
851 729 948 800 τὴν
1004 730 1283 801 βασιλείαν
1342 733 1421 804 τῷ
1493 732 1758 804 Ἰσραὴλς
1817 733 1880 785 El
1941 730 2056 796 νῦν,

476 820 645 890 φησίν
701 821 747 854 ⁸⁸
783 838 796 851 ·
841 821 1013 886 οὕτως
1084 824 1395 894 ἐπεθύμουν
1439 825 1536 890 τὴν
1594 825 1831 895 ἡμέραν.
1902 824 2060 894 Ἐμοὶ

473 912 530 965 δέ
562 911 730 977 δοκεῖ,
800 913 922 966 ούδέ
967 914 1342 986 τετρανῶσθαι
1385 914 1431 946 ⁸⁸
1463 916 1581 978 πῶς
1618 915 1664 947 ⁶⁰
1717 916 1926 978 αὐτοῖς,
1974 915 2057 977 τίς

473 1021 604 1057 ποτε
646 1000 714 1075 ἦν
742 1007 776 1075 ἡ
818 1004 1065 1075 βασιλεία
1086 1023 1100 1038 ⁸
1129 1005 1281 1060 οὔπω
1313 1006 1422 1079 γάρ
1453 1003 1522 1079 ἦν
1559 1007 1621 1061 τὸ
1662 1007 1885 1077 Πνεῦμα
1917 1007 2059 1060 διδά-

469 1094 572 1160 ξαν
598 1094 818 1159 αὐτούς.
851 1097 965 1150 Οὐκ
989 1092 1142 1150 εἷπον
1168 1098 1402 1162 δέ,Πότε
1439 1100 1608 1164 ἐστὶν,
1641 1097 1776 1165 ἀλλ’,
1826 1099 1886 1151 Ei
1922 1100 2055 1151 άπο-

468 1184 818 1249 καθιστάνεις
849 1187 1012 1251 αὐτός
1034 1207 1049 1219 ⁸
1093 1188 1237 1242 οὓτω
1265 1190 1449 1243 λοιπὸν
1487 1190 1711 1259 μείζονα
1737 1191 1864 1260 περὶ
1887 1188 2054 1243 αὐτοῦ

468 1276 856 1344 ἐφαντάζοντο.
916 1278 1015 1332 Διὰ
1070 1280 1229 1333 τοῦτο
1278 1282 1374 1334 καὶ
1434 1280 1597 1344 αὐτὸς
1663 1280 1961 1351 ἀνειμένως
2008 1280 2051 1313 ⁸⁸

472 1370 657 1432 αὐτοῖς
708 1369 1016 1439 διαλέγεται
1050 1387 1064 1403 ⁸
1101 1371 1284 1426 οὐκέτι
1332 1352 1440 1444 γὰρ
1494 1372 1675 1440 λέγει,
1735 1373 1818 1426 ὅτι
1866 1371 1986 1424 οὐδὲ
2025 1372 2053 1424 6

474 1462 603 1524 Υίὸς
657 1458 764 1515 οἶδε
796 1462 895 1534 τὴν
935 1463 1185 1535 ἡμέραν·
1244 1463 1383 1517 ἀλλὰ
1436 1464 1523 1531 τί;
1592 1465 1705 1533 Οὐχ
1751 1463 1905 1534 ὑμῶν
1936 1465 2052 1517 ἐστι

471 1553 678 1622 γνῶναι
724 1553 1012 1625 χρόνουςῆ
1070 1554 1317 1626 καιρούς.
1380 1556 1456 1608 Ού
1500 1555 1608 1626 γὰρ
1653 1556 1864 1624 ἀγνοῶν
1888 1553 2050 1616 αὐτὸς

470 1645 584 1700 τῶν
613 1646 823 1716 χρόνων
866 1645 928 1699 τὸ
961 1645 1361 1717 συμπέρασμα,
1394 1645 1473 1716 τῷ
1504 1647 1678 1716 Πατρὶ
1710 1645 1807 1716 τὴν
1839 1645 2048 1715 εἴδησιν

2165 459 2446 523 volebant,
2486 461 2584 529 ιι
2616 471 2669 515 et
2703 462 2772 516 ab
2805 463 3065 518 terttmnis
3107 470 3162 519 et
3200 464 3468 522 molestiis
3518 468 3743 526 liberari

2166 561 2333 622 atque
2356 552 2577 623 defungi
2609 555 2929 623 cupiebant.
2951 552 3072 609 Non
3101 555 3246 609 enim
3272 572 3464 613 rursus
3489 561 3744 617 volebant

2165 658 2292 698 sese
2321 645 2587 698 extremis
2614 646 2875 714 periculis
2910 647 3129 701 oll‘crre.
3164 646 3284 701 Non
3313 649 3743 708 sciscitabantur

2162 744 2364 797 autem,
2396 732 2670 799 Quando?
2712 735 2828 801 sed,
2863 736 2946 791 An
2977 738 3032 793 in
3071 738 3176 793 hoc
3205 747 3453 810 tempore
3490 744 3743 799 restituis

2161 839 2388 893 regnum
2423 825 2612 880 lsrneli
2646 826 2669 878 ?
2724 828 2807 881 An
2868 844 3036 894 nunc,
3097 830 3393 898 inquiunt:
3427 832 3565 887 adeo
3595 834 3737 889 diem

2161 917 2304 970 scire
2369 916 2683 986 cupiebant.
2746 918 2877 973 Mihi
2940 929 3122 976 autem
3183 924 3418 991 videtur,
3483 941 3554 981 ne
3610 935 3741 981 tunc

2159 1005 2378 1075 quidem
2435 1008 2616 1062 adhuc
2668 1010 2893 1078 planum
2942 1010 3145 1066 factum
3200 1013 3309 1068 illis
3345 1014 3533 1082 fuisse,
3567 1020 3740 1087 qundo

2157 1111 2284 1150 nam
2343 1113 2570 1168 regnum
2631 1100 2848 1155 tandem
2885 1113 3078 1158 esset:
3120 1104 3361 1158 nondum
3418 1107 3563 1162 enim
3622 1119 3740 1165 erat

2158 1188 2413 1256 Spiritus,
2462 1190 2554 1258 qui
2591 1191 2811 1247 doceret
2862 1194 3005 1249 illos.
3059 1192 3175 1249 Non
3225 1195 3481 1252 dixerunt
3527 1206 3735 1264 autem,

2156 1278 2390 1344 Quando
2419 1282 2523 1334 erit
2557 1299 2569 1335 :
2610 1281 2730 1346 sed,
2765 1283 2848 1337 An
2880 1286 3131 1341 restituis
3178 1286 3317 1356 ipse.
3348 1286 3499 1343 Adeo
3527 1290 3736 1360 majora

2156 1369 2414 1448 deinceps
2457 1371 2661 1426 de‘illo
2716 1373 3161 1445 imaginabantur
3209 1386 3264 1431 et
3324 1379 3510 1435 animo
3547 1382 3736 1436 conci-

2154 1462 2400 1530 piehant.
2432 1461 2643 1519 Idcirco
2669 1466 2835 1520 etiam
2875 1468 2991 1539 ipse
3031 1470 3241 1539 placide
3268 1480 3322 1526 et
3363 1473 3561 1527 leniter
3602 1488 3731 1529 cum

2151 1555 2263 1607 illis
2301 1557 2727 1612 sermocinatur.
2781 1557 2903 1614 Non
2962 1562 3109 1615 enim
3152 1562 3261 1631 jam
3293 1565 3528 1633 amplius
3551 1566 3727 1621 dicit:

2151 1642 2230 1700 Ne
2262 1645 2436 1702 Filius
2473 1648 2694 1716 quidem
2727 1649 2869 1703 diem
2900 1651 3049 1705 novit
3079 1669 3093 1705 :
3139 1642 3232 1707 sed
3265 1654 3395 1722 quid
3425 1655 3449 1707 ?
3492 1654 3611 1710 Non
3646 1664 3733 1712 est

471 1736 835 1808 παρέπεμψεν
866 1753 881 1768 ⁸
940 1737 1056 1792 ἀλλ’
1110 1738 1300 1808 ἐπειδὴ
1337 1739 1567 1808 περιττή
1612 1755 1697 1802 τις
1736 1737 2041 1813 ὑπῆρχεν-ἡ

2152 1746 2398 1792 vestrum
2429 1739 2575 1792 scire
2606 1746 2854 1809 tempora
2884 1749 2937 1795 et
2963 1751 3236 1795 momenta
3261 1749 3588 1813 temporum.
3610 1744 3730 1800 Non

377 1863 381 1865 -
470 1827 761 1899 ἐρώτησις,
804 1827 1198 1900 συμφερόντως
1223 1827 1638 1900 παρεσιώπησε.
1700 1828 1910 1891 Σκοπὸς
1937 1810 2046 1898 γάρ

467 1916 537 1991 ἦν
564 1920 714 1990 αύτῷ
747 1921 846 1991 τὴν
883 1922 962 1985 είς
1000 1919 1162 1974 τοῦτο
1191 1919 1728 1992 πολυπραγμοσύνην
1778 1917 2045 1979 ἀνακόψαι

466 2015 576 2068 τῶν
626 2013 904 2086 μαθητῶν.
971 2012 1280 2084 Κηρύττειν
1342 2014 1452 2084 γὰρ
1505 2013 1703 2073 αὐτοὺς
1757 2010 2045 2065 ἀπέστειλε

468 2108 565 2179 τὴν
603 2107 882 2177 βασιλείαν
919 2105 1029 2159 τῶν
1057 2104 1330 2176 οὐρανῶν,
1375 2106 1435 2158 ού
1469 2105 1568 2174 τὴν
1616 2103 1892 2173 ποσότητα
1937 2100 2045 2155 τῶν

468 2198 675 2268 χρόνων
702 2197 1157 2268 κατασημαίνειν.
1201 2198 1276 2251 Οὐ
1307 2197 1458 2266 λέγει
1488 2196 1544 2250 δὲ
1585 2196 1770 2259 αὐτοῖς
1808 2195 1900 2247 τὸν
1924 2211 2044 2248 και-

469 2289 581 2360 ρὸν,
640 2289 711 2343 τὰ
768 2288 948 2359 πολλῷ
991 2288 1164 2359 μείζω
1208 2286 1427 2353 διδάξας
1460 2304 1473 2318 ⁸
1521 2287 1630 2351 ἵνα,
1671 2288 1747 2348 ὡς
1782 2285 2042 2346 πολλάκις

464 2379 695 2450 ἔφαμεν,
735 2379 1099 2450 ἐγρηγορότες
1121 2371 1225 2432 ὦσι
1252 2394 1265 2409 ⁸
1302 2379 1397 2432 καὶ⁴
1427 2378 1511 2431 ὅτι
1532 2376 1683 2430 οὐδὲν
1713 2375 2043 2428 ἐϐλάπτοντο

469 2470 546 2541 μὴ
576 2469 777 2533 ειδότες
805 2485 821 2501 ⁸
876 2470 1001 2523 ἐπεὶ
1058 2468 1240 2539 πολλῷ
1272 2467 1494 2539 μείζονα
1537 2467 1726 2521 τούτου
1755 2465 1992 2530 ἐδίδαξεν
2025 2478 2038 2492 ⁸

465 2560 548 2613 ὅτι
568 2560 697 2623 Υἱός
718 2562 835 2613 ἐστι
874 2560 968 2613 τοῦ
992 2559 1126 2614 Θεοῦ
1151 2599 1167 2627 ,
1202 2560 1294 2612 καὶ
1324 2560 1406 2612 δτι
1436 2558 1697 2629 ὁμότιμος
1723 2556 1800 2627 τῷ
1831 2554 2005 2625 Πατρί
2024 2569 2038 2583 ⁸

466 2652 546 2704 ὅτι
585 2650 804 2720 ἀνέστη,
851 2651 936 2704 ὅτι
982 2651 1282 2714 ἀνάστασις
1320 2650 1495 2715 ἐσται,
1574 2650 1656 2702 δτι
1693 2650 1898 2719 κρίσις,
1956 2647 2040 2700 ὅτι

464 2740 715 2794 ἐκάθισεν
760 2741 817 2793 ἐν
867 2740 1017 2811 δεξιᾷ
1067 2738 1163 2794 τοῦ
1207 2740 1444 2811 Πατρός.
1487 2738 1553 2792 Τί
1594 2739 1722 2809 γάρ,
1757 2738 1878 2790 είπέ
1926 2751 2035 2806 μοι,

465 2830 697 2901 μεῖζον;
761 2830 822 2883 τὸ
875 2831 1067 2901 μαθεῖν
1118 2831 1201 2884 ὅτι
1254 2829 1604 2901 βασιλεύσει,
1665 2829 1699 2898 ἢ
1756 2829 1817 2879 τὸ
1862 2826 2036 2891 πότε;

470 2921 681 2990 Ἐμαθε
717 2921 929 2985 Παῦλος
970 2920 1007 2975 ἃ.
1052 2921 1154 2975 οὐκ
1212 2920 1332 2986 ἐξὸν
1369 2921 1643 2992 ἀνθρώπῳ
1691 2920 1871 2973 λαλεῖν
1896 2937 1909 2951 ⁸
1945 2920 2038 2973 καὶ

462 3011 703 3080 Μωῦσῆς
748 3009 920 3080 ἔμαθε
948 3010 1046 3081 τὴν
1081 3009 1256 3080 ἀρχὴν
1283 3009 1378 3065 τοῦ
1414 3011 1622 3081 κόσμου
1654 3026 1666 3041 ⁸
1711 3011 1806 3063 καὶ
1863 3010 1995 3062 πότε
2018 3026 2033 3040 ⁸
2064 3050 2107 3108 C

462 3103 560 3157 καὶ⁸
594 3102 699 3173 πρὸ
732 3101 913 3155 πόσων
950 3104 1159 3171 χρόνων
1185 3119 1200 3133 ⁸
1250 3105 1344 3154 καὶ
1387 3101 1613 3172 ἀριθμεῖ
1634 3100 1703 3154 τά
1730 3101 1825 3170 ἐτη
1858 3116 1873 3134 ⁸
1906 3100 2032 3154 καί-

457 3211 545 3248 τοι
587 3195 621 3265 ἡ
654 3194 797 3264 ἀρχη
822 3191 917 3245 τοῦ
960 3192 1145 3256 τέλους
1180 3193 1259 3256 εἰς
1289 3192 1509 3261 γνῶσιν,
1543 3194 1617 3256 ὡς
1653 3192 1878 3255 ἐπίπαν,
1906 3195 2035 3245 δυσ-

456 3283 800 3355 κολώτερον·
876 3282 1051 3346 άλλως
1100 3283 1178 3348 δέ,
1219 3284 1414 3336 ἐκεῖνοι
1447 3282 1565 3335 ούδέ
1619 3284 1747 3354 περὶ
1793 3283 1891 3354 τῆς
1931 3299 2034 3335 κα-

461 3374 618 3428 θόλου
658 3373 820 3427 «om
844 3371 1074 3442 ἠρώτων
1106 3370 1443 3432 συντελείας
1485 3369 1622 3434 ἀλλ’,
1660 3370 1722 3422 Ei
1754 3369 1832 3439 τῷ
1854 3370 2032 3441 χρόνῳ

459 3468 633 3537 τούτῳ
672 3464 1136 3526 ἀποκαθιστάνεις
1168 3462 1268 3533 τὴν
1314 3461 1591 3531 βασιλείαν
1635 3461 1713 3532 τῷ
1774 3460 2032 3531 ἰσραὴλ;

471 3560 531 3613 '0
559 3558 618 3611 δὲ
647 3556 768 3609 οὐδὲ
807 3555 967 3608 τοῦτο
1020 3554 1205 3617 αὐτοῖς
1253 3551 1586 3621 ἐξεκάλυψεν
1617 3568 1633 3584 ⁸
1689 3551 1803 3604 ἀλλ’
1846 3550 2034 3621 ὥσπερ

458 3652 576 3703 ἐκεῖ
607 3646 948 3718 ἁπεκρίνατο
995 3645 1225 3712 ἀπάγων
1265 3644 1464 3706 αὐτοὺς
1498 3642 1591 3696 τοῦ
1645 3642 1889 3713 νομίζειν
1932 3642 2033 3712 τὴν

459 3737 779 3810 ἀπαλλαγὴν
808 3736 917 3792 τῶν
955 3730 1232 3807 δυσχερῶν
1269 3732 1410 3788 εἶναι
1453 3733 1679 3805 πλησίον
1712 3748 1726 3764 ⁸
1777 3733 1894 3787 ἀλλ’
1949 3733 2033 3787 δτι

460 3830 557 3884 καὶ
599 3828 815 3893 πολλοῖς
847 3825 1271 3909 περιπεσοῦνται
1307 3823 1595 3887 κινδύνοις,
1640 3822 1781 3876 οὕτω
1822 3822 1915 3877 καὶ
1948 3822 2034 3874 ἐν·

456 3918 653 3983 ταῦθα,
688 3918 827 3989 πλὴν
868 3916 1222 3989 ἡμερώτεςδν
1251 3931 1268 3947 ⁸
1303 3914 1460 3980 ἀλλὰ,
1493 3912 1744 3984 Λὴψεσθε
1778 3912 2027 3981 δύναμιν.

459 4007 613 4077 Εἶτα,
648 4009 735 4063 ἵνα
773 4008 850 4080 μὴ
878 4009 1039 4062 πάλιν
1073 4007 1237 4060 αὐτὸν
1269 4004 1569 4075 ἐρωτῶσιν,
1606 4004 1807 4063 εὐθέως
1834 4003 2026 4073 ἀνελή-

461 4101 593 4171 φθη.
622 4097 777 4166 Εἶτα,
815 4083 951 4173 [λῖνα
982 4101 1057 4171 μὴ
1083 4099 1300 4163 εἴπωσι,
1326 4096 1477 4150 Διατί
1501 4097 1746 4168 ἐπαίρεις
1759 4095 1820 4149 τὸ
1853 4098 2032 4167 πρᾶγ-

461 4211 538 4263 μα
568 4210 585 4260 ;
618 4190 806 4265 φη]σὶν
847 4193 877 4246 6
918 4192 1047 4255 Υἱός
1069 4208 1084 4222 ⁸
1132 4191 1241 4254 Οὓς
1267 4192 1295 4244 6
1319 4190 1509 4260 Πατὴρ
1548 4187 1700 4241 ἐθετο
1737 4188 1795 4242 ἐν
1822 4191 1889 4259 τῇ
1925 4188 2032 4260 ίδίᾳ

461 4285 680 4355 ἐξουσίᾳ
707 4301 720 4315 ⁸
753 4286 787 4355 ἡ
814 4283 872 4338 δέ
900 4283 995 4337 τοῦ
1030 4282 1242 4354 Πατρδς
1272 4280 1512 4347 ἐξουσία,
1537 4279 1779 4350 δηλονότι
1815 4282 1908 4334 καὶ
1934 4279 2029 4333 τοῦ

2148 1828 2321 1891 enim,
2352 1828 2479 1897 quia
2513 1827 2629 1897 ipse
2658 1829 2938 1899 ignoraret
2968 1842 3273 1902 temporum
3296 1838 3729 1891 consummatio-

2147 1930 2270 1969 nem
2318 1916 2384 1969 ad
2432 1915 2650 1971 Patrem
2712 1918 2998 1974 scientiam
3061 1922 3283 1991 rejicit:
3334 1924 3428 1979 sed
3466 1927 3725 1994 quoniam

2147 2020 2491 2075 Supervacua
2524 2008 2747 2077 quidam
2795 2018 2913 2065 erat
2954 2012 3329 2085 interrogatio,
3365 2016 3571 2071 utiliter
3596 2018 3729 2072 reti-
3794 2046 3805 2054 -

2145 2098 2280 2152 cuit.
2314 2096 2449 2151 Nam
2484 2098 2538 2153 id
2569 2100 2784 2169 agebat,
2817 2111 2878 2156 ut
2912 2101 3031 2169 ejus
3068 2104 3146 2159 rei
3179 2106 3454 2161 curiosam
3479 2107 3728 2177 discipu-

2146 2189 2320 2244 lorum
2369 2190 2767 2246 scrutationem
2828 2194 3151 2262 reprimeret
3203 2207 3369 2266 atque
3430 2199 3723 2255 inhiberet.

2145 2276 2394 2333 Mittebat
2420 2279 2565 2334 enim
2584 2293 2702 2343 eos,
2728 2288 2789 2334 ttt
2810 2281 3168 2350 praedicarent
3189 2299 3411 2354 regnum
3433 2286 3722 2352 malorum,

2144 2382 2254 2421 non
2320 2378 2377 2421 ut
2433 2369 2702 2423 rationem
2766 2378 3072 2439 temporum
3113 2382 3391 2428 notarent.
3441 2375 3560 2430 Non
3609 2378 3723 2431 edit

2145 2464 2330 2510 autem
2373 2455 2483 2511 illis
2519 2457 2810 2510 articulum
2844 2458 3133 2528 temporis,
3156 2474 3277 2514 cum
3316 2462 3490 2517 multo
3514 2463 3719 2531 majora

2142 2546 2443 2613 docuisset,
2470 2553 2554 2612 ut,
2581 2541 3042 2616 quemadmodum
3079 2565 3221 2620 sirpe
3247 2552 3406 2617 dixit,
3433 2554 3721 2623 vigilantes

2140 2646 2366 2694 essent:
2407 2645 2463 2692 et
2490 2636 2640 2707 quod
2669 2638 2810 2692 nihil
2844 2638 2925 2694 eis
2956 2640 3051 2693 illa
3103 2641 3417 2712 ignorantia
3475 2653 3717 2711 noceret,

2140 2728 2402 2799 quoniam
2432 2728 2595 2798 longe
2652 2728 2883 2799 majora,
2920 2745 3087 2800 quam
3147 2731 3264 2786 haec
3311 2748 3401 2789 res
3451 2741 3590 2797 erat,
3620 2734 3721 2789 do-

2140 2826 2367 2882 cuerat,
2420 2817 2569 2886 quod
2639 2816 2814 2872 Filius
2908 2817 3005 2875 Dei
3094 2828 3279 2885 esset,
3351 2822 3505 2891 quvd
3571 2822 3719 2878 Patri

2139 2908 2389 2978 aequalis,
2452 2908 2601 2976 quod
2654 2909 3096 2964 resurrexisset:
3159 2910 3305 2980 quod
3357 2916 3714 2977 resurrectio,

2140 3000 2573 3072 quodjudicium
2604 2999 2788 3055 futura
2817 3002 2932 3056 sint
2963 3004 3147 3072 :quod
3178 3003 3408 3059 sedebat
3434 3006 3501 3059 ad
3532 3007 3719 3062 dexte-

2144 3107 2258 3146 ram
2323 3091 2524 3148 Patris.
2578 3092 2721 3159 Quid
2770 3095 2937 3158 enim,
2967 3095 3058 3149 dic
3110 3096 3266 3161 mihi,
3311 3096 3532 3166 majus?
3575 3098 3721 3153 scire

2138 3183 2284 3253 quod
2314 3192 2642 3255 regnaturus
2674 3185 2768 3250 sit,
2837 3200 2929 3251 an,
2985 3186 3244 3256 quando?
3277 3187 3551 3244 Didicerat
3577 3188 3720 3245 Pau-

2138 3273 2243 3337 lus,
2270 3288 2391 3343 quae
2409 3268 2619 3328 homini
2647 3274 2798 3344 loqui
2824 3288 2932 3328 non
2961 3275 3181 3339 licebat,
3229 3284 3286 3331 et
3329 3276 3545 3350 Moyses
3576 3278 3719 3334 didi-

2137 3373 2289 3420 cerat
2323 3364 2535 3420 iuitittm
2568 3366 2757 3420 mundi
2791 3385 2804 3420 :
2861 3375 2937 3433 et,
2998 3369 3217 3440 quando
3248 3385 3263 3422 :
3292 3378 3367 3434 et,
3396 3379 3523 3425 ante
3550 3387 3716 3440 quam

2138 3458 2308 3511 multa
2332 3465 2616 3524 tempora:
2665 3464 2720 3511 et
2772 3466 3028 3512 numerat
3057 3473 3270 3514 annos:
3326 3462 3477 3531 atqui
3510 3462 3718 3530 princi-

2137 3548 2285 3618 pium
2340 3547 2394 3602 iu
2459 3548 2777 3602 universum
2836 3550 3059 3618 cognitu
3093 3550 3367 3607 diﬂicilius
3421 3560 3506 3607 est
3549 3567 3717 3622 quam

2136 3639 2282 3693 ﬁnis.
2318 3639 2496 3708 Atque
2526 3639 2690 3693 aliter
2723 3655 2738 3693 :
2766 3639 2851 3693 Illi
2906 3654 3005 3694 nec
3037 3640 3104 3695 de
3154 3643 3449 3699 universali
3493 3644 3713 3714 quidem

2135 3732 2606 3788 consummatione
2638 3747 2762 3787 eum
2795 3732 3201 3803 interrogabant
3232 3753 3246 3789 :
3283 3737 3400 3801 sed,
3425 3740 3506 3792 An
3530 3736 3585 3792 in
3613 3738 3717 3793 hoc

2137 3832 2382 3892 tempore
2412 3822 2659 3877 restituis
2703 3838 2931 3892 regnum
2990 3824 3175 3880 lsraeli
3206 3827 3231 3881 ‘i
3284 3827 3354 3880 At
3398 3829 3491 3883 ille
3516 3844 3585 3885 ne
3611 3829 3716 3883 hoc

2134 3912 2356 3984 quidem
2415 3914 2497 3968 eis
2552 3912 2850 3983 patefecit:
2920 3915 3016 3970 sed
3074 3917 3533 3985 quemadmodum
3603 3918 3716 3974 illic

2136 4004 2207 4058 ita
2246 4002 2551 4071 respondit,
2585 4011 2642 4055 ut
2668 4001 2967 4057 abduceret
2988 4017 3084 4057 eos
3114 4003 3183 4057 ab
3215 4002 3306 4055 illa
3334 4002 3616 4070 opinione,
3646 4018 3715 4057 ne

2132 4102 2391 4165 putarent
2421 4092 2582 4147 linem
2613 4090 2985 4147 molestiarum
3028 4104 3081 4148 et
3112 4106 3482 4147 aerumnarum
3515 4106 3714 4161 appro-

2135 4186 2428 4256 pinquare,
2489 4184 2585 4239 sed
2617 4182 2863 4239 futurum
2895 4200 3038 4251 esse,
3068 4193 3129 4239 ut
3164 4184 3219 4238 in
3260 4183 3430 4240 multa
3454 4184 3712 4255 deinceps

2133 4277 2296 4333 etiam
2329 4278 2579 4348 pericula
2606 4277 3054 4333 inciderent:ita
3097 4276 3260 4332 etiam
3304 4276 3416 4341 hic,
3487 4283 3713 4347 praeter-

461 4374 591 4427 Υξοῦ
617 4390 631 4404 ⁸
668 4374 857 4447 ὥσπερ
879 4376 988 4447 γὰρ
1019 4377 1047 4428 6
1094 4374 1286 4445 Πατὴρ
1305 4372 1508 4443 ἐγείρει
1533 4373 1657 4434 τοὺς
1679 4371 1909 4441 νεκροὺς
1935 4370 2029 4424 καὶ

2144 4386 2295 4442 ruam
2373 4370 2516 4440 quod
2582 4370 2821 4427 mitius:
2891 4369 2998 4425 Sed
3065 4369 3350 4440 accipietis
3427 4369 3708 4425 virtutem.

455 4462 731 4531 ζωοποιεῖ,
755 4463 896 4517 οὕτω
921 4464 1015 4516 καὶ
1039 4464 1067 4516 6
1094 4463 1240 4529 Υἱὸς,
1270 4459 1362 4525 οὓς
1396 4460 1557 4524 θέλει,
1593 4458 1864 4523 ζωοποιεῖ.
1888 4450 2028 4513 Eia:

456 4552 587 4606 ἔνθα
614 4553 952 4621 ἐργάσασθαι
974 4551 1056 4605 δεῖ
1084 4552 1150 4605 τὰ
1174 4550 1420 4622 φρικώδη
1447 4550 1540 4602 καὶ
1569 4549 1857 4620 ἀπόρρητα
1890 4547 2029 4618 μετά

454 4645 558 4715 τῆς
591 4645 847 4712 ἐξουσίας
899 4647 927 4699 6
965 4645 1031 4699 “.
1088 4646 1117 4698 6
1168 4643 1356 4713 Πατὴρ
1391 4644 1435 4674 ⁸³
1487 4642 1800 4712 ἐργάζεται,
1848 4641 2029 4711 πολλῷ

458 4738 683 4808 μᾶλλον,
719 4736 847 4792 ἔνθα
892 4738 974 4791 δεῖ
1012 4737 1229 4791 εἰδέναι.
1274 4734 1460 4805 Πολλῷ
1509 4734 1616 4803 γὰρ
1652 4734 1836 4802 μεῖζον
1889 4732 1950 4785 τὸ
1983 4734 2029 4765 ⁸⁸

455 4831 684 4899 νεκροὺς
747 4828 986 4900 ἐγείρειν
1040 4828 1177 4899 μετὰ
1220 4826 1323 4897 τῆς
1386 4827 1505 4894 ίσης
1566 4828 1659 4878 καὶ
1705 4828 1805 4893 τῆς
1856 4825 2026 4896 αὐτῆς

458 4922 707 4987 ἐξουσίας
749 4921 830 4991 τῷ
879 4921 1077 4991 Πατρὶ,
1122 4919 1290 5003 ἦρὴν
1318 4917 1534 4989 ἡμέραν
1578 4916 1797 4971 ειδέναι.
1842 4918 1941 4970 Διὰ
1971 4918 2025 4971 τί

2132 4462 2339 4515 Deinde
2378 4476 2447 4515 ne
2473 4475 2669 4517 rursus
2695 4476 2818 4516 eum
2845 4461 3247 4532 interrogarent
3282 4459 3465 4515 statim
3496 4475 3710 4517 assum-

2132 4560 2259 4622 ptus
2292 4561 2398 4607 est.
2434 4550 2727 4616 Praeterea,
2762 4567 2829 4606 ne
2865 4566 3062 4607 rursus
3092 4553 3338 4608 dicerent
3370 4571 3385 4609 :
3442 4551 3553 4608 Cur
3591 4567 3707 4607 rem

2133 4642 2320 4697 diﬂers
2374 4652 2428 4697 et
2481 4642 2815 4712 suspendis?
2869 4641 3066 4709 Filius,
3103 4641 3253 4710 Quos
3281 4642 3463 4709 Pater,
3508 4642 3731 4712 inquit,,

2132 4735 2315 4804 posuit
2366 4734 2420 4788 in
2487 4749 2589 4789 sua
2641 4742 2932 4804 potestate.
2995 4734 3176 4791 Patris
3228 4742 3409 4789 autem
3466 4741 3709 4804 potestas

2132 4826 2388 4882 videlicet
2435 4826 2601 4881 etiam
2630 4825 2751 4879 Filii
2800 4835 3043 4896 potestas
3096 4834 3198 4882 est.
3239 4826 3709 4894 Quemadmodum

2130 4919 2276 4972 enim
2317 4916 2498 4980 Pater,
2538 4916 2614 4971 ita
2662 4915 2826 4971 etiam
2854 4916 3045 4984 Filius,
3092 4933 3233 4988 quos
3274 4919 3393 4975 vult
3421 4916 3712 4975 resuscitat

1644 5058 1846 5120 Variae
1876 5056 2182 5120 lectiones
2228 5065 2291 5123 et
2329 5064 2522 5121 notae.

524 5162 570 5195 ⁸⁸
601 5162 713 5225 ἴση

453 5232 635 5298 bendi,
671 5240 730 5285 ut
763 5230 936 5301 posui.
1014 5233 1060 5265 "
1093 5230 1226 5285 Erat
1257 5232 1393 5285 enim
1431 5231 1691 5299 ejusmodi
1719 5240 1870 5295 nota,
1914 5232 2161 5301 quoniam
2193 5248 2303 5300 non.
2336 5230 2575 5300 poteram
2630 5231 2835 5300 assequi
2889 5230 2994 5283 nisi
3026 5233 3350 5298 conjectura.

451 5302 580 5365 Υἱὸς
637 5302 732 5355 καὶ
761 5305 789 5354 6
820 5303 1033 5373 Πατὴρ,
1057 5302 1113 5373 ἢ,
1139 5302 1213 5364 ὼς
1246 5302 1275 5352 6
1312 5301 1523 5370 Πατήρ.
1600 5301 1645 5331 ⁵⁵
1672 5304 1762 5356 τόν
1796 5310 1931 5356 erat.

526 5468 546 5483 '
588 5458 762 5515 Verba
791 5462 906 5515 hinc
952 5460 1227 5519 uncinulis
1277 5463 1535 5517 conclusa
1587 5460 1787 5518 desunt
1832 5463 1886 5515 in
1915 5458 2034 5517 cdt-

450 5533 606 5603 tione
624 5530 876 5603 Siphani.
918 5532 989 5585 Ea
1033 5532 1221 5601 procul
1251 5533 1420 5586 dubio
1466 5533 1786 5603 typographi
1816 5532 2030 5603 incuria

451 5598 797 5656 exciderunt.
826 5602 958 5663 Nos,
984 5598 1185 5670 quibus
1213 5598 1658 5665 codicemftinde
1694 5598 1758 5656 ea
1790 5602 2031 5655 manavit

450 5669 641 5726 editio.
714 5669 1012 5727 insoicere’
1043 5685 1149 5725 non
1209 5671 1353 5731 licet.
1401 5687 1465 5727 ca
1523 5687 1589 5728 ex
1629 5672 2027 5732 Chrvsostomo

755 5179 941 5231 φασιν.
1018 5162 1067 5194 ³⁵
1098 5160 1409 5232 τρανῶσθαί
1433 5178 1570 5232 πως,
1601 5171 1739 5215 erat.
1819 5162 1865 5194 ⁸ο
1901 5161 1988 5214 la.
2012 5179 2041 5213 τι

2211 5162 2251 5194 ⁶¹
2277 5160 2609 5231 άνιγμένως,
2635 5168 2748 5213 erat
2778 5176 2797 5213 :
2827 5160 2883 5232 in
2916 5161 3151 5232 margine
3190 5156 3708 5232 correctumhdepref

3465 5226 3509 5257 ⁸³
3561 5225 3647 5278 εον.
3678 5225 3707 5277 ὁ

2143 5463 2526 5519 restituimus:
2578 5475 2705 5517 nam
2738 5479 2802 5519 ex
2828 5463 3018 5516 Latina
3048 5457 3519 5529 interpretatione,
3556 5468 3607 5513 et
3639 5477 3707 5517 ex

2142 5533 2209 5587 iis
2240 5546 2360 5601 quae
2390 5542 2719 5601 sequuntur,
2744 5541 2908 5600 patet,
2930 5530 3418 5601 Theophylactum,
3448 5531 3549 5586 hoc
3567 5531 3706 5597 loco,

2144 5598 2289 5657 sicut
2321 5603 2376 5655 in
2419 5598 2692 5670 plerisque
2738 5598 2887 5670 aliis.
2947 5601 3062 5667 ipsa
3111 5598 3487 5670 Chrysostomi
3544 5604 3707 5657 verba

2144 5669 2461 5733 usurpasse.
2504 5669 2692 5724 Editor
2731 5669 2975 5723 Venetus.
