  <div class='ocr_page' id='page_1' title='image "/cluster/home/n/w/nwhite01/storage/ocr_20150623/125/hvd.32044073502429/277.png"; bbox 0 0 4068 6210; ppageno 0'>
   <div class='ocr_carea' id='block_1_1' title="bbox 393 275 500 342">
    <p class='ocr_par' dir='ltr' id='par_1_1' title="bbox 393 275 500 342">
     <span class='ocr_line' id='line_1_1' title="bbox 393 275 500 342; baseline -0.009 0"><span class='ocrx_word' id='word_1_1' title='bbox 393 275 500 342; x_wconf 77' lang='grc'><strong>515</strong></span> 
     </span>
    </p>
   </div>
   <div class='ocr_carea' id='block_1_2' title="bbox 1313 264 2730 329">
    <p class='ocr_par' dir='ltr' id='par_1_2' title="bbox 1313 264 2730 329">
     <span class='ocr_line' id='line_1_2' title="bbox 1313 264 2730 329; baseline 0 -2"><span class='ocrx_word' id='word_1_2' title='bbox 1313 264 1901 327; x_wconf 83' lang='lat' dir='ltr'><strong>THEOPHYLACTI</strong></span> <span class='ocrx_word' id='word_1_3' title='bbox 1929 265 2345 327; x_wconf 66' lang='lat' dir='ltr'><strong>BULGARIIE</strong></span> <span class='ocrx_word' id='word_1_4' title='bbox 2371 266 2730 329; x_wconf 81' lang='lat' dir='ltr'><strong>ARCHIEP.</strong></span> 
     </span>
    </p>
   </div>
   <div class='ocr_carea' id='block_1_3' title="bbox 3531 263 3638 336">
    <p class='ocr_par' dir='ltr' id='par_1_3' title="bbox 3531 263 3638 336">
     <span class='ocr_line' id='line_1_3' title="bbox 3531 263 3638 336; baseline 0.065 -8"><span class='ocrx_word' id='word_1_5' title='bbox 3531 263 3638 336; x_wconf 76' lang='lat'><strong>516</strong></span> 
     </span>
    </p>
   </div>
   <div class='ocr_carea' id='block_1_4' title="bbox 401 371 1975 449">
    <p class='ocr_par' dir='ltr' id='par_1_4' title="bbox 401 371 1969 449">
     <span class='ocr_line' id='line_1_4' title="bbox 401 371 1969 449; baseline -0.011 -7"><span class='ocrx_word' id='word_1_6' title='bbox 401 392 653 441; x_wconf 88' lang='lat' dir='ltr'><strong>mortuos</strong></span> <span class='ocrx_word' id='word_1_7' title='bbox 690 386 745 437; x_wconf 92' lang='lat' dir='ltr'><strong>et</strong></span> <span class='ocrx_word' id='word_1_8' title='bbox 768 377 1022 433; x_wconf 81' lang='lat' dir='ltr'><strong>viviﬁcat.</strong></span> <span class='ocrx_word' id='word_1_9' title='bbox 1041 372 1196 441; x_wconf 85' lang='lat' dir='ltr'><strong>Quod</strong></span> <span class='ocrx_word' id='word_1_10' title='bbox 1221 372 1287 449; x_wconf 86' lang='lat' dir='ltr'><strong>si,</strong></span> <span class='ocrx_word' id='word_1_11' title='bbox 1321 373 1412 427; x_wconf 88' lang='lat' dir='ltr'><strong>ubi</strong></span> <span class='ocrx_word' id='word_1_12' title='bbox 1446 371 1659 427; x_wconf 88' lang='lat' dir='ltr'><strong>etlicere</strong></span> <span class='ocrx_word' id='word_1_13' title='bbox 1696 388 1818 427; x_wconf 89' lang='lat' dir='ltr'><strong>cum</strong></span> <span class='ocrx_word' id='word_1_14' title='bbox 1870 389 1969 444; x_wconf 83' lang='lat' dir='ltr'><strong>po-</strong></span> 
     </span>
    </p>
   </div>
   <div class='ocr_carea' id='block_1_5' title="bbox 2076 371 3642 449">
    <p class='ocr_par' dir='ltr' id='par_1_5' title="bbox 2076 371 3642 445">
     <span class='ocr_line' id='line_1_5' title="bbox 2076 371 3642 445; baseline 0.003 -19"><span class='ocrx_word' id='word_1_15' title='bbox 2076 373 2126 426; x_wconf 76' lang='grc' dir='ltr'>δὲ</span> <span class='ocrx_word' id='word_1_16' title='bbox 2159 375 2235 443; x_wconf 84' lang='grc' dir='ltr'>μὴ</span> <span class='ocrx_word' id='word_1_17' title='bbox 2268 373 2403 444; x_wconf 78' lang='grc' dir='ltr'>πρὸς</span> <span class='ocrx_word' id='word_1_18' title='bbox 2444 372 2480 427; x_wconf 75' lang='grc' dir='ltr'>ἃ</span> <span class='ocrx_word' id='word_1_19' title='bbox 2531 374 2825 444; x_wconf 71' lang='grc' dir='ltr'>ἠρώτησαν</span> <span class='ocrx_word' id='word_1_20' title='bbox 2867 372 2914 426; x_wconf 81' lang='lat' dir='ltr'><strong>oi</strong></span> <span class='ocrx_word' id='word_1_21' title='bbox 2959 371 3232 444; x_wconf 80' lang='grc' dir='ltr'>μαθηταὶ,</span> <span class='ocrx_word' id='word_1_22' title='bbox 3286 372 3563 445; x_wconf 75' lang='grc' dir='ltr'><strong>ἀπεκρίθη</strong></span> <span class='ocrx_word' id='word_1_23' title='bbox 3610 378 3642 431; x_wconf 81' lang='grc' dir='ltr'><strong>ὁ</strong></span> 
     </span>
    </p>
   </div>
   <div class='ocr_carea' id='block_1_6' title="bbox 391 464 1968 548">
    <p class='ocr_par' dir='ltr' id='par_1_6' title="bbox 391 464 1968 548">
     <span class='ocr_line' id='line_1_6' title="bbox 391 464 1968 548; baseline -0.011 -17"><span class='ocrx_word' id='word_1_24' title='bbox 391 483 593 531; x_wconf 85' lang='lat' dir='ltr'><strong>testate</strong></span> <span class='ocrx_word' id='word_1_25' title='bbox 614 479 827 542; x_wconf 81' lang='lat' dir='ltr'><strong>oportet</strong></span> <span class='ocrx_word' id='word_1_26' title='bbox 851 465 1127 522; x_wconf 84' lang='lat' dir='ltr'><strong>horrenda</strong></span> <span class='ocrx_word' id='word_1_27' title='bbox 1164 472 1325 532; x_wconf 88' lang='lat' dir='ltr'><strong>atque</strong></span> <span class='ocrx_word' id='word_1_28' title='bbox 1365 477 1607 548; x_wconf 60' lang='lat' dir='ltr'><strong>arcana,</strong></span> <span class='ocrx_word' id='word_1_29' title='bbox 1632 465 1777 518; x_wconf 85' lang='lat' dir='ltr'><strong>sicut</strong></span> <span class='ocrx_word' id='word_1_30' title='bbox 1810 464 1968 520; x_wconf 77' lang='lat' dir='ltr'><strong>Pater</strong></span> 
     </span>
    </p>
   </div>
   <div class='ocr_carea' id='block_1_7' title="bbox 393 552 1968 633">
    <p class='ocr_par' dir='ltr' id='par_1_7' title="bbox 393 552 1968 633">
     <span class='ocr_line' id='line_1_7' title="bbox 393 552 1968 633; baseline -0.007 -14"><span class='ocrx_word' id='word_1_31' title='bbox 393 575 682 633; x_wconf 86' lang='lat' dir='ltr'><strong>operatur:</strong></span> <span class='ocrx_word' id='word_1_32' title='bbox 703 559 870 614; x_wconf 88' lang='lat' dir='ltr'><strong>multo</strong></span> <span class='ocrx_word' id='word_1_33' title='bbox 889 556 1084 621; x_wconf 69' lang='lat' dir='ltr'><strong>magis,</strong></span> <span class='ocrx_word' id='word_1_34' title='bbox 1100 553 1187 607; x_wconf 85' lang='lat' dir='ltr'><strong>ubi</strong></span> <span class='ocrx_word' id='word_1_35' title='bbox 1206 560 1419 622; x_wconf 80' lang='lat' dir='ltr'><strong>Oportet</strong></span> <span class='ocrx_word' id='word_1_36' title='bbox 1439 554 1601 608; x_wconf 86' lang='lat' dir='ltr'><strong>scire.</strong></span> <span class='ocrx_word' id='word_1_37' title='bbox 1623 552 1805 624; x_wconf 87' lang='lat' dir='ltr'><strong>Longe</strong></span> <span class='ocrx_word' id='word_1_38' title='bbox 1821 555 1968 610; x_wconf 88' lang='lat' dir='ltr'><strong>enim</strong></span> 
     </span>
    </p>
   </div>
   <div class='ocr_carea' id='block_1_8' title="bbox 394 645 1967 723">
    <p class='ocr_par' dir='ltr' id='par_1_8' title="bbox 394 645 1967 723">
     <span class='ocr_line' id='line_1_8' title="bbox 394 645 1967 723; baseline -0.008 -14"><span class='ocrx_word' id='word_1_39' title='bbox 394 654 577 723; x_wconf 77' lang='lat' dir='ltr'><strong>majus</strong></span> <span class='ocrx_word' id='word_1_40' title='bbox 607 661 710 716; x_wconf 89' lang='lat' dir='ltr'><strong>est,</strong></span> <span class='ocrx_word' id='word_1_41' title='bbox 743 657 987 703; x_wconf 88' lang='lat' dir='ltr'><strong>mortuos</strong></span> <span class='ocrx_word' id='word_1_42' title='bbox 1004 645 1244 702; x_wconf 81' lang='lat' dir='ltr'><strong>excitare</strong></span> <span class='ocrx_word' id='word_1_43' title='bbox 1277 660 1400 698; x_wconf 86' lang='lat' dir='ltr'><strong>cum</strong></span> <span class='ocrx_word' id='word_1_44' title='bbox 1424 645 1525 713; x_wconf 79' lang='lat'><strong>12</strong></span> <span class='ocrx_word' id='word_1_45' title='bbox 1557 645 1670 713; x_wconf 89' lang='lat' dir='ltr'><strong>pari</strong></span> <span class='ocrx_word' id='word_1_46' title='bbox 1696 654 1752 699; x_wconf 93' lang='lat' dir='ltr'><strong>et</strong></span> <span class='ocrx_word' id='word_1_47' title='bbox 1781 646 1967 700; x_wconf 89' lang='lat' dir='ltr'><strong>eadem</strong></span> 
     </span>
    </p>
   </div>
   <div class='ocr_carea' id='block_1_9' title="bbox 395 735 1969 810">
    <p class='ocr_par' dir='ltr' id='par_1_9' title="bbox 395 735 1969 810">
     <span class='ocr_line' id='line_1_9' title="bbox 395 735 1969 810; baseline -0.008 -9"><span class='ocrx_word' id='word_1_48' title='bbox 395 761 523 801; x_wconf 91' lang='lat' dir='ltr'><strong>cum</strong></span> <span class='ocrx_word' id='word_1_49' title='bbox 547 743 709 798; x_wconf 82' lang='lat' dir='ltr'><strong>Patre</strong></span> <span class='ocrx_word' id='word_1_50' title='bbox 746 747 1030 810; x_wconf 72' lang='lat' dir='ltr'><strong>potestate,</strong></span> <span class='ocrx_word' id='word_1_51' title='bbox 1066 752 1228 806; x_wconf 88' lang='lat' dir='ltr'><strong>quam</strong></span> <span class='ocrx_word' id='word_1_52' title='bbox 1260 736 1404 791; x_wconf 87' lang='lat' dir='ltr'><strong>diem</strong></span> <span class='ocrx_word' id='word_1_53' title='bbox 1447 737 1610 791; x_wconf 89' lang='lat' dir='ltr'><strong>scire.</strong></span> <span class='ocrx_word' id='word_1_54' title='bbox 1650 736 1755 791; x_wconf 86' lang='lat' dir='ltr'><strong>Sed</strong></span> <span class='ocrx_word' id='word_1_55' title='bbox 1778 751 1879 791; x_wconf 91' lang='lat' dir='ltr'><strong>cur</strong></span> <span class='ocrx_word' id='word_1_56' title='bbox 1901 735 1969 789; x_wconf 89' lang='lat' dir='ltr'><strong>ad</strong></span> 
     </span>
    </p>
   </div>
   <div class='ocr_carea' id='block_1_10' title="bbox 394 827 1973 904">
    <p class='ocr_par' dir='ltr' id='par_1_10' title="bbox 394 827 1973 904">
     <span class='ocr_line' id='line_1_10' title="bbox 394 827 1973 904; baseline -0.007 -12"><span class='ocrx_word' id='word_1_57' title='bbox 394 853 479 900; x_wconf 84' lang='lat' dir='ltr'><strong>ea,</strong></span> <span class='ocrx_word' id='word_1_58' title='bbox 497 850 618 904; x_wconf 65' lang='lat' dir='ltr'><strong>quae</strong></span> <span class='ocrx_word' id='word_1_59' title='bbox 634 831 887 901; x_wconf 74' lang='lat' dir='ltr'><strong>discipuli</strong></span> <span class='ocrx_word' id='word_1_60' title='bbox 914 827 1340 899; x_wconf 81' lang='lat' dir='ltr'><strong>interrogabant,</strong></span> <span class='ocrx_word' id='word_1_61' title='bbox 1358 828 1606 882; x_wconf 85' lang='lat' dir='ltr'><strong>Christus</strong></span> <span class='ocrx_word' id='word_1_62' title='bbox 1619 843 1726 897; x_wconf 85' lang='lat' dir='ltr'><strong>non</strong></span> <span class='ocrx_word' id='word_1_63' title='bbox 1744 843 1973 895; x_wconf 87' lang='lat' dir='ltr'><strong>respon-</strong></span> 
     </span>
    </p>
   </div>
   <div class='ocr_carea' id='block_1_11' title="bbox 393 916 1973 989">
    <p class='ocr_par' dir='ltr' id='par_1_11' title="bbox 393 916 1973 989">
     <span class='ocr_line' id='line_1_11' title="bbox 393 916 1973 989; baseline -0.007 -7"><span class='ocrx_word' id='word_1_64' title='bbox 393 928 494 988; x_wconf 89' lang='lat' dir='ltr'><strong>dit,</strong></span> <span class='ocrx_word' id='word_1_65' title='bbox 521 925 614 981; x_wconf 87' lang='lat' dir='ltr'><strong>scd</strong></span> <span class='ocrx_word' id='word_1_66' title='bbox 630 924 797 977; x_wconf 81' lang='lat' dir='ltr'><strong>dixit:</strong></span> <span class='ocrx_word' id='word_1_67' title='bbox 825 921 1111 989; x_wconf 83' lang='lat' dir='ltr'><strong>Accipietis</strong></span> <span class='ocrx_word' id='word_1_68' title='bbox 1125 920 1375 973; x_wconf 84' lang='lat' dir='ltr'><strong>virtutem</strong></span> <span class='ocrx_word' id='word_1_69' title='bbox 1398 917 1420 970; x_wconf 88' lang='lat'><strong>?</strong></span> <span class='ocrx_word' id='word_1_70' title='bbox 1442 916 1798 986; x_wconf 85' lang='lat' dir='ltr'><strong>Respondcns</strong></span> <span class='ocrx_word' id='word_1_71' title='bbox 1819 917 1973 972; x_wconf 76' lang='lat' dir='ltr'><strong>dixe-</strong></span> 
     </span>
    </p>
   </div>
   <div class='ocr_carea' id='block_1_12' title="bbox 395 1003 1973 1072">
    <p class='ocr_par' dir='ltr' id='par_1_12' title="bbox 395 1003 1973 1072">
     <span class='ocr_line' id='line_1_12' title="bbox 395 1003 1973 1072; baseline -0.006 -5"><span class='ocrx_word' id='word_1_72' title='bbox 395 1023 514 1067; x_wconf 85' lang='lat' dir='ltr'><strong>rat:</strong></span> <span class='ocrx_word' id='word_1_73' title='bbox 537 1010 654 1065; x_wconf 84' lang='lat' dir='ltr'><strong>Non</strong></span> <span class='ocrx_word' id='word_1_74' title='bbox 680 1018 762 1065; x_wconf 86' lang='lat' dir='ltr'><strong>est</strong></span> <span class='ocrx_word' id='word_1_75' title='bbox 793 1016 1033 1062; x_wconf 84' lang='lat' dir='ltr'><strong>vestrum</strong></span> <span class='ocrx_word' id='word_1_76' title='bbox 1061 1007 1222 1071; x_wconf 88' lang='lat' dir='ltr'><strong>scire,</strong></span> <span class='ocrx_word' id='word_1_77' title='bbox 1247 1016 1302 1060; x_wconf 92' lang='lat' dir='ltr'><strong>et</strong></span> <span class='ocrx_word' id='word_1_78' title='bbox 1351 1014 1480 1058; x_wconf 90' lang='lat' dir='ltr'><strong>tunc</strong></span> <span class='ocrx_word' id='word_1_79' title='bbox 1512 1003 1795 1072; x_wconf 83' lang='lat' dir='ltr'><strong>suhjunxit</strong></span> <span class='ocrx_word' id='word_1_80' title='bbox 1830 1020 1843 1055; x_wconf 90' lang='lat'><strong>:</strong></span> <span class='ocrx_word' id='word_1_81' title='bbox 1876 1003 1973 1058; x_wconf 88' lang='lat' dir='ltr'><strong>sed</strong></span> 
     </span>
    </p>
   </div>
   <div class='ocr_carea' id='block_1_13' title="bbox 404 1095 1970 1172">
    <p class='ocr_par' dir='ltr' id='par_1_13' title="bbox 404 1095 1970 1172">
     <span class='ocr_line' id='line_1_13' title="bbox 404 1095 1970 1172; baseline -0.006 -17"><span class='ocrx_word' id='word_1_82' title='bbox 404 1102 694 1172; x_wconf 81' lang='lat' dir='ltr'><strong>accipietis</strong></span> <span class='ocrx_word' id='word_1_83' title='bbox 740 1100 1016 1153; x_wconf 81' lang='lat' dir='ltr'><strong>virtutem.</strong></span> <span class='ocrx_word' id='word_1_84' title='bbox 1066 1097 1281 1151; x_wconf 83' lang='lat' dir='ltr'><strong>Etenim</strong></span> <span class='ocrx_word' id='word_1_85' title='bbox 1326 1097 1441 1149; x_wconf 77' lang='lat' dir='ltr'><strong>[nec</strong></span> <span class='ocrx_word' id='word_1_86' title='bbox 1481 1095 1648 1148; x_wconf 89' lang='lat' dir='ltr'><strong>dictio</strong></span> <span class='ocrx_word' id='word_1_87' title='bbox 1687 1109 1970 1148; x_wconf 78' lang='lat' dir='ltr'><strong>accessura</strong></span> 
     </span>
    </p>
   </div>
   <div class='ocr_carea' id='block_1_14' title="bbox 388 1185 1971 1261">
    <p class='ocr_par' dir='ltr' id='par_1_14' title="bbox 388 1185 1971 1261">
     <span class='ocr_line' id='line_1_14' title="bbox 388 1185 1971 1261; baseline -0.007 -10"><span class='ocrx_word' id='word_1_88' title='bbox 388 1193 718 1261; x_wconf 81' lang='lat' dir='ltr'><strong>quemdam,</strong></span> <span class='ocrx_word' id='word_1_89' title='bbox 766 1199 840 1252; x_wconf 87' lang='lat' dir='ltr'><strong>el,</strong></span> <span class='ocrx_word' id='word_1_90' title='bbox 876 1198 934 1241; x_wconf 89' lang='lat' dir='ltr'><strong>ut</strong></span> <span class='ocrx_word' id='word_1_91' title='bbox 971 1188 1046 1241; x_wconf 90' lang='lat' dir='ltr'><strong>ita</strong></span> <span class='ocrx_word' id='word_1_92' title='bbox 1095 1186 1296 1251; x_wconf 84' lang='lat' dir='ltr'><strong>dicam,</strong></span> <span class='ocrx_word' id='word_1_93' title='bbox 1356 1185 1681 1240; x_wconf 84' lang='lat' dir='ltr'><strong>amuentiam</strong></span> <span class='ocrx_word' id='word_1_94' title='bbox 1732 1185 1971 1254; x_wconf 75' lang='lat' dir='ltr'><strong>Spiritus</strong></span> 
     </span>
    </p>
   </div>
   <div class='ocr_carea' id='block_1_15' title="bbox 394 1275 1970 1353">
    <p class='ocr_par' dir='ltr' id='par_1_15' title="bbox 394 1275 1970 1353">
     <span class='ocr_line' id='line_1_15' title="bbox 394 1275 1970 1353; baseline -0.005 -15"><span class='ocrx_word' id='word_1_95' title='bbox 394 1282 690 1353; x_wconf 79' lang='lat' dir='ltr'><strong>signiﬁcat.</strong></span> <span class='ocrx_word' id='word_1_96' title='bbox 726 1280 1021 1335; x_wconf 81' lang='lat' dir='ltr'><strong>Dicendum</strong></span> <span class='ocrx_word' id='word_1_97' title='bbox 1053 1278 1219 1347; x_wconf 76' lang='lat' dir='ltr'><strong>igitur</strong></span> <span class='ocrx_word' id='word_1_98' title='bbox 1245 1276 1314 1331; x_wconf 87' lang='lat' dir='ltr'><strong>de</strong></span> <span class='ocrx_word' id='word_1_99' title='bbox 1354 1283 1502 1330; x_wconf 88' lang='lat' dir='ltr'><strong>secta</strong></span> <span class='ocrx_word' id='word_1_100' title='bbox 1550 1275 1845 1345; x_wconf 84' lang='lat' dir='ltr'><strong>Phrygum,</strong></span> <span class='ocrx_word' id='word_1_101' title='bbox 1877 1277 1970 1346; x_wconf 85' lang='lat' dir='ltr'><strong>qui</strong></span> 
     </span>
    </p>
   </div>
   <div class='ocr_carea' id='block_1_16' title="bbox 403 1363 1974 1439">
    <p class='ocr_par' dir='ltr' id='par_1_16' title="bbox 403 1363 1974 1439">
     <span class='ocr_line' id='line_1_16' title="bbox 403 1363 1974 1439; baseline -0.003 -14"><span class='ocrx_word' id='word_1_102' title='bbox 403 1378 594 1439; x_wconf 87' lang='lat' dir='ltr'><strong>putant</strong></span> <span class='ocrx_word' id='word_1_103' title='bbox 625 1377 746 1439; x_wconf 90' lang='lat' dir='ltr'><strong>post</strong></span> <span class='ocrx_word' id='word_1_104' title='bbox 795 1369 1061 1423; x_wconf 88' lang='lat' dir='ltr'><strong>ducentos</strong></span> <span class='ocrx_word' id='word_1_105' title='bbox 1098 1365 1211 1420; x_wconf 77' lang='lat' dir='ltr'><strong>fere</strong></span> <span class='ocrx_word' id='word_1_106' title='bbox 1266 1379 1440 1418; x_wconf 86' lang='lat' dir='ltr'><strong>annos</strong></span> <span class='ocrx_word' id='word_1_107' title='bbox 1494 1363 1563 1417; x_wconf 88' lang='lat' dir='ltr'><strong>ab</strong></span> <span class='ocrx_word' id='word_1_108' title='bbox 1596 1365 1974 1435; x_wconf 82' lang='lat' dir='ltr'><strong>assumptione</strong></span> 
     </span>
    </p>
   </div>
   <div class='ocr_carea' id='block_1_17' title="bbox 392 1455 1973 1526">
    <p class='ocr_par' dir='ltr' id='par_1_17' title="bbox 392 1455 1973 1526">
     <span class='ocr_line' id='line_1_17' title="bbox 392 1455 1973 1526; baseline -0.001 -13"><span class='ocrx_word' id='word_1_109' title='bbox 392 1460 598 1514; x_wconf 83' lang='lat' dir='ltr'><strong>Christi</strong></span> <span class='ocrx_word' id='word_1_110' title='bbox 625 1459 962 1514; x_wconf 88' lang='lat' dir='ltr'><strong>Paracletum</strong></span> <span class='ocrx_word' id='word_1_111' title='bbox 989 1456 1215 1511; x_wconf 87' lang='lat' dir='ltr'><strong>missum</strong></span> <span class='ocrx_word' id='word_1_112' title='bbox 1248 1470 1371 1510; x_wconf 87' lang='lat' dir='ltr'><strong>esse</strong></span> <span class='ocrx_word' id='word_1_113' title='bbox 1395 1455 1449 1510; x_wconf 89' lang='lat' dir='ltr'><strong>in</strong></span> <span class='ocrx_word' id='word_1_114' title='bbox 1495 1455 1777 1521; x_wconf 87' lang='lat' dir='ltr'><strong>mulieres,</strong></span> <span class='ocrx_word' id='word_1_115' title='bbox 1833 1462 1973 1526; x_wconf 81' lang='lat' dir='ltr'><strong>quas</strong></span> 
     </span>
    </p>
   </div>
   <div class='ocr_carea' id='block_1_18' title="bbox 398 1545 1970 1621">
    <p class='ocr_par' dir='ltr' id='par_1_18' title="bbox 398 1545 1970 1621">
     <span class='ocr_line' id='line_1_18' title="bbox 398 1545 1970 1621; baseline -0.003 -15"><span class='ocrx_word' id='word_1_116' title='bbox 398 1561 594 1621; x_wconf 85' lang='lat' dir='ltr'><strong>putant</strong></span> <span class='ocrx_word' id='word_1_117' title='bbox 617 1566 741 1606; x_wconf 87' lang='lat' dir='ltr'><strong>esse</strong></span> <span class='ocrx_word' id='word_1_118' title='bbox 765 1550 1164 1621; x_wconf 87' lang='lat' dir='ltr'><strong>prophetissas,</strong></span> <span class='ocrx_word' id='word_1_119' title='bbox 1186 1546 1489 1600; x_wconf 86' lang='lat' dir='ltr'><strong>Priscillam</strong></span> <span class='ocrx_word' id='word_1_120' title='bbox 1514 1554 1569 1600; x_wconf 87' lang='lat' dir='ltr'><strong>et</strong></span> <span class='ocrx_word' id='word_1_121' title='bbox 1594 1545 1970 1614; x_wconf 79' lang='lat' dir='ltr'><strong>Maximillam,</strong></span> 
     </span>
    </p>
   </div>
   <div class='ocr_carea' id='block_1_19' title="bbox 392 1634 1971 1708">
    <p class='ocr_par' dir='ltr' id='par_1_19' title="bbox 392 1634 1971 1708">
     <span class='ocr_line' id='line_1_19' title="bbox 392 1634 1971 1708; baseline -0.001 -14"><span class='ocrx_word' id='word_1_122' title='bbox 392 1651 446 1694; x_wconf 89' lang='lat' dir='ltr'><strong>et</strong></span> <span class='ocrx_word' id='word_1_123' title='bbox 489 1642 540 1693; x_wconf 91' lang='lat' dir='ltr'><strong>in</strong></span> <span class='ocrx_word' id='word_1_124' title='bbox 584 1656 732 1704; x_wconf 87' lang='lat' dir='ltr'><strong>eum,</strong></span> <span class='ocrx_word' id='word_1_125' title='bbox 782 1639 877 1708; x_wconf 89' lang='lat' dir='ltr'><strong>qui</strong></span> <span class='ocrx_word' id='word_1_126' title='bbox 918 1638 1109 1692; x_wconf 80' lang='lat' dir='ltr'><strong>eodem</strong></span> <span class='ocrx_word' id='word_1_127' title='bbox 1140 1652 1265 1692; x_wconf 89' lang='lat' dir='ltr'><strong>cum</strong></span> <span class='ocrx_word' id='word_1_128' title='bbox 1300 1636 1407 1691; x_wconf 83' lang='lat' dir='ltr'><strong>illis</strong></span> <span class='ocrx_word' id='word_1_129' title='bbox 1455 1634 1642 1691; x_wconf 82' lang='lat' dir='ltr'><strong>furore</strong></span> <span class='ocrx_word' id='word_1_130' title='bbox 1688 1645 1971 1707; x_wconf 79' lang='lat' dir='ltr'><strong>correptus</strong></span> 
     </span>
    </p>
   </div>
   <div class='ocr_carea' id='block_1_20' title="bbox 2071 465 3645 537">
    <p class='ocr_par' dir='ltr' id='par_1_20' title="bbox 2071 465 3645 537">
     <span class='ocr_line' id='line_1_20' title="bbox 2071 465 3645 537; baseline 0.001 -19"><span class='ocrx_word' id='word_1_131' title='bbox 2071 466 2325 537; x_wconf 81' lang='grc' dir='ltr'>Χριστὸς,</span> <span class='ocrx_word' id='word_1_132' title='bbox 2386 466 2504 519; x_wconf 83' lang='grc' dir='ltr'>ἀλλ’</span> <span class='ocrx_word' id='word_1_133' title='bbox 2542 465 2643 535; x_wconf 75' lang='grc' dir='ltr'><strong>ἔφη</strong></span> <span class='ocrx_word' id='word_1_134' title='bbox 2672 507 2688 532; x_wconf 94' lang='grc'>,</span> <span class='ocrx_word' id='word_1_135' title='bbox 2740 466 2845 534; x_wconf 81' lang='grc' dir='ltr'>ὅτι,</span> <span class='ocrx_word' id='word_1_136' title='bbox 2876 465 3127 536; x_wconf 80' lang='grc' dir='ltr'>Λήψεσθε</span> <span class='ocrx_word' id='word_1_137' title='bbox 3170 465 3434 536; x_wconf 80' lang='grc' dir='ltr'><strong>δύναμιν;</strong></span> <span class='ocrx_word' id='word_1_138' title='bbox 3480 467 3645 520; x_wconf 84' lang='grc' dir='ltr'><strong>Ἀπε-</strong></span> 
     </span>
    </p>
   </div>
   <div class='ocr_carea' id='block_1_21' title="bbox 2073 554 3645 626">
    <p class='ocr_par' dir='ltr' id='par_1_21' title="bbox 2073 554 3645 626">
     <span class='ocr_line' id='line_1_21' title="bbox 2073 554 3645 626; baseline 0 -18"><span class='ocrx_word' id='word_1_139' title='bbox 2073 554 2234 626; x_wconf 83' lang='grc' dir='ltr'>κρίθη</span> <span class='ocrx_word' id='word_1_140' title='bbox 2259 555 2428 609; x_wconf 83' lang='grc' dir='ltr'>εἰπών</span> <span class='ocrx_word' id='word_1_141' title='bbox 2448 570 2462 584; x_wconf 82' lang='grc'><em>’</em></span> <span class='ocrx_word' id='word_1_142' title='bbox 2500 557 2612 625; x_wconf 76' lang='grc' dir='ltr'>Οὐχ</span> <span class='ocrx_word' id='word_1_143' title='bbox 2638 555 2791 625; x_wconf 81' lang='grc' dir='ltr'>ὑμῶν</span> <span class='ocrx_word' id='word_1_144' title='bbox 2821 556 2937 607; x_wconf 77' lang='grc' dir='ltr'>ἐστι</span> <span class='ocrx_word' id='word_1_145' title='bbox 2971 556 3192 622; x_wconf 76' lang='grc' dir='ltr'>γνῶναιο</span> <span class='ocrx_word' id='word_1_146' title='bbox 3229 555 3321 609; x_wconf 71' lang='grc' dir='ltr'>καὶ</span> <span class='ocrx_word' id='word_1_147' title='bbox 3354 556 3473 608; x_wconf 84' lang='grc' dir='ltr'>τότε</span> <span class='ocrx_word' id='word_1_148' title='bbox 3504 556 3645 626; x_wconf 76' lang='grc' dir='ltr'><strong>ὲπήο</strong></span> 
     </span>
    </p>
   </div>
   <div class='ocr_carea' id='block_1_22' title="bbox 2073 641 3644 713">
    <p class='ocr_par' dir='ltr' id='par_1_22' title="bbox 2073 641 3644 713">
     <span class='ocr_line' id='line_1_22' title="bbox 2073 641 3644 713; baseline 0 -17"><span class='ocrx_word' id='word_1_149' title='bbox 2073 660 2268 712; x_wconf 88' lang='grc' dir='ltr'>γαγεν,</span> <span class='ocrx_word' id='word_1_150' title='bbox 2334 644 2493 711; x_wconf 84' lang='grc' dir='ltr'>ἀλλὰ,</span> <span class='ocrx_word' id='word_1_151' title='bbox 2543 642 2792 713; x_wconf 68' lang='grc' dir='ltr'>Λήψεσθε</span> <span class='ocrx_word' id='word_1_152' title='bbox 2847 641 3091 712; x_wconf 82' lang='grc' dir='ltr'>δύναμιν.</span> <span class='ocrx_word' id='word_1_153' title='bbox 3147 641 3420 712; x_wconf 78' lang='grc' dir='ltr'>Καὶαῦτη</span> <span class='ocrx_word' id='word_1_154' title='bbox 3455 643 3563 712; x_wconf 84' lang='grc' dir='ltr'>γὰρ</span> <span class='ocrx_word' id='word_1_155' title='bbox 3611 644 3644 713; x_wconf 83' lang='grc' dir='ltr'><strong>ἡ</strong></span> 
     </span>
    </p>
   </div>
   <div class='ocr_carea' id='block_1_23' title="bbox 2072 731 3640 803">
    <p class='ocr_par' dir='ltr' id='par_1_23' title="bbox 2072 731 3640 803">
     <span class='ocr_line' id='line_1_23' title="bbox 2072 731 3640 803; baseline -0.001 -18"><span class='ocrx_word' id='word_1_156' title='bbox 2072 732 2216 797; x_wconf 81' lang='grc' dir='ltr'>λέξις</span> <span class='ocrx_word' id='word_1_157' title='bbox 2247 734 2529 787; x_wconf 84' lang='grc' dir='ltr'>ὲπέλευσίν</span> <span class='ocrx_word' id='word_1_158' title='bbox 2560 751 2702 798; x_wconf 88' lang='grc' dir='ltr'>τινα,</span> <span class='ocrx_word' id='word_1_159' title='bbox 2735 732 2831 785; x_wconf 76' lang='grc' dir='ltr'>καὶ</span> <span class='ocrx_word' id='word_1_160' title='bbox 2860 731 2927 785; x_wconf 81' lang='grc' dir='ltr'><strong>ἵν’</strong></span> <span class='ocrx_word' id='word_1_161' title='bbox 2954 732 3127 789; x_wconf 74' lang='grc' dir='ltr'>οὕτως</span> <span class='ocrx_word' id='word_1_162' title='bbox 3161 732 3319 793; x_wconf 82' lang='grc' dir='ltr'>είπω,</span> <span class='ocrx_word' id='word_1_163' title='bbox 3355 732 3640 803; x_wconf 81' lang='grc' dir='ltr'>έπίρῤοιαν</span> 
     </span>
    </p>
   </div>
   <div class='ocr_carea' id='block_1_24' title="bbox 2072 818 3644 895">
    <p class='ocr_par' dir='ltr' id='par_1_24' title="bbox 2072 818 3644 895">
     <span class='ocr_line' id='line_1_24' title="bbox 2072 818 3644 895; baseline 0 -20"><span class='ocrx_word' id='word_1_164' title='bbox 2072 823 2165 875; x_wconf 86' lang='grc' dir='ltr'><strong>τοῦ</strong></span> <span class='ocrx_word' id='word_1_165' title='bbox 2200 824 2514 895; x_wconf 86' lang='grc' dir='ltr'>Πνεύματος</span> <span class='ocrx_word' id='word_1_166' title='bbox 2553 824 2722 892; x_wconf 86' lang='grc' dir='ltr'>δηλοῖ.</span> <span class='ocrx_word' id='word_1_167' title='bbox 2754 823 2990 876; x_wconf 78' lang='grc' dir='ltr'><strong>Λεκτέον</strong></span> <span class='ocrx_word' id='word_1_168' title='bbox 3025 818 3120 876; x_wconf 84' lang='grc' dir='ltr'><strong>οὖν</strong></span> <span class='ocrx_word' id='word_1_169' title='bbox 3154 822 3263 875; x_wconf 85' lang='grc' dir='ltr'>τῶν</span> <span class='ocrx_word' id='word_1_170' title='bbox 3290 823 3517 893; x_wconf 80' lang='grc' dir='ltr'><strong>Φρυγῶν</strong></span> <span class='ocrx_word' id='word_1_171' title='bbox 3545 826 3644 895; x_wconf 81' lang='grc' dir='ltr'><strong>τήν</strong></span> 
     </span>
    </p>
   </div>
   <div class='ocr_carea' id='block_1_25' title="bbox 2081 913 3645 984">
    <p class='ocr_par' dir='ltr' id='par_1_25' title="bbox 2081 913 3645 984">
     <span class='ocr_line' id='line_1_25' title="bbox 2081 913 3645 984; baseline 0 -18"><span class='ocrx_word' id='word_1_172' title='bbox 2081 915 2298 982; x_wconf 78' lang='grc' dir='ltr'>αἰρεσιν</span> <span class='ocrx_word' id='word_1_173' title='bbox 2331 916 2594 982; x_wconf 75' lang='grc' dir='ltr'>οἰομένων</span> <span class='ocrx_word' id='word_1_174' title='bbox 2648 932 2750 967; x_wconf 88' lang='grc' dir='ltr'><strong>που</strong></span> <span class='ocrx_word' id='word_1_175' title='bbox 2789 915 2925 984; x_wconf 79' lang='grc' dir='ltr'>μετὰ</span> <span class='ocrx_word' id='word_1_176' title='bbox 2973 913 3224 967; x_wconf 84' lang='grc' dir='ltr'><strong>διακόσια</strong></span> <span class='ocrx_word' id='word_1_177' title='bbox 3255 913 3349 982; x_wconf 79' lang='grc' dir='ltr'>ἔτη</span> <span class='ocrx_word' id='word_1_178' title='bbox 3385 913 3485 981; x_wconf 78' lang='grc' dir='ltr'>τῆς</span> <span class='ocrx_word' id='word_1_179' title='bbox 3517 915 3645 967; x_wconf 90' lang='grc' dir='ltr'>ἀνα-</span> 
     </span>
    </p>
   </div>
   <div class='ocr_carea' id='block_1_26' title="bbox 2074 1004 3644 1077">
    <p class='ocr_par' dir='ltr' id='par_1_26' title="bbox 2074 1004 3644 1077">
     <span class='ocr_line' id='line_1_26' title="bbox 2074 1004 3644 1077; baseline 0 -20"><span class='ocrx_word' id='word_1_180' title='bbox 2074 1006 2290 1076; x_wconf 76' lang='grc' dir='ltr'>λήψεως</span> <span class='ocrx_word' id='word_1_181' title='bbox 2319 1005 2413 1058; x_wconf 87' lang='grc' dir='ltr'><strong>τοῦ</strong></span> <span class='ocrx_word' id='word_1_182' title='bbox 2446 1004 2690 1077; x_wconf 79' lang='grc' dir='ltr'><strong>Χριστοῦ</strong></span> <span class='ocrx_word' id='word_1_183' title='bbox 2734 1004 3051 1076; x_wconf 72' lang='grc' dir='ltr'>πεπέμφθαι</span> <span class='ocrx_word' id='word_1_184' title='bbox 3081 1004 3172 1058; x_wconf 83' lang='grc' dir='ltr'>τὸν</span> <span class='ocrx_word' id='word_1_185' title='bbox 3207 1004 3559 1075; x_wconf 78' lang='grc' dir='ltr'>Παράκλητον</span> <span class='ocrx_word' id='word_1_186' title='bbox 3588 1007 3644 1057; x_wconf 83' lang='grc' dir='ltr'><strong>ὲν</strong></span> 
     </span>
    </p>
   </div>
   <div class='ocr_carea' id='block_1_27' title="bbox 2076 1094 3644 1166">
    <p class='ocr_par' dir='ltr' id='par_1_27' title="bbox 2076 1094 3644 1166">
     <span class='ocr_line' id='line_1_27' title="bbox 2076 1094 3644 1166; baseline 0.001 -20"><span class='ocrx_word' id='word_1_187' title='bbox 2076 1098 2198 1157; x_wconf 71' lang='grc' dir='ltr'>ταῖς</span> <span class='ocrx_word' id='word_1_188' title='bbox 2238 1096 2505 1162; x_wconf 70' lang='grc' dir='ltr'>γυναιξὶν,</span> <span class='ocrx_word' id='word_1_189' title='bbox 2557 1096 2622 1158; x_wconf 79' lang='grc' dir='ltr'><strong>ἀς</strong></span> <span class='ocrx_word' id='word_1_190' title='bbox 2655 1096 2858 1149; x_wconf 74' lang='grc' dir='ltr'>οἴονται</span> <span class='ocrx_word' id='word_1_191' title='bbox 2908 1097 3247 1166; x_wconf 71' lang='grc' dir='ltr'><strong>προφήτιδας</strong></span> <span class='ocrx_word' id='word_1_192' title='bbox 3299 1094 3470 1162; x_wconf 81' lang='grc' dir='ltr'>εἶναι,</span> <span class='ocrx_word' id='word_1_193' title='bbox 3507 1098 3644 1165; x_wconf 83' lang='grc' dir='ltr'><strong>Πρι-</strong></span> 
     </span>
    </p>
   </div>
   <div class='ocr_carea' id='block_1_28' title="bbox 2077 1185 3643 1259">
    <p class='ocr_par' dir='ltr' id='par_1_28' title="bbox 2077 1185 3643 1259">
     <span class='ocr_line' id='line_1_28' title="bbox 2077 1185 3643 1259; baseline 0.001 -22"><span class='ocrx_word' id='word_1_194' title='bbox 2077 1185 2270 1255; x_wconf 81' lang='grc' dir='ltr'>σκίλλῃ</span> <span class='ocrx_word' id='word_1_195' title='bbox 2296 1188 2390 1238; x_wconf 69' lang='grc' dir='ltr'><strong>καὶ</strong></span> <span class='ocrx_word' id='word_1_196' title='bbox 2420 1185 2754 1259; x_wconf 79' lang='grc' dir='ltr'>Μαξιμίλλῃ,</span> <span class='ocrx_word' id='word_1_197' title='bbox 2781 1187 2875 1239; x_wconf 63' lang='grc' dir='ltr'><strong>καὶ⁵</strong></span> <span class='ocrx_word' id='word_1_198' title='bbox 2899 1188 2955 1239; x_wconf 81' lang='grc' dir='ltr'><strong>ὲν</strong></span> <span class='ocrx_word' id='word_1_199' title='bbox 2983 1187 3061 1257; x_wconf 82' lang='grc' dir='ltr'>τῷ</span> <span class='ocrx_word' id='word_1_200' title='bbox 3093 1185 3431 1256; x_wconf 89' lang='grc' dir='ltr'>συμμανέντι</span> <span class='ocrx_word' id='word_1_201' title='bbox 3453 1186 3643 1249; x_wconf 71' lang='grc' dir='ltr'>αὐταῖς</span> 
     </span>
    </p>
   </div>
   <div class='ocr_carea' id='block_1_29' title="bbox 2074 1275 3639 1346">
    <p class='ocr_par' dir='ltr' id='par_1_29' title="bbox 2074 1275 3639 1346">
     <span class='ocr_line' id='line_1_29' title="bbox 2074 1275 3639 1346; baseline -0.003 -17"><span class='ocrx_word' id='word_1_202' title='bbox 2074 1275 2384 1345; x_wconf 82' lang='grc' dir='ltr'>Μοντανῷ·</span> <span class='ocrx_word' id='word_1_203' title='bbox 2446 1277 2566 1328; x_wconf 76' lang='grc' dir='ltr'>τότε</span> <span class='ocrx_word' id='word_1_204' title='bbox 2620 1277 2727 1346; x_wconf 81' lang='lat'><strong>7&amp;9</strong></span> <span class='ocrx_word' id='word_1_205' title='bbox 2788 1276 3011 1343; x_wconf 82' lang='grc' dir='ltr'>λέγουσι</span> <span class='ocrx_word' id='word_1_206' title='bbox 3074 1275 3467 1346; x_wconf 80' lang='grc' dir='ltr'><strong>πεπληρῶσθαι</strong></span> <span class='ocrx_word' id='word_1_207' title='bbox 3518 1276 3639 1346; x_wconf 84' lang='grc' dir='ltr'>τὴν,</span> 
     </span>
    </p>
   </div>
   <div class='ocr_carea' id='block_1_30' title="bbox 2074 1364 3642 1437">
    <p class='ocr_par' dir='ltr' id='par_1_30' title="bbox 2074 1364 3642 1437">
     <span class='ocr_line' id='line_1_30' title="bbox 2074 1364 3642 1437; baseline 0.001 -21"><span class='ocrx_word' id='word_1_208' title='bbox 2074 1364 2286 1434; x_wconf 74' lang='grc' dir='ltr'>Πέμψω</span> <span class='ocrx_word' id='word_1_209' title='bbox 2320 1368 2456 1436; x_wconf 86' lang='grc' dir='ltr'>ήμίν</span> <span class='ocrx_word' id='word_1_210' title='bbox 2488 1366 2580 1419; x_wconf 78' lang='grc' dir='ltr'>τὸν</span> <span class='ocrx_word' id='word_1_211' title='bbox 2620 1365 2998 1437; x_wconf 85' lang='grc' dir='ltr'>Παράκλητον,</span> <span class='ocrx_word' id='word_1_212' title='bbox 3036 1366 3396 1433; x_wconf 82' lang='grc' dir='ltr'>ἐπαγγελίαν.</span> <span class='ocrx_word' id='word_1_213' title='bbox 3438 1365 3539 1418; x_wconf 86' lang='grc' dir='ltr'>Διά</span> <span class='ocrx_word' id='word_1_214' title='bbox 3590 1366 3642 1417; x_wconf 89' lang='grc' dir='ltr'><strong>τί</strong></span> 
     </span>
    </p>
   </div>
   <div class='ocr_carea' id='block_1_31' title="bbox 2072 1453 3640 1526">
    <p class='ocr_par' dir='ltr' id='par_1_31' title="bbox 2072 1453 3640 1526">
     <span class='ocr_line' id='line_1_31' title="bbox 2072 1453 3640 1526; baseline -0.001 -19"><span class='ocrx_word' id='word_1_215' title='bbox 2072 1455 2152 1521; x_wconf 83' lang='grc' dir='ltr'>δὲ,</span> <span class='ocrx_word' id='word_1_216' title='bbox 2179 1454 2207 1507; x_wconf 88' lang='grc' dir='ltr'>ὃ</span> <span class='ocrx_word' id='word_1_217' title='bbox 2233 1456 2335 1508; x_wconf 83' lang='grc' dir='ltr'>οὐκ</span> <span class='ocrx_word' id='word_1_218' title='bbox 2353 1455 2938 1526; x_wconf 83' lang='grc' dir='ltr'>ήρώτησαν,διδάσκει,</span> <span class='ocrx_word' id='word_1_219' title='bbox 2970 1455 3074 1516; x_wconf 85' lang='grc' dir='ltr'><strong>ὅτι,</strong></span> <span class='ocrx_word' id='word_1_220' title='bbox 3102 1454 3354 1525; x_wconf 80' lang='grc' dir='ltr'>Λήψεσθε</span> <span class='ocrx_word' id='word_1_221' title='bbox 3382 1453 3640 1524; x_wconf 84' lang='grc' dir='ltr'><strong>δύναμιν;</strong></span> 
     </span>
    </p>
   </div>
   <div class='ocr_carea' id='block_1_32' title="bbox 2074 1545 3640 1618">
    <p class='ocr_par' dir='ltr' id='par_1_32' title="bbox 2074 1545 3640 1618">
     <span class='ocr_line' id='line_1_32' title="bbox 2074 1545 3640 1618; baseline 0.003 -19"><span class='ocrx_word' id='word_1_222' title='bbox 2074 1546 2156 1599; x_wconf 83' lang='grc' dir='ltr'><strong>ὅτι</strong></span> <span class='ocrx_word' id='word_1_223' title='bbox 2187 1545 2508 1610; x_wconf 86' lang='grc' dir='ltr'>διδάσκαλός</span> <span class='ocrx_word' id='word_1_224' title='bbox 2550 1548 2721 1609; x_wconf 77' lang='grc' dir='ltr'>ἐστιν,</span> <span class='ocrx_word' id='word_1_225' title='bbox 2754 1549 2781 1600; x_wconf 85' lang='grc' dir='ltr'>ὁ</span> <span class='ocrx_word' id='word_1_226' title='bbox 2817 1548 2916 1617; x_wconf 80' lang='grc' dir='ltr'><strong>μὴ,</strong></span> <span class='ocrx_word' id='word_1_227' title='bbox 2966 1547 3002 1601; x_wconf 77' lang='grc' dir='ltr'>ἃ</span> <span class='ocrx_word' id='word_1_228' title='bbox 3033 1547 3283 1616; x_wconf 79' lang='grc' dir='ltr'>βούλεται</span> <span class='ocrx_word' id='word_1_229' title='bbox 3308 1546 3339 1598; x_wconf 80' lang='grc' dir='ltr'><strong>ὁ</strong></span> <span class='ocrx_word' id='word_1_230' title='bbox 3375 1545 3640 1618; x_wconf 74' lang='grc' dir='ltr'>μαθητὴς,</span> 
     </span>
    </p>
   </div>
   <div class='ocr_carea' id='block_1_33' title="bbox 2075 1638 3086 1710">
    <p class='ocr_par' dir='ltr' id='par_1_33' title="bbox 2075 1638 3086 1710">
     <span class='ocr_line' id='line_1_33' title="bbox 2075 1638 3086 1710; baseline 0.004 -18"><span class='ocrx_word' id='word_1_231' title='bbox 2075 1638 2212 1692; x_wconf 81' lang='grc' dir='ltr'>ἀλλὰ</span> <span class='ocrx_word' id='word_1_232' title='bbox 2251 1638 2520 1708; x_wconf 83' lang='grc' dir='ltr'><strong>συμφέρει</strong></span> <span class='ocrx_word' id='word_1_233' title='bbox 2552 1640 2767 1710; x_wconf 80' lang='grc' dir='ltr'><strong>μαθεῖν,</strong></span> <span class='ocrx_word' id='word_1_234' title='bbox 2799 1638 3086 1696; x_wconf 77' lang='grc' dir='ltr'>διδάσκων.</span> 
     </span>
    </p>
   </div>
   <div class='ocr_carea' id='block_1_34' title="bbox 394 1728 3640 1800">
    <p class='ocr_par' dir='ltr' id='par_1_34' title="bbox 394 1728 3640 1800">
     <span class='ocr_line' id='line_1_34' title="bbox 394 1728 3640 1800; baseline -0 -15"><span class='ocrx_word' id='word_1_235' title='bbox 394 1733 531 1798; x_wconf 80' lang='lat' dir='ltr'><strong>fuit,</strong></span> <span class='ocrx_word' id='word_1_236' title='bbox 572 1731 912 1786; x_wconf 83' lang='lat' dir='ltr'><strong>Montanum.</strong></span> <span class='ocrx_word' id='word_1_237' title='bbox 949 1729 1105 1784; x_wconf 90' lang='lat' dir='ltr'><strong>Tunc</strong></span> <span class='ocrx_word' id='word_1_238' title='bbox 1151 1728 1294 1783; x_wconf 92' lang='lat' dir='ltr'><strong>enim</strong></span> <span class='ocrx_word' id='word_1_239' title='bbox 1336 1728 1485 1783; x_wconf 91' lang='lat' dir='ltr'><strong>aiunt</strong></span> <span class='ocrx_word' id='word_1_240' title='bbox 1520 1730 1822 1798; x_wconf 66' lang='lat' dir='ltr'><strong>praestitum</strong></span> <span class='ocrx_word' id='word_1_241' title='bbox 1853 1745 1973 1786; x_wconf 89' lang='lat' dir='ltr'><strong>esse</strong></span> <span class='ocrx_word' id='word_1_242' title='bbox 2008 1730 2141 1785; x_wconf 89' lang='lat' dir='ltr'><strong>illud</strong></span> <span class='ocrx_word' id='word_1_243' title='bbox 2214 1732 2548 1800; x_wconf 90' lang='lat' dir='ltr'><strong>promissum</strong></span> <span class='ocrx_word' id='word_1_244' title='bbox 2584 1751 2599 1787; x_wconf 89' lang='lat'><strong>:</strong></span> <span class='ocrx_word' id='word_1_245' title='bbox 2665 1733 2872 1788; x_wconf 81' lang='lat' dir='ltr'><strong>Mittam</strong></span> <span class='ocrx_word' id='word_1_246' title='bbox 2925 1733 3077 1789; x_wconf 84' lang='lat' dir='ltr'><strong>vobis</strong></span> <span class='ocrx_word' id='word_1_247' title='bbox 3124 1731 3483 1786; x_wconf 78' lang='lat' dir='ltr'><strong>Paracletum.</strong></span> <span class='ocrx_word' id='word_1_248' title='bbox 3535 1728 3640 1785; x_wconf 88' lang='lat' dir='ltr'><strong>Sed</strong></span> 
     </span>
    </p>
   </div>
   <div class='ocr_carea' id='block_1_35' title="bbox 393 1823 3639 1898">
    <p class='ocr_par' dir='ltr' id='par_1_35' title="bbox 393 1823 3639 1898">
     <span class='ocr_line' id='line_1_35' title="bbox 393 1823 3639 1898; baseline -0.001 -18"><span class='ocrx_word' id='word_1_249' title='bbox 393 1840 491 1881; x_wconf 89' lang='lat' dir='ltr'><strong>cur</strong></span> <span class='ocrx_word' id='word_1_250' title='bbox 515 1825 591 1892; x_wconf 93' lang='lat' dir='ltr'><strong>id,</strong></span> <span class='ocrx_word' id='word_1_251' title='bbox 625 1825 769 1893; x_wconf 87' lang='lat' dir='ltr'><strong>quod</strong></span> <span class='ocrx_word' id='word_1_252' title='bbox 794 1824 1058 1879; x_wconf 88' lang='lat' dir='ltr'><strong>sciscitati</strong></span> <span class='ocrx_word' id='word_1_253' title='bbox 1083 1838 1190 1877; x_wconf 91' lang='lat' dir='ltr'><strong>non</strong></span> <span class='ocrx_word' id='word_1_254' title='bbox 1224 1830 1403 1885; x_wconf 89' lang='lat' dir='ltr'><strong>erant,</strong></span> <span class='ocrx_word' id='word_1_255' title='bbox 1467 1823 1647 1889; x_wconf 87' lang='lat' dir='ltr'><strong>docet,</strong></span> <span class='ocrx_word' id='word_1_256' title='bbox 1680 1826 1934 1880; x_wconf 84' lang='lat' dir='ltr'><strong>videlicet</strong></span> <span class='ocrx_word' id='word_1_257' title='bbox 1976 1842 1989 1879; x_wconf 91' lang='lat'>:</span> <span class='ocrx_word' id='word_1_258' title='bbox 2032 1824 2333 1896; x_wconf 88' lang='lat' dir='ltr'><strong>Accipietis</strong></span> <span class='ocrx_word' id='word_1_259' title='bbox 2374 1827 2652 1884; x_wconf 81' lang='lat' dir='ltr'><strong>virtutem.</strong></span> <span class='ocrx_word' id='word_1_260' title='bbox 2719 1827 2858 1895; x_wconf 84' lang='lat' dir='ltr'><strong>Quia</strong></span> <span class='ocrx_word' id='word_1_261' title='bbox 2903 1828 3161 1898; x_wconf 76' lang='lat' dir='ltr'><strong>magister</strong></span> <span class='ocrx_word' id='word_1_262' title='bbox 3222 1835 3328 1892; x_wconf 90' lang='lat' dir='ltr'><strong>est,</strong></span> <span class='ocrx_word' id='word_1_263' title='bbox 3370 1824 3464 1896; x_wconf 86' lang='lat' dir='ltr'><strong>qui</strong></span> <span class='ocrx_word' id='word_1_264' title='bbox 3510 1838 3639 1892; x_wconf 88' lang='lat' dir='ltr'><strong>non,</strong></span> 
     </span>
    </p>
   </div>
   <div class='ocr_carea' id='block_1_36' title="bbox 391 1912 1954 1986">
    <p class='ocr_par' dir='ltr' id='par_1_36' title="bbox 391 1912 1954 1986">
     <span class='ocr_line' id='line_1_36' title="bbox 391 1912 1954 1986; baseline 0 -16"><span class='ocrx_word' id='word_1_265' title='bbox 391 1932 514 1986; x_wconf 78' lang='lat' dir='ltr'><strong>qme</strong></span> <span class='ocrx_word' id='word_1_266' title='bbox 546 1916 660 1968; x_wconf 88' lang='lat' dir='ltr'><strong>vult</strong></span> <span class='ocrx_word' id='word_1_267' title='bbox 686 1915 1010 1984; x_wconf 55' lang='lat' dir='ltr'><strong>discipulus,</strong></span> <span class='ocrx_word' id='word_1_268' title='bbox 1048 1913 1166 1975; x_wconf 87' lang='lat' dir='ltr'><strong>sed,</strong></span> <span class='ocrx_word' id='word_1_269' title='bbox 1193 1926 1315 1981; x_wconf 69' lang='lat' dir='ltr'><strong>quae</strong></span> <span class='ocrx_word' id='word_1_270' title='bbox 1342 1912 1561 1981; x_wconf 78' lang='lat' dir='ltr'><strong>expedit</strong></span> <span class='ocrx_word' id='word_1_271' title='bbox 1586 1914 1751 1980; x_wconf 93' lang='lat' dir='ltr'><strong>scire,</strong></span> <span class='ocrx_word' id='word_1_272' title='bbox 1773 1915 1954 1970; x_wconf 84' lang='lat' dir='ltr'><strong>docet.</strong></span> 
     </span>
    </p>
   </div>
   <div class='ocr_carea' id='block_1_37' title="bbox 380 2001 1975 2073">
    <p class='ocr_par' dir='ltr' id='par_1_37' title="bbox 380 2002 1970 2069">
     <span class='ocr_line' id='line_1_37' title="bbox 380 2002 1970 2069; baseline 0.001 -11"><span class='ocrx_word' id='word_1_273' title='bbox 380 2052 389 2058; x_wconf 93' lang='lat'><strong>.</strong></span> <span class='ocrx_word' id='word_1_274' title='bbox 469 2009 538 2064; x_wconf 85' lang='lat' dir='ltr'><strong>Et</strong></span> <span class='ocrx_word' id='word_1_275' title='bbox 576 2010 726 2062; x_wconf 83' lang='lat' dir='ltr'><strong>erilis</strong></span> <span class='ocrx_word' id='word_1_276' title='bbox 765 2007 893 2062; x_wconf 83' lang='lat' dir='ltr'><strong>mihi</strong></span> <span class='ocrx_word' id='word_1_277' title='bbox 930 2017 1084 2060; x_wconf 75' lang='lat' dir='ltr'><strong>testes</strong></span> <span class='ocrx_word' id='word_1_278' title='bbox 1127 2019 1176 2060; x_wconf 87' lang='lat' dir='ltr'><strong>et</strong></span> <span class='ocrx_word' id='word_1_279' title='bbox 1207 2006 1261 2058; x_wconf 86' lang='lat' dir='ltr'><strong>in</strong></span> <span class='ocrx_word' id='word_1_280' title='bbox 1294 2002 1654 2069; x_wconf 82' lang='lat' dir='ltr'><strong>Hierusalem,</strong></span> <span class='ocrx_word' id='word_1_281' title='bbox 1685 2014 1734 2059; x_wconf 88' lang='lat' dir='ltr'><strong>et</strong></span> <span class='ocrx_word' id='word_1_282' title='bbox 1763 2008 1817 2060; x_wconf 87' lang='lat' dir='ltr'><strong>in</strong></span> <span class='ocrx_word' id='word_1_283' title='bbox 1856 2016 1970 2061; x_wconf 85' lang='lat' dir='ltr'><strong>tota</strong></span> 
     </span>
    </p>
   </div>
   <div class='ocr_carea' id='block_1_38' title="bbox 2076 2001 3641 2073">
    <p class='ocr_par' dir='ltr' id='par_1_38' title="bbox 2141 2001 3641 2073">
     <span class='ocr_line' id='line_1_38' title="bbox 2141 2001 3641 2073; baseline -0.001 -14"><span class='ocrx_word' id='word_1_284' title='bbox 2141 2003 2252 2060; x_wconf 77' lang='lat' dir='ltr'><strong>Kal</strong></span> <span class='ocrx_word' id='word_1_285' title='bbox 2301 2004 2521 2059; x_wconf 73' lang='grc' dir='ltr'>ἐσεσθέ</span> <span class='ocrx_word' id='word_1_286' title='bbox 2547 2020 2646 2073; x_wconf 79' lang='grc' dir='ltr'>μοι</span> <span class='ocrx_word' id='word_1_287' title='bbox 2686 2001 2980 2072; x_wconf 80' lang='grc' dir='ltr'>μάρτυρες</span> <span class='ocrx_word' id='word_1_288' title='bbox 3028 2002 3099 2057; x_wconf 79' lang='grc' dir='ltr'><strong>ἐν</strong></span> <span class='ocrx_word' id='word_1_289' title='bbox 3138 2017 3204 2055; x_wconf 86' lang='grc' dir='ltr'><strong>τε</strong></span> <span class='ocrx_word' id='word_1_290' title='bbox 3245 2001 3641 2071; x_wconf 76' lang='grc' dir='ltr'>Ἰερουσαλήμ</span> 
     </span>
    </p>
   </div>
   <div class='ocr_carea' id='block_1_39' title="bbox 392 2092 1972 2167">
    <p class='ocr_par' dir='ltr' id='par_1_39' title="bbox 392 2092 1972 2167">
     <span class='ocr_line' id='line_1_39' title="bbox 392 2092 1972 2167; baseline -0.001 -16"><span class='ocrx_word' id='word_1_291' title='bbox 392 2095 587 2152; x_wconf 76' lang='lat' dir='ltr'><strong>Iudam</strong></span> <span class='ocrx_word' id='word_1_292' title='bbox 643 2096 1014 2167; x_wconf 86' lang='lat' dir='ltr'><strong>Samariaque,</strong></span> <span class='ocrx_word' id='word_1_293' title='bbox 1074 2101 1125 2149; x_wconf 92' lang='lat' dir='ltr'><strong>et</strong></span> <span class='ocrx_word' id='word_1_294' title='bbox 1181 2108 1346 2164; x_wconf 84' lang='lat' dir='ltr'><strong>usque</strong></span> <span class='ocrx_word' id='word_1_295' title='bbox 1397 2092 1468 2146; x_wconf 84' lang='lat' dir='ltr'><strong>ad</strong></span> <span class='ocrx_word' id='word_1_296' title='bbox 1526 2102 1788 2149; x_wconf 73' lang='lat' dir='ltr'><strong>extremos</strong></span> <span class='ocrx_word' id='word_1_297' title='bbox 1841 2095 1972 2164; x_wconf 83' lang='lat' dir='ltr'><strong>fines</strong></span> 
     </span>
    </p>
   </div>
   <div class='ocr_carea' id='block_1_40' title="bbox 397 2197 572 2242">
    <p class='ocr_par' dir='ltr' id='par_1_40' title="bbox 397 2197 572 2242">
     <span class='ocr_line' id='line_1_40' title="bbox 397 2197 572 2242; baseline 0.006 -1"><span class='ocrx_word' id='word_1_298' title='bbox 397 2197 572 2242; x_wconf 64' lang='lat' dir='ltr'><strong>terrai.</strong></span> 
     </span>
    </p>
   </div>
   <div class='ocr_carea' id='block_1_41' title="bbox 465 2276 1978 2348">
    <p class='ocr_par' dir='ltr' id='par_1_41' title="bbox 465 2276 1978 2348">
     <span class='ocr_line' id='line_1_41' title="bbox 465 2276 1978 2348; baseline -0.001 -15"><span class='ocrx_word' id='word_1_299' title='bbox 465 2279 735 2345; x_wconf 84' lang='lat' dir='ltr'><strong>Quoniam</strong></span> <span class='ocrx_word' id='word_1_300' title='bbox 782 2287 942 2332; x_wconf 88' lang='lat' dir='ltr'><strong>antea</strong></span> <span class='ocrx_word' id='word_1_301' title='bbox 999 2277 1214 2332; x_wconf 78' lang='lat' dir='ltr'><strong>dixerat</strong></span> <span class='ocrx_word' id='word_1_302' title='bbox 1238 2276 1267 2318; x_wconf 75' lang='grc' dir='ltr'>ἀ</span> <span class='ocrx_word' id='word_1_303' title='bbox 1302 2294 1316 2332; x_wconf 90' lang='lat'><strong>:</strong></span> <span class='ocrx_word' id='word_1_304' title='bbox 1367 2279 1427 2332; x_wconf 83' lang='lat' dir='ltr'><strong>In</strong></span> <span class='ocrx_word' id='word_1_305' title='bbox 1458 2278 1599 2333; x_wconf 87' lang='lat' dir='ltr'><strong>viam</strong></span> <span class='ocrx_word' id='word_1_306' title='bbox 1637 2278 1878 2348; x_wconf 82' lang='lat' dir='ltr'><strong>gentium</strong></span> <span class='ocrx_word' id='word_1_307' title='bbox 1911 2291 1978 2332; x_wconf 88' lang='lat' dir='ltr'><strong>ne</strong></span> 
     </span>
    </p>
   </div>
   <div class='ocr_carea' id='block_1_42' title="bbox 402 2367 1978 2438">
    <p class='ocr_par' dir='ltr' id='par_1_42' title="bbox 402 2367 1978 2438">
     <span class='ocr_line' id='line_1_42' title="bbox 402 2367 1978 2438; baseline 0 -15"><span class='ocrx_word' id='word_1_308' title='bbox 402 2369 668 2436; x_wconf 86' lang='lat' dir='ltr'><strong>abieritis,</strong></span> <span class='ocrx_word' id='word_1_309' title='bbox 696 2377 749 2422; x_wconf 92' lang='lat' dir='ltr'><strong>et</strong></span> <span class='ocrx_word' id='word_1_310' title='bbox 780 2370 834 2423; x_wconf 91' lang='lat' dir='ltr'><strong>in</strong></span> <span class='ocrx_word' id='word_1_311' title='bbox 860 2368 1135 2423; x_wconf 91' lang='lat' dir='ltr'><strong>civitatem</strong></span> <span class='ocrx_word' id='word_1_312' title='bbox 1165 2367 1636 2423; x_wconf 86' lang='lat' dir='ltr'><strong>Samaritanorum</strong></span> <span class='ocrx_word' id='word_1_313' title='bbox 1683 2382 1753 2423; x_wconf 91' lang='lat' dir='ltr'><strong>ne</strong></span> <span class='ocrx_word' id='word_1_314' title='bbox 1794 2368 1978 2438; x_wconf 78' lang='lat' dir='ltr'><strong>ingre-</strong></span> 
     </span>
    </p>
   </div>
   <div class='ocr_carea' id='block_1_43' title="bbox 405 2456 1977 2529">
    <p class='ocr_par' dir='ltr' id='par_1_43' title="bbox 405 2456 1977 2529">
     <span class='ocr_line' id='line_1_43' title="bbox 405 2456 1977 2529; baseline -0.001 -17"><span class='ocrx_word' id='word_1_315' title='bbox 405 2458 656 2525; x_wconf 89' lang='lat' dir='ltr'><strong>diamini,</strong></span> <span class='ocrx_word' id='word_1_316' title='bbox 697 2460 823 2529; x_wconf 86' lang='lat' dir='ltr'><strong>quia</strong></span> <span class='ocrx_word' id='word_1_317' title='bbox 875 2459 1110 2528; x_wconf 87' lang='lat' dir='ltr'><strong>primum</strong></span> <span class='ocrx_word' id='word_1_318' title='bbox 1166 2456 1370 2515; x_wconf 57' lang='lat' dir='ltr'><strong>Iudaeis</strong></span> <span class='ocrx_word' id='word_1_319' title='bbox 1411 2459 1638 2514; x_wconf 82' lang='lat' dir='ltr'><strong>verbum</strong></span> <span class='ocrx_word' id='word_1_320' title='bbox 1690 2458 1977 2528; x_wconf 68' lang='lat' dir='ltr'><strong>prmdicari</strong></span> 
     </span>
    </p>
   </div>
   <div class='ocr_carea' id='block_1_44' title="bbox 399 2549 1974 2614">
    <p class='ocr_par' dir='ltr' id='par_1_44' title="bbox 399 2549 1974 2614">
     <span class='ocr_line' id='line_1_44' title="bbox 399 2549 1974 2614; baseline 0.003 -14"><span class='ocrx_word' id='word_1_321' title='bbox 399 2550 634 2614; x_wconf 84' lang='lat' dir='ltr'><strong>volebat,</strong></span> <span class='ocrx_word' id='word_1_322' title='bbox 696 2552 790 2605; x_wconf 85' lang='lat' dir='ltr'><strong>sed</strong></span> <span class='ocrx_word' id='word_1_323' title='bbox 824 2549 1048 2603; x_wconf 88' lang='lat' dir='ltr'><strong>nuncin</strong></span> <span class='ocrx_word' id='word_1_324' title='bbox 1106 2550 1420 2605; x_wconf 81' lang='lat' dir='ltr'><strong>universum</strong></span> <span class='ocrx_word' id='word_1_325' title='bbox 1480 2550 1667 2604; x_wconf 90' lang='lat' dir='ltr'><strong>orbem</strong></span> <span class='ocrx_word' id='word_1_326' title='bbox 1706 2558 1974 2604; x_wconf 88' lang='lat' dir='ltr'><strong>terrarum</strong></span> 
     </span>
    </p>
   </div>
   <div class='ocr_carea' id='block_1_45' title="bbox 401 2637 1972 2711">
    <p class='ocr_par' dir='ltr' id='par_1_45' title="bbox 401 2637 1972 2711">
     <span class='ocr_line' id='line_1_45' title="bbox 401 2637 1972 2711; baseline 0.001 -17"><span class='ocrx_word' id='word_1_327' title='bbox 401 2641 842 2711; x_wconf 82' lang='lat' dir='ltr'><strong>praedicationem</strong></span> <span class='ocrx_word' id='word_1_328' title='bbox 897 2637 1123 2694; x_wconf 72' lang='lat' dir='ltr'><strong>diﬂundi</strong></span> <span class='ocrx_word' id='word_1_329' title='bbox 1173 2640 1507 2710; x_wconf 79' lang='lat' dir='ltr'><strong>oportebat:</strong></span> <span class='ocrx_word' id='word_1_330' title='bbox 1562 2639 1770 2694; x_wconf 85' lang='lat' dir='ltr'><strong>idcirco</strong></span> <span class='ocrx_word' id='word_1_331' title='bbox 1823 2649 1972 2695; x_wconf 90' lang='lat' dir='ltr'><strong>recte</strong></span> 
     </span>
    </p>
   </div>
   <div class='ocr_carea' id='block_1_46' title="bbox 401 2727 1977 2799">
    <p class='ocr_par' dir='ltr' id='par_1_46' title="bbox 401 2727 1977 2799">
     <span class='ocr_line' id='line_1_46' title="bbox 401 2727 1977 2799; baseline 0 -14"><span class='ocrx_word' id='word_1_332' title='bbox 401 2746 534 2786; x_wconf 88' lang='lat' dir='ltr'><strong>sane</strong></span> <span class='ocrx_word' id='word_1_333' title='bbox 572 2729 776 2799; x_wconf 87' lang='lat' dir='ltr'><strong>adjicit,</strong></span> <span class='ocrx_word' id='word_1_334' title='bbox 809 2738 863 2783; x_wconf 81' lang='lat' dir='ltr'><strong>et</strong></span> <span class='ocrx_word' id='word_1_335' title='bbox 890 2729 987 2796; x_wconf 88' lang='lat' dir='ltr'><strong>ait,</strong></span> <span class='ocrx_word' id='word_1_336' title='bbox 1024 2729 1090 2784; x_wconf 90' lang='lat' dir='ltr'><strong>Et</strong></span> <span class='ocrx_word' id='word_1_337' title='bbox 1143 2729 1197 2784; x_wconf 90' lang='lat' dir='ltr'><strong>in</strong></span> <span class='ocrx_word' id='word_1_338' title='bbox 1224 2727 1408 2785; x_wconf 73' lang='lat' dir='ltr'><strong>Judaea</strong></span> <span class='ocrx_word' id='word_1_339' title='bbox 1464 2740 1517 2785; x_wconf 89' lang='lat' dir='ltr'><strong>et</strong></span> <span class='ocrx_word' id='word_1_340' title='bbox 1550 2729 1839 2798; x_wconf 86' lang='lat' dir='ltr'><strong>Samaria;</strong></span> <span class='ocrx_word' id='word_1_341' title='bbox 1882 2730 1977 2785; x_wconf 90' lang='lat' dir='ltr'><strong>de-</strong></span> 
     </span>
    </p>
   </div>
   <div class='ocr_carea' id='block_1_47' title="bbox 398 2822 1976 2893">
    <p class='ocr_par' dir='ltr' id='par_1_47' title="bbox 398 2822 1976 2893">
     <span class='ocr_line' id='line_1_47' title="bbox 398 2822 1976 2893; baseline 0.001 -15"><span class='ocrx_word' id='word_1_342' title='bbox 398 2823 545 2888; x_wconf 89' lang='lat' dir='ltr'><strong>inde,</strong></span> <span class='ocrx_word' id='word_1_343' title='bbox 578 2822 639 2877; x_wconf 82' lang='lat' dir='ltr'><strong>Et</strong></span> <span class='ocrx_word' id='word_1_344' title='bbox 667 2838 837 2893; x_wconf 86' lang='lat' dir='ltr'><strong>usque</strong></span> <span class='ocrx_word' id='word_1_345' title='bbox 862 2824 928 2878; x_wconf 88' lang='lat' dir='ltr'><strong>ad</strong></span> <span class='ocrx_word' id='word_1_346' title='bbox 957 2831 1230 2879; x_wconf 79' lang='lat' dir='ltr'><strong>extremos</strong></span> <span class='ocrx_word' id='word_1_347' title='bbox 1257 2822 1393 2879; x_wconf 78' lang='lat' dir='ltr'><strong>ﬁnes</strong></span> <span class='ocrx_word' id='word_1_348' title='bbox 1426 2833 1607 2878; x_wconf 67' lang='lat' dir='ltr'><strong>terrae.</strong></span> <span class='ocrx_word' id='word_1_349' title='bbox 1646 2823 1815 2878; x_wconf 86' lang='lat' dir='ltr'><strong>Porro</strong></span> <span class='ocrx_word' id='word_1_350' title='bbox 1833 2822 1976 2893; x_wconf 88' lang='lat' dir='ltr'><strong>quod</strong></span> 
     </span>
    </p>
   </div>
   <div class='ocr_carea' id='block_1_48' title="bbox 383 2912 1973 2981">
    <p class='ocr_par' dir='ltr' id='par_1_48' title="bbox 383 2912 1973 2981">
     <span class='ocr_line' id='line_1_48' title="bbox 383 2912 1973 2981; baseline -0.001 -12"><span class='ocrx_word' id='word_1_351' title='bbox 383 2915 539 2969; x_wconf 88' lang='lat' dir='ltr'><strong>.dicit</strong></span> <span class='ocrx_word' id='word_1_352' title='bbox 569 2932 584 2968; x_wconf 93' lang='lat'><strong>:</strong></span> <span class='ocrx_word' id='word_1_353' title='bbox 638 2913 804 2969; x_wconf 77' lang='lat' dir='ltr'><strong>Erilis</strong></span> <span class='ocrx_word' id='word_1_354' title='bbox 847 2914 980 2967; x_wconf 73' lang='lat' dir='ltr'><strong>mild</strong></span> <span class='ocrx_word' id='word_1_355' title='bbox 1011 2920 1201 2980; x_wconf 87' lang='lat' dir='ltr'><strong>testes,</strong></span> <span class='ocrx_word' id='word_1_356' title='bbox 1243 2912 1410 2967; x_wconf 88' lang='lat' dir='ltr'><strong>simul</strong></span> <span class='ocrx_word' id='word_1_357' title='bbox 1441 2920 1495 2967; x_wconf 94' lang='lat' dir='ltr'><strong>et</strong></span> <span class='ocrx_word' id='word_1_358' title='bbox 1528 2912 1836 2968; x_wconf 86' lang='lat' dir='ltr'><strong>adhortatio</strong></span> <span class='ocrx_word' id='word_1_359' title='bbox 1866 2919 1973 2981; x_wconf 85' lang='lat' dir='ltr'><strong>est,</strong></span> 
     </span>
    </p>
   </div>
   <div class='ocr_carea' id='block_1_49' title="bbox 399 3008 1978 3079">
    <p class='ocr_par' dir='ltr' id='par_1_49' title="bbox 399 3008 1978 3079">
     <span class='ocr_line' id='line_1_49' title="bbox 399 3008 1978 3079; baseline 0.001 -16"><span class='ocrx_word' id='word_1_360' title='bbox 399 3009 628 3063; x_wconf 87' lang='lat' dir='ltr'><strong>ettirma</strong></span> <span class='ocrx_word' id='word_1_361' title='bbox 659 3016 918 3078; x_wconf 86' lang='lat' dir='ltr'><strong>certaque</strong></span> <span class='ocrx_word' id='word_1_362' title='bbox 955 3009 1243 3079; x_wconf 86' lang='lat' dir='ltr'><strong>prophetia</strong></span> <span class='ocrx_word' id='word_1_363' title='bbox 1273 3027 1287 3063; x_wconf 90' lang='lat'><strong>:</strong></span> <span class='ocrx_word' id='word_1_364' title='bbox 1325 3024 1449 3063; x_wconf 88' lang='lat' dir='ltr'><strong>nam</strong></span> <span class='ocrx_word' id='word_1_365' title='bbox 1483 3008 1669 3078; x_wconf 87' lang='lat' dir='ltr'><strong>Usque</strong></span> <span class='ocrx_word' id='word_1_366' title='bbox 1700 3009 1767 3064; x_wconf 90' lang='lat' dir='ltr'><strong>ad</strong></span> <span class='ocrx_word' id='word_1_367' title='bbox 1795 3017 1978 3065; x_wconf 81' lang='lat' dir='ltr'><strong>extre-</strong></span> 
     </span>
    </p>
   </div>
   <div class='ocr_carea' id='block_1_50' title="bbox 402 3099 1973 3170">
    <p class='ocr_par' dir='ltr' id='par_1_50' title="bbox 402 3099 1973 3170">
     <span class='ocr_line' id='line_1_50' title="bbox 402 3099 1973 3170; baseline 0.001 -17"><span class='ocrx_word' id='word_1_368' title='bbox 402 3113 526 3156; x_wconf 85' lang='lat' dir='ltr'><strong>mos</strong></span> <span class='ocrx_word' id='word_1_369' title='bbox 550 3099 686 3167; x_wconf 80' lang='lat' dir='ltr'><strong>lines</strong></span> <span class='ocrx_word' id='word_1_370' title='bbox 703 3109 858 3156; x_wconf 64' lang='lat' dir='ltr'><strong>terra:</strong></span> <span class='ocrx_word' id='word_1_371' title='bbox 880 3102 1319 3170; x_wconf 72' lang='lat' dir='ltr'><strong>praedicationem</strong></span> <span class='ocrx_word' id='word_1_372' title='bbox 1339 3108 1592 3157; x_wconf 88' lang='lat' dir='ltr'><strong>testatam</strong></span> <span class='ocrx_word' id='word_1_373' title='bbox 1618 3101 1973 3170; x_wconf 85' lang='lat' dir='ltr'><strong>reliquerunt.</strong></span> 
     </span>
    </p>
   </div>
   <div class='ocr_carea' id='block_1_51' title="bbox 473 3190 1972 3262">
    <p class='ocr_par' dir='ltr' id='par_1_51' title="bbox 473 3190 1972 3262">
     <span class='ocr_line' id='line_1_51' title="bbox 473 3190 1972 3262; baseline -0.001 -18"><span class='ocrx_word' id='word_1_374' title='bbox 473 3190 643 3247; x_wconf 73' lang='lat' dir='ltr'><strong>Vens.</strong></span> <span class='ocrx_word' id='word_1_375' title='bbox 674 3193 728 3248; x_wconf 91' lang='lat'><strong>9.</strong></span> <span class='ocrx_word' id='word_1_376' title='bbox 774 3192 941 3262; x_wconf 78' lang='lat' dir='ltr'><strong>Atque</strong></span> <span class='ocrx_word' id='word_1_377' title='bbox 977 3193 1089 3247; x_wconf 77' lang='lat' dir='ltr'><strong>luce</strong></span> <span class='ocrx_word' id='word_1_378' title='bbox 1129 3195 1358 3258; x_wconf 82' lang='lat' dir='ltr'><strong>locutus,</strong></span> <span class='ocrx_word' id='word_1_379' title='bbox 1394 3192 1805 3260; x_wconf 67' lang='lat' dir='ltr'><strong>inspectantibus</strong></span> <span class='ocrx_word' id='word_1_380' title='bbox 1841 3191 1972 3257; x_wconf 78' lang='lat' dir='ltr'><strong>illis,</strong></span> 
     </span>
    </p>
   </div>
   <div class='ocr_carea' id='block_1_52' title="bbox 401 3284 1971 3349">
    <p class='ocr_par' dir='ltr' id='par_1_52' title="bbox 401 3284 1971 3349">
     <span class='ocr_line' id='line_1_52' title="bbox 401 3284 1971 3349; baseline -0.001 -11"><span class='ocrx_word' id='word_1_381' title='bbox 401 3284 698 3339; x_wconf 78' lang='lat' dir='ltr'><strong>sublevatus</strong></span> <span class='ocrx_word' id='word_1_382' title='bbox 724 3293 825 3349; x_wconf 83' lang='lat' dir='ltr'><strong>est,</strong></span> <span class='ocrx_word' id='word_1_383' title='bbox 855 3295 903 3340; x_wconf 83' lang='lat' dir='ltr'><strong>et</strong></span> <span class='ocrx_word' id='word_1_384' title='bbox 926 3284 1086 3340; x_wconf 81' lang='lat' dir='ltr'><strong>nubes</strong></span> <span class='ocrx_word' id='word_1_385' title='bbox 1108 3286 1264 3339; x_wconf 84' lang='lat' dir='ltr'><strong>illum</strong></span> <span class='ocrx_word' id='word_1_386' title='bbox 1290 3285 1456 3339; x_wconf 82' lang='lat' dir='ltr'><strong>oculis</strong></span> <span class='ocrx_word' id='word_1_387' title='bbox 1478 3300 1661 3338; x_wconf 84' lang='lat' dir='ltr'><strong>eorum</strong></span> <span class='ocrx_word' id='word_1_388' title='bbox 1687 3284 1971 3338; x_wconf 75' lang='lat' dir='ltr'><strong>subduxit:</strong></span> 
     </span>
    </p>
   </div>
   <div class='ocr_carea' id='block_1_53' title="bbox 474 3455 1974 3516">
    <p class='ocr_par' dir='ltr' id='par_1_53' title="bbox 474 3455 1974 3516">
     <span class='ocr_line' id='line_1_53' title="bbox 474 3455 1974 3516; baseline 0.003 -4"><span class='ocrx_word' id='word_1_389' title='bbox 474 3456 641 3513; x_wconf 76' lang='lat' dir='ltr'><strong>Vens.</strong></span> <span class='ocrx_word' id='word_1_390' title='bbox 676 3458 761 3513; x_wconf 77' lang='grc'><strong>10.</strong></span> <span class='ocrx_word' id='word_1_391' title='bbox 793 3455 862 3512; x_wconf 87' lang='lat' dir='ltr'><strong>Et</strong></span> <span class='ocrx_word' id='word_1_392' title='bbox 892 3468 949 3512; x_wconf 87' lang='lat' dir='ltr'><strong>ut</strong></span> <span class='ocrx_word' id='word_1_393' title='bbox 1009 3457 1235 3514; x_wconf 85' lang='lat' dir='ltr'><strong>abeunte</strong></span> <span class='ocrx_word' id='word_1_394' title='bbox 1276 3457 1370 3513; x_wconf 80' lang='lat' dir='ltr'><strong>illo</strong></span> <span class='ocrx_word' id='word_1_395' title='bbox 1404 3459 1619 3514; x_wconf 80' lang='lat' dir='ltr'><strong>intentis</strong></span> <span class='ocrx_word' id='word_1_396' title='bbox 1665 3459 1833 3514; x_wconf 83' lang='lat' dir='ltr'><strong>oculis</strong></span> <span class='ocrx_word' id='word_1_397' title='bbox 1871 3475 1974 3516; x_wconf 69' lang='lat' dir='ltr'><strong>cm-</strong></span> 
     </span>
    </p>
   </div>
   <div class='ocr_carea' id='block_1_54' title="bbox 404 3547 954 3604">
    <p class='ocr_par' dir='ltr' id='par_1_54' title="bbox 404 3547 954 3604">
     <span class='ocr_line' id='line_1_54' title="bbox 404 3547 954 3604; baseline 0.005 -4"><span class='ocrx_word' id='word_1_398' title='bbox 404 3547 513 3601; x_wconf 77' lang='lat' dir='ltr'><strong>lum</strong></span> <span class='ocrx_word' id='word_1_399' title='bbox 547 3547 954 3604; x_wconf 83' lang='lat' dir='ltr'><strong>contuebantur.</strong></span> 
     </span>
    </p>
   </div>
   <div class='ocr_carea' id='block_1_55' title="bbox 474 3637 1973 3710">
    <p class='ocr_par' dir='ltr' id='par_1_55' title="bbox 474 3637 1973 3710">
     <span class='ocr_line' id='line_1_55' title="bbox 474 3637 1973 3710; baseline 0.003 -20"><span class='ocrx_word' id='word_1_400' title='bbox 474 3638 917 3708; x_wconf 80' lang='lat' dir='ltr'><strong>Iuspeetaatibus</strong></span> <span class='ocrx_word' id='word_1_401' title='bbox 954 3639 1063 3694; x_wconf 90' lang='lat' dir='ltr'><strong>illis</strong></span> <span class='ocrx_word' id='word_1_402' title='bbox 1107 3653 1218 3694; x_wconf 90' lang='lat' dir='ltr'><strong>non</strong></span> <span class='ocrx_word' id='word_1_403' title='bbox 1244 3640 1510 3705; x_wconf 82' lang='lat' dir='ltr'><strong>surrexit,</strong></span> <span class='ocrx_word' id='word_1_404' title='bbox 1539 3639 1634 3695; x_wconf 91' lang='lat' dir='ltr'><strong>sed</strong></span> <span class='ocrx_word' id='word_1_405' title='bbox 1656 3637 1973 3710; x_wconf 87' lang='lat' dir='ltr'><strong>Inspectan-</strong></span> 
     </span>
    </p>
   </div>
   <div class='ocr_carea' id='block_1_56' title="bbox 405 3730 1975 3800">
    <p class='ocr_par' dir='ltr' id='par_1_56' title="bbox 405 3730 1975 3800">
     <span class='ocr_line' id='line_1_56' title="bbox 405 3730 1975 3800; baseline 0.002 -16"><span class='ocrx_word' id='word_1_406' title='bbox 405 3730 550 3785; x_wconf 83' lang='lat' dir='ltr'><strong>libus</strong></span> <span class='ocrx_word' id='word_1_407' title='bbox 590 3730 697 3785; x_wconf 86' lang='lat' dir='ltr'><strong>illis</strong></span> <span class='ocrx_word' id='word_1_408' title='bbox 750 3730 1063 3785; x_wconf 80' lang='lat' dir='ltr'><strong>sublevatus</strong></span> <span class='ocrx_word' id='word_1_409' title='bbox 1088 3737 1195 3795; x_wconf 87' lang='lat' dir='ltr'><strong>est,</strong></span> <span class='ocrx_word' id='word_1_410' title='bbox 1225 3730 1485 3799; x_wconf 90' lang='lat' dir='ltr'><strong>quoniam</strong></span> <span class='ocrx_word' id='word_1_411' title='bbox 1514 3746 1582 3787; x_wconf 91' lang='lat' dir='ltr'><strong>ne</strong></span> <span class='ocrx_word' id='word_1_412' title='bbox 1618 3731 1707 3786; x_wconf 88' lang='lat' dir='ltr'><strong>hic</strong></span> <span class='ocrx_word' id='word_1_413' title='bbox 1754 3731 1975 3800; x_wconf 85' lang='lat' dir='ltr'><strong>quidem</strong></span> 
     </span>
    </p>
   </div>
   <div class='ocr_carea' id='block_1_57' title="bbox 408 3817 1975 3892">
    <p class='ocr_par' dir='ltr' id='par_1_57' title="bbox 408 3817 1975 3892">
     <span class='ocr_line' id='line_1_57' title="bbox 408 3817 1975 3892; baseline 0.002 -20"><span class='ocrx_word' id='word_1_414' title='bbox 408 3817 675 3888; x_wconf 82' lang='lat' dir='ltr'><strong>quidquid</strong></span> <span class='ocrx_word' id='word_1_415' title='bbox 713 3834 799 3874; x_wconf 87' lang='lat' dir='ltr'><strong>res</strong></span> <span class='ocrx_word' id='word_1_416' title='bbox 824 3822 1137 3888; x_wconf 87' lang='lat' dir='ltr'><strong>postulabat</strong></span> <span class='ocrx_word' id='word_1_417' title='bbox 1168 3821 1435 3890; x_wconf 85' lang='lat' dir='ltr'><strong>inspectio</strong></span> <span class='ocrx_word' id='word_1_418' title='bbox 1456 3831 1672 3891; x_wconf 88' lang='lat' dir='ltr'><strong>poterat</strong></span> <span class='ocrx_word' id='word_1_419' title='bbox 1692 3830 1975 3892; x_wconf 70' lang='lat' dir='ltr'><strong>praestare.</strong></span> 
     </span>
    </p>
   </div>
   <div class='ocr_carea' id='block_1_58' title="bbox 404 3908 1976 3982">
    <p class='ocr_par' dir='ltr' id='par_1_58' title="bbox 404 3908 1976 3982">
     <span class='ocr_line' id='line_1_58' title="bbox 404 3908 1976 3982; baseline 0.002 -19"><span class='ocrx_word' id='word_1_420' title='bbox 404 3908 622 3965; x_wconf 87' lang='lat' dir='ltr'><strong>Etenim</strong></span> <span class='ocrx_word' id='word_1_421' title='bbox 690 3910 1118 3968; x_wconf 86' lang='lat' dir='ltr'><strong>resurrectionis</strong></span> <span class='ocrx_word' id='word_1_422' title='bbox 1183 3912 1347 3967; x_wconf 79' lang='lat' dir='ltr'><strong>tinem</strong></span> <span class='ocrx_word' id='word_1_423' title='bbox 1419 3912 1639 3982; x_wconf 89' lang='lat' dir='ltr'><strong>quidem</strong></span> <span class='ocrx_word' id='word_1_424' title='bbox 1696 3912 1976 3977; x_wconf 83' lang='lat' dir='ltr'><strong>viderunt,</strong></span> 
     </span>
    </p>
   </div>
   <div class='ocr_carea' id='block_1_59' title="bbox 407 4001 1976 4073">
    <p class='ocr_par' dir='ltr' id='par_1_59' title="bbox 407 4001 1976 4073">
     <span class='ocr_line' id='line_1_59' title="bbox 407 4001 1976 4073; baseline 0.003 -18"><span class='ocrx_word' id='word_1_425' title='bbox 407 4001 735 4072; x_wconf 87' lang='lat' dir='ltr'><strong>principium</strong></span> <span class='ocrx_word' id='word_1_426' title='bbox 766 4010 948 4058; x_wconf 90' lang='lat' dir='ltr'><strong>autem</strong></span> <span class='ocrx_word' id='word_1_427' title='bbox 985 4017 1094 4058; x_wconf 88' lang='lat' dir='ltr'><strong>non</strong></span> <span class='ocrx_word' id='word_1_428' title='bbox 1123 4001 1381 4057; x_wconf 89' lang='lat' dir='ltr'><strong>viderunt</strong></span> <span class='ocrx_word' id='word_1_429' title='bbox 1413 4020 1427 4057; x_wconf 91' lang='lat'><strong>:</strong></span> <span class='ocrx_word' id='word_1_430' title='bbox 1478 4010 1534 4058; x_wconf 92' lang='lat' dir='ltr'><strong>et</strong></span> <span class='ocrx_word' id='word_1_431' title='bbox 1581 4004 1976 4073; x_wconf 85' lang='lat' dir='ltr'><strong>assumptionis</strong></span> 
     </span>
    </p>
   </div>
   <div class='ocr_carea' id='block_1_60' title="bbox 407 4092 1978 4163">
    <p class='ocr_par' dir='ltr' id='par_1_60' title="bbox 407 4092 1978 4163">
     <span class='ocr_line' id='line_1_60' title="bbox 407 4092 1978 4163; baseline 0.003 -16"><span class='ocrx_word' id='word_1_432' title='bbox 407 4094 741 4163; x_wconf 88' lang='lat' dir='ltr'><strong>principium</strong></span> <span class='ocrx_word' id='word_1_433' title='bbox 773 4093 997 4162; x_wconf 80' lang='lat' dir='ltr'><strong>quidem</strong></span> <span class='ocrx_word' id='word_1_434' title='bbox 1027 4092 1305 4159; x_wconf 88' lang='lat' dir='ltr'><strong>viderunt,</strong></span> <span class='ocrx_word' id='word_1_435' title='bbox 1333 4093 1495 4148; x_wconf 83' lang='lat' dir='ltr'><strong>tinem</strong></span> <span class='ocrx_word' id='word_1_436' title='bbox 1526 4107 1660 4149; x_wconf 85' lang='lat' dir='ltr'><strong>vero</strong></span> <span class='ocrx_word' id='word_1_437' title='bbox 1685 4109 1797 4149; x_wconf 91' lang='lat' dir='ltr'><strong>non</strong></span> <span class='ocrx_word' id='word_1_438' title='bbox 1825 4095 1978 4152; x_wconf 88' lang='lat' dir='ltr'><strong>vide-</strong></span> 
     </span>
    </p>
   </div>
   <div class='ocr_carea' id='block_1_61' title="bbox 404 4181 1976 4254">
    <p class='ocr_par' dir='ltr' id='par_1_61' title="bbox 404 4181 1976 4254">
     <span class='ocr_line' id='line_1_61' title="bbox 404 4181 1976 4254; baseline 0.001 -17"><span class='ocrx_word' id='word_1_439' title='bbox 404 4192 531 4238; x_wconf 86' lang='lat' dir='ltr'><strong>runt</strong></span> <span class='ocrx_word' id='word_1_440' title='bbox 562 4181 791 4250; x_wconf 83' lang='lat' dir='ltr'><strong>Quare?</strong></span> <span class='ocrx_word' id='word_1_441' title='bbox 816 4182 958 4249; x_wconf 79' lang='lat' dir='ltr'><strong>Quia</strong></span> <span class='ocrx_word' id='word_1_442' title='bbox 982 4182 1114 4249; x_wconf 89' lang='lat' dir='ltr'><strong>illic,</strong></span> <span class='ocrx_word' id='word_1_443' title='bbox 1142 4198 1263 4237; x_wconf 84' lang='lat' dir='ltr'><strong>cum</strong></span> <span class='ocrx_word' id='word_1_444' title='bbox 1292 4182 1430 4254; x_wconf 86' lang='lat' dir='ltr'><strong>ipse,</strong></span> <span class='ocrx_word' id='word_1_445' title='bbox 1464 4183 1559 4252; x_wconf 88' lang='lat' dir='ltr'><strong>qui</strong></span> <span class='ocrx_word' id='word_1_446' title='bbox 1584 4194 1976 4252; x_wconf 79' lang='lat' dir='ltr'><strong>resurrexerat,</strong></span> 
     </span>
    </p>
   </div>
   <div class='ocr_carea' id='block_1_62' title="bbox 404 4272 1977 4345">
    <p class='ocr_par' dir='ltr' id='par_1_62' title="bbox 404 4272 1977 4345">
     <span class='ocr_line' id='line_1_62' title="bbox 404 4272 1977 4345; baseline 0.002 -16"><span class='ocrx_word' id='word_1_447' title='bbox 404 4288 589 4329; x_wconf 88' lang='lat' dir='ltr'><strong>coram</strong></span> <span class='ocrx_word' id='word_1_448' title='bbox 626 4289 867 4344; x_wconf 81' lang='lat' dir='ltr'><strong>praesens</strong></span> <span class='ocrx_word' id='word_1_449' title='bbox 900 4272 1139 4340; x_wconf 86' lang='lat' dir='ltr'><strong>adesset,</strong></span> <span class='ocrx_word' id='word_1_450' title='bbox 1179 4282 1343 4345; x_wconf 90' lang='lat' dir='ltr'><strong>atque</strong></span> <span class='ocrx_word' id='word_1_451' title='bbox 1372 4274 1509 4329; x_wconf 90' lang='lat' dir='ltr'><strong>adeo</strong></span> <span class='ocrx_word' id='word_1_452' title='bbox 1548 4274 1892 4344; x_wconf 85' lang='lat' dir='ltr'><strong>loqueretur,</strong></span> <span class='ocrx_word' id='word_1_453' title='bbox 1923 4286 1977 4332; x_wconf 89' lang='lat' dir='ltr'><strong>et</strong></span> 
     </span>
    </p>
   </div>
   <div class='ocr_carea' id='block_1_63' title="bbox 402 4363 1978 4436">
    <p class='ocr_par' dir='ltr' id='par_1_63' title="bbox 402 4363 1978 4436">
     <span class='ocr_line' id='line_1_63' title="bbox 402 4363 1978 4436; baseline 0.001 -18"><span class='ocrx_word' id='word_1_454' title='bbox 402 4374 813 4421; x_wconf 89' lang='lat' dir='ltr'><strong>monumentum</strong></span> <span class='ocrx_word' id='word_1_455' title='bbox 843 4364 1143 4421; x_wconf 89' lang='lat' dir='ltr'><strong>declararet</strong></span> <span class='ocrx_word' id='word_1_456' title='bbox 1159 4379 1286 4421; x_wconf 89' lang='lat' dir='ltr'><strong>eum</strong></span> <span class='ocrx_word' id='word_1_457' title='bbox 1312 4380 1419 4419; x_wconf 91' lang='lat' dir='ltr'><strong>non</strong></span> <span class='ocrx_word' id='word_1_458' title='bbox 1449 4363 1526 4420; x_wconf 85' lang='lat' dir='ltr'><strong>ibi</strong></span> <span class='ocrx_word' id='word_1_459' title='bbox 1548 4380 1690 4431; x_wconf 89' lang='lat' dir='ltr'><strong>esse,</strong></span> <span class='ocrx_word' id='word_1_460' title='bbox 1719 4381 1978 4436; x_wconf 82' lang='lat' dir='ltr'><strong>superva-</strong></span> 
     </span>
    </p>
   </div>
   <div class='ocr_carea' id='block_1_64' title="bbox 410 4450 1979 4527">
    <p class='ocr_par' dir='ltr' id='par_1_64' title="bbox 410 4450 1979 4527">
     <span class='ocr_line' id='line_1_64' title="bbox 410 4450 1979 4527; baseline 0 -18"><span class='ocrx_word' id='word_1_461' title='bbox 410 4468 641 4511; x_wconf 87' lang='lat' dir='ltr'><strong>caneum</strong></span> <span class='ocrx_word' id='word_1_462' title='bbox 672 4463 812 4522; x_wconf 89' lang='lat' dir='ltr'><strong>erat,</strong></span> <span class='ocrx_word' id='word_1_463' title='bbox 838 4450 1165 4527; x_wconf 81' lang='lat' dir='ltr'><strong>principium</strong></span> <span class='ocrx_word' id='word_1_464' title='bbox 1187 4453 1376 4510; x_wconf 87' lang='lat' dir='ltr'><strong>videre</strong></span> <span class='ocrx_word' id='word_1_465' title='bbox 1402 4471 1416 4507; x_wconf 89' lang='lat'><strong>:</strong></span> <span class='ocrx_word' id='word_1_466' title='bbox 1446 4454 1534 4512; x_wconf 90' lang='lat' dir='ltr'><strong>bic</strong></span> <span class='ocrx_word' id='word_1_467' title='bbox 1553 4470 1684 4512; x_wconf 86' lang='lat' dir='ltr'><strong>vero</strong></span> <span class='ocrx_word' id='word_1_468' title='bbox 1707 4470 1846 4527; x_wconf 77' lang='lat' dir='ltr'><strong>Opus</strong></span> <span class='ocrx_word' id='word_1_469' title='bbox 1860 4463 1979 4511; x_wconf 90' lang='lat' dir='ltr'><strong>erat</strong></span> 
     </span>
    </p>
   </div>
   <div class='ocr_carea' id='block_1_65' title="bbox 399 4545 1972 4617">
    <p class='ocr_par' dir='ltr' id='par_1_65' title="bbox 399 4545 1972 4617">
     <span class='ocr_line' id='line_1_65' title="bbox 399 4545 1972 4617; baseline 0 -17"><span class='ocrx_word' id='word_1_470' title='bbox 399 4547 563 4601; x_wconf 80' lang='lat' dir='ltr'><strong>etiam</strong></span> <span class='ocrx_word' id='word_1_471' title='bbox 591 4548 733 4602; x_wconf 88' lang='lat' dir='ltr'><strong>scire</strong></span> <span class='ocrx_word' id='word_1_472' title='bbox 759 4547 945 4602; x_wconf 90' lang='lat' dir='ltr'><strong>tinem.</strong></span> <span class='ocrx_word' id='word_1_473' title='bbox 982 4545 1101 4601; x_wconf 73' lang='lat' dir='ltr'><strong>Non</strong></span> <span class='ocrx_word' id='word_1_474' title='bbox 1124 4546 1299 4601; x_wconf 86' lang='lat' dir='ltr'><strong>&#39;enim</strong></span> <span class='ocrx_word' id='word_1_475' title='bbox 1345 4545 1495 4602; x_wconf 91' lang='lat' dir='ltr'><strong>oculi</strong></span> <span class='ocrx_word' id='word_1_476' title='bbox 1537 4550 1756 4617; x_wconf 88' lang='lat' dir='ltr'><strong>assequi</strong></span> <span class='ocrx_word' id='word_1_477' title='bbox 1806 4554 1972 4616; x_wconf 88' lang='lat' dir='ltr'><strong>atque</strong></span> 
     </span>
    </p>
   </div>
   <div class='ocr_carea' id='block_1_66' title="bbox 401 4635 2049 4724">
    <p class='ocr_par' dir='ltr' id='par_1_66' title="bbox 401 4635 2049 4724">
     <span class='ocr_line' id='line_1_66' title="bbox 401 4635 2049 4724; baseline 0.001 -32"><span class='ocrx_word' id='word_1_478' title='bbox 401 4646 659 4708; x_wconf 73' lang='lat' dir='ltr'><strong>praestare</strong></span> <span class='ocrx_word' id='word_1_479' title='bbox 688 4644 960 4708; x_wconf 87' lang='lat' dir='ltr'><strong>poterant,</strong></span> <span class='ocrx_word' id='word_1_480' title='bbox 1006 4644 1067 4691; x_wconf 91' lang='lat' dir='ltr'><strong>ut</strong></span> <span class='ocrx_word' id='word_1_481' title='bbox 1110 4635 1466 4691; x_wconf 85' lang='lat' dir='ltr'><strong>ostenderent</strong></span> <span class='ocrx_word' id='word_1_482' title='bbox 1504 4638 1847 4694; x_wconf 87' lang='lat' dir='ltr'><strong>altitudinem</strong></span> <span class='ocrx_word' id='word_1_483' title='bbox 1886 4648 1971 4693; x_wconf 89' lang='lat' dir='ltr'><strong>at-</strong></span> <span class='ocrx_word' id='word_1_484' title='bbox 2003 4666 2049 4724; x_wconf 70' lang='grc' dir='ltr'><strong>υ</strong></span> 
     </span>
    </p>
   </div>
   <div class='ocr_carea' id='block_1_67' title="bbox 402 4725 1969 4798">
    <p class='ocr_par' dir='ltr' id='par_1_67' title="bbox 402 4725 1969 4798">
     <span class='ocr_line' id='line_1_67' title="bbox 402 4725 1969 4798; baseline 0.002 -16"><span class='ocrx_word' id='word_1_485' title='bbox 402 4742 511 4798; x_wconf 85' lang='lat' dir='ltr'><strong>que</strong></span> <span class='ocrx_word' id='word_1_486' title='bbox 535 4727 819 4792; x_wconf 87' lang='lat' dir='ltr'><strong>docerent,</strong></span> <span class='ocrx_word' id='word_1_487' title='bbox 854 4737 1039 4782; x_wconf 89' lang='lat' dir='ltr'><strong>utrum</strong></span> <span class='ocrx_word' id='word_1_488' title='bbox 1070 4727 1127 4781; x_wconf 90' lang='lat' dir='ltr'><strong>in</strong></span> <span class='ocrx_word' id='word_1_489' title='bbox 1158 4725 1334 4797; x_wconf 87' lang='lat' dir='ltr'><strong>ipsum</strong></span> <span class='ocrx_word' id='word_1_490' title='bbox 1377 4728 1577 4785; x_wconf 71' lang='lat' dir='ltr'><strong>omium</strong></span> <span class='ocrx_word' id='word_1_491' title='bbox 1614 4729 1969 4798; x_wconf 86' lang='lat' dir='ltr'><strong>ascendisset,</strong></span> 
     </span>
    </p>
   </div>
   <div class='ocr_carea' id='block_1_68' title="bbox 405 4819 1973 4889">
    <p class='ocr_par' dir='ltr' id='par_1_68' title="bbox 405 4819 1973 4889">
     <span class='ocr_line' id='line_1_68' title="bbox 405 4819 1973 4889; baseline 0.002 -15"><span class='ocrx_word' id='word_1_492' title='bbox 405 4836 475 4875; x_wconf 87' lang='lat' dir='ltr'><strong>an</strong></span> <span class='ocrx_word' id='word_1_493' title='bbox 505 4820 670 4874; x_wconf 90' lang='lat' dir='ltr'><strong>etiam</strong></span> <span class='ocrx_word' id='word_1_494' title='bbox 698 4819 1048 4889; x_wconf 87' lang='lat' dir='ltr'><strong>aliquatenus</strong></span> <span class='ocrx_word' id='word_1_495' title='bbox 1086 4819 1386 4875; x_wconf 88' lang='lat' dir='ltr'><strong>subvectus</strong></span> <span class='ocrx_word' id='word_1_496' title='bbox 1415 4821 1727 4877; x_wconf 85' lang='lat' dir='ltr'><strong>restitisset.</strong></span> <span class='ocrx_word' id='word_1_497' title='bbox 1764 4821 1973 4877; x_wconf 87' lang='lat' dir='ltr'><strong>idcirco</strong></span> 
     </span>
    </p>
   </div>
   <div class='ocr_carea' id='block_1_69' title="bbox 368 4910 1972 4984">
    <p class='ocr_par' dir='ltr' id='par_1_69' title="bbox 368 4910 1972 4984">
     <span class='ocr_line' id='line_1_69' title="bbox 368 4910 1972 4984; baseline -0.004 -13"><span class='ocrx_word' id='word_1_498' title='bbox 368 4962 373 4971; x_wconf 94' lang='lat'><strong>.</strong></span> <span class='ocrx_word' id='word_1_499' title='bbox 402 4911 581 4984; x_wconf 87' lang='lat' dir='ltr'><strong>angeli</strong></span> <span class='ocrx_word' id='word_1_500' title='bbox 606 4911 926 4969; x_wconf 82' lang='lat' dir='ltr'><strong>assistentes</strong></span> <span class='ocrx_word' id='word_1_501' title='bbox 957 4910 1162 4968; x_wconf 87' lang='lat' dir='ltr'><strong>docent</strong></span> <span class='ocrx_word' id='word_1_502' title='bbox 1185 4925 1272 4976; x_wconf 90' lang='lat' dir='ltr'><strong>ea,</strong></span> <span class='ocrx_word' id='word_1_503' title='bbox 1299 4927 1421 4984; x_wconf 66' lang='lat' dir='ltr'><strong>quae</strong></span> <span class='ocrx_word' id='word_1_504' title='bbox 1450 4927 1547 4983; x_wconf 85' lang='lat' dir='ltr'><strong>per</strong></span> <span class='ocrx_word' id='word_1_505' title='bbox 1573 4911 1972 4980; x_wconf 89' lang='lat' dir='ltr'><strong>inspectionem</strong></span> 
     </span>
    </p>
   </div>
   <div class='ocr_carea' id='block_1_70' title="bbox 405 5000 2015 5074">
    <p class='ocr_par' dir='ltr' id='par_1_70' title="bbox 405 5000 2015 5074">
     <span class='ocr_line' id='line_1_70' title="bbox 405 5000 2015 5074; baseline -0.004 -13"><span class='ocrx_word' id='word_1_506' title='bbox 405 5019 517 5061; x_wconf 91' lang='lat' dir='ltr'><strong>nou</strong></span> <span class='ocrx_word' id='word_1_507' title='bbox 570 5008 825 5074; x_wconf 86' lang='lat' dir='ltr'><strong>poterant</strong></span> <span class='ocrx_word' id='word_1_508' title='bbox 870 5002 1279 5073; x_wconf 90' lang='lat' dir='ltr'><strong>comprehendi.</strong></span> <span class='ocrx_word' id='word_1_509' title='bbox 1329 5000 1513 5056; x_wconf 68' lang='lat' dir='ltr'><strong>Nubes</strong></span> <span class='ocrx_word' id='word_1_510' title='bbox 1542 5007 1727 5055; x_wconf 87' lang='lat' dir='ltr'><strong>autem</strong></span> <span class='ocrx_word' id='word_1_511' title='bbox 1760 5000 1974 5069; x_wconf 82' lang='lat' dir='ltr'><strong>excepit</strong></span> <span class='ocrx_word' id='word_1_512' title='bbox 2010 5038 2015 5043; x_wconf 85' lang='grc'><strong>-</strong></span> 
     </span>
    </p>
   </div>
   <div class='ocr_carea' id='block_1_71' title="bbox 404 5088 1975 5164">
    <p class='ocr_par' dir='ltr' id='par_1_71' title="bbox 404 5088 1975 5164">
     <span class='ocr_line' id='line_1_71' title="bbox 404 5088 1975 5164; baseline -0.004 -13"><span class='ocrx_word' id='word_1_513' title='bbox 404 5111 573 5151; x_wconf 88' lang='lat' dir='ltr'><strong>eum:</strong></span> <span class='ocrx_word' id='word_1_514' title='bbox 624 5094 751 5164; x_wconf 90' lang='lat' dir='ltr'><strong>quia</strong></span> <span class='ocrx_word' id='word_1_515' title='bbox 806 5093 921 5148; x_wconf 74' lang='lat' dir='ltr'><strong>haec</strong></span> <span class='ocrx_word' id='word_1_516' title='bbox 973 5093 1190 5163; x_wconf 86' lang='lat' dir='ltr'><strong>signum</strong></span> <span class='ocrx_word' id='word_1_517' title='bbox 1242 5099 1329 5148; x_wconf 87' lang='lat' dir='ltr'><strong>est</strong></span> <span class='ocrx_word' id='word_1_518' title='bbox 1386 5088 1748 5154; x_wconf 88' lang='lat' dir='ltr'><strong>Dominicum,</strong></span> <span class='ocrx_word' id='word_1_519' title='bbox 1812 5098 1975 5159; x_wconf 83' lang='lat' dir='ltr'><strong>atque</strong></span> 
     </span>
    </p>
   </div>
   <div class='ocr_carea' id='block_1_72' title="bbox 406 5178 1972 5253">
    <p class='ocr_par' dir='ltr' id='par_1_72' title="bbox 406 5178 1972 5253">
     <span class='ocr_line' id='line_1_72' title="bbox 406 5178 1972 5253; baseline -0.005 -12"><span class='ocrx_word' id='word_1_520' title='bbox 406 5186 603 5241; x_wconf 65' lang='lat' dir='ltr'><strong>divinae</strong></span> <span class='ocrx_word' id='word_1_521' title='bbox 625 5185 915 5253; x_wconf 89' lang='lat' dir='ltr'><strong>potestatis</strong></span> <span class='ocrx_word' id='word_1_522' title='bbox 942 5202 956 5239; x_wconf 88' lang='lat'><strong>:</strong></span> <span class='ocrx_word' id='word_1_523' title='bbox 985 5197 1251 5252; x_wconf 85' lang='lat' dir='ltr'><strong>nusquam</strong></span> <span class='ocrx_word' id='word_1_524' title='bbox 1281 5181 1429 5237; x_wconf 89' lang='lat' dir='ltr'><strong>enim</strong></span> <span class='ocrx_word' id='word_1_525' title='bbox 1457 5179 1641 5249; x_wconf 86' lang='lat' dir='ltr'><strong>aliqua</strong></span> <span class='ocrx_word' id='word_1_526' title='bbox 1681 5178 1786 5233; x_wconf 90' lang='lat' dir='ltr'><strong>alia</strong></span> <span class='ocrx_word' id='word_1_527' title='bbox 1815 5191 1972 5248; x_wconf 90' lang='lat' dir='ltr'><strong>p0te-</strong></span> 
     </span>
    </p>
   </div>
   <div class='ocr_carea' id='block_1_73' title="bbox 407 5269 1976 5344">
    <p class='ocr_par' dir='ltr' id='par_1_73' title="bbox 407 5269 1976 5344">
     <span class='ocr_line' id='line_1_73' title="bbox 407 5269 1976 5344; baseline -0.004 -11"><span class='ocrx_word' id='word_1_528' title='bbox 407 5288 520 5333; x_wconf 88' lang='lat' dir='ltr'><strong>stas</strong></span> <span class='ocrx_word' id='word_1_529' title='bbox 562 5277 617 5331; x_wconf 90' lang='lat' dir='ltr'><strong>in</strong></span> <span class='ocrx_word' id='word_1_530' title='bbox 647 5276 793 5332; x_wconf 90' lang='lat' dir='ltr'><strong>nube</strong></span> <span class='ocrx_word' id='word_1_531' title='bbox 829 5281 1073 5344; x_wconf 84' lang='lat' dir='ltr'><strong>apparet.</strong></span> <span class='ocrx_word' id='word_1_532' title='bbox 1114 5272 1478 5338; x_wconf 87' lang='lat' dir='ltr'><strong>Quamobrem</strong></span> <span class='ocrx_word' id='word_1_533' title='bbox 1521 5269 1684 5326; x_wconf 89' lang='lat' dir='ltr'><strong>etiam</strong></span> <span class='ocrx_word' id='word_1_534' title='bbox 1712 5269 1882 5325; x_wconf 90' lang='lat' dir='ltr'><strong>David</strong></span> <span class='ocrx_word' id='word_1_535' title='bbox 1908 5271 1976 5327; x_wconf 90' lang='lat' dir='ltr'><strong>de</strong></span> 
     </span>
    </p>
   </div>
   <div class='ocr_carea' id='block_1_74' title="bbox 405 5359 1973 5436">
    <p class='ocr_par' dir='ltr' id='par_1_74' title="bbox 405 5359 1973 5436">
     <span class='ocr_line' id='line_1_74' title="bbox 405 5359 1973 5436; baseline -0.003 -16"><span class='ocrx_word' id='word_1_536' title='bbox 405 5366 568 5422; x_wconf 76' lang='lat' dir='ltr'><strong>Patre</strong></span> <span class='ocrx_word' id='word_1_537' title='bbox 592 5368 726 5423; x_wconf 88' lang='lat' dir='ltr'><strong>dicit</strong></span> <span class='ocrx_word' id='word_1_538' title='bbox 755 5383 770 5420; x_wconf 91' lang='lat'><strong>:</strong></span> <span class='ocrx_word' id='word_1_539' title='bbox 814 5365 916 5436; x_wconf 81' lang='lat'><strong>13</strong></span> <span class='ocrx_word' id='word_1_540' title='bbox 962 5364 1068 5433; x_wconf 84' lang='lat' dir='ltr'><strong>Qui</strong></span> <span class='ocrx_word' id='word_1_541' title='bbox 1096 5364 1239 5433; x_wconf 84' lang='lat' dir='ltr'><strong>ponit</strong></span> <span class='ocrx_word' id='word_1_542' title='bbox 1275 5361 1436 5418; x_wconf 85' lang='lat' dir='ltr'><strong>nubes</strong></span> <span class='ocrx_word' id='word_1_543' title='bbox 1477 5359 1888 5417; x_wconf 81' lang='lat' dir='ltr'><strong>ambulationem</strong></span> <span class='ocrx_word' id='word_1_544' title='bbox 1922 5370 1973 5417; x_wconf 87' lang='lat' dir='ltr'><strong>et</strong></span> 
     </span>
    </p>
   </div>
   <div class='ocr_carea' id='block_1_75' title="bbox 472 5479 884 5547">
    <p class='ocr_par' dir='ltr' id='par_1_75' title="bbox 472 5479 884 5547">
     <span class='ocr_line' id='line_1_75' title="bbox 472 5479 884 5547; baseline -0.002 -12"><span class='ocrx_word' id='word_1_545' title='bbox 472 5479 499 5519; x_wconf 69' lang='grc' dir='ltr'>ἀ</span> <span class='ocrx_word' id='word_1_546' title='bbox 528 5480 717 5537; x_wconf 84' lang='lat' dir='ltr'><strong>Matth.</strong></span> <span class='ocrx_word' id='word_1_547' title='bbox 747 5497 802 5547; x_wconf 72' lang='grc' dir='ltr'>ι,</span> <span class='ocrx_word' id='word_1_548' title='bbox 830 5481 884 5534; x_wconf 81' lang='lat'><strong>5.</strong></span> 
     </span>
    </p>
   </div>
   <div class='ocr_carea' id='block_1_76' title="bbox 2074 2091 3640 2163">
    <p class='ocr_par' dir='ltr' id='par_1_76' title="bbox 2074 2091 3640 2163">
     <span class='ocr_line' id='line_1_76' title="bbox 2074 2091 3640 2163; baseline -0.002 -14"><span class='ocrx_word' id='word_1_549' title='bbox 2074 2094 2174 2149; x_wconf 77' lang='grc' dir='ltr'>καὶ</span> <span class='ocrx_word' id='word_1_550' title='bbox 2202 2095 2272 2148; x_wconf 85' lang='grc' dir='ltr'><strong>ἐν</strong></span> <span class='ocrx_word' id='word_1_551' title='bbox 2314 2093 2482 2163; x_wconf 80' lang='grc' dir='ltr'><strong>πάσῃ</strong></span> <span class='ocrx_word' id='word_1_552' title='bbox 2522 2092 2598 2162; x_wconf 79' lang='grc' dir='ltr'>τῇ</span> <span class='ocrx_word' id='word_1_553' title='bbox 2647 2092 2898 2161; x_wconf 81' lang='grc' dir='ltr'><strong>Ἰουδαίᾳ</strong></span> <span class='ocrx_word' id='word_1_554' title='bbox 2926 2092 3026 2147; x_wconf 76' lang='grc' dir='ltr'><strong>καί</strong></span> <span class='ocrx_word' id='word_1_555' title='bbox 3054 2093 3369 2161; x_wconf 79' lang='grc' dir='ltr'><strong>Σαμαρείᾳ,</strong></span> <span class='ocrx_word' id='word_1_556' title='bbox 3406 2092 3505 2146; x_wconf 72' lang='grc' dir='ltr'>καὶ</span> <span class='ocrx_word' id='word_1_557' title='bbox 3530 2091 3640 2159; x_wconf 77' lang='grc' dir='ltr'><strong>ἕως</strong></span> 
     </span>
    </p>
   </div>
   <div class='ocr_carea' id='block_1_77' title="bbox 2073 2183 2636 2255">
    <p class='ocr_par' dir='ltr' id='par_1_77' title="bbox 2073 2183 2636 2255">
     <span class='ocr_line' id='line_1_77' title="bbox 2073 2183 2636 2255; baseline -0.005 -15"><span class='ocrx_word' id='word_1_558' title='bbox 2073 2184 2338 2255; x_wconf 81' lang='grc' dir='ltr'><strong>ἐσχάτου</strong></span> <span class='ocrx_word' id='word_1_559' title='bbox 2369 2183 2480 2252; x_wconf 85' lang='grc' dir='ltr'>τῆς</span> <span class='ocrx_word' id='word_1_560' title='bbox 2503 2184 2636 2255; x_wconf 76' lang='grc' dir='ltr'>γῆς.</span> 
     </span>
    </p>
   </div>
   <div class='ocr_carea' id='block_1_78' title="bbox 2160 2271 3639 2344">
    <p class='ocr_par' dir='ltr' id='par_1_78' title="bbox 2160 2271 3639 2344">
     <span class='ocr_line' id='line_1_78' title="bbox 2160 2271 3639 2344; baseline 0.001 -18"><span class='ocrx_word' id='word_1_561' title='bbox 2160 2273 2379 2343; x_wconf 78' lang='grc' dir='ltr'><strong>Ἐπειδὴ</strong></span> <span class='ocrx_word' id='word_1_562' title='bbox 2430 2272 2742 2344; x_wconf 77' lang='grc' dir='ltr'>ἔμπροσθεν</span> <span class='ocrx_word' id='word_1_563' title='bbox 2801 2272 2987 2341; x_wconf 82' lang='grc' dir='ltr'>ἔλεγεν</span> <span class='ocrx_word' id='word_1_564' title='bbox 3018 2288 3035 2305; x_wconf 87' lang='grc'>·</span> <span class='ocrx_word' id='word_1_565' title='bbox 3082 2273 3178 2336; x_wconf 71' lang='lat' dir='ltr'><strong>Et;</strong></span> <span class='ocrx_word' id='word_1_566' title='bbox 3205 2273 3322 2327; x_wconf 73' lang='grc' dir='ltr'>ὁδὸν</span> <span class='ocrx_word' id='word_1_567' title='bbox 3358 2271 3528 2328; x_wconf 74' lang='grc' dir='ltr'>ἐθνῶν</span> <span class='ocrx_word' id='word_1_568' title='bbox 3562 2273 3639 2344; x_wconf 79' lang='grc' dir='ltr'><strong>μὴ</strong></span> 
     </span>
    </p>
   </div>
   <div class='ocr_carea' id='block_1_79' title="bbox 2074 2364 3637 2436">
    <p class='ocr_par' dir='ltr' id='par_1_79' title="bbox 2074 2364 3637 2436">
     <span class='ocr_line' id='line_1_79' title="bbox 2074 2364 3637 2436; baseline -0.002 -17"><span class='ocrx_word' id='word_1_569' title='bbox 2074 2364 2371 2431; x_wconf 79' lang='grc' dir='ltr'>ἀπέλθητε,</span> <span class='ocrx_word' id='word_1_570' title='bbox 2409 2367 2503 2418; x_wconf 69' lang='grc' dir='ltr'>καὶ</span> <span class='ocrx_word' id='word_1_571' title='bbox 2529 2364 2608 2428; x_wconf 81' lang='grc' dir='ltr'>εἰς</span> <span class='ocrx_word' id='word_1_572' title='bbox 2649 2365 2806 2418; x_wconf 85' lang='grc' dir='ltr'>πόλιν</span> <span class='ocrx_word' id='word_1_573' title='bbox 2845 2364 3201 2436; x_wconf 82' lang='grc' dir='ltr'><strong>Σαμαρειτῶν</strong></span> <span class='ocrx_word' id='word_1_574' title='bbox 3235 2365 3309 2436; x_wconf 83' lang='grc' dir='ltr'><strong>μὴ</strong></span> <span class='ocrx_word' id='word_1_575' title='bbox 3335 2365 3637 2434; x_wconf 73' lang='grc' dir='ltr'>εἰσέλθητε,</span> 
     </span>
    </p>
   </div>
   <div class='ocr_carea' id='block_1_80' title="bbox 2077 2456 3727 2535">
    <p class='ocr_par' dir='ltr' id='par_1_80' title="bbox 2077 2456 3727 2535">
     <span class='ocr_line' id='line_1_80' title="bbox 2077 2456 3727 2535; baseline 0.001 -28"><span class='ocrx_word' id='word_1_576' title='bbox 2077 2457 2398 2527; x_wconf 84' lang='grc' dir='ltr'>βουλόμενος</span> <span class='ocrx_word' id='word_1_577' title='bbox 2449 2457 2666 2526; x_wconf 83' lang='grc' dir='ltr'>πρῶτον</span> <span class='ocrx_word' id='word_1_578' title='bbox 2709 2458 2821 2520; x_wconf 87' lang='grc' dir='ltr'>τοῖς</span> <span class='ocrx_word' id='word_1_579' title='bbox 2853 2456 3126 2520; x_wconf 80' lang='grc' dir='ltr'>Ἰουδαίοις</span> <span class='ocrx_word' id='word_1_580' title='bbox 3152 2456 3244 2510; x_wconf 84' lang='grc' dir='ltr'>τὸν</span> <span class='ocrx_word' id='word_1_581' title='bbox 3273 2456 3429 2525; x_wconf 85' lang='grc' dir='ltr'>λόγον</span> <span class='ocrx_word' id='word_1_582' title='bbox 3472 2473 3641 2527; x_wconf 87' lang='grc' dir='ltr'>κηρυ-</span> <span class='ocrx_word' id='word_1_583' title='bbox 3724 2534 3727 2535; x_wconf 12' lang='grc' dir='ltr'><em>ν</em></span> 
     </span>
    </p>
   </div>
   <div class='ocr_carea' id='block_1_81' title="bbox 2075 2544 3641 2618">
    <p class='ocr_par' dir='ltr' id='par_1_81' title="bbox 2075 2544 3641 2618">
     <span class='ocr_line' id='line_1_81' title="bbox 2075 2544 3641 2618; baseline -0.001 -18"><span class='ocrx_word' id='word_1_584' title='bbox 2075 2547 2291 2617; x_wconf 82' lang='grc' dir='ltr'>χθῆναι,</span> <span class='ocrx_word' id='word_1_585' title='bbox 2341 2547 2437 2601; x_wconf 88' lang='grc' dir='ltr'>νῦν</span> <span class='ocrx_word' id='word_1_586' title='bbox 2478 2546 2538 2600; x_wconf 81' lang='grc' dir='ltr'>δὲ</span> <span class='ocrx_word' id='word_1_587' title='bbox 2587 2547 2773 2601; x_wconf 77' lang='grc' dir='ltr'>λοιπὸν</span> <span class='ocrx_word' id='word_1_588' title='bbox 2821 2547 2901 2610; x_wconf 77' lang='grc' dir='ltr'><strong>εἰς</strong></span> <span class='ocrx_word' id='word_1_589' title='bbox 2932 2547 3030 2617; x_wconf 80' lang='grc' dir='ltr'><strong>τὴν</strong></span> <span class='ocrx_word' id='word_1_590' title='bbox 3072 2546 3396 2618; x_wconf 80' lang='grc' dir='ltr'>οἰκουμένην</span> <span class='ocrx_word' id='word_1_591' title='bbox 3446 2545 3553 2600; x_wconf 80' lang='grc' dir='ltr'>ἔδει</span> <span class='ocrx_word' id='word_1_592' title='bbox 3580 2544 3641 2598; x_wconf 83' lang='grc' dir='ltr'>τὸ</span> 
     </span>
    </p>
   </div>
   <div class='ocr_carea' id='block_1_82' title="bbox 2075 2631 3642 2708">
    <p class='ocr_par' dir='ltr' id='par_1_82' title="bbox 2075 2631 3642 2708">
     <span class='ocr_line' id='line_1_82' title="bbox 2075 2631 3642 2708; baseline -0.004 -16"><span class='ocrx_word' id='word_1_593' title='bbox 2075 2639 2335 2708; x_wconf 87' lang='grc' dir='ltr'>κήρυγμα</span> <span class='ocrx_word' id='word_1_594' title='bbox 2391 2636 2620 2707; x_wconf 83' lang='grc' dir='ltr'><strong>χῦθῆναι</strong></span> <span class='ocrx_word' id='word_1_595' title='bbox 2649 2675 2663 2700; x_wconf 90' lang='grc'>,</span> <span class='ocrx_word' id='word_1_596' title='bbox 2709 2636 2947 2705; x_wconf 84' lang='grc' dir='ltr'>εὐλόγως</span> <span class='ocrx_word' id='word_1_597' title='bbox 3015 2631 3108 2688; x_wconf 80' lang='grc' dir='ltr'><strong>οὖν</strong></span> <span class='ocrx_word' id='word_1_598' title='bbox 3180 2635 3500 2707; x_wconf 81' lang='grc' dir='ltr'>προστίθησι</span> <span class='ocrx_word' id='word_1_599' title='bbox 3546 2635 3642 2690; x_wconf 83' lang='grc' dir='ltr'><strong>καί</strong></span> 
     </span>
    </p>
   </div>
   <div class='ocr_carea' id='block_1_83' title="bbox 2076 2721 3640 2799">
    <p class='ocr_par' dir='ltr' id='par_1_83' title="bbox 2076 2721 3640 2799">
     <span class='ocr_line' id='line_1_83' title="bbox 2076 2721 3640 2799; baseline -0.002 -18"><span class='ocrx_word' id='word_1_600' title='bbox 2076 2745 2210 2799; x_wconf 74' lang='grc' dir='ltr'>φησι</span> <span class='ocrx_word' id='word_1_601' title='bbox 2237 2743 2253 2762; x_wconf 77' lang='grc' dir='ltr'><strong><em>ο</em></strong></span> <span class='ocrx_word' id='word_1_602' title='bbox 2295 2728 2394 2781; x_wconf 85' lang='grc' dir='ltr'><strong>Ἕν</strong></span> <span class='ocrx_word' id='word_1_603' title='bbox 2422 2744 2484 2781; x_wconf 89' lang='grc' dir='ltr'><strong>τε</strong></span> <span class='ocrx_word' id='word_1_604' title='bbox 2518 2727 2750 2799; x_wconf 81' lang='grc' dir='ltr'>Ἰουδαίᾳ</span> <span class='ocrx_word' id='word_1_605' title='bbox 2773 2727 2867 2779; x_wconf 78' lang='grc' dir='ltr'>καὶ</span> <span class='ocrx_word' id='word_1_606' title='bbox 2890 2726 3174 2797; x_wconf 72' lang='grc' dir='ltr'>Σαμαρείᾳ</span> <span class='ocrx_word' id='word_1_607' title='bbox 3196 2742 3211 2757; x_wconf 75' lang='grc' dir='ltr'><strong>ο</strong></span> <span class='ocrx_word' id='word_1_608' title='bbox 3244 2721 3382 2791; x_wconf 79' lang='grc' dir='ltr'>εἶτα,</span> <span class='ocrx_word' id='word_1_609' title='bbox 3401 2727 3512 2780; x_wconf 78' lang='grc' dir='ltr'>Καὶ</span> <span class='ocrx_word' id='word_1_610' title='bbox 3534 2726 3640 2789; x_wconf 73' lang='grc' dir='ltr'><strong>ἕως</strong></span> 
     </span>
    </p>
   </div>
   <div class='ocr_carea' id='block_1_84' title="bbox 2074 2816 3638 2892">
    <p class='ocr_par' dir='ltr' id='par_1_84' title="bbox 2074 2816 3638 2892">
     <span class='ocr_line' id='line_1_84' title="bbox 2074 2816 3638 2892; baseline -0.001 -20"><span class='ocrx_word' id='word_1_611' title='bbox 2074 2821 2308 2892; x_wconf 72' lang='grc' dir='ltr'>ἐσχάτου</span> <span class='ocrx_word' id='word_1_612' title='bbox 2338 2818 2439 2891; x_wconf 67' lang='grc' dir='ltr'>τῆς</span> <span class='ocrx_word' id='word_1_613' title='bbox 2464 2818 2590 2889; x_wconf 81' lang='grc' dir='ltr'>γῆς.</span> <span class='ocrx_word' id='word_1_614' title='bbox 2624 2819 2697 2872; x_wconf 84' lang='grc' dir='ltr'>Τὸ</span> <span class='ocrx_word' id='word_1_615' title='bbox 2725 2819 2804 2884; x_wconf 72' lang='grc' dir='ltr'><strong>δὲ,</strong></span> <span class='ocrx_word' id='word_1_616' title='bbox 2822 2818 3052 2872; x_wconf 85' lang='grc' dir='ltr'>Ἐσεσθέ</span> <span class='ocrx_word' id='word_1_617' title='bbox 3083 2835 3175 2889; x_wconf 89' lang='grc' dir='ltr'><strong>μοι</strong></span> <span class='ocrx_word' id='word_1_618' title='bbox 3204 2819 3499 2890; x_wconf 83' lang='grc' dir='ltr'>μάρτυρες,</span> <span class='ocrx_word' id='word_1_619' title='bbox 3523 2816 3638 2887; x_wconf 72' lang='grc' dir='ltr'>ἅμα</span> 
     </span>
    </p>
   </div>
   <div class='ocr_carea' id='block_1_85' title="bbox 2075 2907 3637 2982">
    <p class='ocr_par' dir='ltr' id='par_1_85' title="bbox 2075 2907 3637 2982">
     <span class='ocr_line' id='line_1_85' title="bbox 2075 2907 3637 2982; baseline -0.004 -17"><span class='ocrx_word' id='word_1_620' title='bbox 2075 2911 2170 2965; x_wconf 78' lang='grc' dir='ltr'>καὶ</span> <span class='ocrx_word' id='word_1_621' title='bbox 2223 2910 2505 2982; x_wconf 86' lang='grc' dir='ltr'>προτροπή</span> <span class='ocrx_word' id='word_1_622' title='bbox 2556 2911 2676 2963; x_wconf 70' lang='grc' dir='ltr'>ἐστι</span> <span class='ocrx_word' id='word_1_623' title='bbox 2725 2909 2820 2962; x_wconf 75' lang='grc' dir='ltr'>καὶ</span> <span class='ocrx_word' id='word_1_624' title='bbox 2878 2907 3220 2970; x_wconf 86' lang='grc' dir='ltr'>ἀδιάπτωτος</span> <span class='ocrx_word' id='word_1_625' title='bbox 3284 2908 3588 2978; x_wconf 74' lang='grc' dir='ltr'>προφητεία</span> <span class='ocrx_word' id='word_1_626' title='bbox 3619 2923 3637 2939; x_wconf 86' lang='grc'><strong>·</strong></span> 
     </span>
    </p>
   </div>
   <div class='ocr_carea' id='block_1_86' title="bbox 2078 2999 3638 3074">
    <p class='ocr_par' dir='ltr' id='par_1_86' title="bbox 2078 2999 3638 3074">
     <span class='ocr_line' id='line_1_86' title="bbox 2078 2999 3638 3074; baseline -0.003 -17"><span class='ocrx_word' id='word_1_627' title='bbox 2078 3003 2226 3066; x_wconf 86' lang='grc' dir='ltr'><strong>Ἕως</strong></span> <span class='ocrx_word' id='word_1_628' title='bbox 2258 3002 2366 3074; x_wconf 81' lang='grc' dir='ltr'><strong>γὰρ</strong></span> <span class='ocrx_word' id='word_1_629' title='bbox 2393 3001 2626 3073; x_wconf 74' lang='grc' dir='ltr'>ἐσχάτου</span> <span class='ocrx_word' id='word_1_630' title='bbox 2663 3000 2763 3071; x_wconf 82' lang='grc' dir='ltr'>τῆς</span> <span class='ocrx_word' id='word_1_631' title='bbox 2805 3001 2910 3072; x_wconf 84' lang='grc' dir='ltr'>γῆς</span> <span class='ocrx_word' id='word_1_632' title='bbox 2954 3000 3015 3055; x_wconf 82' lang='grc' dir='ltr'>τὸ</span> <span class='ocrx_word' id='word_1_633' title='bbox 3048 3000 3309 3072; x_wconf 86' lang='grc' dir='ltr'>κήρυγμα</span> <span class='ocrx_word' id='word_1_634' title='bbox 3347 2999 3638 3071; x_wconf 82' lang='grc' dir='ltr'>διεμαρτύ-</span> 
     </span>
    </p>
   </div>
   <div class='ocr_carea' id='block_1_87' title="bbox 2079 3111 3345 3165">
    <p class='ocr_par' dir='ltr' id='par_1_87' title="bbox 2079 3111 3345 3165">
     <span class='ocr_line' id='line_1_87' title="bbox 2079 3111 3345 3165; baseline 0.015 -19"><span class='ocrx_word' id='word_1_635' title='bbox 2079 3111 2261 3165; x_wconf 86' lang='grc' dir='ltr'>ραντο.</span> <span class='ocrx_word' id='word_1_636' title='bbox 3336 3156 3345 3165; x_wconf 80' lang='lat'><strong><em>,</em></strong></span> 
     </span>
    </p>
   </div>
   <div class='ocr_carea' id='block_1_88' title="bbox 2146 3183 3636 3253">
    <p class='ocr_par' dir='ltr' id='par_1_88' title="bbox 2146 3183 3636 3253">
     <span class='ocr_line' id='line_1_88' title="bbox 2146 3183 3636 3253; baseline -0.001 -14"><span class='ocrx_word' id='word_1_637' title='bbox 2146 3184 2253 3239; x_wconf 74' lang='grc' dir='ltr'><strong>Καὶ</strong></span> <span class='ocrx_word' id='word_1_638' title='bbox 2293 3184 2480 3239; x_wconf 82' lang='grc' dir='ltr'>ταῦτα</span> <span class='ocrx_word' id='word_1_639' title='bbox 2509 3185 2711 3249; x_wconf 79' lang='grc' dir='ltr'>εἰπὼν,</span> <span class='ocrx_word' id='word_1_640' title='bbox 2748 3185 3107 3250; x_wconf 69' lang='grc' dir='ltr'>βλεπόντων</span> <span class='ocrx_word' id='word_1_641' title='bbox 3141 3183 3338 3239; x_wconf 84' lang='grc' dir='ltr'>αὐτῶν</span> <span class='ocrx_word' id='word_1_642' title='bbox 3368 3183 3594 3253; x_wconf 78' lang='grc' dir='ltr'>ἐπήρθη</span> <span class='ocrx_word' id='word_1_643' title='bbox 3620 3200 3636 3217; x_wconf 76' lang='grc' dir='ltr'><strong><em>ο</em></strong></span> 
     </span>
    </p>
   </div>
   <div class='ocr_carea' id='block_1_89' title="bbox 2075 3271 3643 3344">
    <p class='ocr_par' dir='ltr' id='par_1_89' title="bbox 2075 3271 3643 3344">
     <span class='ocr_line' id='line_1_89' title="bbox 2075 3271 3643 3344; baseline -0.002 -16"><span class='ocrx_word' id='word_1_644' title='bbox 2075 3274 2171 3329; x_wconf 75' lang='grc' dir='ltr'>καὶ</span> <span class='ocrx_word' id='word_1_645' title='bbox 2202 3274 2431 3344; x_wconf 70' lang='grc' dir='ltr'>νεφέλη</span> <span class='ocrx_word' id='word_1_646' title='bbox 2470 3276 2771 3330; x_wconf 74' lang='grc' dir='ltr'>ὑπέλαϐεν</span> <span class='ocrx_word' id='word_1_647' title='bbox 2797 3274 2984 3329; x_wconf 84' lang='grc' dir='ltr'>αὐτὸν</span> <span class='ocrx_word' id='word_1_648' title='bbox 3019 3275 3138 3329; x_wconf 79' lang='grc' dir='ltr'>ἀπὸ</span> <span class='ocrx_word' id='word_1_649' title='bbox 3168 3272 3285 3328; x_wconf 81' lang='grc' dir='ltr'>τῶν</span> <span class='ocrx_word' id='word_1_650' title='bbox 3319 3271 3643 3344; x_wconf 69' lang='grc' dir='ltr'><strong>ὀφθαλμῶν</strong></span> 
     </span>
    </p>
   </div>
   <div class='ocr_carea' id='block_1_90' title="bbox 1999 3342 2295 3422">
    <p class='ocr_par' dir='ltr' id='par_1_90' title="bbox 1999 3342 2295 3422">
     <span class='ocr_line' id='line_1_90' title="bbox 1999 3342 2295 3422; baseline -0.007 0"><span class='ocrx_word' id='word_1_651' title='bbox 1999 3342 2041 3399; x_wconf 77' lang='lat' dir='ltr'><strong><em>C</em></strong></span> <span class='ocrx_word' id='word_1_652' title='bbox 2077 3366 2295 3422; x_wconf 84' lang='grc' dir='ltr'>αὐτῶν.</span> 
     </span>
    </p>
   </div>
   <div class='ocr_carea' id='block_1_91' title="bbox 2150 3453 3642 3530">
    <p class='ocr_par' dir='ltr' id='par_1_91' title="bbox 2150 3453 3642 3530">
     <span class='ocr_line' id='line_1_91' title="bbox 2150 3453 3642 3530; baseline -0.001 -18"><span class='ocrx_word' id='word_1_653' title='bbox 2150 3459 2255 3513; x_wconf 75' lang='grc' dir='ltr'><strong>Καὶ</strong></span> <span class='ocrx_word' id='word_1_654' title='bbox 2301 3458 2382 3523; x_wconf 85' lang='grc' dir='ltr'>ὠς</span> <span class='ocrx_word' id='word_1_655' title='bbox 2437 3457 2804 3524; x_wconf 83' lang='grc' dir='ltr'><strong>ἀτενίζοντες</strong></span> <span class='ocrx_word' id='word_1_656' title='bbox 2854 3453 3016 3530; x_wconf 74' lang='grc' dir='ltr'>ἦσαν</span> <span class='ocrx_word' id='word_1_657' title='bbox 3036 3497 3052 3525; x_wconf 93' lang='grc'>,</span> <span class='ocrx_word' id='word_1_658' title='bbox 3089 3459 3177 3524; x_wconf 82' lang='grc' dir='ltr'><strong>είς</strong></span> <span class='ocrx_word' id='word_1_659' title='bbox 3227 3456 3335 3512; x_wconf 82' lang='grc' dir='ltr'>τὸν</span> <span class='ocrx_word' id='word_1_660' title='bbox 3381 3454 3642 3525; x_wconf 68' lang='grc' dir='ltr'>οιειρανὸν</span> 
     </span>
    </p>
   </div>
   <div class='ocr_carea' id='block_1_92' title="bbox 2077 3549 2724 3618">
    <p class='ocr_par' dir='ltr' id='par_1_92' title="bbox 2077 3549 2724 3618">
     <span class='ocr_line' id='line_1_92' title="bbox 2077 3549 2724 3618; baseline 0 -14"><span class='ocrx_word' id='word_1_661' title='bbox 2077 3549 2482 3618; x_wconf 77' lang='grc' dir='ltr'>πορευομένου</span> <span class='ocrx_word' id='word_1_662' title='bbox 2513 3550 2724 3605; x_wconf 81' lang='grc' dir='ltr'>αὑτοῦ.</span> 
     </span>
    </p>
   </div>
   <div class='ocr_carea' id='block_1_93' title="bbox 2147 3638 3642 3709">
    <p class='ocr_par' dir='ltr' id='par_1_93' title="bbox 2147 3638 3642 3709">
     <span class='ocr_line' id='line_1_93' title="bbox 2147 3638 3642 3709; baseline 0.001 -18"><span class='ocrx_word' id='word_1_663' title='bbox 2147 3638 2461 3691; x_wconf 83' lang='grc' dir='ltr'>Βλεπόντων</span> <span class='ocrx_word' id='word_1_664' title='bbox 2514 3638 2694 3693; x_wconf 78' lang='grc' dir='ltr'>αὐτῶν</span> <span class='ocrx_word' id='word_1_665' title='bbox 2758 3638 2859 3693; x_wconf 86' lang='grc' dir='ltr'>οὐκ</span> <span class='ocrx_word' id='word_1_666' title='bbox 2916 3638 3114 3709; x_wconf 79' lang='grc' dir='ltr'>ἀνέστη</span> <span class='ocrx_word' id='word_1_667' title='bbox 3144 3654 3159 3670; x_wconf 89' lang='grc'><strong>·</strong></span> <span class='ocrx_word' id='word_1_668' title='bbox 3214 3638 3530 3693; x_wconf 82' lang='grc' dir='ltr'>Βλεπόντων</span> <span class='ocrx_word' id='word_1_669' title='bbox 3584 3641 3642 3694; x_wconf 76' lang='grc' dir='ltr'>δὲ</span> 
     </span>
    </p>
   </div>
   <div class='ocr_carea' id='block_1_94' title="bbox 2077 3729 3642 3803">
    <p class='ocr_par' dir='ltr' id='par_1_94' title="bbox 2077 3729 3642 3803">
     <span class='ocr_line' id='line_1_94' title="bbox 2077 3729 3642 3803; baseline 0.002 -21"><span class='ocrx_word' id='word_1_670' title='bbox 2077 3730 2257 3783; x_wconf 82' lang='grc' dir='ltr'>αὐτῶν</span> <span class='ocrx_word' id='word_1_671' title='bbox 2289 3730 2502 3803; x_wconf 76' lang='grc' dir='ltr'>ἐπήρθη</span> <span class='ocrx_word' id='word_1_672' title='bbox 2531 3744 2546 3763; x_wconf 74' lang='grc' dir='ltr'><strong>ο</strong></span> <span class='ocrx_word' id='word_1_673' title='bbox 2594 3729 2716 3782; x_wconf 76' lang='grc' dir='ltr'><strong>ἐπεὶ</strong></span> <span class='ocrx_word' id='word_1_674' title='bbox 2760 3729 2881 3784; x_wconf 81' lang='grc' dir='ltr'>οὐδὲ</span> <span class='ocrx_word' id='word_1_675' title='bbox 2930 3730 3163 3785; x_wconf 79' lang='grc' dir='ltr'>ἐνταῦθα</span> <span class='ocrx_word' id='word_1_676' title='bbox 3197 3731 3399 3803; x_wconf 77' lang='grc' dir='ltr'>ήοδψις</span> <span class='ocrx_word' id='word_1_677' title='bbox 3440 3731 3500 3785; x_wconf 80' lang='grc' dir='ltr'>τὸ</span> <span class='ocrx_word' id='word_1_678' title='bbox 3534 3732 3642 3786; x_wconf 79' lang='grc' dir='ltr'>πᾶν</span> 
     </span>
    </p>
   </div>
   <div class='ocr_carea' id='block_1_95' title="bbox 2080 3820 3636 3893">
    <p class='ocr_par' dir='ltr' id='par_1_95' title="bbox 2080 3820 3636 3893">
     <span class='ocr_line' id='line_1_95' title="bbox 2080 3820 3636 3893; baseline 0.003 -20"><span class='ocrx_word' id='word_1_679' title='bbox 2080 3821 2269 3892; x_wconf 72' lang='grc' dir='ltr'>ἴσχυσε</span> <span class='ocrx_word' id='word_1_680' title='bbox 2300 3835 2315 3849; x_wconf 75' lang='grc' dir='ltr'><strong><em>ο</em></strong></span> <span class='ocrx_word' id='word_1_681' title='bbox 2349 3825 2448 3879; x_wconf 79' lang='grc' dir='ltr'><strong>καὶ</strong></span> <span class='ocrx_word' id='word_1_682' title='bbox 2474 3820 2583 3891; x_wconf 88' lang='lat'><strong>7&amp;9</strong></span> <span class='ocrx_word' id='word_1_683' title='bbox 2606 3821 2706 3891; x_wconf 84' lang='grc' dir='ltr'>τῆς</span> <span class='ocrx_word' id='word_1_684' title='bbox 2730 3821 3079 3885; x_wconf 77' lang='grc' dir='ltr'>ἀναστάσεως</span> <span class='ocrx_word' id='word_1_685' title='bbox 3098 3822 3159 3875; x_wconf 77' lang='grc' dir='ltr'><strong>τὸ</strong></span> <span class='ocrx_word' id='word_1_686' title='bbox 3189 3822 3286 3893; x_wconf 76' lang='grc' dir='ltr'><strong>μὲν</strong></span> <span class='ocrx_word' id='word_1_687' title='bbox 3306 3822 3454 3887; x_wconf 86' lang='grc' dir='ltr'>τέλος</span> <span class='ocrx_word' id='word_1_688' title='bbox 3475 3820 3636 3888; x_wconf 76' lang='grc' dir='ltr'>εἶδον,</span> 
     </span>
    </p>
   </div>
   <div class='ocr_carea' id='block_1_96' title="bbox 2076 3906 3642 3985">
    <p class='ocr_par' dir='ltr' id='par_1_96' title="bbox 2076 3906 3642 3985">
     <span class='ocr_line' id='line_1_96' title="bbox 2076 3906 3642 3985; baseline 0.004 -21"><span class='ocrx_word' id='word_1_689' title='bbox 2076 3911 2175 3981; x_wconf 81' lang='grc' dir='ltr'>τὴν</span> <span class='ocrx_word' id='word_1_690' title='bbox 2204 3911 2262 3964; x_wconf 82' lang='grc' dir='ltr'>δὲ</span> <span class='ocrx_word' id='word_1_691' title='bbox 2292 3911 2468 3982; x_wconf 83' lang='grc' dir='ltr'>ἀρχὴν</span> <span class='ocrx_word' id='word_1_692' title='bbox 2515 3911 2616 3964; x_wconf 82' lang='grc' dir='ltr'>οὐκ</span> <span class='ocrx_word' id='word_1_693' title='bbox 2665 3906 2806 3965; x_wconf 80' lang='grc' dir='ltr'>εἴδον</span> <span class='ocrx_word' id='word_1_694' title='bbox 2829 3926 2843 3941; x_wconf 91' lang='grc'><strong>·</strong></span> <span class='ocrx_word' id='word_1_695' title='bbox 2895 3910 2990 3965; x_wconf 75' lang='grc' dir='ltr'>καὶ</span> <span class='ocrx_word' id='word_1_696' title='bbox 3042 3910 3145 3982; x_wconf 85' lang='grc' dir='ltr'>τῆς</span> <span class='ocrx_word' id='word_1_697' title='bbox 3192 3911 3510 3985; x_wconf 77' lang='grc' dir='ltr'><strong>ἀναλήψεως</strong></span> <span class='ocrx_word' id='word_1_698' title='bbox 3540 3916 3642 3984; x_wconf 63' lang='grc' dir='ltr'>τὴν</span> 
     </span>
    </p>
   </div>
   <div class='ocr_carea' id='block_1_97' title="bbox 2082 3999 3643 4073">
    <p class='ocr_par' dir='ltr' id='par_1_97' title="bbox 2082 3999 3643 4073">
     <span class='ocr_line' id='line_1_97' title="bbox 2082 3999 3643 4073; baseline 0.004 -20"><span class='ocrx_word' id='word_1_699' title='bbox 2082 4001 2182 4071; x_wconf 88' lang='grc' dir='ltr'><strong>μὲν</strong></span> <span class='ocrx_word' id='word_1_700' title='bbox 2209 4002 2385 4073; x_wconf 81' lang='grc' dir='ltr'>ἀρχὴν</span> <span class='ocrx_word' id='word_1_701' title='bbox 2413 3999 2572 4066; x_wconf 83' lang='grc' dir='ltr'>εἶδον,</span> <span class='ocrx_word' id='word_1_702' title='bbox 2605 4002 2666 4055; x_wconf 85' lang='grc' dir='ltr'>τὸ</span> <span class='ocrx_word' id='word_1_703' title='bbox 2697 4000 2756 4056; x_wconf 83' lang='grc' dir='ltr'>δὲ</span> <span class='ocrx_word' id='word_1_704' title='bbox 2795 4001 2948 4066; x_wconf 89' lang='grc' dir='ltr'>τέλος</span> <span class='ocrx_word' id='word_1_705' title='bbox 2975 4003 3075 4057; x_wconf 86' lang='grc' dir='ltr'>οὐκ</span> <span class='ocrx_word' id='word_1_706' title='bbox 3105 3999 3266 4071; x_wconf 85' lang='grc' dir='ltr'>εῐδον,</span> <span class='ocrx_word' id='word_1_707' title='bbox 3285 4004 3375 4058; x_wconf 83' lang='grc' dir='ltr'><strong>διὰ</strong></span> <span class='ocrx_word' id='word_1_708' title='bbox 3401 4004 3453 4058; x_wconf 88' lang='grc' dir='ltr'><strong>τί</strong></span> <span class='ocrx_word' id='word_1_709' title='bbox 3476 4023 3491 4072; x_wconf 89' lang='lat'><strong>;</strong></span> <span class='ocrx_word' id='word_1_710' title='bbox 3520 4005 3643 4060; x_wconf 83' lang='grc' dir='ltr'>Ὀτι</span> 
     </span>
    </p>
   </div>
   <div class='ocr_carea' id='block_1_98' title="bbox 2079 4086 3644 4166">
    <p class='ocr_par' dir='ltr' id='par_1_98' title="bbox 2079 4086 3644 4166">
     <span class='ocr_line' id='line_1_98' title="bbox 2079 4086 3644 4166; baseline 0.004 -22"><span class='ocrx_word' id='word_1_711' title='bbox 2079 4092 2197 4145; x_wconf 76' lang='grc' dir='ltr'>ἐκεῖ</span> <span class='ocrx_word' id='word_1_712' title='bbox 2219 4093 2491 4162; x_wconf 82' lang='grc' dir='ltr'>παρέλκον</span> <span class='ocrx_word' id='word_1_713' title='bbox 2549 4087 2618 4164; x_wconf 82' lang='grc' dir='ltr'><strong>ἦν</strong></span> <span class='ocrx_word' id='word_1_714' title='bbox 2648 4092 2749 4165; x_wconf 80' lang='grc' dir='ltr'><strong>τὴν</strong></span> <span class='ocrx_word' id='word_1_715' title='bbox 2792 4093 2965 4166; x_wconf 79' lang='grc' dir='ltr'>ἀρχὴν</span> <span class='ocrx_word' id='word_1_716' title='bbox 3008 4086 3156 4161; x_wconf 79' lang='grc' dir='ltr'>ίδεῗν,</span> <span class='ocrx_word' id='word_1_717' title='bbox 3191 4096 3356 4150; x_wconf 82' lang='grc' dir='ltr'>αὑτοῦ</span> <span class='ocrx_word' id='word_1_718' title='bbox 3385 4096 3480 4151; x_wconf 86' lang='grc' dir='ltr'><strong>τοῦ</strong></span> <span class='ocrx_word' id='word_1_719' title='bbox 3512 4100 3644 4153; x_wconf 89' lang='grc' dir='ltr'>ἀνα-</span> 
     </span>
    </p>
   </div>
   <div class='ocr_carea' id='block_1_99' title="bbox 2080 4183 3639 4256">
    <p class='ocr_par' dir='ltr' id='par_1_99' title="bbox 2080 4183 3639 4256">
     <span class='ocr_line' id='line_1_99' title="bbox 2080 4183 3639 4256; baseline 0.003 -20"><span class='ocrx_word' id='word_1_720' title='bbox 2080 4186 2307 4248; x_wconf 82' lang='grc' dir='ltr'>στάντος</span> <span class='ocrx_word' id='word_1_721' title='bbox 2341 4183 2625 4254; x_wconf 85' lang='grc' dir='ltr'>παρόντος,</span> <span class='ocrx_word' id='word_1_722' title='bbox 2674 4188 2768 4239; x_wconf 71' lang='lat' dir='ltr'><strong>xui</strong></span> <span class='ocrx_word' id='word_1_723' title='bbox 2823 4185 2994 4239; x_wconf 88' lang='grc' dir='ltr'>ταῦτα</span> <span class='ocrx_word' id='word_1_724' title='bbox 3018 4185 3391 4256; x_wconf 76' lang='grc' dir='ltr'>φθεγγομένου</span> <span class='ocrx_word' id='word_1_725' title='bbox 3420 4189 3515 4243; x_wconf 77' lang='grc' dir='ltr'>καὶ</span> <span class='ocrx_word' id='word_1_726' title='bbox 3544 4188 3639 4241; x_wconf 87' lang='grc' dir='ltr'><strong>τοῦ</strong></span> 
     </span>
    </p>
   </div>
   <div class='ocr_carea' id='block_1_100' title="bbox 2085 4273 3642 4344">
    <p class='ocr_par' dir='ltr' id='par_1_100' title="bbox 2085 4273 3642 4344">
     <span class='ocr_line' id='line_1_100' title="bbox 2085 4273 3642 4344; baseline 0.004 -18"><span class='ocrx_word' id='word_1_727' title='bbox 2085 4274 2369 4344; x_wconf 84' lang='grc' dir='ltr'>μνήματος</span> <span class='ocrx_word' id='word_1_728' title='bbox 2416 4273 2724 4344; x_wconf 83' lang='grc' dir='ltr'>δηλοῦντος,</span> <span class='ocrx_word' id='word_1_729' title='bbox 2772 4275 2855 4328; x_wconf 83' lang='grc' dir='ltr'><strong>ὅτι</strong></span> <span class='ocrx_word' id='word_1_730' title='bbox 2885 4275 2985 4329; x_wconf 81' lang='grc' dir='ltr'>οὐκ</span> <span class='ocrx_word' id='word_1_731' title='bbox 3015 4275 3164 4329; x_wconf 69' lang='grc' dir='ltr'>ἔστιν</span> <span class='ocrx_word' id='word_1_732' title='bbox 3189 4278 3324 4331; x_wconf 77' lang='grc' dir='ltr'>ἐκεῖ.</span> <span class='ocrx_word' id='word_1_733' title='bbox 3378 4277 3642 4332; x_wconf 83' lang='grc' dir='ltr'>Ἐνταῦθα</span> 
     </span>
    </p>
   </div>
   <div class='ocr_carea' id='block_1_101' title="bbox 2078 4364 3641 4440">
    <p class='ocr_par' dir='ltr' id='par_1_101' title="bbox 2078 4364 3641 4440">
     <span class='ocr_line' id='line_1_101' title="bbox 2078 4364 3641 4440; baseline 0.003 -22"><span class='ocrx_word' id='word_1_734' title='bbox 2078 4365 2136 4418; x_wconf 79' lang='grc' dir='ltr'>δὲ</span> <span class='ocrx_word' id='word_1_735' title='bbox 2174 4365 2330 4435; x_wconf 80' lang='grc' dir='ltr'>χρεία</span> <span class='ocrx_word' id='word_1_736' title='bbox 2362 4364 2563 4435; x_wconf 85' lang='grc' dir='ltr'>μαθεῖν</span> <span class='ocrx_word' id='word_1_737' title='bbox 2590 4366 2683 4418; x_wconf 82' lang='grc' dir='ltr'>καὶ</span> <span class='ocrx_word' id='word_1_738' title='bbox 2709 4364 2770 4417; x_wconf 84' lang='grc' dir='ltr'>τὸ</span> <span class='ocrx_word' id='word_1_739' title='bbox 2805 4365 2957 4429; x_wconf 86' lang='grc' dir='ltr'>τέλος</span> <span class='ocrx_word' id='word_1_740' title='bbox 2985 4383 3001 4399; x_wconf 73' lang='grc'><strong>⁸</strong></span> <span class='ocrx_word' id='word_1_741' title='bbox 3045 4367 3107 4420; x_wconf 82' lang='grc' dir='ltr'>οὐ</span> <span class='ocrx_word' id='word_1_742' title='bbox 3139 4368 3248 4438; x_wconf 82' lang='lat'><strong>7&amp;9</strong></span> <span class='ocrx_word' id='word_1_743' title='bbox 3279 4368 3545 4440; x_wconf 75' lang='grc' dir='ltr'>ἐξήρκουν</span> <span class='ocrx_word' id='word_1_744' title='bbox 3590 4371 3641 4423; x_wconf 79' lang='grc' dir='ltr'>οἱ</span> 
     </span>
    </p>
   </div>
   <div class='ocr_carea' id='block_1_102' title="bbox 2080 4451 3645 4531">
    <p class='ocr_par' dir='ltr' id='par_1_102' title="bbox 2080 4451 3645 4531">
     <span class='ocr_line' id='line_1_102' title="bbox 2080 4451 3645 4531; baseline 0.004 -24"><span class='ocrx_word' id='word_1_745' title='bbox 2080 4454 2348 4523; x_wconf 72' lang='grc' dir='ltr'>ὀφθαλμοὶ</span> <span class='ocrx_word' id='word_1_746' title='bbox 2392 4452 2563 4517; x_wconf 82' lang='grc' dir='ltr'>δεῖξαι</span> <span class='ocrx_word' id='word_1_747' title='bbox 2603 4454 2665 4507; x_wconf 83' lang='grc' dir='ltr'><strong>τὺ</strong></span> <span class='ocrx_word' id='word_1_748' title='bbox 2708 4451 2864 4524; x_wconf 75' lang='grc' dir='ltr'>ὕψος,</span> <span class='ocrx_word' id='word_1_749' title='bbox 2906 4455 3030 4509; x_wconf 82' lang='grc' dir='ltr'>οὐδὲ</span> <span class='ocrx_word' id='word_1_750' title='bbox 3062 4456 3273 4523; x_wconf 78' lang='grc' dir='ltr'>διδάξαι</span> <span class='ocrx_word' id='word_1_751' title='bbox 3309 4458 3537 4531; x_wconf 82' lang='grc' dir='ltr'>πότερον</span> <span class='ocrx_word' id='word_1_752' title='bbox 3561 4463 3645 4523; x_wconf 82' lang='grc' dir='ltr'><strong>είς</strong></span> 
     </span>
    </p>
   </div>
   <div class='ocr_carea' id='block_1_103' title="bbox 2079 4542 3640 4621">
    <p class='ocr_par' dir='ltr' id='par_1_103' title="bbox 2079 4542 3640 4621">
     <span class='ocr_line' id='line_1_103' title="bbox 2079 4542 3640 4621; baseline 0.004 -23"><span class='ocrx_word' id='word_1_753' title='bbox 2079 4544 2241 4598; x_wconf 83' lang='grc' dir='ltr'>αὐτὸν</span> <span class='ocrx_word' id='word_1_754' title='bbox 2274 4544 2474 4615; x_wconf 82' lang='grc' dir='ltr'>ἀνῆλθε</span> <span class='ocrx_word' id='word_1_755' title='bbox 2503 4542 2598 4597; x_wconf 76' lang='grc' dir='ltr'>τὸν</span> <span class='ocrx_word' id='word_1_756' title='bbox 2628 4543 2880 4615; x_wconf 84' lang='grc' dir='ltr'>οὐρανὸν,</span> <span class='ocrx_word' id='word_1_757' title='bbox 2923 4546 2957 4618; x_wconf 78' lang='grc' dir='ltr'>ἢ</span> <span class='ocrx_word' id='word_1_758' title='bbox 3002 4547 3099 4600; x_wconf 78' lang='grc' dir='ltr'>καὶ</span> <span class='ocrx_word' id='word_1_759' title='bbox 3126 4549 3288 4619; x_wconf 89' lang='grc' dir='ltr'>μέχρι</span> <span class='ocrx_word' id='word_1_760' title='bbox 3318 4549 3462 4612; x_wconf 84' lang='grc' dir='ltr'>τινὸς</span> <span class='ocrx_word' id='word_1_761' title='bbox 3486 4548 3640 4621; x_wconf 75' lang='grc' dir='ltr'>ἔστη.</span> 
     </span>
    </p>
   </div>
   <div class='ocr_carea' id='block_1_104' title="bbox 2077 4634 3645 4704">
    <p class='ocr_par' dir='ltr' id='par_1_104' title="bbox 2077 4634 3645 4704">
     <span class='ocr_line' id='line_1_104' title="bbox 2077 4634 3645 4704; baseline 0.004 -16"><span class='ocrx_word' id='word_1_762' title='bbox 2077 4636 2176 4689; x_wconf 83' lang='grc' dir='ltr'>Διά</span> <span class='ocrx_word' id='word_1_763' title='bbox 2201 4635 2359 4690; x_wconf 86' lang='grc' dir='ltr'>τοῦτο</span> <span class='ocrx_word' id='word_1_764' title='bbox 2392 4634 2615 4703; x_wconf 77' lang='grc' dir='ltr'>ἄγγελοι</span> <span class='ocrx_word' id='word_1_765' title='bbox 2648 4635 2970 4701; x_wconf 75' lang='grc' dir='ltr'>ἐπιστάντες</span> <span class='ocrx_word' id='word_1_766' title='bbox 3001 4637 3367 4704; x_wconf 78' lang='grc' dir='ltr'>διδάσκουσιν,</span> <span class='ocrx_word' id='word_1_767' title='bbox 3404 4641 3441 4693; x_wconf 79' lang='grc' dir='ltr'><strong>ἀ</strong></span> <span class='ocrx_word' id='word_1_768' title='bbox 3474 4658 3645 4694; x_wconf 87' lang='grc' dir='ltr'>κατα-</span> 
     </span>
    </p>
   </div>
   <div class='ocr_carea' id='block_1_105' title="bbox 2077 4726 3643 4800">
    <p class='ocr_par' dir='ltr' id='par_1_105' title="bbox 2077 4726 3643 4800">
     <span class='ocr_line' id='line_1_105' title="bbox 2077 4726 3643 4800; baseline 0.003 -19"><span class='ocrx_word' id='word_1_769' title='bbox 2077 4728 2262 4781; x_wconf 77' lang='grc' dir='ltr'>λαϐεῖν</span> <span class='ocrx_word' id='word_1_770' title='bbox 2293 4727 2394 4781; x_wconf 85' lang='grc' dir='ltr'>οὐκ</span> <span class='ocrx_word' id='word_1_771' title='bbox 2428 4726 2556 4797; x_wconf 79' lang='grc' dir='ltr'><strong>ὲνῆν</strong></span> <span class='ocrx_word' id='word_1_772' title='bbox 2600 4726 2689 4781; x_wconf 88' lang='grc' dir='ltr'><strong>διά</strong></span> <span class='ocrx_word' id='word_1_773' title='bbox 2727 4727 2825 4799; x_wconf 86' lang='grc' dir='ltr'>τῆς</span> <span class='ocrx_word' id='word_1_774' title='bbox 2873 4726 3070 4799; x_wconf 72' lang='grc' dir='ltr'>ὅψεως.</span> <span class='ocrx_word' id='word_1_775' title='bbox 3114 4728 3334 4800; x_wconf 77' lang='grc' dir='ltr'><strong>Νεφέλη</strong></span> <span class='ocrx_word' id='word_1_776' title='bbox 3376 4731 3434 4783; x_wconf 81' lang='grc' dir='ltr'>δὲ</span> <span class='ocrx_word' id='word_1_777' title='bbox 3477 4732 3643 4786; x_wconf 76' lang='grc' dir='ltr'>αὑτὸν</span> 
     </span>
    </p>
   </div>
   <div class='ocr_carea' id='block_1_106' title="bbox 2081 4817 3643 4891">
    <p class='ocr_par' dir='ltr' id='par_1_106' title="bbox 2081 4817 3643 4891">
     <span class='ocr_line' id='line_1_106' title="bbox 2081 4817 3643 4891; baseline 0.003 -19"><span class='ocrx_word' id='word_1_778' title='bbox 2081 4818 2370 4886; x_wconf 75' lang='grc' dir='ltr'>ὑπέλαϐεν,</span> <span class='ocrx_word' id='word_1_779' title='bbox 2401 4819 2482 4872; x_wconf 83' lang='grc' dir='ltr'><strong>ὅτι</strong></span> <span class='ocrx_word' id='word_1_780' title='bbox 2512 4817 2776 4889; x_wconf 72' lang='grc' dir='ltr'>σύμϐολόν</span> <span class='ocrx_word' id='word_1_781' title='bbox 2811 4821 2959 4874; x_wconf 76' lang='grc' dir='ltr'>ἐστιν</span> <span class='ocrx_word' id='word_1_782' title='bbox 2991 4818 3130 4891; x_wconf 73' lang='grc' dir='ltr'>αὕτη</span> <span class='ocrx_word' id='word_1_783' title='bbox 3154 4821 3499 4887; x_wconf 84' lang='grc' dir='ltr'>Δεσποτικδν,</span> <span class='ocrx_word' id='word_1_784' title='bbox 3548 4824 3643 4878; x_wconf 77' lang='grc' dir='ltr'><strong>καὶ</strong></span> 
     </span>
    </p>
   </div>
   <div class='ocr_carea' id='block_1_107' title="bbox 2080 4906 3642 4982">
    <p class='ocr_par' dir='ltr' id='par_1_107' title="bbox 2080 4906 3642 4982">
     <span class='ocr_line' id='line_1_107' title="bbox 2080 4906 3642 4982; baseline 0.002 -19"><span class='ocrx_word' id='word_1_785' title='bbox 2080 4910 2231 4973; x_wconf 88' lang='grc' dir='ltr'>θείας</span> <span class='ocrx_word' id='word_1_786' title='bbox 2255 4910 2537 4979; x_wconf 85' lang='grc' dir='ltr'>δυνάμεως</span> <span class='ocrx_word' id='word_1_787' title='bbox 2563 4922 2578 4937; x_wconf 91' lang='grc'><strong>·</strong></span> <span class='ocrx_word' id='word_1_788' title='bbox 2609 4906 2849 4979; x_wconf 82' lang='grc' dir='ltr'>οὐδαμοῦ</span> <span class='ocrx_word' id='word_1_789' title='bbox 2879 4908 2985 4982; x_wconf 81' lang='grc' dir='ltr'><strong>γὰρ</strong></span> <span class='ocrx_word' id='word_1_790' title='bbox 3010 4908 3147 4979; x_wconf 79' lang='grc' dir='ltr'>ἄλλη</span> <span class='ocrx_word' id='word_1_791' title='bbox 3181 4928 3265 4974; x_wconf 88' lang='grc' dir='ltr'>τις</span> <span class='ocrx_word' id='word_1_792' title='bbox 3287 4910 3517 4982; x_wconf 85' lang='grc' dir='ltr'>δύναμις</span> <span class='ocrx_word' id='word_1_793' title='bbox 3547 4914 3642 4966; x_wconf 77' lang='grc' dir='ltr'><strong>ἐπὶ</strong></span> 
     </span>
    </p>
   </div>
   <div class='ocr_carea' id='block_1_108' title="bbox 2080 4998 3642 5074">
    <p class='ocr_par' dir='ltr' id='par_1_108' title="bbox 2080 4998 3642 5074">
     <span class='ocr_line' id='line_1_108' title="bbox 2080 4998 3642 5074; baseline 0.002 -21"><span class='ocrx_word' id='word_1_794' title='bbox 2080 5000 2307 5069; x_wconf 81' lang='grc' dir='ltr'>νεφέλης</span> <span class='ocrx_word' id='word_1_795' title='bbox 2335 4999 2604 5068; x_wconf 84' lang='grc' dir='ltr'>φαίνεται.</span> <span class='ocrx_word' id='word_1_796' title='bbox 2650 4998 2743 5051; x_wconf 82' lang='grc' dir='ltr'><strong>Διὸ</strong></span> <span class='ocrx_word' id='word_1_797' title='bbox 2775 5001 2868 5052; x_wconf 73' lang='grc' dir='ltr'>καὶ</span> <span class='ocrx_word' id='word_1_798' title='bbox 2901 5001 2931 5053; x_wconf 81' lang='grc' dir='ltr'><strong>ὁ</strong></span> <span class='ocrx_word' id='word_1_799' title='bbox 2954 4999 3120 5055; x_wconf 78' lang='grc' dir='ltr'><strong>Δασὶδ</strong></span> <span class='ocrx_word' id='word_1_800' title='bbox 3145 5002 3276 5071; x_wconf 84' lang='grc' dir='ltr'><strong>περὶ</strong></span> <span class='ocrx_word' id='word_1_801' title='bbox 3303 5000 3397 5055; x_wconf 89' lang='grc' dir='ltr'><strong>τοῦ</strong></span> <span class='ocrx_word' id='word_1_802' title='bbox 3430 5002 3642 5074; x_wconf 76' lang='grc' dir='ltr'>Πατρὸς</span> 
     </span>
    </p>
   </div>
   <div class='ocr_carea' id='block_1_109' title="bbox 2078 5086 3642 5158">
    <p class='ocr_par' dir='ltr' id='par_1_109' title="bbox 2078 5086 3642 5158">
     <span class='ocr_line' id='line_1_109' title="bbox 2078 5086 3642 5158; baseline 0.001 -15"><span class='ocrx_word' id='word_1_803' title='bbox 2078 5090 2266 5158; x_wconf 80' lang='grc' dir='ltr'>λέγει’</span> <span class='ocrx_word' id='word_1_804' title='bbox 2309 5089 2374 5142; x_wconf 90' lang='lat'><strong>&#39;0</strong></span> <span class='ocrx_word' id='word_1_805' title='bbox 2406 5087 2586 5152; x_wconf 78' lang='grc' dir='ltr'>τιθεὶς</span> <span class='ocrx_word' id='word_1_806' title='bbox 2641 5086 2797 5158; x_wconf 75' lang='grc' dir='ltr'>νέφη</span> <span class='ocrx_word' id='word_1_807' title='bbox 2835 5086 2949 5157; x_wconf 80' lang='grc' dir='ltr'>τὴν</span> <span class='ocrx_word' id='word_1_808' title='bbox 2973 5088 3257 5145; x_wconf 76' lang='grc' dir='ltr'>ἐπίϐασιν</span> <span class='ocrx_word' id='word_1_809' title='bbox 3296 5090 3520 5147; x_wconf 81' lang='grc' dir='ltr'>αὐτοῦ·</span> <span class='ocrx_word' id='word_1_810' title='bbox 3547 5092 3642 5146; x_wconf 83' lang='grc' dir='ltr'>καὶ</span> 
     </span>
    </p>
   </div>
   <div class='ocr_carea' id='block_1_110' title="bbox 2078 5178 3641 5252">
    <p class='ocr_par' dir='ltr' id='par_1_110' title="bbox 2078 5178 3641 5252">
     <span class='ocr_line' id='line_1_110' title="bbox 2078 5178 3641 5252; baseline -0.001 -14"><span class='ocrx_word' id='word_1_811' title='bbox 2078 5181 2252 5245; x_wconf 79' lang='grc' dir='ltr'>ἄλλως</span> <span class='ocrx_word' id='word_1_812' title='bbox 2268 5181 2313 5214; x_wconf 81' lang='grc'><strong>⁸⁵</strong></span> <span class='ocrx_word' id='word_1_813' title='bbox 2338 5196 2355 5213; x_wconf 86' lang='grc'>⁶</span> <span class='ocrx_word' id='word_1_814' title='bbox 2381 5179 2513 5235; x_wconf 77' lang='grc' dir='ltr'><strong>Ἐπὶ</strong></span> <span class='ocrx_word' id='word_1_815' title='bbox 2537 5178 2799 5248; x_wconf 74' lang='grc' dir='ltr'>νεφέλης</span> <span class='ocrx_word' id='word_1_816' title='bbox 2848 5179 3082 5248; x_wconf 74' lang='grc' dir='ltr'>κούφης</span> <span class='ocrx_word' id='word_1_817' title='bbox 3121 5184 3155 5236; x_wconf 81' lang='grc' dir='ltr'><em>ό</em></span> <span class='ocrx_word' id='word_1_818' title='bbox 3186 5182 3331 5250; x_wconf 83' lang='grc' dir='ltr'><strong>Θεὸς</strong></span> <span class='ocrx_word' id='word_1_819' title='bbox 3353 5182 3604 5252; x_wconf 74' lang='grc' dir='ltr'>κάθηται</span> <span class='ocrx_word' id='word_1_820' title='bbox 3624 5200 3641 5217; x_wconf 87' lang='grc'><strong>·</strong></span> 
     </span>
    </p>
   </div>
   <div class='ocr_carea' id='block_1_111' title="bbox 2076 5269 3640 5345">
    <p class='ocr_par' dir='ltr' id='par_1_111' title="bbox 2076 5269 3640 5345">
     <span class='ocr_line' id='line_1_111' title="bbox 2076 5269 3640 5345; baseline 0 -18"><span class='ocrx_word' id='word_1_821' title='bbox 2076 5274 2171 5327; x_wconf 78' lang='grc' dir='ltr'><strong>καὶ</strong></span> <span class='ocrx_word' id='word_1_822' title='bbox 2207 5270 2374 5344; x_wconf 88' lang='grc' dir='ltr'>μυρία</span> <span class='ocrx_word' id='word_1_823' title='bbox 2397 5271 2553 5329; x_wconf 73' lang='grc' dir='ltr'>ἄλλα.</span> <span class='ocrx_word' id='word_1_824' title='bbox 2595 5270 2806 5334; x_wconf 81' lang='grc' dir='ltr'>’Δλλως</span> <span class='ocrx_word' id='word_1_825' title='bbox 2833 5269 2955 5323; x_wconf 80' lang='grc' dir='ltr'>οὐδὲ</span> <span class='ocrx_word' id='word_1_826' title='bbox 2989 5271 3147 5326; x_wconf 88' lang='grc' dir='ltr'>τοῦτο</span> <span class='ocrx_word' id='word_1_827' title='bbox 3178 5274 3304 5345; x_wconf 81' lang='grc' dir='ltr'>είκῆ</span> <span class='ocrx_word' id='word_1_828' title='bbox 3334 5276 3428 5330; x_wconf 79' lang='grc' dir='ltr'>καὶ</span> <span class='ocrx_word' id='word_1_829' title='bbox 3454 5275 3640 5339; x_wconf 78' lang='grc' dir='ltr'>ἁπλῶς</span> 
     </span>
    </p>
   </div>
   <div class='ocr_carea' id='block_1_112' title="bbox 2080 5361 3640 5439">
    <p class='ocr_par' dir='ltr' id='par_1_112' title="bbox 2080 5361 3640 5439">
     <span class='ocr_line' id='line_1_112' title="bbox 2080 5361 3640 5439; baseline 0.001 -20"><span class='ocrx_word' id='word_1_830' title='bbox 2080 5364 2399 5434; x_wconf 87' lang='grc' dir='ltr'>πεποίηκεν.</span> <span class='ocrx_word' id='word_1_831' title='bbox 2457 5361 2623 5426; x_wconf 84' lang='grc' dir='ltr'>Εἰδὼς</span> <span class='ocrx_word' id='word_1_832' title='bbox 2657 5361 2765 5434; x_wconf 81' lang='grc' dir='ltr'>γὰρ</span> <span class='ocrx_word' id='word_1_833' title='bbox 2810 5362 2840 5416; x_wconf 81' lang='grc' dir='ltr'><strong>ὁ</strong></span> <span class='ocrx_word' id='word_1_834' title='bbox 2868 5362 3070 5434; x_wconf 83' lang='grc' dir='ltr'>Κύριος</span> <span class='ocrx_word' id='word_1_835' title='bbox 3127 5365 3209 5419; x_wconf 78' lang='grc' dir='ltr'><strong>ὅτι</strong></span> <span class='ocrx_word' id='word_1_836' title='bbox 3250 5366 3346 5421; x_wconf 64' lang='grc' dir='ltr'><strong>ἐὰν</strong></span> <span class='ocrx_word' id='word_1_837' title='bbox 3396 5366 3640 5439; x_wconf 63' lang='grc' dir='ltr'>ἀοράτως,</span> 
     </span>
    </p>
   </div>
   <div class='ocr_carea' id='block_1_113' title="bbox 1581 5570 2446 5636">
    <p class='ocr_par' dir='ltr' id='par_1_113' title="bbox 1581 5570 2446 5636">
     <span class='ocr_line' id='line_1_113' title="bbox 1581 5570 2446 5636; baseline -0.012 1"><span class='ocrx_word' id='word_1_838' title='bbox 1581 5573 1783 5636; x_wconf 65' lang='lat' dir='ltr'><strong>Variae</strong></span> <span class='ocrx_word' id='word_1_839' title='bbox 1815 5570 2127 5635; x_wconf 86' lang='lat' dir='ltr'><strong>lectiones</strong></span> <span class='ocrx_word' id='word_1_840' title='bbox 2160 5575 2222 5631; x_wconf 88' lang='lat' dir='ltr'><strong>et</strong></span> <span class='ocrx_word' id='word_1_841' title='bbox 2254 5571 2446 5630; x_wconf 64' lang='lat' dir='ltr'><strong>notae.</strong></span> 
     </span>
    </p>
   </div>
   <div class='ocr_carea' id='block_1_114' title="bbox 480 5676 854 5731">
    <p class='ocr_par' dir='ltr' id='par_1_114' title="bbox 480 5676 854 5731">
     <span class='ocr_line' id='line_1_114' title="bbox 480 5676 854 5731; baseline 0 -3"><span class='ocrx_word' id='word_1_842' title='bbox 480 5677 522 5709; x_wconf 81' lang='grc'><strong>⁸³</strong></span> <span class='ocrx_word' id='word_1_843' title='bbox 546 5678 629 5730; x_wconf 82' lang='grc' dir='ltr'><strong>ῖσ.</strong></span> <span class='ocrx_word' id='word_1_844' title='bbox 659 5676 854 5731; x_wconf 76' lang='grc' dir='ltr'>ἄλλοθι.</span> 
     </span>
    </p>
   </div>
  </div>
