4068 6210
368 273 473 336 519
1291 259 1873 323 THEOPIIYLACTI
1917 260 2329 322 BULGARUE
2376 260 2737 324 ARCHIEP.
3521 259 3625 324 520

369 391 519 443 tione
549 403 561 439 :
595 398 647 441 et
676 385 893 456 quidem
925 390 1105 445 antea,
1130 394 1253 434 cum
1289 378 1345 430 in
1379 376 1645 430 mundum
1687 391 1785 445 per
1800 391 1944 455 \car-

2057 378 2131 448 τῷ
2154 376 2445 449 κόσμῳδιά
2476 377 2700 447 σαρκός.
2727 373 2886 431 Οὕτω
2910 374 2966 429 δὲ
2996 374 3281 445 ἐφαίνοντο
3305 375 3354 427 οἱ
3382 373 3628 441 ἄγγελοι.

368 494 491 534 nem
548 479 867 548 proditurus
913 483 968 528 et
1031 479 1354 527 versaturus
1418 477 1589 523 esset.
1637 470 1715 521 lta
1767 477 1949 522 autem

2057 470 2122 533 ὡς
2175 470 2403 524 δυνατὸν
2460 466 2529 541 ἦν
2586 470 2715 532 τοὺς
2764 467 3086 539 ἀνθρώπους
3118 468 3266 521 ἰδεῖν.
3306 467 3380 519 Τὸ
3427 466 3507 526 δὲ,
3540 465 3630 517 ἐν

369 571 544 641 angeli
592 567 948 638 apparebant,
980 559 1447 633 quemadmodum
1481 560 1595 614 tieri
1628 567 1860 627 poterat,
1895 570 1952 614 ut

2057 562 2235 631 ἐσθῆτι
2271 562 2460 633 λευκῇ,
2490 562 2523 631 ἦ
2558 561 2620 614 τὸ
2651 560 2892 628 καθαρὸν
2923 560 3032 612 τῶν
3062 557 3312 626 ἀγγέλων
3346 558 3632 626 σημαίνει,

372 662 449 714 illi
499 661 567 713 ab
614 656 930 710 hominibus
989 654 1331 707 viderentur.
1382 650 1576 714 Porro,
1618 650 1673 704 In
1707 651 1951 707 vestibus

2057 655 2082 727 ῆ
2113 654 2200 707 τὸν
2235 654 2496 723 μέλλοντα
2524 652 2849 721 δοθήσεσθαι
2875 652 2919 684 ⁶⁹
2947 653 3057 710 τοῖς
3085 650 3262 718 ἁγίοις
3310 648 3633 712 ἀποστόλοις

371 751 531 814 albis,
560 749 704 817 quod
738 747 894 809 dicit,
921 756 1015 800 aut
1056 746 1347 814 puritatem
1380 745 1703 813 angelorum
1736 744 1947 813 signiti-

2057 747 2368 816 φωτισμόν·
2404 747 2495 799 καὶ
2547 745 2722 809 ἄλλως
2771 746 2850 808 είς
2900 744 2980 809 τὸ,
3014 744 3347 797 Βλεπὸντων.
3385 742 3554 805 Εἰδὼς
3605 744 3634 795 6

373 850 462 894 cat
516 858 531 893 :
580 848 675 893 aut
729 854 870 902 eam,
922 826 1083 907 quam
1149 837 1324 891 sancti
1380 835 1611 905 apostoli
1668 836 1946 906 accepturi

2060 838 2263 911 Κύριος
2295 840 2376 891 ὅτι
2414 841 2767 909 ἐνστήσονται
2814 837 3094 909 ἄνθρωποι
3131 835 3505 906 πεφθαρμένοι
3545 834 3633 891 τὸν

368 941 545 994 erant,
584 931 1068 984 illuminationem.
1103 929 1278 998 Atque
1317 929 1476 982 aliter
1519 929 1584 982 ad
1628 929 1948 992 dictionem,

2058 929 2206 991 νοῦν,
2240 930 2489 997 λέγοντες
2525 931 2667 999 μήτε
2714 930 2812 983 ἀπ’
2860 930 3092 999 οὐρανοῦ
3141 924 3281 981 εἶναι
3314 929 3345 997 ἢ
3373 927 3632 997 ἐληλυθέ-

372 1022 827 1090 lnspectanlibus.
866 1018 1132 1085 Quoniam
1166 1020 1374 1074 sciebat
1410 1019 1669 1072 Dominus
1693 1026 1949 1086 corrupta

2059 1039 2147 1075 ναι
2170 1024 2216 1059 '°
2252 1024 2436 1091 αὐτὸν,
2511 1027 2647 1095 μήτε
2684 1024 3095 1093 ἀναληφθέντα,
3128 1024 3205 1085 εἰς
3237 1022 3464 1091 οὐρανὸν
3502 1022 3633 1073 ἀνα-

370 1121 550 1168 mente
580 1113 840 1181 praeditos
866 1113 1117 1166 homines
1174 1112 1307 1178 fore,
1350 1114 1443 1183 qui
1502 1127 1562 1167 se
1588 1119 1948 1181 Opponerent,

370 1220 433 1258 ac
462 1204 731 1266 dicereut,
764 1216 941 1270 neque
965 1204 1032 1255 de
1063 1201 1204 1255 cmlo
1240 1202 1395 1255 illum
1428 1216 1548 1255 esse
1581 1202 1665 1255 vel
1698 1201 1950 1267 venisse,

371 1312 546 1365 neque
586 1304 946 1363 assumptum,
981 1293 1034 1345 in
1067 1294 1264 1347 emtum
1308 1308 1431 1349 esse
1473 1307 1750 1362 receptum
1780 1335 1795 1358 ,
1853 1293 1950 1348 sed

374 1388 564 1458 procul
596 1388 650 1441 in
682 1387 918 1456 aliquem
947 1387 1131 1439 locum
1164 1386 1331 1441 situm
1361 1396 1517 1442 extra
1548 1388 1736 1441 orbem
1770 1394 1950 1442 terra-

2056 1115 2354 1185 ληφθῆναι,
2417 1118 2535 1171 ἀλλ’
2582 1119 2625 1151 ⁷³
2684 1117 3061 1185 ἀπεκτοπίσθη
3103 1117 3180 1179 εἴς
3231 1132 3354 1169 τινα
3396 1116 3500 1181 ἔξω
3538 1114 3635 1185 τῆς

2060 1208 2391 1279 οἰκουμένης
2423 1212 2610 1277 τόπον,
2651 1204 2726 1264 ὧν
2772 1212 2880 1263 είσι
2914 1208 3009 1263 καὶ
3043 1211 3093 1261 oi
3126 1209 3225 1276 τῆς
3256 1206 3509 1260 Βιταλίου
3541 1207 3631 1257 αξ-

2064 1298 2265 1367 ρὲσεως
2289 1315 2302 1330 ·
2341 1302 2463 1355 κατ’
2494 1302 2810 1370 ὀφθαλμοὺς
2842 1302 3025 1356 αὐτῶν
3052 1299 3412 1362 ἀτενιζόντων
3456 1297 3634 1350 αὐτῶν

2060 1392 2139 1452 εἰς
2167 1390 2259 1443 τὸν
2284 1393 2515 1463 οὐρανὸν
2539 1393 2860 1465 ἀνελήλυθε.

376 1496 498 1534 rum
551 1480 916 1534 translatum:
969 1494 1200 1548 quorum
1252 1480 1319 1534 de
1377 1493 1609 1533 numero
1664 1487 1793 1533 sunt
1844 1478 2182 1547 qui.Vitalis
2209 1496 2371 1539 secta:
2400 1485 2725 1539 adhaerent:
2771 1484 2827 1538 in
2858 1490 3157 1553 conspectu
3221 1480 3461 1547 illorttm,
3523 1497 3641 1567 eq,

375 1572 487 1629 lum
510 1574 685 1629 oculis
720 1572 947 1629 intentis
978 1573 1372 1628 contuentilins
1408 1573 1568 1643 ipsis,
1599 1573 1873 1628 ascendit.

444 1666 610 1721 Vens.
663 1666 751 1719 l2.
810 1664 957 1718 Tunc
1014 1664 1209 1718 reversi
1273 1674 1395 1718 sunt
1445 1663 1868 1732 Hierosolymam
1919 1680 1953 1718 a

373 1768 568 1822 monte,
596 1759 687 1827 qui
744 1768 962 1811 vocatur
1003 1755 1235 1811 Oliveti:
1284 1758 1371 1826 qui
1402 1772 1559 1826 prope
1597 1757 1661 1810 ab
1696 1757 1953 1810 Hierusa-

376 1851 475 1906 lem
497 1852 661 1915 abest,
691 1851 789 1904 iter
813 1848 1092 1921 (videlicet)
1132 1848 1375 1903 Sabbati.

449 1942 623 2009 Tunc,
652 1941 919 2012 quando?
947 1941 1081 1996 Cum
1113 1941 1409 1995 audissent.
1456 1938 1574 1994 Non
1605 1940 1750 1994 enim
1793 1940 1956 1995 susti-

374 2034 645 2099 nuissent,
676 2035 779 2088 nisi
807 2034 860 2087 in
909 2034 1072 2087 alium
1115 2034 1237 2088 illos
1282 2032 1578 2087 adventum
1614 2032 1953 2099 reiecissent.

377 2123 647 2180 Videntur
673 2133 855 2180 autem
882 2126 1015 2179 milii
1054 2126 1170 2179 ltzec
1203 2126 1368 2180 etiam
1416 2125 1473 2177 in
1518 2122 1760 2177 Sabbato
1814 2124 1959 2178 acci-

377 2217 526 2273 disse
559 2235 575 2272 :
612 2232 718 2271 non
771 2217 917 2272 enim
954 2216 1027 2270 ita
1058 2215 1317 2285 spatium,
1356 2212 1503 2284 quod
1560 2213 1956 2281 intercedebat,

375 2308 638 2364 edidisset
669 2324 684 2362 :
716 2323 745 2360 a
773 2316 977 2373 monte,
1025 2308 1117 2376 qui
1150 2315 1380 2360 vocatur
1421 2304 1639 2369 Uliveti,
1667 2304 1760 2374 qui
1793 2319 1961 2374 prope

377 2401 445 2454 ab
485 2399 824 2454 Hierusalem
856 2399 1013 2454 abest
1057 2400 1161 2453 iter
1214 2396 1461 2454 Sabbati.
1495 2395 1707 2451 Etenim
1732 2396 1959 2451 deﬁnita

375 2499 494 2545 erat
526 2491 814 2562 longitudo
844 2491 1082 2555 itineris,
1123 2492 1267 2560 quod
1301 2490 1355 2544 in
1388 2489 1478 2545 die
1510 2489 1737 2545 Sabbati
1759 2488 1961 2544 Iudaeis

376 2582 560 2637 facere
593 2584 811 2637 licebat.
864 2581 997 2636 Nam
1065 2583 1339 2653 Joseplius
1366 2598 1585 2653 quoque
1613 2583 1667 2637 in
1696 2584 1960 2639 vicesimo

376 2672 524 2729 libro
582 2688 766 2727 rerum
827 2674 1182 2742 antiquarunt
1241 2676 1412 2731 tradit
1454 2678 1523 2729 ab
1563 2676 1960 2743 Hierosolymis

379 2762 573 2817 abesse
629 2763 808 2817 stadia
861 2775 1089 2834 septem,
1152 2772 1319 2832 atque
1371 2765 1535 2818 etiam
1587 2764 1852 2836 Origenes
1905 2765 1959 2819 in

374 2854 571 2922 quinto
601 2853 901 2920 volumine,
946 2856 1050 2910 lter
1074 2853 1318 2922 Sabbati,
1367 2855 1545 2924 inquit
1572 2858 1614 2920 ‘,
1651 2858 1813 2911 trium
1864 2872 1962 2910 cu-

378 2945 618 2999 bitorum
649 2954 785 3001 erat.
815 2947 929 3000 lmo
968 2962 1098 3001 vero
1155 2947 1571 3001 tabernaculum
1624 2955 1877 3002 sanctum
1908 2958 1961 3002 et

376 3049 504 3087 arca
541 3042 754 3088 tantum
791 3036 1141 3090 intervallum
1178 3036 1597 3105 praroccupabat
1651 3051 1714 3091 ac
1762 3051 1960 3105 praece-

372 3124 538 3179 debat
568 3134 692 3180 ante
719 3135 921 3190 castra,
947 3136 1004 3182 et
1034 3128 1104 3183 ab
1140 3136 1293 3183 tanto
1326 3131 1506 3199 spatio
1541 3130 1918 3184 collocabatur
1943 3147 1956 3183 :

373 3213 521 3283 quod
548 3216 783 3285 spatium
830 3216 1193 3271 adorantibus
1238 3218 1655 3272 tabernaculum
1704 3228 1955 3273 sanctum

373 3305 609 3375 pedibus
660 3308 936 3361 coniicere
976 3306 1030 3361 iu
1092 3306 1340 3363 Sabbato
1397 3309 1614 3375 licebat,
1667 3310 1817 3380 quod
1871 3319 1960 3366 est

373 3397 606 3453 milliare
646 3414 838 3454 unum.

447 3485 613 3544 Vens.
661 3488 748 3544 15.
808 3487 1034 3543 Etcum
1088 3491 1311 3560 ingressi
1362 3503 1556 3557 essent,
1610 3494 1957 3549 ascenderunt

373 3581 429 3634 iu
476 3582 824 3648 cwuaculum,
853 3583 942 3637 ubi
978 3601 1190 3638 manere
1215 3586 1453 3640 solebant
1480 3586 1673 3641 Petrus
1703 3598 1751 3642 et
1793 3588 1956 3643 Jaco-

373 3673 486 3737 bus,
516 3682 565 3727 et
600 3671 831 3730 Joannes
861 3686 909 3730 et
957 3677 1223 3743 Andreas,
1276 3677 1552 3749 Philippus
1600 3692 1644 3736 et
1703 3681 1955 3746 Thomas,

372 3764 796 3821 Bartlwloma'us
848 3779 896 3821 et
964 3768 1271 3835 Mattlta'us,
1338 3770 1573 3827 Jacobus
1625 3774 1830 3843 Alphazi
1907 3783 1958 3828 et

373 3854 554 3910 Simon
582 3858 796 3923 zelotes,
819 3868 867 3911 et
891 3856 1065 3913 Judas
1094 3858 1308 3915 Jacobi.

447 3947 608 4005 Vsus.
641 3948 727 4003 M.
769 3948 843 4002 lli
882 3966 1059 4006 omnes
1099 3954 1423 4007 unanimiter
1463 3960 1861 4023 persererabaut
1901 3961 1957 4013 in

372 4040 670 4108 precatione
724 4049 774 4093 et
848 4041 1087 4095 oratione
1165 4058 1272 4095 una
1345 4059 1463 4096 cum
1550 4046 1858 4103 mulieribus
1907 4060 1956 4103 et

376 4129 553 4184 Maria
578 4128 752 4184 Matre
783 4128 935 4195 Jesu,
967 4141 1015 4184 et
1052 4148 1156 4185 una
1193 4148 1309 4186 cum
1345 4134 1606 4203 fratribus
1645 4136 1812 4193 illius.

449 4306 614 4363 [tecte
651 4309 984 4365 mentionem
1037 4310 1167 4365 fecit
1199 4311 1597 4383 discipulorum
1637 4334 1649 4369 :
1694 4319 1953 4389 quoniam

376 4400 517 4455 alius
575 4403 795 4471 quidem
847 4403 1210 4473 prodiderat:
1248 4406 1388 4460 alius
1429 4407 1532 4477 15
1567 4421 1747 4464 autem
1778 4412 1950 4467 abne-

2137 1663 2280 1717 Τότε
2316 1664 2713 1732 ὑπέστρεψαν
2755 1665 2843 1729 εις
2879 1660 3277 1731 Ἰερουσαλὴμ
3309 1662 3424 1715 ἀπὸ
3458 1662 3635 1730 ὄρους

2062 1755 2165 1808 τοῦ
2193 1756 2572 1818 καλουμένου
2592 1755 2938 1822 Ἐλαιῶνος·
2969 1756 3001 1809 ὃ
3023 1756 3197 1811 ἐστιν
3228 1755 3408 1826 ἐγγὺς
3433 1755 3635 1825 Ἰερου-

1988 1842 2026 1895 IS
2059 1846 2268 1916 σαλὴμ
2300 1848 2605 1902 Σαϐϐάτου
2629 1849 2776 1919 ἕχον
2794 1849 2958 1905 ὁδόν.
2986 1836 2995 1847 “

2129 1939 2285 2005 Τότε,
2313 1942 2479 2007 πότε;
2513 1942 2645 1994 Ὅτε
2679 1942 2943 2013 ἤκουσαν.
2986 1943 3061 1995 Οὐ
3083 1943 3189 2014 γὰρ
3210 1942 3290 1999 ’ἂν
3316 1944 3630 2014 ἠνέσχοντο,

2018 2015 2107 2082 ἐἰ
2163 2030 2238 2101 μὴ
2284 2033 2364 2095 είς
2418 2032 2613 2099 ἑτέραν
2667 2032 2866 2095 αὐτοὺς
2915 2036 3219 2103 παρουσίαν
3281 2034 3629 2105 ὑπερέθεντο.

2058 2121 2217 2172 Δοκεῖ
2258 2120 2315 2173 δέ
2350 2140 2438 2191 μοι
2468 2123 2558 2174 καὶ
2602 2123 2660 2174 ὲν
2709 2122 2974 2193 Σαϐϐάτῳ
3013 2124 3297 2192 γεγονέναι
3328 2124 3536 2178 ταῦτα·
3569 2126 3628 2178 οὐ

2058 2213 2168 2282 γὰρ
2193 2213 2259 2265 ἂν
2283 2211 2429 2268 οὔτω
2449 2214 2509 2266 τδ
2533 2213 2808 2284 διάστημα
2838 2212 3013 2267 εἶπεν·
3035 2215 3169 2269 Ἀπὸ
3197 2216 3379 2285 ὅρους,
3410 2216 3504 2269 τοῦ
3536 2233 3633 2270 κα-

2059 2304 2322 2373 λουμένου
2347 2305 2665 2369 Ἐλαιῶνος·
2727 2306 2756 2358 ὅ
2810 2308 2957 2359 ἐστιν
3027 2306 3195 2375 ἐγγὺς
3233 2305 3629 2377 Ἰερουσαλήμ*

2060 2397 2342 2452 Σαϐὁάτου
2372 2396 2493 2468 ἔχον
2519 2397 2659 2453 ὁδόν.
2710 2399 2820 2451 Καὶ
2872 2400 2980 2468 γὰρ
3032 2398 3340 2470 ὡρισμένον
3367 2400 3428 2452 τὸ
3457 2399 3633 2469 μῆκος

2060 2488 2159 2558 τῆς
2191 2489 2501 2561 ὁδοιπορίας
2533 2487 2602 2562 ἦν
2628 2529 2643 2555 ,
2701 2491 2728 2543 ὃ
2763 2490 2894 2561 ἐξῆν
2949 2490 3182 2560 βαδίζειν
3212 2494 3320 2554 τοῖς
3361 2490 3633 2553 Ἰουδαίοις

2062 2582 2119 2633 ὲν
2143 2583 2208 2649 τῇ
2240 2583 2426 2652 ἡμέρᾳ
2456 2582 2549 2635 τοῦ
2584 2581 2889 2637 Σα66ἀτου.
2929 2583 3155 2652 Ἱστορεῖ
3183 2583 3237 2636 δὲ
3269 2587 3361 2636 καὶ
3407 2584 3634 2653 Ἰώσηπ-

2062 2690 2162 2735 πος
2197 2675 2255 2727 ὲν
2278 2674 2357 2743 τῷ
2389 2675 2621 2745 εἰκοστῷ
2656 2675 2801 2745 λόγῳ
2831 2674 2931 2743 τῆς
2966 2674 3376 2745 ἀρχαιολογίας,
3406 2676 3633 2745 ἀπέχειν

2061 2763 2169 2816 ἀπὸ
2210 2762 2605 2833 Ἱεροσολύμων
2635 2764 2826 2817 στάδια
2877 2764 3037 2816 ἑπτά.
3094 2764 3207 2817 Καὶ
3257 2765 3535 2834 Ὦριγένης
3573 2764 3633 2817 δέ

2062 2872 2226 2923 φησιν
2257 2855 2414 2926 ἐντῷ
2448 2857 2686 2925 πέμπτῳ
2735 2854 3057 2925 στρώματι⁶
3109 2857 3141 2924 ὴ
3208 2855 3301 2908 τοῦ
3354 2855 3631 2908 Σαϐὄάτου

2060 2947 2175 3009 ὁδὸς
2238 2946 2402 3017 τριῶν
2462 2947 2653 3017 πηχῶν
2709 2948 2943 3017 ὑπῆρχε.
3016 2948 3127 3001 Καὶ
3170 2948 3368 3017 μᾶλλον
3418 2949 3450 3018 ἡ
3501 2948 3633 3016 ἀγία
3704 2966 3709 2970 ’

2062 3037 2242 3108 Σκηνὴ
2275 3042 2367 3091 καὶ
2397 3040 2429 3110 ἡ
2459 3038 2706 3101 Κιὸωτὸς
2769 3038 3020 3091 τοσοῦτον
3049 3038 3322 3108 διάστημα
3359 3038 3635 3109 προελάμ-

2065 3130 2193 3182 ϐανε
2226 3130 2323 3199 τὴν
2355 3130 2709 3199 παρεμϐολὴν
2732 3132 2828 3183 καὶ
2855 3129 2962 3183 ἀπὸ
2983 3131 3239 3183 τοσούτου
3268 3130 3635 3201 διαστήματος

2062 3223 2328 3290 ἐσκήνου·
2389 3222 2417 3274 ὃ
2460 3222 2735 3293 διάστημα
2789 3222 2916 3292 ἐξῆν
2964 3225 3077 3285 τοῖς
3128 3223 3494 3293 προσκυνοῦσι
3525 3223 3625 3293 τὴν

2060 3312 2224 3379 ἁγίαν
2272 3315 2477 3383 σκηνὴν
2540 3312 2779 3384 βαδίζειν
2814 3314 2869 3367 ἐν
2922 3313 3225 3385 Σαϐϐάτῳ·
3278 3314 3307 3368 ὃ
3362 3314 3485 3368 ἐστι
3545 3317 3636 3385 μία

2059 3404 2171 3457 λιον
2196 3404 2273 3457 ἓν.

2132 3498 2238 3549 Καὶ
2267 3497 2364 3550 ὅτε
2390 3497 2701 3566 εἰσῆλθον,
2748 3497 3057 3564 ἀνέϐησαν
3092 3502 3181 3565 εἰς
3212 3500 3277 3553 τὸ
3324 3496 3597 3566 ὑπερῷοι·
3617 3537 3631 3560 ,

2061 3581 2133 3641 οὗ
2165 3584 2330 3654 ἦσαν
2369 3588 2804 3655 καταμένοντες
2847 3592 2879 3641 ό
2901 3588 3178 3657 Πέτρος-⁷⁷⁸
3209 3589 3310 3643 καί
3344 3584 3641 3654 Ἰάκωϐος,⁹

2061 3678 2467 3747 καί·’1ωάννης
2499 3679 2598 3732 καὶ
2631 3678 2926 3748 Ἀνδρέας,
2950 3681 3247 3747 Φίλιππος
3280 3681 3378 3734 καί
3406 3680 3631 3750 Θωμᾶς.

2061 3770 2509 3839 Βαρθολομαῖος
2532 3771 2630 3823 καὶ
2657 3771 2977 3837 Ματθαῖος,
3020 3773 3300 3838 Ἰάκωϐος
3345 3773 3633 3843 Ἁλφαίου

2060 3862 2162 3915 καὶ
2191 3863 2385 3931 Σίμων
2411 3865 2443 3915 ό
2474 3861 2761 3931 ζηλωτής,
2800 3862 2899 3916 καὶ
2930 3863 3161 3929 Ἰούδας
3188 3862 3488 3919 Ἰακώϐου.

2134 3950 2307 4009 Οὗτοι
2329 3953 2553 4021 πάντες
2582 3950 2746 4024 ἦσαν
2793 3956 3385 4023 προσκαρτεροῦντες
3418 3959 3634 4025 ὁμοθυ-

2054 4044 2252 4115 μαδὸν
2280 4045 2354 4113 τῇ
2388 4045 2543 4115 εὐχῇ
2568 4047 2613 4078 ⁷³
2630 4046 2727 4100 καὶ
2765 4045 2838 4115 τῇ
2865 4046 3092 4115 δεήσει,
3116 4048 3239 4100 σὺν
3274 4048 3508 4118 γυναιξὶ
3535 4049 3633 4101 καὶ

2018 4218 2021 4221 ἢ
2059 4139 2257 4206 Μαρίᾳ
2291 4137 2366 4206 τῇ
2387 4139 2581 4208 Μητρὶ
2611 4139 2717 4194 τοῦ
2753 4139 2973 4207 ⁹ιησοῦ,
3032 4140 3131 4194 καί
3163 4140 3286 4195 σὺν
3306 4140 3429 4207 τοῖς
3459 4141 3635 4197 ἀδελ-

2056 4229 2193 4298 φοῖς
2220 4231 2427 4283 αὑτοῦ.
3385 4271 3397 4279 .

2132 4321 2328 4384 Καλῶς
2364 4321 2738 4390 ἐμνημόνευσε
2768 4321 2877 4375 τῶν
2922 4324 3182 4393 μαθητῶν
3208 4341 3223 4356 ο
3247 4324 3433 4396 ἐπειδὴ
3470 4327 3498 4378 6
3533 4324 3633 4395 μὲν

2060 4408 2395 4481 προῠδωκεν·
2437 4412 2465 4462 6
2496 4410 2551 4463 δὲ
2580 4412 2856 4482 ἠρνήσατο
2879 4428 2894 4444 ο
2920 4414 2948 4465 6
2971 4413 3027 4466 δὲ
3066 4414 3353 4486 ήπίστησε.
3383 4416 3632 4469 Δείκνυσι

370 4500 598 4561 gaverat
632 4511 645 4547 :
681 4495 822 4550 alius
864 4495 991 4550 item
1033 4510 1141 4550 non
1176 4497 1514 4552 crediderat.
1548 4499 1653 4556 Sed
1686 4504 1947 4569 ostendit,

2059 4503 2116 4556 δὲ
2144 4504 2248 4567 ὅτι,
2284 4501 2421 4572 πλὴν
2449 4502 2545 4555 τοῦ
2590 4504 2871 4574 προδότου,
2908 4508 3110 4572 πάντες
3139 4503 3281 4579 ἦσαν
3327 4507 3479 4562 σῶοι.
3509 4508 3633 4571 Πῶς

374 4585 548 4651 quod,
590 4595 957 4654 prieterquam
1019 4587 1293 4657 proditor,
1339 4604 1532 4647 omnes
1580 4605 1738 4649 erant
1788 4598 1950 4652 salvi.

376 4672 482 4739 Qui
532 4689 662 4742 ergo
696 4675 857 4740 dixit,
886 4676 1007 4732 Una
1051 4692 1174 4731 cum
1206 4678 1373 4735 Matre
1395 4680 1575 4738 Iesu?
1626 4690 1775 4757 atqui
1822 4689 1957 4744 dixit

375 4764 621 4821 Joannes
651 4767 755 4822 :Et
778 4783 843 4823 ex
875 4769 967 4822 illo
995 4779 1237 4842 tempore
1263 4776 1469 4845 recepit
1499 4792 1616 4832 eam
1653 4779 1954 4851 discipulus

376 4855 431 4909 in
494 4856 716 4911 domum
780 4874 934 4913 suam
963 4860 989 4923 Ἰ
1040 4858 1396 4935 Nequaquam
1456 4870 1789 4923 contrarium
1848 4880 1954 4926 est.

375 4944 507 5000 Nam
543 4948 588 5001 si
620 4949 736 5019 ipse
762 4965 981 5021 quoque
1006 4952 1315 5023 discipulus
1341 4972 1448 5011 una
1473 4967 1615 5022 erat,
1639 4961 1775 5014 nihil
1830 4972 1947 5016 erat

380 5040 503 5110 quid
536 5043 919 5097 vetaretetiam
948 5045 1095 5099 illam
1123 5063 1228 5101 una
1260 5048 1475 5103 adesse.
1509 5050 1611 5115 Qui
1637 5066 1768 5118 ergo
1792 5051 1950 5109 Jose-

373 5134 465 5204 plii
501 5135 830 5192 mentionem
867 5135 957 5192 bie
1002 5153 1112 5192 non
1164 5139 1336 5194 facit?
1363 5140 1501 5206 Quia
1527 5151 1776 5199 mortuus
1807 5157 1944 5201 erat.

372 5222 507 5280 Nam
535 5227 580 5282 si
611 5226 813 5282 fratres
863 5229 1239 5295 crediderant,
1274 5239 1328 5284 et
1361 5230 1619 5300 aderant,
1670 5236 1762 5303 qui
1822 5246 1949 5293 ante

371 5328 749 5384 saepenumero
783 5333 892 5373 non
944 5318 1316 5385 crediderant,
1380 5322 1556 5377 multo
1607 5325 1782 5395 magis
1835 5327 1946 5390 ille,

2053 4592 2143 4647 οὖν
2174 4593 2345 4663 λέγει,
2398 4596 2503 4649 Σὺν
2535 4599 2601 4666 τῇ
2630 4597 2816 4669 Μητρὶ
2865 4598 2961 4651 τοῦ
3001 4600 3174 4670 Ἰησοῦ
3200 4618 3215 4666 ;
3253 4600 3432 4653 καίτοι
3465 4595 3587 4652 εἷπε
3613 4616 3628 4632 ·

2056 4686 2153 4739 καὶ
2191 4686 2299 4739 ἀπὸ
2342 4687 2462 4740 τότε
2512 4688 2703 4741 ἔλασεν
2731 4689 2901 4760 αὐτὴν
2934 4692 2962 4742 ό
2995 4691 3243 4761 μαθητὴς
3272 4693 3353 4755 εἰς
3382 4693 3452 4745 τὰ
3480 4693 3584 4745 ἴδια
3610 4707 3627 4757 ;

2056 4778 2304 4848 οὐδαμῶς
2328 4780 2473 4831 ἐστιν
2505 4779 2747 4832 ἐναντίον
2773 4796 2785 4809 '
2806 4784 2852 4834 εἰ
2879 4780 2987 4851 γὰρ
3024 4782 3118 4833 καὶ
3140 4782 3301 4845 αὐτὸς
3326 4785 3354 4836 6
3382 4781 3630 4854 μαθητὴς

2059 4871 2244 4939 συνῆν,
2279 4870 2432 4924 οὐδὲν
2464 4867 2533 4943 ἦν
2571 4871 2631 4924 τὸ
2659 4872 2869 4925 κωλύον
2931 4873 3022 4925 καὶ
3047 4872 3214 4943 αὐτὴν
3240 4876 3628 4944 συμπαρεῖναι.

2058 4963 2183 5026 Πῶς
2218 4962 2311 5015 οὗν
2367 4963 2459 5016 τοῦ
2502 4962 2697 5033 Ἰωσὴφ
2731 4964 2966 5018 ἐνταῦθα
2995 4965 3055 5017 οὺ
3101 4966 3469 5034 μνημονεύει;
3505 4964 3630 5018 Ὀτι

2056 5054 2459 5124 τετελευτηκὼς
2484 5051 2573 5126 ἦν.
2612 5056 2674 5109 Ei
2716 5057 2825 5127 γὰρ
2848 5057 2896 5109 oi
2925 5056 3143 5124 ἀδελφοὶ
3173 5056 3498 5111 ἐπίστευσαν
3536 5059 3631 5111 καὶ

2057 5147 2307 5216 παρῆσαν
2333 5188 2347 5212 ,
2413 5148 2463 5200 oi
2516 5148 2774 5212 πολλάκις
2832 5148 3286 5220 διαπιστήσαντες
3341 5152 3627 5225 πρότερον,
3716 5135 3720 5139 θ

2062 5238 2241 5309 πολλῷ
2272 5238 2473 5308 μᾶλλον
2502 5240 2732 5304 ἐκεῖνος,
2763 5241 2813 5293 εί
2847 5239 2927 5293 ἔτι
2953 5235 3021 5313 ἦν
3052 5244 3111 5295 ὲν
3141 5241 3265 5313 βίῳ,
3310 5242 3405 5296 καὶ
3436 5244 3631 5297 ὲπεπισ

2061 5329 2320 5396 στεύκει,
2397 5332 2493 5385 καὶ
2556 5333 2668 5395 τοῖς
2729 5331 2984 5405 τοιαύτης
3039 5332 3139 5387 οὐκ
3214 5333 3629 5405 ἀπιλιμπάνιτο

1570 5441 1774 5504 Variaa
1807 5443 2119 5508 lectiones
2155 5454 2216 5508 et
2254 5453 2446 5513 notia.

440 5531 481 5631 ’ξ’
513 5530 817 5631 δοθήσεται,
848 5542 994 5618 ιιι-λιιιζ
1060 5535 1104 5565 ⁷⁸
1126 5533 1607 5631 ἠληλξθέναινεται.
1666 5545 1707 5577 ⁷⁸
1749 5545 1954 5602 Videtut

2057 5549 2288 5604 siderari
2313 5549 2497 5631 dictio,
2524 5550 2637 5606 οὖν.
2710 5554 2754 5589 ἰ’
2776 5550 2841 5606 1η
2862 5550 3093 5624 Vulgari;
3120 5558 3196 5607 es‘
3242 5552 3271 5608 ὅ
3313 5568 3372 5608 τε
3400 5553 3627 5624 Πέτρος.

368 5597 416 5627 ⁷³
454 5599 513 5648 lu
548 5602 770 5671 vulgatis
799 5614 894 5664 est,
933 5606 997 5672 τῇ
1028 5597 1331 5679 προσευχῇ.

440 5710 454 5724 ⁸
489 5707 655 5763 Locus
688 5716 867 5777 procul
898 5716 1053 5769 (lubio
1085 5728 1379 5788 corruptus.
