4068 6210
390 350 505 409 ῖεῖι
611 327 615 331 ’

1345 328 1925 393 THEUPHYLACTI
1964 324 2371 387 BULGARI/E
2406 322 2762 384 ARCHIEP.

3542 319 3645 382 E21

396 468 517 526 ipsa
542 450 761 525 quidem
804 445 998 517 rapitis
1018 443 1163 498 illius
1191 441 1363 495 moles
1384 440 1521 494 sola.
1544 438 1676 492 Nam
1697 437 1982 508 palpebras

2103 435 2248 491 ιὺτὺν
2282 435 2445 506 μόνον
2478 433 2570 487 τὸν
2608 434 2707 502 τῆς
2763 431 3004 502 κεφαλῆς
3031 430 3192 497 δγκον
3219 428 3406 486 αὑτοῦ.
3440 430 3519 482 Τὰ
3554 432 3647 498 μὲν

396 550 681 605 oculorum
712 544 859 596 illius
887 541 939 594 in
968 545 1176 591 tantum
1202 532 1529 588 intumuisse
1557 530 1755 595 ferunt,
1780 538 1842 583 ut
1863 530 1981 597 ipse

397 633 620 705 quidem
651 631 825 685 lucem
858 641 1086 697 prorsus
1114 638 1222 677 non
1250 622 1477 685 videret,
1530 620 1672 674 oculi
1708 633 1836 673 vero
1859 618 1981 687 ejus

402 740 493 781 ne.
531 737 627 793 per
679 719 872 775 medici
913 719 1004 788 qui
1030 720 1131 771 lem
1189 716 1464 785 dioptram
1500 713 1650 768 cerni
1702 720 1927 782 possent
1964 727 1977 763 :

405 823 557 870 tanta
588 812 876 867 altitudine
906 810 974 865 ab
995 818 1220 865 externa
1250 807 1538 877 superﬁcie
1559 806 1833 860 introrsus
1859 806 1984 858 abs-

403 912 682 962 cesserant
711 920 723 956 :
772 900 1021 970 pudenda
1057 897 1206 955 'vero
1256 899 1401 953 illius
1438 897 1632 966 quavis
1664 911 1722 950 re
1753 892 1981 949 deformi

403 998 630 1055 foediora
673 1003 839 1065 atque
869 993 1256 1063 injucundiora
1282 1006 1345 1046 ac
1375 989 1583 1059 majora
1632 992 1979 1058 apparerent,

403 1105 499 1161 per
545 1103 666 1158 quae
716 1100 932 1141 vermes
988 1084 1144 1140 sanie
1177 1081 1453 1138 commisti
1497 1095 1562 1135 ex
1596 1088 1713 1135 toto
1753 1092 1983 1147 corpore

404 1182 745 1237 confluentes
775 1194 873 1250 per
922 1178 1072 1248 ipsas
1115 1176 1282 1240 solas,
1325 1174 1607 1235 nimirum,
1644 1170 1982 1225 necessarias

404 1280 588 1343 partes
639 1266 887 1338 corporis
940 1265 1311 1320 elaberentur.
1362 1265 1495 1315 Post
1546 1261 1747 1314 multas
1800 1266 1980 1313 autem

405 1379 597 1434 ptenas
632 1374 686 1416 et
714 1361 993 1417 cruciatus
1023 1356 1075 1410 in
1121 1372 1223 1411 suo
1246 1354 1450 1425 praedio
1481 1354 1633 1407 aiunt
1661 1352 1810 1405 illum
1839 1365 1986 1405 mor-

410 1469 559 1511 tuum
591 1471 713 1511 esse
749 1473 761 1509 :
796 1462 959 1522 atque
985 1450 1053 1504 ab
1096 1448 1186 1515 iis,
1216 1449 1309 1518 qui
1340 1448 1493 1516 juxta
1530 1446 1679 1499 illam
1708 1445 1849 1498 viam
1876 1442 1984 1497 ba-

406 1551 584 1604 bitant
636 1556 799 1618 atque
846 1550 1161 1606 vereantur,
1238 1539 1465 1594 fundum
1508 1537 1659 1590 illum
1708 1549 1883 1604 usque
1915 1532 1984 1586 ad

315 1669 319 1673 ’
415 1643 517 1695 ltoc
548 1648 762 1709 tempus
806 1638 1103 1696 desertum.
1139 1641 1194 1687 et
1229 1632 1296 1685 ab
1325 1619 1522 1684 incolis
1554 1641 1784 1683 vacuum
1816 1641 1936 1680 esse
1968 1641 1984 1679 :

411 1735 477 1789 ad
505 1748 570 1787 ne
602 1731 925 1786 hodiernum
973 1727 1189 1797 quidem
1233 1738 1405 1787 usque
1450 1721 1592 1775 diem
1651 1734 1982 1790 quemquam

2084 528 2192 598 γὰρ
2233 527 2479 599 βλέφαρα
2508 527 2618 581 τῶν
2666 516 2964 595 ὀφθαλμῶν
3011 522 3179 577 αὑτοῦ
3211 540 3343 592 φασι
3395 520 3648 574 τοσοῦτοι

2083 618 2375 687 ἑξοιδῆσιι,
2402 616 2478 680 ὡς
2498 614 2662 669 αὐτὸν
2684 614 2782 686 μὲν
2809 613 3037 668 καθόλου
3069 612 3128 665 τὸ
3161 612 3277 683 φῶς
3308 612 3384 682 μὴ
3411 611 3648 681 βλέπεινο

2083 711 2207 772 τοὺς
2225 708 2604 779 senatusue;
2627 707 2794 761 αὑτοῦ
2816 705 2953 779 μηδὲ
2979 705 3084 758 ὑπὸ
3106 704 3294 776 ίατροῢ
3321 704 3585 775 διόπτρας
3604 704 3651 737 τε

2083 799 2316 870 ὀφθῆναι
2375 800 2673 854 δύνασθαι*
2701 796 2956 852 τοσοῦτον
2999 795 3164 867 βάθος
3216 791 3362 867 εῐχον
3416 795 3525 850 ἀπὸ
3557 795 3651 865 τῆς

2084 892 2283 956 ἔξωθεν
2318 890 2645 960 ἐπιφανείας
2667 906 2685 922 ·
2709 890 2772 943 τὸ
2804 888 2860 942 δὲ
2905 889 3107 941 αἰδοῖον
3140 886 3306 941 αὑτοῦ
3340 884 3524 959 πάσης
3554 886 3651 957 μὲν

2083 981 2475 1054 ἀσχημοσύνης
2507 981 2836 1051 ἀηδέστερον
2862 981 2958 1034 καὶ
2988 979 3178 1049 μεῖζον
3209 977 3497 1048 φαίνεσθαι
3520 995 3535 1010 ’
3564 981 3649 1048 φέε
3713 1018 3716 1025 η

2089 1069 2279 1141 ρεσθαι
2306 1070 2365 1123 δὲ
2391 1070 2457 1122 δι’
2484 1069 2654 1122 αὐτοῦ
2682 1069 2812 1132 τοὺς
2840 1068 2900 1133 ἐξ
2924 1068 3165 1131 ἅπαντος
3186 1067 3233 1101 ⁸⁵
3270 1066 3367 1120 τοῦ
3402 1066 3654 1137 σώματος

2087 1160 2417 1231 συρρέοντας
2445 1159 2646 1231 ίχῶράς
2693 1156 2755 1212 τε
2806 1160 2900 1213 καὶ
2930 1160 3225 1229 σκώληκας
3261 1159 3344 1222 είς
3396 1157 3553 1231 ὕϐριν
3590 1159 3652 1213 δι’

2084 1253 2265 1307 αὐτῶν
2303 1254 2461 1324 μόνον
2492 1255 2600 1306 τῶν
2629 1254 2963 1323 ἀναγκαίων.
2992 1253 3151 1308 Μετὰ
3172 1253 3373 1316 πολλὰς
3393 1252 3450 1306 δὲ
3477 1252 3619 1322 βασὰ
3640 1283 3653 1291 -

2086 1361 2209 1407 νους
2263 1347 2358 1399 καὶ
2406 1346 2699 1415 τιμωρίας,
2738 1349 2798 1400 ὲν
2857 1346 2975 1418 ἰδίῳ
3005 1348 3141 1415 φασὶ
3176 1346 3363 1418 χωρίῳ
3400 1346 3647 1415 τελευτή-

2086 1452 2280 1502 σαντα,
2310 1435 2539 1501 καὶτοῖς
2568 1438 2662 1491 ἐπὶ
2692 1438 2792 1513 τῆς
2811 1437 2856 1470 ⁸¹
2883 1436 3024 1502 δδοῦ,
3053 1436 3262 1507 ἔρημον
3285 1437 3379 1490 καὶ
3410 1436 3659 1508 ἀοίκητον

2086 1527 2147 1581 τὸ
2172 1528 2371 1598 χωρίον
2410 1528 2574 1600 μέχρι
2596 1529 2697 1599 τῆς
2726 1529 2822 1583 νῦν
2854 1528 3110 1598 γενέσθαι
3136 1544 3150 1559 ·
3177 1527 3292 1583 ἀλλ’
3332 1527 3454 1582 οὐδὲ
3495 1531 3655 1599 μέχρι

2087 1617 2188 1686 τῆς
2223 1619 2463 1689 σήμερον
2515 1619 2777 1675 δύνασθαί
2806 1637 2928 1673 τινα
2947 1620 3159 1673 ἐκεῖνον
3186 1618 3277 1672 τὸν
3316 1619 3482 1673 τόπον
3522 1635 3651 1689 παρ-

2086 1708 2285 1777 ελθεῖν,
2336 1710 2433 1765 ἐὰν
2493 1710 2568 1781 μὴ
2607 1711 2707 1775 τὰς
2749 1715 2901 1783 ῥῖνας
2934 1713 3055 1775 ταῖς
3109 1710 3299 1782 χερσὶν
3350 1711 3662 1783 ἐπιφράξῃ’

413 1838 508 1893 per
539 1823 689 1875 illum
726 1823 901 1875 locum
934 1832 1092 1888 posse
1121 1814 1378 1877 transire,
1401 1812 1508 1867 nisi
1538 1825 1702 1865 nares
1728 1811 1984 1864 manibus

2103 1798 2331 1869 τοσαύτη
2362 1800 2452 1854 διὰ
2490 1780 2589 1870 τῆς
2620 1780 2820 1872 σαρκὸς
2849 1799 3014 1854 αὐτοῦ
3060 1780 3154 1853 καὶ
3180 1780 3274 1852 ἐπὶ
3301 1798 3406 1868 γῆς
3442 1780 3664 1871 ἔκρυσις

414 1915 653 1969 obturet.
697 1911 908 1967 Tantus
934 1924 1028 1978 per
1048 1921 1279 1963 carnem
1311 1904 1460 1959 illius
1491 1903 1657 1959 etiam
1694 1902 1746 1955 in
1788 1908 1988 1956 terram

416 2007 596 2061 fluxus
627 2003 841 2059 delatus
866 2009 969 2057 est.
1007 1999 1118 2055 lloc
1136 1998 1392 2053 solatium
1424 1995 1690 2066 apostolis
1713 1992 1990 2073 ali‘erebat.

416 2097 885 2165 Quemadmodum
913 2102 1093 2147 autem
1128 2092 1306 2157 δαείω,
1367 2089 1442 2143 ita
1475 2088 1586 2142 Arii
1635 2101 1853 2158 quoque
1879 2087 1990 2142 lite-

417 2189 575 2244 retici
610 2188 868 2242 intestina
898 2184 1096 2239 diffusa
1136 2191 1284 2236 sunt.

488 2280 630 2334 Adeo
662 2289 715 2331 ut
763 2276 1060 2345 appellatus
1105 2275 1175 2327 sit
1226 2270 1419 2342 fundus
1461 2268 1551 2322 ille
1595 2269 1776 2339 lingua
1816 2282 1996 2321 eorum

421 2367 723 2433 vernacula,
757 2365 1067 2429 Aceidama,
1093 2365 1189 2417 hoc
1202 2370 1311 2425 est,
1336 2361 1600 2429 pra’dium
1627 2359 1923 2429 sanguinis.

494 2542 657 2597 Vens.
697 2542 788 2596 20.
832 2540 1100 2607 Scriptum
1120 2548 1203 2593 est
1227 2540 1367 2594 enim
1390 2539 1444 2593 in
1467 2537 1604 2592 libro
1631 2539 1959 2603 psalmorum
1977 2552 1998 2592 :

425 2633 554 2688 Fiat
575 2633 703 2688 villa
727 2632 874 2686 illius
897 2632 1125 2696 deserta,
1151 2639 1200 2685 et
1234 2646 1339 2685 non
1367 2632 1457 2694 sit,
1491 2632 1582 2701 qui
1609 2631 1803 2684 habitet
1834 2632 1885 2684 in
1916 2647 2001 2694 ea,

423 2734 473 2778 et
499 2723 870 2793 prtefecturam
902 2721 1020 2790 ejus
1052 2720 1277 2787 accipiat
1313 2719 1467 2774 alter.

504 2901 524 2937 τ
545 2900 721 2968 Atque
738 2893 909 2950 Judaei
934 2894 1149 2965 quidem
1180 2894 1290 2951 bac
1314 2895 1676 2965 appellatione
1698 2910 1759 2949 ac
1784 2895 2008 2950 nomine

426 2996 765 3047 vocaverunt
811 2986 965 3041 illum
1023 2986 1274 3054 fundum,
1327 3001 1435 3042 non
1479 2999 1703 3056 propter
1748 2988 1873 3052 hoc,
1910 2987 2005 3042 sed

429 3087 651 3150 propter
691 3076 908 3132 ludam.
956 3073 1058 3129 llic
1104 3081 1282 3128 autem
1331 3075 1397 3127 ad
1439 3082 1543 3128 hoc
1573 3071 1814 3128 traduxit
1857 3087 2004 3138 eum,

2091 1890 2548 1963 ἐχώρησε.Τοΰτο
2569 1890 2929 1963 παραμυθίαν
2953 1893 3066 1954 τοῖς
3092 1890 3414 1954 ἀποστόλοις
3446 1889 3663 1961 ἔφερεν.

2089 1983 2305 2055 Ὥσπερ
2333 1983 2391 2036 δὲ
2420 1983 2643 2053 διεχύθη
2679 1982 2749 2037 τὰ
2798 1983 3005 2053 ἔγκατα
3033 1981 3129 2037 τοῦ
3168 1979 3363 2049 ⁹ἰούδα,
3396 1981 3539 2036 οὕτω
3574 1984 3663 2037 καὶ

2103 2070 2314 2143 ’Δρείου
2344 2070 2439 2125 τοῦ
2468 2071 2776 2142 αἱρετικοῦ.

2166 2250 2349 2305 Ὥστε
2376 2249 2675 2319 κληθῆναι
2702 2252 2770 2305 τὸ
2799 2252 3018 2320 χωρίον
3046 2250 3244 2306 ἐκεῖνο
3281 2249 3357 2319 τῇ
3388 2249 3509 2317 ἰδίᾳ
3548 2249 3672 2304 δια-
3766 2282 3775 2287 -

2098 2337 2292 2403 λέκτφ
2325 2338 2524 2392 αὐτῶν
2568 2338 2905 2409 Ἀκελδαμᾶ
2918 2324 2964 2371 δ’
2984 2380 3001 2406 ,
3041 2339 3322 2397 τουτέστι
3344 2341 3563 2409 χωρίον
3592 2340 3668 2392 aI-

2096 2447 2305 2498 ματος.

2170 2520 2507 2591 Γέγραπται
2540 2521 2651 2591 γὰρ
2672 2522 2953 2587 ἐπι-βίϐλῳ
2974 2523 3022 2554 ⁸⁸
3044 2520 3305 2592 Ψαλμῶν
3322 2538 3335 2553 ·
3357 2523 3675 2591 Γενηθήτω

2104 2613 2143 2680 ἡ
2167 2612 2423 2679 ἔπαυλις
2450 2612 2638 2667 αὐτοῦ
2667 2612 2906 2682 ἕρημος-ο
2925 2613 3024 2667 καὶ
3041 2613 3127 2683 μὴ
3150 2606 3307 2668 ἔστω
3335 2617 3370 2668 ό
3388 2613 3673 2668 κατοικῶν

2102 2705 2174 2759 ἐν
2224 2704 2380 2773 αὐτῇ
2406 2724 2418 2737 ’
2470 2706 2570 2760 καὶ
2625 2706 2741 2776 τὴν
2801 2705 3151 2776 ἐπισκοπὴν
3198 2707 3388 2762 αὐτοῦ
3449 2708 3602 2776 λάϐῃ
3631 2708 3676 2739 θ’

2098 2792 2325 2863 ἕτερος.

2176 2888 2241 2940 Ol
2303 2887 2400 2957 μὲν
2475 2884 2569 2943 οὖν
2622 2888 2865 2944 Ἰουδαῖοι
2935 2890 3110 2962 ταύτῃ
3187 2893 3253 2961 τῇ
3338 2889 3677 2961 προσηγορίᾳ

2112 2978 2384 3032 ἐκάλεσαν
2415 2979 2568 3046 αὐτὸ,
2602 2980 2664 3034 οὐ
2697 2968 2787 3035 διὰ
2810 2981 2994 3048 τοῦτο,
3026 2981 3163 3039 ἀλλὰ
3197 2982 3287 3035 διὰ
3316 2981 3411 3036 τὸν
3440 2979 3638 3034 Ἰούδαν
3664 2995 3673 3005 ·

2109 3062 2265 3131 οὗτος
2297 3068 2356 3120 δὲ
2385 3070 2465 3131 είς
2491 3069 2653 3124 τοῦτο
2676 3071 2809 3124 αὐτὸ
2845 3073 3147 3143 μετήγαγε,
3178 3075 3461 3142 μάρτυρας
3500 3070 3679 3140 φέρων

429 3134 683 3224 inimicos
720 3181 817 3237 per
845 3179 1043 3220 nomen
1068 3165 1213 3234 quod
1258 3171 1583 3233 posuerunt,
1606 3171 1772 3219 testes
1804 3163 1999 3234 produ-

2109 3159 2236 3221 τοὺς
2285 3157 2518 3228 ἐχθροὺς
2552 3159 2622 3213 δι’
2650 3154 2727 3214 ὧν
2755 3134 3284 3231 ὼνδμασανίἹζδνδέ,
3320 3134 3610 3229 Γενηθήτω
3649 3160 3681 3228 ἠ

430 3269 582 3309 cens.
631 3251 801 3308 l’orro
833 3249 970 3305 illud
1021 3250 1327 3304 membrum
1374 3249 1643 3307 orationis
1684 3248 1848 3306 :Fiat
1880 3252 2007 3307 villa

430 3340 553 3411 ejus
595 3342 832 3404 deserta,
863 3337 930 3393 de
961 3335 1131 3392 fundo
1179 3336 1302 3402 hoc,
1346 3347 1401 3394 et
1447 3351 1574 3393 casa
1618 3338 1770 3395 illius
1799 3337 2007 3394 dictum

432 3438 536 3486 est.
569 3430 702 3484 Illud
734 3442 902 3484 vero:
933 3426 1342 3495 Episcopatum,
1377 3439 1473 3482 seu
1517 3423 1896 3496 praefecturam
1939 3425 2009 3479 il-

437 3521 541 3574 lius
565 3519 796 3587 accipiat
844 3518 1004 3583 alter,
1039 3518 1146 3573 hoc
1186 3523 1295 3577 est,
1332 3514 1698 3584 principatum
1751 3512 2009 3568 sacerdo-

435 3609 518 3666 tii.
548 3608 670 3663 Fiat
695 3609 819 3663 villa
847 3609 993 3665 illius
1015 3608 1253 3664 deserta.
1281 3605 1487 3676 Ecquid
1515 3604 1683 3660 fuerit
1708 3604 1885 3674 magis
1913 3601 2010 3657 de-

435 3708 666 3762 sertum,
710 3713 870 3767 quam
897 3699 1230 3769 sepulcrum,
1255 3704 1311 3753 et
1345 3697 1658 3768 sepulcrum
1685 3695 2013 3751 commune?

436 3788 583 3862 quod
620 3789 821 3844 fundus
847 3790 936 3847 ille
961 3793 1153 3847 evasit.

512 3879 676 3936 Vens.
717 3880 806 3933 2i.
851 3879 1070 3949 Oportet
1110 3882 1274 3953 igitur
1306 3897 1469 3935 unum
1509 3895 1691 3934 eorum
1740 3880 2009 3945 uirorum,

436 3974 527 4045 qui
565 3972 838 4027 nobiscum
866 3974 1061 4027 versati
1092 3982 1215 4027 sunt
1249 3973 1392 4026 omni
1429 3979 1675 4041 tempore,
1695 3987 1797 4042 quo
1829 3969 2014 4025 Denti-

438 4082 537 4121 nus
566 4065 723 4121 Jesus
758 4066 1024 4137 ingressus
1047 4075 1096 4119 et
1118 4080 1356 4135 egressus
1386 4072 1463 4119 est
1492 4066 1630 4118 inter
1656 4080 1774 4129 nos,

514 4157 678 4213 Vens.
719 4159 811 4211 22.
854 4155 1097 4211 Exorsus
1126 4174 1157 4209 a
1188 4156 1507 4226 baptismate
1531 4152 1756 4210 Joannis
1790 4153 1861 4208 ad
1893 4169 2011 4207 eum

440 4268 601 4320 usque
634 4251 797 4314 diem,
822 4265 929 4320 quo
967 4259 1200 4315 receptus
1231 4255 1309 4303 est
1338 4263 1370 4301 a
1400 4246 1569 4313 nobis,
1588 4243 1708 4301 'una
1744 4245 2011 4301 nobiscum

442 4352 619 4398 testem
645 4341 766 4411 ﬁeri
794 4339 1199 4396 resurrectionis
1231 4338 1398 4394 illius.

513 4523 894 4580 Cotnmunicat
924 4523 1082 4596 (rem)
1118 4537 1240 4577 cum
1270 4521 1398 4584 illis,
1448 4536 1517 4577 ne
1560 4513 1615 4575 in
1665 4522 1767 4592 17
1798 4533 2018 4578 contro-

443 4615 679 4667 versiam
702 4611 1084 4677 deduceretur,
1109 4620 1164 4666 et
1183 4609 1486 4664 inciderent
1513 4612 1565 4664 in
1594 4612 2019 4665 contentionem.

445 4693 654 4754 Idcirco
687 4701 851 4754 etiam
901 4699 959 4754 in
1002 4697 1231 4763 exordio
1267 4699 1551 4754 concionis
1594 4699 1860 4753 dicebat:
1905 4698 2020 4754 Viri

448 4792 668 4855 fratres,
701 4796 916 4859 oportet
946 4788 1148 4858 eligere
1185 4803 1252 4844 ex
1284 4789 1482 4855 vobis;
1509 4790 1595 4843 bis
1632 4790 1812 4844 verbis
1835 4791 2022 4844 multi.

446 4881 621 4935 tudini
650 4880 918 4949 judicium
953 4880 1299 4950 permittens,
1335 4879 1607 4950 simulque
1645 4893 1762 4943 eos,
1797 4880 1890 4948 qui
1924 4880 2023 4934 eli-

446 4983 728 5045 gerentur,
765 4972 1105 5028 venerabiles
1131 4971 1394 5038 efficiens,
1423 4979 1479 5025 et
1500 4970 1617 5040 ipse
1644 4970 1856 5024 evitans
1889 4970 2023 5025 alio-

449 5079 570 5119 rum
599 5061 978 5118 oll'ensionem.
1016 5070 1096 5117 Ac
1125 5062 1271 5132 quod
1304 5062 1521 5133 quidem
1561 5058 1676 5115 ﬁeri
1721 5068 2019 5128 oporteret,

447 5157 593 5226 quod
624 5156 982 5229 proponebat,
1022 5169 1148 5211 cum
1180 5156 1298 5225 ipse
1352 5153 1508 5218 dicit,
1546 5160 1661 5206 tum
1699 5152 2020 5222 prophetam

448 5254 646 5301 testem
676 5246 954 5317 producit.
991 5244 1070 5299 Ex
1102 5245 1305 5314 quibus
1328 5250 1509 5297 autem
1539 5240 1796 5310 oportet?
1822 5243 1900 5296 Ex
1928 5243 2022 5311 iis,

2108 3247 2335 3313 ἔπαυλις
2358 3248 2527 3303 αὐτοῦ
2563 3248 2771 3320 ἔρημος
2799 3288 2816 3318 ,
2847 3248 3094 3322 περὶτοῦ
3124 3249 3326 3321 χωρίου
3356 3248 3552 3303 τούτου
3588 3253 3683 3301 καὶ

2106 3338 2207 3407 τῆς
2263 3337 2445 3403 οἰκίας
2492 3337 2663 3392 αὐτοῦ
2690 3339 2931 3411 εἴρηται.
2980 3339 3054 3394 Τὸ
3082 3340 3164 3406 δὲ,
3219 3341 3332 3410 Τὴν
3374 3339 3685 3408 ἐπισκοπὴν

2109 3427 2274 3482 αὐτοῦ
2331 3428 2471 3501 λάϐῃ
2501 3429 2726 3501 ἕτερος,
2756 3431 2916 3485 τοῦτο
2944 3431 3083 3499 ἔστι,
3121 3431 3224 3503 τὴν
3260 3432 3437 3502 ἀρχὴν
3465 3430 3568 3499 τῆς
3606 3433 3686 3484 ξε-

2111 3519 2380 3589 ρωσύνης.
2411 3520 2702 3593 Γενηθήτω
2734 3523 2764 3592 ή
2808 3522 3040 3587 ἔπαυλις
3068 3522 3233 3576 αὐτοῦ
3272 3523 3497 3594 ἔρημος.
3524 3522 3589 3574 Τί
3618 3521 3686 3575 δι’

2111 3610 2176 3664 ἂν
2213 3610 2300 3681 atq
2332 3612 2669 3683 ἐρημότερον
2692 3614 2867 3681 τάφου
2892 3652 2908 3680 ,
2949 3615 3040 3667 καὶ
3085 3616 3259 3683 τάφου
3309 3612 3490 3668 κοινοῦ
3518 3628 3533 3678 ;
3570 3614 3600 3667 ὀ
3621 3615 3684 3666 τὸ

2112 3703 2309 3775 χωρίον
2345 3706 2522 3758 ἐκεῖνο
2552 3705 2764 3774 γέγονε.

2176 3880 2281 3934 Δεῖ
2326 3875 2443 3937 οὖν
2488 3880 2608 3936 τῶν
2665 3880 3094 3936 συνελθόντων
3135 3881 3283 3950 ἡμῖν
3335 3881 3571 3952 ἀνδρῶν
3617 3885 3690 3939 ἐν

2111 3973 2292 4029 παντὶ
2318 3976 2546 4044 χρόνῳ,
2566 3974 2633 4028 ἐν
2658 3967 2708 4042 ᾧ
2733 3971 2983 4043 εἰσῆλθε
3005 3974 3102 4028 καί
3127 3973 3396 4045 ἐξῆλθεν
3417 3976 3511 4045 ἐφ’
3531 3976 3691 4046 ἡμᾶς

2112 4067 2148 4121 ό
2182 4067 2397 4135 Κύριος
2444 4063 2707 4134 Ἰησοῦς,
3448 4092 3451 4095 ~

2195 4156 2559 4226 ’Λρξάμενος
2603 4156 2722 4210 ἀπὸ
2773 4154 2878 4212 τοῦ
2905 4155 3337 4226 βαπτίσματος
3378 4156 3686 4219 Ἰωάννου,

2113 4247 2228 4313 ἕως
2256 4245 2366 4314 τῆς
2389 4246 2636 4315 ἡμέρας.
2664 4241 2740 4316 ἧς
2761 4247 3075 4316 ἀνελήφθη
3094 4248 3195 4316 ἀφ’
3212 4248 3404 4318 ἡμῶν,
3421 4249 3628 4319 μάρπτι
3654 4269 3692 4303 α

2113 4338 2224 4405 τῆς
2251 4336 2641 4403 ἀναστάσεως
2689 4335 2878 4391 αὑτοῦ
2906 4337 3186 4405 γενέσθαι
3218 4337 3340 4392 σὺν
3394 4336 3692 4406 ὴμῑνοένα

2117 4429 2366 4484 τούτων.

2205 4517 2610 4573 Ἀνακοινοῦται
2658 4518 2866 4585 αὐτοῖς,
2917 4518 3006 4573 ἵνα
3053 4519 3220 4592 μὴτὸ
3270 4520 3506 4591 πρᾶγμα
3540 4535 3693 4590 περι-

2125 4609 2365 4679 μάχητον
2393 4607 2619 4677 γένηται
2646 4645 2663 4671 ,
2712 4608 2807 4660 καὶ
2868 4608 2950 4672 είς
2992 4607 3328 4678 φιλονεικίαν
3378 4607 3688 4678 ἐμπέσωσι.

2121 4700 2221 4752 Διὰ
2257 4696 2416 4751 τοῦτο
2476 4698 2572 4751 καὶ
2625 4698 2928 4769 ἀρχόμενος
2973 4698 3072 4768 τῆς
3108 4697 3451 4768 δημηγορίας
3482 4696 3690 4767 ἔλεγεν,

2126 4789 2351 4860 ’Ἄνδρες
2371 4788 2615 4857 ἀδελφοὶ,
2644 4789 2724 4841 δεῖ
2746 4788 3067 4854 ἐκλέξασθαι
3104 4790 3163 4855 ἐξ
3191 4789 3365 4858 ὑμῶν,
3396 4789 3474 4859 τῷ
3495 4789 3691 4859 πλήθει

2122 4880 2219 4952 τὴν
2249 4881 2431 4951 κρίσιν
2458 4882 2775 4951 ἐπιτρέπων
2801 4894 2816 4911 ⁸
2865 4881 2987 4950 ἅμα
3021 4896 3082 4933 τε
3121 4881 3250 4943 τοὺς
3284 4879 3692 4950 ἐκλεγομένους

2123 4972 2434 5041 αἰδεσίμους
2466 4971 2658 5037 ποιῶν,
2723 4971 2819 5025 καὶ
2865 4970 3028 5032 αὐτὸς
3074 4969 3557 5041 ἀπαλλασσόμενος
3594 4971 3692 5042 τῆς

2118 5065 2261 5134 πρὸς
2298 5062 2493 5126 ἄλλους
2524 5061 2844 5133 ἀπεχθείας.
2879 5062 2990 5114 Καὶ
3019 5060 3101 5114 ὅτι
3134 5059 3235 5130 μὲν
3278 5060 3691 5131 ἑδείγενέσθαι,

2123 5155 2287 5219 αὐτός
2311 5171 2371 5207 τε
2392 5154 2563 5224 λέγει,
2597 5156 2693 5207 καὶ
2726 5154 2818 5206 τὸν
2844 5153 3135 5225 προφήτην
3166 5152 3380 5222 εἰσάγει
3415 5154 3691 5226 μάρτυρα.

2145 5247 2241 5299 Ἐκ
2273 5245 2434 5298 τίνων
2484 5244 2541 5298 δὲ
2597 5243 2715 5312 δεῖς
2755 5244 2854 5297 Ἐκ
2907 5243 3019 5297 τῶν
3069 5243 3430 5301 συνελθόντων
3473 5246 3605 5318 ἡμῖν
3634 5245 3694 5297 ἐν

1633 5386 1836 5450 Varite
1864 5389 2181 5454 lectiones
2211 5397 2275 5452 et
2306 5398 2499 5454 noue.

519 5537 903 5610 1Ψδιῖδτττρςις,
930 5539 1183 5610 scriptum
1205 5546 1340 5610 erat.

450 5609 587 5675 gulis
612 5618 691 5661 est
725 5606 932 5680 βιϐλίῳ.
1007 5606 1055 5641 ⁸⁸
1077 5606 1144 5661 In
1191 5609 1437 5678 vulgatis,
1470 5610 1646 5665 λάἥοι.

528 5741 545 5778 τ
578 5742 785 5797 Videtur
809 5745 952 5799 locus
981 5761 1086 5801 esse
1118 5748 1355 5804 mutilus.

1450 5537 1498 5568 ⁸ο
1526 5536 1824 5605 ὲξάπαντα,
1847 5549 1980 5593 erat.

2127 5540 2260 5603 τοῖς,
2293 5548 2431 5593 erat.
2505 5536 2552 5569 θ’
2572 5533 2638 5592 In
2666 5537 2896 5608 vulgatis
2911 5546 3008 5603 est,
3033 5535 3336 5607 ἀκε).δαμά.
3410 5534 3455 5567 ⁸³
3477 5532 3552 5589 In
3580 5531 3699 5588 vul-
