4068 6210
390 327 493 363 fi”.

390 363 457 387 υ.-

472 328 493 388 ἵ
1337 318 1915 381 ΤΠΕΟΡΠῩΙΛΕΤΙ

2054 316 2368 376 'LGARLE
2401 318 2754 379 ARCHIEP.

3536 322 3640 386 {I33

380 435 647 493 Utabirct
676 435 729 490 in
761 435 939 489 locum
971 447 1151 489 suum.
1195 431 1366 486 Suum
1403 445 1500 486 seu
1542 433 1823 502 proprium
1866 435 1944 483 Io-

2054 427 2330 500 ἐνόσησεν,
2373 428 2547 493 οὕτως
2589 431 2635 461 ’⁸
2680 429 2810 492 ἴδιος
2851 428 3041 499 γέγονε
3078 432 3172 486 τοῦ
3226 433 3491 499 Ματθίου,
3545 439 3641 492 καὶ

381 545 503 586 cum
536 536 716 591 vocat,
749 541 906 596 quem
929 524 1182 580 Matthias
1207 526 1304 592 ita,
1328 533 1389 580 ιιι
1420 525 1640 592 dignum
1672 534 1721 580 et
1741 538 1955 593 aequum

378 626 520 686 erat,
546 618 870 673 obtcntmus
917 626 1052 669 erat.
1088 614 1560 681 Quemadmodum
1609 613 1754 669 enim
1788 611 1957 668 ludas

370 706 595 762 alienus
628 705 758 767 fuit.
787 707 948 761 etiam
973 707 1145 776 prius,
1177 722 1339 777 quam
1371 705 1520 760 illinc
1543 705 1859 768 excidisset,
1889 718 1956 758 ex

380 814 491 869 quo
541 798 750 863 morbo,
794 797 1085 864 -ιιὶιιιίινιιιιι,
1141 798 1384 853 avaritiae
1422 804 1585 868 atque
1632 797 1956 868 proditionis

380 886 632 942 laborare
677 887 820 956 cepit
858 904 872 941 :
931 888 1005 941 ita
1047 887 1301 957 proprius
1348 887 1451 943 fuit
1496 886 1739 941 Matthiae
1788 887 1952 940 etiam

377 978 532 1047 prius
561 967 722 1047 quam
772 976 925 1031 illum
962 977 1314 1044 obtinuisset,
1347 993 1410 1033 ex
1449 993 1558 1048 quo
1587 977 1809 1048 dignum
1836 990 1958 1031 sese

382 1069 637 1139 prteStitit
688 1077 840 1123 tanto
881 1084 1124 1124 munere.
1171 1070 1285 1124 Cur
1337 1071 1535 1125 sortito
1577 1069 1760 1140 putius
1808 1069 1956 1124 cele-

377 1161 536 1215 brant
574 1160 941 1215 electionem?
971 1160 1107 1226 Quia
1160 1161 1402 1216 nondum
1439 1176 1563 1216 sese
1603 1160 1798 1229 dignos
1841 1159 1958 1213 exi-

380 1253 702 1318 stimabant,
754 1252 842 1322 qui
880 1268 977 1321 per
1024 1252 1244 1322 aliquod
1292 1253 1513 1321 signum
1565 1252 1832 1306 certiores
1864 1252 1956 1305 lie-

379 1352 520 1395 rent.
556 1341 696 1409 Quin
726 1341 889 1396 etiam
936 1341 1174 1411 Spiritus
1199 1343 1440 1395 nondum
1481 1351 1866 1410 supervenerat
1899 1341 1952 1393 in

381 1435 527 1500 illos,
576 1449 755 1505 neque
808 1450 952 1505 Opus
1011 1442 1149 1500 erat,
1221 1434 1348 1503 quia
1402 1432 1740 1487 tantumdem
1788 1434 1956 1486 valuit

382 1542 527 1581 sors.
555 1523 691 1580 Nam
720 1525 789 1592 si,
828 1526 917 1580 ubi
941 1541 1115 1595 neque
1165 1527 1410 1595 precatio
1439 1532 1818 1596 praecesserat,
1852 1540 1951 1578 ne-

380 1635 488 1689 que
538 1620 770 1690 alicujus
810 1618 970 1689 pretii
1019 1618 1270 1672 homines
1315 1627 1494 1683 erant,
1546 1630 1753 1674 tantum
1786 1618 1955 1672 valuit

381 1727 524 1776 sors,
556 1720 841 1782 propterea
865 1707 1011 1780 quod
1042 1725 1107 1764 ex
1159 1718 1309 1765 recto
1356 1711 1541 1765 animo
1576 1710 1873 1765 accidisset
1898 1709 1951 1763 in

381 1805 519 1856 Jona
556 1820 569 1857 :
610 1801 772 1872 longe
803 1803 986 1872 potius
1011 1802 1122 1857 hic.
1156 1802 1334 1872 Atque
1363 1802 1560 1857 aliter:
1599 1802 1801 1857 Locum
1828 1817 1954 1872 pro-

381 1894 583 1965 prium.
615 1892 1001 1963 Unusquisque
1027 1892 1184 1949 factis
1214 1895 1330 1949 suis
1355 1901 1450 1949 aut
1480 1893 1681 1949 bonum
1707 1893 1833 1957 sibi,
1862 1901 1955 1946 aut

384 1985 586 2039 malum
624 1985 881 2040 conciliat
924 1999 989 2041 ac
1026 1994 1181 2057 parat
1204 1986 1405 2041 locum.
1451 1984 1568 2041 lloc
1614 1985 1781 2056 igitur
1799 1985 1951 2049 dicit,

379 2080 526 2150 quod
556 2080 723 2136 Jutlas
758 2081 953 2136 abierit
1002 2082 1054 2136 in
1110 2082 1261 2136 illum
1294 2082 1475 2136 locum
1526 2082 1755 2147 malum,
1790 2098 1950 2152 quem

383 2173 598 2241 prodito
642 2170 768 2228 Jesu
811 2173 915 2228 sibi
968 2174 1348 2228 tudilicavcrat.
1402 2172 1520 2228 Non
1553 2174 1698 2228 etiim
1761 2182 1951 2227 natura

381 2263 539 2318 nobis
565 2262 667 2317 loci
697 2271 790 2317 aut
820 2263 944 2317 boni
977 2272 1070 2318 aut
1093 2263 1218 2317 mali
1252 2270 1400 2327 sunt,
1425 2262 1519 2318 sed
1570 2261 1728 2318 factis
1750 2262 1954 2317 nostris

381 2352 561 2406 locum
605 2352 765 2409 nobis
809 2355 1168 2409 exstruimus.
1232 2353 1310 2408 lla
1354 2355 1676 2409 obstetrices
1734 2370 1952 2425 quoque

382 2443 732 2498 llehrmornm
767 2443 934 2499 Deum
987 2445 1263 2512 timentes,
1297 2445 1400 2501 sibi
1449 2444 1730 2501 domicilia
1780 2448 1953 2502 aedili-

379 2545 662 2591 caverunt.
717 2536 797 2591 lta
840 2538 1003 2591 etiam
1046 2536 1195 2604 impii
1253 2537 1519 2592 audient:
1551 2537 1630 2592 ltc
1665 2539 1718 2592 in
1770 2539 1949 2593 lutnrtt

380 2624 524 2692 ignis
558 2624 767 2688 vestri,
809 2630 863 2678 et
911 2623 1181 2678 flammam
1211 2641 1371 2695 quam
1418 2627 1719 2683 excitastis.
1766 2627 1942 2684 Voca-

377 2713 565 2768 bulum
614 2715 766 2770 locus
814 2714 984 2769 multa
1038 2715 1331 2786 significat,
1384 2728 1547 2787 atque
1580 2719 1724 2773 inter
1758 2732 1951 2777 castora

377 2803 540 2856 etiam
575 2802 823 2856 ordinem
870 2803 1163 2873 quemdam
1209 2803 1506 2873 signiﬁcat.
1539 2806 1616 2861 Ita
1643 2809 1788 2877 enim
1813 2810 1951 2863 dici-

377 2909 499 2949 mus
530 2894 710 2950 locum
760 2895 1027 2966 episcopi,
1079 2904 1244 2967 atque
1287 2898 1452 2953 etiam
1506 2901 1817 2972 praesbyteri
1855 2917 1949 2957 seu

375 2986 628 3050 senioris,
661 2994 828 3056 atque
856 2988 1022 3042 etiam
1055 2987 1110 3042 in
1146 2989 1423 3044 contrario
1453 2990 1595 3045 idem
1627 3001 1806 3061 potest
1832 3008 1950 3063 spe-

374 3077 531 3144 ctari,
558 3092 897 3148 unoquoque
925 3078 1066 3134 actis
1102 3078 1218 3133 suis
1245 3078 1424 3133 locum
1454 3078 1557 3135 sibi
1584 3083 1860 3151 proprium
1897 3092 1951 3138 et
1978 3108 2022 3169 α

373 3184 534 3224 suum
558 3168 822 3227 faciente.
889 3169 985 3225 Sic
1028 3170 1192 3241 igitur
1224 3171 1424 3242 aliquis
1454 3172 1630 3227 locum
1665 3172 1789 3229 falsi
1849 3175 1947 3231 do-

373 3259 544 3317 ctoris
581 3268 637 3316 et
684 3259 809 3316 falsi
848 3260 1084 3329 apostoli
1132 3261 1489 3331 adipiscetur,
1522 3263 1827 3331 quinetiam
1862 3274 1937 3337 ty-

2061 521 2190 592 πρὶν
2239 522 2271 594 ἢ
2324 521 2512 575 τοῦτον
2552 524 2869 593 κατασχεῖν,
2898 524 2993 591 ἀφ’
3022 518 3083 576 οὗ
3126 523 3276 590 ἄξιον
3326 528 3491 581 αὐτὸν
3542 530 3641 597 τῆς

2057 611 2390 684 τηλικαύτης
2422 613 2633 685 δωρεᾶς
2660 614 3064 686 παρεσκεύασε.
3096 615 3254 681 Τίνος
3286 618 3475 674 ἕνεκεν
3505 619 3640 691 κλή-

2061 722 2188 777 ρους
2226 706 2274 741 ’³
2320 706 2520 776 μᾶλλον
2547 707 2646 778 τὴν
2691 709 2922 781 ἐκλογὴν
2961 710 3285 778 ποιοῦνται;
3329 714 3449 767 Ὅτι
3487 713 3642 769 οὔπω

2057 794 2242 860 ἀξίους
2272 797 2504 867 ἡγοῦντο
2550 799 2779 863 ἑαυτοὺς
2813 797 2950 855 εῖναι
2982 802 3077 855 τεῦ
3111 802 3201 856 διά
3225 819 3370 867 τινος
3413 806 3639 876 σημείου

2061 886 2252 956 μαθεῖν
2275 902 2289 916 ⁶
2321 887 2382 940 ού
2418 887 2526 957 μὴν
2562 888 2682 942 οὐδὲ
2715 888 2774 942 τὸ
2814 889 3037 959 Πνεῦμα
3067 885 3138 962 ἦν
3175 890 3401 945 ἐπελθὸν
3440 894 3634 959 αὐτοῖς

2057 976 2232 1031 οῦπω.
2276 976 2352 1029 Οὐ
2390 977 2472 1031 δεῖ
2505 978 2554 1011 ⁸⁸
2588 979 2668 1044 δὲ,
2704 980 2785 1034 ὅτι
2814 981 3068 1035 τοσοῦτον
3090 982 3278 1052 ἴσχυσε
3307 983 3530 1055 κλῆρος.
3572 989 3635 1039 Εἰ

2058 1071 2166 1141 γὰρ
2195 1070 2326 1124 ἔνθα
2352 1068 2481 1123 οὔτε
2512 1070 2667 1141 εὐχὴ,
2705 1070 2829 1125 οὔτε
2867 1073 3382 1146 ἀξιόλογοι-ἄνδρες,
3435 1076 3640 1147 κλῆρος

2056 1158 2309 1212 τοσοῦτον
2343 1158 2533 1228 ἴσχυσε
2581 1158 2671 1213 διὰ
2704 1159 2766 1212 τὸ
2816 1160 2875 1225 ἐξ
2912 1159 3077 1231 ὀρθῆς
3120 1159 3375 1229 γενέσθαι
3412 1162 3637 1232 γνώμης

2059 1249 2151 1302 ἐπὶ
2183 1249 2275 1302 τοῦ
2330 1249 2506 1314 Ἰωνᾶ,
2534 1249 2712 1321 πολλῷ
2756 1250 2958 1321 μᾶλλον
2989 1252 3245 1307 ἐνταῦθα.
3291 1254 3401 1307 Καὶ
3436 1253 3636 1318 ἄλλως.

2057 1342 2161 1394 Τὸν
2198 1341 2364 1395 τόπον
2413 1342 2504 1396 τὸν
2557 1342 2686 1396 ῐδιον
2714 1358 2730 1373 ·
2783 1344 3015 1406 ἕκαστος
3063 1345 3160 1412 ἀφ’
3212 1337 3287 1398 ὧν
3334 1345 3631 1415 πράττειῆ

2057 1432 2219 1487 καλὸν
2269 1433 2469 1506 ἐαυτῷ,
2507 1434 2539 1504 ἢ
2582 1434 2752 1488 κακὸν
2802 1434 3057 1506 προξενεῖ
3080 1435 3267 1490 τόπον.
3312 1435 3485 1489 Τοῦτο
3540 1432 3635 1489 οὖν

2057 1542 2224 1595 φησιν
2261 1526 2345 1578 ὅτι
2396 1525 2671 1595 ἐπορεύθη
2717 1525 2918 1588 Ἰούδας
2953 1528 3034 1590 εἰς
3078 1528 3286 1580 ἐκεῖνον
3319 1525 3411 1580 τὸν
3446 1526 3633 1588 τόπου,

2053 1616 2145 1669 τὸν
2173 1618 2405 1688 πονηρόν
2435 1633 2448 1648 ·
2482 1618 2541 1671 ὃν
2566 1621 2630 1689 τῇ
2657 1618 2916 1689 προδοσίᾳ
2939 1619 3045 1672 τοῦ-
3078 1617 3253 1688 Ἰησοῦ
3281 1618 3460 1690 ἑαυτῷ
3490 1619 3633 1690 ᾠκο-

2055 1706 2310 1778 δόμησεν.
2340 1710 2414 1762 Οὐ
2444 1709 2554 1782 γάρ
2583 1713 2725 1763 κατά
2766 1709 2930 1779 φύσιν
2960 1710 3091 1781 ἡμῖν
3125 1709 3177 1762 οῖ
3214 1710 3367 1763 τόποι
3402 1711 3435 1781 ἢ
3478 1710 3632 1766 καλοὶ

2056 1798 2089 1868 ἢ
2117 1799 2278 1853 κακοί
2305 1815 2319 1831 ⁸
2360 1801 2475 1854 ἀλλ’
2519 1801 2609 1870 ἀφ’
2640 1796 2715 1855 ὧν
2745 1799 3024 1871 ποιοῦμεν,
3048 1800 3211 1854 τόπον
3251 1800 3461 1864 ἑαυτοῖς
3485 1802 3630 1866 ἐγείο

2059 1909 2246 1962 ρομεν.
2274 1891 2431 1946 Οὕτω
2455 1895 2550 1946 καὶ
2577 1894 2635 1947 αἱ
2666 1895 2823 1963 μαῖαι
2847 1892 2957 1945 τῶν
2998 1891 3267 1965 Ἐϐραίων
3309 1892 3633 1962 φοϐηθεῖσαι

2054 1984 2148 2036 τὸν
2188 1983 2344 2049 Θεὸν,
2381 1984 2740 2055 ᾠκοδόμησαν
2778 1985 2998 2046 ἑαυταῖς
3038 1984 3215 2047 οἰκίας
3240 1984 3286 2017 ⁹⁸
3314 2000 3328 2015 ο
3363 1984 3508 2039 οὕτω
3535 1987 3633 2040 καὶ

2055 2075 2105 2128 οῖ
2133 2075 2351 2138 ἀσεϐεῖς
2378 2076 2636 2129 ἀκούουσι
2672 2092 2687 2106 ·
2736 2074 3042 2146 Πορεύεσθε
3070 2075 3145 2146 τῷ
3174 2077 3311 2144 φωτὶ
3338 2075 3436 2130 τοῦ
3461 2075 3634 2147 πυρὸς

2056 2165 2208 2235 ὑμῶν
2236 2203 2253 2229 ,
2305 2166 2400 2219 καὶ
2452 2168 2519 2237 τῇ
2582 2166 2741 2235 φλογὶ
2864 2165 3216 2231 ἔξεκαύσατε.
3256 2164 3632 2239 [ΔΙΔΥΜΟΥ.]

2070 2255 2129 2308 Ἢ
2162 2256 2324 2319 τόπος
2361 2258 2511 2325 φωνὴ
2540 2256 2713 2310 πολλὰ
2750 2257 3025 2326 σημαίνει.
3062 2256 3226 2328 Δηλοῖ
3260 2256 3395 2328 πρὸς
3421 2258 3630 2329 ἑτέροις

2061 2349 2156 2402 καὶ
2176 2348 2330 2415 τάξιν
2348 2350 2470 2403 τινά
2499 2364 2512 2379 °
2551 2346 2695 2402 οὕτω
2717 2347 2825 2420 γὰρ
2851 2347 3082 2418 λέγομεν
3114 2349 3278 2402 τόπον
3297 2348 3595 2402 ἐπισκόπου
3611 2387 3626 2410 ,

2053 2441 2186 2495 ἀλλὰ
2212 2442 2309 2497 καὶ
2340 2440 2717 2513 πρεσϐυτέρου
2750 2457 2767 2472 ⁸
2802 2441 2897 2494 καὶ
2928 2440 3020 2495 ἐπὶ
3051 2440 3113 2495 τὸ
3143 2441 3381 2494 ἐναντίον
3410 2441 3470 2495 τὸ
3497 2442 3631 2494 aia-.6

2054 2533 2172 2589 ἐστι
2220 2532 2444 2588 σκοπεῖν
2472 2574 2490 2600 ,
2531 2533 2765 2586 ἑκάστου
2801 2533 2869 2587 δι’
2907 2531 2981 2586 ὧν
3030 2533 3262 2604 πράττει
3301 2533 3467 2587 τόπον
3494 2533 3629 2587 tam

2053 2624 2247 2678 ἑαυτοῦ
2293 2624 2596 2705 ποιοῦντος.
2632 2622 2791 2678 Οὕτω
2825 2623 2956 2692 γοῦν
2986 2625 3153 2677 τόπον
3196 2640 3284 2688 τις
3322 2622 3629 2693 ψευδοδιδά-

2054 2718 2253 2771 σκάλου
2306 2717 2401 2771 καὶ
2445 2716 2886 2787 ψευδαποστόλου
2939 2717 3130 2787 σχήσει
3154 2754 3168 2778 ,
3220 2715 3355 2770 ἀλλὰ
3392 2718 3486 2769 καὶ
3530 2732 3628 2768 τυ-

2055 2809 2247 2881 ράννου
2272 2810 2365 2861 καὶ
2382 2809 2490 2862 τῶν
2511 2808 2688 2863 ἄλλων
2715 2809 2959 2878 φαύλων.
3005 2808 3159 2861 Ἐπεὶ
3182 2807 3278 2861 νῦν
3304 2809 3396 2861 καὶ
3430 2806 3627 2870 Ἰούδας

2053 2900 2203 2971 πόθῳ
2236 2898 2316 2971 τῷ
2351 2898 2488 2970 πρὸς
2535 2899 2776 2971 ἀργύρια
2822 2897 3190 2971 προαιρετικῷ
3238 2897 3622 2965 συναρπαγεὶς,

2051 2991 2149 3061 τὴν
2200 2990 2464 3061 προδότου
2514 2989 2667 3054 τάξιν
2701 2989 2900 3051 εἵλετο,
2950 2989 3175 3051 εἰκότως
3228 2988 3308 3049 είς
3355 2987 3446 3038 τὸν
3497 2985 3627 3038 [διον

2055 3082 2222 3134 τόπον
2256 3080 2588 3149 πορεύεσθαι
2627 3080 2864 3149 εἴρηται.
2922 3077 3220 3140 ’Δπολέσας
3250 3077 3297 3108 ⁹⁶
3320 3076 3426 3146 γὰρ
3452 3075 3518 3128 δι’
3550 3068 3625 3128 ὧν

2054 3171 2258 3242 ἔπραξε
2290 3171 2351 3222 τὸ
2414 3164 2556 3223 εἶναι
2606 3169 2742 3240 μετὰ
2790 3168 2899 3222 τῶν
2948 3167 3280 3232 ἀποστόλων,
3340 3163 3627 3232 συνέταξεν

2057 3262 2236 3332 ἑαυτῷ
2266 3262 2396 3315 ῖδιον
2434 3262 2620 3315 τόπον.

374 3360 553 3413 ranni.
591 3367 643 3411 et
683 3356 913 3410 aliarum
947 3370 1125 3409 rerum
1162 3356 1447 3410 malarum.
1478 3355 1745 3423 Quoniam
1782 3377 1929 3417 nunc
1965 3364 2129 3419 etiam
2176 3357 2348 3413 Judas
2420 3357 2611 3427 spouie
2660 3370 2760 3411 sua
2827 3353 3101 3411 desiderio
3176 3353 3423 3426 pecuniae
3462 3359 3629 3420 atque

370 3447 600 3504 avaritia
690 3457 996 3519 cerrcptus,
1051 3448 1352 3517 proditoris
1406 3450 1655 3507 ordinem
1727 3467 1793 3508 ac
1830 3466 2014 3525 partes
2053 3451 2320 3522 suscepit,
2376 3458 2526 3506 recte
2575 3449 2631 3504 in
2685 3449 2863 3504 locum
2919 3464 3078 3504 suum
3114 3450 3263 3504 abire
3301 3448 3480 3503 dictus
3520 3454 3626 3506 est.

370 3537 508 3595 Cum
540 3539 689 3598 enim
720 3537 884 3597 factis
911 3540 1027 3597 suis
1052 3540 1325 3598 amisisset
1349 3542 1548 3612 locum,
1583 3553 1640 3600 ut
1673 3556 1819 3603 esset
1844 3563 1951 3603 una
1990 3563 2118 3605 cum
2153 3545 2439 3615 apostolis,
2465 3545 2774 3600 construxit
2808 3542 2912 3596 sibi
2945 3542 3222 3612 proprium
3258 3542 3460 3596 locum.

921 3634 1027 3706 19
1062 3633 1292 3691 cspur
1334 3638 1394 3693 ιι.

440 3728 611 3784 Vens.
654 3727 704 3781 l.
760 3731 828 3781 Et
877 3744 993 3782 cum
1037 3729 1392 3800 compleretur
1432 3730 1543 3788 dies
1586 3733 1939 3801 Pentecostes,

371 3827 523 3873 crant
555 3834 732 3873 omnes
763 3818 1001 3874 simulin
1032 3821 1213 3876 eodem
1246 3820 1382 3877 loco.

442 4005 608 4063 Vsus.
645 4005 701 4060 ‘2.
739 4003 808 4059 Et
841 4004 1016 4075 factus
1042 4014 1121 4060 est
1152 4014 1355 4074 repente
1381 4006 1444 4061 de
1474 4010 1601 4061 caelo
1626 4023 1786 4061 sonus
1822 4016 1942 4061 tan-

372 4110 532 4164 quam
566 4095 765 4148 ruentis
795 4095 958 4163 ﬂatus
1000 4095 1355 4149 vehementis:
1403 4105 1450 4149 et
1502 4096 1712 4164 repleuit
1770 4104 1939 4149 totam

371 4206 395 4238 ι.
409 4202 585 4240 omum
606 4186 696 4240 ubi
730 4184 1088 4240 considebant.

444 4280 613 4336 Vens.
647 4280 701 4336 3.
741 4277 806 4333 Et
836 4279 959 4334 uiue
991 4288 1110 4332 sunt
1154 4277 1264 4332 illis
1306 4276 1503 4348 lingua:
1536 4278 1692 4345 quasi
1749 4277 1936 4348 ignem,

370 4385 489 4439 qua:
519 4367 983 4440 dispertiebautur,
1015 4366 1349 4436 conseditque
1373 4382 1530 4438 super
1580 4383 1932 4438 unumquem-

370 4476 469 4528 que
494 4477 702 4515 eorum.

446 4548 615 4605 Vsus.
653 4551 707 4604 4.
741 4548 808 4603 Ει
844 4550 1173 4617 repletisunt
1197 4563 1381 4603 omnes
1422 4547 1624 4619 Spiritu
1666 4559 1870 4615 sancto,
1892 4560 1941 4605 et

372 4651 640 4709 creperum
664 4640 810 4710 loqui
831 4640 1053 4694 diversis
1085 4639 1304 4711 linguis,
1333 4649 1489 4709 prout
1523 4638 1754 4709 Spiritus
1772 4640 1936 4694 dabat

370 4731 504 4795 illis,
539 4740 596 4784 ut
618 4732 1006 4801 eloquerentur.
1192 4746 1195 4749 ·

444 4820 651 4888 Quare,
678 4835 803 4874 cum
835 4819 1202 4890 compleretur
1230 4820 1347 4877 dies
1366 4820 1762 4876 ‘Pentecostes?
1784 4819 1944 4886 Quia,

371 4913 592 4985 quando
647 4911 840 4966 falcem
893 4911 947 4966 in
991 4926 1223 4968 messem
1271 4912 1565 4967 immittere
1617 4914 1940 4981 oportebat,

2664 3638 2915 3692 ΚΕΦΛΛ.
2955 3635 3031 3691 B'.

2126 3732 2237 3788 Kal
2290 3732 2361 3786 ἐν
2401 3730 2482 3797 τῷ
2521 3729 3027 3800 συμπληροῦσθαι
3088 3728 3204 3797 τὴν
3245 3727 3473 3797 ἡμέραν
3512 3723 3627 3792 τῆς

2050 3821 2503 3893 Πεντηκοστῆς,
2550 3818 2717 3893 ἦσαν
2768 3820 3033 3887 ἅπαντες
3089 3818 3469 3889 ὁμοθυμαδὸν
3523 3816 3622 3869 ἐπὶ

2047 3917 2116 3971 τὸ
2134 3916 2301 3971 αὑτό.

2118 4007 2231 4063 Kal
2294 4006 2532 4076 ἐγένετο
2594 4004 2764 4073 ἄφνω
2820 4002 2889 4056 ἐκ
2953 4000 3062 4056 τοῦ
3122 3998 3388 4070 οὐρανοῦ
3449 3994 3620 4070 ἦχος,

2045 4096 2249 4166 ὥσπερ
2274 4095 2609 4166 φερομένης
2637 4092 2833 4162 πνοῆς
2854 4092 3064 4159 ,βιαίας
3092 4107 3107 4124 ⁸
3144 4092 3245 4146 καί
3271 4090 3625 4161 ἐπλήρωσεν

2045 4188 2195 4243 ὅλον
2220 4189 2325 4242 τὸν
2364 4184 2551 4252 οἷκον,
2590 4181 2662 4241 οὗ
2700 4182 2864 4255 ἦσαν
2894 4185 3237 4254 καθήμενοι.

2118 4278 2225 4333 Kal
2248 4276 2537 4345 ὤφθησαν
2580 4274 2787 4341 αὐτοῖς
2818 4274 3281 4345 διαμεριζόμεναι
3322 4272 3619 4342 γλῶσσαι,

2042 4369 2186 4423 ὡσεὶ
2217 4368 2427 4435 πυρὸς,
2455 4364 2704 4421 ἐκάθισέ
2740 4383 2803 4421 τε
2833 4367 2927 4437 ἐφ’
2971 4367 3081 4421 ἕνα
3111 4366 3375 4421 ἕκαστον
3400 4364 3620 4421 αὐτῶν.

2123 4547 2231 4603 Kal
2261 4546 2665 4617 ἐπλήσθησαν
2707 4548 2972 4617 ἅπαντες
3010 4551 3357 4619 Πνεύματος
3391 4551 3568 4620 ἁγίου
3606 4567 3618 4580 ⁸

2047 4638 2148 4692 καί
2194 4636 2457 4713 ᾕρξαντο
2504 4639 2719 4693 λαλεῖν
2770 4640 2998 4709 ἑτέραις
3032 4640 3358 4711 γλώσσαις,
3430 4642 3623 4708 καθὰ(-

2045 4732 2113 4785 τὸ
2145 4731 2386 4800 Πνεῦμα
2413 4729 2616 4785 ἐδίδου
2653 4732 2860 4799 αὐτοῖς
2893 4732 3391 4803 ἀποφθέγγεσθαι.

2121 4820 2221 4874 Διὰ
2274 4823 2329 4873 τί
2376 4823 2433 4874 ἐν
2486 4820 2562 4890 τῷ
2618 4822 3072 4895 συμπληροῦσθαι
3117 4823 3217 4893 τὴν
3269 4824 3484 4894 ἡμέραν
3524 4824 3621 4892 τῆς

2048 4911 2430 4981 Πεντηκοστῆς
2458 4927 2472 4976 ;
2512 4912 2652 4977 Ὅτι,
2686 4912 2775 4965 ὅτε
2800 4913 2859 4965 τὸ
2886 4913 3150 4984 δρέπανον
3184 4914 3496 4968 ἐπιϐάλλειν
3516 4916 3622 4967 ἔδει

371 5004 593 5079 quando
635 5005 818 5074 fruges
843 5003 1099 5074 colligere
1136 5003 1519 5067 conveniebat,
1583 5011 1713 5057 tunc
1730 5001 1935 5057 falcem

2054 4999 2120 5070 τῷ
2152 5000 2370 5071 ὰμητῷ.
2409 5001 2499 5054 ὅτε
2536 5001 2663 5065 τοὺς
2697 5004 2944 5073 καρποὺς
2998 5003 3252 5073 συνάγειν
3281 5007 3471 5076 ἐχρῆν,
3501 5006 3621 5058 τότε

377 5097 656 5156 sermonis
696 5111 913 5166 quoque
945 5095 1204 5151 adhibere
1230 5095 1555 5165 oportebat:
1583 5094 1938 5164 quemadmo.

2039 5090 2223 5143 καὶτὸ
2246 5091 2519 5161 δρέπανον
2541 5092 2851 5147 ἐπιϐάλλειν
2879 5094 2984 5146 ἔδει
3015 5094 3106 5147 τοῦ
3138 5096 3319 5164 λόγου.
3350 5096 3618 5166 Καθάπερ

370 5193 502 5246 dum
560 5190 726 5246 etiam
775 5190 894 5245 loco
951 5187 1106 5243 falcis
1151 5185 1396 5256 Spiritus
1456 5193 1687 5240 sanctus
1745 5195 1940 5242 acutus

2054 5183 2152 5255 γὰρ
2169 5184 2212 5215 ⁸⁷
2235 5183 2356 5237 ἀντὶ
2380 5183 2649 5255 δρεπάνου
2680 5185 2741 5238 τὸ
2774 5185 2998 5253 Πνεῦμα
3020 5186 3081 5238 τὸ
3104 5186 3258 5256 ἅγιον
3284 5190 3620 5258 ἠκονημένον

368 5283 679 5338 adrolabat.
711 5280 776 5334 Et
801 5279 1056 5336 Christus
1094 5277 1171 5332 ait
1227 5295 1239 5330 :
1270 5276 1465 5331 Messis
1499 5277 1718 5347 quidem
1770 5280 1939 5336 multa

2054 5275 2330 5345 ὲφίπτατο.
2389 5276 2498 5328 Καί
2547 5292 2711 5345 φησιν
2754 5277 2783 5329 ό
2813 5277 3045 5343 Χριστός
3071 5293 3085 5307 ο
3130 5280 3189 5332 '0
3229 5280 3327 5350 μὲν
3357 5280 3618 5352 θερισμὸς

369 5385 486 5429 est:
518 5373 755 5446 operarii
802 5382 984 5426 autem
1022 5367 1177 5440 pauci
1230 5378 1377 5433 sunt,
1412 5375 1468 5421 et
1516 5366 1685 5432 alibi,
1717 5368 1929 5437 Videte,

372 5465 568 5534 inquit,
602 5476 762 5533 agros
805 5474 821 5515 :
875 5458 1003 5530 quia
1049 5456 1162 5526 jam
1210 5452 1319 5508 albi
1375 5461 1503 5508 sunt
1561 5453 1628 5508 ad
1673 5470 1925 5510 mes-sem.

2042 5367 2295 5432 πολὺς,οἰ
2316 5366 2371 5419 δὲ
2386 5366 2612 5437 ἐργάται
2671 5365 2843 5436 ὀλίγοι
2877 5369 2970 5422 καὶ
3023 5369 3255 5440 ἀλλαχοῦ
3285 5387 3297 5398 ·
3338 5370 3618 5426 Θεάσασοε

2043 5457 2143 5520 τὰς
2157 5458 2360 5529 χώρας,
2389 5458 2471 5511 ὃτι
2505 5456 2696 5511 λευκαί
2725 5460 2831 5512 εἰσι
2862 5460 2999 5532 πρὸς
3019 5461 3276 5534 θερισμὸν
3291 5463 3618 5537 ἦδη.Τὴνδὲ

1552 5640 1751 5703 Variae
1782 5639 2089 5703 lectiones
2116 5664 2129 5699 ι
2152 5646 2174 5701 t
2195 5647 2383 5702 notae.

443 5769 490 5803 ”
515 5763 690 5833 οὗτος,
728 5783 864 5823 erat.
936 5766 983 5803 "
1013 5766 1099 5823 τσ.
1131 5766 1435 5839 κληρωτήν.

1514 5770 1559 5803 9⁸
1593 5769 1678 5823 ἶσ.
1704 5768 1813 5823 οὐδ’
1849 5768 1950 5823 ἔδει

2054 5769 2097 5802 ’⁸
2130 5768 2348 5835 οἰκίαις,
2376 5779 2509 5826 erat.
2586 5771 2634 5804 "
2678 5769 2986 5836 ἁπωλέσας,
3011 5778 3146 5825 erat.
3222 5771 3378 5825 "10'.
3424 5771 3540 5827 καί.
