4068 6210
409 356 515 425 529

1166 360 1569 425 EXPOSITIO
1608 363 1686 424 IN
1722 363 1914 424 ACTA
1940 362 2516 425 APOSTULORUM.
2554 388 2615 397 ··-
2652 363 2739 424 ΟΛ
2754 364 2811 425 P.
2863 363 2943 423 ΙΙ.

3568 367 3683 433 530

410 474 666 546 ἀπαρχὴν
726 475 926 545 λαϐὼν,
979 478 1142 543 αὐτος
1204 462 1451 550 ἀνήγαγε
1500 478 1798 551 πρότεροςο
1840 477 2004 541 αυτὸς

2115 477 2276 533 Porro
2302 479 2575 550 primitias
2601 486 2856 548 acceptas
2881 477 2998 546 ipse
3039 474 3235 533 obtulit
3272 476 3514 547 primus:
3553 479 3672 548 ipsa

412 565 647 619 ἐπέῦαὶε
674 570 737 619 τὸ
770 567 1044 638 δρέπανον
1066 569 1355 641 πρότερος.
1380 569 1479 622 Διὰ
1502 569 1553 622 τί
1579 568 1638 623 at
1663 570 1723 621 ἐν
1752 567 1832 639 τῷ
1858 585 2000 638 συμ-

414 658 786 728 πληροῦσθαις
807 662 926 715 Ὀτι
955 662 1146 733 ἑορτῆς
1176 661 1339 715 πάλιν
1371 662 1560 734 οὔσης,
1588 660 1884 716 εδειταῦτα
1901 678 1995 730 γε-

414 750 624 807 νέσθαι·
649 752 741 807 ἴνα
770 754 820 807 οἱ
848 754 1109 824 παρόντες
1123 752 1199 824 τῷ
1213 750 1434 824 σταυρῷ
1455 754 1549 807 τοῦ
1570 754 1832 825 Χριστοῦ,
1853 748 2000 809 οὗτοι

415 843 511 894 καὶ
534 840 708 895 ταῦτα
733 841 905 899 ίδωσι.
932 842 1324 917 [ΣΕΥΗΡΟΥ.]
1346 844 1803 915 Διαμεριζόμεναι
1828 846 2002 915 γλῶσ-

419 948 511 983 σαι
528 929 661 984 tinet
699 933 889 1004 πυρός.
911 934 1107 987 Παθὼν
1131 934 1239 1006 γὰρ
1273 937 1300 989 ὁ
1322 936 1453 999 Θεὸς
1480 938 1641 1008 σαρκὶ
1662 937 1725 991 τὸ
1755 937 2001 992 ἑκούσιον

422 1019 614 1084 πάθος,
648 1020 742 1075 καὶ
770 1023 1014 1087 ἀναστὰς
1044 1026 1105 1076 ἐκ
1137 1026 1369 1094 νεκρῶν,
1408 1029 1799 1100 συνανέστησεν
1824 1030 2002 1100 ἑαυτῷ

420 1113 546 1176 τοὺς
565 1114 633 1183 τῇ
662 1113 908 1185 ἁμαρτία
934 1116 1379 1185 νενεκρωμένους
1397 1119 1566 1189 ἡμᾶς,
1588 1120 1681 1174 καὶ
1696 1121 1755 1173 τὸ
1782 1120 1873 1174 τοῦ
1889 1121 2003 1175 δια-

420 1203 578 1254 ϐόλου
619 1204 820 1274 κράτος
845 1206 1137 1261 κατέλυσε.
1169 1207 1269 1261 Διὰ
1298 1208 1456 1263 τοῦτο
1486 1211 1647 1281 μέχρι
1677 1202 1774 1281 τῆς
1798 1214 2004 1284 Πεντηο

419 1292 641 1363 κοστῆς,
668 1295 748 1357 είς
774 1295 877 1364 γῆν
915 1297 975 1349 οὗ
1020 1297 1314 1368 κλινόμεθα
1355 1302 1783 1371 προσευχόμενοι
1818 1343 1833 1367 ,
1861 1304 2003 1357 κατὰ

420 1379 531 1431 τῶν
553 1380 763 1452 ἐχθρῶν
779 1383 935 1452 ἡμῶν
950 1383 1245 1452 ψάλλοντες
1264 1402 1280 1418 ο
1296 1386 1461 1440 Αὐτοὶ
1487 1389 1941 1460 συνεποδίσθησαν
1957 1392 2002 1424 ’⁸

423 1474 519 1524 κ-σ.“ι
553 1472 745 1526 ἔπεσον
769 1491 783 1506 ο
823 1476 985 1546 ἡμεῖς
1022 1476 1077 1529 δὲ
1106 1478 1412 1549 ἀνέστημεν
1443 1481 1538 1533 καὶ
1574 1480 2003 1553 ἅνωρθώθημεν.

435 1564 524 1617 Ἐν
547 1564 604 1618 δέ
640 1567 899 1637 πυρίναις
929 1568 1205 1637 γλώσσαις
1233 1569 1328 1624 τοῦ
1360 1571 1679 1642 Πνεύματος
1714 1574 2002 1643 ἐπιφανέν-

425 1674 518 1720 τος
544 1659 697 1727 ἡμῖν,
728 1660 858 1728 γόνυ
918 1660 1270 1731 κάμπτομεν,
1309 1661 1410 1733 τὴν
1441 1663 1569 1716 θέαν
1595 1664 1655 1717 ού
1686 1664 1943 1736 φέροντες
1984 1681 2002 1698 ο

423 1747 520 1799 καὶ
550 1747 834 1818 δηλοῦντες
857 1750 938 1803 ὅτι
983 1750 1071 1803 διέι
1107 1751 1197 1804 τοῦ
1220 1752 1536 1821 Πνεύματος
1575 1752 1672 1821 τὴν
1712 1754 1768 1805 ἐν
1810 1754 2001 1821 Τριάδι

2103 568 2297 625 falcem
2341 570 2567 626 immisit
2618 570 2850 637 primus.
2878 568 3079 635 Quare,
3128 583 3251 624 cum
3291 569 3659 638 compleretur.

2101 662 2219 717 dies
2248 662 2642 718 Pentecostes?
2692 661 2856 728 Quia,
2914 676 3038 717 cum
3101 675 3292 716 rursus
3352 671 3498 715 esset
3551 662 3670 717 dies

2105 754 2301 820 festus,
2330 754 2448 809 haec
2507 754 2624 809 ﬁeri
2688 754 3010 823 oportebat:
3077 762 3158 813 ut,
3227 751 3320 820 qui
3380 752 3675 812 adfuerant

2102 846 2255 901 cruci
2304 843 2532 909 Christi,
2583 845 2661 899 illi
2729 844 2895 898 etiam
2950 845 3066 900 haec
3122 844 3391 901 viderent.
3447 846 3671 917 Lingua:

2102 937 2259 1007 quasi
2288 937 2479 1008 igneae,
2513 952 2633 1005 qua:
2660 936 3054 991 dividerentur.
3095 937 3235 990 Nam
3266 953 3390 992 eum
3423 938 3674 996 Christus

2104 1044 2270 1083 carne
2300 1043 2497 1097 passus
2544 1036 2694 1084 esset
2742 1027 3113 1082 voluntarium
3166 1029 3519 1100 supplicium,
3565 1039 3674 1085 eta

2107 1119 2342 1175 mortuis
2372 1120 2784 1187 resurrexisset,
2812 1136 2918 1176 una
2949 1136 3134 1176 secent
3168 1136 3292 1185 nos,
3325 1122 3419 1192 qui
3446 1132 3676 1193 peccato

2103 1211 2261 1282 quasi
2311 1212 2625 1266 mortiﬁcati
2662 1223 2716 1269 et
2740 1212 2903 1267 morti
2948 1212 3206 1268 destinati
3251 1229 3493 1279 eramus,
3523 1216 3677 1270 emi-

2104 1302 2261 1365 tavit,
2286 1310 2340 1357 et
2364 1303 2652 1373 imperium
2686 1303 2888 1357 diaboli
2914 1304 3132 1359 evertit.
3165 1301 3376 1358 Idcirco
3409 1320 3582 1374 usque
3606 1310 3680 1358 att

2105 1392 2488 1458 Pentecostett,
2550 1402 2838 1463 precantes
2889 1393 3036 1448 humi
3105 1410 3212 1449 non
3260 1396 3681 1464 procumbimus

2103 1484 2369 1541 adversus
2409 1484 2665 1540 inimicos
2704 1496 2923 1541 nostros
2966 1486 3293 1556 psallentes:
3331 1487 3413 1540 Illi
3477 1487 3673 1541 irrctiti

2104 1585 2232 1632 sunt
2282 1585 2335 1631 et
2366 1577 2743 1632 occubuerunt
2775 1594 2789 1642 ;
2821 1592 2920 1632 nos
2968 1586 3149 1633 autem
3211 1578 3433 1633 excitati
3485 1593 3686 1633 sumus

2104 1676 2158 1721 et
2194 1667 2387 1721 erecti.
2422 1665 2527 1721 Sed
2575 1674 2929 1737 posteaquam
2974 1665 3149 1736 igneis
3202 1667 3404 1736 linguis
3437 1668 3679 1737 Spiritus

2105 1758 2265 1814 nobis
2295 1758 2575 1828 apparuit,
2638 1755 3075 1826 gennllectimus,
3144 1758 3514 1826 spectaculum
3567 1774 3675 1814 non

421 1839 637 1893 τελείαν
678 1842 1051 1911 προσκύνησιν
1091 1844 1520 1915 μεμαθήκαμεν.
1564 1845 1790 1915 Πνεῦμα
1824 1848 1933 1917 γὰρ
1974 1849 2002 1900 ό

2115 1847 2371 1911 lerentes,
2405 1857 2569 1916 atque
2614 1846 2990 1917 signiﬁcantes
3037 1862 3134 1917 per
3174 1845 3438 1917 Spiritum
3496 1848 3678 1919 perfe-

423 1932 595 1995 Θεός·
630 1934 727 1985 καὶ
770 1935 897 1997 τοὺς
943 1935 1384 2005 προσκυνοῦντας
1429 1938 1591 1991 αὐτὸν
1626 1939 1684 1991 ἐν
1726 1938 2000 2009 πνεύματι

424 2026 523 2078 καὶ
562 2023 790 2097 ἀληθείᾳ
834 2026 918 2080 δεῖ
955 2030 1305 2098 προσκυνεῖν.
1351 2027 1861 2103 [ΣΕῚἨΡΙΑΝΟΥ]
1913 2030 2001 2083 Ἐν

426 2117 492 2186 τῇ
521 2117 704 2188 ἡμέρᾳ
738 2120 837 2187 τῆς
871 2118 1251 2189 Πεντηκοστῆς
1291 2121 1324 2191 ἡ
1364 2120 1457 2173 τοῦ
1488 2120 1644 2189 ἁγίου
1688 2121 2002 2192 Πνεύματος

427 2207 769 2279 ἐπιφοίτησις
816 2209 1008 2278 γέγονε
1065 2212 1152 2265 διὰ
1201 2213 1360 2283 τήνδε
1409 2214 1508 2283 τὴν
1543 2214 1744 2275 αἰτίαν,
1794 2215 1881 2267 Ἐν
1936 2218 2002 2285 τῇ

427 2299 608 2372 ἡμέρα
623 2301 717 2371 τῆς
735 2302 1137 2372 Πεντηκοστῆς,
1160 2303 1301 2356 κατὰ
1320 2304 1417 2374 τὴν
1439 2303 1681 2358 Παλαιὰν
1703 2305 2003 2376 Διαθήκην,

428 2390 586 2461 ἐδόθη
604 2391 787 2462 νόμος.
826 2392 1027 2464 Ἐχρῆν
1047 2389 1141 2447 οὖν
1165 2394 1289 2448 καθ’
1311 2395 1376 2465 ἡν
1407 2395 1621 2467 ἡμέραν
1656 2395 1811 2465 ἐδόθη
1844 2396 2006 2466 νόμος

429 2480 517 2533 διὰ
544 2482 788 2549 πλακῶν,
830 2485 952 2537 κατ’
996 2484 1165 2556 αύτὴν
1190 2485 1411 2555 δοθῆναι
1435 2485 1534 2556 τὴν
1562 2485 1884 2556 νομοθεσίαν
1909 2485 2005 2539 τοῦ

429 2574 586 2641 ἁγίου
632 2574 971 2646 Πνεύματος,
1022 2577 1121 2629 οὐκ
1155 2578 1214 2629 ἐν
1238 2576 1454 2642 πλαξὶν,
1493 2576 1609 2629 ἀλλ’
1656 2579 1713 2629 ἐν
1757 2576 2007 2648 καρδίαις

429 2664 802 2736 γραφομένην.
858 2667 937 2737 Τῇ
992 2666 1177 2737 ἡμέρᾳ
1224 2667 1323 2736 τῆς
1378 2668 1759 2737 Πεντηκοστῆς
1805 2671 1832 2720 ό
1882 2667 2009 2731 λαὸς

431 2755 647 2820 ἐδέξατο
680 2757 844 2827 νόμον
881 2758 939 2810 ἐν
966 2760 1030 2827 τῇ
1060 2759 1253 2829 ἐρήμῳ
1289 2759 1424 2812 Σινᾶ
1447 2774 1461 2789 ·
1487 2761 1554 2829 τῇ
1583 2757 1644 2812 ιδ’
1685 2760 1793 2829 γὰρ
1827 2759 2009 2829 ἡμέρᾳ

430 2847 523 2899 τοῦ
545 2849 765 2918 πρώτου
798 2850 987 2920 μηνὸς.
1012 2849 1108 2903 τοῦ
1149 2851 1291 2903 κατὰ
1324 2850 1555 2920 σελήνην
1579 2850 2006 2921 ἁριθμουμένου,

434 2937 657 3008 ἐξῆλθον
691 2940 741 2992 oi.
779 2941 887 2993 υἱοὶ
942 2941 1161 3012 Ἰσραὴλ
1201 2941 1261 3007 ἐξ
1292 2941 1589 3009 Αἰγύπτου,
1620 2943 1709 2995 ὅτε
1745 2941 1805 2995 τὸ
1838 2942 2007 3006 "ACU-

436 3047 535 3098 μον
570 3031 903 3103 ἐπετέλησαν
926 3033 1018 3088 καὶ
1050 3034 1112 3086 τὸ
1138 3032 1232 3086 τοῦ
1269 3032 1463 3104 Πάσχα
1510 3035 1829 3106 μυστήριον.
1877 3035 2010 3089 Ἀπὸ

434 3122 530 3190 τῆς
555 3122 614 3175 ιδ’
640 3122 879 3194 ψὴφισον
905 3124 966 3177 τὸ
1004 3123 1100 3177 τοῦ
1118 3124 1287 3194 μηνὸς
1308 3125 1706 3196 ἀναπλήρωμα,
1733 3127 2009 3180 τουτέστιν

437 3210 648 3282 ἡμέρας
682 3212 748 3277 ιζ’
784 3213 881 3267 τοῦ
914 3214 1169 3284 δευτέρου
1199 3214 1368 3286 μηνὸς
1398 3212 1493 3269 τοῦ
1538 3215 1722 3287 τρίτου
1750 3233 1764 3247 '
1803 3217 1837 3287 ἡ
1870 3218 2009 3272 Πενι

433 3305 673 3376 τηκοστὴ
722 3306 769 3338 ⁹⁹
818 3308 884 3377 τῇ
939 3308 1101 3379 ἑορτῇ
1167 3308 1275 3360 τῶν
1346 3306 1594 3379 Ἀζύμων
1635 3308 1729 3361 τοῦ
1795 3309 2005 3379 Πάσχα.

449 3392 580 3445 Ἀπὸ
616 3390 710 3446 οὖν
755 3394 856 3464 τῆς
890 3396 949 3448 ιδ’
1000 3396 1105 3459 ἕως
1132 3396 1229 3464 τῆς
1267 3402 1316 3460 γ’
1344 3395 1438 3450 τοῦ
1482 3396 1667 3466 τρίτου
1711 3398 1879 3467 μηνὸς
1924 3398 2011 3466 γί-

436 3501 616 3537 νονται
646 3484 853 3555 ἡμέραι
890 3484 954 3540 ν’.
990 3486 1090 3540 Διὰ
1130 3486 1289 3539 τοῦτο
1337 3486 1529 3555 λέγει’
1569 3487 1678 3539 Καὶ
1709 3486 1919 3554 ἐγίνετο
1953 3490 2011 3541 ἐν

437 3570 514 3639 τῷ
546 3570 714 3641 τρίτῳ
737 3573 888 3642 μηνὶ,
920 3573 1248 3639 ἐξελθόντων
1288 3574 1467 3629 αὐτῶν
1493 3577 1558 3629 ἐκ
1588 3576 1685 3646 τῆς
1712 3575 2007 3644 Αἰγύπτου,
2072 3580 2081 3585 ’

437 3656 555 3713 εἷπε
591 3661 796 3733 Κύριος
826 3665 960 3736 πρὸς
1006 3666 1209 3736 Μωσῆν
1242 3682 1256 3698 ’
1291 3666 1601 3738 Κατάϐηοι,
1651 3667 1875 3735 ἁγίασον
1919 3668 2012 3722 τὸν

440 3749 567 3803 λαὸν
609 3753 850 3826 σήμερον
874 3756 966 3808 καὶ⁹
991 3754 1178 3827 αὔριον
1197 3772 1213 3787 °
1245 3759 1310 3827 τῇ
1333 3759 1595 3828 νεομηνίᾳ
1621 3758 1802 3812 αὐτῶν
1826 3758 2009 3828 λαλεῖς

441 3841 530 3894 καὶ
549 3845 616 3912 τῇ
654 3849 725 3910 γ’,
746 3846 900 3915 φησὶ,
929 3848 1229 3916 φανήσεται
1258 3848 1463 3918 Κύριος
1486 3848 1579 3901 ἐπὶ⁵
1608 3849 1670 3904 τὸ
1699 3850 1827 3921 ὅρος
1854 3853 2005 3907 Σινᾶ.

443 3934 590 3986 ’ἤδει
624 3930 718 3989 οὖν
755 3935 879 3989 καθ’
927 3939 994 4006 ἡν
1034 3938 1249 4010 ἡμέραν
1286 3939 1439 4009 ἐδόθη
1483 3942 1512 3992 ό
1556 3938 1784 4004 παλαιὸς
1827 3942 2012 4012 νόμος,

441 4024 560 4075 κατ’
595 4023 767 4097 αύτὴν
805 4025 1026 4096 δοθῆναι
1065 4029 1159 4080 καὶ
1199 4028 1300 4097 τὴν
1337 4027 1431 4081 τοῦ
1468 4028 1789 4099 Ιινεύματος
1830 4030 2010 4102 χάριν.

442 4113 654 4186 Ὠσπερ
706 4117 879 4187 γὰρὴ
919 4117 1111 4190 Σωτὴρ
1156 4119 1367 4191 μέλλων
1428 4120 1696 4175 ἐπιτελεῖν
1743 4121 1804 4174 τὸ
1859 4123 2014 4191 ἅγιον

443 4206 615 4269 πάθος
640 4209 731 4261 καὶ
760 4209 859 4263 οὐκ
892 4211 1153 4281 ἡνέσχετο
1178 4211 1323 4283 ἄλλῳ
1352 4211 1529 4283 καιρῷ
1552 4211 1746 4266 ἑαυτὸν
1767 4211 2017 4266 ἐκδοῦναι

439 4294 519 4365 τῷ
551 4298 732 4361 πάθει,
763 4298 899 4354 ἀλλὰ
920 4301 1044 4357 καθ’
1072 4302 1130 4356 δν
1160 4303 1351 4375 καιρὸν
1394 4303 1581 4357 ἐθύετο
1601 4302 1661 4357 τδ
1700 4303 1970 4373 πρόϐατον
1997 4344 2015 4372 ,

440 4386 527 4438 ἵνα
556 4389 705 4459 αύτῷ
736 4391 813 4462 τῷ
842 4392 997 4462 τύπῳ
1038 4394 1251 4467 συνάψῃ
1293 4396 1390 4465 τὴν
1422 4394 1700 4466 ἀλήθειανο
1746 4395 1889 4450 οὓτω
1920 4397 2018 4452 καὶ

438 4480 473 4549 ἡ
498 4478 594 4533 τοῦ
622 4481 937 4553 Πνεύματος
960 4486 1052 4539 τοῦ
1082 4486 1239 4555 ἁγίου
1266 4489 1610 4560 ἐπιφοίτησις
1640 4489 1741 4543 οὐκ
1762 4490 2018 4561 ἠνέσχετο
2050 4529 2098 4589 D

441 4574 587 4646 ἄλλῳ
621 4577 798 4648 καιρῷ
827 4578 1070 4647 δοθῆναι,
1104 4581 1137 4649 ἢ
1173 4580 1295 4634 καθ’
1320 4583 1380 4635 ὃν
1406 4583 1596 4653 καιρὸν
1623 4583 1780 4654 ἐδόθη
1808 4584 1969 4654 νόμος
1993 4601 2008 4615 ⁸

442 4668 529 4736 ἵνα
555 4668 740 4739 δειχθῇ
778 4670 862 4723 ὅτι
897 4670 958 4723 τὸ
996 4671 1219 4742 Πνεῦμα
1266 4673 1326 4727 τὸ
1358 4674 1514 4741 ἅγιον
1553 4674 1649 4728 καὶ
1678 4675 1799 4727 τότε
1827 4675 2017 4745 ἐνομο-

444 4756 660 4825 θέτησε,
710 4761 807 4815 καὶ
827 4762 925 4816 νῦν
944 4763 1246 4833 νομοθετεῖ.
1296 4764 1485 4836 Ἐδόθη
1516 4766 1615 4835 μὲν
1643 4765 1736 4819 οὖν
1764 4767 1926 4837 νόμος
1960 4769 2018 4820 ἐν

443 4851 510 4917 τῇ
549 4850 763 4923 Παλαιᾷ
790 4853 932 4907 κατὰ
963 4854 1062 4924 τὴν
1095 4854 1308 4925 ἡμέραν
1334 4856 1432 4926 τὴν
1457 4862 1521 4920 ν’,
1563 4857 1704 4926 μετὰ
1732 4857 1788 4910 δὲ
1834 4859 1895 4913 τὸ
1927 4860 2017 4912 ἐλ-

446 4940 557 4995 θεῖν
580 4944 773 5009 αύτοὺς
818 4947 900 5011 εἰς
918 4946 1016 5019 τὴν
1039 4948 1142 5018 γῆν
1159 4948 1257 5019 τῆς
1280 4948 1637 5017 ἐπαγγελίας,
1657 4951 1814 5004 τοῦτο
1833 4946 1901 5023 ἦν
1921 4953 2021 5005 αύ-

445 5036 557 5101 τοῖς
574 5036 673 5105 τῆς
693 5038 884 5110 ἑορτῆς
908 5039 971 5093 σύ
979 5040 1193 5110 μόολοψ
1224 5041 1476 5112 ἀπαρχῆς
1501 5039 1608 5095 τῶν
1637 5042 1771 5095 νέων
1792 5042 2021 5114 καρπῶν

445 5128 540 5181 καὶ
572 5129 904 5201 δραγμάτων
934 5132 1068 5186 νέων
1097 5131 1347 5204 σταχύων
1371 5134 1742 5205 προσεφέρετο
1772 5135 1851 5205 τῷ
1873 5135 2015 5205 Θεῷ.

444 5216 554 5287 Ἦν
577 5223 634 5277 δὲ
664 5226 840 5279 ἐκεῖνο
860 5225 1127 5297 σύμϐολον
1146 5228 1347 5298 ταύτης
1374 5231 1473 5299 τῆς
1493 5229 1708 5299 ἐορτῆς.
1727 5229 1879 5281 Ἐπεὶ
1910 5229 2021 5299 γὰρ
2070 5275 2081 5285 .

445 5317 505 5368 ἐν
538 5319 605 5387 τῇ
640 5318 953 5389 ἡμέρᾳττῆς
993 5320 1372 5391 Πεντηκοστῆς
1436 5320 1544 5373 τῶν
1597 5319 1737 5373 νέων
1793 5321 2023 5391 καρπῶν

447 5407 670 5477 δράγμα
717 5410 733 5440 ¹
769 5410 1056 5479 συνήγετο,
1090 5410 1182 5462 καὶ
1214 5412 1318 5464 ὑπὸ
1352 5412 1483 5481 μίαν
1523 5410 1648 5481 ὄψιν
1693 5411 2023 5481 συνήρχοντο

447 5498 792 5570 δῃρημένοι,
835 5498 1028 5569 ἔμελλε
1052 5499 1111 5554 δέ
1137 5500 1276 5554 κατὰ
1298 5502 1395 5572 τὴν
1426 5504 1642 5574 ἡμέραν
1670 5502 1875 5571 ταύτην
1914 5503 2022 5554 ἀπο

2039 3177 2095 3241 C-

2104 1946 2247 1993 ctam
2268 1946 2320 1993 et
2344 1937 2653 1992 absolutam
2679 1952 2780 1994 nos
2800 1938 3063 1994 didicisse
3092 1937 3377 1995 Trinitatis
3402 1939 3701 1996 adoratio-I
3767 2010 3777 2019 ο

2105 2044 2251 2083 nem.
2287 2028 2526 2100 Spiritus
2550 2030 2696 2084 enim
2729 2028 2872 2085 Deus
2919 2038 3050 2085 est:
3095 2038 3150 2086 et
3206 2030 3500 2091 adorantes
3524 2030 3676 2085 illum

2105 2121 2159 2174 in
2195 2121 2404 2190 Spiritu
2430 2131 2484 2175 et
2507 2121 2736 2176 veritate
2761 2128 2981 2189 oportet
3026 2120 3281 2177 adorare.
3317 2121 3377 2176 In
3412 2122 3500 2177 die
3536 2121 3677 2177 Pen-

2109 2220 2343 2268 tecostes
2377 2228 2635 2269 accessus
2665 2213 2840 2268 sancti
2893 2210 3137 2283 Spiritus
3162 2213 3366 2282 accidit
3416 2214 3487 2269 ob
3535 2214 3679 2268 hanc

2107 2319 2349 2358 causam.
2387 2302 2441 2356 ln
2471 2304 2557 2357 die
2589 2304 2961 2369 Pentecostes,
3003 2312 3062 2357 ut
3119 2304 3350 2358 habetur
3381 2304 3436 2358 in
3486 2303 3690 2359 Veteri

2109 2391 2483 2459 TeStamento,
2518 2394 2602 2447 lex
2637 2393 2762 2447 data
2788 2401 2892 2448 est.
2928 2392 3304 2447 Conveniebat
3348 2392 3532 2463 igitur,
3569 2411 3691 2464 quo.

2109 2483 2195 2537 die
2219 2482 2344 2536 data
2389 2491 2475 2537 est
2533 2482 2619 2536 lex
2663 2481 2717 2536 in
2767 2482 2973 2538 tabulis
3035 2482 3288 2553 lapideis,
3350 2483 3539 2538 eodem
3591 2485 3685 2540 die

2111 2572 2290 2627 sancti
2349 2571 2587 2641 Spiritus
2636 2568 2811 2642 legem
2869 2571 3245 2641 promulgari‘,
3293 2584 3414 2640 qua:
3470 2585 3579 2625 non
3624 2570 3682 2625 in

2111 2662 2309 2717 tabulis
2347 2661 2605 2732 lapideis,
2634 2662 2731 2717 sed
2761 2662 2815 2715 in
2871 2660 3132 2718 cordibus
3181 2660 3467 2716 scribitur.
3503 2660 3562 2715 In
3595 2661 3684 2717 die

2112 2752 2463 2807 Pentecostes
2491 2752 2723 2822 populus
2750 2752 2963 2822 accepit
2994 2752 3164 2822 legent
3195 2751 3249 2807 in
3275 2750 3494 2808 deserto
3526 2752 3686 2808 Sina.

2112 2844 2246 2899 Nam
2271 2845 2482 2899 decimo
2505 2853 2699 2915 quarto
2731 2844 2819 2900 die
2843 2845 3000 2915 primi
3028 2845 3257 2909 mensis,
3306 2844 3464 2913 cujus
3494 2860 3689 2900 nurne-

2114 2953 2207 2992 rus
2233 2938 2389 3007 juxta
2421 2952 2644 2992 cursum
2675 2938 2819 2992 luna:
2873 2937 3134 3002 inibatur,
3168 2936 3376 3005 egressi
3432 2943 3560 2991 sunt
3591 2935 3689 2990 ﬁlii

2116 3028 2281 3083 Israel
2330 3044 2397 3084 ex
2428 3027 2699 3098 Egypto,
2754 3042 2878 3082 cum
2934 3025 3317 3081 infermentato
3391 3040 3531 3096 pane
3597 3027 3693 3081 us't

2118 3127 2325 3183 essent,
2360 3129 2415 3175 et
2445 3119 2765 3190 mysterium
2797 3117 3024 3174 Pascha:
3051 3117 3443 3173 celebrassent.
3469 3117 3578 3187 20
3604 3116 3691 3173 Ab

2118 3210 2332 3265 decimo
2364 3216 2564 3280 quarto
2594 3208 2681 3264 die
2718 3223 2945 3263 numera
2997 3208 3205 3263 mensis
3240 3207 3695 3276 completionem,

2118 3303 2168 3357 id
2204 3309 2310 3365 est,
2339 3301 2457 3356 dies
2485 3301 2671 3356 decem
2707 3307 2761 3354 et
2789 3308 3030 3368 septem:
3065 3297 3295 3353 secundi
3331 3297 3536 3352 mensis
3568 3296 3695 3352 dies

2118 3394 2342 3464 triginta
2384 3410 2399 3447 :
2439 3392 2636 3447 deinde
2689 3392 2818 3446 treis
2876 3389 3082 3445 mensis
3136 3389 3301 3444 tertii.
3361 3388 3681 3443 Pentecoste

2117 3484 2204 3540 die
2234 3484 2367 3540 testo
2390 3499 2706 3557 azymorum
2735 3482 2980 3539 Pasch-.9.
3012 3484 3185 3553 Igitur
3205 3497 3234 3537 a
3258 3481 3471 3537 decimo
3490 3491 3696 3551 quarto

2121 3591 2295 3644 usque
2352 3576 2419 3629 ad
2470 3577 2692 3631 tertium
2733 3575 2880 3630 tertii
2938 3575 3187 3641 mensis,
3237 3573 3516 3630 exsistunt
3571 3572 3688 3628 dies

2118 3668 2535 3739 quinquaginta.
2570 3667 2780 3721 Idcirco
2827 3666 3006 3721 dicit:
3048 3665 3114 3719 Et
3149 3665 3350 3720 accidit
3398 3665 3457 3719 in
3504 3680 3691 3720 mense

2120 3758 2301 3824 tertio,
2333 3757 2573 3827 egressis
2605 3757 2714 3810 illis
2747 3770 2812 3811 ex
2843 3754 3102 3825 Egypto,
3143 3753 3280 3808 dixit
3325 3754 3586 3811 Dominus
3621 3753 3690 3808 ad

2120 3847 2348 3904 Mosen:
2409 3846 2727 3911 Descende,
2762 3844 3049 3902 sanetilica
3106 3844 3363 3915 populum
3417 3845 3580 3901 hodie
3635 3855 3690 3900 et

2121 3955 2278 3994 cras:
2333 3937 2402 3993 de
2450 3937 2735 3993 novilunio
2791 3936 3011 3991 illorum
3057 3934 3222 4010 dicit:
3261 3943 3314 3989 et
3364 3934 3454 3989 die
3506 3935 3687 3999 tertio,

2122 4031 2322 4101 inquit,
2371 4028 2930 4101 apparebitDominus
2961 4027 3017 4082 in
3056 4035 3239 4082 monte
3271 4026 3425 4081 Sina.
3460 4026 3690 4096 Oporte-

2123 4124 2213 4178 lrat
2245 4123 2413 4194 igitur
2441 4136 2551 4191 quo
2583 4121 2674 4177 die
2702 4120 2827 4175 data
2859 4127 2943 4175 est
2969 4127 3125 4175 vetus
3156 4119 3263 4183 lex,
3308 4135 3374 4175 eo
3409 4119 3528 4174 dari
3561 4118 3689 4189 Spi-

2126 4215 2263 4269 ritus
2292 4230 2511 4284 quoque
2543 4215 2800 4284 gratiam.
2830 4211 3301 4280 Quemadmodum
3345 4212 3493 4265 enim
3523 4213 3687 4265 etiam

2126 4305 2387 4363 Servatur
2414 4314 2670 4361 sanetum
2726 4305 3053 4375 supplicium
3093 4304 3408 4371 subiturus,
3438 4319 3547 4359 non
3582 4302 3692 4357 alio

2126 4406 2369 4468 tempore
2399 4396 2663 4451 sustinuit
2688 4410 2807 4450 sese
2835 4394 3034 4450 dedere
3060 4394 3126 4448 ad
3156 4393 3502 4464 supplicium,
3528 4407 3690 4463 quam

2125 4505 2233 4558 quo
2289 4496 2533 4559 tempore
2586 4487 2716 4541 anni
2782 4500 2955 4555 agnus
3011 4485 3418 4549 immolabatur,
3476 4492 3536 4539 ut
3587 4484 3693 4554 ipsi

2127 4581 2311 4650 ﬁgura:
2344 4577 2700 4646 coniungeret
2728 4578 3047 4632 veritatem:
3080 4577 3151 4631 ita
3188 4575 3430 4645 Spiritus
3474 4590 3695 4645 quoque

2126 4671 2301 4729 sancti
2332 4685 2591 4725 accessus
2639 4686 2747 4724 non
2789 4670 2894 4723 alia
2945 4675 3271 4738 tempestate
3321 4667 3440 4722 dari
3500 4668 3695 4732 voluit,

2126 4777 2288 4832 quam
2321 4776 2427 4830 qua
2454 4767 2775 4830 tempestate
2816 4760 2937 4812 data
2969 4767 3053 4813 est
3087 4759 3170 4813 lex
3196 4798 3211 4823 ,
3269 4766 3328 4811 ut
3354 4756 3691 4817 ostendatur,

2128 4854 2390 4924 Spiritum
2422 4860 2674 4909 sanetum
2701 4859 2754 4905 et
2802 4858 2930 4903 tunc
2972 4850 3144 4920 legem
3190 4850 3402 4914 tulisse,
3466 4860 3521 4904 et
3547 4864 3701 4903 nune

2126 4947 2295 5019 legem
2327 4946 2490 5001 ferre.
2543 4946 2721 5016 Atque
2758 4945 2811 4997 in
2855 4941 3038 4999 Veteri
3073 4942 3295 5012 quidem
3348 4940 3711 4997 Testamento.

2126 5041 2210 5095 lex
2267 5040 2394 5094 data
2452 5048 2536 5095 est
2578 5039 2666 5094 die
2722 5037 3211 5108 quinquagesimo:
3267 5035 3360 5090 sed
3410 5041 3698 5105 postquam

2128 5139 2398 5187 venerunt
2430 5132 2481 5185 in
2516 5138 2718 5184 terram
2744 5130 3094 5195 promissam,
3129 5127 3232 5183 hoc
3259 5135 3379 5181 erat
3412 5124 3494 5181 eis
3533 5122 3700 5178 feria-

2130 5238 2250 5277 rtnn
2283 5222 2523 5293 signum.
2560 5219 2635 5276 De
2670 5220 2929 5290 primitiis
2988 5234 3255 5276 novorum
3294 5218 3599 5278 fructuum,
3645 5221 3705 5268 et

2130 5316 2199 5370 de
2225 5315 2519 5384 manipulis
2544 5329 2805 5370 novarum
2840 5313 3114 5384 spicarum
3148 5311 3257 5366 Deo
3284 5308 3443 5363 fiebat
3472 5305 3697 5361 oblatio.

2132 5403 2466 5459 Eratatttem
2516 5404 2649 5458 illull
2700 5405 2917 5474 signum
2977 5403 3139 5471 hujus
3197 5398 3307 5454 diei
3360 5397 3502 5452 festi.
3562 5394 3699 5449 Nam

2130 5496 2388 5565 quoniam
2448 5496 2502 5550 in
2563 5495 2653 5550 die
2705 5495 3053 5550 Pentecostes
3093 5504 3357 5546 novorum
3425 5488 3703 5544 [ructuum

1641 5659 1843 5721 Varia:
1867 5637 2171 5720 lectiones
2195 5663 2255 5717 ct
2286 5660 2475 5716 nota}.

526 5779 573 5813 "
602 5781 1064 5854 συνεποδίστησαν
1087 5793 1220 5839 erat.
1297 5785 1341 5817 ’θ
1375 5782 1543 5838 Locus
1584 5790 1861 5848 corruptus
1898 5780 2011 5835 vide

2116 5790 2164 5834 et
2199 5775 2440 5832 mutilus.

2542 5773 2689 5837 ‘10.,
2726 5770 3039 5841 δράγματα.
