4068 6210
386 356 488 424 531

1336 345 1915 409 THEOPHYLACTI
1944 346 2353 409 BULGARI/E
2383 351 2739 412 ARCHIEP.

3531 358 3637 422 532

386 467 654 540 manipuli
690 464 1057 534 cogebantur,
1080 468 1134 516 et
1162 459 1264 515 sub
1298 473 1469 515 unum
1498 468 1780 531 aspectum
1815 473 1950 515 con-

2065 460 2258 525 παντὸς
2296 461 2482 527 ἔθνους
2516 461 2627 518 τῶν
2669 464 2691 496 ³
2729 463 2834 517 ύπδ
2871 464 2960 518 τὸν
2992 465 3218 534 οὐρανὸν
3254 467 3319 520 ἐκ
3364 468 3637 539 διαφόρων

388 561 681 620 veniebant
711 555 871 612 divisi
907 561 1071 626 atque
1121 551 1349 618 diversi,
1395 551 1752 623 futurumque
1814 557 1954 619 erat,

387 665 443 710 ut
485 653 589 709 hoc
620 651 709 706 die
731 664 797 705 ex
835 647 984 703 onmi
1016 646 1236 702 natione
1292 645 1636 702 diversarum
1691 645 1954 717 gentium,

387 760 510 816 qua:
539 742 643 799 sub
667 739 807 796 cmlo
837 745 987 804 sunt,
1015 738 1069 793 in
1120 751 1288 791 unum
1339 738 1677 809 manipulum
1736 737 1956 808 pietatis

392 843 696 893 conventus
737 832 913 897 ﬁeret,
952 830 1046 901 qui
1086 845 1185 901 per
1237 830 1594 901 apostolicam
1650 830 1956 886 orationem

393 930 500 984 Deo
524 925 850 983 oderretur:
877 938 977 995 pro
1003 923 1172 978 futuri
1207 923 1378 993 ﬁgura
1427 923 1666 980 instituit
1706 921 1958 992 manipu-

393 1025 503 1074 tum
537 1017 837 1089 spicarum,
869 1023 929 1069 ut
977 1015 1426 1086 prazsigniiicaret
1475 1013 1784 1082 manipulos
1837 1013 1956 1066 ani-

388 1126 624 1176 marum,
655 1123 775 1179 qua:
798 1123 863 1164 ex
910 1107 1143 1163 diversis
1172 1108 1389 1178 quidem
1418 1107 1736 1177 regionibus
1766 1120 1952 1161 sume-

387 1214 596 1267 rentur,
650 1216 757 1256 una
804 1208 984 1254 autem
1045 1199 1099 1252 in
1127 1198 1398 1269 primitias
1442 1198 1551 1254 Deo
1608 1197 1955 1253 offerrentur.

384 1290 564 1359 Quare
619 1306 729 1345 non
773 1290 894 1346 sine
935 1288 1127 1359 signis,
1162 1304 1285 1358 quae
1331 1302 1492 1343 sensu
1549 1289 1952 1359 percipiuntur,

386 1384 625 1455 Spiritus
656 1383 856 1438 accidit
880 1380 1186 1438 accessus?
1213 1383 1362 1452 quia,
1390 1384 1434 1438 si
1481 1382 1585 1438 hoc
1619 1383 1783 1438 etiam
1814 1382 1956 1439 facto

384 1475 661 1540 dicebant,
690 1474 830 1530 Vino
862 1473 1051 1543 repleti
1107 1480 1275 1529 sunt:
1336 1474 1383 1529 si
1442 1473 1545 1530 hoc
1590 1474 1795 1528 factum
1849 1490 1958 1528 non

386 1576 553 1629 esset,
579 1564 708 1635 quid
735 1579 839 1618 non
874 1563 1181 1618 dixissent?
1230 1560 1351 1617 Non
1402 1562 1724 1634 simpliciter
1770 1570 1953 1618 autem

385 1655 603 1711 sonitus
670 1655 849 1712 iactus
907 1666 1026 1721 est,
1092 1656 1186 1710 sed
1242 1656 1306 1710 de
1365 1656 1526 1721 cmlo,
1575 1665 1739 1726 atque
1790 1656 1954 1710 etiam

386 1749 745 1818 repentinus,
812 1765 921 1819 quo
980 1749 1153 1817 magis
1207 1750 1622 1813 excitarentur,
1697 1758 1954 1819 tanquam

2061 552 2231 608 ἐθνῶν
2274 556 2359 617 είς
2400 554 2458 608 ἓν
2497 555 2721 627 δράγμα
2751 556 3032 621 εὐσεϐείας
3086 557 3441 628 συνέρχεσθαι
3468 576 3482 590 ·
3543 562 3637 613 καὶ

2059 644 2150 700 διὰ
2176 647 2271 700 τοῦ
2295 648 2655 702 άποστολικοῦ
2675 648 2834 717 λόγου
2857 649 2935 720 τῷ
2955 648 3074 721 Θεῷ
3115 650 3565 720 προσαγαγέσθαι
3590 653 3634 715 ³,

2059 739 2416 810 προετύπωσε
2445 738 2506 792 τὸ
2539 739 2761 814 δράγμα
2800 740 2910 793 τῶν
2944 739 3231 811 ἀσταχύων
3264 756 3278 773 ·
3315 738 3402 794 ἵνα
3432 758 3635 815 προερ-

2062 828 2309 902 μηνεύσῃ
2338 830 2405 883 τὰ
2429 829 2721 901 δράγματα
2749 829 2859 885 τῶν
2884 830 3098 902 ψυχῶν,
3130 830 3239 884 τῶν
3269 831 3335 884 ἐκ
3364 831 3635 902 διαφόρων

2063 921 2163 992 μὲν
2192 922 2386 993 χωρῶν
2426 922 2943 993 ἐκλαμϐανομένων,
2997 922 3077 988 είς
3124 923 3252 994 μίαν
3291 923 3349 977 δέ
3382 925 3636 996 ἀπαρχὴν

2060 1015 2309 1086 σταχύων
2363 1014 2441 1084 τῷ
2493 1014 2613 1085 Θεῷ
2640 1014 3091 1086 προσαγομένων.
3131 1014 3229 1069 Διὰ
3270 1014 3323 1069 τί
3363 1015 3440 1087 μὴ
3468 1016 3638 1087 χωρὶς

2062 1106 2347 1178 συμϐόλων
2393 1105 2666 1177 αἰσθητῶν
2709 1107 2743 1177 ἠ
2770 1104 2865 1160 τοῦ
2897 1105 3213 1178 Πνεύματος
3251 1105 3476 1176 γέγονεν
3518 1109 3637 1161 ἐπι-

2061 1199 2352 1270 φοίτησις;
2403 1200 2547 1266 Ὅτι,
2583 1200 2631 1253 εί
2686 1199 2783 1253 καὶ
2829 1197 3020 1252 τούτου
3081 1198 3379 1269 γενομένου
3430 1196 3635 1266 ελεγον,

2061 1290 2143 1344 ὅτι
2193 1286 2461 1353 Γλεύκους
2514 1289 2929 1361 μεμεστωμένοι
2985 1290 3164 1344 εἰσίνσ
3222 1291 3273 1342 εί
3339 1289 3417 1360 μὴ
3479 1289 3638 1342 τοῦτο

2061 1382 2303 1451 ἐγένετο,
2328 1382 2382 1436 τί
2406 1383 2506 1436 οὐκ
2533 1381 2599 1436 ἂν
2633 1377 2785 1434 εἷπον
2819 1399 2834 1448 ;
2873 1380 2986 1451 Ούχ
3022 1379 3207 1441 ἁπλῶς
3229 1380 3286 1433 δὲ
3319 1374 3453 1450 ἦχος
3481 1379 3637 1447 γέγο-

2064 1488 2173 1538 νεν,
2208 1473 2325 1527 ἀλλ’
2362 1476 2427 1527 ἐκ
2469 1472 2563 1527 τοῦ
2600 1471 2857 1544 ούρανοῦ,
2896 1473 2991 1526 καὶ
3036 1472 3098 1525 τὸ
3141 1471 3404 1540 αἰφνίδιον
3441 1470 3519 1536 δέ,
3558 1471 3638 1533 είς

2062 1566 2121 1619 τδ
2175 1565 2378 1636 μᾶλλον
2412 1565 2763 1635 διαναστῆναι
2804 1565 3042 1629 αὐτοὺς,
3094 1562 3285 1632 ὥσπερ
3333 1560 3638 1632 φερομένης

2062 1658 2230 1726 πνοῆς
2268 1656 2467 1728 βιαίας.
2510 1656 2720 1727 Πολλὴν
2750 1658 2845 1711 καὶ
2881 1655 3119 1728 σφοδρὰν
3146 1654 3245 1724 τὴν
3278 1652 3459 1724 ῥύμην
3491 1653 3638 1719 λέγει

2061 1749 2155 1801 τοῦ
2187 1748 2505 1818 Πνεύματος
2532 1766 2546 1780 ’
2592 1749 2685 1802 καὶ
2734 1750 2941 1812 πάντας
2978 1749 3156 1800 ἐκεῖσε
3188 1746 3515 1818 συνδραμεῖν
3545 1745 3640 1798 καὶ

388 1842 602 1896 ruentis
633 1847 686 1895 et
726 1840 1033 1910 ingruentis
1090 1837 1252 1894 ﬂatus
1281 1839 1530 1895 violenti.
1595 1839 1847 1910 Magnum
1902 1847 1956 1895 ct

2065 1836 2336 1889 συνελθεῖν
2381 1838 2622 1908 ἐποίησε.
2673 1838 2785 1891 Καὶ
2827 1836 3151 1907 ἐπλήρωσεν
3181 1836 3301 1890 ὅλον
3342 1838 3433 1889 τὸν
3473 1831 3637 1888 οἶκον.

378 1931 762 1985 vehementem
802 1930 1061 2001 impetum
1100 1930 1341 2001 Spiritus
1366 1929 1534 1986 dicit:
1567 1932 1659 2001 qui
1691 1930 1874 1997 efﬁcit,
1901 1938 1960 1985 ut

389 2036 580 2077 orunes
610 2022 703 2079 ill‘o
730 2031 1120 2078 concurrerent
1149 2030 1204 2077 et
1249 2023 1630 2079 Convenirent.
1678 2023 1745 2077 Et
1780 2024 1960 2092 reple-

387 2111 489 2176 vit,
515 2121 623 2168 etc.
658 2110 850 2166 Totam
882 2112 1103 2168 domum
1149 2112 1417 2181 replebat,
1470 2122 1528 2167 ut
1574 2112 1960 2169 ostenderetur

391 2203 594 2259 donum
629 2219 736 2259 non
768 2204 1096 2274 quibusdam
1151 2204 1557 2274 particulariter
1608 2221 1672 2260 ac
1702 2206 1961 2277 speciali-

389 2304 494 2363 ter,
529 2296 625 2352 sed
657 2298 752 2352 toti
785 2297 1001 2367 corpori
1049 2295 1309 2352 Ecclesiae
1335 2298 1521 2352 datum
1564 2313 1706 2354 esse.
1756 2298 1961 2354 Domus

387 2387 538 2441 enim
574 2387 760 2442 mundi
803 2388 1017 2458 signum
1071 2399 1209 2453 erat,
1259 2390 1717 2459 quemadmodum
1745 2391 1958 2446 “etiam

392 2475 599 2544 piscina
629 2476 729 2531 fuit
789 2492 965 2546 aqttm,
994 2478 1098 2532 hoc
1148 2488 1327 2533 autem
1358 2477 1654 2534 allluentize
1699 2487 1751 2535 et
1803 2479 1963 2535 vehe-

392 2567 611 2621 mentia
638 2568 876 2634 signum.
906 2566 1023 2622 Non
1053 2570 1194 2638 ignis
1217 2577 1396 2624 autem
1424 2570 1648 2625 domum
1707 2570 1960 2640 replevit.

389 2655 534 2711 ldetu
575 2670 810 2726 namque
858 2657 1137 2726 perculsos
1168 2657 1433 2728 fugasset.
1462 2658 1590 2726 Sed,
1614 2659 1758 2730 quod
1790 2660 1961 2714 mira-

391 2747 560 2802 bilius
614 2755 721 2814 est,
779 2747 911 2817 ipsae
968 2748 1166 2818 linguae
1227 2749 1462 2804 dividua:
1492 2750 1544 2817 ιι,
1624 2765 1746 2821 quae
1797 2766 1962 2820 super

392 2849 838 2905 unumquemque
878 2838 1268 2893 consederunt.
1314 2836 1550 2896 Pulchre
1600 2850 1782 2896 autem
1807 2842 1960 2907 dicit,

392 2926 720 2997 dispertita,
747 2928 852 2996 21
890 2935 948 2981 ιιι
980 2929 1146 2995 scias,
1172 2931 1418 2986 eamdem
1445 2926 1570 2988 esSe
1592 2932 1959 2996 efﬁcientiam,

388 3032 570 3088 quaa
625 3018 908 3074 Paracleto
956 3021 1122 3076 missa
1180 3029 1284 3076 est.
1333 3022 1569 3078 Pulchre
1618 3039 1749 3079 sane
1805 3023 1960 3089 dicit,

269 3172 275 3177 ι
388 3107 550 3178 quasi
597 3107 789 3178 igneae,
843 3115 916 3173 et,
949 3117 1206 3179 tauquam
1267 3111 1454 3178 ﬂatus,
1497 3127 1567 3167 ne
1611 3111 1761 3182 quid,
1813 3111 1958 3181 quod

388 3211 551 3254 sensu
583 3199 788 3270 percipi
822 3200 1018 3270 possit,
1054 3200 1121 3256 de
1152 3201 1361 3272 Spiritu
1414 3203 1621 3273 c0gites
1678 3211 1732 3257 ct
1764 3203 1958 3274 imagi-

386 3290 558 3346 neris.
619 3290 736 3346 Non
795 3291 960 3363 igitur
1017 3293 1342 3363 simpliciter
1397 3306 1593 3351 ventus
1665 3304 1814 3361 erat,
1866 3306 1962 3351 aut

387 3383 553 3453 ignis,
597 3384 691 3440 sed
723 3382 960 3455 Spiritus
1015 3393 1262 3450 sanctus,
1327 3386 1417 3455 qui
1473 3387 1583 3441 illic
1639 3389 1956 3458 apparebat.

384 3474 522 3531 Vide
557 3483 765 3540 autem,
799 3474 944 3546 quod
973 3475 1193 3546 quando
1229 3473 1429 3532 Joanni
1461 3478 1680 3547 quidem
1743 3491 1963 3550 oporte-

386 3568 482 3623 bat
541 3557 804 3637 Spiritum
872 3577 1060 3624 notum
1096 3567 1233 3635 ﬁeri,
1284 3570 1647 3627 conveniebat
1700 3581 1958 3644 tanquam

387 3661 591 3732 ignem.
623 3659 990 3730 Conseditqu
1039 3675 1203 3732 super
1248 3676 1694 3735 unumquemque
1745 3682 1955 3722 eorum.

391 3750 452 3804 Id
479 3758 586 3814 est,
620 3750 824 3805 mansit
849 3750 991 3820 apud
1016 3751 1162 3818 illos,
1198 3759 1252 3806 et
1280 3753 1546 3823 requievit
1592 3769 1758 3826 super
1810 3757 1956 3815 illos.

393 3841 599 3896 Sedere
626 3841 769 3894 enim
797 3841 1117 3897 stabilitatis
1170 3850 1225 3899 et
1286 3845 1542 3900 manendi
1603 3846 1959 3916 signiﬁcatio-

387 3947 514 3989 nem
572 3929 759 3988 babet.
809 3931 988 4004 Super
1048 3949 1189 4005 quos
1241 3943 1422 3990 autem
1482 3934 1723 4006 Spiritus
1780 3939 1960 3995 sedit?

389 4026 568 4098 Super
596 4024 884 4083 duodecim
918 4028 1196 4098 apostolos
1229 4026 1515 4094 duntaxat,
1555 4045 1623 4083 an
1653 4045 1818 4101 super
1838 4033 1957 4089 illos

388 4130 606 4175 centum
640 4116 873 4190 viginti?
906 4119 1157 4176 videlicet
1187 4134 1350 4190 super
1395 4135 1604 4177 omnes.
1651 4121 1767 4178 Non
1812 4125 1957 4178 enim

391 4211 721 4281 simpliciter
749 4224 812 4264 ac
844 4220 1049 4267 temere
1074 4212 1270 4268 Petrus
1317 4213 1641 4283 prophetam
1678 4215 1957 4283 produxit,
1988 4279 2000 4289 .

390 4315 515 4356 cum
549 4301 756 4358 diceret
779 4318 793 4355 :
819 4299 885 4356 Et
908 4300 1012 4356 erit
1043 4301 1100 4355 in
1121 4303 1382 4357 extremis
1423 4301 1648 4367 diebus,
1685 4302 1957 4360 ‘ell‘undam

389 4391 458 4447 de
491 4389 699 4461 Spiritu
735 4408 855 4448 meo
881 4406 1047 4461 super
1068 4406 1285 4448 omnem
1314 4406 1554 4447 carnem.
1586 4391 1654 4448 Et
1680 4409 1788 4449 non
1827 4396 1959 4451 sim-

2065 1926 2169 1982 Τὸν
2199 1923 2347 1983 οἷκον
2381 1928 2503 1983 ὅλον
2532 1929 2797 2001 ἐπλήρου,
2820 1928 2887 1983 ἵν’
2918 1932 2950 1999 ἡ
2975 1928 3153 2000 δωρεὰ
3173 1928 3430 1999 δεδομένη
3454 1928 3637 1997 δειχθῇ

2066 2020 2141 2091 μὴ
2177 2021 2419 2092 μερικῶς
2458 2021 2539 2084 τίς
2576 2023 2722 2074 ἐστιν
2766 2020 2788 2052 ⁸
2813 2062 2828 2087 ,
2865 2019 2982 2076 ἀλλ’
3017 2020 3123 2090 ὅλῳ
3158 2018 3236 2091 τῷ
3266 2020 3364 2089 τῆς
3412 2015 3641 2087 Ἐκκλη-

2065 2112 2185 2175 σίας
2223 2112 2577 2184 πληρώματι.
2606 2112 2669 2165 'H
2701 2112 2847 2166 οἰκία
2868 2113 2976 2183 γὰρ
3001 2111 3095 2166 τοῦ
3126 2111 3331 2182 κόσμου
3373 2108 3640 2180 σύμϐολον

2060 2198 2419 2276 ἦν,καθάπερ
2439 2204 2548 2274 γὰρ
2580 2204 2601 2236 ⁵
2633 2203 2989 2275 κολυμϐήθρα
3020 2203 3245 2273 γέγονεν
3280 2202 3471 2265 ὓδατος
3497 2218 3511 2231 ·
3544 2200 3641 2269 τῆς

2061 2296 2340 2366 δαψιλείας
2375 2296 2432 2350 δὲ
2447 2294 2606 2349 τοῦτο
2622 2297 2922 2367 τεκμήριον
2941 2302 3031 2350 καὶ
3048 2295 3145 2364 τῆς
3165 2294 3544 2366 σφοδρότητος.
3566 2292 3639 2344 Οὐ

2062 2384 2124 2437 τὸ
2157 2383 2267 2454 πῦρ
2294 2383 2350 2437 δὲ
2396 2383 2488 2436 τὸν
2510 2378 2658 2437 οἷκον
2706 2384 3025 2456 ἐπλήρωσεν
3048 2400 3060 2413 '
3104 2383 3362 2454 ἐξέστησε
3403 2382 3509 2452 γὰρ
3539 2383 3600 2435 άν
3621 2397 3637 2413 '

2063 2476 2202 2539 ἀλλ’,
2234 2477 2263 2530 ὅ
2283 2492 2335 2528 τι
2363 2476 2814 2548 θαυμασιώτερον
2835 2518 2851 2543 ,
2878 2477 2940 2530 τὸ
2966 2475 3388 2547 διαμερισθῆναι
3430 2475 3525 2529 καὶ
3555 2473 3641 2542 ἐφ’

2062 2568 2158 2623 ἕνα
2191 2568 2422 2623 ἕκαστον
2456 2568 2637 2625 αὐτῶν
2666 2569 3005 2624 ἐπικαθίσαι.
3036 2569 3233 2633 Καλῶς
3247 2568 3305 2622 δέ
3339 2585 3490 2639 φησι,
3529 2567 3643 2620 δια-

2068 2660 2500 2731 μεμερισμέναιο
2561 2661 2650 2714 ἵνα
2721 2660 2919 2734 μάθῃς,
2983 2662 3065 2714 ὅτι
3122 2659 3376 2731 ἐνέργειά
3421 2661 3568 2713 ἐστιν
3605 2660 3641 2728 ἢ

2064 2754 2202 2824 αὐτὴ
2239 2753 2346 2807 άπὸ
2395 2752 2491 2806 τοῦ
2534 2736 2894 2825 Παρακλῆτου
2936 2752 3271 2823 πεμφθεῖσα.
3308 2750 3504 2814 Καλῶς
3547 2749 3641 2804 οῦν

2065 2858 2219 2914 φησι,
2280 2842 2414 2896 ὡσεὶ
2448 2843 2655 2912 πυρός’
2715 2842 2810 2894 καὶ
2853 2839 3103 2913 καθάπερ
3150 2841 3356 2911 πνοῆς·
3423 2840 3513 2894 ἵνα
3565 2838 3641 2910 μὴ

2065 2933 2325 3004 αἰσθητόν
2381 2949 2434 2986 τι
2487 2933 2616 3005 περὶ
2647 2934 2742 2986 τοῦ
2775 2932 3096 3004 Πνεύματος
3135 2933 3352 3002 νοήσῃς.
3385 2931 3499 2984 Οὐκ
3533 2931 3642 3000 ἄρα

2065 3007 2253 3089 ἁπλώς
2277 3010 2478 3095 ’ἄνεμος
2495 3019 2586 3095 ἦν,
2609 3024 2732 3078 οὐδὲ
2762 3022 2871 3095 πῦρ
2896 3063 2911 3088 ,
2941 3023 3079 3077 ἀλλὰ
3122 3021 3183 3074 τδ
3237 3021 3392 3088 ἅγιον
3416 3019 3642 3089 Πνεῦμα

2065 3117 2300 3173 ἐνταῦθα
2322 3117 2759 3187 ἐπιφαινόμενον.
2782 3115 2979 3168 Σκόπει
2998 3115 3054 3167 δέ
3076 3116 3156 3168 ὅτι
3177 3113 3263 3166 ὅτε
3289 3113 3386 3183 μὲν
3417 3109 3640 3181 Ἰωάννῃ

2068 3210 2176 3263 ἔδει
2218 3211 2238 3242 ⁸
2265 3210 2325 3262 τὸ
2363 3206 2587 3277 Πνεῦμα
2626 3206 3018 3279 γνωρισθῆναι,
3055 3206 3245 3278 ἐχρῆν,
3277 3204 3410 3258 ὡσεὶ
3442 3203 3553 3275 πῦρ
3594 3202 3638 3257 ⁷.

2081 3301 2331 3357 Ἐκάθισέ
2352 3316 2410 3353 τε
2449 3296 2536 3368 ἐφ’
2559 3300 2655 3353 ἕνα
2670 3298 2897 3353 ἕκαστον
2928 3298 3128 3353 αὐτῶν.
3161 3298 3419 3351 Τουτέστι
3440 3311 3455 3325 °
3495 3311 3638 3364 παρ-

2068 3395 2304 3466 έμεινεν,
2337 3392 2773 3445 ἐπανεπαύσοιτο.
2812 3389 2885 3443 Τὸ
2915 3391 3023 3460 γάρ
3052 3387 3273 3443 καθίσαι
3301 3386 3395 3441 τοῦ
3425 3384 3640 3457 ἐδραίου

2070 3486 2404 3559 σημαντικὸν
2457 3486 2551 3539 καὶ
2608 3484 2703 3538 τοῦ
2743 3485 2945 3553 μεῖναι.
2993 3480 3117 3536 Ἐπὶ
3160 3481 3312 3546 τίνας
3338 3479 3396 3533 δὲ
3419 3478 3641 3534 ἐκάθισε

2067 3582 2128 3635 τὸ
2163 3579 2407 3650 Πνεῦμα,
2441 3578 2536 3630 ἐπὶ
2589 3576 2715 3639 τοὺς
2762 3573 2828 3645 ιβ’
2884 3577 3078 3646 μόνον,
3105 3573 3141 3644 ἦ
3209 3574 3301 3628 ἐπὶ
3346 3573 3473 3636 τοὺς
3524 3568 3638 3642 ρκ’;

2068 3674 2320 3745 Δηλονότι
2360 3672 2452 3724 ἐπὶ
2483 3671 2709 3732 πάντας.
2742 3668 2818 3722 Οὐ
2867 3669 2972 3739 γάρ
3012 3667 3077 3722 ἂν
3130 3665 3316 3730 ἁπλῶς
3348 3664 3642 3735 παρήγαγε

2066 3766 2161 3819 τὸν
2195 3763 2479 3834 προφήτην
2525 3762 2552 3814 ὁ
2593 3760 2798 3831 Πέτρος
2852 3759 3064 3828 λέγων’
3100 3758 3209 3811 Καὶ
3236 3754 3388 3810 ἔσται
3422 3757 3482 3808 ἐν
3518 3756 3642 3818 ταῖς

2068 3854 2323 3926 ἐσχάταις
2354 3852 2590 3924 ἡμέραις
2612 3895 2628 3918 ,
2661 3849 2836 3921 ἐκχεῶ
2868 3848 2980 3903 ἀπὸ
3033 3847 3125 3902 τοῦ
3176 3844 3497 3916 Πνεύματός
3537 3861 3640 3914 μου

2068 3948 2160 4000 ἐπὶ
2218 3947 2397 4000 πᾶσαν
2452 3944 2649 4014 σάρκα.
2713 3941 2821 3995 Καὶ
2876 3941 2975 4011 οὐχ
3024 3937 3212 4002 ἁπλῶς
3249 3938 3479 4002 ἔλαϐον,
3524 3934 3673 4018 anc,

2068 4039 2419 4109 ἐπλήσθησαν
2440 4053 2454 4068 ο
2494 4037 2587 4090 καὶ
2617 4034 2877 4097 ἅπαντες,
2919 4034 3081 4102 φησιν
3102 4049 3116 4064 ·
3141 4033 3241 4103 οὐχ
3272 4030 3322 4084 0i
3356 4027 3643 4083 ἀπόστολοι

2073 4130 2255 4201 μόνον.
2282 4128 2483 4183 Σκόπει
2503 4126 2582 4191 δὲ,
2609 4127 2734 4180 ὅταν
2763 4141 3073 4196 προσκαρτε
3085 4120 3217 4192 ρῶσι
3249 4126 3315 4194 τῇ
3360 4122 3639 4193 προσευχῇ

2069 4225 2164 4279 καὶ
2187 4225 2252 4296 τῇ
2282 4220 2494 4290 δεήσει,
2519 4221 2647 4274 ὅταν
2669 4221 2890 4289 ἀγάπην
2917 4219 3103 4290 ἔχωσι,
3155 4217 3278 4272 τότε
3313 4219 3375 4271 τὸ
3418 4215 3644 4285 Πνεῦμα

2070 4315 2452 4387 παραγίνεται.
2480 4311 2577 4366 Διὰ
2612 4312 2666 4364 τί
2715 4306 2792 4364 δὲ’
2818 4311 2877 4363 ἐν
2929 4310 3060 4364 εἴδει
3103 4310 3274 4381 πυρὸς
3305 4308 3497 4379 Cleon;
3525 4309 3642 4360 Ἱνα

2066 4402 2216 4478 δείξῃ
2236 4447 2250 4467 ,
2278 4404 2359 4457 ὅτι
2387 4405 2485 4472 τῆς
2514 4402 2681 4473 αὐτῆς
2714 4402 2862 4456 ἐστιν
2892 4400 3079 4464 οὐσίας
3100 4399 3194 4453 τοῦ
3219 4398 3474 4470 ὀφθέντος
3503 4399 3525 4431 ⁸
3549 4397 3643 4450 ἐπὶ

388 4485 609 4555 pliciter
634 4491 1005 4556 acceperunt,
1038 4484 1134 4540 sed
1164 4484 1357 4554 repleti
1411 4495 1559 4540 sunt.
1609 4483 1697 4552 Et,
1747 4500 1958 4552 omnes,

2065 4497 2164 4567 τῆς
2205 4494 2367 4565 βάτου
2404 4495 2459 4546 ἐν
2494 4494 2622 4547 εἴδει
2648 4494 2838 4564 πυρός.
2878 4493 2988 4545 Καὶ
3033 4490 3259 4546 ἐκάθισε
3292 4491 3390 4561 μὲν
3422 4490 3516 4543 tati.
3542 4488 3641 4559 τὴν

390 4575 590 4646 inquit,
655 4590 765 4628 non
819 4576 1051 4643 apostoli
1079 4575 1202 4630 soli.
1273 4572 1515 4630 Observa
1558 4585 1956 4643 autem:,cum

388 4666 771 4721 incumberent
795 4664 1030 4719 orationi
1051 4679 1115 4719 ac
1142 4664 1476 4733 precationi:
1507 4682 1632 4723 cum
1666 4666 1960 4725 dileCtione

387 4753 601 4827 praediti
626 4761 845 4810 essent:
883 4761 1012 4806 tunc
1037 4753 1274 4824 Spiritus
1303 4756 1535 4813 accedit.
1596 4757 1702 4814 Sed
1762 4773 1864 4813 cur
1899 4760 1953 4814 in

393 4842 580 4914 specie
602 4842 746 4915 ignis
798 4843 1087 4913 apparuit?
1130 4843 1202 4900 Ut
1246 4846 1562 4904 ostenderet
1609 4864 1675 4904 se
1713 4849 1958 4919 ejusdem

387 4951 512 4994 esse
539 4945 747 4991 natura:
788 4949 914 4991 cum
944 4935 1058 5002 illo,
1100 4936 1190 5008 qui
1223 4952 1392 5010 super
1443 4940 1636 4995 rubum
1676 4941 1830 4997 visus
1877 4951 1962 4997 est

386 5029 445 5087 in
474 5029 657 5100 specie
678 5028 841 5102 ignis.
862 5029 943 5084 Ac
971 5017 1110 5084 sedit
1134 5028 1349 5100 quidem
1374 5045 1539 5099 super
1562 5039 1746 5101 caput,
1767 5047 1956 5086 verum

385 5131 543 5181 totus
579 5123 743 5180 homo
805 5123 1047 5194 repletus
1079 5130 1184 5178 est.
1246 5121 1543 5178 Videbatur
1589 5124 1733 5178 enim
1794 5139 1961 5194 super

388 5224 558 5291 caput
586 5216 807 5273 illorum
838 5215 1004 5287 ignis,
1033 5229 1137 5269 non
1179 5215 1531 5279 comburens,
1582 5215 1675 5270 sed
1708 5217 1955 5272 sanctiﬁ-

2066 4585 2329 4654 κεφαλὴν,
2352 4584 2461 4638 ἀπὸ
2499 4582 2556 4636 δὲ
2589 4584 2686 4654 τῆς
2715 4583 2957 4654 κεφαλῆς
2979 4581 3274 4653 ἐπληρώθη
3304 4584 3333 4635 ὁ
3357 4580 3642 4653 ἄνθρωπος

2065 4678 2183 4740 ὅλος
2203 4692 2217 4705 ο
2259 4671 2328 4745 ἧν
2347 4675 2455 4746 γὰρ
2488 4675 2617 4729 ἰδεῖν
2648 4676 2788 4745 ὑπὲρ
2815 4674 2916 4744 τῆς
2944 4668 3182 4745 κεφαλῆς
3204 4672 3381 4728 αὐτῶν
3413 4671 3548 4742 πῦρ,
3579 4672 3641 4725 ού

2066 4770 2240 4833 καῖον,
2273 4765 2387 4820 ἀλλ’
2423 4765 2650 4835 ἁγιάζον
2688 4766 2783 4820 καὶ
2834 4764 3217 4836 καταλάμπον.
3250 4764 3349 4819 Διὰ
3370 4764 3423 4818 τί
3447 4764 3505 4818 δέ
3543 4764 3643 4824 τὰς

2068 4857 2319 4926 γλώσσας
2349 4859 2452 4912 οὐκ
2486 4858 2579 4912 ἐπὶ
2612 4857 2707 4911 τοῦ
2752 4858 3041 4929 στόματος,
3074 4858 3190 4912 ἀλλ’
3224 4858 3318 4911 ἐπ’.
3346 4861 3443 4928 τῆς
3474 4874 3643 4926 κεφα-

2066 4950 2164 5019 λῆς
2203 4950 2485 5016 ἐδέξαντο;
2522 4951 2636 5003 Οὐκ
2671 4952 2748 5013 είς
2782 4950 2881 5020 τὴν
2932 4950 3205 5019 γλῶσσαν,
3249 4938 3529 5005 τουτέστιν
3561 4950 3642 5013 είς

2066 5039 2126 5092 τὸ
2155 5040 2256 5110 τῆς
2284 5039 2500 5109 φύσεως
2532 5039 2765 5110 ὄργανον
2795 5038 2950 5109 ἐδόθη
2976 5041 3037 5093 τὸ
3059 5039 3285 5111 Πνεῦμα
3304 5057 3317 5069 ·
3338 5039 3426 5093 ἴνα
3452 5041 3526 5110 μὴ
3556 5055 3643 5091 νο-

2069 5129 2336 5199 μισθῶσιν
2367 5133 2433 5183 ἐκ
2494 5130 2604 5184 τῶν
2648 5129 2793 5185 ἰδίων
2857 5130 3100 5200 λαγόνων
3141 5131 3236 5186 καὶ¹
3268 5132 3333 5184 ἐκ
3379 5127 3473 5183 τοῦ
3508 5127 3640 5182 ἰδίου

2063 5222 2331 5293 στόματος
2369 5223 2667 5293 προφέρειν
2718 5224 2763 5278 ἂι
2813 5222 2888 5296 μὴ
2936 5219 3081 5295 εἶχον
3108 5239 3121 5255 ο
3166 5223 3281 5278 ἀλλ’
3340 5222 3530 5293 ὥσπερ
3562 5221 3642 5284 εἰς

1575 5332 1777 5395 Variae
1817 5334 2127 5403 lectiones
2159 5347 2219 5401 et
2250 5347 2443 5403 notae.

484 5442 513 5507 ’γ
532 5441 824 5507 τηνκρναὶ.
862 5506 869 5507 7
899 5436 928 5470 ’³
956 5430 1403 5507 προσαγαγέσθαι
1430 5442 1567 5497 erat,
1614 5434 1663 5507 _‘
1698 5436 1809 5507 ἴση,
1839 5438 2031 5507 τισίν.·

279 5518 286 5526 ‘
387 5500 625 5581 mutilus.
653 5503 766 5560 Hoc
788 5500 1072 5581 eninrve'Ue
1087 5500 1261 5557 dicere
1290 5500 1525 5556 videtur:
1551 5523 1577 5581 ⁸ι
1603 5503 1824 5581 Quando
1851 5505 2084 5581 Joannes
2112 5500 2319 5581 quidem
2348 5511 2479 5565 vidit
2511 5511 2791 5579 Spiritum,
2850 5514 2979 5565 vidit
3015 5522 3263 5581 tanquam
3302 5500 3598 5581 coiuntlgqm
3619 5517 3638 5555 ε

2080 5442 2101 5471 ⁸
2129 5441 2239 5505 ῖσ.,
2266 5442 2382 5496 καί.
2463 5443 2482 5473 θ
2509 5442 2594 5495 id.
2629 5436 2759 5495 εἶδε.
2840 5444 2859 5474 ⁷
2886 5442 3056 5495 Locus
3085 5441 3236 5496 valde
3282 5446 3561 5502 corruptus
3587 5442 3640 5487 et

388 5574 639 5651 apostolis
672 5585 855 5651 a_ut_em_
876 5574 1031 5651 illum
1077 5586 1331 5642 apparere
1360 5573 1631 5639 oportebat
1666 5576 1717 5629 in
1748 5578 1916 5643 specie
1962 5573 2145 5649 ignis}
2194 5599 2211 5629 ι
2252 5591 2407 5648 atque
2460 5573 2738 5635 ita-multa
2779 5573 3061 5651 defuerint.
3118 5573 3160 5611 ’⁸
3203 5581 3287 5633 ίσ.
3312 5579 3392 5648 τῷ
3417 5575 3643 5646 ὀφθέντι

386 5651 502 5706 aut,
529 5644 597 5712 τῇ
633 5642 724 5696 τοῦ
755 5642 1036 5711 ὀφθέντος.

462 5759 487 5799 ⁸
515 5756 681 5814 Locus
725 5766 1001 5825 corruptus
1057 5761 1205 5817 valde
1232 5771 1279 5815 rt
1321 5764 1551 5818 mutit'us.
1630 5768 1652 5804 ιι
1688 5765 1853 5822 Locus
1888 5770 2009 5823 item
2058 5777 2353 5837 corruptus.
