4068 6210
409 329 518 393 533

1162 330 1570 392 EXPOSITIO
1609 331 1692 393 IN
1731 333 1919 394 ACTA
1948 333 2522 403 APOSTOLORUM.
2558 366 2626 376 -·
2651 344 2807 406 CAP.
2844 346 2926 407 II.

3550 342 3677 435 ,δτι

408 439 641 510 οὐρανὸν
702 440 771 493 τὰ
817 440 982 495 ὕδατα
1004 439 1418 513 λαμϐανόμενα,
1449 442 1548 507 τὰς
1596 444 1842 513 κορυφὰς
1882 442 1993 497 τῶν

2096 458 2229 503 cans
2256 455 2305 502 et
2340 448 2676 505 iliutninans.
2711 452 2822 506 Cur
2846 454 2973 507 item
3024 452 3238 525 linguas
3287 468 3393 510 non
3450 453 3504 507 in
3544 469 3663 517 ore,

408 532 582 601 ὀρέων
612 533 1088 604 καταλαμϐάνουσι
1113 571 1131 601 ,
1153 535 1250 588 καὶ
1278 535 1386 590 ἀπὸ
1410 535 1520 589 τῶν
1545 536 1857 606 ύψωμάτων
1893 536 1989 589 ἐπὶ

409 620 510 684 τὰς
564 622 858 691 φάραγγας
909 625 1346 696 καταφέρονται·
1382 624 1525 681 οὕτω
1575 626 1673 697 τὴν
1719 628 1983 697 κορυφὴν,

410 712 486 773 ὡς
545 711 675 782 ὅρος
722 714 1220 784 καταλαμϐάνουσα
1265 719 1299 788 ἡ
1324 717 1417 772 τοῦ
1453 718 1772 786 Πνεύματος
1803 719 1985 790 χάρις,

408 804 793 873 ὲπεχορήγησε
819 804 1007 860 λοιπὸν
1026 807 1133 862 ἀπὸ
1160 809 1260 877 τῆς
1284 809 1527 879 κορυφῆς
1552 808 1630 878 τῷ
1664 809 1986 880 ἐγκεφάλῳ.

411 891 532 949 εἶτα
558 896 636 967 τῷ
671 896 905 966 στόματι
936 898 1031 952 καὶ
1079 901 1146 970 τῇ
1200 899 1431 971 καρδίᾳ,
1473 901 1568 955 καὶ
1605 899 1724 953 ὅλον
1766 899 1832 955 δι’
1863 900 1987 955 ὅλου

409 987 503 1039 τὸν
540 986 826 1057 ἄνθρωπον
863 987 1180 1059 ἐπλήρωσεν
1235 988 1344 1044 ἀπὸ
1372 990 1468 1057 τῆς
1505 990 1769 1061 κεφαλῆς.
1805 992 1904 1046 Διὰ
1932 992 1989 1045 τι

407 1077 466 1129 δὲ
532 1077 693 1131 πάλιν
743 1079 837 1131 ἐπὶ
894 1078 994 1149 τὴν
1040 1081 1321 1151 κεφαλήν;
1351 1080 1572 1149 Ἐπειδὴ
1597 1083 1649 1134 οἰ
1697 1083 1989 1140 ἀπόστολοι

411 1169 848 1238 ὲχειροτονοῦντο
905 1171 1007 1241 τῆς
1037 1173 1364 1244 οἰκουμένης
1418 1173 1747 1228 διδάσκαλοι.
1798 1174 1992 1243 Χειρο-

409 1262 562 1314 τονία
589 1260 644 1314 δὲ
674 1262 858 1326 ἁπλῶς
912 1264 974 1317 ού
1028 1263 1262 1333 γίνεται,
1297 1266 1347 1319 εἰ
1413 1267 1488 1336 μὴ
1537 1267 1596 1320 ὲν
1641 1268 1707 1334 τῇ
1750 1264 1984 1336 κεφαλῇ.

410 1353 486 1406 Τὸ
510 1349 606 1406 οὖν
636 1353 734 1418 τὰς
769 1354 1019 1422 γλώσσας
1044 1355 1138 1408 ἐπὶ
1157 1355 1268 1409 τῶν
1288 1357 1541 1427 κεφαλῶν
1587 1352 1726 1412 εἶναι
1747 1358 1989 1412 δείκνυσι

411 1446 752 1516 χειροτονίας
791 1448 1001 1519 σχῆμα.
1036 1448 1209 1520 ’Υπὲρ
1239 1451 1339 1518 τῆς
1362 1451 1608 1521 κεφαλῆς
1637 1452 1747 1521 γάρ
1780 1451 1987 1505 τίθεται

413 1538 447 1606 ἡ
505 1540 842 1607 χειροτονίαο
908 1539 1091 1605 καθὼς
1152 1541 1250 1595 καὶ
1292 1542 1399 1605 ἓως
1449 1543 1547 1597 νῦν
1598 1543 1874 1613 ἐκράτησε
1926 1542 1990 1595 τὸ

412 1630 668 1695 πρᾶγμα.
722 1630 942 1700 Ἐπειδὴ
994 1630 1101 1701 γάρ
1147 1631 1381 1701 ἀόρατός
1431 1633 1579 1686 ἐστιν
1614 1634 1659 1703 ἡ
1705 1632 1801 1686 τοῦ
1831 1633 1989 1701 ἁγίου

413 1722 732 1791 ἷινεύματος
786 1724 1147 1795 ἐπιφοίτησις,
1192 1725 1494 1779 ἐπιτίθεται
1533 1728 1598 1796 τῇ
1632 1726 1842 1797 κεφαλῇ
1891 1725 1987 1779 τοῦ

2095 538 2190 593 sed
2221 540 2274 594 in
2299 542 2479 611 capite
2499 555 2830 615 acceperunt
2855 546 2880 598 ?
2908 545 3026 601 Non
3054 547 3107 600 in
3135 547 3399 617 linguam,
3429 545 3530 600 hoc
3555 553 3665 611 est,

2097 631 2149 683 in
2184 632 2318 686 illud
2345 633 2775 691 instrumentum
2801 646 3011 693 natura
3054 639 3217 694 datus
3254 647 3341 694 est
3388 639 3664 710 Spiritus:

2094 735 2165 774 ne
2192 722 2644 779 existimarentur
2672 741 2766 781 ex-
2795 728 2913 783 suis
2944 727 3207 784 lateribus
3259 736 3314 782 et
3346 743 3409 781 ex
3446 743 3548 784 suo
3571 743 3668 782 ore

2096 809 2365 878 proferre,
2392 828 2514 882 quae
2540 827 2650 868 non
2683 814 2975 879 habebant,
2999 816 3093 871 sed
3122 814 3580 886 quemadmodum
3608 817 3665 870 in

2095 902 2319 968 cmlum,
2343 917 2469 958 cum
2497 918 2653 974 aqua:
2685 906 3069 976 suscipiuntur
3118 907 3387 961 montium
3431 908 3667 964 vertices

2095 1002 2389 1064 occupant,
2441 1004 2495 1051 et
2526 1011 2557 1050 a
2612 998 3022 1053 summitatibus
3052 997 3376 1053 deferuntur
3427 998 3480 1053 in
3534 1015 3666 1053 eon-

2096 1086 2309 1141 valles:
2343 1087 2533 1144 eodem
2565 1089 2728 1145 modo
2776 1091 2953 1161 gratia
3007 1091 3244 1160 Spiritus
3282 1093 3571 1160 verticem,
3608 1103 3666 1147 ut

2097 1188 2333 1234 montem
2382 1194 2681 1251 occupans,
2743 1182 2812 1237 de
2855 1183 3061 1237 vertice
3119 1183 3382 1253 deinceps
3437 1185 3668 1239 cerebro

2096 1270 2495 1339 suppeditavit,
2529 1271 2729 1327 deinde
2755 1273 2840 1327 ori
2869 1282 2923 1329 et
2952 1273 3127 1339 cordi,
3163 1283 3217 1329 et
3244 1282 3418 1329 totum
3447 1277 3668 1344 penitus

2096 1358 2369 1414 hominem
2399 1376 2430 1415 a
2454 1362 2632 1431 capite
2659 1363 2907 1432 replevit.
2935 1362 3040 1418 Sed
3076 1379 3196 1430 cur,
3230 1365 3473 1435 inquam,
3502 1381 3669 1435 super

2095 1453 2306 1522 caput?
2337 1452 2475 1520 Quia
2498 1456 2731 1526 apostoli
2759 1455 2911 1512 orbis
2943 1465 3216 1512 terrarum
3243 1458 3495 1513 doctores
3520 1458 3668 1513 desi-

2096 1544 2410 1610 gnabantur
2443 1553 2499 1601 et
2534 1547 2954 1602 ordinahantur.
2983 1547 3300 1618 Designatio
3324 1558 3529 1614 autem,
3566 1565 3664 1606 seu

2097 1634 2372 1691 ordinatio
2406 1637 2730 1707 simpliciter
2762 1652 2868 1691 non
2908 1636 2986 1701 iit,
3024 1638 3130 1692 nisi
3180 1639 3232 1692 in
3264 1639 3465 1709 capite.
3492 1639 3667 1707 igitur

2099 1743 2194 1799 per
2224 1728 2348 1794 hoc,
2375 1730 2521 1799 quod
2550 1729 2746 1799 linguae
2798 1737 2959 1783 erant
2989 1743 3158 1799 super
3190 1731 3390 1799 capita,
3419 1732 3666 1788 ostendi-

418 1809 704 1880 μέλλοντος
738 1812 1161 1882 χειροτονεῖσθαι
1193 1814 1493 1885 ἀρχιερέως
1522 1814 1587 1868 τὸ
1625 1815 1990 1883 Εὐαγγέλιον,

2096 1830 2189 1876 tur
2210 1821 2383 1892 ﬁgura
2428 1820 2812 1876 ordinationis.
2864 1822 3043 1892 Super
3086 1831 3251 1891 caput
3303 1822 3450 1877 enim
3499 1838 3665 1878 manu

413 1903 509 1955 καὶ
538 1903 666 1956 ὅταν
691 1904 939 1978 ὲπιτεθῇ,
996 1905 1152 1959 οὐδὲν
1207 1907 1336 1962 ἄλλο
1368 1907 1520 1963 ἔστιν
1572 1908 1719 1973 ἰδεῖν,
1750 1908 1785 1979 ἢ
1818 1909 1995 1976 γλῶσ-

417 2009 517 2044 σαν
543 1993 737 2064 πυρὸς,
768 1995 1126 2066 ἐπικειμένην
1148 2000 1212 2068 τῇ
1253 1997 1462 2068 κεφαλῇ
1499 1998 1772 2067 γλῶσσαν,
1813 1998 1902 2053 διὰ
1926 1998 1993 2052 τὸ

415 2083 679 2154 κήρυγμα
707 2084 898 2156 πυρὸς,
921 2086 1010 2141 διὰ
1028 2087 1119 2140 τὸν
1148 2087 1376 2155 λέγοντα
1392 2104 1407 2119 ο
1434 2089 1558 2157 Πῦρ
1582 2085 1995 2158 ἦλθονβαλεῖν

415 2174 515 2228 ἐπὶ
548 2175 664 2244 τὴν
684 2175 819 2246 γῆν.
846 2178 962 2232 υύκ
993 2173 1113 2232 εἶπε
1147 2178 1225 2245 δὲ,
1266 2179 1531 2251 ήδράσθη,
1563 2180 1597 2252 ἢ
1629 2182 1992 2253 κατήντησεν,

414 2266 554 2331 ἀλλ’,
586 2267 861 2337 ἐκάθισεν,
882 2270 1021 2335 οὐδὲ,
1049 2271 1405 2337 ἐπεπόλασεν,
1447 2272 1585 2340 ἀλλ’,
1608 2272 1861 2327 ἐκάθισεν
1895 2275 1994 2327 ἔπ-

416 2362 557 2412 ἁνω’
587 2360 677 2414 ἵνα
704 2359 857 2433 δείξῃ
892 2362 976 2415 ὄτι
1008 2364 1115 2426 πᾶς
1148 2364 1289 2434 ἀνὴρ
1316 2364 1600 2434 δεχόμενος
1632 2363 1993 2435 λειτουργίαν,

417 2451 604 2523 θρόνος
633 2454 751 2506 ἐστὶ
781 2455 938 2510 Θεοῦ.
968 2457 1079 2509 Kal
1107 2457 1343 2527 ἡρξαντο
1380 2457 1562 2511 λαλεῖν
1581 2458 1795 2528 ἑτέραις
1813 2457 1995 2526 γλώσ-

415 2560 560 2608 σαις.
610 2544 676 2600 Ἦ
706 2545 797 2600 τοῦ
829 2546 966 2600 Θεοῦ
1000 2549 1160 2620 χάρις
1180 2550 1531 2621 ᾠκονόμησεν
1560 2550 1657 2603 ἀπ’
1677 2549 1853 2621 ἀρχῆς
1880 2552 1994 2612 τοῖς

415 2641 738 2705 ἀποστόλοις
770 2643 1087 2714 ἔμπρακτον
1116 2640 1364 2699 εἷναιτὺν
1381 2643 1559 2714 λόγον.
1584 2645 1681 2708 Τίς
1697 2646 1807 2716 γὰρ
1836 2644 1995 2716 χρεία

413 2723 484 2798 ἦν
512 2730 791 2801 κηρύκων,
840 2733 948 2785 τῶν
975 2734 1282 2788 ἀκουόντων
1318 2735 1420 2789 οὐκ
1461 2735 1669 2801 δντωνς
1716 2736 1872 2789 Ἐπεὶ
1896 2732 1993 2788 οῦν

415 2821 583 2893 ἔχρῆν
608 2823 708 2892 τὴν
751 2825 1006 2896 ἀπαρχὴν
1047 2826 1156 2880 τῶν
1181 2826 1350 2880 ὲθνῶν
1384 2827 1442 2893 ἐξ
1471 2827 1653 2880 αὐτῶν
1678 2826 1788 2881 τῶν
1813 2844 1996 2898 προοιο

419 2913 558 2982 μίων
584 2913 737 2980 τάξιν
757 2914 964 2981 λαϐεῖν,
984 2918 1180 2986 ἐπάγει
1205 2920 1233 2972 ὁ
1252 2918 1621 2989 συγγραφεὺς,
1638 2920 1746 2972 Kal
1764 2918 1996 2989 ἤρξαντο

416 3005 596 3060 λαλεῖν
625 3007 843 3080 ἑτέραις
874 3007 1167 3078 γλώσσαις.
1221 3010 1378 3074 Τίνος
1405 3011 1462 3063 δὲ
1493 3010 1702 3075 ἕνεκεν,
1748 3010 1854 3081 πρὸ
1876 3010 1997 3065 σῶν

415 3096 591 3150 ἄλλων
619 3100 997 3169 χαρισμάτων,
1023 3101 1086 3154 τδ
1117 3101 1229 3156 τῶν
1256 3101 1518 3170 γλωσσῶν
1547 3101 1737 3156 ἔλαϐον
1774 3104 1824 3155 οἰ
1856 3102 1991 3156 ἁπό-
2016 3135 2060 3194 c

415 3189 633 3255 στολοι;
662 3190 883 3260 Ἐπειδὴ
938 3193 1214 3263 πανταχοῦ
1251 3192 1562 3264 διέρχεσθαι
1613 3193 1860 3264 ἔμελλον,
1897 3197 1991 3249 καὶ

412 3282 603 3351 ὥσπερ
632 3284 690 3334 ἐν
728 3282 805 3353 τῷ
844 3284 1019 3355 καιρῷ
1048 3285 1145 3352 τῆς
1185 3286 1548 3356 πυργοποιίας
1579 3287 1610 3356 ἡ
1656 3287 1752 3357 μία
1777 3286 1993 3355 γλῶττα

414 3372 496 3436 εἰς
534 3373 735 3438 πολλάς
761 3375 1091 3446 διετέμνετο,
1126 3357 1270 3431 οξτο)
1291 3381 1412 3432 τότε
1442 3380 1498 3432 αἰ
1522 3379 1715 3434 πολλαὶ
1750 3370 2016 3446 γλῶσσαι

416 3464 496 3527 εἰς
524 3464 621 3518 ἱνα
657 3465 947 3537 ἄνθρωπον
992 3468 1186 3539 ᾔεσαν,
1225 3470 1320 3522 καὶ
1353 3469 1382 3522 ὁ
1417 3471 1578 3533 αὐτὸς
1614 3471 1710 3526 καὶ
1751 3472 1817 3542 τῇ
1851 3471 1993 3540 Περι-

419 3556 551 3622 σῶν,
583 3559 677 3612 καὶ
711 3562 778 3629 τῇ
823 3560 1136 3632 Ῥωμαίων,
1171 3563 1268 3615 καὶ
1295 3565 1364 3633 τῇ
1414 3562 1615 3625 Ἰνδῶν,
1651 3563 1742 3616 καὶ
1774 3562 1993 3634 ἑτέραις

416 3650 639 3715 πολλαῖς
663 3650 935 3720 διελέγετο
954 3650 1247 3721 γλώσσαις,
1280 3653 1376 3708 τοῦ
1399 3653 1715 3723 Πνεύματος
1737 3655 1992 3725 ὲνηχοῦν-

417 3761 509 3808 τος
545 3744 714 3814 αὐτῷ.
746 3744 856 3799 Kal
904 3747 964 3798 τὸ
989 3744 1237 3816 χάρισμα
1263 3746 1512 3800 ἑκαλεῖτο
1543 3746 1790 3815 χάρισμα
1819 3745 1994 3813 γλωτ-

415 3829 542 3891 τῶν,
583 3830 775 3902 ἐπειδὴ
821 3831 1045 3896 πολλαῖς
1106 3832 1301 3902 ἀθρόον
1339 3833 1607 3903 ἠδύναντο
1650 3832 1831 3888 λαλεῖν
1879 3849 1993 3901 φω-

418 3924 557 3987 ναῖς,
578 3922 760 3986 καθὼς
781 3924 843 3978 τὸ
873 3922 1101 3995 Πνεῦμα
1115 3923 1288 3994 ,ἐδίδου
1317 3925 1983 3994 αύτοίςάποφθέγγεσθαι.

418 4014 493 4066 03
530 4014 637 4084 γάρ
664 4015 757 4083 ἀφ’
790 4014 1001 4067 ἑαυτῶν
1032 4014 1383 4082 ἐφθέγγοντο,
1417 4016 1532 4068 ἀλλ’
1566 4016 1674 4070 ἀπὸ
1704 4015 1800 4070 τοῦ
1832 4017 1991 4084 ἁγίου

416 4106 735 4176 Πνεύματος
794 4107 1207 4177 ἀπεφθέγγοντο
1267 4108 1703 4178 προφητεύοντες
1727 4148 1743 4174 ,
1800 4111 1991 4181 ήγουν,

420 4198 701 4264 συνιέντες
727 4200 822 4255 καὶ
847 4199 1095 4269 λέγοντες
1126 4199 1197 4254 τά
1217 4199 1307 4253 διὰ
1334 4200 1442 4256 τῶν
1484 4202 1656 4272 ἁγίων
1701 4203 1998 4274 προφητῶν

417 4295 511 4349 ἐπὶ
530 4294 752 4366 Χριστῷ
779 4295 1073 4368 μαρτύρια.

2092 1922 2319 1970 extensa
2348 1914 2526 1983 posita
2565 1913 2840 1968 ordinatio
2876 1912 2953 1967 iit.
2994 1910 3469 1980 Quemadmodum
3500 1916 3669 1971 etiam

2094 2006 2159 2060 ad
2187 2006 2289 2060 hoc
2315 2018 2493 2075 usque
2528 2012 2743 2075 tempus
2770 2016 2857 2059 res
2890 2004 3148 2060 obtinuit.
3208 2003 3664 2076 Quandoquidem

2093 2095 2240 2150 enim
2271 2094 2568 2151 invisibilis
2619 2102 2705 2150 est
2741 2094 2916 2148 sancti
2963 2092 3197 2163 Spiritus
3243 2110 3522 2162 accessus,
3568 2098 3670 2149 im-

2093 2186 2322 2256 ponitur
2358 2185 2527 2255 capiti
2592 2183 2883 2239 ordinandi
2940 2185 3217 2252 pontiiicis
3269 2183 3663 2255 Evangeliutn:

2092 2274 2239 2347 quod
2275 2290 2401 2330 cum
2443 2275 2606 2328 fuerit
2655 2273 2997 2342 impositum,
3042 2270 3182 2326 nihil
3235 2273 3387 2326 aliud
3422 2273 3660 2338 videtur,

2094 2382 2257 2437 quam
2294 2366 2477 2435 lingua
2515 2366 2673 2435 ignea
2706 2362 2954 2419 insidens
2975 2363 3141 2432 capiti
3170 2363 3414 2433 :lingua,
3444 2373 3670 2434 propter

2096 2456 2582 2528 praedicationem:
2630 2455 2787 2524 ignea
2825 2465 3051 2525 propter
3100 2469 3247 2521 eum,
3292 2455 3382 2525 qui
3418 2455 3666 2511 dicebat:

2100 2569 2119 2602 ι
2144 2548 2325 2619 Ignem
2353 2547 2470 2602 ueni
2508 2555 2564 2600 ut
2604 2546 2811 2599 mittant
2829 2547 3117 2614 inﬂet-ram.
3134 2566 3152 2600 ι
3174 2544 3290 2602 Non
3308 2546 3445 2603 dixit
3464 2558 3666 2614 autem,

2095 2642 2382 2696 Fundatus
2398 2655 2492 2695 seu
2524 2638 2828 2696 collocatus
2853 2646 2974 2694 est:
3007 2649 3121 2705 aut,
3156 2637 3446 2695 Descendit
3466 2646 3520 2695 et
3546 2655 3668 2707 per»

2096 2733 2277 2788 venit:
2303 2732 2421 2799 sed,
2452 2730 2735 2798 Consedit,
2772 2745 2950 2801 neque
2996 2732 3052 2786 in
3094 2730 3383 2801 superﬁcie
3427 2729 3663 2795 exstitit,

2092 2834 2148 2883 et
2178 2826 2335 2896 quasi
2369 2826 2616 2887 emicuit,
2656 2824 2752 2881 sed
2778 2824 2917 2883 sedit
2954 2839 3149 2895 supra:
3179 2826 3284 2895 22
3320 2832 3378 2879 ιιι
3408 2824 3668 2881 ostende-

2096 2928 2200 2984 ret,
2235 2916 2488 2989 quemvis
2545 2917 2849 2980 hominem,
2898 2914 2991 2986 qni
3045 2914 3282 2985 alicujus
3327 2913 3572 2969 muneris
3615 2922 3670 2968 ct

2094 3011 2279 3081 operis
2308 3009 2844 3065 administrationem
2899 3015 3065 3077 atque
3114 3006 3455 3063 sanctionem
3492 3005 3672 3062 susci-

2097 3103 2200 3174 pit,
2235 3116 2360 3158 esse
2395 3101 2593 3157 solium
2643 3099 2759 3158 Dei.
2810 3098 2876 3152 Et
2913 3104 3200 3166 cmpernnt
3236 3096 3384 3168 loqui
3434 3096 3672 3154 diversis

2098 3195 2322 3267 linguis.
2344 3194 2539 3248 Divina
2561 3195 2734 3263 gratia
2756 3192 2828 3246 ab
2863 3190 3021 3245 initio
3041 3188 3313 3259 disposuit
3343 3197 3398 3243 et
3444 3189 3671 3245 ordina-

2097 3288 2194 3352 vit,
2233 3296 2291 3341 ut
2324 3285 2696 3356 apostolorum
2731 3298 2911 3339 sermo
2934 3280 3121 3337 eﬂicax
3144 3289 3313 3337 esset.
3342 3278 3481 3347 Quis
3516 3280 3664 3334 enim

2100 3394 2234 3433 usus
2256 3384 2400 3433 esset
2436 3389 2770 3446 praeconum,
2823 3373 2868 3428 si
2901 3371 3084 3429 desint
3116 3370 3207 3442 qui
3234 3371 3496 3426 audiant?
3518 3370 3669 3438 Quo—

2099 3467 2248 3521 niam
2282 3467 2451 3537 igitur
2471 3466 2761 3536 oportebat
2793 3462 3069 3533 primitias
3119 3462 3365 3531 gentium
3418 3461 3485 3516 ab
3534 3460 3671 3531 ipsis

2099 3558 2386 3628 principiis
2416 3558 2665 3611 ordinem
2716 3562 2771 3609 et
2826 3554 3004 3609 locum
3056 3553 3329 3623 accipere,
3382 3552 3671 3623 subiungit

2099 3650 2371 3717 scriptor:
2410 3646 2476 3700 Et
2507 3655 2794 3716 ett-perunt
2823 3645 2971 3714 loqui
3014 3644 3250 3700 diversis
3292 3643 3511 3715 linguis.
3564 3643 3672 3699 Sed

2099 3740 2259 3808 cuius
2295 3739 2372 3792 rei
2400 3738 2577 3806 gratia
2611 3745 2740 3792 ante
2772 3744 2968 3791 caatera
3005 3733 3146 3790 dona
3197 3734 3402 3790 donum
3454 3735 3671 3804 lingua-

2098 3845 2220 3885 rum
2256 3828 2503 3898 Apostoli
2527 3825 3049 3896 acceperunt‘igqnia
3077 3840 3271 3881 omnes
3300 3832 3485 3895 partes
3506 3840 3672 3894 pera-

2096 3919 2307 3993 graturi
2360 3926 2553 3974 erant:
2604 3931 2669 3971 ac
2725 3915 3185 3987 quemadmodum
3245 3932 3357 3986 quo
3426 3924 3672 3984 tempore

2096 4012 2263 4069 turris
2286 4006 2694 4071 exstruebatur,
2726 4023 2834 4063 una
2858 4008 3039 4077 lingua
3066 4008 3122 4062 in
3166 4008 3372 4062 multas
3421 4006 3670 4060 disseca-

2100 4106 2284 4171 batur,
2336 4105 2409 4159 ita
2436 4112 2567 4158 tunc
2601 4101 2787 4156 multae
2815 4100 3014 4169 lingua:
3064 4098 3120 4154 in
3164 4113 3334 4153 unttm
3386 4096 3669 4152 hominem

2101 4202 2360 4267 coibant:
2390 4210 2446 4257 et
2463 4201 2554 4256 ille
2575 4199 2721 4255 idem
2749 4208 2808 4254 et
2832 4198 3145 4260 Persarum,
3179 4204 3236 4251 et
3274 4196 3668 4255 Romanorum,

2103 4302 2158 4349 et
2182 4293 2468 4357 ludorum,
2495 4300 2551 4347 et
2574 4290 2700 4347 aliis
2727 4289 2964 4347 diversis
3014 4289 3201 4344 multis
3230 4287 3432 4359 linguis
3483 4286 3675 4354 loque-

419 4396 600 4453 natur,
638 4388 848 4459 Spiritu
873 4391 1137 4446 nimirum
1208 4392 1285 4447 illi
1320 4391 1613 4447 insonante
1694 4396 1748 4443 et
1799 4387 2205 4443 insusurrante.
2274 4384 2355 4440 Ae
2403 4384 2634 4446 donum,
2688 4380 2990 4438 vocabatur
3046 4380 3252 4436 donum
3334 4379 3666 4450 linguarum,

417 4479 874 4549 Quandoquidem
902 4483 1088 4539 nntltis
1110 4493 1335 4554 repente
1360 4491 1416 4540 et
1451 4483 1507 4538 in
1550 4494 1661 4536 uno
1707 4479 1975 4549 temporis
2016 4486 2291 4533 momento
2371 4483 2622 4546 poterant
2668 4473 2813 4543 loqui
2894 4472 3136 4543 linguis:
3200 4470 3664 4541 quemadmodum

419 4575 661 4645 Spiritus
683 4575 850 4635 dabat
874 4578 1005 4646 illis,
1036 4588 1098 4635 ut
1150 4580 1570 4651 eloquerentur.
1645 4576 1763 4633 Non
1807 4576 1953 4631 enim
1987 4575 2058 4629 ab
2097 4573 2409 4645 semetipsis
2438 4570 2837 4642 loquebantur,
2879 4567 2975 4623 sed
3009 4583 3041 4622 a
3069 4576 3262 4624 sancto
3308 4566 3514 4638 Spiritu
3554 4565 3670 4620 elo-
3776 4588 3779 4591 ·

415 4670 752 4738 qucbantur,
809 4672 1225 4744 prophetantes,
1294 4672 1412 4729 sive
1486 4670 1852 4741 intelligentes
1917 4675 1972 4724 et
2030 4668 2276 4725 dicentes
2351 4677 2436 4732 ca,
2498 4678 2619 4737 quae
2682 4678 2776 4733 per
2837 4668 3062 4716 sanctos
3102 4659 3394 4730 prophetas
3455 4658 3670 4729 prodita

414 4776 543 4820 sunt
567 4769 880 4824 testimonia
915 4769 983 4825 de
1013 4768 1256 4824 Christo.
3361 4836 3366 4842 .

486 4856 691 4917 Ἦσαν
714 4860 784 4916 δὲ
827 4863 898 4916 ἐν
950 4861 1351 4932 Ἰερουσαλὴμ
1387 4861 1808 4928 κατοικοῦντες
1853 4861 1991 4915 ἰου-

2169 4855 2337 4911 Vens.
2406 4850 2459 4906 5.
2531 4847 2702 4902 Erant
2761 4856 2933 4901 autem
2983 4845 3361 4916 Hierosolymis
3424 4843 3673 4914 inquilini

413 4952 588 5020 δαῖοι,
641 4953 859 5023 ἄνδρες
913 4954 1190 5019 εὐλαϐεῖς
1223 4953 1341 5009 ἀπὸ
1375 4954 1603 5018 παντὸς
1628 4952 1841 5018 ἔθνους
1875 4950 1993 5005 τῶν

2098 4948 2276 5003 Judaei
2305 4944 2542 4999 homines
2575 4940 2810 5012 religiosi
2839 4956 2904 4994 ea:
2933 4939 3077 4993 omni
3106 4939 3318 4992 natione
3343 4953 3548 5000 eorum,
3581 4935 3673 5005 qui

414 5043 535 5099 ὑπὸ
561 5044 669 5098 τὸν
699 5045 983 5113 οὐρανόν.

484 5134 828 5204 Γενομένης
848 5134 918 5188 δὲ
939 5135 1051 5205 τῆς
1079 5133 1281 5204 φωνῆς
1329 5134 1570 5202 ταύτης,
1610 5133 1882 5202 συνῆλθε
1925 5132 1992 5185 τὸ

412 5223 649 5291 πλῆθος
679 5224 780 5278 καὶ
810 5226 1118 5294 συνεχύθη
1159 5225 1249 5279 ὅτι
1272 5225 1503 5294 ἤκουον
1528 5222 1616 5291 εἷς
1641 5225 1895 5289 ἕκαστος
1916 5223 1993 5291 τῇ

417 5311 535 5379 ὶδιᾳ
561 5312 855 5378 διαλέκτῳ
878 5317 1235 5369 λαλούντων
1257 5313 1477 5371 αὐτῶν.

487 5404 728 5473 Ἄνδρες
750 5406 1045 5473 εὐλαϐεῖς.
1069 5409 1178 5461 Καὶ
1199 5408 1331 5463 αὐτὸ
1348 5407 1410 5461 τὸ
1456 5410 1730 5463 κατοικεῖν
1752 5409 1870 5461 ἐκεῖ
1900 5425 1994 5461 κα-

410 5494 739 5558 ταλιπόντας
764 5497 1046 5568 πατρίδας,
1078 5497 1360 5561 εὐλαϐείας
1387 5494 1455 5568 ἦν
1492 5501 1734 5569 σημεῖον,
1761 5498 1996 5569 μάλιστά

411 5600 475 5652 γε
503 5584 567 5637 ὲκ
582 5584 853 5655 διαφόρων
869 5585 1034 5642 ἐθνῶν
1057 5586 1394 5659 ἀπάραντας,
1423 5589 1514 5643 καὶ
1530 5588 1760 5657 ἀφέντας
1787 5587 1960 5650 οἰκίας
1977 5590 1997 5620 ⁹

2097 5040 2192 5096 sub
2222 5038 2349 5093 cinia
2377 5045 2521 5092 sunt.

2172 5129 2332 5183 Vens.
2357 5126 2411 5181 6.
2445 5124 2623 5195 Igitur
2653 5121 2752 5177 hac
2784 5137 2838 5175 re
2884 5119 3179 5190 divulgata,
3209 5118 3442 5172 convenit
3488 5114 3669 5167 multi-

2096 5219 2246 5283 tudo,
2286 5227 2336 5274 et
2388 5217 2611 5285 confusa
2653 5223 2753 5278 est,
2810 5211 2947 5283 quod
3012 5210 3258 5265 audirent
3317 5206 3671 5276 unusquisque

2099 5330 2198 5369 sua
2222 5311 2437 5381 propria
2466 5311 2647 5380 lingua
2687 5306 2810 5362 illos
2841 5316 3066 5362 utentes.

2183 5400 2299 5455 Viri
2319 5400 2574 5470 religiosi.
2611 5399 2790 5468 Atque
2814 5398 2866 5452 id
2891 5397 3089 5467 ipsum,
3107 5393 3252 5463 quod
3280 5390 3469 5446 relicta
3494 5392 3669 5459 patria

2104 5494 2214 5548 illic
2256 5491 2606 5556 habitabant,
2647 5492 2863 5561 signum
2905 5493 3025 5541 erat
3073 5482 3387 5553 religionis',
3435 5482 3672 5537 maxime

2107 5595 2276 5648 Cet'le,
2310 5583 2452 5653 quod
2494 5597 2560 5636 ex
2598 5579 2829 5636 diversis
2858 5575 3173 5632 nationibus
3196 5572 3450 5646 proiecti,
3484 5572 3671 5640 domo,

1606 5685 1803 5746 Variae
1847 5682 2153 5745 lectiones
2195 5690 2254 5741 et
2280 5685 2465 5740 ηοίω.

488 5757 509 5789 ³
544 5758 632 5815 ῑσ.
665 5759 919 5823 οἰκείους.
