4068 6210
384 217 495 328 £35

1303 260 1877 322 THEOPHYLACLI
1916 260 2326 323 ΒυΊιῧΑΒΙιἘ
2354 262 2711 325 ARClIIEP.

3517 258 3627 329 536

390 366 739 439 prepinquis,
760 357 1146 432 familiaribus,
1163 366 1494 422 necessariis
1526 372 1689 438 atque
1703 367 1949 436 cognatis

2068 368 2146 422 καὶ
2170 373 2469 439 συγγενεῖς,
2519 372 2577 425 ὲν
2610 370 2962 442 Ἰερουσαλὴμ
3004 373 3294 426 κατοικεῖν.
3314 371 3388 425 Τὸ
3417 371 3497 438 δὲ,
3534 365 3644 425 ἀπὸ

385 459 618 525 relictis,
670 457 722 509 in
748 454 1049 511 Jerusalem
1076 454 1416 509 habitabant.
1472 454 1546 509 Ex
1575 454 1724 510 omni
1767 465 1946 509 autem

387 551 612 604 natione
637 546 776 601 dixit
806 562 924 616 pro,
957 560 1022 601 ex
1050 545 1238 602 multis
1270 547 1612 602 nationibus.
1651 544 1952 602 Dictionem

391 641 559 705 enim,
620 640 793 703 omni,
856 654 974 709 pro,
1020 639 1228 705 multis,
1279 638 1691 711 ὑπερϐολικῶς,
1758 640 1811 694 id
1871 647 1954 696 est

393 731 787 786 incredibiliter
835 729 1099 797 tollendo,
1138 728 1421 801 Scriptura
1489 732 1655 787 sumit
1701 740 1754 786 et
1792 747 1954 787 usur-

389 833 500 894 pat.
533 823 608 877 Ita
644 823 831 888 etiam,
865 822 1234 893 ὑϐερϐολικῶς
1288 824 1571 888 nimirum,
1625 824 1831 879 dictum
1874 832 1958 878 est

389 912 522 967 illud
557 931 570 967 :
605 911 898 980 E/fundam
933 913 996 967 de
1018 910 1221 981 Spiritu
1260 928 1373 966 mea
1401 928 1557 982 super
1591 928 1794 967 onmem
1818 927 1957 979 ,τατ-

391 1021 545 1069 nem,-
578 1014 631 1059 et
686 1003 853 1058 illud:
881 1003 1074 1057 Omnes
1119 1020 1203 1064 ea.
1234 1018 1350 1074 quae
1389 1020 1509 1068 sua,
1549 1019 1652 1057 non
1681 1018 1799 1073 qum
1833 1001 1959 1057 Jesu

390 1096 592 1148 Christi
629 1102 773 1159 sunt,
809 1104 1089 1163 qua'runt:
1124 1102 1178 1149 et
1201 1093 1373 1149 illud:
1410 1093 1531 1148 Non
1557 1102 1630 1148 est
1662 1094 1864 1163 justus,
1896 1110 1960 1147 ne

396 1202 533 1239 unus
584 1185 816 1254 quidem.
870 1183 973 1239 Per
1031 1184 1341 1239 universale
1390 1184 1536 1240 enim
1583 1199 1647 1238 ac
1705 1184 1961 1253 generale

396 1276 599 1329 nniltos
662 1273 956 1343 signiﬁcat.
1017 1273 1224 1329 Deinde
1251 1276 1353 1329 hac
1387 1289 1444 1329 re
1495 1274 1794 1345 divulgata,
1827 1289 1962 1330 con-

396 1365 553 1419 ﬂuxit
607 1363 921 1426 multitudo.
952 1371 1006 1418 et
1057 1364 1288 1419 confusa
1335 1372 1441 1429 est,
1479 1363 1532 1417 id
1587 1371 1691 1431 est,
1743 1365 1962 1420 turbata

394 1466 500 1519 cst,
533 1454 730 1508 mirata
760 1464 863 1509 est.
899 1453 1125 1520 Quando
1182 1453 1401 1524 quidem
1459 1454 1606 1509 enim
1646 1454 1700 1508 in
1755 1454 1964 1510 aedibus

395 1545 600 1600 factum
633 1555 771 1612 erat,
832 1544 976 1616 quod
1012 1545 1231 1609 accidit,
1257 1544 1390 1600 foris
1446 1546 1725 1612 nimirum,
1780 1546 1965 1602 multi-

394 1638 524 1694 tudo
556 1639 940 1694 concurrebat.
982 1637 1139 1704 Quod
1182 1637 1438 1694 audirent
1480 1639 1715 1711 quisque
1743 1638 1961 1709 propria

394 1744 494 1785 sua
550 1730 754 1802 lingua.
817 1729 1074 1785 Sciebant
1133 1729 1320 1794 enim,
1363 1730 1507 1800 quod
1577 1745 1702 1785 cum
1761 1712 2042 1786 (ialilaalB

398 1831 608 1887 essent,
658 1828 712 1877 et
765 1822 1001 1876 maxime
1053 1821 1281 1889 apostoli
1360 1821 1506 1892 (illos
1567 1823 1714 1877 enim
1769 1822 1964 1892 magis,

396 1928 561 1983 quam
598 1920 826 1968 caeteros
857 1912 1230 1984 spectabant),
1263 1913 1370 1984 23
1408 1915 1680 1969 sexcentis
1713 1913 1821 1969 illis
1863 1914 1968 1968 lin-

395 2004 517 2074 gnis
573 2006 885 2061 utebantur.
953 2004 1204 2061 Confusa
1278 2017 1362 2062 εει
1432 2014 1610 2061 autem
1669 2006 1964 2062 multitudo

403 2094 548 2148 haud
583 2094 877 2151 immerito.
912 2094 1310 2152 Existimabam
1331 2096 1476 2152 enim
1503 2097 1629 2152 illos
1657 2097 1762 2152 sibi
1795 2098 1965 2154 mole-

397 2183 558 2236 stiam
581 2183 925 2241 exhibituros
959 2200 1082 2242 esse
1112 2192 1334 2255 propter
1381 2182 1731 2243 temerarium
1775 2188 1965 2244 adver-

397 2284 495 2326 sus
525 2270 807 2326 Christum
840 2272 1058 2329 facinus
1095 2272 1492 2330 commissum:
1542 2282 1595 2329 et
1624 2275 1965 2331 conscientia

401 2361 618 2417 animos
650 2377 839 2418 eorum
893 2365 1268 2429 coneutiebat,
1318 2381 1443 2421 cum
1482 2365 1736 2421 manibus
1791 2366 1969 2424 caedes

407 2452 727 2509 etiamnunc
774 2461 1090 2510 teneretur:
1143 2466 1197 2512 et
1258 2457 1440 2512 omnia
1492 2456 1616 2513 illos
1667 2459 1963 2513 terrebant.

400 2539 508 2596 Sed
546 2544 603 2597 id
627 2545 903 2613 apostolos
928 2549 1355 2612 corroborabat,
1407 2549 1550 2619 quod
1584 2548 1652 2604 ab
1699 2549 1969 2605 auditori-

403 2631 504 2685 bus
533 2633 701 2685 etiam
752 2633 959 2688 donum
996 2634 1285 2690 miriticum
1334 2651 1460 2693 esse
1492 2636 1801 2694 discebant.
1831 2637 1967 2693 Nam

399 2722 547 2788 quod
577 2724 853 2788 Parthice,
895 2726 1045 2782 verbi
1075 2727 1272 2797 gratia,
1297 2725 1585 2784 dicebatur
1631 2729 1732 2799 ipsi
1764 2728 1971 2786 nescie-

400 2813 532 2867 bant
554 2852 570 2878 ,
606 2813 702 2870 sed
724 2815 793 2870 ab
825 2815 932 2872 illis
962 2817 1266 2874 discebant.
1300 2818 1546 2876 Meminit
1567 2829 1751 2878 autem
1781 2820 1965 2876 natio-

399 2925 552 2973 ιιιιιιι,
581 2922 703 2976 quae
725 2908 834 2963 illis
860 2917 1018 2965 erant
1046 2910 1270 2969 hostiles
1344 2923 1400 2970 et
1462 2915 1698 2970 inimicae
1746 2931 1760 2968 :

2060 458 2257 521 παντὸς
2288 459 2496 525 ἔθνους,
2543 460 2664 513 ἀντὶ
2700 458 2816 522 τοῦ,
2851 460 2961 512 ἀπὸ
2978 459 3188 513 πολλῶν
3208 460 3395 515 ἐθνῶν.
3413 461 3489 513 Τὸ
3508 459 3639 531 γὰρ,

2059 549 2278 616 παντὸς,
2306 550 2398 603 ἐπὶ
2427 550 2636 604 πολλῶν
2653 549 2987 620 ἐκλαμϐάνει
3006 552 3040 622 ἡ
3059 550 3251 620 Γραφὴ
3270 552 3371 605 ὑπε
3382 550 3644 620 ρϐολικῶς

2057 640 2331 711 χρωμένη.
2352 640 2538 705 Οὕτως
2549 640 2761 711 εἴρηται
2773 641 2865 695 καὶ
2876 641 2955 695 τό·
2973 641 3188 710 Ἐκχεῶ
3205 641 3323 695 ἀπὸ
3338 641 3445 695 τοῦ
3468 643 3644 696 Πνεύ·

2054 732 2241 800 ματός
2265 749 2384 801 μου
2408 732 2505 786 ἐπὶ
2537 730 2745 788 πᾶσαν
2797 730 2993 800 σάρκα
3016 750 3029 765 ·
3067 733 3161 786 καὶ
3205 733 3266 785 τό
3287 747 3301 761 ·
3334 733 3399 785 Ol
3420 731 3643 797 πάντες

2059 823 2131 877 τὰ
2152 823 2383 877 ἑαυτῶν
2418 822 2721 889 ζητοῦσιν,
2750 825 2824 879 οὐ
2861 825 2936 877 τὰ
2962 823 3070 877 τοῦ
3107 805 3312 891 Ἰίησοῦ
3343 824 3600 891 Χριστοῦ
3623 840 3638 854 ί

2062 909 2157 969 καὶ
2191 916 2252 967 τό
2270 932 2286 947 ο
2317 916 2439 969 Οὐκ
2473 914 2605 970 ἔστι
2626 913 2856 982 δίκαιος
2884 915 3029 970 οὐδὲ
3051 911 3139 980 εἷς
3163 931 3179 948 ·
3219 914 3329 969 ἀπδ
3357 914 3452 968 τοῦ
3483 914 3644 969 mea.

2060 1003 2156 1056 λου
2182 1003 2310 1066 τοὺς
2347 1002 2578 1066 πολλοὺς
2632 1002 2991 1073 σημαίνουσα.
3043 997 3178 1055 Εἶτα
3225 1002 3525 1072 γενομένης
3544 1005 3644 1071 τῆς

2063 1092 2272 1164 φωνῆς,
2331 1092 2561 1163 συνῆλθε
2614 1093 2676 1145 τὸ
2720 1092 2929 1163 πλῆθος
2980 1092 3076 1146 καὶ
3128 1091 3416 1162 συνεχύθη,
3470 1092 3639 1162 ἤγουν

2062 1183 2373 1256 ἐταράχθη,
2394 1183 2733 1255 ἐθαύμασεν·
2780 1182 2970 1250 ἐπειδὴ
3015 1182 3125 1254 γὰρ
3159 1185 3218 1237 ὲν
3245 1181 3394 1252 οἰκίᾳ
3425 1183 3642 1251 ἐγένετο

2062 1276 2124 1330 τὺ
2192 1277 2502 1346 γενόμενον,
2582 1276 2810 1340 εἰκότως
2877 1275 3076 1341 ἔξωθεν
3157 1274 3497 1346 συνέδραμε,
3555 1276 3640 1330 ὅτι

2065 1368 2261 1438 ἤκουον
2294 1366 2526 1430 ἕκαστος
2547 1370 2613 1438 τῇ
2644 1366 2750 1437 ἰδίᾳ
2794 1366 3082 1438 διαλέκτῳ.
3117 1365 3381 1438 ’ῌδεισαν
3415 1364 3521 1434 γὰρ
3558 1366 3641 1421 ὅτι

2064 1457 2339 1511 Γαλιλαῖοι
2401 1457 2575 1522 ὄντες,
2632 1459 2725 1511 καὶ
2763 1457 2997 1528 μάλιστα
3027 1458 3076 1512 οἱ
3126 1455 3416 1512 ἀπόστολοι
3446 1470 3460 1487 ο
3503 1456 3641 1527 πρὸς

2067 1549 2177 1621 γὰρ
2229 1550 2472 1614 ἐκείνους
2511 1548 2711 1619 μᾶλλον
2760 1548 2970 1621 ἑώρων·
3025 1548 3125 1612 τὰς
3175 1547 3377 1619 μυρίας
3424 1548 3641 1612 ὲκείνας

2070 1638 2295 1694 ἐλάλουν
2324 1639 2598 1707 γλώσσας.
2629 1638 2906 1710 Συνεχὺθη
2935 1638 2992 1692 δὲ
3021 1637 3083 1691 τὸ
3126 1636 3351 1707 πλῆθος,
3379 1637 3637 1700 εἰκότωςο

2073 1729 2321 1801 ἐνόμιζον
2350 1730 2460 1801 γὰρ
2523 1730 2706 1795 αὐτοῖς
2759 1732 3024 1802 παρέχειν
3073 1730 3378 1800 πράγματα
3419 1728 3507 1782 διὰ
3540 1729 3640 1797 τὴν

2073 1821 2373 1893 γενομένην
2401 1822 2604 1891 τόλμαν
2646 1821 2790 1875 κατὰ
2836 1821 2930 1876 τοῦ
2968 1820 3208 1893 Χριστοῦ
3231 1837 3245 1853 ο
3290 1821 3385 1874 καὶ
3435 1819 3496 1874 τὸ
3524 1836 3645 1873 συνο

2072 1913 2211 1977 ειδὸς
2240 1913 2525 1968 κατέσειεν
2564 1912 2744 1967 αὐτῶν
2792 1912 2892 1977 τὰς
2935 1912 3138 1983 ψυχὰς,
3173 1913 3232 1965 ἐν
3259 1911 3449 1983 χερσὶν
3474 1909 3641 1979 οὔσης

2069 2006 2151 2059 ἔτι
2178 2004 2277 2075 τῆς
2309 2005 2523 2074 σφαγῆς
2550 2021 2565 2037 ·
2590 2005 2686 2058 καὶ
2718 2005 2898 2059 πάντα
2921 2004 3119 2066 αὐτοὺς
3145 2002 3350 2056 ἑπτόει.
3387 1999 3557 2054 Τοῦτο
3583 2000 3641 2054 δὲ

2069 2096 2196 2161 τοὺς
2219 2096 2548 2159 ἀποστόλους
2569 2095 2792 2166 ὲνεύρου
2810 2135 2825 2160 ,
2856 2096 2939 2149 ὅτι
2996 2094 3090 2149 καὶ
3120 2093 3272 2165 παρὰ
3301 2092 3410 2146 τῶν
3440 2093 3643 2162 ἀκροα-

2064 2187 2174 2241 τῶν
2203 2187 2506 2258 ἐμάνθανον
2534 2186 2629 2240 τοῦ
2665 2186 2945 2257 θαύματος
2964 2184 3062 2257 τὴν
3091 2184 3253 2256 χάριν
3272 2201 3287 2217 ο
3318 2185 3401 2238 ὅτι
3431 2183 3538 2253 γὰρ
3567 2176 3638 2252 ἦν

2064 2277 2227 2349 τυχὸν
2256 2278 2548 2348 Παρθιστὶ,
2578 2277 2735 2331 αὐτοὶ
2749 2277 2850 2331 οὐκ
2874 2276 3117 2348 ⁴ᾔδεισαν,
3160 2275 3297 2330 ἀλλὰ
3332 2275 3464 2343 παρ’
3498 2274 3642 2327 ἐκεί-

2068 2386 2176 2423 νων
2207 2367 2529 2438 ὲμάνθανον.
2569 2368 2772 2421 Ἐθνῶν
2815 2368 2873 2421 δὲ
2924 2368 3197 2439 μέμνηται
3226 2364 3499 2435 πολεμίων
3538 2362 3641 2417 αὐ-

2069 2461 2206 2523 τοῖς,
2237 2459 2494 2529 Κρητῶν,
2538 2459 2784 2528 ’Λράϐων
2826 2459 2923 2513 καὶ
2968 2458 3078 2512 τῶν
3125 2456 3334 2511 ἀλλωψ
3366 2454 3644 2509 καὶτοῦτο

2074 2546 2342 2618 σύμϐολον
2370 2542 2441 2617 ἦν
2461 2548 2543 2600 ὅτι
2576 2547 2797 2602 πάντων
2842 2548 3229 2618 κρατήσουσιν.
3284 2545 3435 2599 Ἐκεῖ
3477 2542 3536 2598 δὲ
3583 2543 3643 2598 ἰν

2072 2637 2424 2709 αἰχμαλωσίᾳ
2454 2635 2597 2710 ἦσαν
2639 2638 2843 2691 πολλοι.
2879 2637 3152 2691 Πάντοθεν
3179 2636 3358 2690 τοίνυν
3410 2636 3443 2705 ἠ
3496 2651 3642 2705 μαρ-

2069 2728 2233 2797 τυρία
2289 2726 2767 2799 παρὰπολιτῶν,
2807 2728 2958 2799 παρὰ
3014 2727 3201 2792 ξένων,
3268 2725 3422 2797 παρὰ
3467 2740 3643 2795 προσ-

2069 2815 2304 2886 ηλύτων.

1825 2911 2194 2981 Cretensium,
2259 2912 2502 2967 Arabum
2572 2920 2627 2967 et
2673 2911 2942 2966 aliorum:
2993 2920 3156 2980 atque
3234 2909 3338 2964 hoc
3427 2908 3642 2979 signum

398 2996 538 3065 om,
581 2999 727 3069 quod
782 3000 1025 3055 omnium
1087 3004 1323 3061 victores
1374 3014 1534 3061 erant
1590 3007 1785 3063 futuri.
1842 3004 1960 3061 Illic
2031 3013 2215 3061 autem
2280 3004 2444 3060 multi
2503 3011 2660 3060 erant
2711 3003 2769 3058 in
2834 2982 3170 3074 captivitate.
3259 3000 3340 3055 Ex
3386 3000 3643 3057 omnibus

399 3091 568 3156 igitur
600 3092 874 3161 partibus,
902 3093 1277 3151 testimonium
1306 3100 1625 3167 perhibetur
1667 3097 1951 3163 acivibus,
1995 3096 2063 3152 ab
2097 3096 2421 3168 peregrinis,
2481 3110 2511 3150 a
2556 3094 2864 3167 proselytis,
2896 3094 2949 3149 id
2991 3103 3077 3150 est
3138 3094 3362 3150 advenis
3426 3091 3646 3149 Judais-

402 3198 547 3236 tuum
579 3183 864 3253 professis.

474 3274 634 3330 Vens.
672 3276 720 3330 7.
759 3276 995 3332 Perculsi
1018 3286 1191 3333 autem
1219 3289 1269 3335 et
1291 3282 1504 3335 attoniti
1526 3280 1740 3337 stabant
1768 3294 1967 3345 omnes,
1997 3282 2044 3343 (2

2158 3274 2511 3339 Ἐξίσταντο
2533 3272 2602 3326 δὲ
2625 3273 2846 3340 πάντες
2866 3272 2965 3327 καὶ
2987 3271 3334 3341 ἐθαύμαζον,
3363 3273 3647 3343 λέγοντες

400 3380 446 3418 et
468 3367 793 3423 admirantes
838 3370 986 3424 aliud
1015 3369 1085 3423 ad
1107 3370 1273 3425 alium
1314 3373 1595 3429 dicebant:
1628 3374 1817 3430 Annon
1857 3390 1969 3430 ecce

2074 3368 2220 3438 πρὸς
2251 3366 2567 3435 ἀλλήλους
2589 3379 2603 3393 ⁸
2639 3366 2761 3420 Οὐκ
2793 3364 2924 3419 ἰδοὺ
2952 3363 3175 3429 πάντες
3202 3359 3372 3421 οὗτοὶ
3394 3366 3556 3420 εἰσιν
3582 3367 3640 3419 οι

403 3475 581 3514 omnes
604 3460 715 3545 isti,
739 3463 829 3531 qui
859 3461 1166 3529 loquuntur,
1194 3462 1403 3519 Galilazi
1427 3466 1592 3520 sunt?

475 3567 635 3624 Vens.
659 3570 712 3624 8.
742 3570 807 3625 Et
839 3575 930 3643 qui
952 3574 1015 3643 [it
1044 3589 1137 3628 nos
1161 3574 1442 3629 audiamus
1467 3592 1551 3631 eos
1582 3578 1797 3647 propria
1821 3579 1968 3649 quis-

403 3676 500 3728 que
526 3660 710 3729 lingua
732 3677 853 3725 sua,
877 3666 932 3717 in
969 3682 1074 3736 qua
1113 3666 1228 3720 nati
1248 3681 1452 3733 sumus,
1480 3668 1725 3722 utentes?

478 3747 647 3805 Vens.
674 3752 728 3804 9.
766 3751 953 3807 Part/ti
976 3764 1028 3810 et
1057 3754 1225 3822 Medi,
1254 3767 1303 3811 et
1347 3756 1617 3824 Elamitw,
1645 3767 1695 3811 et
1715 3758 1805 3827 qui
1826 3759 1971 3814 inco-

407 3842 562 3894 limus
583 3841 1035 3915 Mesopotamiam,
1056 3846 1305 3905 Judwam
1330 3856 1379 3902 et
1395 3847 1804 3919 Cappadociam,
1832 3848 1975 3904 Pon-

408 3944 518 3986 tum
536 3943 585 4013 et
613 3932 821 4000 Asiam,

487 4022 645 4080 Vens.
680 4023 765 4079 10.
809 4025 1096 4098 Phrygiam
1140 4039 1189 4083 et
1242 4028 1644 4102 Pamphyliam,
1676 4031 1974 4103 ﬂggptum

410 4125 456 4169 ct
482 4125 657 4182 partes
687 4116 890 4188 Libyae,
927 4136 1045 4189 quae
1086 4122 1310 4189 pertinet
1339 4121 1409 4175 ad
1443 4120 1698 4191 Cyrenas,
1732 4132 1782 4177 et
1817 4120 1975 4176 adve-

408 4224 491 4260 na:
517 4206 761 4276 Romani,
792 4208 975 4265 Judwi
1003 4221 1163 4283 atque
1190 4213 1467 4285 proselyti,

489 4381 649 4441 Vens.
688 4386 771 4441 11.
808 4386 1082 4444 Cretenses
1104 4398 1153 4443 et
1173 4389 1379 4443 Arabes
1404 4390 1650 4447 audimus
1674 4407 1761 4447 eos
1778 4392 1974 4447 nostris

413 4475 605 4545 linguis
628 4479 894 4548 loquentes
923 4482 1208 4552 ntagniﬁca
1235 4496 1393 4551 opera
1424 4480 1539 4538 Dei.

485 4644 650 4705 Vens.
686 4649 774 4704 l2.
809 4620 998 4724 Itaque
1043 4659 1255 4711 attoniti
1294 4669 1451 4731 atque
1493 4664 1723 4733 perculsi
1763 4661 1977 4717 stabant

413 4754 589 4792 omnes
636 4749 686 4794 et
716 4745 1059 4814 ambigentes,
1081 4764 1399 4822 causamque
1427 4753 1568 4809 alius
1612 4768 1677 4809 ex
1698 4753 1806 4808 alio
1831 4768 1975 4824 qua:-

414 4836 583 4883 rentes
611 4829 854 4887 dicebant
888 4851 906 4888 :
945 4836 1085 4905 Quid
1114 4841 1210 4895 hoc
1234 4842 1336 4897 sibi
1369 4843 1521 4900 vult?

486 4920 654 4979 Vens.
689 4924 781 4980 υ.
801 4926 912 4982 Alii
940 4932 1246 4989 cavillantes
1268 4935 1512 4990 dicebant
1535 4952 1554 4990 .·
1586 4936 1764 4991 Musto
1798 4936 1979 5006 repleti

413 5024 555 5070 sunt.

493 5106 705 5180 Ubique
732 5113 920 5169 virtuti
959 5117 1198 5188 nequitia
1241 5119 1498 5188 adjuncta
1529 5130 1633 5176 est.
1667 5119 1729 5174 lli
1761 5120 1978 5190 quidem

417 5199 759 5257 mirabantur
789 5242 805 5267 ,
850 5203 925 5259 illi
975 5220 1103 5263 vero
1134 5208 1530 5265 cavillabantur
1562 5219 1615 5265 et
1657 5209 1980 5265 irridebant.

418 5282 625 5343 Revera
653 5290 730 5346 illi
784 5293 1023 5365 religiosi
1069 5306 1250 5353 erant.
1286 5297 1496 5354 Etenim
1529 5299 1734 5355 idcirco
1767 5299 1984 5355 habita-

2070 3457 2406 3522 λαλοῦντες
2436 3454 2747 3511 Γαλιλαῖοι
2767 3468 2786 3518 ;

2144 3570 2251 3627 Καὶ
2281 3569 2407 3636 πῶς
2446 3568 2619 3640 ἡμεῖς
2647 3568 2946 3638 ἀκούομεν
2971 3568 3231 3633 ἕκαστος
3252 3567 3328 3636 τῇ
3361 3566 3480 3634 ἰδίᾳ
3518 3566 3645 3622 δια-

2074 3663 2265 3730 λέκτφ
2297 3660 2487 3731 ἡμῶν,
2514 3662 2582 3716 ἐν
2612 3654 2652 3732 ᾖ
2680 3659 3122 3730 ἐγεννήθημενῖ

2144 3753 2361 3822 Πάρθοι
2387 3752 2486 3806 καὶ
2509 3752 2721 3820 Μῆδοι,
2745 3751 2843 3806 καὶ
2881 3751 3200 3820 Ἐλαμῖται,
3226 3750 3323 3805 καὶ
3349 3753 3403 3804 οἱ
3452 3766 3647 3804 κατοι-

2075 3846 2327 3910 κοῦντες
2369 3843 2486 3912 τὴν
2540 3843 3004 3913 Μεσοποταμίαν
3035 3843 3078 3875 ⁸ο
3102 3858 3167 3896 τε
3199 3843 3299 3897 καὶ
3327 3840 3647 3896 Καππαδο-

2074 3938 2234 4006 κίαν,
2269 3938 2499 3992 Πόντον
2524 3935 2624 3990 καὶ
2655 3934 2768 4003 τὴν
2806 3934 3027 3998 Ἀσίαν,

2148 4029 2412 4099 Φρυγίαν
2461 4043 2527 4080 τε
2573 4025 2671 4081 καὶ
2704 4026 3085 4094 Παμφυλίαν,
3111 4024 3418 4088 Αἷγυπτον
3451 4022 3548 4077 καὶ
3576 4022 3648 4077 τὰ

2070 4118 2222 4188 μέρη
2252 4116 2363 4185 τῆς
2398 4116 2642 4183 Λιϐύης,
2680 4114 2792 4183 τῆς
2821 4115 2970 4171 κατὰ
2997 4112 3300 4181 Κυρήνην,
3331 4113 3431 4167 καὶ
3455 4114 3510 4167 ol
3533 4113 3650 4165 ἐπι-

2075 4209 2407 4278 δημοῦντες
2477 4205 2742 4276 Ῥωμαῖοι
2771 4245 2787 4270 ,
2872 4204 3139 4259 Ἰουδαῐοί
3194 4222 3258 4259 τε
3314 4205 3413 4260 καὶ
3464 4218 3648 4270 προσ-

2076 4300 2309 4367 ήλυτοι.
2440 4367 2444 4371 _

2150 4388 2378 4459 Κρῆτες
2423 4386 2523 4442 καὶ
2550 4387 2829 4455 Ἀρῤαόες
2864 4390 2907 4420 “
2954 4388 3254 4458 ἀκούομεν
3301 4388 3649 4442 λαλούντων

2078 4482 2277 4539 αὐτῶν
2307 4480 2434 4545 ταῖς
2465 4475 2776 4547 ἡμετέραις
2800 4476 3110 4547 γλώσσαις
3136 4479 3208 4533 τὰ
3229 4480 3517 4550 μεγαλεῖα
3545 4480 3650 4534 τοῦ

2008 4611 2059 4672 D
2085 4573 2257 4629 Θεοῦ.

2168 4665 2512 4730 Ἐξισταντο
2549 4663 2616 4718 δὲ
2638 4664 2855 4731 πάντες
2876 4664 2969 4718 καὶ
2989 4664 3339 4732 διηπόρουν,
3374 4664 3524 4734 πρὸς
3540 4665 3650 4719 ἁλ-

2085 4757 2320 4825 λήλους
2356 4759 2400 4790 ¹¹
2436 4755 2757 4826 λέγοντες·
2798 4757 2858 4811 Tl
2918 4756 2995 4810 ἂν
3041 4756 3205 4811 θέλοι
3254 4755 3431 4812 τοῦτο
3466 4756 3652 4818 εἷναι;

2159 4942 2389 5011 Ἕτεροι
2426 4941 2493 4994 δὲ
2531 4940 2918 5011 χλευάζοντες
2945 4942 3180 5011 ἔλεγον,
3222 4940 3311 4995 ὅτι
3343 4943 3652 5009 Γλεύκους

1982 5074 1987 5080 .
2086 5033 2532 5103 μεμεστωμένοι
2570 5034 2711 5088 εισι.

2165 5121 2445 5191 Πανταχοῦ
2471 5120 2610 5192 μετὰ
2643 5121 2743 5191 τῆς
2795 5120 2996 5191 ἀρετῆς
3030 5121 3065 5191 ἡ
3092 5119 3383 5192 μοχθηρία.
3439 5121 3502 5173 Οἱ
3556 5119 3654 5190 μὲν

2090 5209 2400 5283 ἐθαύμαζον
2427 5253 2442 5278 ,
2483 5213 2530 5265 οἱ
2593 5212 2650 5265 δὲ
2707 5209 3036 5281 ὲχλεύαζονο
3103 5210 3258 5274 ὄντες
3319 5211 3363 5243 ³³
3407 5209 3656 5272 εὐλαϐεῖς

2092 5305 2290 5358 ἐκεῖνοι
2330 5300 2473 5375 ἦσαν
2495 5321 2508 5336 υ
2562 5304 2656 5358 καὶ
2702 5303 2810 5371 γὰρ
2843 5303 2933 5357 διὰ
2978 5302 3140 5356 τοῦτο
3186 5302 3364 5373 ᾤκουν
3399 5301 3536 5366 ἐκεῖ,
3568 5299 3656 5354 ἵνα

1511 5484 1514 5491 ι
1612 5455 1813 5517 Varia
1842 5455 2155 5520 lectiones
2180 5463 2243 5518 et
2272 5464 2458 5518 noue.

448 5559 547 5642 ξ’
583 5561 649 5617 In
683 5566 911 5642 uulgatis
923 5571 1008 5623 hic
1034 5576 1393 5642 interpositum
1438 5584 1534 5641 cst,
1574 5576 1849 5635 Ἰουδαίαν.

427 5627 604 5685 ἄλλον.
683 5634 725 5666 ’⁸
743 5627 848 5701 τὰ,
885 5636 1072 5702 ὅντως.

1958 5580 1996 5613 ¹¹
2033 5578 2099 5634 In
2132 5580 2354 5652 vulgatis
2381 5580 2633 5650 Ἄραϐες.

2754 5578 2875 5635 "In
2898 5580 3119 5650 vulgatis
3171 5589 3267 5646 est,
3323 5579 3479 5647 ἄλλος
3516 5581 3651 5653 πρὸς
