4068 6210
1087 376 1495 438 EXPOSITIO
1533 375 1617 438 1N
1656 378 1847 438 ACTA
1887 368 2460 442 APOSTOLORUM.
2497 406 2565 416 —
2603 380 2764 442 CAP.
2811 382 2895 443 Il.
3528 379 3632 446 533

385 484 480 553 ἐξῇ
511 484 696 546 αὐτοῖς
715 483 860 538 κατὰ
881 483 974 538 τδν
1000 483 1167 554 νόμον
1197 485 1319 555 τρὶς
1361 484 1456 538 τοῦ
1488 485 1742 539 ἐνιαυτοῦ
1771 485 1983 554 φαίνεο.

2082 493 2191 539 lant
2236 487 2370 553 illic,
2410 496 2469 543 ut
2513 490 2702 546 liceret
2750 492 2854 545 sibi
2897 492 3054 560 juxta
3089 489 3225 558 legis
3256 494 3631 563 praescriptum

388 575 513 628 σθαι
539 576 597 627 ἐν
624 574 702 645 τῷ
746 574 879 645 ναῷ.
912 575 1056 647 Ὅρα
1083 575 1140 630 δὲ
1176 576 1286 629 τῶν
1316 576 1491 632 ἄλλων
1529 576 1629 647 τὴν
1675 576 1957 630 ἀπόνοιαν.

388 665 677 733 Γλεύκους,
710 667 869 738 φησὶ,
895 668 1302 737 μεμεστωμένοι
1331 669 1437 722 εἰσί
1455 686 1469 700 ’
1507 669 1683 724 καίτοι
1705 668 1824 722 οὑδέ
1843 686 1962 723 και-

389 758 481 827 ρος
506 752 574 828 ἦν
604 756 867 820 τοιοῦτος,
894 759 1245 828 Πεντηκοστὴ
1263 760 1371 829 γὰρ
1389 754 1481 830 ἦν,
1508 759 1601 813 καὶ
1620 758 1741 831 ὥρᾳ
1769 758 1927 831 τρίτῃ
1945 775 1958 789 ⁸

387 848 505 901 ἀλλ’
533 847 686 901 οὐδὲν
734 848 885 901 ὀκνεῖ
923 850 956 917 ἡ
992 849 1139 903 οἰκία
1183 850 1249 904 ίδ.
1301 850 1376 903 T6
1416 850 1470 904 δὲ
1508 850 1833 920 δεινότερον,
1881 851 1962 903 ὅτι

388 937 616 991 ἐκείνων
660 938 1055 1009 θαυμαζόντων
1109 942 1206 994 καὶ
1249 940 1656 1011 ὁμολογούντων
1690 942 1966 997 Ἰουδαίων

388 1029 581 1093 ὄντων,
624 1029 915 1098 Ῥωμαίων
966 1030 1157 1095 ὅντων,
1221 1032 1577 1103 προσηλύτων
1628 1032 1820 1097 ὄντων,
1854 1032 1964 1086 τῶν

392 1121 825 1189 σταυρωσάντων
888 1120 1043 1185 ίσως,
1089 1122 1149 1187 ἐξ
1199 1123 1368 1176 ἐθνῶν
1422 1125 1608 1193 σχεδὸν
1669 1124 1961 1188 ἁπάντων,

390 1212 599 1264 τούτων
632 1213 1018 1282 κηρυττόντων
1056 1215 1138 1268 ὅτι
1181 1216 1300 1279 ταῖς
1351 1215 1624 1283 γλώσσαις
1657 1215 1836 1269 αὐτῶν
1871 1215 1966 1268 λα-

391 1303 596 1369 λοῦσιν,
631 1303 933 1374 εὑρέθησαν
960 1306 1110 1374 ὅμως
1147 1305 1293 1369 τινὲς
1321 1306 1694 1376 χλευάζοντες.
1730 1306 1968 1377 Πότερον

393 1392 451 1446 δὲ
478 1393 528 1445 οἱ
544 1393 895 1463 χλευάζοντες
914 1393 1165 1448 συνίεσαν
1210 1394 1514 1448 λαλούντων
1557 1394 1830 1462 γλώσσαις
1858 1393 1968 1448 τῶν

393 1485 730 1548 ἀποστόλων,
781 1484 814 1556 ἦ
864 1483 983 1554 οὐχί
997 1502 1012 1550 ;
1070 1486 1134 1537 Εἰ
1164 1485 1262 1555 μὲν
1301 1486 1412 1555 γὰρ
1454 1486 1516 1539 ού
1544 1488 1818 1550 συνίεσαν,
1851 1485 1969 1548 πῶς

397 1576 601 1640 πάσαις
625 1573 898 1644 γλώσσαις
936 1576 1158 1629 ἐλάλουν
1190 1579 1240 1630 oi
1295 1578 1613 1643 ἀπόστολοι;
1661 1578 1719 1631 El
1748 1578 1804 1631 δὲ
1839 1594 1968 1630 συν-

400 1667 571 1728 ξεσαν,
630 1666 747 1731 πῶς
827 1666 1143 1741 ἐθάρρησαν
1181 1669 1356 1738 μέθην
1412 1669 1782 1733 αἰτιάσασθαι,
1817 1667 1969 1736 παρὰ

396 1758 563 1820 πόδας
588 1758 803 1828 ἔχοντες
832 1760 958 1822 τοὺς
986 1759 1263 1830 ἐλέγχους,
1290 1759 1488 1823 αὐτοὺς
1517 1761 1643 1823 τοὺς
1671 1760 1969 1823 ἀκούοντας

398 1850 496 1903 καλ⁸
520 1850 799 1914 συνιέντας
832 1852 915 1905 ὅτι
946 1850 1220 1919 γλώσσαις
1260 1851 1483 1906 λαλοῦσι
1518 1852 1611 1906 καὶ
1646 1852 1706 1906 οὐ
1742 1851 1972 1922 μεθύου-

401 1960 518 2009 σιν;
551 1940 707 1995 Οὕτω
741 1942 838 2010 μὲν
861 1942 926 1996 ἄν
955 1960 1038 2005 τις
1060 1942 1463 2014 διαπορήσειεν.
1498 1944 1638 2012 Ἐγὼ
1666 1943 1721 1997 δὲ
1750 1944 1972 1996 τούναν-

400 2031 516 2082 τίον
540 2031 704 2099 φημὶ,
736 2029 811 2093 ὡς
841 2031 889 2084 εί
920 2030 996 2101 μὴ
1046 2032 1322 2097 συνίεσαν,
1355 2033 1463 2086 οὐδ’
1496 2034 1563 2087 ἂν
1596 2035 1673 2094 εἰς
1703 2033 1873 2104 μέθην
1910 2033 1971 2085 τὸ

403 2120 586 2191 θαῦμα
623 2121 928 2207 διέϐαλλον·
961 2123 1013 2175 τί
1043 2123 1151 2195 γὰρ
1188 2122 1252 2178 ἄν
1286 2141 1371 2188 τις
1395 2124 1489 2178 καὶ
1517 2124 1820 2179 διαϐάλλειν
1849 2126 1970 2179 ἐπι-

402 2212 635 2286 χειροίη,
678 2214 816 2285 ὅπερ
865 2213 1015 2266 οὐδὲν
1069 2214 1230 2268 αὐτὸν
1302 2214 1646 2283 παραλυπεῖ;
1689 2214 1780 2269 Διὸ
1825 2216 1916 2268 καὶ
1944 2217 1973 2269 6

406 2307 639 2371 Λουκᾶς,
674 2305 1251 2376 χλευάζοντες,φησὶν,
1277 2301 1388 2360 οἷον
1410 2307 1776 2378 διασύροντες,
1795 2308 1971 2361 ἐνδια-

407 2397 712 2456 ϐάλλοντες.
766 2397 1053 2450 Διέϐαλλον
1117 2397 1209 2451 οὖν
1263 2400 1338 2462 ὡς
1393 2398 1664 2462 συνιέντες
1699 2398 1835 2468 ἶμέν,
1899 2398 1972 2468 μὴ

408 2488 765 2558 ἀρεσκόμενοι
792 2487 848 2542 δὲ
885 2490 999 2550 τοῖς
1057 2488 1372 2559 λεγομένοις
1394 2503 1408 2518 ο
1460 2489 1529 2543 τὰ
1570 2491 1679 2559 γὰρ
1713 2489 1973 2559 μεγαλεῖα

409 2578 593 2647 ελεγον
642 2580 839 2633 ἐκεῖνοι
897 2578 990 2632 τοῦ
1048 2578 1207 2635 Θεοῦ.
1262 2578 1388 2641 Πῶς
1432 2576 1525 2633 οὖν
1580 2580 1856 2643 συνιέντες
1895 2582 1974 2645 εἰς

413 2669 581 2738 μέθην
629 2671 889 2741 ἀνέφερον
924 2669 992 2723 τὰ
1039 2668 1346 2740 λεγόμενα;
1386 2670 1521 2723 Ἀπὸ
1590 2670 1792 2740 πολλῆς
1836 2671 1976 2725 ἁπο-

409 2762 579 2826 νυίας,
637 2761 698 2827 ἐξ
749 2760 1195 2832 ὑπερϐαλλούσης
1265 2761 1566 2832 ὠμότητος.
1652 2762 1813 2824 Ἐθος
1870 2762 1977 2834 γάρ

410 2854 526 2908 ἐστι
560 2855 671 2916 τοῖς
702 2852 939 2916 πολλοῖς,
975 2851 1041 2907 ἂν
1070 2855 1145 2923 μὴ
1190 2852 1531 2924 ἀρέσκωνται
1569 2853 1612 2885 ’⁸
1658 2855 1770 2916 τοῖς
1824 2854 1979 2921 λεγορ

416 2946 618 3016 μένοις,
652 2944 913 3016 δαιμονᾷν
976 2945 1009 3015 ἢ
1053 2943 1385 3015 παραπαίειν
1444 2944 1695 3015 ἡγεῖσθαι
1751 2946 1841 2998 τὸν
1894 2944 1979 2998 λέ-

415 3053 613 3107 γοντα,
643 3037 676 3109 ἢ
716 3036 887 3107 μέθην
922 3035 1201 3090 αἰτιᾶσθαι
1236 3036 1332 3090 καὶ
1357 3034 1433 3105 μὴ
1459 3036 1698 3114 συνιέναι
1721 3035 1756 3090 ἃ
1788 3035 1936 3103 λέγει
1959 3053 1974 3069 ο

2066 583 2146 629 ter
2186 580 2481 646 quotannis
2536 597 2855 651 comparere
2907 583 2960 636 in
3010 582 3232 651 templo.
3273 582 3404 638 Vide
3452 594 3632 640 autem

2065 667 2293 721 alZorum
2316 669 2668 727 dementiam.
2704 671 2882 728 Musto
2926 672 3200 742 inquiunt,
3246 674 3435 743 repleti
3483 683 3632 739 sunt;

2066 762 2220 831 ιιιηυί
2243 778 2311 817 ne
2344 771 2558 831 tempus
2589 762 2807 832 quidem
2841 762 2968 815 anui
3000 762 3104 816 tale
3134 769 3272 815 erat.
3310 760 3636 817 Pentecoste

2064 857 2208 909 enim
2245 862 2387 919 erat,
2423 862 2477 908 et
2505 854 2639 907 hora
2670 854 2850 909 tertia.
2887 852 2993 906 Sed
3033 853 3167 906 nihil
3203 867 3308 906 non
3343 853 3505 909 audet
3543 868 3641 907 ne-

2066 945 2257 1015 quitia.
2318 944 2382 998 Et
2416 942 2558 1012 quod
2619 942 2837 1012 gravius
2886 949 3025 1004 erat,
3061 941 3170 995 illis
3221 941 3548 994 mirantibus
3584 950 3639 996 et

2064 1036 2477 1112 conﬁtentibus,
2507 1033 2600 1105 qui
2639 1034 2811 1090 Judaei
2840 1042 3018 1098 erant,
3050 1034 3140 1101 qui
3178 1031 3411 1085 Romani
3456 1039 3637 1091 erant.

2067 1128 2159 1198 qui
2194 1127 2454 1197 proselyti
2491 1134 2668 1188 erant,
2701 1126 2793 1196 qui
2830 1126 3063 1179 fortasse
3096 1123 3505 1183 crucilixerant,
3543 1124 3637 1192 qui

2067 1235 2132 1274 ex
2165 1219 2420 1274 omnibus
2450 1217 2562 1272 fere
2595 1218 2909 1272 nationibus
2938 1225 3134 1270 erant:
3168 1215 3277 1268 illis
3331 1214 3638 1284 prtedicano

2069 1310 2240 1376 tibus,
2271 1311 2412 1377 quod
2445 1324 2633 1363 eorum
2664 1308 2845 1379 lingua
2868 1309 3223 1377 loquerentur
3248 1346 3262 1370 ,
3300 1306 3635 1360 exstiterunt

2069 1413 2251 1459 tamen
2301 1402 2573 1460 nonnulli.
2616 1401 2707 1469 qui
2771 1401 3157 1455 cavillarentur
3211 1407 3264 1450 et
3321 1397 3636 1452 irriderent.

2068 1491 2262 1547 Utrum
2278 1500 2456 1545 autem
2477 1491 2576 1556 illi,
2595 1490 2686 1559 qui
2706 1490 3125 1551 cavillabantur,
3149 1485 3646 1557 zaimellign-bant

2068 1584 2270 1653 linguis
2294 1585 2581 1651 loquentes
2632 1581 2929 1650 apostolos.
2962 1578 3184 1632 annon?
3209 1575 3340 1629 Nam
3374 1573 3639 1644 siquidem

2070 1693 2175 1731 non
2227 1676 2617 1745 intelligebant,
2654 1674 2745 1743 qui
2785 1673 2983 1741 linguis
3036 1669 3295 1723 omnibus
3347 1668 3647 1721 utebantur

2074 1766 2344 1837 apostoli?
2395 1763 2490 1818 Sin
2523 1772 2706 1816 autem
2742 1760 3140 1828 intelligebant,
3175 1773 3281 1827 qua
3312 1757 3638 1811 conﬁdentia

2074 1858 2349 1913 audebant
2384 1856 2439 1909 in
2478 1855 2797 1909 ebrietatem
2842 1865 3063 1905 causam
3103 1849 3385 1910 conferre,
3424 1864 3545 1903 cum
3577 1846 3644 1901 ad

2070 1949 2236 2019 pedes
2285 1946 2548 2001 haberent
2598 1960 2694 2000 eos
2720 1959 2752 1999 ιι
2780 1942 2981 2013 quibus
3026 1940 3398 1995 refutarentur
3424 1946 3478 1993 et
3509 1953 3644 1993 cou-

2074 2038 2442 2099 vincerentur,
2478 2049 2674 2103 nempe
2706 2033 2851 2097 illos,
2905 2030 2998 2099 qui
3040 2029 3333 2083 audiebant
3360 2035 3414 2081 et
3445 2025 3647 2079 intelli-

2076 2126 2297 2197 gebant,
2326 2123 2473 2194 quod
2508 2123 2708 2193 linguis
2742 2122 3096 2190 loquerentur
3141 2125 3196 2172 et
3242 2133 3348 2171 non
3385 2115 3523 2171 ebrii
3561 2129 3649 2170 es-

2074 2219 2232 2272 sent?
2263 2215 2441 2285 Atque
2471 2213 2546 2267 ita
2572 2210 2794 2281 quidem
2825 2209 3025 2278 aliquis
3056 2206 3414 2274 disceptando
3446 2204 3646 2274 qutesi-

2074 2307 2236 2364 verit.
2284 2306 2399 2374 Ego
2436 2318 2565 2358 vero
2615 2300 2960 2355 contrarium
3021 2298 3170 2351 dico.
3202 2293 3337 2350 Nam
3379 2294 3646 2364 siquidem

2077 2414 2184 2454 non
2222 2394 2619 2464 iutelligebant,
2646 2406 2747 2446 nec
2769 2391 3091 2445 ebrietatem
3125 2386 3344 2455 quidem
3380 2384 3648 2451 objicien-

2080 2501 2160 2547 tes
2205 2486 2472 2543 miraculo
2522 2482 2900 2540 detrahebant.
2945 2477 3080 2533 Nam
3111 2494 3212 2532 cur
3244 2478 3407 2531 etiam
3448 2475 3648 2544 aliquis

2076 2577 2461 2642 calumnietur,
2486 2590 2515 2628 a
2533 2589 2640 2643 quo
2666 2572 2812 2627 nulla
2838 2570 3089 2625 molestia
3110 2567 3414 2622 adiciatur?
3446 2566 3652 2632 Quam-

2077 2671 2263 2726 obrem
2328 2667 2491 2723 etiam
2557 2662 2771 2729 Lucas,
2829 2661 3186 2721 cavillantes,
3244 2657 3444 2727 inquit,
3490 2656 3648 2726 quasi

2080 2762 2472 2821 obtrectantcs,
2500 2756 2879 2811 criminantes.
2925 2752 3424 2808 Caluntniabantur
3483 2749 3653 2817 igitur

2078 2850 2234 2924 quasi
2276 2849 2638 2918 intelligentes
2663 2846 2907 2916 quidem,
2936 2844 3032 2899 sed
3072 2859 3133 2899 ea
3172 2881 3189 2906 ,
3215 2857 3338 2912 quae
3388 2841 3651 2896 diceban-

2080 2953 2189 3006 tur,
2219 2956 2327 2995 non
2365 2938 2689 3009 probantes.
2729 2933 3019 3006 magnifica
3059 2947 3292 3001 namque
3341 2944 3507 2999 opera
3558 2927 3652 2981 Dei

2081 3034 2157 3088 illi
2177 3026 2661 3101 exponebant._Qui
2686 3040 2815 3094 ergo
2841 3040 2965 3079 cum
2992 3024 3376 3093 intelligerent.
3403 3021 3458 3074 in
3479 3019 3658 3074 ebrie-

416 3129 594 3181 καίτοι
658 3129 912 3183 κάκείνου
973 3127 1233 3197 ἀσφαλῶς
1288 3111 1690 3199 φθεγγομένου,
1748 3131 1844 3182 καὶ
1884 3127 1979 3183 τοῦ

2083 3132 2249 3180 tatem
2280 3119 2634 3175 conferebant
2665 3132 2751 3183 ea,
2786 3130 2910 3186 qua:
2945 3113 3308 3170 dicebantur?
3357 3111 3656 3179 Permagna

414 3219 766 3291 χλευάζοντος
811 3219 1137 3290 αἰτιωμένου
1188 3220 1340 3290 ὅμως
1398 3218 1691 3284 ἀκούοντος
1722 3221 1815 3273 καὶ
1860 3238 1987 3274 συν-

419 3311 609 3371 ιέντος.
650 3308 873 3361 Ἐκεῖνοι
909 3308 966 3361 δὲ
1020 3309 1113 3362 καὶ
1181 3308 1384 3376 μᾶλλον
1415 3307 1683 3382 ιθάρρουν
1732 3309 1984 3378 ἐγκαλεῖν

421 3400 591 3469 μέθην
610 3441 626 3466 ,
656 3401 739 3453 ὅτι
765 3401 856 3453 καὶ
888 3402 951 3470 τῇ
988 3400 1093 3471 ἰδίᾳ
1112 3400 1334 3473 γλώσσῃ
1358 3400 1671 3467 ἀκούοντες,
1728 3402 1822 3457 καὶ
1860 3402 1987 3467 τοὺς

418 3492 609 3556 ἄλλους
637 3491 711 3562 μὴ
725 3491 963 3545 συνιέναι
979 3491 1311 3561 νομίζοντες,
1342 3491 1436 3545 ἆτε
1455 3491 1520 3563 δὴ
1552 3493 1636 3545 ἐτε
1648 3491 1988 3561 ρογλώσσους

418 3580 598 3643 ὄντας.
640 3580 802 3633 Αὐτοὶ
836 3579 936 3649 μὲν
985 3579 1093 3649 γὰρ
1144 3582 1397 3635 συνίεσαν
1421 3580 1491 3634 τὰ
1534 3581 1836 3653 λεγόμενα*
1865 3582 1989 3644 τοὺς

418 3672 476 3725 δὲ
513 3671 733 3734 λοιποὺς
760 3711 774 3734 ,
795 3670 865 3724 δι’
897 3669 990 3734 οὓς
1013 3671 1107 3724 καὶ
1141 3669 1311 3742 μέθην
1340 3670 1654 3741 ἐχλεύαζον,
1689 3671 1752 3724 τὸ
1802 3670 1989 3739 θαῦμα

420 3764 520 3815 ούκ
573 3762 822 3833 ἐνόμιζον
874 3763 1126 3817 συνιέναι.
1157 3763 1370 3832 Ὥσπερ
1413 3764 1522 3833 γὰρ
1564 3764 1649 3816 ὅτε
1681 3761 1931 3829 ἐξέϐαλεν
1961 3762 1990 3814 6

421 3854 697 3925 Δεσπότης
742 3855 810 3908 τὰ
855 3854 1129 3925 δαιμόνια,
1154 3852 1405 3906 συνίεσαν
1438 3855 1534 3923 μὲν
1555 3855 1647 3907 καὶ
1675 3853 1901 3906 ἔϐλεπον
1922 3852 1990 3905 τὰ

422 3944 954 4015 τερατουργήματα,
1010 3942 1129 3997 δέον
1175 3943 1231 3997 δὲ
1280 3944 1490 4013 ὑμνεῖν,
1542 3944 1622 4006 εἰς
1666 3942 1992 4007 Βεελζεϐοὺλ

424 4037 763 4108 ἐνδιέσυρον,
804 4036 898 4090 κοιλ⁵
950 4036 1141 4100 νόσους
1194 4035 1375 4099 πασας
1428 4037 1525 4088 καὶ
1575 4034 1721 4106 πάθη
1760 4036 1992 4106 ὁρῶντες

426 4127 859 4200 θεραπευόμενα,
884 4127 983 4190 τὰς
1009 4125 1451 4198 θαυματουργίας
1484 4125 1679 4192 φθόνου
1702 4128 1796 4178 καὶ.
1830 4142 1991 4178 συκο-

428 4212 659 4288 φαντίαέ
685 4219 782 4272 καὶ
848 4217 1010 4287 φόνου
1063 4216 1198 4284 ὓλην
1225 4216 1529 4269 ἐποιοῦντο.
1565 4213 1721 4268 Οὕτω
1751 4215 1845 4268 κοιλ⁹
1875 4214 1992 4281 νῦν,

2086 3213 2357 3271 amentia:
2385 3217 2607 3280 propter
2644 3208 2920 3277 ingentem
2956 3205 3365 3273 crudelitatem,
3411 3199 3528 3255 Mos
3570 3198 3656 3253 est

2084 3305 2228 3361 enim
2262 3299 2623 3365 multitudini,
2656 3308 2740 3365 ut,
2773 3298 2818 3353 si
2843 3311 2953 3351 non
2978 3297 3173 3366 probet
3201 3309 3286 3357 ea,
3310 3307 3433 3361 qua:
3461 3292 3658 3345 dicun-

2084 3404 2193 3462 tur,
2225 3392 2494 3449 dzemonio
2527 3397 2839 3460 correptum
2862 3404 2986 3443 esse
3021 3397 3075 3442 et
3109 3385 3352 3440 insanire
3376 3392 3538 3453 atque
3566 3380 3659 3435 de-

2085 3488 2249 3551 lirare
2289 3494 2438 3557 putet
2469 3485 2762 3547 dicentem,
2813 3489 2906 3535 aut
2953 3481 3009 3533 in
3062 3477 3387 3533 ebrietatem
3432 3488 3658 3528 causam

2091 3579 2362 3645 conferat,
2394 3589 2447 3633 et
2474 3591 2664 3633 senon
2703 3574 3004 3644 intelligere
3036 3570 3279 3634 simulet,
3314 3582 3438 3639 quae
3468 3568 3660 3620 dican-

2089 3680 2224 3725 tur:
2264 3668 2483 3724 tametsi
2541 3676 2596 3721 et
2634 3666 2724 3720 ille
2757 3676 2902 3719 recte
2932 3672 2986 3717 et
3021 3663 3228 3731 integre
3280 3661 3559 3730 ιοίιιιιιιιτ,
3596 3665 3650 3711 et

2088 3760 2371 3817 cavillator
2398 3758 2614 3812 etiamsi
2649 3754 2998 3815 criminetur,
3035 3752 3218 3804 tamen
3271 3751 3460 3804 audiat
3493 3756 3546 3804 et
3575 3748 3662 3802 in-

2091 3852 2313 3920 telligat.
2348 3846 2425 3901 llli
2457 3860 2581 3901 vero
2609 3845 2779 3914 magis
2806 3843 2973 3898 etiam
3004 3840 3274 3895 audebant
3339 3840 3660 3895 ebrietatem

2091 3942 2352 4012 objicere.
2376 3935 2521 4008 quod
2550 3944 2603 3991 et
2627 3950 2724 3990 sua
2760 3934 2943 4002 lingua
2974 3930 3289 3994 audiebant,
3314 3938 3371 3983 et
3400 3929 3559 3990 alios,
3595 3935 3658 3981 ut

2094 4033 2345 4090 homines
2380 4030 2641 4085 nimirum
2675 4026 2906 4081 diversre
2941 4025 3162 4094 linguae,
3208 4036 3316 4075 non
3362 4019 3665 4086 intelligere

2095 4123 2384 4197 putabant.
2417 4117 2553 4173 Nam
2603 4116 2705 4187 ipsi
2749 4114 2970 4186 quidem
3016 4110 3394 4182 intelligebant
3432 4122 3496 4163 ea
3544 4122 3666 4175 qu:e

2095 4214 2457 4279 dicebantur}
2493 4211 2736 4279 reliquos
2792 4214 2999 4269 autem,
3047 4211 3271 4275 propter
3318 4215 3461 4272 quos
3497 4199 3663 4255 etiam

426 4307 769 4380 ἀρνήσασθαι
802 4308 878 4379 μὴ
910 4307 1125 4378 ἔχοντες
1146 4306 1207 4359 τὺ
1260 4307 1563 4376 παράδοξον
1592 4308 1683 4360 καὶ
1719 4307 1983 4378 ὑπερφυὲς

2096 4306 2413 4362 ebrietatem
2438 4302 2759 4358 cavillantes
2786 4297 3097 4373 (apostolis)
3119 4292 3475 4363 objiciebaut,
3497 4290 3668 4344 mira-

426 4401 537 4454 τῶν
566 4398 851 4468 γλωσσῶν,
903 4401 1055 4470 ὅμως
1082 4399 1162 4461 εἰς
1196 4397 1367 4470 μέθην
1404 4398 1464 4450 το
1497 4397 1683 4467 θαῦμα
1718 4398 1983 4471 διασύρειι

2099 4399 2283 4454 culum
2338 4395 2645 4463 intelligere
2691 4405 2801 4445 non
2848 4388 3130 4458 putabant.
3194 4380 3667 4449 Quemadmodum

428 4490 838 4561 ἀπετόλμησαν.
886 4488 1030 4561 Ὅρα
1084 4488 1142 4542 δὲ
1202 4490 1297 4543 καὶ
1358 4491 1719 4562 κακουργίαν.
1775 4492 1983 4559 Ἐπειδὶ

2099 4492 2422 4553 enim,entn
2463 4482 2725 4538 Dominus
2777 4478 3003 4548 ejiceret
3050 4473 3342 4537 daemonia,
3396 4471 3669 4539 intellige-

426 4582 693 4637 ἀπίθανον
716 4576 786 4653 ἦν
805 4580 866 4635 τὸ
881 4579 1100 4651 μεθύειν
1129 4582 1187 4634 ἐν
1218 4579 1336 4653 ὥρα
1357 4581 1583 4654 τοιαύτῃ
1599 4622 1614 4647 ,
1644 4585 1736 4637 καὶ
1769 4584 2001 4654 μάλιστα

428 4675 751 4747 ἀνθρώπους
773 4675 831 4728 ἐν
860 4672 1126 4737 κινδύνοις
1142 4673 1236 4727 καὶ
1255 4674 1439 4743 φόϐοις
1462 4672 1903 4745 ἐξεταζομένους,
1933 4678 1999 4747 τῇ

433 4764 682 4835 ποιότητι
716 4763 777 4817 τὸ
810 4764 917 4816 πᾶν
967 4762 1353 4834 ἐπιγράφουσι,
1393 4765 1682 4827 Γλεύκους,
1727 4764 1999 4833 λέγοντες,

434 4853 848 4924 μεμεστωμένοι
904 4852 1061 4909 εἰσιν.
1088 4852 1257 4907 Ἔνθα
1288 4854 1397 4924 γὰρ
1446 4854 1726 4926 ἰταμότης,
1768 4855 1825 4908 ἒν
1851 4855 2005 4927 ζητεῖ

436 4946 597 5016 μόνον
624 4948 818 5011 εἰπεῖν,
850 4945 933 4998 ὅτι
960 4944 1182 5009 δήποτε,
1230 4946 1327 5015 οὐχ
1356 4947 1504 5010 ὅπως
1536 4965 1587 5000 τι
1616 4948 1777 5017 λόγου
1810 4949 2003 5019 ἐχόμε-

434 5055 524 5091 νον
552 5038 699 5091 εἴποι
723 5053 737 5068 ·
776 5037 863 5092 διὰ
888 5036 1047 5092 τοῦτο
1078 5037 1174 5091 καὶ
1200 5037 1228 5090 6
1248 5038 1463 5091 δοκοῦσι
1497 5041 2004 5111 περιεσκιασμένως

432 5131 631 5194 εἰπεῖν,
669 5129 873 5201 πολλῆς
920 5129 1112 5194 ἀνοίας
1160 5130 1321 5200 γέμει
1372 5132 1465 5184 καὶ
1505 5132 1725 5201 μανίας.
1767 5132 1910 5201 Ὅρα
1946 5131 2005 5185 δέ

432 5223 535 5294 τὴν
570 5222 776 5276 κακίαν
808 5222 903 5274 καὶ
923 5220 1031 5275 ἀπὸ
1053 5220 1147 5274 τοῦ
1178 5221 1371 5293 χρόνου
1423 5223 1518 5277 καλ⁵
1553 5222 1653 5294 τῆς
1677 5222 1826 5293 ὥρας
1848 5221 2003 5290 ἐλεγ-

435 5312 694 5383 χομένην.
732 5310 821 5363 Ἐν
849 5311 918 5381 τῇ
941 5310 1293 5382 Πεντηκοστῇ
1340 5311 1504 5366 πόθεν
1530 5312 1796 5380 γλεῦκος;
1838 5313 2003 5366 Γλεῦ-

431 5421 529 5469 κος
548 5404 658 5476 γὰρ
681 5401 903 5471 λέγεται
932 5403 960 5454 6
988 5401 1106 5466 νέος
1130 5399 1292 5467 οἶνος.
1340 5400 1475 5457 Εἶτα
1528 5405 1667 5475 μέθη
1706 5405 2001 5475 διαφόρους

437 5491 995 5564 γλώσσαςδίδωσιν,ἢ
1030 5494 1123 5548 καὶ
1146 5498 1245 5565 τὴν
1281 5495 1505 5549 observ“
1532 5495 1817 5566 ἀφανίζεις
1856 5497 1998 5565 Ὅρα

2103 4582 2233 4636 baut
2256 4579 2477 4649 quidem
2520 4582 2574 4631 et
2599 4572 2858 4629 videbant
2881 4567 3152 4638 prodigia,
3175 4580 3296 4635 quae
3325 4562 3547 4625 ﬁebant,
3575 4560 3672 4616 sed

2102 4688 2224 4730 cum
2273 4668 2495 4725 laudare
2539 4666 2822 4726 deberent,
2860 4657 3144 4713 Beelzebul
3180 4657 3253 4710 illi
3312 4651 3671 4721 objiciebant,

2102 4766 2321 4819 morbos
2361 4762 2486 4817 item
2522 4772 2714 4812 omnes
2744 4764 2798 4809 et
2834 4751 3150 4807 aﬂectioncs
3183 4763 3308 4803 cum
3352 4745 3535 4800 curari
3592 4744 3674 4799 vi-

2100 4858 2315 4919 derent,
2360 4869 2426 4907 ex
2472 4848 2723 4906 miriﬁcis
2751 4844 3011 4916 cperibus
3041 4841 3259 4897 invidiae
3301 4847 3355 4894 et
3383 4834 3676 4894 calumnia:

2100 4957 2155 5005 et
2185 4945 2350 5003 caedis
2384 4944 2667 4999 materiam
2708 4937 3016 4994 sumebant.
3067 4933 3146 4988 ita
3180 4933 3346 4988 etiam
3394 4944 3566 4993 nunc,
3590 4935 3675 4984 et-

2103 5041 2280 5099 sinon
2307 5042 2561 5110 poterant
2596 5047 2796 5105 negare
2818 5031 3163 5101 inepinatum
3213 5025 3370 5091 illud,
3419 5023 3674 5094 quodque

2102 5142 2355 5188 naturam
2379 5123 2895 5199 superabatdonum
2914 5123 3249 5191 linguarum,
3279 5125 3461 5170 tamen
3494 5114 3675 5167 ebrie-

2105 5231 2269 5277 tatem
2330 5219 2658 5288 objicientes
2699 5212 2968 5269 miraculo
3014 5212 3324 5266 obtrectare
3370 5201 3666 5257 audebant.

2107 5312 2491 5367 Animadverte
2555 5316 2735 5363 autem
2814 5306 2975 5361 etiam
3052 5299 3338 5356 malitiam.
3401 5291 3670 5359 Quoniam

2108 5404 2252 5459 enim
2287 5403 2434 5458 dictu
2464 5400 2763 5457 absurdum
2790 5406 2845 5453 et
2874 5410 2981 5451 non
3013 5388 3294 5463 probabile
3324 5390 3444 5439 erat
3473 5380 3527 5436 in
3573 5380 3670 5436 tali

2106 5497 2240 5550 hora
2273 5495 2454 5550 ebrios
2477 5509 2621 5560 esse,
2680 5487 2981 5562 praesertim
3024 5480 3292 5545 homines,
3324 5488 3461 5547 quos
3489 5473 3546 5529 in
3578 5487 3675 5547 pe-

1624 5655 1823 5717 Variae
1854 5653 2167 5715 lectiones
2198 5656 2258 5712 et
2286 5658 2474 5713 nota).

519 5783 676 5838 “10'.
713 5784 948 5849 ἡκακία.
1028 5784 1068 5815 ⁸⁸
1102 5783 1451 5851 ἀρέσκεσθαι,
1485 5793 1618 5837 erat.
1700 5782 1742 5813 ¹⁶
1764 5778 1973 5844 ούσέαν,
1996 5786 2135 5831 erat.
