4068 6210
380 590 381 593 η
423 556 743 623 Ubicunque
801 554 945 609 enim
1001 554 1301 622 petulantia
1348 565 1453 618 est,
1503 571 1669 609 unum
1724 555 1989 609 duntaxat

390 5368 415 5429 Ι

420 3100 550 3156 rem
578 3103 591 3139 :
621 3095 675 3143 et
708 3088 949 3142 omnium
992 3090 1108 3159 ipse
1138 3101 1328 3145 orator
1350 3100 1490 3146 erat.
1521 3092 1878 3148 Assistebant‘
1899 3110 2001 3148 au.-

419 258 524 323 539
1342 265 1923 330 THEOPIIYLACTI
1960 266 2368 328 BULGARLE
2410 266 2761 329 ARCHIEP.
3558 259 3667 323 540

420 374 598 429 riculo
640 388 706 429 ac
753 381 896 427 metu
947 370 1154 427 versari
1207 380 1510 436 constaret,
1564 374 1816 443 qualitati
1874 389 1989 429 rem

2108 375 2149 427 Ξὲ
2191 377 2244 429 τί
2292 376 2693 439 κατασκευάζει
2722 373 2853 438 θεός
2879 390 2894 405 ο
2937 374 2984 427 εἰ
3018 374 3094 444 μὴ
3132 372 3405 441 ὑπενοήθη
3436 370 3666 441 ἡχλεύη,

420 480 636 518 οιιιιιειιι
669 461 990 517 ascribunt:
1040 460 1236 525 Musto,
1268 461 1546 532 inquiunt,
1580 464 1774 534 repleti
1833 473 1983 518 sunt.

2108 465 2444 535 παρῃτοῦντο
2512 468 2560 519 ol
2627 464 2867 519 Ἰουδαῖοι
2920 463 3184 517 εἰσελθεῖν
3254 462 3348 517 καὶ
3410 460 3662 519 ἀκοῦσαι.

2095 554 2483 627 Συνεχώρησεν
2515 557 2543 608 ὁ
2585 554 2752 620 Θεὸς,
2814 553 2902 607 ἵνα
2955 554 2989 622 ἡ
3025 551 3190 623 χλεύη
3255 550 3483 613 πολλοὺς
3536 567 3665 604 συν-

423 648 613 718 quaerit
643 645 791 715 quod
823 645 991 706 dicat,
1022 644 1388 715 quodcun‘lue
1418 643 1635 702 tande'm
1667 646 1850 701 fuerit:
1875 663 1987 702 non
2097 647 2305 718 αγάγῃ.
2620 702 2627 707 ,
3154 635 3157 638 ’

421 752 484 797 ut
511 738 714 808 aliquid
764 737 931 798 dicat.
969 738 1114 807 quod
1163 740 1373 794 ratione
1417 741 1625 795 nitatur
1653 758 1666 794 :
1699 749 1985 811 propterea
2024 742 2190 795 etiam
2229 741 2281 795 id
2302 739 2451 810 quod
2476 739 2731 794 videnlur
2759 737 3087 792 obumltrate
3117 751 3181 791 ac
3240 743 3380 792 tecte
3436 735 3662 801 dixisse,

421 832 607 886 multa:
635 829 885 884 amentiae
907 818 1071 898 atque
1112 830 1249 884 adeo
1277 830 1478 886 furoris
1522 834 1738 901 plenum
1766 842 1872 888 est.
1900 831 2031 889 Vide
2070 841 2252 889 autem
2283 832 2570 894 malitiam.
2598 846 2719 901 qua!
2741 841 2791 887 et
2820 847 2851 887 a
2894 839 3140 900 tempore
3167 828 3321 894 anni,
3343 837 3398 881 et
3430 828 3498 882 ab
3529 828 3663 881 hora

425 923 778 979 convincitur
820 921 926 992 25
962 930 1016 978 et
1069 922 1358 979 refutatur.
1410 924 1467 979 ln
1522 927 1609 980 die
1641 925 1994 983 Pentecostes
2035 929 2181 983 unde
2244 925 2522 982 mustum?
2570 926 2807 980 Mustum
2877 925 3021 979 enim
3062 923 3265 979 dicitur
3335 936 3536 975 novum
3577 922 3664 974 vi-

426 1028 576 1067 num.
611 1012 816 1067 Deinde
848 1014 1086 1068 ebrietas
1130 1025 1311 1069 utrum
1364 1016 1608 1071 diversas
1656 1016 1871 1089 linguas
1903 1020 2152 1090 largitur,
2202 1035 2271 1075 an
2306 1021 2472 1076 etiam
2506 1034 2648 1083 eam,
2723 1032 2846 1086 quae
2925 1018 3185 1086 suppetit,
3242 1015 3545 1084 corrumpit
3613 1028 3667 1078 ει

426 1105 758 1162 labefactat?
788 1107 924 1161 V’ide
980 1119 1158 1162 autem
1210 1110 1341 1179 quid
1382 1111 1637 1164 moliatur
1692 1111 1852 1172 Deus.
1883 1111 1996 1170 Nisi
2039 1115 2314 1169 cavillatio
2362 1121 2617 1184 suspecta
2671 1109 2889 1174 luisset,
2937 1108 3110 1165 Judaei
3179 1113 3528 1163 recusassent
3587 1105 3667 1158 in-

428 1212 574 1254 trare
599 1206 653 1253 et
687 1197 895 1252 audire.
934 1196 1186 1254 Permisit
1224 1200 1386 1265 Dens,
1421 1210 1477 1254 ut
1510 1204 1788 1259 cavillatio
1818 1206 2016 1262 multos
2055 1215 2431 1276 congregaret.

496 1307 661 1362 Vsus.
704 1306 792 1360 H.
821 1306 980 1362 Stans
1007 1321 1176 1362 autem
1210 1310 1395 1364 Petrus
1424 1328 1528 1365 una
1564 1330 1682 1367 cum
1708 1315 1816 1369 illis
1841 1316 1997 1370 unde-

2170 1318 2416 1383 Σταθεὶς
2438 1316 2506 1369 δὲ
2535 1315 2749 1384 Πέτρος
2782 1314 2904 1369 σὺν
2925 1313 3049 1380 τοῖς
3079 1312 3315 1373 ἕνδεκα,
3344 1309 3534 1377 ἐπῆρε
3556 1309 3666 1375 τὴν

427 1399 549 1464 vim,
588 1400 699 1453 alta
719 1417 837 1453 voce
873 1398 1008 1454 dixit
1046 1403 1113 1454 ad
1145 1419 1229 1455 eos
1257 1418 1276 1457 :
1308 1404 1632 1472 Viriludwi,
1678 1417 1727 1461 et
1767 1410 1997 1464 universi

2108 1408 2316 1476 φωνὴν
2343 1406 2554 1468 αὑτοῦ.
2584 1408 2683 1460 καὶ
2715 1404 3130 1475 ἀπεφθέγξατο
3159 1403 3393 1469 αὐτοῖς’
3420 1403 3667 1470 ’Ἄνδρες

428 1489 752 1545 habitatores
796 1491 1306 1562 Hierosolymorum,
1343 1496 1439 1551 hoc
1474 1498 1617 1554 vobis
1675 1510 1854 1555 notum
1906 1504 1996 1569 sit,

2111 1499 2375 1554 Ἰουδαῖοι
2405 1498 2502 1552 καὶ
2528 1503 2582 1553 ol
2606 1498 3028 1562 κατοικοῦντες
3057 1495 3453 1565 Ἰερουσαλὴμ
3477 1495 3665 1549 ἄπαν-

426 1591 475 1634 ει
505 1582 722 1636 auribus
751 1583 999 1651 percipite
1032 1584 1184 1638 verba
1216 1603 1355 1639 mea.

2108 1607 2198 1656 τες
2219 1630 2235 1656 ,
2266 1591 2442 1644 τοῦτο
2478 1591 2620 1660 ὑμῖν
2647 1591 2918 1659 γνωστὸν
2948 1589 3105 1643 ἔστω
3133 1626 3148 1653 ,
3178 1586 3276 1641 καὶ
3304 1587 3668 1643 ἐνωτίσασθε

2103 1683 2174 1737 τὰ
2196 1681 2437 1751 ῥήματά
2459 1699 2598 1752 μου.

501 1778 663 1834 Vens.
699 1780 786 1834 15.
820 1779 961 1834 Nam
987 1783 1078 1836 isti
1104 1800 1228 1847 non,
1262 1794 1319 1837 ut
1351 1800 1438 1839 vos
1479 1788 1845 1855 sttspicamiui,
1866 1790 1999 1845 ebrii

430 1879 585 1923 sunt:
610 1881 687 1926 est
715 1874 851 1926 enim
879 1873 1009 1927 liora
1039 1875 1145 1928 diei
1162 1878 1339 1930 tertia.

2176 1794 2258 1845 Οὐ
2292 1792 2419 1861 γὰρ.
2444 1792 2525 1857 ὡς
2548 1792 2714 1861 ὑμεῖς
2736 1791 3209 1859 ὑπολαμϐάνετε,
3228 1785 3302 1846 οὗ
3310 1808 3392 1845 τοι
3417 1790 3668 1860 μεθύου-

2104 1897 2208 1937 σιν
2228 1898 2241 1913 ⁸
2269 1883 2399 1937 ἔστι
2432 1884 2541 1952 γὰρ
2562 1883 2682 1951 ὥρα
2711 1884 2875 1951 τρίτη
2908 1882 3016 1950 τῆς
3048 1881 3287 1951 ἡμέρας.

502 1980 697 2038 Vidisti
726 1983 834 2038 illic
864 1986 1261 2055 providentiam
1302 1999 1356 2043 et
1386 1990 1808 2047 sollicitudinem
1836 2007 1854 2046 :
1882 1995 1997 2052 vide

2178 1990 2333 2058 Εἶδες
2380 1997 2498 2050 ἐκεῖ
2545 1994 2898 2067 κηδεμονίαν·
2930 1995 3032 2065 ὅρα
3077 1994 3258 2063 δὲτὴν
3291 1993 3537 2064 ἀνδρείαν
3581 1997 3670 2048 ἐν.

432 2076 559 2130 item
614 2075 988 2133 fortitudinem
1035 2080 1139 2136 hic.
1204 2080 1338 2135 Nam
1394 2084 1437 2137 si
1478 2099 1672 2139 omnes
1718 2087 1997 2145 auditores

2108 2085 2296 2140 ταῦοα.
2355 2087 2417 2139 El
2473 2085 2581 2157 γὰρ
2634 2083 3009 2155 θαυμάζοντας
3054 2080 3168 2154 εἶχε
3217 2085 3345 2149 τοὺς
3400 2087 3669 2157 ἀκροατὰς

431 2165 763 2223 admirantes
791 2167 1090 2234 habuisset,
1126 2186 1306 2225 annon
1347 2175 1509 2228 etiam
1535 2175 1614 2230 sic
1643 2177 1891 2234 miranda
1918 2195 1997 2235 res

2108 2177 2338 2240 πάντας,
2373 2176 2493 2249 οὐχὶ
2528 2176 2621 2230 καὶ
2670 2175 2811 2229 οὕτω
2855 2175 3163 2245 θαυμαστὸν
3200 2170 3267 2244 ἦν
3307 2175 3508 2245 μεταξὺ
3550 2194 3672 2229 τοσ-

434 2255 651 2322 fuisset,
683 2263 728 2314 si
770 2262 935 2315 homo
966 2261 1281 2317 litterarum"
1321 2264 1606 2335 imperitus
1655 2278 1710 2323 et
1752 2268 1917 2326 idiota
1948 2272 1997 2326 in

2108 2268 2281 2322 ούτων
2331 2268 2490 2340 ῥῆξαι
2556 2270 2738 2340 φωνὴν
2809 2268 3097 2338 ἄνθρωπον
3155 2268 3515 2339 ἀγράμματον
3581 2271 3673 2322 καὶ

432 2358 582 2402 tanta
607 2350 955 2407 multitudine
984 2367 1166 2407 vocem
1211 2355 1492 2423 rupisset?
1523 2357 1629 2411 Sed
1659 2373 1786 2413 eum
1826 2360 1997 2414 etiam

2112 2359 2331 2431 ἰδιώτην
2355 2378 2369 2426 ;
2400 2360 2487 2414 ὅτε
2512 2360 2567 2413 δὲ
2599 2359 2694 2414 καὶ
2722 2358 2999 2428 γελῶντας
3037 2359 3130 2413 καὶ
3159 2357 3439 2428 φανὼντας
3465 2360 3531 2423 ",
3564 2359 3671 2421 πῶς

433 2438 730 2499 irridentes
755 2450 807 2497 et
835 2444 901 2496 ad
933 2445 1135 2500 eadem
1169 2460 1468 2517 prOpensos
1502 2447 1727 2504 haberet
1778 2452 1997 2508 audito-

2109 2451 2231 2522 οὐχὶ
2274 2450 2414 2520 ὑπὲρ
2468 2449 2791 2521 ἂνθρωπον;
2847 2450 2985 2502 Ἀλλ’
3012 2450 3135 2519 ὅρα,
3162 2448 3363 2512 εὐθέως
3416 2448 3523 2503 ἀπὸ
3574 2449 3671 2518 τῆς

432 2546 544 2597 res,
569 2533 663 2601 qui
692 2536 866 2601 potuit
893 2550 982 2590 res
1012 2551 1119 2592 non
1153 2552 1275 2593 esse
1321 2554 1484 2608 super
1524 2540 1816 2595 humanam
1872 2556 1997 2598 con-

2111 2544 2296 2613 φωνῆς
2344 2540 2555 2613 ἐλέγχει
2583 2539 2681 2611 τὴν
2727 2538 3110 2609 συκοφαντίαν,
3147 2541 3228 2593 ὅτι
3273 2526 3331 2593 οὐ
3365 2537 3649 2613 μεθύουσιν

433 2624 729 2681 ditionem?
755 2625 859 2681 Sed
891 2628 1036 2695 vide,
1064 2637 1121 2683 ut
1154 2632 1335 2685 statim
1368 2634 1529 2687 simul
1575 2649 1639 2689 ac
1672 2650 1859 2691 vocem
1888 2637 1997 2691 edi-

2122 2631 2263 2685 Ἀλλ’
2303 2632 2421 2685 οὐδὲ
2451 2632 2530 2686 ὅτι
2566 2631 2914 2702 ὲξεστήκασι,
2948 2630 3196 2699 καθάπερ
3227 2631 3276 2683 οἱ
3310 2624 3674 2702 prava-aegr“

433 2716 534 2777 dit,
553 2715 884 2772 calumniam
916 2718 1138 2784 refutet,
1164 2730 1215 2776 et
1232 2724 1527 2781 ostendens
1549 2725 1674 2781 illos
1692 2741 1801 2781 non
1824 2726 1997 2783 ebrios

2110 2723 2166 2777 δέ
2200 2724 2337 2789 ἐστι,
2370 2723 2465 2777 σὺν
2487 2723 2597 2787 τοῖς
2622 2721 2842 2784 ἓνδεκας
2871 2723 3070 2793 Κοινὴν
3093 2722 3427 2792 προεϐάλετο
3449 2719 3675 2790 γνώμην

435 2822 580 2875 esse,
625 2823 689 2863 ac
717 2825 785 2864 ne
816 2812 1047 2889 alienga
1075 2814 1294 2883 quidem
1332 2832 1454 2873 esse
1486 2828 1690 2889 mente,
1739 2819 1997 2889 quemad-

2114 2815 2205 2869 καί
2238 2818 2423 2886 φωνήν
2446 2829 2460 2843 ⁶
2512 2813 2608 2866 καὶ
2642 2813 2857 2868 πάντων
2892 2811 3055 2875 αὐτὸς
3088 2807 3155 2882 ἦν
3202 2810 3262 2864 τδ
3303 2810 3493 2882 στόμα.
3527 2810 3676 2883 Παρ-

435 2902 653 2971 modnm
712 2874 1122 2989 furiosif'duid
1157 2914 1241 2961 est
1284 2920 1491 2973 autem,
1551 2925 1657 2963 una
1713 2926 1835 2964 cum
1899 2910 1997 2966 illis

2111 2874 2456 2978 ειστηκεισαν
2492 2905 2549 2958 δὲ
2600 2904 2650 2957 οἱ
2707 2903 2921 2971 ἕνδεκα,
2948 2874 3060 2966 τοῖς
3107 2874 3418 2972 λεγομένοις
3468 2874 3673 2972 μαρτυ-

435 2993 1100 3051 undecim?Communem
1144 3000 1426 3067 proposuit
1460 3001 1783 3054 sententiam
1818 3009 1872 3055 et
1902 3017 1997 3058 vo-

2111 2998 2353 3070 ροῦντες.
2383 2994 2568 3060 Τὸ-δὲ,
2603 2994 2778 3065 ἐπῆρε
2825 2993 2922 3065 τὴν
2954 2994 3136 3064 φωνὴν
3162 2992 3360 3061 αὑτοῦ,
3403 2993 3670 3055 τουτέστι,

2113 3086 2253 3157 μετὰ
2304 3084 2505 3153 πολλῆς
2554 3083 2900 3155 παρρησίαςο
2951 3083 3038 3137 ἵνα
3095 3081 3295 3145 εὐθέως
3349 3081 3671 3152 ἀρχομένου,

438 3184 543 3229 tem
578 3177 771 3247 reliqui
805 3179 1082 3246 undecim,
1118 3195 1181 3235 ea
1221 3196 1343 3248 quae
1376 3181 1720 3248 dicebantur,
1751 3185 1997 3239 testimo-

2113 3178 2325 3248 μάθωσι
2382 3174 2475 3229 τοῦ
2553 3173 2870 3246 Πνεύματος
2931 3174 3031 3245 τὴν
3090 3173 3268 3244 χάριν.
3323 3173 3379 3227 Ὁ
3437 3174 3543 3243 γὰρ
3601 3172 3675 3244 μὴ

439 3269 529 3323 nio
557 3283 659 3324 suo
677 3270 1293 3351 comprobanlcsD-Quod
1325 3280 1504 3326 autem
1528 3273 1681 3337 dicit,
1715 3275 1824 3327 alta
1845 3290 1997 3341 voce.

2110 3269 2347 3339 ἐνεγκὼν
2371 3268 2638 3340 ἐρώτησιν
2668 3267 2928 3340 κορασίου
2959 3266 3229 3332 εὐτελοῦς,
3253 3262 3405 3329 οὗτος
3437 3268 3495 3319 ὲν
3528 3266 3679 3335 μέσῳ

436 3357 489 3413 id
520 3366 627 3423 est,
652 3374 776 3415 cum
806 3362 976 3416 multa
1002 3348 1231 3416 fiducia:
1260 3369 1318 3417 ut
1337 3363 1516 3417 statim
1549 3363 1603 3417 in
1624 3364 1777 3419 initio
1802 3365 1997 3419 scirent

2109 3365 2298 3435 δήμων
2334 3362 2619 3432 φονώντων
2662 3363 2801 3432 μετὰ
2832 3360 3101 3430 τοσαύτης
3133 3359 3438 3428 διαλέγεται
3464 3361 3681 3430 παρρη-

437 3448 665 3516 gratiam
693 3448 950 3519 Spiritus.
972 3448 1075 3516 Qui
1104 3451 1243 3505 enim
1270 3466 1377 3506 non
1403 3453 1739 3507 sustinuerat
1769 3452 1997 3508 interro-

2112 3452 2252 3514 σίας.
2285 3450 2803 3525 [ΣΕΥΗΡΙΑΝΟΥ.]
2835 3450 2948 3522 Πρὸ
2976 3447 3071 3503 τοῦ
3104 3447 3356 3513 δέξασθαι
3386 3449 3483 3511 τὰς
3510 3447 3683 3516 γλὼσσ

436 3539 709 3610 gationem
741 3541 863 3597 vilis
890 3541 1105 3612 puellae,
1153 3542 1241 3599 hic
1270 3543 1325 3598 in
1364 3543 1542 3598 medio
1589 3544 1997 3599 multitudinum

2117 3559 2237 3606 σας,
2279 3545 2307 3595 ὁ
2359 3542 2565 3614 Πέτρος
2609 3540 2714 3595 ὑπὸ
2762 3543 2893 3612 μιᾶς
2933 3537 3224 3610 παιδίσκης
3264 3536 3614 3611 ἐρωτώμενος
3640 3535 3682 3566 ’⁸

440 3632 506 3685 ad
539 3634 740 3687 etedcm
766 3632 1159 3688 inclinatarum
1182 3650 1306 3690 cum
1327 3642 1477 3689 tanta
1510 3634 1707 3689 llducia
1734 3635 1899 3689 Verba
1933 3634 1997 3688 fa-

2112 3633 2394 3705 ὲφοϐήθη,
2466 3633 2560 3688 καὶ
2638 3632 2810 3702 λέγει·
2871 3631 2985 3685 Οὐκ
3040 3627 3159 3685 οῖδα
3222 3628 3314 3682 τὸν
3378 3627 3679 3699 ἄνθρωπον.

437 3721 530 3775 cit.
556 3724 854 3793 Antequam
889 3727 1190 3795 accepisset
1214 3724 1418 3781 donum
1443 3726 1774 3797 linguarum,
1799 3725 1997 3782 Petrus

2123 3724 2270 3778 Ἐκεῖ
2303 3725 2401 3795 μία
2446 3725 2706 3793 παιδίσκη
2748 3724 2843 3778 καὶ
2878 3724 3049 3778 δειλία
3080 3722 3251 3793 πολλή
3274 3739 3288 3755 ο
3334 3717 3435 3776 ὧδε
3482 3721 3682 3792 πλῆθος

438 3826 561 3866 cum
611 3811 680 3867 ab
733 3827 841 3867 una
897 3815 1071 3884 puella
1123 3816 1579 3887 interrogaretur,
1625 3817 1851 3872 territus
1883 3824 1997 3881 est,

2118 3816 2363 3887 ἄπειρον,
2400 3816 2494 3870 καὶ
2536 3818 2686 3886 φωνὴ
2725 3814 3218 3886 εὐπαρρησίαστος.
3249 3812 3362 3866 Οὐκ
3391 3809 3509 3866 εἷπε
3534 3810 3589 3864 δὲ
3613 3811 3681 3877 ⁸⁸,

440 3917 501 3956 ac
531 3900 701 3958 dixit:
733 3900 849 3958 Non
875 3905 1001 3960 novi
1029 3905 1326 3961 hominem.
1361 3907 1479 3961 lllic
1503 3923 1609 3961 una
1637 3906 1814 3977 puella
1843 3917 1997 3977 atquc

2123 3909 2215 3973 Ὠς
2240 3911 2393 3979 ὑμεῖς
2414 3908 2718 3980 χλευάζετε,
2756 3905 2901 3961 οὗτοι
2935 3906 3222 3978 μεθύουσιν
3242 3920 3255 3935 ο
3294 3903 3429 3970 ἀλλ’,
3451 3903 3525 3966 ὡς
3548 3903 3682 3954 ὑπο·
3716 3906 3721 3939 π

440 3993 702 4050 timiditas
745 3997 949 4062 multa;
983 3997 1071 4051 hic
1105 3996 1317 4050 infinita
1351 3997 1664 4061 multitudo,
1690 4005 1744 4052 et
1774 4012 1875 4050 vox
1929 3998 1997 4051 iu-

2115 4002 2464 4068 λαμδάνετε,
2523 4000 2927 4071 ἐπιεικέστερον
2978 3997 3388 4068 φθεγγόμενος,
3446 3995 3541 4047 καὶ
3586 3994 3684 4047 οὐκ

440 4087 651 4157 trepida
688 4097 853 4156 atque
906 4087 1116 4141 ﬁduciae
1157 4088 1338 4157 plena.
1368 4086 1487 4141 Non
1517 4088 1654 4142 dixit
1697 4098 1876 4143 autem
1900 4129 1915 4154 ,
1952 4098 1997 4142 ut

2114 4093 2368 4165 ἐπίτηδες
2386 4091 2493 4146 ἀπὸ
2517 4090 2853 4162 κακουργίας
2883 4088 3202 4161 βουλόμενος
3233 4087 3278 4119 ²⁰
3303 4086 3497 4147 αὐτοὺς
3519 4080 3685 4147 δεῖξαι

440 4192 536 4231 vos
567 4177 914 4242 cavillamini,
947 4178 1035 4230 isti
1067 4176 1201 4231 ebrii
1244 4193 1349 4230 non
1374 4186 1539 4230 sunt:
1583 4177 1700 4243 sed,
1739 4184 1796 4230 ut
1835 4178 1997 4246 suspi-

2113 4185 2308 4240 τοῦτο’
2344 4185 2629 4254 λέγοντας*
2682 4184 2818 4238 ἀλλὰ
2890 4182 3027 4244 τέως
3096 4177 3436 4251 περιτίθησιν
3503 4177 3686 4236 αὐτοῖς

438 4274 667 4329 camini:
712 4274 900 4329 mitius
926 4273 1070 4328 enim
1096 4272 1422 4344 loquebatur
1441 4314 1455 4339 ,
1483 4281 1537 4327 et
1566 4274 1780 4327 nolebat
1812 4282 1997 4328 osteu-

2108 4277 2350 4344 ἄγνοιαν,
2394 4277 2455 4329 ού
2490 4275 2757 4345 πονηρίας
2789 4273 3077 4344 ἔγκλημα,
3107 4271 3475 4341 προοδοποιῶν
3503 4270 3685 4332 αὐτοῖς

437 4363 587 4429 dere,
623 4363 802 4418 dedita
839 4378 1003 4433 opera
1035 4372 1199 4434 atque
1226 4362 1459 4433 maligne
1487 4363 1609 4418 illos
1639 4364 1741 4418 hoc
1765 4364 1951 4418 dicere
1977 4379 1991 4417 :

2109 4367 2206 4439 τὴν
2237 4368 2594 4436 ἐπιστροφήν.
2636 4368 2746 4421 Καὶ
2797 4367 2850 4421 τί
2888 4365 3066 4429 τοῦτο,
3094 4365 3207 4419 Οὔκ
3239 4363 3317 4417 ἔνι
3351 4362 3471 4435 ὥρᾳ
3518 4362 3684 4432 τρίτῃ

439 4455 533 4509 sed
577 4456 733 4511 initio
764 4454 1131 4524 ignorantiam
1166 4454 1272 4509 illis
1295 4453 1564 4519 attribuit,
1602 4471 1710 4510 non
1745 4455 1997 4526 improbi-

2115 4456 2372 4527 μεθύειν;
2410 4455 2549 4508 Ἀλλ’
2582 4456 2680 4509 οὐκ
2723 4456 2874 4509 ἐσται
2904 4459 2945 4488 ἰ
2996 4455 3131 4525 πρὸς
3173 4454 3363 4508 τοῦτο·
3409 4454 3530 4508 οὐδὲ
3579 4454 3683 4525 γὰρ

439 4550 567 4604 tatis
605 4550 807 4618 arguit,
839 4551 981 4604 viam
1016 4549 1382 4619 prtemuniens
1415 4548 1524 4604 illis
1571 4551 1637 4605 ad
1678 4551 1997 4606 conversio-

2120 4552 2319 4602 ἐκεῖνοι
2348 4547 2520 4612 σ’ύτως
2553 4546 2697 4619 εἶχον
2743 4550 2870 4618 περὶ
2906 4548 3114 4602 αὐτῶν·
3160 4548 3294 4602 ἀλλὰ
3343 4545 3685 4615 διασύροντες

437 4651 585 4691 nem.
632 4640 696 4692 Et
736 4639 865 4708 quid
920 4640 1024 4693 hoc
1060 4649 1176 4702 est,
1212 4654 1317 4693 non
1367 4640 1545 4695 solent
1597 4642 1843 4697 homines
1870 4641 1997 4696 ebrii

2117 4643 2211 4695 καὶ
2244 4641 2598 4713 χλευάζοντες
2630 4641 2801 4706 οὕτως
2827 4642 3030 4710 ἔλεγον.

440 4745 564 4787 esse
592 4729 727 4784 hora
758 4731 958 4785 tertia?
982 4730 1088 4786 Sed
1130 4731 1183 4785 in
1212 4732 1317 4788 hoc
1348 4748 1458 4788 non
1494 4733 1841 4788 immoratur.
1870 4731 2058 4803 Neque
2082 4734 2226 4790 enim
2268 4736 2347 4790 illi
2381 4736 2454 4790 ita
2485 4734 2793 4791 sentiebant
2825 4733 2893 4788 de
2931 4733 2998 4787 iis
3024 4748 3037 4784 :
3075 4731 3170 4788 sed
3199 4732 3574 4788 obtrectantes
3630 4722 3681 4784 ει

439 4822 756 4881 cavillantes
785 4824 859 4879 ita
888 4824 1160 4882 dicebant.

508 4917 676 4972 Vsus.
712 4917 797 4975 l6.
832 4916 936 4974 Sed
966 4919 1061 4974 hoc
1078 4928 1179 4990 est,
1211 4921 1348 4992 quod
1390 4921 1590 4975 dictant
1635 4927 1710 4973 est
1732 4933 1824 4987 per
1885 4934 2011 4987 pro-

2204 4914 2386 4970 Ἀλλὰ
2421 4913 2597 4968 τοῦτό
2644 4912 2772 4965 ἐστι
2822 4910 2887 4964 τὸ
2927 4908 3241 4979 εἰρημένον
3277 4907 3375 4963 διὰ
3410 4907 3515 4962 τοῦ
3542 4920 3683 4975 προ·

436 5010 644 5078 pltelam
667 5007 866 5064 Joelem
896 5026 915 5066 .°

2118 5006 2313 5078 φήτου
2356 5003 2531 5070 Ἰωήλ
2553 5020 2565 5034 ·

2193 5118 2299 5172 Καὶ
2330 5117 2502 5171 ἔσται
2539 5115 2608 5169 ἐν
2646 5113 2773 5180 ταῖς
2812 5110 3097 5182 ἐσχάταις
3143 5111 3408 5179 ἡμέραις,
3440 5110 3601 5180 λέγει
3650 5110 3684 5163 ὁ

2113 5208 2277 5274 Θεὸς,
2320 5205 2506 5275 ἐλιχεῶ
2559 5204 2677 5258 ἀπὸ
2708 5203 2813 5258 τοῦ
2858 5202 3203 5272 Πνεύματός
3217 5218 3337 5271 μου
3367 5200 3684 5257 ἐπιστᾶσαν

2111 5299 2326 5368 σάρκα,
2352 5297 2448 5352 καὶ
2482 5295 3012 5365 προφητεύσουσιν
3047 5296 3101 5348 ol
3135 5294 3249 5348 vlol
3288 5291 3452 5362 ὑμῶν
3486 5293 3579 5346 καί
3623 5293 3683 5345 al

507 5122 675 5178 Vens.
713 5122 798 5178 l7.
827 5121 894 5177 Et
918 5127 1118 5180 accidet
1144 5127 1197 5179 in
1220 5125 1465 5180 extremis
1496 5122 1701 5184 diebus,
1742 5105 1869 5174 dicit
1902 5120 2007 5176 Do-

440 5217 633 5281 minus,
656 5217 733 5286 e/f
730 5217 924 5272 undam
938 5217 1002 5272 de
1014 5218 1221 5283 Spiritu
1236 5234 1348 5272 meo
1363 5232 1517 5283 super
1532 5230 1735 5267 omnem
1754 5230 1964 5267 carnem
1983 5228 2001 5265 :

437 5316 485 5361 et
515 5307 897 5377 prophetabunt
920 5307 1020 5377 lilii
1046 5307 1224 5372 vestri,
1246 5316 1295 5361 et
1318 5306 1446 5373 lilia:
1477 5312 1682 5364 res-trav,
1713 5313 1763 5356 et
1778 5303 1998 5372 juvenes

1623 5480 1822 5544 Variae
1848 5480 2157 5543 lectiones
2197 5488 2257 5541 et
2286 5483 2479 5540 notae.

516 5601 556 5633 "
591 5606 905 5675 φωνῶντας,
955 5619 1087 5665 erat.
1190 5611 1235 5644 ’⁸
1278 5609 1671 5675 ἐρωτωμένου,
1720 5620 1851 5662 crat.
1963 5608 1997 5639 *τ

2112 5604 2263 5659 detur
2309 5602 2620 5666 desiderari,
2651 5599 2770 5670 ούχ.
2873 5599 2918 5631 ³ο
2947 5595 3259 5667 βαλόμενος,
3300 5600 3433 5646 crat.
3513 5591 3553 5620 "
3590 5589 3673 5641 ῖσ.

446 5669 469 5722 ἕ
516 5609 556 5633 "
591 5609 905 5675 φωνῶντας,
955 5619 1087 5665 erat.
1190 5611 1235 5644 ’⁸
1278 5609 1671 5682 ἐρωτωιιένως,
1720 5620 1851 5662 erat.

481 5686 598 5722 στη.

481 5686 598 5742 στη.
