  <div class='ocr_page' id='page_1' title='image "/cluster/home/n/w/nwhite01/storage/ocr_20150623/125/hvd.32044073502429/290.png"; bbox 0 0 4068 6210; ppageno 0'>
   <div class='ocr_carea' id='block_1_1' title="bbox 381 378 481 442">
    <p class='ocr_par' dir='ltr' id='par_1_1' title="bbox 381 378 481 442">
     <span class='ocr_line' id='line_1_1' title="bbox 381 378 481 442; baseline 0.03 -3"><span class='ocrx_word' id='word_1_1' title='bbox 381 378 481 442; x_wconf 70' lang='lat'><strong>541</strong></span> 
     </span>
    </p>
   </div>
   <div class='ocr_carea' id='block_1_2' title="bbox 1101 373 2887 444">
    <p class='ocr_par' dir='ltr' id='par_1_2' title="bbox 1101 373 2887 444">
     <span class='ocr_line' id='line_1_2' title="bbox 1101 373 2887 444; baseline 0.001 -6"><span class='ocrx_word' id='word_1_2' title='bbox 1101 375 1509 438; x_wconf 79' lang='lat' dir='ltr'><strong>EXPOSlTIO</strong></span> <span class='ocrx_word' id='word_1_3' title='bbox 1542 375 1622 436; x_wconf 81' lang='grc' dir='ltr'><strong>ΙΝ</strong></span> <span class='ocrx_word' id='word_1_4' title='bbox 1662 375 1852 436; x_wconf 72' lang='lat' dir='ltr'><strong>ACTA</strong></span> <span class='ocrx_word' id='word_1_5' title='bbox 1880 373 2459 438; x_wconf 66' lang='lat' dir='ltr'><strong>APOSTOIURUM.</strong></span> <span class='ocrx_word' id='word_1_6' title='bbox 2496 403 2561 413; x_wconf 84' lang='lat'><em>-</em></span> <span class='ocrx_word' id='word_1_7' title='bbox 2597 379 2758 444; x_wconf 85' lang='lat' dir='ltr'><strong>CAP.</strong></span> <span class='ocrx_word' id='word_1_8' title='bbox 2802 379 2887 440; x_wconf 93' lang='grc' dir='ltr'><strong>Ι[.</strong></span> 
     </span>
    </p>
   </div>
   <div class='ocr_carea' id='block_1_3' title="bbox 3530 381 3636 443">
    <p class='ocr_par' dir='ltr' id='par_1_3' title="bbox 3530 381 3636 443">
     <span class='ocr_line' id='line_1_3' title="bbox 3530 381 3636 443; baseline 0 0"><span class='ocrx_word' id='word_1_9' title='bbox 3530 381 3636 443; x_wconf 65' lang='grc'><strong>542</strong></span> 
     </span>
    </p>
   </div>
   <div class='ocr_carea' id='block_1_4' title="bbox 378 485 1942 561">
    <p class='ocr_par' dir='ltr' id='par_1_4' title="bbox 378 485 1942 561">
     <span class='ocr_line' id='line_1_4' title="bbox 378 485 1942 561; baseline -0.004 -16"><span class='ocrx_word' id='word_1_10' title='bbox 378 490 695 561; x_wconf 77' lang='grc' dir='ltr'><strong>θυγατέρες</strong></span> <span class='ocrx_word' id='word_1_11' title='bbox 724 488 911 560; x_wconf 82' lang='grc' dir='ltr'><em>ὑμῶν,</em></span> <span class='ocrx_word' id='word_1_12' title='bbox 957 488 1057 544; x_wconf 79' lang='grc' dir='ltr'><em>καὶ</em></span> <span class='ocrx_word' id='word_1_13' title='bbox 1081 489 1138 544; x_wconf 86' lang='grc' dir='ltr'><strong>οί</strong></span> <span class='ocrx_word' id='word_1_14' title='bbox 1179 487 1493 544; x_wconf 79' lang='grc' dir='ltr'><strong>νεανίσκοι</strong></span> <span class='ocrx_word' id='word_1_15' title='bbox 1522 486 1690 556; x_wconf 81' lang='grc' dir='ltr'><em>ὑμῶν</em></span> <span class='ocrx_word' id='word_1_16' title='bbox 1712 485 1942 554; x_wconf 76' lang='grc' dir='ltr'><em>ὁράσεις</em></span> 
     </span>
    </p>
   </div>
   <div class='ocr_carea' id='block_1_5' title="bbox 2044 485 3650 561">
    <p class='ocr_par' dir='ltr' id='par_1_5' title="bbox 2060 487 3650 557">
     <span class='ocr_line' id='line_1_5' title="bbox 2060 487 3650 557; baseline 0.001 -16"><span class='ocrx_word' id='word_1_17' title='bbox 2060 487 2218 542; x_wconf 79' lang='lat' dir='ltr'><strong>vestri</strong></span> <span class='ocrx_word' id='word_1_18' title='bbox 2251 487 2360 557; x_wconf 78' lang='lat'><strong>26</strong></span> <span class='ocrx_word' id='word_1_19' title='bbox 2393 488 2617 542; x_wconf 75' lang='lat' dir='ltr'><strong>visiones</strong></span> <span class='ocrx_word' id='word_1_20' title='bbox 2656 487 2927 554; x_wconf 79' lang='lat' dir='ltr'><strong>videbunt,</strong></span> <span class='ocrx_word' id='word_1_21' title='bbox 2966 497 3015 544; x_wconf 89' lang='lat' dir='ltr'><strong>et</strong></span> <span class='ocrx_word' id='word_1_22' title='bbox 3044 491 3278 545; x_wconf 83' lang='lat' dir='ltr'><strong>seniores</strong></span> <span class='ocrx_word' id='word_1_23' title='bbox 3314 489 3471 546; x_wconf 77' lang='lat' dir='ltr'><strong>uestri</strong></span> <span class='ocrx_word' id='word_1_24' title='bbox 3499 506 3650 545; x_wconf 38' lang='lat' dir='ltr'><strong>souis</strong></span> 
     </span>
    </p>
   </div>
   <div class='ocr_carea' id='block_1_6' title="bbox 377 578 1942 652">
    <p class='ocr_par' dir='ltr' id='par_1_6' title="bbox 377 578 1942 652">
     <span class='ocr_line' id='line_1_6' title="bbox 377 578 1942 652; baseline -0.003 -14"><span class='ocrx_word' id='word_1_25' title='bbox 377 585 633 652; x_wconf 69' lang='grc' dir='ltr'><em>ὄψονται</em></span> <span class='ocrx_word' id='word_1_26' title='bbox 657 620 672 645; x_wconf 91' lang='grc'><strong>,</strong></span> <span class='ocrx_word' id='word_1_27' title='bbox 732 582 829 635; x_wconf 75' lang='grc' dir='ltr'><strong>καί</strong></span> <span class='ocrx_word' id='word_1_28' title='bbox 891 584 946 636; x_wconf 90' lang='grc' dir='ltr'><strong>οί</strong></span> <span class='ocrx_word' id='word_1_29' title='bbox 1005 582 1393 651; x_wconf 80' lang='grc' dir='ltr'><em>πρεσϐύτεροι</em></span> <span class='ocrx_word' id='word_1_30' title='bbox 1477 578 1644 651; x_wconf 84' lang='grc' dir='ltr'><em>ὑμῶν</em></span> <span class='ocrx_word' id='word_1_31' title='bbox 1708 580 1942 635; x_wconf 81' lang='grc' dir='ltr'><em>ἐνύπνιι</em></span> 
     </span>
    </p>
   </div>
   <div class='ocr_carea' id='block_1_7' title="bbox 2044 578 2660 652">
    <p class='ocr_par' dir='ltr' id='par_1_7' title="bbox 2065 580 2660 649">
     <span class='ocr_line' id='line_1_7' title="bbox 2065 580 2660 649; baseline 0 -16"><span class='ocrx_word' id='word_1_32' title='bbox 2065 581 2168 634; x_wconf 90' lang='lat' dir='ltr'><strong>niis</strong></span> <span class='ocrx_word' id='word_1_33' title='bbox 2194 580 2592 649; x_wconf 75' lang='lat' dir='ltr'><strong>occupabantur</strong></span> <span class='ocrx_word' id='word_1_34' title='bbox 2618 581 2660 633; x_wconf 79' lang='grc' dir='ltr'><strong>ί.</strong></span> 
     </span>
    </p>
   </div>
   <div class='ocr_carea' id='block_1_8' title="bbox 376 672 994 736">
    <p class='ocr_par' dir='ltr' id='par_1_8' title="bbox 376 672 994 736">
     <span class='ocr_line' id='line_1_8' title="bbox 376 672 994 736; baseline -0.003 -9"><span class='ocrx_word' id='word_1_35' title='bbox 376 672 994 736; x_wconf 66' lang='grc' dir='ltr'><strong>ἐνυπνιασθήσονται.</strong></span> 
     </span>
    </p>
   </div>
   <div class='ocr_carea' id='block_1_9' title="bbox 450 761 1942 834">
    <p class='ocr_par' dir='ltr' id='par_1_9' title="bbox 450 762 1942 834">
     <span class='ocr_line' id='line_1_9' title="bbox 450 762 1942 834; baseline -0.003 -15"><span class='ocrx_word' id='word_1_36' title='bbox 450 766 564 819; x_wconf 85' lang='lat' dir='ltr'><strong>Kal</strong></span> <span class='ocrx_word' id='word_1_37' title='bbox 589 782 654 834; x_wconf 81' lang='grc' dir='ltr'><strong>γε</strong></span> <span class='ocrx_word' id='word_1_38' title='bbox 693 766 812 797; x_wconf 71' lang='grc' dir='ltr'><strong>’Μ’</strong></span> <span class='ocrx_word' id='word_1_39' title='bbox 841 764 939 817; x_wconf 78' lang='grc' dir='ltr'><strong>ἐπὶ</strong></span> <span class='ocrx_word' id='word_1_40' title='bbox 977 765 1119 831; x_wconf 83' lang='grc' dir='ltr'><em>τοὺς</em></span> <span class='ocrx_word' id='word_1_41' title='bbox 1148 764 1412 831; x_wconf 79' lang='grc' dir='ltr'><em>δούλους</em></span> <span class='ocrx_word' id='word_1_42' title='bbox 1449 781 1568 833; x_wconf 86' lang='grc' dir='ltr'><strong>μου</strong></span> <span class='ocrx_word' id='word_1_43' title='bbox 1603 763 1699 818; x_wconf 81' lang='grc' dir='ltr'><strong>καί</strong></span> <span class='ocrx_word' id='word_1_44' title='bbox 1732 762 1827 816; x_wconf 72' lang='grc' dir='ltr'><strong>ἐπὶ</strong></span> <span class='ocrx_word' id='word_1_45' title='bbox 1856 762 1942 828; x_wconf 72' lang='grc' dir='ltr'><em>τὰς</em></span> 
     </span>
    </p>
   </div>
   <div class='ocr_carea' id='block_1_10' title="bbox 2044 761 3642 834">
    <p class='ocr_par' dir='ltr' id='par_1_10' title="bbox 2060 761 3642 833">
     <span class='ocr_line' id='line_1_10' title="bbox 2060 761 3642 833; baseline 0.002 -20"><span class='ocrx_word' id='word_1_46' title='bbox 2060 764 2103 833; x_wconf 58' lang='lat' dir='ltr'><strong>ﬁ:</strong></span> <span class='ocrx_word' id='word_1_47' title='bbox 2140 762 2307 820; x_wconf 76' lang='lat' dir='ltr'><strong>Vens.</strong></span> <span class='ocrx_word' id='word_1_48' title='bbox 2346 763 2433 816; x_wconf 74' lang='grc'><strong>18.</strong></span> <span class='ocrx_word' id='word_1_49' title='bbox 2463 761 2534 816; x_wconf 85' lang='lat' dir='ltr'><strong>Et</strong></span> <span class='ocrx_word' id='word_1_50' title='bbox 2570 761 2781 832; x_wconf 85' lang='lat' dir='ltr'><strong>quidem</strong></span> <span class='ocrx_word' id='word_1_51' title='bbox 2803 778 2964 832; x_wconf 84' lang='lat' dir='ltr'><strong>super</strong></span> <span class='ocrx_word' id='word_1_52' title='bbox 2993 778 3169 816; x_wconf 83' lang='lat' dir='ltr'><strong>servos</strong></span> <span class='ocrx_word' id='word_1_53' title='bbox 3213 778 3353 816; x_wconf 85' lang='lat' dir='ltr'><strong>meos</strong></span> <span class='ocrx_word' id='word_1_54' title='bbox 3408 772 3457 817; x_wconf 84' lang='lat' dir='ltr'><strong>et</strong></span> <span class='ocrx_word' id='word_1_55' title='bbox 3488 779 3642 830; x_wconf 84' lang='lat' dir='ltr'><strong>super</strong></span> 
     </span>
    </p>
   </div>
   <div class='ocr_carea' id='block_1_11' title="bbox 379 851 1958 926">
    <p class='ocr_par' dir='ltr' id='par_1_11' title="bbox 379 851 1958 926">
     <span class='ocr_line' id='line_1_11' title="bbox 379 851 1958 926; baseline -0.001 -17"><span class='ocrx_word' id='word_1_56' title='bbox 379 856 607 921; x_wconf 81' lang='grc' dir='ltr'><em>δούλας</em></span> <span class='ocrx_word' id='word_1_57' title='bbox 632 870 754 923; x_wconf 84' lang='grc' dir='ltr'><strong>μου</strong></span> <span class='ocrx_word' id='word_1_58' title='bbox 783 856 853 908; x_wconf 87' lang='grc' dir='ltr'><em>ἐν</em></span> <span class='ocrx_word' id='word_1_59' title='bbox 888 854 1016 922; x_wconf 85' lang='grc' dir='ltr'><em>ταῖς</em></span> <span class='ocrx_word' id='word_1_60' title='bbox 1050 854 1299 926; x_wconf 76' lang='grc' dir='ltr'><em>ἡμέραις</em></span> <span class='ocrx_word' id='word_1_61' title='bbox 1327 855 1587 919; x_wconf 77' lang='grc' dir='ltr'><em>ἐκείναις</em></span> <span class='ocrx_word' id='word_1_62' title='bbox 1618 851 1806 923; x_wconf 84' lang='grc' dir='ltr'><em>ἐκχεῶ</em></span> <span class='ocrx_word' id='word_1_63' title='bbox 1840 852 1958 909; x_wconf 78' lang='grc' dir='ltr'><strong>ἀπὸ</strong></span> 
     </span>
    </p>
   </div>
   <div class='ocr_carea' id='block_1_12' title="bbox 379 947 1780 1017">
    <p class='ocr_par' dir='ltr' id='par_1_12' title="bbox 379 947 1780 1017">
     <span class='ocr_line' id='line_1_12' title="bbox 379 947 1780 1017; baseline 0.001 -16"><span class='ocrx_word' id='word_1_64' title='bbox 379 947 487 1003; x_wconf 81' lang='grc' dir='ltr'><strong>τοῦ</strong></span> <span class='ocrx_word' id='word_1_65' title='bbox 519 947 867 1016; x_wconf 80' lang='grc' dir='ltr'><em>Πνεύματός</em></span> <span class='ocrx_word' id='word_1_66' title='bbox 896 964 1016 1016; x_wconf 85' lang='grc' dir='ltr'><strong>μου</strong></span> <span class='ocrx_word' id='word_1_67' title='bbox 1041 986 1056 1011; x_wconf 92' lang='grc'><strong>,</strong></span> <span class='ocrx_word' id='word_1_68' title='bbox 1095 947 1196 1001; x_wconf 79' lang='grc' dir='ltr'><strong>καί</strong></span> <span class='ocrx_word' id='word_1_69' title='bbox 1226 948 1780 1017; x_wconf 70' lang='grc' dir='ltr'><em>προφητεύσουσιν.</em></span> 
     </span>
    </p>
   </div>
   <div class='ocr_carea' id='block_1_13' title="bbox 449 1037 1957 1111">
    <p class='ocr_par' dir='ltr' id='par_1_13' title="bbox 449 1037 1957 1111">
     <span class='ocr_line' id='line_1_13' title="bbox 449 1037 1957 1111; baseline -0.002 -18"><span class='ocrx_word' id='word_1_70' title='bbox 449 1037 701 1109; x_wconf 80' lang='grc' dir='ltr'><em>οὐδαμοῦ</em></span> <span class='ocrx_word' id='word_1_71' title='bbox 728 1039 864 1102; x_wconf 87' lang='grc' dir='ltr'><em>τέως</em></span> <span class='ocrx_word' id='word_1_72' title='bbox 890 1038 1062 1107; x_wconf 76' lang='grc' dir='ltr'><em>ὄνομα</em></span> <span class='ocrx_word' id='word_1_73' title='bbox 1086 1039 1181 1093; x_wconf 89' lang='grc' dir='ltr'><strong>τοῦ</strong></span> <span class='ocrx_word' id='word_1_74' title='bbox 1209 1039 1479 1111; x_wconf 78' lang='grc' dir='ltr'><strong>Χριστοῦ,</strong></span> <span class='ocrx_word' id='word_1_75' title='bbox 1506 1038 1627 1093; x_wconf 82' lang='grc' dir='ltr'><em>οὐδὲ</em></span> <span class='ocrx_word' id='word_1_76' title='bbox 1656 1037 1957 1107; x_wconf 76' lang='grc' dir='ltr'><strong>ἐπαγγελία</strong></span> 
     </span>
    </p>
   </div>
   <div class='ocr_carea' id='block_1_14' title="bbox 375 1129 1956 1201">
    <p class='ocr_par' dir='ltr' id='par_1_14' title="bbox 375 1129 1956 1201">
     <span class='ocr_line' id='line_1_14' title="bbox 375 1129 1956 1201; baseline -0.003 -17"><span class='ocrx_word' id='word_1_77' title='bbox 375 1129 574 1193; x_wconf 83' lang='grc' dir='ltr'><em>αὐτοῦ,</em></span> <span class='ocrx_word' id='word_1_78' title='bbox 606 1130 743 1183; x_wconf 82' lang='grc' dir='ltr'><strong>ἀλλὰ</strong></span> <span class='ocrx_word' id='word_1_79' title='bbox 778 1130 874 1184; x_wconf 86' lang='grc' dir='ltr'><strong>τοῦ</strong></span> <span class='ocrx_word' id='word_1_80' title='bbox 909 1130 1123 1199; x_wconf 69' lang='grc' dir='ltr'><em>Πατρδς</em></span> <span class='ocrx_word' id='word_1_81' title='bbox 1147 1132 1178 1200; x_wconf 81' lang='grc' dir='ltr'>ἡ</span> <span class='ocrx_word' id='word_1_82' title='bbox 1206 1130 1532 1199; x_wconf 78' lang='grc' dir='ltr'><em>ἐπαγγελία.</em></span> <span class='ocrx_word' id='word_1_83' title='bbox 1570 1130 1713 1201; x_wconf 81' lang='grc' dir='ltr'><em>’Ὀρα</em></span> <span class='ocrx_word' id='word_1_84' title='bbox 1741 1130 1798 1183; x_wconf 77' lang='grc' dir='ltr'><em>δὲ</em></span> <span class='ocrx_word' id='word_1_85' title='bbox 1830 1130 1956 1181; x_wconf 87' lang='grc' dir='ltr'><em>σύν-</em></span> 
     </span>
    </p>
   </div>
   <div class='ocr_carea' id='block_1_15' title="bbox 374 1214 1955 1289">
    <p class='ocr_par' dir='ltr' id='par_1_15' title="bbox 374 1214 1955 1289">
     <span class='ocr_line' id='line_1_15' title="bbox 374 1214 1955 1289; baseline 0.001 -21"><span class='ocrx_word' id='word_1_86' title='bbox 374 1233 513 1270; x_wconf 88' lang='grc' dir='ltr'><em>εσιν.</em></span> <span class='ocrx_word' id='word_1_87' title='bbox 558 1216 631 1269; x_wconf 79' lang='grc' dir='ltr'><strong>Οὐ</strong></span> <span class='ocrx_word' id='word_1_88' title='bbox 678 1216 928 1289; x_wconf 81' lang='grc' dir='ltr'><em>παρῆλθε</em></span> <span class='ocrx_word' id='word_1_89' title='bbox 974 1218 1069 1272; x_wconf 77' lang='grc' dir='ltr'><em>καὶ</em></span> <span class='ocrx_word' id='word_1_90' title='bbox 1098 1214 1252 1271; x_wconf 82' lang='grc' dir='ltr'><em>εἶπεν</em></span> <span class='ocrx_word' id='word_1_91' title='bbox 1290 1218 1493 1283; x_wconf 83' lang='grc' dir='ltr'><em>εὐθέως</em></span> <span class='ocrx_word' id='word_1_92' title='bbox 1529 1219 1597 1272; x_wconf 80' lang='grc' dir='ltr'><em>τὰ</em></span> <span class='ocrx_word' id='word_1_93' title='bbox 1637 1221 1777 1271; x_wconf 78' lang='grc' dir='ltr'><em>κατὰ</em></span> <span class='ocrx_word' id='word_1_94' title='bbox 1817 1219 1955 1285; x_wconf 85' lang='grc' dir='ltr'><em>Χρι-</em></span> 
     </span>
    </p>
   </div>
   <div class='ocr_carea' id='block_1_16' title="bbox 375 1309 1956 1381">
    <p class='ocr_par' dir='ltr' id='par_1_16' title="bbox 375 1309 1956 1381">
     <span class='ocr_line' id='line_1_16' title="bbox 375 1309 1956 1381; baseline -0.001 -19"><span class='ocrx_word' id='word_1_95' title='bbox 375 1310 503 1363; x_wconf 79' lang='grc' dir='ltr'><em>στὸν</em></span> <span class='ocrx_word' id='word_1_96' title='bbox 522 1350 536 1372; x_wconf 91' lang='grc'><strong>,</strong></span> <span class='ocrx_word' id='word_1_97' title='bbox 560 1311 642 1363; x_wconf 84' lang='grc' dir='ltr'><em>ὅτι</em></span> <span class='ocrx_word' id='word_1_98' title='bbox 672 1311 908 1373; x_wconf 81' lang='grc' dir='ltr'><em>Ἐκεῖνος</em></span> <span class='ocrx_word' id='word_1_99' title='bbox 946 1313 1082 1379; x_wconf 76' lang='grc' dir='ltr'><em>ἡμῖν</em></span> <span class='ocrx_word' id='word_1_100' title='bbox 1116 1311 1255 1381; x_wconf 86' lang='grc' dir='ltr'><em>μετὰ</em></span> <span class='ocrx_word' id='word_1_101' title='bbox 1281 1311 1341 1364; x_wconf 80' lang='grc' dir='ltr'><em>τὸ</em></span> <span class='ocrx_word' id='word_1_102' title='bbox 1373 1310 1752 1380; x_wconf 69' lang='grc' dir='ltr'><strong>σταυρωθῆναι</strong></span> <span class='ocrx_word' id='word_1_103' title='bbox 1783 1309 1956 1362; x_wconf 84' lang='grc' dir='ltr'><em>ταῦτα</em></span> 
     </span>
    </p>
   </div>
   <div class='ocr_carea' id='block_1_17' title="bbox 373 1400 1954 1472">
    <p class='ocr_par' dir='ltr' id='par_1_17' title="bbox 373 1400 1954 1472">
     <span class='ocr_line' id='line_1_17' title="bbox 373 1400 1954 1472; baseline 0 -20"><span class='ocrx_word' id='word_1_104' title='bbox 373 1401 769 1469; x_wconf 73' lang='grc' dir='ltr'><em>ἐπηγγείλατο.</em></span> <span class='ocrx_word' id='word_1_105' title='bbox 800 1402 871 1453; x_wconf 81' lang='grc' dir='ltr'><em>Ἢ</em></span> <span class='ocrx_word' id='word_1_106' title='bbox 907 1401 1015 1472; x_wconf 83' lang='grc' dir='ltr'><em>γὰρ</em></span> <span class='ocrx_word' id='word_1_107' title='bbox 1048 1404 1114 1457; x_wconf 86' lang='grc' dir='ltr'><em>ἂν</em></span> <span class='ocrx_word' id='word_1_108' title='bbox 1159 1400 1330 1466; x_wconf 74' lang='grc' dir='ltr'><em>οὓτως</em></span> <span class='ocrx_word' id='word_1_109' title='bbox 1368 1401 1559 1465; x_wconf 77' lang='grc' dir='ltr'><em>εἰπὼν,</em></span> <span class='ocrx_word' id='word_1_110' title='bbox 1606 1403 1783 1456; x_wconf 85' lang='grc' dir='ltr'><em>πάντα</em></span> <span class='ocrx_word' id='word_1_111' title='bbox 1831 1400 1954 1454; x_wconf 67' lang='lat' dir='ltr'><strong>avi-</strong></span> 
     </span>
    </p>
   </div>
   <div class='ocr_carea' id='block_1_18' title="bbox 372 1492 1953 1569">
    <p class='ocr_par' dir='ltr' id='par_1_18' title="bbox 372 1492 1953 1569">
     <span class='ocr_line' id='line_1_18' title="bbox 372 1492 1953 1569; baseline -0.001 -20"><span class='ocrx_word' id='word_1_112' title='bbox 372 1496 575 1565; x_wconf 77' lang='grc' dir='ltr'><em>τρεψε’</em></span> <span class='ocrx_word' id='word_1_113' title='bbox 606 1496 811 1567; x_wconf 85' lang='grc' dir='ltr'><em>καίπερ</em></span> <span class='ocrx_word' id='word_1_114' title='bbox 844 1497 1005 1550; x_wconf 76' lang='grc' dir='ltr'><em>ἱκανὰ</em></span> <span class='ocrx_word' id='word_1_115' title='bbox 1042 1492 1110 1569; x_wconf 75' lang='grc' dir='ltr'><em>ἢν</em></span> <span class='ocrx_word' id='word_1_116' title='bbox 1140 1496 1309 1563; x_wconf 80' lang='grc' dir='ltr'><em>δεῖξαι</em></span> <span class='ocrx_word' id='word_1_117' title='bbox 1352 1496 1517 1551; x_wconf 79' lang='grc' dir='ltr'><em>αὐτοῦ</em></span> <span class='ocrx_word' id='word_1_118' title='bbox 1569 1496 1667 1568; x_wconf 85' lang='grc' dir='ltr'><em>τὴν</em></span> <span class='ocrx_word' id='word_1_119' title='bbox 1702 1495 1953 1566; x_wconf 82' lang='grc' dir='ltr'><em>θεότητα,</em></span> 
     </span>
    </p>
   </div>
   <div class='ocr_carea' id='block_1_19' title="bbox 373 1585 1952 1659">
    <p class='ocr_par' dir='ltr' id='par_1_19' title="bbox 373 1585 1952 1659">
     <span class='ocr_line' id='line_1_19' title="bbox 373 1585 1952 1659; baseline -0.001 -19"><span class='ocrx_word' id='word_1_120' title='bbox 373 1585 511 1640; x_wconf 79' lang='grc' dir='ltr'><strong>ἀλλά</strong></span> <span class='ocrx_word' id='word_1_121' title='bbox 563 1587 962 1658; x_wconf 81' lang='grc' dir='ltr'><strong>ἀπιστούμενα.</strong></span> <span class='ocrx_word' id='word_1_122' title='bbox 997 1590 1070 1641; x_wconf 78' lang='grc' dir='ltr'>Τὸ</span> <span class='ocrx_word' id='word_1_123' title='bbox 1113 1588 1170 1641; x_wconf 84' lang='grc' dir='ltr'><em>δὲ</em></span> <span class='ocrx_word' id='word_1_124' title='bbox 1206 1586 1564 1659; x_wconf 73' lang='grc' dir='ltr'><em>ζητούμενον,</em></span> <span class='ocrx_word' id='word_1_125' title='bbox 1593 1585 1952 1656; x_wconf 80' lang='grc' dir='ltr'><strong>πιστευθῆναι</strong></span> 
     </span>
    </p>
   </div>
   <div class='ocr_carea' id='block_1_20' title="bbox 367 1670 1953 1747">
    <p class='ocr_par' dir='ltr' id='par_1_20' title="bbox 367 1670 1953 1747">
     <span class='ocr_line' id='line_1_20' title="bbox 367 1670 1953 1747; baseline 0.001 -20"><span class='ocrx_word' id='word_1_126' title='bbox 367 1670 470 1744; x_wconf 76' lang='grc' dir='ltr'><strong>ἦν’</strong></span> <span class='ocrx_word' id='word_1_127' title='bbox 510 1672 588 1747; x_wconf 81' lang='grc' dir='ltr'><em>μὴ</em></span> <span class='ocrx_word' id='word_1_128' title='bbox 631 1677 1001 1747; x_wconf 81' lang='grc' dir='ltr'><strong>πιστευόμενα</strong></span> <span class='ocrx_word' id='word_1_129' title='bbox 1052 1676 1133 1739; x_wconf 81' lang='grc' dir='ltr'><em>δὲ,</em></span> <span class='ocrx_word' id='word_1_130' title='bbox 1172 1676 1608 1746; x_wconf 78' lang='grc' dir='ltr'><em>καταλευσθῆναι</em></span> <span class='ocrx_word' id='word_1_131' title='bbox 1642 1677 1709 1729; x_wconf 84' lang='grc' dir='ltr'><em>ἃν</em></span> <span class='ocrx_word' id='word_1_132' title='bbox 1754 1675 1953 1738; x_wconf 77' lang='grc' dir='ltr'><em>αὐτοὺς</em></span> 
     </span>
    </p>
   </div>
   <div class='ocr_carea' id='block_1_21' title="bbox 367 1767 1948 1841">
    <p class='ocr_par' dir='ltr' id='par_1_21' title="bbox 367 1767 1948 1841">
     <span class='ocr_line' id='line_1_21' title="bbox 367 1767 1948 1841; baseline 0.001 -21"><span class='ocrx_word' id='word_1_133' title='bbox 367 1767 613 1841; x_wconf 76' lang='grc' dir='ltr'><em>ἐποίησε.</em></span> <span class='ocrx_word' id='word_1_134' title='bbox 655 1767 768 1832; x_wconf 78' lang='grc' dir='ltr'><strong>Τὰς</strong></span> <span class='ocrx_word' id='word_1_135' title='bbox 815 1769 1048 1839; x_wconf 80' lang='grc' dir='ltr'><em>ἀπορίας</em></span> <span class='ocrx_word' id='word_1_136' title='bbox 1098 1768 1228 1823; x_wconf 77' lang='grc' dir='ltr'><em>ἄλλο</em></span> <span class='ocrx_word' id='word_1_137' title='bbox 1269 1770 1331 1822; x_wconf 84' lang='grc' dir='ltr'><em>οὐ</em></span> <span class='ocrx_word' id='word_1_138' title='bbox 1389 1768 1526 1834; x_wconf 89' lang='grc' dir='ltr'><em>λύει,</em></span> <span class='ocrx_word' id='word_1_139' title='bbox 1580 1768 1612 1839; x_wconf 81' lang='grc' dir='ltr'>ἦ</span> <span class='ocrx_word' id='word_1_140' title='bbox 1672 1767 1948 1839; x_wconf 77' lang='grc' dir='ltr'><em>μαρτυρία</em></span> 
     </span>
    </p>
   </div>
   <div class='ocr_carea' id='block_1_22' title="bbox 366 1853 1942 1931">
    <p class='ocr_par' dir='ltr' id='par_1_22' title="bbox 366 1853 1942 1931">
     <span class='ocr_line' id='line_1_22' title="bbox 366 1853 1942 1931; baseline 0.001 -21"><span class='ocrx_word' id='word_1_141' title='bbox 366 1860 703 1931; x_wconf 77' lang='grc' dir='ltr'><em>προφητική.</em></span> <span class='ocrx_word' id='word_1_142' title='bbox 755 1859 927 1914; x_wconf 87' lang='grc' dir='ltr'><em>Ὀταν</em></span> <span class='ocrx_word' id='word_1_143' title='bbox 982 1853 1076 1913; x_wconf 78' lang='grc' dir='ltr'><em>οὖν</em></span> <span class='ocrx_word' id='word_1_144' title='bbox 1130 1859 1417 1930; x_wconf 80' lang='grc' dir='ltr'><em>ἁνακύπτῃ</em></span> <span class='ocrx_word' id='word_1_145' title='bbox 1465 1877 1519 1913; x_wconf 87' lang='grc' dir='ltr'><strong>τι</strong></span> <span class='ocrx_word' id='word_1_146' title='bbox 1552 1859 1662 1912; x_wconf 89' lang='grc' dir='ltr'><strong>τῶν</strong></span> <span class='ocrx_word' id='word_1_147' title='bbox 1718 1859 1942 1929; x_wconf 77' lang='grc' dir='ltr'><em>ἀπόρων</em></span> 
     </span>
    </p>
   </div>
   <div class='ocr_carea' id='block_1_23' title="bbox 366 1946 1943 2021">
    <p class='ocr_par' dir='ltr' id='par_1_23' title="bbox 366 1946 1943 2021">
     <span class='ocr_line' id='line_1_23' title="bbox 366 1946 1943 2021; baseline 0.001 -19"><span class='ocrx_word' id='word_1_148' title='bbox 366 1948 738 2020; x_wconf 79' lang='grc' dir='ltr'><strong>ζητημάτων,</strong></span> <span class='ocrx_word' id='word_1_149' title='bbox 793 1949 869 2020; x_wconf 79' lang='grc' dir='ltr'><em>μὴ</em></span> <span class='ocrx_word' id='word_1_150' title='bbox 916 1949 1273 2021; x_wconf 77' lang='grc' dir='ltr'><em>καταφεύγῃς</em></span> <span class='ocrx_word' id='word_1_151' title='bbox 1310 1946 1404 2003; x_wconf 67' lang='lat' dir='ltr'><strong>Eni</strong></span> <span class='ocrx_word' id='word_1_152' title='bbox 1452 1949 1581 2011; x_wconf 75' lang='grc' dir='ltr'><em>τοὺς</em></span> <span class='ocrx_word' id='word_1_153' title='bbox 1626 1949 1943 2019; x_wconf 82' lang='grc' dir='ltr'><em>λογισμούς.</em></span> 
     </span>
    </p>
   </div>
   <div class='ocr_carea' id='block_1_24' title="bbox 379 2040 1946 2112">
    <p class='ocr_par' dir='ltr' id='par_1_24' title="bbox 379 2040 1946 2112">
     <span class='ocr_line' id='line_1_24' title="bbox 379 2040 1946 2112; baseline -0.001 -18"><span class='ocrx_word' id='word_1_154' title='bbox 379 2041 740 2111; x_wconf 80' lang='grc' dir='ltr'><em>Ἐνθυμήσεις</em></span> <span class='ocrx_word' id='word_1_155' title='bbox 797 2041 908 2112; x_wconf 77' lang='grc' dir='ltr'><em>γὰρ</em></span> <span class='ocrx_word' id='word_1_156' title='bbox 952 2041 1231 2112; x_wconf 83' lang='grc' dir='ltr'><em>λογισμῶν</em></span> <span class='ocrx_word' id='word_1_157' title='bbox 1287 2042 1378 2094; x_wconf 74' lang='grc' dir='ltr'><em>καὶ</em></span> <span class='ocrx_word' id='word_1_158' title='bbox 1424 2041 1821 2112; x_wconf 80' lang='grc' dir='ltr'><em>ἀνατρέπονται</em></span> <span class='ocrx_word' id='word_1_159' title='bbox 1851 2040 1946 2093; x_wconf 73' lang='grc' dir='ltr'><em>καὶ</em></span> 
     </span>
    </p>
   </div>
   <div class='ocr_carea' id='block_1_25' title="bbox 366 2128 1945 2201">
    <p class='ocr_par' dir='ltr' id='par_1_25' title="bbox 366 2128 1945 2201">
     <span class='ocr_line' id='line_1_25' title="bbox 366 2128 1945 2201; baseline 0 -19"><span class='ocrx_word' id='word_1_160' title='bbox 366 2130 737 2196; x_wconf 79' lang='grc' dir='ltr'><em>συνίστανται,</em></span> <span class='ocrx_word' id='word_1_161' title='bbox 784 2131 920 2185; x_wconf 84' lang='grc' dir='ltr'><em>Θεοῦ</em></span> <span class='ocrx_word' id='word_1_162' title='bbox 960 2130 1017 2184; x_wconf 80' lang='grc' dir='ltr'><em>δὲ</em></span> <span class='ocrx_word' id='word_1_163' title='bbox 1082 2128 1265 2201; x_wconf 76' lang='grc' dir='ltr'><em>φωνὴν</em></span> <span class='ocrx_word' id='word_1_164' title='bbox 1309 2131 1394 2194; x_wconf 83' lang='grc' dir='ltr'><strong>τίς</strong></span> <span class='ocrx_word' id='word_1_165' title='bbox 1449 2130 1603 2197; x_wconf 75' lang='grc' dir='ltr'><em>λύεις</em></span> <span class='ocrx_word' id='word_1_166' title='bbox 1668 2128 1945 2199; x_wconf 78' lang='grc' dir='ltr'><em>Λογισμὸς</em></span> 
     </span>
    </p>
   </div>
   <div class='ocr_carea' id='block_1_26' title="bbox 366 2216 1944 2292">
    <p class='ocr_par' dir='ltr' id='par_1_26' title="bbox 366 2216 1944 2292">
     <span class='ocr_line' id='line_1_26' title="bbox 366 2216 1944 2292; baseline 0.001 -20"><span class='ocrx_word' id='word_1_167' title='bbox 366 2221 587 2274; x_wconf 84' lang='grc' dir='ltr'><em>λύεται·</em></span> <span class='ocrx_word' id='word_1_168' title='bbox 632 2221 823 2292; x_wconf 81' lang='grc' dir='ltr'><em>Γραφὴ</em></span> <span class='ocrx_word' id='word_1_169' title='bbox 857 2221 918 2274; x_wconf 77' lang='grc' dir='ltr'><em>οὐ</em></span> <span class='ocrx_word' id='word_1_170' title='bbox 979 2220 1189 2275; x_wconf 87' lang='grc' dir='ltr'><em>λύεται.</em></span> <span class='ocrx_word' id='word_1_171' title='bbox 1229 2221 1343 2274; x_wconf 78' lang='grc' dir='ltr'><strong>Οὐκ</strong></span> <span class='ocrx_word' id='word_1_172' title='bbox 1383 2216 1574 2284; x_wconf 78' lang='grc' dir='ltr'><em>εἶπεν,</em></span> <span class='ocrx_word' id='word_1_173' title='bbox 1637 2219 1841 2290; x_wconf 84' lang='grc' dir='ltr'><em>Ἔκχεῶ</em></span> <span class='ocrx_word' id='word_1_174' title='bbox 1884 2218 1944 2273; x_wconf 78' lang='grc' dir='ltr'><em>τὸ</em></span> 
     </span>
    </p>
   </div>
   <div class='ocr_carea' id='block_1_27' title="bbox 365 2310 1944 2383">
    <p class='ocr_par' dir='ltr' id='par_1_27' title="bbox 365 2310 1944 2383">
     <span class='ocr_line' id='line_1_27' title="bbox 365 2310 1944 2383; baseline -0.003 -16"><span class='ocrx_word' id='word_1_175' title='bbox 365 2312 593 2383; x_wconf 72' lang='grc' dir='ltr'><em>Πνεῦμα</em></span> <span class='ocrx_word' id='word_1_176' title='bbox 624 2330 759 2383; x_wconf 86' lang='grc' dir='ltr'><em>μου,</em></span> <span class='ocrx_word' id='word_1_177' title='bbox 796 2312 911 2366; x_wconf 82' lang='grc' dir='ltr'><em>ἀλλ’</em></span> <span class='ocrx_word' id='word_1_178' title='bbox 972 2311 1079 2366; x_wconf 84' lang='grc' dir='ltr'><strong>ἀπὸ</strong></span> <span class='ocrx_word' id='word_1_179' title='bbox 1107 2310 1201 2365; x_wconf 88' lang='grc' dir='ltr'><strong>τοῦ</strong></span> <span class='ocrx_word' id='word_1_180' title='bbox 1247 2310 1567 2381; x_wconf 83' lang='grc' dir='ltr'><em>Πνεύματός</em></span> <span class='ocrx_word' id='word_1_181' title='bbox 1598 2329 1724 2382; x_wconf 82' lang='grc' dir='ltr'><em>μου.</em></span> <span class='ocrx_word' id='word_1_182' title='bbox 1766 2310 1842 2364; x_wconf 85' lang='grc' dir='ltr'>Οὐ</span> <span class='ocrx_word' id='word_1_183' title='bbox 1883 2312 1944 2364; x_wconf 77' lang='grc' dir='ltr'><em>τὸ</em></span> 
     </span>
    </p>
   </div>
   <div class='ocr_carea' id='block_1_28' title="bbox 363 2402 1943 2475">
    <p class='ocr_par' dir='ltr' id='par_1_28' title="bbox 363 2402 1943 2475">
     <span class='ocr_line' id='line_1_28' title="bbox 363 2402 1943 2475; baseline -0.001 -17"><span class='ocrx_word' id='word_1_184' title='bbox 363 2404 592 2475; x_wconf 79' lang='grc' dir='ltr'><em>Πνεῦμα</em></span> <span class='ocrx_word' id='word_1_185' title='bbox 623 2406 885 2475; x_wconf 72' lang='grc' dir='ltr'><em>ἐκχεῖται,</em></span> <span class='ocrx_word' id='word_1_186' title='bbox 921 2404 1037 2458; x_wconf 79' lang='grc' dir='ltr'><em>ἀλλ’</em></span> <span class='ocrx_word' id='word_1_187' title='bbox 1071 2404 1103 2474; x_wconf 78' lang='grc' dir='ltr'>ἡ</span> <span class='ocrx_word' id='word_1_188' title='bbox 1136 2403 1318 2475; x_wconf 79' lang='grc' dir='ltr'><em>δωρεὰ</em></span> <span class='ocrx_word' id='word_1_189' title='bbox 1347 2404 1441 2455; x_wconf 85' lang='grc' dir='ltr'><strong>τοῦ</strong></span> <span class='ocrx_word' id='word_1_190' title='bbox 1476 2402 1812 2473; x_wconf 80' lang='grc' dir='ltr'><em>Πνεύματος,</em></span> <span class='ocrx_word' id='word_1_191' title='bbox 1850 2403 1943 2456; x_wconf 75' lang='grc' dir='ltr'><strong>ἐπὶ</strong></span> 
     </span>
    </p>
   </div>
   <div class='ocr_carea' id='block_1_29' title="bbox 363 2491 1941 2565">
    <p class='ocr_par' dir='ltr' id='par_1_29' title="bbox 363 2491 1941 2565">
     <span class='ocr_line' id='line_1_29' title="bbox 363 2491 1941 2565; baseline 0 -19"><span class='ocrx_word' id='word_1_192' title='bbox 363 2495 544 2548; x_wconf 74' lang='grc' dir='ltr'><em>πᾶσαν</em></span> <span class='ocrx_word' id='word_1_193' title='bbox 579 2495 777 2565; x_wconf 83' lang='grc' dir='ltr'><em>σάρκα,</em></span> <span class='ocrx_word' id='word_1_194' title='bbox 826 2492 1029 2565; x_wconf 83' lang='grc' dir='ltr'><em>δηλαδὴ</em></span> <span class='ocrx_word' id='word_1_195' title='bbox 1058 2492 1159 2565; x_wconf 79' lang='grc' dir='ltr'><em>τὴν</em></span> <span class='ocrx_word' id='word_1_196' title='bbox 1205 2493 1601 2557; x_wconf 86' lang='grc' dir='ltr'><em>πιστεύσασαν,</em></span> <span class='ocrx_word' id='word_1_197' title='bbox 1637 2491 1941 2556; x_wconf 80' lang='grc' dir='ltr'><em>τουτέστιν,</em></span> 
     </span>
    </p>
   </div>
   <div class='ocr_carea' id='block_1_30' title="bbox 363 2583 1943 2656">
    <p class='ocr_par' dir='ltr' id='par_1_30' title="bbox 363 2583 1943 2656">
     <span class='ocr_line' id='line_1_30' title="bbox 363 2583 1943 2656; baseline -0.001 -17"><span class='ocrx_word' id='word_1_198' title='bbox 363 2587 459 2639; x_wconf 75' lang='grc' dir='ltr'><strong>ἐπὶ</strong></span> <span class='ocrx_word' id='word_1_199' title='bbox 486 2586 558 2639; x_wconf 72' lang='grc' dir='ltr'><em>τὰ</em></span> <span class='ocrx_word' id='word_1_200' title='bbox 584 2585 711 2656; x_wconf 71' lang='grc' dir='ltr'><em>ἔθνη</em></span> <span class='ocrx_word' id='word_1_201' title='bbox 736 2603 750 2618; x_wconf 79' lang='lat'><strong><em>°</em></strong></span> <span class='ocrx_word' id='word_1_202' title='bbox 783 2585 900 2640; x_wconf 79' lang='grc' dir='ltr'><em>ἀλλ’</em></span> <span class='ocrx_word' id='word_1_203' title='bbox 943 2586 1155 2639; x_wconf 83' lang='grc' dir='ltr'><strong>οὐδέπω</strong></span> <span class='ocrx_word' id='word_1_204' title='bbox 1183 2583 1323 2649; x_wconf 82' lang='grc' dir='ltr'><em>τέως</em></span> <span class='ocrx_word' id='word_1_205' title='bbox 1352 2584 1731 2639; x_wconf 81' lang='grc' dir='ltr'><em>ἀποκαλύπτει</em></span> <span class='ocrx_word' id='word_1_206' title='bbox 1756 2584 1943 2648; x_wconf 69' lang='grc' dir='ltr'><em>αὐτοτς</em></span> 
     </span>
    </p>
   </div>
   <div class='ocr_carea' id='block_1_31' title="bbox 358 2674 1941 2749">
    <p class='ocr_par' dir='ltr' id='par_1_31' title="bbox 358 2674 1941 2749">
     <span class='ocr_line' id='line_1_31' title="bbox 358 2674 1941 2749; baseline -0.001 -20"><span class='ocrx_word' id='word_1_207' title='bbox 358 2674 541 2732; x_wconf 84' lang='grc' dir='ltr'><em>τοῦτο.</em></span> <span class='ocrx_word' id='word_1_208' title='bbox 580 2674 654 2731; x_wconf 84' lang='grc' dir='ltr'>Τὸ</span> <span class='ocrx_word' id='word_1_209' title='bbox 690 2676 772 2746; x_wconf 81' lang='grc' dir='ltr'><em>δὲ,</em></span> <span class='ocrx_word' id='word_1_210' title='bbox 799 2675 890 2731; x_wconf 72' lang='grc' dir='ltr'><strong>ἐπὶ</strong></span> <span class='ocrx_word' id='word_1_211' title='bbox 936 2678 1121 2731; x_wconf 77' lang='grc' dir='ltr'><em>πᾶσαν</em></span> <span class='ocrx_word' id='word_1_212' title='bbox 1166 2675 1366 2749; x_wconf 84' lang='grc' dir='ltr'><em>σάρκα,</em></span> <span class='ocrx_word' id='word_1_213' title='bbox 1398 2676 1583 2731; x_wconf 81' lang='grc' dir='ltr'><em>δίδωσι</em></span> <span class='ocrx_word' id='word_1_214' title='bbox 1632 2677 1727 2731; x_wconf 78' lang='grc' dir='ltr'><em>καὶ</em></span> <span class='ocrx_word' id='word_1_215' title='bbox 1758 2677 1941 2739; x_wconf 81' lang='grc' dir='ltr'><em>αὐτοῖς</em></span> 
     </span>
    </p>
   </div>
   <div class='ocr_carea' id='block_1_32' title="bbox 322 2762 1940 2840">
    <p class='ocr_par' dir='ltr' id='par_1_32' title="bbox 322 2762 1940 2840">
     <span class='ocr_line' id='line_1_32' title="bbox 322 2762 1940 2840; baseline 0 -18"><span class='ocrx_word' id='word_1_216' title='bbox 322 2762 327 2767; x_wconf 58' lang='grc'><strong>’</strong></span> <span class='ocrx_word' id='word_1_217' title='bbox 360 2768 582 2834; x_wconf 76' lang='grc' dir='ltr'><em>ἐλπίδας</em></span> <span class='ocrx_word' id='word_1_218' title='bbox 607 2767 872 2840; x_wconf 81' lang='grc' dir='ltr'><em>χρηστάς.</em></span> <span class='ocrx_word' id='word_1_219' title='bbox 898 2769 1010 2823; x_wconf 71' lang='grc' dir='ltr'><strong>Καὶ</strong></span> <span class='ocrx_word' id='word_1_220' title='bbox 1033 2768 1134 2822; x_wconf 83' lang='grc' dir='ltr'><em>οὐκ</em></span> <span class='ocrx_word' id='word_1_221' title='bbox 1163 2768 1390 2839; x_wconf 77' lang='grc' dir='ltr'><em>ἀφίησιν</em></span> <span class='ocrx_word' id='word_1_222' title='bbox 1407 2767 1540 2822; x_wconf 76' lang='grc' dir='ltr'><em>ἴδιον</em></span> <span class='ocrx_word' id='word_1_223' title='bbox 1562 2767 1743 2823; x_wconf 84' lang='grc' dir='ltr'><em>αὐτῶν</em></span> <span class='ocrx_word' id='word_1_224' title='bbox 1776 2766 1940 2838; x_wconf 86' lang='grc' dir='ltr'><em>μόνον</em></span> 
     </span>
    </p>
   </div>
   <div class='ocr_carea' id='block_1_33' title="bbox 357 2856 1939 2932">
    <p class='ocr_par' dir='ltr' id='par_1_33' title="bbox 357 2856 1939 2932">
     <span class='ocr_line' id='line_1_33' title="bbox 357 2856 1939 2932; baseline 0.001 -20"><span class='ocrx_word' id='word_1_225' title='bbox 357 2856 501 2913; x_wconf 68' lang='grc' dir='ltr'><em>εἶναι</em></span> <span class='ocrx_word' id='word_1_226' title='bbox 530 2859 593 2912; x_wconf 82' lang='grc' dir='ltr'><em>τὸ</em></span> <span class='ocrx_word' id='word_1_227' title='bbox 637 2859 1040 2930; x_wconf 78' lang='grc' dir='ltr'><em>πλεονέκτημα,</em></span> <span class='ocrx_word' id='word_1_228' title='bbox 1078 2860 1252 2932; x_wconf 79' lang='grc' dir='ltr'><em>ταύτῃ</em></span> <span class='ocrx_word' id='word_1_229' title='bbox 1290 2859 1388 2913; x_wconf 76' lang='grc' dir='ltr'><em>καὶ</em></span> <span class='ocrx_word' id='word_1_230' title='bbox 1443 2860 1535 2913; x_wconf 78' lang='grc' dir='ltr'><em>τὸν</em></span> <span class='ocrx_word' id='word_1_231' title='bbox 1584 2858 1777 2929; x_wconf 90' lang='grc' dir='ltr'><em>φθόνον</em></span> <span class='ocrx_word' id='word_1_232' title='bbox 1807 2861 1939 2913; x_wconf 78' lang='grc' dir='ltr'><em>ὑποο</em></span> 
     </span>
    </p>
   </div>
   <div class='ocr_carea' id='block_1_34' title="bbox 355 2949 1939 3021">
    <p class='ocr_par' dir='ltr' id='par_1_34' title="bbox 355 2949 1939 3021">
     <span class='ocr_line' id='line_1_34' title="bbox 355 2949 1939 3021; baseline 0.001 -19"><span class='ocrx_word' id='word_1_233' title='bbox 355 2949 711 3019; x_wconf 87' lang='grc' dir='ltr'><em>τεμνόμενος.</em></span> <span class='ocrx_word' id='word_1_234' title='bbox 737 2949 875 3019; x_wconf 84' lang='grc' dir='ltr'><em>Ὅρα</em></span> <span class='ocrx_word' id='word_1_235' title='bbox 895 2950 951 3003; x_wconf 78' lang='grc' dir='ltr'><em>δὲ</em></span> <span class='ocrx_word' id='word_1_236' title='bbox 978 2949 1099 3014; x_wconf 75' lang='grc' dir='ltr'><em>πῶς</em></span> <span class='ocrx_word' id='word_1_237' title='bbox 1118 2950 1375 3021; x_wconf 82' lang='grc' dir='ltr'><em>διάφορος</em></span> <span class='ocrx_word' id='word_1_238' title='bbox 1396 2952 1429 3021; x_wconf 76' lang='grc' dir='ltr'><strong>ἡ</strong></span> <span class='ocrx_word' id='word_1_239' title='bbox 1453 2950 1546 3004; x_wconf 90' lang='grc' dir='ltr'><strong>τοῦ</strong></span> <span class='ocrx_word' id='word_1_240' title='bbox 1580 2951 1735 3019; x_wconf 73' lang='grc' dir='ltr'><em>άγίου</em></span> <span class='ocrx_word' id='word_1_241' title='bbox 1766 2949 1939 3003; x_wconf 86' lang='grc' dir='ltr'><em>Πνεύ-</em></span> 
     </span>
    </p>
   </div>
   <div class='ocr_carea' id='block_1_35' title="bbox 359 3040 1936 3115">
    <p class='ocr_par' dir='ltr' id='par_1_35' title="bbox 359 3040 1936 3115">
     <span class='ocr_line' id='line_1_35' title="bbox 359 3040 1936 3115; baseline 0.001 -21"><span class='ocrx_word' id='word_1_242' title='bbox 359 3042 530 3111; x_wconf 80' lang='grc' dir='ltr'><em>ματος</em></span> <span class='ocrx_word' id='word_1_243' title='bbox 561 3040 925 3111; x_wconf 76' lang='grc' dir='ltr'><em>ἀποκάλυψις.</em></span> <span class='ocrx_word' id='word_1_244' title='bbox 986 3042 1047 3096; x_wconf 92' lang='lat'><strong>&#39;0</strong></span> <span class='ocrx_word' id='word_1_245' title='bbox 1086 3042 1184 3113; x_wconf 81' lang='grc' dir='ltr'><em>μὲν</em></span> <span class='ocrx_word' id='word_1_246' title='bbox 1246 3043 1606 3115; x_wconf 77' lang='grc' dir='ltr'><em>προφητεύει,</em></span> <span class='ocrx_word' id='word_1_247' title='bbox 1649 3044 1785 3114; x_wconf 82' lang='grc' dir='ltr'><em>ἔχων</em></span> <span class='ocrx_word' id='word_1_248' title='bbox 1839 3042 1936 3096; x_wconf 84' lang='grc' dir='ltr'><strong>τοῦ</strong></span> 
     </span>
    </p>
   </div>
   <div class='ocr_carea' id='block_1_36' title="bbox 2063 851 3641 923">
    <p class='ocr_par' dir='ltr' id='par_1_36' title="bbox 2063 851 3641 923">
     <span class='ocr_line' id='line_1_36' title="bbox 2063 851 3641 923; baseline -0.003 -12"><span class='ocrx_word' id='word_1_249' title='bbox 2063 856 2288 911; x_wconf 76' lang='lat' dir='ltr'><strong>ancillas</strong></span> <span class='ocrx_word' id='word_1_250' title='bbox 2324 871 2467 909; x_wconf 87' lang='lat' dir='ltr'><strong>meas</strong></span> <span class='ocrx_word' id='word_1_251' title='bbox 2518 855 2572 908; x_wconf 82' lang='lat' dir='ltr'><strong>in</strong></span> <span class='ocrx_word' id='word_1_252' title='bbox 2615 852 2798 908; x_wconf 80' lang='lat' dir='ltr'><strong>diebus</strong></span> <span class='ocrx_word' id='word_1_253' title='bbox 2846 854 2955 909; x_wconf 80' lang='lat' dir='ltr'><strong>illis</strong></span> <span class='ocrx_word' id='word_1_254' title='bbox 3011 852 3280 921; x_wconf 72' lang='lat' dir='ltr'><strong>eﬂ&#39;undam</strong></span> <span class='ocrx_word' id='word_1_255' title='bbox 3324 852 3389 908; x_wconf 87' lang='lat' dir='ltr'><strong>de</strong></span> <span class='ocrx_word' id='word_1_256' title='bbox 3436 851 3641 923; x_wconf 78' lang='lat' dir='ltr'><strong>Spiritu</strong></span> 
     </span>
    </p>
   </div>
   <div class='ocr_carea' id='block_1_37' title="bbox 2062 947 2712 1019">
    <p class='ocr_par' dir='ltr' id='par_1_37' title="bbox 2062 947 2712 1019">
     <span class='ocr_line' id='line_1_37' title="bbox 2062 947 2712 1019; baseline -0.002 -16"><span class='ocrx_word' id='word_1_257' title='bbox 2062 966 2197 1015; x_wconf 85' lang='lat' dir='ltr'><strong>meo,</strong></span> <span class='ocrx_word' id='word_1_258' title='bbox 2228 957 2278 1003; x_wconf 86' lang='lat' dir='ltr'><strong>et</strong></span> <span class='ocrx_word' id='word_1_259' title='bbox 2303 947 2712 1019; x_wconf 81' lang='lat' dir='ltr'><strong>prophetabunt.</strong></span> 
     </span>
    </p>
   </div>
   <div class='ocr_carea' id='block_1_38' title="bbox 2131 1037 3639 1111">
    <p class='ocr_par' dir='ltr' id='par_1_38' title="bbox 2131 1037 3639 1111">
     <span class='ocr_line' id='line_1_38' title="bbox 2131 1037 3639 1111; baseline 0 -17"><span class='ocrx_word' id='word_1_260' title='bbox 2131 1040 2412 1111; x_wconf 78' lang='lat' dir='ltr'><strong>Nusquam</strong></span> <span class='ocrx_word' id='word_1_261' title='bbox 2445 1040 2664 1095; x_wconf 97' lang='lat' dir='ltr'><strong>interim</strong></span> <span class='ocrx_word' id='word_1_262' title='bbox 2697 1054 2894 1094; x_wconf 84' lang='lat' dir='ltr'><strong>nomen</strong></span> <span class='ocrx_word' id='word_1_263' title='bbox 2930 1037 3155 1100; x_wconf 85' lang='lat' dir='ltr'><strong>Christi,</strong></span> <span class='ocrx_word' id='word_1_264' title='bbox 3197 1053 3373 1106; x_wconf 84' lang='lat' dir='ltr'><strong>neque</strong></span> <span class='ocrx_word' id='word_1_265' title='bbox 3411 1038 3639 1107; x_wconf 83' lang='lat' dir='ltr'><strong>promis—</strong></span> 
     </span>
    </p>
   </div>
   <div class='ocr_carea' id='block_1_39' title="bbox 2060 1112 3713 1199">
    <p class='ocr_par' dir='ltr' id='par_1_39' title="bbox 2060 1112 3713 1199">
     <span class='ocr_line' id='line_1_39' title="bbox 2060 1112 3713 1199; baseline -0.003 -13"><span class='ocrx_word' id='word_1_266' title='bbox 2060 1148 2178 1186; x_wconf 90' lang='lat' dir='ltr'><strong>sum</strong></span> <span class='ocrx_word' id='word_1_267' title='bbox 2230 1130 2401 1193; x_wconf 90' lang='lat' dir='ltr'><strong>illius,</strong></span> <span class='ocrx_word' id='word_1_268' title='bbox 2469 1130 2563 1185; x_wconf 85' lang='lat' dir='ltr'><strong>sed</strong></span> <span class='ocrx_word' id='word_1_269' title='bbox 2600 1129 2777 1184; x_wconf 84' lang='lat' dir='ltr'><strong>Patris</strong></span> <span class='ocrx_word' id='word_1_270' title='bbox 2838 1130 3196 1199; x_wconf 65' lang='lat' dir='ltr'><strong>promisutm.</strong></span> <span class='ocrx_word' id='word_1_271' title='bbox 3251 1127 3384 1183; x_wconf 82' lang='lat' dir='ltr'><strong>Vide</strong></span> <span class='ocrx_word' id='word_1_272' title='bbox 3450 1137 3632 1181; x_wconf 83' lang='lat' dir='ltr'><strong>autem</strong></span> <span class='ocrx_word' id='word_1_273' title='bbox 3707 1112 3713 1118; x_wconf 54' lang='grc'><em>’</em></span> 
     </span>
    </p>
   </div>
   <div class='ocr_carea' id='block_1_40' title="bbox 2059 1217 3636 1291">
    <p class='ocr_par' dir='ltr' id='par_1_40' title="bbox 2059 1217 3636 1291">
     <span class='ocr_line' id='line_1_40' title="bbox 2059 1217 3636 1291; baseline -0.004 -16"><span class='ocrx_word' id='word_1_274' title='bbox 2059 1221 2429 1291; x_wconf 87' lang='lat' dir='ltr'><strong>prudentiam.</strong></span> <span class='ocrx_word' id='word_1_275' title='bbox 2528 1220 2644 1274; x_wconf 82' lang='lat' dir='ltr'><strong>Non</strong></span> <span class='ocrx_word' id='word_1_276' title='bbox 2719 1220 2919 1287; x_wconf 86' lang='lat' dir='ltr'><strong>prodiit</strong></span> <span class='ocrx_word' id='word_1_277' title='bbox 2975 1235 3037 1273; x_wconf 90' lang='lat' dir='ltr'><strong>ac</strong></span> <span class='ocrx_word' id='word_1_278' title='bbox 3104 1219 3289 1274; x_wconf 89' lang='lat' dir='ltr'><strong>statim</strong></span> <span class='ocrx_word' id='word_1_279' title='bbox 3353 1217 3493 1271; x_wconf 77' lang='lat' dir='ltr'><strong>dixit</strong></span> <span class='ocrx_word' id='word_1_280' title='bbox 3550 1234 3636 1282; x_wconf 73' lang='lat' dir='ltr'><strong>ea,</strong></span> 
     </span>
    </p>
   </div>
   <div class='ocr_carea' id='block_1_41' title="bbox 2056 1309 3638 1383">
    <p class='ocr_par' dir='ltr' id='par_1_41' title="bbox 2056 1309 3638 1383">
     <span class='ocr_line' id='line_1_41' title="bbox 2056 1309 3638 1383; baseline -0.003 -16"><span class='ocrx_word' id='word_1_281' title='bbox 2056 1329 2180 1383; x_wconf 76' lang='lat' dir='ltr'><strong>qua:</strong></span> <span class='ocrx_word' id='word_1_282' title='bbox 2226 1313 2291 1367; x_wconf 89' lang='lat' dir='ltr'><strong>ad</strong></span> <span class='ocrx_word' id='word_1_283' title='bbox 2336 1313 2617 1366; x_wconf 73' lang='lat' dir='ltr'><strong>Christum</strong></span> <span class='ocrx_word' id='word_1_284' title='bbox 2654 1312 3040 1383; x_wconf 75' lang='lat' dir='ltr'><strong>pertinebant,</strong></span> <span class='ocrx_word' id='word_1_285' title='bbox 3076 1326 3303 1379; x_wconf 85' lang='lat' dir='ltr'><strong>nempe:</strong></span> <span class='ocrx_word' id='word_1_286' title='bbox 3350 1309 3444 1363; x_wconf 88' lang='lat' dir='ltr'><strong>llle</strong></span> <span class='ocrx_word' id='word_1_287' title='bbox 3480 1311 3638 1363; x_wconf 83' lang='lat' dir='ltr'><strong>nobis</strong></span> 
     </span>
    </p>
   </div>
   <div class='ocr_carea' id='block_1_42' title="bbox 2057 1400 3635 1475">
    <p class='ocr_par' dir='ltr' id='par_1_42' title="bbox 2057 1400 3635 1475">
     <span class='ocr_line' id='line_1_42' title="bbox 2057 1400 3635 1475; baseline -0.004 -16"><span class='ocrx_word' id='word_1_288' title='bbox 2057 1420 2122 1459; x_wconf 78' lang='lat' dir='ltr'><strong>ex</strong></span> <span class='ocrx_word' id='word_1_289' title='bbox 2208 1421 2316 1475; x_wconf 86' lang='lat' dir='ltr'><strong>quo</strong></span> <span class='ocrx_word' id='word_1_290' title='bbox 2380 1406 2679 1461; x_wconf 67' lang='lat' dir='ltr'><strong>cruciﬁxus</strong></span> <span class='ocrx_word' id='word_1_291' title='bbox 2744 1414 2864 1469; x_wconf 86' lang='lat' dir='ltr'><strong>est,</strong></span> <span class='ocrx_word' id='word_1_292' title='bbox 2947 1406 3059 1457; x_wconf 68' lang='lat' dir='ltr'><strong>hmo</strong></span> <span class='ocrx_word' id='word_1_293' title='bbox 3141 1402 3413 1473; x_wconf 70' lang='lat' dir='ltr'><strong>promisit.</strong></span> <span class='ocrx_word' id='word_1_294' title='bbox 3501 1400 3635 1454; x_wconf 73' lang='lat' dir='ltr'><strong>Nam</strong></span> 
     </span>
    </p>
   </div>
   <div class='ocr_carea' id='block_1_43' title="bbox 2057 1492 3639 1567">
    <p class='ocr_par' dir='ltr' id='par_1_43' title="bbox 2057 1492 3639 1567">
     <span class='ocr_line' id='line_1_43' title="bbox 2057 1492 3639 1567; baseline -0.006 -17"><span class='ocrx_word' id='word_1_295' title='bbox 2057 1494 2325 1567; x_wconf 81' lang='lat' dir='ltr'><strong>profecto,</strong></span> <span class='ocrx_word' id='word_1_296' title='bbox 2378 1496 2423 1549; x_wconf 83' lang='lat' dir='ltr'><strong>si</strong></span> <span class='ocrx_word' id='word_1_297' title='bbox 2463 1498 2535 1551; x_wconf 88' lang='lat' dir='ltr'><strong>ita</strong></span> <span class='ocrx_word' id='word_1_298' title='bbox 2561 1497 2811 1559; x_wconf 81' lang='lat' dir='ltr'><strong>dixisset,</strong></span> <span class='ocrx_word' id='word_1_299' title='bbox 2854 1495 3037 1548; x_wconf 82' lang='lat' dir='ltr'><strong>omnia</strong></span> <span class='ocrx_word' id='word_1_300' title='bbox 3097 1492 3405 1552; x_wconf 85' lang='lat' dir='ltr'><strong>evertisset,</strong></span> <span class='ocrx_word' id='word_1_301' title='bbox 3445 1506 3639 1560; x_wconf 79' lang='lat' dir='ltr'><strong>quam-</strong></span> 
     </span>
    </p>
   </div>
   <div class='ocr_carea' id='block_1_44' title="bbox 2056 1582 3637 1659">
    <p class='ocr_par' dir='ltr' id='par_1_44' title="bbox 2056 1582 3637 1659">
     <span class='ocr_line' id='line_1_44' title="bbox 2056 1582 3637 1659; baseline -0.005 -18"><span class='ocrx_word' id='word_1_302' title='bbox 2056 1604 2217 1659; x_wconf 83' lang='lat' dir='ltr'><strong>quam</strong></span> <span class='ocrx_word' id='word_1_303' title='bbox 2259 1587 2585 1643; x_wconf 84' lang='lat' dir='ltr'><strong>sutlicientia</strong></span> <span class='ocrx_word' id='word_1_304' title='bbox 2621 1595 2782 1642; x_wconf 87' lang='lat' dir='ltr'><strong>erant</strong></span> <span class='ocrx_word' id='word_1_305' title='bbox 2838 1585 2905 1638; x_wconf 88' lang='lat' dir='ltr'><strong>ad</strong></span> <span class='ocrx_word' id='word_1_306' title='bbox 2956 1583 3452 1638; x_wconf 79' lang='lat' dir='ltr'><strong>demonstrandum</strong></span> <span class='ocrx_word' id='word_1_307' title='bbox 3490 1582 3637 1634; x_wconf 79' lang='lat' dir='ltr'><strong>illius</strong></span> 
     </span>
    </p>
   </div>
   <div class='ocr_carea' id='block_1_45' title="bbox 2058 1674 3635 1742">
    <p class='ocr_par' dir='ltr' id='par_1_45' title="bbox 2058 1674 3635 1742">
     <span class='ocr_line' id='line_1_45' title="bbox 2058 1674 3635 1742; baseline -0.006 -8"><span class='ocrx_word' id='word_1_308' title='bbox 2058 1681 2343 1742; x_wconf 82' lang='lat' dir='ltr'><strong>Deitatetu,</strong></span> <span class='ocrx_word' id='word_1_309' title='bbox 2381 1678 2474 1735; x_wconf 88' lang='lat' dir='ltr'><strong>sed</strong></span> <span class='ocrx_word' id='word_1_310' title='bbox 2501 1694 2612 1733; x_wconf 86' lang='lat' dir='ltr'><strong>non</strong></span> <span class='ocrx_word' id='word_1_311' title='bbox 2662 1676 3052 1732; x_wconf 81' lang='lat' dir='ltr'><strong>credebantur.</strong></span> <span class='ocrx_word' id='word_1_312' title='bbox 3087 1674 3279 1738; x_wconf 80' lang='lat' dir='ltr'><strong>Porro,</strong></span> <span class='ocrx_word' id='word_1_313' title='bbox 3317 1674 3459 1741; x_wconf 79' lang='lat' dir='ltr'><strong>quod</strong></span> <span class='ocrx_word' id='word_1_314' title='bbox 3488 1674 3635 1726; x_wconf 80' lang='lat' dir='ltr'><strong>desi-</strong></span> 
     </span>
    </p>
   </div>
   <div class='ocr_carea' id='block_1_46' title="bbox 2055 1764 3641 1835">
    <p class='ocr_par' dir='ltr' id='par_1_46' title="bbox 2055 1764 3641 1835">
     <span class='ocr_line' id='line_1_46' title="bbox 2055 1764 3641 1835; baseline -0.009 -11"><span class='ocrx_word' id='word_1_315' title='bbox 2055 1770 2367 1835; x_wconf 82' lang='lat' dir='ltr'><strong>derabatur,</strong></span> <span class='ocrx_word' id='word_1_316' title='bbox 2426 1770 2529 1825; x_wconf 89' lang='lat' dir='ltr'><strong>hoc</strong></span> <span class='ocrx_word' id='word_1_317' title='bbox 2570 1776 2688 1823; x_wconf 86' lang='lat' dir='ltr'><strong>erat</strong></span> <span class='ocrx_word' id='word_1_318' title='bbox 2738 1768 3022 1830; x_wconf 86' lang='lat' dir='ltr'><strong>nimirum,</strong></span> <span class='ocrx_word' id='word_1_319' title='bbox 3071 1764 3282 1818; x_wconf 78' lang='lat' dir='ltr'><strong>utﬁdes</strong></span> <span class='ocrx_word' id='word_1_320' title='bbox 3316 1764 3641 1826; x_wconf 69' lang='lat' dir='ltr'><strong>haberetur,</strong></span> 
     </span>
    </p>
   </div>
   <div class='ocr_carea' id='block_1_47' title="bbox 2051 1855 3631 1928">
    <p class='ocr_par' dir='ltr' id='par_1_47' title="bbox 2051 1855 3631 1928">
     <span class='ocr_line' id='line_1_47' title="bbox 2051 1855 3631 1928; baseline -0.008 -10"><span class='ocrx_word' id='word_1_321' title='bbox 2051 1872 2104 1918; x_wconf 90' lang='lat' dir='ltr'><strong>et</strong></span> <span class='ocrx_word' id='word_1_322' title='bbox 2134 1861 2488 1919; x_wconf 82' lang='lat' dir='ltr'><strong>crederentur</strong></span> <span class='ocrx_word' id='word_1_323' title='bbox 2532 1876 2655 1915; x_wconf 81' lang='lat' dir='ltr'><strong>esse</strong></span> <span class='ocrx_word' id='word_1_324' title='bbox 2695 1873 2848 1923; x_wconf 89' lang='lat' dir='ltr'><strong>vera,</strong></span> <span class='ocrx_word' id='word_1_325' title='bbox 2905 1873 3028 1928; x_wconf 69' lang='lat' dir='ltr'><strong>qua:</strong></span> <span class='ocrx_word' id='word_1_326' title='bbox 3091 1855 3437 1910; x_wconf 81' lang='lat' dir='ltr'><strong>dicebautur.</strong></span> <span class='ocrx_word' id='word_1_327' title='bbox 3476 1855 3631 1919; x_wconf 74' lang='lat' dir='ltr'><strong>Quod</strong></span> 
     </span>
    </p>
   </div>
   <div class='ocr_carea' id='block_1_48' title="bbox 2051 1948 3635 2017">
    <p class='ocr_par' dir='ltr' id='par_1_48' title="bbox 2051 1948 3635 2017">
     <span class='ocr_line' id='line_1_48' title="bbox 2051 1948 3635 2017; baseline -0.008 -6"><span class='ocrx_word' id='word_1_328' title='bbox 2051 1955 2097 2011; x_wconf 82' lang='lat' dir='ltr'><strong>si</strong></span> <span class='ocrx_word' id='word_1_329' title='bbox 2144 1970 2272 2010; x_wconf 78' lang='lat' dir='ltr'><strong>vera</strong></span> <span class='ocrx_word' id='word_1_330' title='bbox 2320 1969 2443 2009; x_wconf 90' lang='lat' dir='ltr'><strong>esse</strong></span> <span class='ocrx_word' id='word_1_331' title='bbox 2482 1967 2592 2007; x_wconf 89' lang='lat' dir='ltr'><strong>non</strong></span> <span class='ocrx_word' id='word_1_332' title='bbox 2626 1951 3008 2015; x_wconf 89' lang='lat' dir='ltr'><strong>crederentur,</strong></span> <span class='ocrx_word' id='word_1_333' title='bbox 3056 1948 3171 2003; x_wconf 85' lang='lat' dir='ltr'><strong>ﬁeri</strong></span> <span class='ocrx_word' id='word_1_334' title='bbox 3222 1948 3512 2017; x_wconf 83' lang='lat' dir='ltr'><strong>potuisset,</strong></span> <span class='ocrx_word' id='word_1_335' title='bbox 3578 1956 3635 1999; x_wconf 81' lang='lat' dir='ltr'><strong>ut</strong></span> 
     </span>
    </p>
   </div>
   <div class='ocr_carea' id='block_1_49' title="bbox 2049 2038 3653 2118">
    <p class='ocr_par' dir='ltr' id='par_1_49' title="bbox 2049 2038 3653 2118">
     <span class='ocr_line' id='line_1_49' title="bbox 2049 2038 3653 2118; baseline -0.006 -16"><span class='ocrx_word' id='word_1_336' title='bbox 2049 2048 2325 2118; x_wconf 88' lang='lat' dir='ltr'><strong>lapidibus</strong></span> <span class='ocrx_word' id='word_1_337' title='bbox 2382 2045 2767 2101; x_wconf 87' lang='lat' dir='ltr'><strong>obruerentur.</strong></span> <span class='ocrx_word' id='word_1_338' title='bbox 2829 2042 3232 2111; x_wconf 81' lang='lat' dir='ltr'><strong>Atuhigituates</strong></span> <span class='ocrx_word' id='word_1_339' title='bbox 3287 2040 3422 2093; x_wconf 82' lang='lat' dir='ltr'><strong>nihil</strong></span> <span class='ocrx_word' id='word_1_340' title='bbox 3484 2038 3653 2094; x_wconf 83' lang='lat' dir='ltr'><strong>aliud.</strong></span> 
     </span>
    </p>
   </div>
   <div class='ocr_carea' id='block_1_50' title="bbox 2047 2122 3633 2201">
    <p class='ocr_par' dir='ltr' id='par_1_50' title="bbox 2047 2122 3633 2201">
     <span class='ocr_line' id='line_1_50' title="bbox 2047 2122 3633 2201; baseline -0.008 -13"><span class='ocrx_word' id='word_1_341' title='bbox 2047 2132 2232 2195; x_wconf 86' lang='lat' dir='ltr'><strong>solvit,</strong></span> <span class='ocrx_word' id='word_1_342' title='bbox 2257 2146 2421 2201; x_wconf 85' lang='lat' dir='ltr'><strong>quam</strong></span> <span class='ocrx_word' id='word_1_343' title='bbox 2456 2128 2839 2185; x_wconf 88' lang='lat' dir='ltr'><strong>testimonium</strong></span> <span class='ocrx_word' id='word_1_344' title='bbox 2869 2127 3273 2197; x_wconf 85' lang='lat' dir='ltr'><strong>propheticum.</strong></span> <span class='ocrx_word' id='word_1_345' title='bbox 3305 2123 3438 2177; x_wconf 88' lang='lat' dir='ltr'><strong>Cum</strong></span> <span class='ocrx_word' id='word_1_346' title='bbox 3470 2122 3633 2192; x_wconf 72' lang='lat' dir='ltr'><strong>igitur</strong></span> 
     </span>
    </p>
   </div>
   <div class='ocr_carea' id='block_1_51' title="bbox 2045 2212 3633 2292">
    <p class='ocr_par' dir='ltr' id='par_1_51' title="bbox 2045 2212 3633 2292">
     <span class='ocr_line' id='line_1_51' title="bbox 2045 2212 3633 2292; baseline -0.009 -12"><span class='ocrx_word' id='word_1_347' title='bbox 2045 2223 2266 2280; x_wconf 72' lang='lat' dir='ltr'><strong>cxsisdt</strong></span> <span class='ocrx_word' id='word_1_348' title='bbox 2292 2222 2474 2292; x_wconf 83' lang='lat' dir='ltr'><strong>aliqua</strong></span> <span class='ocrx_word' id='word_1_349' title='bbox 2516 2219 2750 2290; x_wconf 70' lang='lat' dir='ltr'><strong>quzestio</strong></span> <span class='ocrx_word' id='word_1_350' title='bbox 2785 2216 3208 2287; x_wconf 78' lang='lat' dir='ltr'><strong>inexplicabilis,</strong></span> <span class='ocrx_word' id='word_1_351' title='bbox 3253 2230 3320 2268; x_wconf 91' lang='lat' dir='ltr'><strong>ne</strong></span> <span class='ocrx_word' id='word_1_352' title='bbox 3345 2212 3633 2281; x_wconf 73' lang='lat' dir='ltr'><strong>coniugias</strong></span> 
     </span>
    </p>
   </div>
   <div class='ocr_carea' id='block_1_52' title="bbox 2047 2307 3630 2376">
    <p class='ocr_par' dir='ltr' id='par_1_52' title="bbox 2047 2307 3630 2376">
     <span class='ocr_line' id='line_1_52' title="bbox 2047 2307 3630 2376; baseline -0.008 -9"><span class='ocrx_word' id='word_1_353' title='bbox 2047 2315 2116 2369; x_wconf 90' lang='lat' dir='ltr'><strong>ad</strong></span> <span class='ocrx_word' id='word_1_354' title='bbox 2157 2316 2416 2369; x_wconf 83' lang='lat' dir='ltr'><strong>rationes.</strong></span> <span class='ocrx_word' id='word_1_355' title='bbox 2455 2310 2718 2365; x_wconf 80' lang='lat' dir='ltr'><strong>Rationes</strong></span> <span class='ocrx_word' id='word_1_356' title='bbox 2781 2310 2929 2365; x_wconf 89' lang='lat' dir='ltr'><strong>enim</strong></span> <span class='ocrx_word' id='word_1_357' title='bbox 2962 2307 3284 2376; x_wconf 70' lang='lat' dir='ltr'><strong>excogitatae</strong></span> <span class='ocrx_word' id='word_1_358' title='bbox 3320 2312 3429 2358; x_wconf 89' lang='lat' dir='ltr'><strong>tam</strong></span> <span class='ocrx_word' id='word_1_359' title='bbox 3473 2318 3630 2358; x_wconf 64' lang='lat' dir='ltr'><strong>ever-</strong></span> 
     </span>
    </p>
   </div>
   <div class='ocr_carea' id='block_1_53' title="bbox 2047 2394 3632 2473">
    <p class='ocr_par' dir='ltr' id='par_1_53' title="bbox 2047 2394 3632 2473">
     <span class='ocr_line' id='line_1_53' title="bbox 2047 2394 3632 2473; baseline -0.009 -13"><span class='ocrx_word' id='word_1_360' title='bbox 2047 2414 2257 2468; x_wconf 86' lang='lat' dir='ltr'><strong>tuntur,</strong></span> <span class='ocrx_word' id='word_1_361' title='bbox 2290 2418 2456 2473; x_wconf 87' lang='lat' dir='ltr'><strong>quam</strong></span> <span class='ocrx_word' id='word_1_362' title='bbox 2510 2401 2915 2472; x_wconf 84' lang='lat' dir='ltr'><strong>approbantur,</strong></span> <span class='ocrx_word' id='word_1_363' title='bbox 2968 2398 3064 2452; x_wconf 83' lang='lat' dir='ltr'><strong>sed</strong></span> <span class='ocrx_word' id='word_1_364' title='bbox 3122 2397 3215 2450; x_wconf 91' lang='lat' dir='ltr'><strong>Dei</strong></span> <span class='ocrx_word' id='word_1_365' title='bbox 3266 2409 3450 2448; x_wconf 78' lang='lat' dir='ltr'><strong>vocem</strong></span> <span class='ocrx_word' id='word_1_366' title='bbox 3505 2394 3632 2461; x_wconf 83' lang='lat' dir='ltr'><strong>quis</strong></span> 
     </span>
    </p>
   </div>
   <div class='ocr_carea' id='block_1_54' title="bbox 2043 2483 3626 2561">
    <p class='ocr_par' dir='ltr' id='par_1_54' title="bbox 2043 2483 3626 2561">
     <span class='ocr_line' id='line_1_54' title="bbox 2043 2483 3626 2561; baseline -0.01 -9"><span class='ocrx_word' id='word_1_367' title='bbox 2043 2495 2243 2552; x_wconf 83' lang='lat' dir='ltr'><strong>solvit?</strong></span> <span class='ocrx_word' id='word_1_368' title='bbox 2266 2494 2428 2549; x_wconf 84' lang='lat' dir='ltr'><strong>Ratio</strong></span> <span class='ocrx_word' id='word_1_369' title='bbox 2447 2493 2712 2553; x_wconf 68' lang='lat' dir='ltr'><strong>solvitur:</strong></span> <span class='ocrx_word' id='word_1_370' title='bbox 2762 2490 3044 2561; x_wconf 86' lang='lat' dir='ltr'><strong>Scriptura</strong></span> <span class='ocrx_word' id='word_1_371' title='bbox 3074 2502 3186 2542; x_wconf 89' lang='lat' dir='ltr'><strong>non</strong></span> <span class='ocrx_word' id='word_1_372' title='bbox 3217 2486 3469 2543; x_wconf 80' lang='lat' dir='ltr'><strong>solvitur.</strong></span> <span class='ocrx_word' id='word_1_373' title='bbox 3509 2483 3626 2537; x_wconf 82' lang='lat' dir='ltr'><strong>Non</strong></span> 
     </span>
    </p>
   </div>
   <div class='ocr_carea' id='block_1_55' title="bbox 2042 2576 3625 2656">
    <p class='ocr_par' dir='ltr' id='par_1_55' title="bbox 2042 2576 3625 2656">
     <span class='ocr_line' id='line_1_55' title="bbox 2042 2576 3625 2656; baseline -0.009 -15"><span class='ocrx_word' id='word_1_374' title='bbox 2042 2586 2211 2641; x_wconf 78' lang='lat' dir='ltr'><strong>dixit:</strong></span> <span class='ocrx_word' id='word_1_375' title='bbox 2262 2585 2549 2641; x_wconf 83' lang='lat' dir='ltr'><strong>Ell‘undam</strong></span> <span class='ocrx_word' id='word_1_376' title='bbox 2587 2583 2853 2656; x_wconf 87' lang='lat' dir='ltr'><strong>Spiritum</strong></span> <span class='ocrx_word' id='word_1_377' title='bbox 2889 2596 3094 2645; x_wconf 88' lang='lat' dir='ltr'><strong>meum,</strong></span> <span class='ocrx_word' id='word_1_378' title='bbox 3142 2580 3265 2642; x_wconf 88' lang='lat' dir='ltr'><strong>sed,</strong></span> <span class='ocrx_word' id='word_1_379' title='bbox 3311 2579 3379 2632; x_wconf 90' lang='lat' dir='ltr'><strong>de</strong></span> <span class='ocrx_word' id='word_1_380' title='bbox 3412 2576 3625 2647; x_wconf 82' lang='lat' dir='ltr'><strong>Spit-itu</strong></span> 
     </span>
    </p>
   </div>
   <div class='ocr_carea' id='block_1_56' title="bbox 2042 2668 3623 2747">
    <p class='ocr_par' dir='ltr' id='par_1_56' title="bbox 2042 2668 3623 2747">
     <span class='ocr_line' id='line_1_56' title="bbox 2042 2668 3623 2747; baseline -0.006 -16"><span class='ocrx_word' id='word_1_381' title='bbox 2042 2692 2185 2731; x_wconf 84' lang='lat' dir='ltr'><strong>meo.</strong></span> <span class='ocrx_word' id='word_1_382' title='bbox 2221 2677 2462 2747; x_wconf 87' lang='lat' dir='ltr'><strong>Spiritus</strong></span> <span class='ocrx_word' id='word_1_383' title='bbox 2495 2691 2606 2732; x_wconf 88' lang='lat' dir='ltr'><strong>non</strong></span> <span class='ocrx_word' id='word_1_384' title='bbox 2645 2674 2962 2738; x_wconf 76' lang='lat' dir='ltr'><strong>eﬂ‘unditur,</strong></span> <span class='ocrx_word' id='word_1_385' title='bbox 2991 2673 3089 2727; x_wconf 86' lang='lat' dir='ltr'><strong>sed</strong></span> <span class='ocrx_word' id='word_1_386' title='bbox 3118 2672 3323 2727; x_wconf 91' lang='lat' dir='ltr'><strong>donum</strong></span> <span class='ocrx_word' id='word_1_387' title='bbox 3360 2668 3623 2739; x_wconf 76' lang='lat' dir='ltr'><strong>Spiritus.</strong></span> 
     </span>
    </p>
   </div>
   <div class='ocr_carea' id='block_1_57' title="bbox 2044 2760 3623 2840">
    <p class='ocr_par' dir='ltr' id='par_1_57' title="bbox 2044 2760 3623 2840">
     <span class='ocr_line' id='line_1_57' title="bbox 2044 2760 3623 2840; baseline -0.008 -16"><span class='ocrx_word' id='word_1_388' title='bbox 2044 2769 2218 2840; x_wconf 86' lang='lat' dir='ltr'><strong>Super</strong></span> <span class='ocrx_word' id='word_1_389' title='bbox 2258 2784 2477 2824; x_wconf 86' lang='lat' dir='ltr'><strong>omnem</strong></span> <span class='ocrx_word' id='word_1_390' title='bbox 2531 2784 2791 2834; x_wconf 89' lang='lat' dir='ltr'><strong>carnem,</strong></span> <span class='ocrx_word' id='word_1_391' title='bbox 2826 2767 3081 2822; x_wconf 87' lang='lat' dir='ltr'><strong>videlicet</strong></span> <span class='ocrx_word' id='word_1_392' title='bbox 3134 2780 3254 2835; x_wconf 70' lang='lat' dir='ltr'><strong>quae</strong></span> <span class='ocrx_word' id='word_1_393' title='bbox 3303 2760 3623 2823; x_wconf 77' lang='lat' dir='ltr'><strong>crediderit,</strong></span> 
     </span>
    </p>
   </div>
   <div class='ocr_carea' id='block_1_58' title="bbox 2042 2850 3626 2932">
    <p class='ocr_par' dir='ltr' id='par_1_58' title="bbox 2042 2850 3626 2932">
     <span class='ocr_line' id='line_1_58' title="bbox 2042 2850 3626 2932; baseline -0.01 -14"><span class='ocrx_word' id='word_1_394' title='bbox 2042 2865 2143 2919; x_wconf 90' lang='lat' dir='ltr'><strong>hoc</strong></span> <span class='ocrx_word' id='word_1_395' title='bbox 2181 2872 2287 2930; x_wconf 85' lang='lat' dir='ltr'><strong>est,</strong></span> <span class='ocrx_word' id='word_1_396' title='bbox 2322 2878 2493 2932; x_wconf 85' lang='lat' dir='ltr'><strong>super</strong></span> <span class='ocrx_word' id='word_1_397' title='bbox 2516 2872 2748 2931; x_wconf 82' lang='lat' dir='ltr'><strong>gentes:</strong></span> <span class='ocrx_word' id='word_1_398' title='bbox 2774 2860 2870 2916; x_wconf 84' lang='lat' dir='ltr'><strong>sed</strong></span> <span class='ocrx_word' id='word_1_399' title='bbox 2904 2858 3121 2914; x_wconf 86' lang='lat' dir='ltr'><strong>interim</strong></span> <span class='ocrx_word' id='word_1_400' title='bbox 3148 2855 3392 2910; x_wconf 87' lang='lat' dir='ltr'><strong>nondum</strong></span> <span class='ocrx_word' id='word_1_401' title='bbox 3420 2850 3626 2918; x_wconf 80' lang='lat' dir='ltr'><strong>detegit</strong></span> 
     </span>
    </p>
   </div>
   <div class='ocr_carea' id='block_1_59' title="bbox 2040 2946 3625 3022">
    <p class='ocr_par' dir='ltr' id='par_1_59' title="bbox 2040 2946 3625 3022">
     <span class='ocr_line' id='line_1_59' title="bbox 2040 2946 3625 3022; baseline -0.009 -14"><span class='ocrx_word' id='word_1_402' title='bbox 2040 2955 2148 3010; x_wconf 88' lang='lat' dir='ltr'><strong>illis</strong></span> <span class='ocrx_word' id='word_1_403' title='bbox 2171 2954 2294 3009; x_wconf 79' lang='lat' dir='ltr'><strong>hbe.</strong></span> <span class='ocrx_word' id='word_1_404' title='bbox 2330 2953 2444 3009; x_wconf 86' lang='lat' dir='ltr'><strong>lloe</strong></span> <span class='ocrx_word' id='word_1_405' title='bbox 2478 2962 2684 3016; x_wconf 84' lang='lat' dir='ltr'><strong>autem,</strong></span> <span class='ocrx_word' id='word_1_406' title='bbox 2711 2952 2856 3022; x_wconf 88' lang='lat' dir='ltr'><strong>quod</strong></span> <span class='ocrx_word' id='word_1_407' title='bbox 2882 2950 3033 3014; x_wconf 85' lang='lat' dir='ltr'><strong>dicit,</strong></span> <span class='ocrx_word' id='word_1_408' title='bbox 3058 2946 3234 3018; x_wconf 86' lang='lat' dir='ltr'><strong>Super</strong></span> <span class='ocrx_word' id='word_1_409' title='bbox 3264 2957 3478 3000; x_wconf 89' lang='lat' dir='ltr'><strong>omnem</strong></span> <span class='ocrx_word' id='word_1_410' title='bbox 3503 2956 3625 2996; x_wconf 88' lang='lat' dir='ltr'><strong>car-</strong></span> 
     </span>
    </p>
   </div>
   <div class='ocr_carea' id='block_1_60' title="bbox 2038 3033 3625 3116">
    <p class='ocr_par' dir='ltr' id='par_1_60' title="bbox 2038 3033 3625 3116">
     <span class='ocr_line' id='line_1_60' title="bbox 2038 3033 3625 3116; baseline -0.011 -14"><span class='ocrx_word' id='word_1_411' title='bbox 2038 3063 2186 3110; x_wconf 87' lang='lat' dir='ltr'><strong>nem,</strong></span> <span class='ocrx_word' id='word_1_412' title='bbox 2232 3046 2397 3102; x_wconf 88' lang='lat' dir='ltr'><strong>etiam</strong></span> <span class='ocrx_word' id='word_1_413' title='bbox 2442 3046 2576 3116; x_wconf 89' lang='lat' dir='ltr'><strong>ipsis</strong></span> <span class='ocrx_word' id='word_1_414' title='bbox 2625 3045 2825 3100; x_wconf 89' lang='lat' dir='ltr'><strong>bonam</strong></span> <span class='ocrx_word' id='word_1_415' title='bbox 2859 3059 3014 3113; x_wconf 90' lang='lat' dir='ltr'><strong>spem</strong></span> <span class='ocrx_word' id='word_1_416' title='bbox 3052 3040 3207 3105; x_wconf 79' lang='lat' dir='ltr'><strong>facit,</strong></span> <span class='ocrx_word' id='word_1_417' title='bbox 3239 3045 3294 3095; x_wconf 88' lang='lat' dir='ltr'><strong>et</strong></span> <span class='ocrx_word' id='word_1_418' title='bbox 3341 3052 3449 3092; x_wconf 88' lang='lat' dir='ltr'><strong>non</strong></span> <span class='ocrx_word' id='word_1_419' title='bbox 3488 3033 3625 3087; x_wconf 89' lang='lat' dir='ltr'><strong>sinit</strong></span> 
     </span>
    </p>
   </div>
   <div class='ocr_carea' id='block_1_61' title="bbox 359 3126 1942 3221">
    <p class='ocr_par' dir='ltr' id='par_1_61' title="bbox 359 3133 1938 3207">
     <span class='ocr_line' id='line_1_61' title="bbox 359 3133 1938 3207; baseline 0.001 -21"><span class='ocrx_word' id='word_1_420' title='bbox 359 3133 678 3203; x_wconf 79' lang='grc' dir='ltr'><em>Ηνεύματος</em></span> <span class='ocrx_word' id='word_1_421' title='bbox 700 3136 799 3205; x_wconf 81' lang='grc' dir='ltr'><em>τὴν</em></span> <span class='ocrx_word' id='word_1_422' title='bbox 816 3135 978 3206; x_wconf 84' lang='grc' dir='ltr'><em>χάριν</em></span> <span class='ocrx_word' id='word_1_423' title='bbox 996 3150 1012 3166; x_wconf 79' lang='grc' dir='ltr'><strong>ο</strong></span> <span class='ocrx_word' id='word_1_424' title='bbox 1043 3133 1201 3197; x_wconf 76' lang='grc' dir='ltr'><em>ἄλλος</em></span> <span class='ocrx_word' id='word_1_425' title='bbox 1230 3135 1439 3189; x_wconf 85' lang='grc' dir='ltr'><em>ἀτονῶν</em></span> <span class='ocrx_word' id='word_1_426' title='bbox 1465 3134 1603 3207; x_wconf 76' lang='grc' dir='ltr'><em>πρὸς</em></span> <span class='ocrx_word' id='word_1_427' title='bbox 1628 3135 1690 3188; x_wconf 83' lang='grc' dir='ltr'><em>τὸ</em></span> <span class='ocrx_word' id='word_1_428' title='bbox 1729 3136 1938 3206; x_wconf 86' lang='grc' dir='ltr'><em>ὑπηρε-</em></span> 
     </span>
    </p>
   </div>
   <div class='ocr_carea' id='block_1_62' title="bbox 2044 3126 3624 3221">
    <p class='ocr_par' dir='ltr' id='par_1_62' title="bbox 2044 3126 3624 3209">
     <span class='ocr_line' id='line_1_62' title="bbox 2044 3126 3624 3209; baseline -0.008 -18"><span class='ocrx_word' id='word_1_429' title='bbox 2044 3138 2287 3209; x_wconf 90' lang='lat' dir='ltr'><strong>ipsorum</strong></span> <span class='ocrx_word' id='word_1_430' title='bbox 2323 3136 2587 3190; x_wconf 78' lang='lat' dir='ltr'><strong>duntaxat</strong></span> <span class='ocrx_word' id='word_1_431' title='bbox 2620 3136 2897 3205; x_wconf 85' lang='lat' dir='ltr'><strong>proprium</strong></span> <span class='ocrx_word' id='word_1_432' title='bbox 2944 3148 3068 3189; x_wconf 87' lang='lat' dir='ltr'><strong>esse</strong></span> <span class='ocrx_word' id='word_1_433' title='bbox 3100 3129 3483 3193; x_wconf 88' lang='lat' dir='ltr'><strong>commodum,</strong></span> <span class='ocrx_word' id='word_1_434' title='bbox 3520 3126 3624 3181; x_wconf 88' lang='lat' dir='ltr'><strong>hoc</strong></span> 
     </span>
    </p>
   </div>
   <div class='ocr_carea' id='block_1_63' title="bbox 355 3227 1939 3299">
    <p class='ocr_par' dir='ltr' id='par_1_63' title="bbox 355 3227 1939 3299">
     <span class='ocr_line' id='line_1_63' title="bbox 355 3227 1939 3299; baseline 0.003 -20"><span class='ocrx_word' id='word_1_435' title='bbox 355 3227 626 3297; x_wconf 79' lang='grc' dir='ltr'><em>τήσασθαι</em></span> <span class='ocrx_word' id='word_1_436' title='bbox 654 3227 886 3298; x_wconf 80' lang='grc' dir='ltr'><em>τοιούτῳ</em></span> <span class='ocrx_word' id='word_1_437' title='bbox 926 3228 1238 3298; x_wconf 87' lang='grc' dir='ltr'><em>πράγματι,</em></span> <span class='ocrx_word' id='word_1_438' title='bbox 1272 3227 1539 3298; x_wconf 75' lang='grc' dir='ltr'><em>λαμϐάνει</em></span> <span class='ocrx_word' id='word_1_439' title='bbox 1572 3229 1633 3282; x_wconf 83' lang='grc' dir='ltr'><em>τὸ</em></span> <span class='ocrx_word' id='word_1_440' title='bbox 1670 3230 1780 3283; x_wconf 90' lang='grc' dir='ltr'><strong>τῶν</strong></span> <span class='ocrx_word' id='word_1_441' title='bbox 1806 3230 1939 3299; x_wconf 85' lang='grc' dir='ltr'><em>ὁρά-</em></span> 
     </span>
    </p>
   </div>
   <div class='ocr_carea' id='block_1_64' title="bbox 356 3313 1942 3391">
    <p class='ocr_par' dir='ltr' id='par_1_64' title="bbox 356 3313 1942 3391">
     <span class='ocr_line' id='line_1_64' title="bbox 356 3313 1942 3391; baseline 0.002 -22"><span class='ocrx_word' id='word_1_442' title='bbox 356 3333 495 3370; x_wconf 79' lang='grc' dir='ltr'><em>σεων</em></span> <span class='ocrx_word' id='word_1_443' title='bbox 519 3334 533 3348; x_wconf 70' lang='grc'><strong><em>⁸</em></strong></span> <span class='ocrx_word' id='word_1_444' title='bbox 566 3318 641 3381; x_wconf 76' lang='grc' dir='ltr'><em>ὡς</em></span> <span class='ocrx_word' id='word_1_445' title='bbox 680 3313 818 3372; x_wconf 75' lang='grc' dir='ltr'><em>εἶδεν</em></span> <span class='ocrx_word' id='word_1_446' title='bbox 851 3318 986 3391; x_wconf 75' lang='grc' dir='ltr'><em>ἕκτῃ</em></span> <span class='ocrx_word' id='word_1_447' title='bbox 1015 3318 1135 3390; x_wconf 77' lang='grc' dir='ltr'><strong>ὥρᾳ</strong></span> <span class='ocrx_word' id='word_1_448' title='bbox 1168 3317 1268 3389; x_wconf 80' lang='grc' dir='ltr'><em>τὴν</em></span> <span class='ocrx_word' id='word_1_449' title='bbox 1308 3318 1491 3371; x_wconf 75' lang='grc' dir='ltr'><em>εἰκόνα</em></span> <span class='ocrx_word' id='word_1_450' title='bbox 1530 3320 1557 3371; x_wconf 89' lang='grc' dir='ltr'><strong>ό</strong></span> <span class='ocrx_word' id='word_1_451' title='bbox 1589 3318 1793 3390; x_wconf 78' lang='grc' dir='ltr'><em>Πέτρος</em></span> <span class='ocrx_word' id='word_1_452' title='bbox 1813 3336 1827 3350; x_wconf 89' lang='grc'><strong>·</strong></span> <span class='ocrx_word' id='word_1_453' title='bbox 1864 3318 1942 3383; x_wconf 81' lang='grc' dir='ltr'><em>ὡς</em></span> 
     </span>
    </p>
   </div>
   <div class='ocr_carea' id='block_1_65' title="bbox 354 3406 1937 3481">
    <p class='ocr_par' dir='ltr' id='par_1_65' title="bbox 354 3406 1937 3481">
     <span class='ocr_line' id='line_1_65' title="bbox 354 3406 1937 3481; baseline 0.003 -20"><span class='ocrx_word' id='word_1_454' title='bbox 354 3410 382 3461; x_wconf 88' lang='grc' dir='ltr'><strong>ό</strong></span> <span class='ocrx_word' id='word_1_455' title='bbox 424 3406 723 3478; x_wconf 60' lang='grc' dir='ltr'><em>Κορνήλὼς</em></span> <span class='ocrx_word' id='word_1_456' title='bbox 755 3408 951 3481; x_wconf 78' lang='grc' dir='ltr'><em>ἐννάτῃ</em></span> <span class='ocrx_word' id='word_1_457' title='bbox 978 3406 1098 3481; x_wconf 72' lang='grc' dir='ltr'><em>ῶρᾳ</em></span> <span class='ocrx_word' id='word_1_458' title='bbox 1127 3406 1234 3465; x_wconf 73' lang='grc' dir='ltr'><em>εἶδε</em></span> <span class='ocrx_word' id='word_1_459' title='bbox 1257 3411 1350 3464; x_wconf 80' lang='grc' dir='ltr'><em>τὸν</em></span> <span class='ocrx_word' id='word_1_460' title='bbox 1387 3409 1642 3480; x_wconf 82' lang='grc' dir='ltr'><em>ἄγγελον.</em></span> <span class='ocrx_word' id='word_1_461' title='bbox 1676 3410 1750 3465; x_wconf 82' lang='grc' dir='ltr'>Τὸ</span> <span class='ocrx_word' id='word_1_462' title='bbox 1779 3411 1837 3465; x_wconf 81' lang='grc' dir='ltr'><em>ὲν</em></span> <span class='ocrx_word' id='word_1_463' title='bbox 1873 3413 1937 3481; x_wconf 79' lang='grc' dir='ltr'><em>τῇ</em></span> 
     </span>
    </p>
   </div>
   <div class='ocr_carea' id='block_1_66' title="bbox 354 3500 1935 3575">
    <p class='ocr_par' dir='ltr' id='par_1_66' title="bbox 354 3500 1935 3575">
     <span class='ocr_line' id='line_1_66' title="bbox 354 3500 1935 3575; baseline 0.003 -23"><span class='ocrx_word' id='word_1_464' title='bbox 354 3500 551 3571; x_wconf 75' lang='grc' dir='ltr'><em>καρδίᾳ</em></span> <span class='ocrx_word' id='word_1_465' title='bbox 574 3500 636 3554; x_wconf 80' lang='grc' dir='ltr'><strong>ού</strong></span> <span class='ocrx_word' id='word_1_466' title='bbox 668 3501 886 3570; x_wconf 80' lang='grc' dir='ltr'><em>λέγεται</em></span> <span class='ocrx_word' id='word_1_467' title='bbox 926 3502 1133 3575; x_wconf 77' lang='grc' dir='ltr'><em>ὅραμα,</em></span> <span class='ocrx_word' id='word_1_468' title='bbox 1171 3503 1286 3557; x_wconf 87' lang='grc' dir='ltr'><em>ἀλλ’</em></span> <span class='ocrx_word' id='word_1_469' title='bbox 1310 3503 1520 3575; x_wconf 82' lang='grc' dir='ltr'><em>ὅρασις.</em></span> <span class='ocrx_word' id='word_1_470' title='bbox 1554 3502 1786 3567; x_wconf 80' lang='grc' dir='ltr'><em>Ἀλλως,</em></span> <span class='ocrx_word' id='word_1_471' title='bbox 1810 3503 1935 3574; x_wconf 76' lang='grc' dir='ltr'><em>βλέ-</em></span> 
     </span>
    </p>
   </div>
   <div class='ocr_carea' id='block_1_67' title="bbox 353 3590 1930 3665">
    <p class='ocr_par' dir='ltr' id='par_1_67' title="bbox 353 3590 1930 3665">
     <span class='ocr_line' id='line_1_67' title="bbox 353 3590 1930 3665; baseline 0.004 -22"><span class='ocrx_word' id='word_1_472' title='bbox 353 3609 446 3643; x_wconf 83' lang='grc' dir='ltr'><strong>πει</strong></span> <span class='ocrx_word' id='word_1_473' title='bbox 475 3608 558 3655; x_wconf 86' lang='grc' dir='ltr'><strong>τις</strong></span> <span class='ocrx_word' id='word_1_474' title='bbox 583 3590 794 3663; x_wconf 80' lang='grc' dir='ltr'><em>ὅρασιν,</em></span> <span class='ocrx_word' id='word_1_475' title='bbox 826 3590 902 3657; x_wconf 84' lang='grc' dir='ltr'><strong>ῶς</strong></span> <span class='ocrx_word' id='word_1_476' title='bbox 933 3610 1095 3665; x_wconf 85' lang='grc' dir='ltr'><em>φησιν</em></span> <span class='ocrx_word' id='word_1_477' title='bbox 1123 3596 1149 3647; x_wconf 88' lang='grc' dir='ltr'><strong>ό</strong></span> <span class='ocrx_word' id='word_1_478' title='bbox 1175 3594 1340 3665; x_wconf 77' lang='grc' dir='ltr'><em>ὀρῶνο</em></span> <span class='ocrx_word' id='word_1_479' title='bbox 1382 3594 1599 3659; x_wconf 76' lang='grc' dir='ltr'><em>Βάδιζε,</em></span> <span class='ocrx_word' id='word_1_480' title='bbox 1636 3594 1812 3658; x_wconf 78' lang='grc' dir='ltr'><em>άλλως</em></span> <span class='ocrx_word' id='word_1_481' title='bbox 1850 3595 1930 3662; x_wconf 86' lang='grc' dir='ltr'><em>δὲ,</em></span> 
     </span>
    </p>
   </div>
   <div class='ocr_carea' id='block_1_68' title="bbox 351 3681 1930 3756">
    <p class='ocr_par' dir='ltr' id='par_1_68' title="bbox 351 3681 1930 3756">
     <span class='ocr_line' id='line_1_68' title="bbox 351 3681 1930 3756; baseline 0.004 -22"><span class='ocrx_word' id='word_1_482' title='bbox 351 3684 412 3735; x_wconf 70' lang='grc' dir='ltr'><em>οὗ</em></span> <span class='ocrx_word' id='word_1_483' title='bbox 443 3685 508 3753; x_wconf 78' lang='grc' dir='ltr'><em>τῇ</em></span> <span class='ocrx_word' id='word_1_484' title='bbox 539 3681 663 3751; x_wconf 74' lang='grc' dir='ltr'><em>ὄψει</em></span> <span class='ocrx_word' id='word_1_485' title='bbox 693 3684 915 3756; x_wconf 85' lang='grc' dir='ltr'><em>θεωρῶν</em></span> <span class='ocrx_word' id='word_1_486' title='bbox 944 3685 1005 3738; x_wconf 77' lang='grc' dir='ltr'><em>τὸ</em></span> <span class='ocrx_word' id='word_1_487' title='bbox 1053 3683 1341 3756; x_wconf 83' lang='grc' dir='ltr'><em>θεώρημα,</em></span> <span class='ocrx_word' id='word_1_488' title='bbox 1387 3685 1584 3751; x_wconf 84' lang='grc' dir='ltr'><em>ἄλλως,</em></span> <span class='ocrx_word' id='word_1_489' title='bbox 1628 3686 1757 3741; x_wconf 86' lang='grc' dir='ltr'><em>ὅταν</em></span> <span class='ocrx_word' id='word_1_490' title='bbox 1804 3685 1930 3740; x_wconf 77' lang='grc' dir='ltr'><em>ἐνύ-</em></span> 
     </span>
    </p>
   </div>
   <div class='ocr_carea' id='block_1_69' title="bbox 353 3777 1281 3851">
    <p class='ocr_par' dir='ltr' id='par_1_69' title="bbox 353 3777 1281 3851">
     <span class='ocr_line' id='line_1_69' title="bbox 353 3777 1281 3851; baseline 0.005 -24"><span class='ocrx_word' id='word_1_491' title='bbox 353 3792 508 3829; x_wconf 83' lang='grc' dir='ltr'><em>πν.ον</em></span> <span class='ocrx_word' id='word_1_492' title='bbox 536 3777 604 3845; x_wconf 79' lang='grc' dir='ltr'><em>τῇ</em></span> <span class='ocrx_word' id='word_1_493' title='bbox 636 3777 908 3850; x_wconf 77' lang='grc' dir='ltr'><em>φαντασίᾳ</em></span> <span class='ocrx_word' id='word_1_494' title='bbox 933 3778 1281 3851; x_wconf 81' lang='grc' dir='ltr'><em>παιδεύηται.</em></span> 
     </span>
    </p>
   </div>
   <div class='ocr_carea' id='block_1_70' title="bbox 2042 3222 3620 3296">
    <p class='ocr_par' dir='ltr' id='par_1_70' title="bbox 2042 3222 3620 3296">
     <span class='ocr_line' id='line_1_70' title="bbox 2042 3222 3620 3296; baseline -0.01 -12"><span class='ocrx_word' id='word_1_495' title='bbox 2042 3229 2205 3284; x_wconf 83' lang='lat' dir='ltr'><strong>modo</strong></span> <span class='ocrx_word' id='word_1_496' title='bbox 2234 3229 2398 3284; x_wconf 84' lang='lat' dir='ltr'><strong>etiam</strong></span> <span class='ocrx_word' id='word_1_497' title='bbox 2425 3228 2686 3282; x_wconf 87' lang='lat' dir='ltr'><strong>invidiam</strong></span> <span class='ocrx_word' id='word_1_498' title='bbox 2719 3225 3042 3296; x_wconf 67' lang='lat' dir='ltr'><strong>praecidens.</strong></span> <span class='ocrx_word' id='word_1_499' title='bbox 3074 3222 3212 3278; x_wconf 75' lang='lat' dir='ltr'><strong>Vide</strong></span> <span class='ocrx_word' id='word_1_500' title='bbox 3244 3231 3423 3276; x_wconf 87' lang='lat' dir='ltr'><strong>autem</strong></span> <span class='ocrx_word' id='word_1_501' title='bbox 3455 3234 3620 3289; x_wconf 88' lang='lat' dir='ltr'><strong>quam</strong></span> 
     </span>
    </p>
   </div>
   <div class='ocr_carea' id='block_1_71' title="bbox 2039 3310 3621 3385">
    <p class='ocr_par' dir='ltr' id='par_1_71' title="bbox 2039 3310 3621 3385">
     <span class='ocr_line' id='line_1_71' title="bbox 2039 3310 3621 3385; baseline -0.008 -8"><span class='ocrx_word' id='word_1_502' title='bbox 2039 3321 2258 3377; x_wconf 87' lang='lat' dir='ltr'><strong>diversa</strong></span> <span class='ocrx_word' id='word_1_503' title='bbox 2294 3335 2357 3374; x_wconf 87' lang='lat' dir='ltr'><strong>ac</strong></span> <span class='ocrx_word' id='word_1_504' title='bbox 2387 3319 2538 3373; x_wconf 72' lang='lat' dir='ltr'><strong>varia</strong></span> <span class='ocrx_word' id='word_1_505' title='bbox 2586 3318 2656 3374; x_wconf 87' lang='lat' dir='ltr'><strong>sit</strong></span> <span class='ocrx_word' id='word_1_506' title='bbox 2699 3317 2876 3374; x_wconf 82' lang='lat' dir='ltr'><strong>sancti</strong></span> <span class='ocrx_word' id='word_1_507' title='bbox 2908 3316 3148 3385; x_wconf 87' lang='lat' dir='ltr'><strong>Spiritus</strong></span> <span class='ocrx_word' id='word_1_508' title='bbox 3188 3314 3477 3368; x_wconf 81' lang='lat' dir='ltr'><strong>revelatio.</strong></span> <span class='ocrx_word' id='word_1_509' title='bbox 3521 3310 3621 3365; x_wconf 87' lang='lat' dir='ltr'><strong>llic</strong></span> 
     </span>
    </p>
   </div>
   <div class='ocr_carea' id='block_1_72' title="bbox 2039 3403 3619 3483">
    <p class='ocr_par' dir='ltr' id='par_1_72' title="bbox 2039 3403 3619 3483">
     <span class='ocr_line' id='line_1_72' title="bbox 2039 3403 3619 3483; baseline -0.006 -18"><span class='ocrx_word' id='word_1_510' title='bbox 2039 3413 2254 3483; x_wconf 87' lang='lat' dir='ltr'><strong>quidem</strong></span> <span class='ocrx_word' id='word_1_511' title='bbox 2278 3412 2510 3482; x_wconf 89' lang='lat' dir='ltr'><strong>adeptus</strong></span> <span class='ocrx_word' id='word_1_512' title='bbox 2529 3411 2761 3481; x_wconf 77' lang='lat' dir='ltr'><strong>gratiam</strong></span> <span class='ocrx_word' id='word_1_513' title='bbox 2797 3409 3059 3479; x_wconf 87' lang='lat' dir='ltr'><strong>Spiritus,</strong></span> <span class='ocrx_word' id='word_1_514' title='bbox 3092 3407 3419 3477; x_wconf 77' lang='lat' dir='ltr'><strong>prephetat:</strong></span> <span class='ocrx_word' id='word_1_515' title='bbox 3455 3403 3619 3465; x_wconf 86' lang='lat' dir='ltr'><strong>alius,</strong></span> 
     </span>
    </p>
   </div>
   <div class='ocr_carea' id='block_1_73' title="bbox 2037 3494 3621 3573">
    <p class='ocr_par' dir='ltr' id='par_1_73' title="bbox 2037 3494 3621 3573">
     <span class='ocr_line' id='line_1_73' title="bbox 2037 3494 3621 3573; baseline -0.008 -15"><span class='ocrx_word' id='word_1_516' title='bbox 2037 3504 2127 3559; x_wconf 90' lang='lat' dir='ltr'><strong>cui</strong></span> <span class='ocrx_word' id='word_1_517' title='bbox 2164 3504 2309 3559; x_wconf 84' lang='lat' dir='ltr'><strong>vires</strong></span> <span class='ocrx_word' id='word_1_518' title='bbox 2340 3518 2449 3558; x_wconf 88' lang='lat' dir='ltr'><strong>non</strong></span> <span class='ocrx_word' id='word_1_519' title='bbox 2486 3510 2809 3573; x_wconf 87' lang='lat' dir='ltr'><strong>suppetunt,</strong></span> <span class='ocrx_word' id='word_1_520' title='bbox 2843 3510 2903 3555; x_wconf 92' lang='lat' dir='ltr'><strong>ut</strong></span> <span class='ocrx_word' id='word_1_521' title='bbox 2936 3501 3029 3553; x_wconf 84' lang='lat' dir='ltr'><strong>tali</strong></span> <span class='ocrx_word' id='word_1_522' title='bbox 3082 3498 3389 3553; x_wconf 83' lang='lat' dir='ltr'><strong>ministerio</strong></span> <span class='ocrx_word' id='word_1_523' title='bbox 3426 3494 3621 3564; x_wconf 82' lang='lat' dir='ltr'><strong>iunga-</strong></span> 
     </span>
    </p>
   </div>
   <div class='ocr_carea' id='block_1_74' title="bbox 2040 3589 3618 3667">
    <p class='ocr_par' dir='ltr' id='par_1_74' title="bbox 2040 3589 3618 3667">
     <span class='ocr_line' id='line_1_74' title="bbox 2040 3589 3618 3667; baseline -0.008 -17"><span class='ocrx_word' id='word_1_524' title='bbox 2040 3608 2151 3664; x_wconf 90' lang='lat' dir='ltr'><strong>tur,</strong></span> <span class='ocrx_word' id='word_1_525' title='bbox 2196 3597 2631 3667; x_wconf 86' lang='lat' dir='ltr'><strong>accipitdonum</strong></span> <span class='ocrx_word' id='word_1_526' title='bbox 2658 3595 2966 3650; x_wconf 86' lang='lat' dir='ltr'><strong>visionum:</strong></span> <span class='ocrx_word' id='word_1_527' title='bbox 3006 3599 3064 3646; x_wconf 90' lang='lat' dir='ltr'><strong>ut</strong></span> <span class='ocrx_word' id='word_1_528' title='bbox 3094 3590 3234 3644; x_wconf 88' lang='lat' dir='ltr'><strong>vidit</strong></span> <span class='ocrx_word' id='word_1_529' title='bbox 3281 3589 3416 3642; x_wconf 84' lang='lat' dir='ltr'><strong>hora</strong></span> <span class='ocrx_word' id='word_1_530' title='bbox 3465 3592 3618 3640; x_wconf 75' lang='lat' dir='ltr'><strong>sexta</strong></span> 
     </span>
    </p>
   </div>
   <div class='ocr_carea' id='block_1_75' title="bbox 2040 3680 3618 3757">
    <p class='ocr_par' dir='ltr' id='par_1_75' title="bbox 2040 3680 3618 3757">
     <span class='ocr_line' id='line_1_75' title="bbox 2040 3680 3618 3757; baseline -0.008 -18"><span class='ocrx_word' id='word_1_531' title='bbox 2040 3682 2236 3743; x_wconf 83' lang='lat' dir='ltr'><strong>Petrus</strong></span> <span class='ocrx_word' id='word_1_532' title='bbox 2286 3688 2575 3757; x_wconf 81' lang='lat' dir='ltr'><strong>imaginem</strong></span> <span class='ocrx_word' id='word_1_533' title='bbox 2616 3686 2809 3739; x_wconf 73' lang='lat' dir='ltr'><strong>lintei:</strong></span> <span class='ocrx_word' id='word_1_534' title='bbox 2846 3691 2905 3737; x_wconf 90' lang='lat' dir='ltr'><strong>ut</strong></span> <span class='ocrx_word' id='word_1_535' title='bbox 2940 3680 3232 3737; x_wconf 86' lang='lat' dir='ltr'><strong>Cornelius</strong></span> <span class='ocrx_word' id='word_1_536' title='bbox 3280 3680 3412 3733; x_wconf 85' lang='lat' dir='ltr'><strong>hora</strong></span> <span class='ocrx_word' id='word_1_537' title='bbox 3471 3690 3618 3731; x_wconf 87' lang='lat' dir='ltr'><strong>nona</strong></span> 
     </span>
    </p>
   </div>
   <div class='ocr_carea' id='block_1_76' title="bbox 2039 3768 3621 3850">
    <p class='ocr_par' dir='ltr' id='par_1_76' title="bbox 2039 3768 3621 3850">
     <span class='ocr_line' id='line_1_76' title="bbox 2039 3768 3621 3850; baseline -0.011 -15"><span class='ocrx_word' id='word_1_538' title='bbox 2039 3780 2171 3835; x_wconf 86' lang='lat' dir='ltr'><strong>vidit</strong></span> <span class='ocrx_word' id='word_1_539' title='bbox 2229 3780 2506 3850; x_wconf 83' lang='lat' dir='ltr'><strong>angelum.</strong></span> <span class='ocrx_word' id='word_1_540' title='bbox 2557 3777 2713 3845; x_wconf 83' lang='lat' dir='ltr'><strong>Quod</strong></span> <span class='ocrx_word' id='word_1_541' title='bbox 2770 3784 2858 3831; x_wconf 84' lang='lat' dir='ltr'><strong>est</strong></span> <span class='ocrx_word' id='word_1_542' title='bbox 2906 3775 2960 3828; x_wconf 89' lang='lat' dir='ltr'><strong>in</strong></span> <span class='ocrx_word' id='word_1_543' title='bbox 3005 3772 3170 3828; x_wconf 86' lang='lat' dir='ltr'><strong>corde</strong></span> <span class='ocrx_word' id='word_1_544' title='bbox 3199 3814 3214 3838; x_wconf 95' lang='lat'><strong>,</strong></span> <span class='ocrx_word' id='word_1_545' title='bbox 3269 3788 3377 3826; x_wconf 87' lang='lat' dir='ltr'><strong>non</strong></span> <span class='ocrx_word' id='word_1_546' title='bbox 3422 3768 3621 3822; x_wconf 86' lang='lat' dir='ltr'><strong>dicitur</strong></span> 
     </span>
    </p>
   </div>
   <div class='ocr_carea' id='block_1_77' title="bbox 349 3863 3619 3945">
    <p class='ocr_par' dir='ltr' id='par_1_77' title="bbox 349 3863 3619 3945">
     <span class='ocr_line' id='line_1_77' title="bbox 349 3863 3619 3945; baseline -0.002 -23"><span class='ocrx_word' id='word_1_547' title='bbox 349 3871 554 3941; x_wconf 75' lang='grc' dir='ltr'><em>ὅραμα,</em></span> <span class='ocrx_word' id='word_1_548' title='bbox 582 3872 634 3926; x_wconf 91' lang='lat' dir='ltr'><strong>id</strong></span> <span class='ocrx_word' id='word_1_549' title='bbox 671 3878 757 3927; x_wconf 89' lang='lat' dir='ltr'><strong>est</strong></span> <span class='ocrx_word' id='word_1_550' title='bbox 794 3873 995 3938; x_wconf 87' lang='lat' dir='ltr'><strong>visum,</strong></span> <span class='ocrx_word' id='word_1_551' title='bbox 1020 3875 1135 3930; x_wconf 84' lang='lat' dir='ltr'><strong>sive</strong></span> <span class='ocrx_word' id='word_1_552' title='bbox 1163 3881 1456 3943; x_wconf 86' lang='lat' dir='ltr'><strong>aspectus,</strong></span> <span class='ocrx_word' id='word_1_553' title='bbox 1493 3873 1588 3928; x_wconf 88' lang='lat' dir='ltr'><strong>sed</strong></span> <span class='ocrx_word' id='word_1_554' title='bbox 1620 3874 1830 3945; x_wconf 76' lang='grc' dir='ltr'><em>ὅρασις,</em></span> <span class='ocrx_word' id='word_1_555' title='bbox 1870 3875 1920 3929; x_wconf 90' lang='lat' dir='ltr'><strong>id</strong></span> <span class='ocrx_word' id='word_1_556' title='bbox 1963 3884 2048 3932; x_wconf 88' lang='lat' dir='ltr'><strong>est</strong></span> <span class='ocrx_word' id='word_1_557' title='bbox 2107 3876 2267 3930; x_wconf 81' lang='lat' dir='ltr'><strong>visio.</strong></span> <span class='ocrx_word' id='word_1_558' title='bbox 2320 3876 2514 3938; x_wconf 82' lang='lat' dir='ltr'><strong>Aliter,</strong></span> <span class='ocrx_word' id='word_1_559' title='bbox 2558 3873 2699 3928; x_wconf 89' lang='lat' dir='ltr'><strong>videt</strong></span> <span class='ocrx_word' id='word_1_560' title='bbox 2733 3872 2860 3943; x_wconf 89' lang='lat' dir='ltr'><strong>quis</strong></span> <span class='ocrx_word' id='word_1_561' title='bbox 2889 3871 3194 3926; x_wconf 88' lang='lat' dir='ltr'><strong>visionem:</strong></span> <span class='ocrx_word' id='word_1_562' title='bbox 3269 3876 3326 3922; x_wconf 89' lang='lat' dir='ltr'><strong>ut</strong></span> <span class='ocrx_word' id='word_1_563' title='bbox 3410 3863 3619 3935; x_wconf 85' lang='lat' dir='ltr'><strong>inquit,</strong></span> 
     </span>
    </p>
   </div>
   <div class='ocr_carea' id='block_1_78' title="bbox 351 3961 3628 4037">
    <p class='ocr_par' dir='ltr' id='par_1_78' title="bbox 351 3961 3628 4037">
     <span class='ocr_line' id='line_1_78' title="bbox 351 3961 3628 4037; baseline -0.002 -22"><span class='ocrx_word' id='word_1_564' title='bbox 351 3963 445 4026; x_wconf 83' lang='lat' dir='ltr'><strong>qui</strong></span> <span class='ocrx_word' id='word_1_565' title='bbox 477 3963 733 4019; x_wconf 84' lang='lat' dir='ltr'><strong>videbat:</strong></span> <span class='ocrx_word' id='word_1_566' title='bbox 764 3961 954 4029; x_wconf 81' lang='lat' dir='ltr'><strong>Vade;</strong></span> <span class='ocrx_word' id='word_1_567' title='bbox 996 3967 1154 4020; x_wconf 88' lang='lat' dir='ltr'><strong>aliter</strong></span> <span class='ocrx_word' id='word_1_568' title='bbox 1185 3974 1391 4031; x_wconf 86' lang='lat' dir='ltr'><strong>autem,</strong></span> <span class='ocrx_word' id='word_1_569' title='bbox 1424 3982 1529 4019; x_wconf 91' lang='lat' dir='ltr'><strong>non</strong></span> <span class='ocrx_word' id='word_1_570' title='bbox 1577 3966 1700 4020; x_wconf 88' lang='lat' dir='ltr'><strong>visu</strong></span> <span class='ocrx_word' id='word_1_571' title='bbox 1734 3967 2027 4036; x_wconf 83' lang='lat' dir='ltr'><strong>speculans</strong></span> <span class='ocrx_word' id='word_1_572' title='bbox 2091 3977 2147 4023; x_wconf 89' lang='lat' dir='ltr'><strong>et</strong></span> <span class='ocrx_word' id='word_1_573' title='bbox 2180 3969 2559 4037; x_wconf 87' lang='lat' dir='ltr'><strong>contemplans</strong></span> <span class='ocrx_word' id='word_1_574' title='bbox 2587 3964 3082 4035; x_wconf 82' lang='lat' dir='ltr'><strong>speculamentum,</strong></span> <span class='ocrx_word' id='word_1_575' title='bbox 3144 3974 3241 4014; x_wconf 89' lang='lat' dir='ltr'><strong>seu</strong></span> <span class='ocrx_word' id='word_1_576' title='bbox 3303 3971 3420 4012; x_wconf 88' lang='lat' dir='ltr'><strong>rem</strong></span> <span class='ocrx_word' id='word_1_577' title='bbox 3486 3968 3628 4009; x_wconf 88' lang='lat' dir='ltr'><strong>eon-</strong></span> 
     </span>
    </p>
   </div>
   <div class='ocr_carea' id='block_1_79' title="bbox 352 4054 3009 4131">
    <p class='ocr_par' dir='ltr' id='par_1_79' title="bbox 352 4054 3009 4131">
     <span class='ocr_line' id='line_1_79' title="bbox 352 4054 3009 4131; baseline 0 -24"><span class='ocrx_word' id='word_1_578' title='bbox 352 4054 754 4122; x_wconf 81' lang='lat' dir='ltr'><strong>templandam:</strong></span> <span class='ocrx_word' id='word_1_579' title='bbox 792 4055 970 4121; x_wconf 85' lang='lat' dir='ltr'><strong>aliter,</strong></span> <span class='ocrx_word' id='word_1_580' title='bbox 1005 4071 1130 4112; x_wconf 87' lang='lat' dir='ltr'><strong>cum</strong></span> <span class='ocrx_word' id='word_1_581' title='bbox 1170 4056 1294 4127; x_wconf 91' lang='lat' dir='ltr'><strong>quis</strong></span> <span class='ocrx_word' id='word_1_582' title='bbox 1320 4061 1375 4111; x_wconf 87' lang='lat' dir='ltr'><strong>in</strong></span> <span class='ocrx_word' id='word_1_583' title='bbox 1411 4072 1628 4114; x_wconf 87' lang='lat' dir='ltr'><strong>summo</strong></span> <span class='ocrx_word' id='word_1_584' title='bbox 1658 4075 1754 4130; x_wconf 88' lang='lat' dir='ltr'><strong>per</strong></span> <span class='ocrx_word' id='word_1_585' title='bbox 1786 4060 2233 4131; x_wconf 81' lang='lat' dir='ltr'><strong>imaginationem</strong></span> <span class='ocrx_word' id='word_1_586' title='bbox 2268 4060 2519 4115; x_wconf 88' lang='lat' dir='ltr'><strong>eruditur</strong></span> <span class='ocrx_word' id='word_1_587' title='bbox 2558 4068 2720 4126; x_wconf 89' lang='lat' dir='ltr'><strong>atque</strong></span> <span class='ocrx_word' id='word_1_588' title='bbox 2756 4055 3009 4111; x_wconf 88' lang='lat' dir='ltr'><strong>docetur.</strong></span> 
     </span>
    </p>
   </div>
   <div class='ocr_carea' id='block_1_80' title="bbox 423 4149 1936 4224">
    <p class='ocr_par' dir='ltr' id='par_1_80' title="bbox 423 4149 1936 4224">
     <span class='ocr_line' id='line_1_80' title="bbox 423 4149 1936 4224; baseline 0.003 -19"><span class='ocrx_word' id='word_1_589' title='bbox 423 4150 532 4206; x_wconf 81' lang='lat' dir='ltr'><strong><em>Kal</em></strong></span> <span class='ocrx_word' id='word_1_590' title='bbox 570 4149 745 4203; x_wconf 84' lang='grc' dir='ltr'><em>δώσω</em></span> <span class='ocrx_word' id='word_1_591' title='bbox 784 4149 997 4219; x_wconf 79' lang='grc' dir='ltr'><em>τέρατα</em></span> <span class='ocrx_word' id='word_1_592' title='bbox 1022 4152 1096 4206; x_wconf 86' lang='grc' dir='ltr'><em>ἐν</em></span> <span class='ocrx_word' id='word_1_593' title='bbox 1140 4151 1220 4217; x_wconf 85' lang='grc' dir='ltr'><em>τῷ</em></span> <span class='ocrx_word' id='word_1_594' title='bbox 1248 4153 1484 4222; x_wconf 72' lang='grc' dir='ltr'><em>οὐρανῷ</em></span> <span class='ocrx_word' id='word_1_595' title='bbox 1512 4154 1657 4217; x_wconf 81' lang='grc' dir='ltr'><em>ἀνω.</em></span> <span class='ocrx_word' id='word_1_596' title='bbox 1695 4155 1795 4209; x_wconf 77' lang='grc' dir='ltr'><em>καὶ</em></span> <span class='ocrx_word' id='word_1_597' title='bbox 1823 4171 1936 4224; x_wconf 85' lang='grc' dir='ltr'><em>ση-</em></span> 
     </span>
    </p>
   </div>
   <div class='ocr_carea' id='block_1_81' title="bbox 351 4240 1937 4320">
    <p class='ocr_par' dir='ltr' id='par_1_81' title="bbox 351 4240 1937 4320">
     <span class='ocr_line' id='line_1_81' title="bbox 351 4240 1937 4320; baseline 0.004 -25"><span class='ocrx_word' id='word_1_598' title='bbox 351 4242 486 4311; x_wconf 80' lang='grc' dir='ltr'><em>μεῖα</em></span> <span class='ocrx_word' id='word_1_599' title='bbox 512 4242 611 4296; x_wconf 75' lang='grc' dir='ltr'><strong>ἐπὶ</strong></span> <span class='ocrx_word' id='word_1_600' title='bbox 630 4241 742 4313; x_wconf 79' lang='grc' dir='ltr'><em>τῆς</em></span> <span class='ocrx_word' id='word_1_601' title='bbox 764 4242 878 4314; x_wconf 78' lang='grc' dir='ltr'><em>γῆς</em></span> <span class='ocrx_word' id='word_1_602' title='bbox 903 4243 1081 4311; x_wconf 76' lang='grc' dir='ltr'><em>κάτω,</em></span> <span class='ocrx_word' id='word_1_603' title='bbox 1104 4240 1278 4314; x_wconf 63' lang='grc' dir='ltr'><em>αἷμα,</em></span> <span class='ocrx_word' id='word_1_604' title='bbox 1294 4247 1394 4301; x_wconf 77' lang='grc' dir='ltr'><strong>καί</strong></span> <span class='ocrx_word' id='word_1_605' title='bbox 1418 4247 1564 4316; x_wconf 80' lang='grc' dir='ltr'><em>πῦρ,</em></span> <span class='ocrx_word' id='word_1_606' title='bbox 1593 4250 1693 4303; x_wconf 76' lang='grc' dir='ltr'><em>καὶ</em></span> <span class='ocrx_word' id='word_1_607' title='bbox 1719 4247 1937 4320; x_wconf 80' lang='grc' dir='ltr'><em>ἀτμίδα</em></span> 
     </span>
    </p>
   </div>
   <div class='ocr_carea' id='block_1_82' title="bbox 351 4352 617 4392">
    <p class='ocr_par' dir='ltr' id='par_1_82' title="bbox 351 4352 617 4392">
     <span class='ocr_line' id='line_1_82' title="bbox 351 4352 617 4392; baseline -0.011 0"><span class='ocrx_word' id='word_1_608' title='bbox 351 4352 474 4392; x_wconf 69' lang='grc' dir='ltr'><strong>καπ</strong></span> <span class='ocrx_word' id='word_1_609' title='bbox 478 4352 592 4390; x_wconf 84' lang='grc' dir='ltr'><em>νου</em></span> <span class='ocrx_word' id='word_1_610' title='bbox 601 4373 617 4389; x_wconf 80' lang='grc' dir='ltr'><strong>ο</strong></span> 
     </span>
    </p>
   </div>
   <div class='ocr_carea' id='block_1_83' title="bbox 437 4426 1933 4500">
    <p class='ocr_par' dir='ltr' id='par_1_83' title="bbox 437 4426 1933 4500">
     <span class='ocr_line' id='line_1_83' title="bbox 437 4426 1933 4500; baseline 0.004 -20"><span class='ocrx_word' id='word_1_611' title='bbox 437 4426 502 4480; x_wconf 81' lang='grc' dir='ltr'><strong><em>Ὀ</em></strong></span> <span class='ocrx_word' id='word_1_612' title='bbox 536 4427 713 4494; x_wconf 80' lang='grc' dir='ltr'><em>ἥλιος</em></span> <span class='ocrx_word' id='word_1_613' title='bbox 738 4427 1305 4497; x_wconf 66' lang='grc' dir='ltr'><em>μεταστραφήσεται</em></span> <span class='ocrx_word' id='word_1_614' title='bbox 1351 4432 1440 4496; x_wconf 84' lang='grc' dir='ltr'><strong>είς</strong></span> <span class='ocrx_word' id='word_1_615' title='bbox 1466 4433 1707 4498; x_wconf 82' lang='grc' dir='ltr'><em>σκότος,</em></span> <span class='ocrx_word' id='word_1_616' title='bbox 1751 4431 1852 4487; x_wconf 77' lang='grc' dir='ltr'><strong>καί</strong></span> <span class='ocrx_word' id='word_1_617' title='bbox 1894 4433 1933 4500; x_wconf 73' lang='grc' dir='ltr'>ἡ</span> 
     </span>
    </p>
   </div>
   <div class='ocr_carea' id='block_1_84' title="bbox 352 4513 1938 4593">
    <p class='ocr_par' dir='ltr' id='par_1_84' title="bbox 352 4513 1938 4593">
     <span class='ocr_line' id='line_1_84' title="bbox 352 4513 1938 4593; baseline 0.005 -23"><span class='ocrx_word' id='word_1_618' title='bbox 352 4516 589 4585; x_wconf 73' lang='grc' dir='ltr'><em>σελήνη</em></span> <span class='ocrx_word' id='word_1_619' title='bbox 617 4520 707 4581; x_wconf 86' lang='grc' dir='ltr'><strong>είς</strong></span> <span class='ocrx_word' id='word_1_620' title='bbox 736 4513 901 4588; x_wconf 77' lang='grc' dir='ltr'><em>αἷμα,</em></span> <span class='ocrx_word' id='word_1_621' title='bbox 938 4519 1083 4588; x_wconf 78' lang='grc' dir='ltr'><em>πρὶν</em></span> <span class='ocrx_word' id='word_1_622' title='bbox 1113 4519 1151 4586; x_wconf 77' lang='grc' dir='ltr'><strong>ἢ</strong></span> <span class='ocrx_word' id='word_1_623' title='bbox 1185 4518 1383 4574; x_wconf 76' lang='grc' dir='ltr'><em>ἐλθεῖν</em></span> <span class='ocrx_word' id='word_1_624' title='bbox 1422 4520 1535 4590; x_wconf 75' lang='grc' dir='ltr'><em>τὴν</em></span> <span class='ocrx_word' id='word_1_625' title='bbox 1567 4524 1797 4593; x_wconf 77' lang='grc' dir='ltr'><em>ἡμέραν</em></span> <span class='ocrx_word' id='word_1_626' title='bbox 1822 4526 1938 4578; x_wconf 84' lang='grc' dir='ltr'><strong>Κυ-</strong></span> 
     </span>
    </p>
   </div>
   <div class='ocr_carea' id='block_1_85' title="bbox 351 4609 1406 4682">
    <p class='ocr_par' dir='ltr' id='par_1_85' title="bbox 351 4609 1406 4682">
     <span class='ocr_line' id='line_1_85' title="bbox 351 4609 1406 4682; baseline 0.004 -19"><span class='ocrx_word' id='word_1_627' title='bbox 351 4613 510 4678; x_wconf 70' lang='lat' dir='ltr'><strong>pr&#39;ov,</strong></span> <span class='ocrx_word' id='word_1_628' title='bbox 542 4609 659 4678; x_wconf 80' lang='grc' dir='ltr'><em>τὴν</em></span> <span class='ocrx_word' id='word_1_629' title='bbox 686 4609 962 4681; x_wconf 75' lang='grc' dir='ltr'><em>μεγάλην</em></span> <span class='ocrx_word' id='word_1_630' title='bbox 992 4611 1091 4666; x_wconf 79' lang='grc' dir='ltr'><em>καὶ</em></span> <span class='ocrx_word' id='word_1_631' title='bbox 1118 4612 1406 4682; x_wconf 67' lang='grc' dir='ltr'><em>ἐπιφανῆ.</em></span> 
     </span>
    </p>
   </div>
   <div class='ocr_carea' id='block_1_86' title="bbox 423 4702 1939 4779">
    <p class='ocr_par' dir='ltr' id='par_1_86' title="bbox 423 4702 1939 4779">
     <span class='ocr_line' id='line_1_86' title="bbox 423 4702 1939 4779; baseline 0.005 -23"><span class='ocrx_word' id='word_1_632' title='bbox 423 4702 532 4756; x_wconf 74' lang='lat' dir='ltr'><strong><em>Kal</em></strong></span> <span class='ocrx_word' id='word_1_633' title='bbox 563 4704 758 4767; x_wconf 76' lang='grc' dir='ltr'><em>ἔσται,</em></span> <span class='ocrx_word' id='word_1_634' title='bbox 784 4702 904 4770; x_wconf 80' lang='grc' dir='ltr'><strong>πᾶς</strong></span> <span class='ocrx_word' id='word_1_635' title='bbox 929 4704 997 4771; x_wconf 83' lang='grc' dir='ltr'><em>ὃς</em></span> <span class='ocrx_word' id='word_1_636' title='bbox 1025 4703 1102 4758; x_wconf 82' lang='grc' dir='ltr'><em>ἂν</em></span> <span class='ocrx_word' id='word_1_637' title='bbox 1122 4704 1169 4735; x_wconf 61' lang='grc'>⁸³</span> <span class='ocrx_word' id='word_1_638' title='bbox 1192 4705 1621 4774; x_wconf 75' lang='grc' dir='ltr'><em>ἐπικαλέσηται</em></span> <span class='ocrx_word' id='word_1_639' title='bbox 1652 4708 1718 4763; x_wconf 83' lang='grc' dir='ltr'><em>τὸ</em></span> <span class='ocrx_word' id='word_1_640' title='bbox 1747 4708 1939 4779; x_wconf 81' lang='grc' dir='ltr'><em>ὄνομα</em></span> 
     </span>
    </p>
   </div>
   <div class='ocr_carea' id='block_1_87' title="bbox 358 4790 1010 4860">
    <p class='ocr_par' dir='ltr' id='par_1_87' title="bbox 358 4790 1010 4860">
     <span class='ocr_line' id='line_1_87' title="bbox 358 4790 1010 4860; baseline 0.005 -16"><span class='ocrx_word' id='word_1_641' title='bbox 358 4790 606 4858; x_wconf 70' lang='grc' dir='ltr'><em>ιιυρίου,</em></span> <span class='ocrx_word' id='word_1_642' title='bbox 644 4791 1010 4860; x_wconf 77' lang='grc' dir='ltr'><em>σωθήσεται.</em></span> 
     </span>
    </p>
   </div>
   <div class='ocr_carea' id='block_1_88' title="bbox 423 4880 1936 4960">
    <p class='ocr_par' dir='ltr' id='par_1_88' title="bbox 423 4880 1936 4960">
     <span class='ocr_line' id='line_1_88' title="bbox 423 4880 1936 4960; baseline 0.004 -25"><span class='ocrx_word' id='word_1_643' title='bbox 423 4882 615 4937; x_wconf 85' lang='grc' dir='ltr'><em>Ταῦτα</em></span> <span class='ocrx_word' id='word_1_644' title='bbox 641 4885 736 4936; x_wconf 76' lang='grc' dir='ltr'><em>καὶ</em></span> <span class='ocrx_word' id='word_1_645' title='bbox 766 4883 1017 4954; x_wconf 73' lang='grc' dir='ltr'><em>περὶτῆς</em></span> <span class='ocrx_word' id='word_1_646' title='bbox 1050 4880 1356 4954; x_wconf 84' lang='grc' dir='ltr'><em>μελλούσης</em></span> <span class='ocrx_word' id='word_1_647' title='bbox 1376 4885 1650 4955; x_wconf 79' lang='grc' dir='ltr'><em>κρίσεως“,</em></span> <span class='ocrx_word' id='word_1_648' title='bbox 1685 4888 1781 4940; x_wconf 72' lang='grc' dir='ltr'><em>καὶ</em></span> <span class='ocrx_word' id='word_1_649' title='bbox 1806 4889 1936 4960; x_wconf 76' lang='grc' dir='ltr'><em>περὶ</em></span> 
     </span>
    </p>
   </div>
   <div class='ocr_carea' id='block_1_89' title="bbox 354 4971 1935 5045">
    <p class='ocr_par' dir='ltr' id='par_1_89' title="bbox 354 4971 1935 5045">
     <span class='ocr_line' id='line_1_89' title="bbox 354 4971 1935 5045; baseline 0.006 -23"><span class='ocrx_word' id='word_1_650' title='bbox 354 4971 458 5023; x_wconf 85' lang='grc' dir='ltr'><strong>τῶν</strong></span> <span class='ocrx_word' id='word_1_651' title='bbox 497 4971 892 5044; x_wconf 83' lang='grc' dir='ltr'><em>Ἱεροσολύμων</em></span> <span class='ocrx_word' id='word_1_652' title='bbox 935 4975 1030 5030; x_wconf 79' lang='grc' dir='ltr'><em>καὶ</em></span> <span class='ocrx_word' id='word_1_653' title='bbox 1087 4974 1190 5043; x_wconf 80' lang='grc' dir='ltr'><em>τῆς</em></span> <span class='ocrx_word' id='word_1_654' title='bbox 1226 4974 1346 5028; x_wconf 82' lang='grc' dir='ltr'><em>τότε</em></span> <span class='ocrx_word' id='word_1_655' title='bbox 1402 4975 1806 5045; x_wconf 83' lang='grc' dir='ltr'><em>αἰχμαλωσίας,</em></span> <span class='ocrx_word' id='word_1_656' title='bbox 1841 4979 1935 5032; x_wconf 80' lang='grc' dir='ltr'><em>καὶ</em></span> 
     </span>
    </p>
   </div>
   <div class='ocr_carea' id='block_1_90' title="bbox 354 5060 1935 5139">
    <p class='ocr_par' dir='ltr' id='par_1_90' title="bbox 354 5060 1935 5139">
     <span class='ocr_line' id='line_1_90' title="bbox 354 5060 1935 5139; baseline 0.006 -26"><span class='ocrx_word' id='word_1_657' title='bbox 354 5060 419 5113; x_wconf 76' lang='grc' dir='ltr'><em>τὰ</em></span> <span class='ocrx_word' id='word_1_658' title='bbox 449 5061 544 5115; x_wconf 76' lang='grc' dir='ltr'><strong>ἐπὶ</strong></span> <span class='ocrx_word' id='word_1_659' title='bbox 571 5061 650 5133; x_wconf 79' lang='grc' dir='ltr'><em>τῷ</em></span> <span class='ocrx_word' id='word_1_660' title='bbox 683 5062 903 5135; x_wconf 89' lang='grc' dir='ltr'><em>σταυρῷ</em></span> <span class='ocrx_word' id='word_1_661' title='bbox 931 5065 1025 5117; x_wconf 89' lang='grc' dir='ltr'><strong>τοῦ</strong></span> <span class='ocrx_word' id='word_1_662' title='bbox 1063 5063 1303 5134; x_wconf 80' lang='grc' dir='ltr'><em>Χριστοῦ</em></span> <span class='ocrx_word' id='word_1_663' title='bbox 1327 5065 1667 5137; x_wconf 87' lang='grc' dir='ltr'><em>γενησόμενα</em></span> <span class='ocrx_word' id='word_1_664' title='bbox 1687 5108 1703 5133; x_wconf 93' lang='grc'><strong>,</strong></span> <span class='ocrx_word' id='word_1_665' title='bbox 1749 5068 1935 5139; x_wconf 82' lang='grc' dir='ltr'><em>προδι-</em></span> 
     </span>
    </p>
   </div>
   <div class='ocr_carea' id='block_1_91' title="bbox 351 5152 1936 5231">
    <p class='ocr_par' dir='ltr' id='par_1_91' title="bbox 351 5152 1936 5231">
     <span class='ocr_line' id='line_1_91' title="bbox 351 5152 1936 5231; baseline 0.005 -25"><span class='ocrx_word' id='word_1_666' title='bbox 351 5152 545 5207; x_wconf 69' lang='grc' dir='ltr'><em>δάσκει</em></span> <span class='ocrx_word' id='word_1_667' title='bbox 581 5155 798 5223; x_wconf 75' lang='grc' dir='ltr'><em>σαφῶς,</em></span> <span class='ocrx_word' id='word_1_668' title='bbox 832 5158 928 5209; x_wconf 78' lang='grc' dir='ltr'><em>καὶ</em></span> <span class='ocrx_word' id='word_1_669' title='bbox 965 5156 1031 5209; x_wconf 71' lang='grc' dir='ltr'><em>τὰ</em></span> <span class='ocrx_word' id='word_1_670' title='bbox 1061 5156 1128 5210; x_wconf 87' lang='grc' dir='ltr'><em>δι’</em></span> <span class='ocrx_word' id='word_1_671' title='bbox 1156 5158 1319 5212; x_wconf 79' lang='grc' dir='ltr'><em>αὑτὸν</em></span> <span class='ocrx_word' id='word_1_672' title='bbox 1345 5160 1457 5223; x_wconf 78' lang='grc' dir='ltr'><em>τοῖς</em></span> <span class='ocrx_word' id='word_1_673' title='bbox 1493 5160 1768 5224; x_wconf 82' lang='grc' dir='ltr'><em>Ἰουδαίοις</em></span> <span class='ocrx_word' id='word_1_674' title='bbox 1797 5177 1936 5231; x_wconf 87' lang='grc' dir='ltr'><em>συμ-</em></span> 
     </span>
    </p>
   </div>
   <div class='ocr_carea' id='block_1_92' title="bbox 352 5246 1936 5323">
    <p class='ocr_par' dir='ltr' id='par_1_92' title="bbox 352 5246 1936 5323">
     <span class='ocr_line' id='line_1_92' title="bbox 352 5246 1936 5323; baseline 0.004 -25"><span class='ocrx_word' id='word_1_675' title='bbox 352 5247 614 5302; x_wconf 74' lang='grc' dir='ltr'><em>ϐαίνοντα</em></span> <span class='ocrx_word' id='word_1_676' title='bbox 637 5246 728 5302; x_wconf 81' lang='grc' dir='ltr'><em>διὰ</em></span> <span class='ocrx_word' id='word_1_677' title='bbox 779 5248 875 5302; x_wconf 82' lang='grc' dir='ltr'><strong>τοῦ</strong></span> <span class='ocrx_word' id='word_1_678' title='bbox 916 5248 1204 5317; x_wconf 86' lang='grc' dir='ltr'><em>Ῥωμαίων</em></span> <span class='ocrx_word' id='word_1_679' title='bbox 1234 5249 1474 5321; x_wconf 81' lang='grc' dir='ltr'><em>πολέμου</em></span> <span class='ocrx_word' id='word_1_680' title='bbox 1496 5266 1509 5282; x_wconf 75' lang='grc'><strong><em>⁸</em></strong></span> <span class='ocrx_word' id='word_1_681' title='bbox 1564 5252 1799 5323; x_wconf 83' lang='grc' dir='ltr'><em>αἳματος</em></span> <span class='ocrx_word' id='word_1_682' title='bbox 1835 5252 1936 5321; x_wconf 75' lang='grc' dir='ltr'><em>μὲν</em></span> 
     </span>
    </p>
   </div>
   <div class='ocr_carea' id='block_1_93' title="bbox 352 5337 1935 5410">
    <p class='ocr_par' dir='ltr' id='par_1_93' title="bbox 352 5337 1935 5410">
     <span class='ocr_line' id='line_1_93' title="bbox 352 5337 1935 5410; baseline 0.003 -20"><span class='ocrx_word' id='word_1_683' title='bbox 352 5338 459 5391; x_wconf 78' lang='grc' dir='ltr'><strong>ὑπὸ</strong></span> <span class='ocrx_word' id='word_1_684' title='bbox 477 5338 686 5393; x_wconf 82' lang='grc' dir='ltr'><em>τούτων</em></span> <span class='ocrx_word' id='word_1_685' title='bbox 709 5337 967 5392; x_wconf 84' lang='grc' dir='ltr'><em>πλείστου</em></span> <span class='ocrx_word' id='word_1_686' title='bbox 990 5337 1319 5409; x_wconf 81' lang='grc' dir='ltr'><em>ἐκχεομένου</em></span> <span class='ocrx_word' id='word_1_687' title='bbox 1345 5341 1486 5393; x_wconf 81' lang='grc' dir='ltr'><em>κατά</em></span> <span class='ocrx_word' id='word_1_688' title='bbox 1507 5340 1606 5410; x_wconf 83' lang='grc' dir='ltr'><em>τὴν</em></span> <span class='ocrx_word' id='word_1_689' title='bbox 1634 5340 1897 5394; x_wconf 84' lang='grc' dir='ltr'><em>Ἰουδαίαν</em></span> <span class='ocrx_word' id='word_1_690' title='bbox 1919 5381 1935 5407; x_wconf 91' lang='grc'><strong>,</strong></span> 
     </span>
    </p>
   </div>
   <div class='ocr_carea' id='block_1_94' title="bbox 352 5426 1936 5504">
    <p class='ocr_par' dir='ltr' id='par_1_94' title="bbox 352 5426 1936 5504">
     <span class='ocr_line' id='line_1_94' title="bbox 352 5426 1936 5504; baseline 0.003 -22"><span class='ocrx_word' id='word_1_691' title='bbox 352 5426 565 5483; x_wconf 78' lang='grc' dir='ltr'><em>καπνοῦ</em></span> <span class='ocrx_word' id='word_1_692' title='bbox 598 5428 656 5483; x_wconf 73' lang='grc' dir='ltr'><em>δὲ</em></span> <span class='ocrx_word' id='word_1_693' title='bbox 689 5428 1067 5502; x_wconf 76' lang='grc' dir='ltr'><em>ἐγγινομένου,</em></span> <span class='ocrx_word' id='word_1_694' title='bbox 1093 5430 1201 5482; x_wconf 88' lang='grc' dir='ltr'><strong>τῶν</strong></span> <span class='ocrx_word' id='word_1_695' title='bbox 1229 5430 1436 5483; x_wconf 85' lang='grc' dir='ltr'><em>πόλεων</em></span> <span class='ocrx_word' id='word_1_696' title='bbox 1468 5431 1563 5483; x_wconf 83' lang='grc' dir='ltr'><em>καὶ</em></span> <span class='ocrx_word' id='word_1_697' title='bbox 1602 5430 1706 5485; x_wconf 87' lang='grc' dir='ltr'><strong>τῶν</strong></span> <span class='ocrx_word' id='word_1_698' title='bbox 1732 5433 1936 5504; x_wconf 85' lang='grc' dir='ltr'><em>κωμῶν</em></span> 
     </span>
    </p>
   </div>
   <div class='ocr_carea' id='block_1_95' title="bbox 2107 4149 3618 4220">
    <p class='ocr_par' dir='ltr' id='par_1_95' title="bbox 2107 4149 3618 4220">
     <span class='ocr_line' id='line_1_95' title="bbox 2107 4149 3618 4220; baseline -0.011 -9"><span class='ocrx_word' id='word_1_699' title='bbox 2107 4154 2268 4211; x_wconf 72' lang='lat' dir='ltr'><strong>Vnrs.</strong></span> <span class='ocrx_word' id='word_1_700' title='bbox 2302 4155 2391 4210; x_wconf 82' lang='lat' dir='ltr'><strong>l9.</strong></span> <span class='ocrx_word' id='word_1_701' title='bbox 2451 4153 2520 4207; x_wconf 86' lang='lat' dir='ltr'><strong>Et</strong></span> <span class='ocrx_word' id='word_1_702' title='bbox 2560 4153 2742 4208; x_wconf 86' lang='lat' dir='ltr'><strong>eadem</strong></span> <span class='ocrx_word' id='word_1_703' title='bbox 2782 4149 3025 4220; x_wconf 83' lang='lat' dir='ltr'><strong>prodigia</strong></span> <span class='ocrx_word' id='word_1_704' title='bbox 3071 4149 3125 4202; x_wconf 88' lang='lat' dir='ltr'><strong>in</strong></span> <span class='ocrx_word' id='word_1_705' title='bbox 3169 4149 3300 4202; x_wconf 62' lang='lat' dir='ltr'><strong>caelo</strong></span> <span class='ocrx_word' id='word_1_706' title='bbox 3338 4160 3518 4209; x_wconf 82' lang='lat' dir='ltr'><strong>supra,</strong></span> <span class='ocrx_word' id='word_1_707' title='bbox 3567 4150 3618 4196; x_wconf 89' lang='lat' dir='ltr'><strong>et</strong></span> 
     </span>
    </p>
   </div>
   <div class='ocr_carea' id='block_1_96' title="bbox 2032 4242 3617 4321">
    <p class='ocr_par' dir='ltr' id='par_1_96' title="bbox 2032 4242 3617 4321">
     <span class='ocr_line' id='line_1_96' title="bbox 2032 4242 3617 4321; baseline -0.009 -16"><span class='ocrx_word' id='word_1_708' title='bbox 2032 4250 2267 4321; x_wconf 12' lang='lat' dir='ltr'><strong>signaria</strong></span> <span class='ocrx_word' id='word_1_709' title='bbox 2296 4258 2439 4304; x_wconf 87' lang='lat' dir='ltr'><strong>terra</strong></span> <span class='ocrx_word' id='word_1_710' title='bbox 2465 4248 2643 4303; x_wconf 82' lang='lat' dir='ltr'><strong>subter</strong></span> <span class='ocrx_word' id='word_1_711' title='bbox 2662 4246 2972 4318; x_wconf 82' lang='lat' dir='ltr'><strong>sanguinem</strong></span> <span class='ocrx_word' id='word_1_712' title='bbox 2998 4251 3049 4298; x_wconf 87' lang='lat' dir='ltr'><strong>et</strong></span> <span class='ocrx_word' id='word_1_713' title='bbox 3083 4242 3256 4313; x_wconf 77' lang='lat' dir='ltr'><strong>igneus</strong></span> <span class='ocrx_word' id='word_1_714' title='bbox 3285 4249 3335 4295; x_wconf 82' lang='lat' dir='ltr'><strong>et</strong></span> <span class='ocrx_word' id='word_1_715' title='bbox 3373 4253 3617 4309; x_wconf 73' lang='lat' dir='ltr'><strong>uaporem</strong></span> 
     </span>
    </p>
   </div>
   <div class='ocr_carea' id='block_1_97' title="bbox 2038 4338 2849 4412">
    <p class='ocr_par' dir='ltr' id='par_1_97' title="bbox 2038 4338 2849 4412">
     <span class='ocr_line' id='line_1_97' title="bbox 2038 4338 2849 4412; baseline 0.001 -17"><span class='ocrx_word' id='word_1_716' title='bbox 2038 4341 2194 4412; x_wconf 76' lang='lat' dir='ltr'><strong>fumi.</strong></span> <span class='ocrx_word' id='word_1_717' title='bbox 2848 4338 2849 4341; x_wconf 44' lang='grc'><em>“</em></span> 
     </span>
    </p>
   </div>
   <div class='ocr_carea' id='block_1_98' title="bbox 2104 4424 3616 4489">
    <p class='ocr_par' dir='ltr' id='par_1_98' title="bbox 2104 4424 3616 4489">
     <span class='ocr_line' id='line_1_98' title="bbox 2104 4424 3616 4489; baseline -0.009 0"><span class='ocrx_word' id='word_1_718' title='bbox 2104 4433 2378 4489; x_wconf 73' lang='grc' dir='ltr'><em>νεηε.20.</em></span> <span class='ocrx_word' id='word_1_719' title='bbox 2412 4432 2509 4488; x_wconf 85' lang='lat' dir='ltr'><strong>Sol</strong></span> <span class='ocrx_word' id='word_1_720' title='bbox 2542 4433 2868 4487; x_wconf 81' lang='lat' dir='ltr'><strong>convertitur</strong></span> <span class='ocrx_word' id='word_1_721' title='bbox 2916 4431 2972 4483; x_wconf 83' lang='lat' dir='ltr'><strong>in</strong></span> <span class='ocrx_word' id='word_1_722' title='bbox 3010 4428 3273 4488; x_wconf 74' lang='lat' dir='ltr'><strong>tenebras,</strong></span> <span class='ocrx_word' id='word_1_723' title='bbox 3319 4434 3369 4479; x_wconf 87' lang='lat' dir='ltr'><strong>et</strong></span> <span class='ocrx_word' id='word_1_724' title='bbox 3412 4424 3538 4478; x_wconf 86' lang='lat' dir='ltr'><strong>luna</strong></span> <span class='ocrx_word' id='word_1_725' title='bbox 3559 4425 3616 4477; x_wconf 87' lang='lat' dir='ltr'><strong>in</strong></span> 
     </span>
    </p>
   </div>
   <div class='ocr_carea' id='block_1_99' title="bbox 2035 4517 3615 4597">
    <p class='ocr_par' dir='ltr' id='par_1_99' title="bbox 2035 4517 3615 4597">
     <span class='ocr_line' id='line_1_99' title="bbox 2035 4517 3615 4597; baseline -0.007 -17"><span class='ocrx_word' id='word_1_726' title='bbox 2035 4528 2371 4597; x_wconf 85' lang='lat' dir='ltr'><strong>sanguinem,</strong></span> <span class='ocrx_word' id='word_1_727' title='bbox 2393 4534 2687 4596; x_wconf 81' lang='lat' dir='ltr'><strong>antequam</strong></span> <span class='ocrx_word' id='word_1_728' title='bbox 2708 4524 2881 4578; x_wconf 76' lang='lat' dir='ltr'><strong>veniat</strong></span> <span class='ocrx_word' id='word_1_729' title='bbox 2910 4521 3023 4575; x_wconf 73' lang='lat' dir='ltr'><strong>dies</strong></span> <span class='ocrx_word' id='word_1_730' title='bbox 3042 4517 3256 4573; x_wconf 86' lang='lat' dir='ltr'><strong>Domini</strong></span> <span class='ocrx_word' id='word_1_731' title='bbox 3284 4517 3375 4570; x_wconf 80' lang='lat' dir='ltr'><strong>ille</strong></span> <span class='ocrx_word' id='word_1_732' title='bbox 3393 4530 3615 4585; x_wconf 82' lang='lat' dir='ltr'><strong>magnus</strong></span> 
     </span>
    </p>
   </div>
   <div class='ocr_carea' id='block_1_100' title="bbox 1963 4607 2369 4674">
    <p class='ocr_par' dir='ltr' id='par_1_100' title="bbox 1963 4607 2369 4674">
     <span class='ocr_line' id='line_1_100' title="bbox 1963 4607 2369 4674; baseline -0.002 0"><span class='ocrx_word' id='word_1_733' title='bbox 1963 4607 2009 4664; x_wconf 81' lang='grc' dir='ltr'><strong>Ῑ)</strong></span> <span class='ocrx_word' id='word_1_734' title='bbox 2037 4628 2086 4674; x_wconf 87' lang='lat' dir='ltr'><strong>et</strong></span> <span class='ocrx_word' id='word_1_735' title='bbox 2119 4619 2369 4673; x_wconf 74' lang='lat' dir='ltr'><strong>illustris.</strong></span> 
     </span>
    </p>
   </div>
   <div class='ocr_carea' id='block_1_101' title="bbox 2105 4698 3617 4776">
    <p class='ocr_par' dir='ltr' id='par_1_101' title="bbox 2105 4698 3617 4776">
     <span class='ocr_line' id='line_1_101' title="bbox 2105 4698 3617 4776; baseline -0.006 -16"><span class='ocrx_word' id='word_1_736' title='bbox 2105 4705 2269 4762; x_wconf 76' lang='lat' dir='ltr'><strong>Vens.</strong></span> <span class='ocrx_word' id='word_1_737' title='bbox 2305 4706 2396 4760; x_wconf 64' lang='lat'><strong>91.</strong></span> <span class='ocrx_word' id='word_1_738' title='bbox 2435 4704 2505 4759; x_wconf 85' lang='lat' dir='ltr'><strong>Et</strong></span> <span class='ocrx_word' id='word_1_739' title='bbox 2540 4706 2782 4776; x_wconf 76' lang='lat' dir='ltr'><strong>futurum</strong></span> <span class='ocrx_word' id='word_1_740' title='bbox 2807 4714 2907 4772; x_wconf 80' lang='lat' dir='ltr'><strong>est,</strong></span> <span class='ocrx_word' id='word_1_741' title='bbox 2939 4715 2995 4759; x_wconf 90' lang='lat' dir='ltr'><strong>ut</strong></span> <span class='ocrx_word' id='word_1_742' title='bbox 3017 4704 3189 4760; x_wconf 82' lang='lat' dir='ltr'><strong>omnis</strong></span> <span class='ocrx_word' id='word_1_743' title='bbox 3217 4702 3511 4774; x_wconf 75' lang='lat' dir='ltr'><strong>quicunque</strong></span> <span class='ocrx_word' id='word_1_744' title='bbox 3534 4698 3617 4752; x_wconf 48' lang='lat' dir='ltr'><strong>in.</strong></span> 
     </span>
    </p>
   </div>
   <div class='ocr_carea' id='block_1_102' title="bbox 2036 4796 3073 4862">
    <p class='ocr_par' dir='ltr' id='par_1_102' title="bbox 2036 4796 3073 4862">
     <span class='ocr_line' id='line_1_102' title="bbox 2036 4796 3073 4862; baseline 0 -11"><span class='ocrx_word' id='word_1_745' title='bbox 2036 4797 2293 4852; x_wconf 64' lang='lat' dir='ltr'><strong>vocaterit</strong></span> <span class='ocrx_word' id='word_1_746' title='bbox 2322 4812 2511 4851; x_wconf 83' lang='lat' dir='ltr'><strong>nomen</strong></span> <span class='ocrx_word' id='word_1_747' title='bbox 2554 4796 2790 4862; x_wconf 79' lang='lat' dir='ltr'><strong>Domini,</strong></span> <span class='ocrx_word' id='word_1_748' title='bbox 2819 4808 3073 4852; x_wconf 83' lang='lat' dir='ltr'><strong>servetur.</strong></span> 
     </span>
    </p>
   </div>
   <div class='ocr_carea' id='block_1_103' title="bbox 2105 4881 3612 4959">
    <p class='ocr_par' dir='ltr' id='par_1_103' title="bbox 2105 4881 3612 4959">
     <span class='ocr_line' id='line_1_103' title="bbox 2105 4881 3612 4959; baseline -0.005 -15"><span class='ocrx_word' id='word_1_749' title='bbox 2105 4889 2231 4946; x_wconf 75' lang='lat' dir='ltr'><strong>llaec</strong></span> <span class='ocrx_word' id='word_1_750' title='bbox 2258 4898 2313 4945; x_wconf 90' lang='lat' dir='ltr'><strong>et</strong></span> <span class='ocrx_word' id='word_1_751' title='bbox 2339 4890 2408 4945; x_wconf 88' lang='lat' dir='ltr'><strong>de</strong></span> <span class='ocrx_word' id='word_1_752' title='bbox 2469 4889 2658 4945; x_wconf 81' lang='lat' dir='ltr'><strong>futuro</strong></span> <span class='ocrx_word' id='word_1_753' title='bbox 2707 4890 2939 4959; x_wconf 82' lang='lat' dir='ltr'><strong>judicio,</strong></span> <span class='ocrx_word' id='word_1_754' title='bbox 2973 4900 3030 4945; x_wconf 89' lang='lat' dir='ltr'><strong>et</strong></span> <span class='ocrx_word' id='word_1_755' title='bbox 3067 4888 3136 4945; x_wconf 88' lang='lat' dir='ltr'><strong>de</strong></span> <span class='ocrx_word' id='word_1_756' title='bbox 3196 4881 3612 4955; x_wconf 78' lang='lat' dir='ltr'><strong>Hierosolymis,</strong></span> 
     </span>
    </p>
   </div>
   <div class='ocr_carea' id='block_1_104' title="bbox 2035 4978 3610 5052">
    <p class='ocr_par' dir='ltr' id='par_1_104' title="bbox 2035 4978 3610 5052">
     <span class='ocr_line' id='line_1_104' title="bbox 2035 4978 3610 5052; baseline -0.003 -15"><span class='ocrx_word' id='word_1_757' title='bbox 2035 4997 2227 5052; x_wconf 87' lang='lat' dir='ltr'><strong>eaque,</strong></span> <span class='ocrx_word' id='word_1_758' title='bbox 2255 4997 2379 5052; x_wconf 68' lang='lat' dir='ltr'><strong>qua:</strong></span> <span class='ocrx_word' id='word_1_759' title='bbox 2409 4993 2540 5037; x_wconf 87' lang='lat' dir='ltr'><strong>tunc</strong></span> <span class='ocrx_word' id='word_1_760' title='bbox 2573 4981 2782 5037; x_wconf 76' lang='lat' dir='ltr'><strong>Judzeis</strong></span> <span class='ocrx_word' id='word_1_761' title='bbox 2811 4979 3037 5044; x_wconf 88' lang='lat' dir='ltr'><strong>accidit.</strong></span> <span class='ocrx_word' id='word_1_762' title='bbox 3072 4978 3414 5048; x_wconf 87' lang='lat' dir='ltr'><strong>captivitate,</strong></span> <span class='ocrx_word' id='word_1_763' title='bbox 3446 4982 3500 5027; x_wconf 84' lang='lat' dir='ltr'><strong>et</strong></span> <span class='ocrx_word' id='word_1_764' title='bbox 3524 4986 3610 5033; x_wconf 75' lang='lat' dir='ltr'><strong>ea.</strong></span> 
     </span>
    </p>
   </div>
   <div class='ocr_carea' id='block_1_105' title="bbox 2034 5070 3615 5144">
    <p class='ocr_par' dir='ltr' id='par_1_105' title="bbox 2034 5070 3615 5144">
     <span class='ocr_line' id='line_1_105' title="bbox 2034 5070 3615 5144; baseline -0.009 -13"><span class='ocrx_word' id='word_1_765' title='bbox 2034 5089 2157 5143; x_wconf 70' lang='lat' dir='ltr'><strong>qua:</strong></span> <span class='ocrx_word' id='word_1_766' title='bbox 2184 5084 2408 5144; x_wconf 89' lang='lat' dir='ltr'><strong>propter</strong></span> <span class='ocrx_word' id='word_1_767' title='bbox 2436 5074 2543 5143; x_wconf 74' lang='lat'><strong>27</strong></span> <span class='ocrx_word' id='word_1_768' title='bbox 2578 5087 2798 5129; x_wconf 88' lang='lat' dir='ltr'><strong>erucem</strong></span> <span class='ocrx_word' id='word_1_769' title='bbox 2824 5072 3028 5129; x_wconf 87' lang='lat' dir='ltr'><strong>Christi</strong></span> <span class='ocrx_word' id='word_1_770' title='bbox 3050 5070 3237 5126; x_wconf 77' lang='lat' dir='ltr'><strong>futura</strong></span> <span class='ocrx_word' id='word_1_771' title='bbox 3273 5076 3448 5130; x_wconf 84' lang='lat' dir='ltr'><strong>erant,</strong></span> <span class='ocrx_word' id='word_1_772' title='bbox 3486 5072 3615 5116; x_wconf 88' lang='lat' dir='ltr'><strong>ante</strong></span> 
     </span>
    </p>
   </div>
   <div class='ocr_carea' id='block_1_106' title="bbox 2034 5158 3613 5237">
    <p class='ocr_par' dir='ltr' id='par_1_106' title="bbox 2034 5158 3613 5237">
     <span class='ocr_line' id='line_1_106' title="bbox 2034 5158 3613 5237; baseline -0.01 -16"><span class='ocrx_word' id='word_1_773' title='bbox 2034 5165 2236 5221; x_wconf 89' lang='lat' dir='ltr'><strong>docent</strong></span> <span class='ocrx_word' id='word_1_774' title='bbox 2259 5178 2445 5234; x_wconf 87' lang='lat' dir='ltr'><strong>aperte</strong></span> <span class='ocrx_word' id='word_1_775' title='bbox 2474 5173 2570 5221; x_wconf 90' lang='lat' dir='ltr'><strong>:et</strong></span> <span class='ocrx_word' id='word_1_776' title='bbox 2602 5181 2691 5232; x_wconf 83' lang='lat' dir='ltr'><strong>ea,</strong></span> <span class='ocrx_word' id='word_1_777' title='bbox 2722 5181 2845 5237; x_wconf 78' lang='lat' dir='ltr'><strong>qua:</strong></span> <span class='ocrx_word' id='word_1_778' title='bbox 2867 5174 3085 5236; x_wconf 84' lang='lat' dir='ltr'><strong>propter</strong></span> <span class='ocrx_word' id='word_1_779' title='bbox 3108 5165 3258 5219; x_wconf 85' lang='lat' dir='ltr'><strong>illum</strong></span> <span class='ocrx_word' id='word_1_780' title='bbox 3278 5158 3483 5215; x_wconf 66' lang='lat' dir='ltr'><strong>Iudaeis</strong></span> <span class='ocrx_word' id='word_1_781' title='bbox 3517 5167 3613 5222; x_wconf 89' lang='lat' dir='ltr'><strong>per</strong></span> 
     </span>
    </p>
   </div>
   <div class='ocr_carea' id='block_1_107' title="bbox 2033 5246 3613 5327">
    <p class='ocr_par' dir='ltr' id='par_1_107' title="bbox 2033 5246 3613 5327">
     <span class='ocr_line' id='line_1_107' title="bbox 2033 5246 3613 5327; baseline -0.011 -11"><span class='ocrx_word' id='word_1_782' title='bbox 2033 5255 2234 5316; x_wconf 78' lang='lat' dir='ltr'><strong>bellum</strong></span> <span class='ocrx_word' id='word_1_783' title='bbox 2287 5256 2660 5327; x_wconf 71' lang='lat' dir='ltr'><strong>Romanorum</strong></span> <span class='ocrx_word' id='word_1_784' title='bbox 2688 5257 3030 5319; x_wconf 83' lang='lat' dir='ltr'><strong>acciderunt,</strong></span> <span class='ocrx_word' id='word_1_785' title='bbox 3063 5271 3188 5312; x_wconf 86' lang='lat' dir='ltr'><strong>cum</strong></span> <span class='ocrx_word' id='word_1_786' title='bbox 3236 5248 3461 5320; x_wconf 80' lang='lat' dir='ltr'><strong>sanguis</strong></span> <span class='ocrx_word' id='word_1_787' title='bbox 3489 5246 3613 5315; x_wconf 79' lang='lat' dir='ltr'><strong>qui-</strong></span> 
     </span>
    </p>
   </div>
   <div class='ocr_carea' id='block_1_108' title="bbox 2034 5340 3608 5421">
    <p class='ocr_par' dir='ltr' id='par_1_108' title="bbox 2034 5340 3608 5421">
     <span class='ocr_line' id='line_1_108' title="bbox 2034 5340 3608 5421; baseline -0.007 -21"><span class='ocrx_word' id='word_1_788' title='bbox 2034 5347 2156 5402; x_wconf 85' lang='lat' dir='ltr'><strong>dem</strong></span> <span class='ocrx_word' id='word_1_789' title='bbox 2216 5347 2287 5403; x_wconf 86' lang='lat' dir='ltr'><strong>ab</strong></span> <span class='ocrx_word' id='word_1_790' title='bbox 2346 5348 2455 5404; x_wconf 89' lang='lat' dir='ltr'><strong>illis</strong></span> <span class='ocrx_word' id='word_1_791' title='bbox 2492 5349 2766 5421; x_wconf 87' lang='lat' dir='ltr'><strong>plurimus</strong></span> <span class='ocrx_word' id='word_1_792' title='bbox 2801 5364 2900 5421; x_wconf 87' lang='lat' dir='ltr'><strong>per</strong></span> <span class='ocrx_word' id='word_1_793' title='bbox 2938 5346 3181 5403; x_wconf 66' lang='lat' dir='ltr'><strong>Judaeum</strong></span> <span class='ocrx_word' id='word_1_794' title='bbox 3215 5340 3608 5399; x_wconf 69' lang='lat' dir='ltr'><strong>etim-daretur,</strong></span> 
     </span>
    </p>
   </div>
   <div class='ocr_carea' id='block_1_109' title="bbox 2039 5429 3610 5515">
    <p class='ocr_par' dir='ltr' id='par_1_109' title="bbox 2039 5429 3610 5515">
     <span class='ocr_line' id='line_1_109' title="bbox 2039 5429 3610 5515; baseline -0.005 -24"><span class='ocrx_word' id='word_1_795' title='bbox 2039 5438 2224 5494; x_wconf 80' lang='lat' dir='ltr'><strong>fumus</strong></span> <span class='ocrx_word' id='word_1_796' title='bbox 2277 5440 2406 5497; x_wconf 84' lang='lat' dir='ltr'><strong>item</strong></span> <span class='ocrx_word' id='word_1_797' title='bbox 2447 5441 2887 5515; x_wconf 74' lang='lat' dir='ltr'><strong>ingeneraretur,</strong></span> <span class='ocrx_word' id='word_1_798' title='bbox 2918 5440 3136 5511; x_wconf 81' lang='lat' dir='ltr'><strong>oppidis</strong></span> <span class='ocrx_word' id='word_1_799' title='bbox 3169 5444 3220 5492; x_wconf 92' lang='lat' dir='ltr'><strong>et</strong></span> <span class='ocrx_word' id='word_1_800' title='bbox 3248 5432 3385 5489; x_wconf 87' lang='lat' dir='ltr'><strong>vicis</strong></span> <span class='ocrx_word' id='word_1_801' title='bbox 3415 5429 3610 5485; x_wconf 82' lang='lat' dir='ltr'><strong>incen-</strong></span> 
     </span>
    </p>
   </div>
   <div class='ocr_carea' id='block_1_110' title="bbox 1546 5545 2413 5618">
    <p class='ocr_par' dir='ltr' id='par_1_110' title="bbox 1546 5545 2413 5618">
     <span class='ocr_line' id='line_1_110' title="bbox 1546 5545 2413 5618; baseline 0.017 -14"><span class='ocrx_word' id='word_1_802' title='bbox 1546 5545 1742 5608; x_wconf 83' lang='lat' dir='ltr'><strong>Variae</strong></span> <span class='ocrx_word' id='word_1_803' title='bbox 1776 5546 2081 5614; x_wconf 84' lang='lat' dir='ltr'><strong>lectiones</strong></span> <span class='ocrx_word' id='word_1_804' title='bbox 2119 5561 2180 5617; x_wconf 88' lang='lat' dir='ltr'><strong>et</strong></span> <span class='ocrx_word' id='word_1_805' title='bbox 2225 5564 2413 5618; x_wconf 65' lang='lat' dir='ltr'><strong>notae.</strong></span> 
     </span>
    </p>
   </div>
   <div class='ocr_carea' id='block_1_111' title="bbox 440 5666 1877 5739">
    <p class='ocr_par' dir='ltr' id='par_1_111' title="bbox 440 5666 1877 5739">
     <span class='ocr_line' id='line_1_111' title="bbox 440 5666 1877 5739; baseline 0.003 -19"><span class='ocrx_word' id='word_1_806' title='bbox 440 5666 558 5698; x_wconf 75' lang='lat'><strong>“-&quot;</strong></span> <span class='ocrx_word' id='word_1_807' title='bbox 586 5668 766 5722; x_wconf 72' lang='grc' dir='ltr'><em>καῖτοι</em></span> <span class='ocrx_word' id='word_1_808' title='bbox 808 5669 861 5724; x_wconf 86' lang='lat' dir='ltr'><strong>in</strong></span> <span class='ocrx_word' id='word_1_809' title='bbox 888 5667 1135 5738; x_wconf 75' lang='lat' dir='ltr'><strong>vulgatis.</strong></span> <span class='ocrx_word' id='word_1_810' title='bbox 1215 5669 1257 5701; x_wconf 77' lang='lat'>“</span> <span class='ocrx_word' id='word_1_811' title='bbox 1278 5669 1340 5723; x_wconf 85' lang='lat' dir='ltr'><strong>In</strong></span> <span class='ocrx_word' id='word_1_812' title='bbox 1376 5669 1597 5739; x_wconf 70' lang='lat' dir='ltr'><strong>vulgatis</strong></span> <span class='ocrx_word' id='word_1_813' title='bbox 1633 5679 1730 5733; x_wconf 84' lang='lat' dir='ltr'><strong>est,</strong></span> <span class='ocrx_word' id='word_1_814' title='bbox 1765 5671 1877 5724; x_wconf 73' lang='grc' dir='ltr'><em>ἐάν.</em></span> 
     </span>
    </p>
   </div>
   <div class='ocr_carea' id='block_1_112' title="bbox 434 5799 1275 5873">
    <p class='ocr_par' dir='ltr' id='par_1_112' title="bbox 434 5799 1275 5873">
     <span class='ocr_line' id='line_1_112' title="bbox 434 5799 1275 5873; baseline 0.005 -19"><span class='ocrx_word' id='word_1_815' title='bbox 434 5808 449 5845; x_wconf 73' lang='grc' dir='ltr'><strong>ι</strong></span> <span class='ocrx_word' id='word_1_816' title='bbox 486 5799 639 5873; x_wconf 69' lang='lat' dir='ltr'><strong>Vulg</strong></span> <span class='ocrx_word' id='word_1_817' title='bbox 683 5804 885 5857; x_wconf 86' lang='lat' dir='ltr'><strong>somnia</strong></span> <span class='ocrx_word' id='word_1_818' title='bbox 924 5804 1275 5859; x_wconf 76' lang='lat' dir='ltr'><strong>somniabunt.</strong></span> 
     </span>
    </p>
   </div>
  </div>
