4068 6210
386 313 493 376 5'3

1306 305 1882 367 TIIEOPHYLACTI
1920 305 2329 368 BULGARl/E
2361 310 2714 371 ARCHlEP.

3535 308 3643 371 5H

385 425 487 485 sis,
524 434 713 491 pmnas
738 420 792 474 in
819 416 1096 473 Christum
1124 416 1436 487 petulantia:
1473 414 1832 485 pendentibus
1875 412 2005 477 .lu-,

2106 420 2510 490 μπιπραμένων
2528 436 2542 449 ·
2571 419 2729 489 δίκην
2755 418 3077 473 τιννυὸντων
3105 418 3216 471 τῶν
3249 417 3518 471 Ἰουδαίων
3546 420 3646 486 τῆς

388 515 523 567 ιΙιιιίε
564 529 581 567 ε
620 524 782 581 quam
814 507 1169 578 petulantiam
1197 520 1319 559 cum
1354 520 1457 559 nec
1485 506 1602 574 ipse
1640 505 1861 576 quidem
1890 500 1970 559 s'ol

330 662 331 665 η
392 602 719 664 sustineret,
771 596 992 650 oculum
1053 608 1240 659 suum,
1281 592 1725 648 illuminatricctn
1760 591 1973 647 scilicet

350 718 355 735 ι
405 688 940 755 viin,contrahcbat,
995 694 1051 740 et
1088 685 1217 739 luna
1255 685 1310 738 iu
1342 684 1600 739 ruborem
1656 691 1972 753 argenteam

396 798 553 839 suam
618 779 856 849 speciem
908 776 1288 832 convertebat.
1325 768 1500 845 Atque
1535 777 1699 831 etiam
1751 790 1814 830 ex
1848 773 1979 829 alife-

397 875 579 927 ctione
603 868 936 941 patientium
974 867 1026 921 id
1055 867 1274 923 accidit.
1304 866 1572 923 Dicuntur
1600 875 1781 921 tamen
1809 866 1975 921 etiam

401 970 575 1022 multa
618 966 747 1020 talia
783 964 926 1019 facta
958 980 1081 1020 esse
1109 966 1164 1019 in
1200 965 1350 1020 coelo
1381 964 1526 1019 circa
1556 973 1770 1033 tempus
1804 964 1980 1033 capti-

398 1060 583 1115 vitatis
631 1066 689 1113 et
759 1057 956 1113 excidii
1012 1058 1564 1128 Hierosolymorum,
1606 1061 1667 1108 ut
1709 1053 1981 1123 Joscphus

402 1162 655 1207 testatur.
690 1152 868 1221 Atque
891 1151 1133 1222 alioquin
1158 1167 1243 1218 co,
1276 1152 1421 1220 quod
1450 1149 1525 1204 ait
1548 1148 1729 1202 lunam
1769 1148 1822 1201 in
1856 1162 1983 1201 san-

401 1247 622 1315 guinem
659 1258 783 1299 esse
812 1257 1159 1308 conversam,
1218 1243 1636 1297 immoderatam
1668 1250 1721 1295 et
1756 1243 1983 1295 inexsu-

405 1337 699 1407 perabilem
766 1335 1111 1389 mactationis
1162 1336 1506 1389 atrocitatem
1556 1333 1819 1388 declarat.
1878 1332 1983 1387 Sed

405 1445 504 1482 cur
529 1428 643 1482 haec
675 1427 813 1481 ﬁunt
851 1426 985 1481 hora
1015 1426 1218 1481 tertia?
1246 1425 1387 1491 Quia
1424 1436 1553 1479 tunc
1583 1425 1809 1480 claritas
1839 1424 1982 1495 ignis

406 1518 734 1584 ostenditur,
766 1532 890 1572 cum
924 1517 1069 1571 clara
1100 1523 1185 1571 est
1231 1516 1368 1579 dies,
1405 1531 1530 1569 cum
1559 1530 1757 1570 omnes
1783 1523 1910 1571 sunt
1934 1514 1986 1568 in

409 1610 552 1663 loro.
586 1609 655 1662 At
689 1609 926 1677 scriptor
959 1608 1287 1679 hymnorum
1320 1607 1480 1661 aliter
1506 1607 1707 1677 accipit
1760 1606 1862 1660 hoc
1905 1605 1989 1659 di-

413 1708 564 1753 ctum
613 1716 627 1752 :
662 1698 1008 1769 sanguinem,
1046 1712 1144 1768 pro
1175 1696 1558 1751 incarnatione
1599 1696 1849 1767 :ignem,
1890 1709 1991 1766 pro

410 1791 615 1845 deitate
646 1808 659 1845 :
711 1804 963 1859 vaporem
989 1798 1169 1844 autem
1203 1788 1360 1852 l'umi,
1425 1803 1525 1859 pro
1553 1787 1757 1858 Spiritu
1784 1798 1995 1853 sancto,

414 1886 507 1954 qui
550 1899 787 1954 superne
818 1883 967 1937 venit
1006 1884 1059 1937 in
1100 1880 1397 1952 Virginem,
1440 1893 1493 1938 et
1522 1880 1787 1936 mundum
1814 1880 1998 1936 odoris

420 1974 691 2029 suavitate
718 1973 941 2043 replevit
988 1991 1001 2026 :
1032 1974 1175 2027 diem
1213 1980 1395 2027 autem
1443 1972 1677 2036 Domini,
1726 1971 1870 2025 diem
1902 1985 1996 2025 re-

424 2065 787 2120 s-irrectionis
819 2064 1098 2134 intelligit.
1135 2062 1276 2118 Deus
1300 2072 1483 2118 autem
1518 2070 1625 2127 est,
1664 2062 1760 2131 qui
1815 2061 1945 2117 dicit
1979 2078 1992 2115 :

418 2155 710 2210 Etl'undam
741 2156 810 2211 de
860 2153 1069 2226 Spiritu
1123 2170 1245 2209 meo
1297 2156 1614 2225 priusquam
1670 2156 1853 2210 veniat
1881 2154 2000 2209 dies

428 2247 663 2303 Domini.
701 2246 797 2302 Dic
825 2246 1015 2303 Iudaeo
1048 2266 1061 2301 :
1097 2244 1153 2300 Si
1184 2262 1288 2300 una
1339 2261 1573 2317 persona
1604 2256 1709 2310 est,
1745 2255 1797 2301 ct
1833 2260 1998 2299 unum

424 2340 516 2394 Dei
550 2354 771 2402 nomen,
801 2348 855 2393 et
896 2340 1014 2411 ipsc
1055 2338 1299 2407 loquitur
1325 2338 1393 2393 de
1423 2353 1566 2402 sese,
1633 2351 1733 2391 cur
1778 2353 1885 2392 non
1921 2336 2005 2391 di-

425 2433 524 2497 xit,
585 2430 905 2502 priusquam
937 2431 1122 2487 veniat
1151 2431 1269 2487 dies
1334 2429 1532 2485 meus?
1592 2427 1752 2495 Cum,
1806 2428 2002 2499 inquit,

427 2524 651 2593 impune
699 2540 845 2578 nunc
868 2524 1132 2593 peccatis,
1166 2539 1234 2578 ne
1282 2522 1493 2577 idcirco
1525 2523 1709 2576 animo
1764 2521 2007 2576 obmisso

428 2626 594 2683 atque
646 2615 845 2669 ﬁducia
882 2614 1089 2683 praediti
1137 2615 1279 2670 sitis.
1343 2613 1468 2669 llaec
1527 2615 1673 2669 enim
1740 2614 2010 2685 principia

432 2715 563 2760 sunt
598 2706 778 2775 magni
823 2704 1111 2773 cujusdam
1167 2714 1221 2759 et
1276 2705 1458 2759 acerbi
1525 2704 1821 2774 gravisque
1877 2704 2009 2758 dici.

436 2795 642 2851 Deinde
682 2812 805 2850 cum
831 2795 918 2849 his
950 2790 1134 2852 verbis
1163 2798 1549 2853 concussisset
1578 2812 1642 2852 ac
1671 2795 2006 2869 perterrcl‘e-

434 2887 603 2942 cisset
631 2886 798 2941 corda
830 2887 1071 2953 illorum,
1112 2888 1377 2957 permittit
1410 2890 1511 2953 eis,
1560 2897 1619 2944 ut
1647 2890 1924 2960 respirent
1959 2897 2012 2944 et

435 2978 673 3032 habeant
703 2978 903 3033 bonam
936 2995 1110 3050 spem.
1155 2979 1221 3034 Et
1271 2983 1513 3037 futurum
1550 2982 1658 3045 εει,
1714 2988 1776 3036 ut
1829 2981 2011 3037 omnis

2074 511 2152 574 εὶς
2196 510 2429 583 Χριστὸν
2486 512 2776 582 παροινίας
2810 511 2890 543 ¹⁸·
2933 512 3002 581 ἦν
3036 510 3146 563 οὐδ’
3206 509 3369 572 αὐτὸς
3417 511 3447 562 ὁ
3497 510 3647 578 ἥλιος

2074 601 2465 673 ἀνασχόμενος,
2512 603 2604 656 τὸν
2640 602 2771 655 ίδιον
2819 600 3119 672 ὀφθαλμὸν,
3157 601 3257 670 τὴν
3313 598 3652 669 φωτιστικὴν

2076 692 2305 766 δύναμιν
2333 693 2651 747 συνέστελλε
2673 708 2688 723 ·
2724 694 2819 748 καὶ
2850 695 2882 763 ἠ
2914 692 3110 765 σελήνη
3135 693 3216 755 είς
3254 674 3513 762 ἐρύθημα
3553 690 3651 762 τὴν

2078 784 2409 856 ἀργυροειδῆ
2462 785 2764 856 μετέὸαλεν
2815 784 2985 853 αὐτῆς
3040 784 3206 838 ἰδέαν.
3241 784 3347 837 Καὶ
3394 783 3500 837 ἀπὸ
3548 782 3651 854 τῆς

2079 875 2371 939 διαθέσεως
2394 876 2450 930 δὲ
2477 874 2586 929 τῶν
2619 876 2940 946 πασχόντων
2969 875 3129 929 τοῦτο
3161 874 3407 945 γίνεται·
3436 874 3653 941 λέγεται

2086 965 2271 1036 μέντοι
2310 967 2404 1019 καὶ
2442 968 2615 1022 πολλά
2642 968 2868 1023 τοιαῦτα
2899 969 3237 1039 γεγενῆσθαι
3263 971 3320 1023 ὲν
3346 967 3424 1039 τῷ
3445 967 3657 1040 οὐρανῷ

2084 1056 2227 1110 κατᾶ
2256 1055 2348 1109 τὸν
2388 1058 2489 1127 τῆς
2530 1058 2783 1122 ἁλώσεως
2809 1059 3002 1130 καιρὸν
3026 1098 3040 1124 ,
3087 1058 3163 1117 ὡς
3208 1056 3467 1127 Ἰώσηπος
3514 1075 3657 1127 μαρ-

2082 1152 2256 1219 τυρεῖ.
2289 1152 2495 1215 ’Ἄλλως
2524 1169 2582 1205 τε
2608 1154 2703 1205 καὶ
2726 1152 2804 1222 τῷ
2831 1151 2929 1223 τὴν
2957 1152 3188 1221 σελήνην
3215 1150 3659 1221 μεταστραφῆναι

2086 1242 2166 1302 εἰς
2188 1234 2327 1311 αἷμα
2354 1241 2605 1311 φάσκειν,
2634 1243 2731 1311 τῆς
2765 1242 2979 1311 σφαγῆς
3012 1242 3162 1313 δηλοῖ
3189 1244 3289 1311 τὴν
3328 1242 3427 1294 ὐπε
3440 1241 3658 1312 ρϐολήν.

2088 1332 2186 1385 Διά
2218 1334 2271 1386 τί
2311 1334 2368 1387 δὲ
2400 1336 2457 1388 ὲν
2486 1334 2643 1405 τρίτῃ
2663 1334 2782 1406 ὥρᾳ
2804 1332 2976 1388 ταῦτα
3008 1334 3257 1402 γίνεται;
3289 1333 3409 1386 Ὀτι
3444 1332 3564 1385 τότε
3603 1333 3662 1384 τὸ

2088 1425 2343 1498 λαμπρὸν
2380 1426 2474 1480 τοῦ
2497 1427 2665 1498 πυρὸς
2686 1427 2982 1492 δείκνυται,
3011 1428 3101 1479 ὅτε
3131 1424 3359 1494 λαμπρὰ
3391 1426 3423 1493 ἡ
3450 1424 3653 1495 ἡμέρα,

2089 1519 2179 1572 ὅτε
2231 1518 2430 1582 πάντες
2491 1517 2630 1571 εἰσὶν
2678 1518 2765 1571 ἐπ’
2812 1518 3037 1588 ἀγορᾶς.
3082 1517 3141 1570 ’0
3203 1515 3261 1569 δὲ
3315 1513 3665 1585 ὑμνογράφος

2092 1610 2267 1674 ἄλλως
2299 1611 2360 1664 τὸ
2391 1611 2556 1681 ῥητὸν
2599 1611 2931 1681 ἐκλαμϐάνει
2966 1609 3156 1663 τοῦτο·
3193 1604 3355 1679 αἷμα,
3395 1606 3492 1679 τὴν
3524 1608 3667 1678 Σάρ-

2097 1716 2304 1752 κωσιν·
2349 1700 2479 1770 πῦρ,
2533 1699 2630 1770 τὴν
2666 1700 2935 1770 Θεότητα·
2961 1699 3161 1771 ἀτμίδα
3220 1699 3277 1752 δὲ
3327 1696 3559 1763 καπνοῦ,
3606 1695 3671 1749 τὸ

2101 1791 2326 1862 Πνεῦμα
2356 1792 2415 1844 τὸ
2454 1792 2632 1859 ἅγιον,
2672 1793 2735 1844 τὸ
2782 1790 3007 1845 ἐπελθὸν
3037 1794 3104 1862 τῇ
3136 1791 3399 1862 Παρθένῳ
3447 1788 3545 1843 καὶ
3581 1788 3671 1841 κό-

2102 1900 2240 1954 σμον
2260 1882 2561 1936 εὐωδιάσαν
2581 1900 2595 1913 ·
2620 1884 2834 1954 ἡμέραν
2858 1882 2914 1936 δὲ
2946 1883 3172 1953 Κυρίου,
3203 1883 3300 1951 τῆς
3327 1882 3673 1943 ἀναστάσεως

2102 1974 2257 2046 φησί,
2291 1975 2423 2037 Θεὸς
2444 1974 2500 2027 δέ
2533 1976 2681 2028 ἐστιν
2710 1976 2738 2028 ὁ
2763 1974 2937 2043 λέγων
2956 1992 2970 2005 ·
3009 1971 3216 2043 Ἑκχεῶ
3246 1971 3354 2027 ἀπὸ
3383 1971 3475 2026 τοῦ
3501 1970 3673 2024 Πνεύ-

2106 2067 2277 2136 ματός
2314 2083 2417 2135 μου
2453 2066 2637 2136 πρὶνῆ
2675 2065 2852 2119 ἐλθεῖν
2882 2064 2981 2135 τὴν
3024 2065 3238 2136 ἡμέραν
3272 2062 3499 2133 Κυρίου.
3540 2061 3674 2114 Εἰπὲ

2101 2158 2180 2229 τῷ
2214 2158 2482 2229 Ἰουδαίῳ·
2518 2159 2580 2211 Et
2627 2157 2684 2210 ἓν
2737 2157 3029 2228 πρόσωπόν
3073 2157 3213 2219 ἐστι,
3261 2156 3355 2209 καὶ
3398 2153 3456 2208 ἓν
3497 2152 3679 2208 θεῖκόν

2105 2246 2251 2301 ἐστιν
2282 2248 2484 2318 ὄνομα·
2527 2246 2623 2301 καὶ
2676 2248 2837 2311 αὐτὸς
2888 2249 3038 2302 λαλεί
3070 2248 3198 2319 περὶ
3240 2245 3437 2301 ἑαυτοῦ
3459 2263 3473 2277 ·
3508 2243 3599 2299 διὰ
3622 2242 3681 2298 τι

2110 2338 2185 2410 μὴ
2234 2334 2394 2393 εἶπε·
2463 2340 2601 2408 Πρὶν
2635 2339 2667 2411 ἦ
2705 2338 2882 2395 ἐλθεῖν
2939 2341 3039 2411 τὴν
3102 2340 3314 2411 ἡμέραν
3345 2336 3443 2405 τὴν
3500 2335 3676 2406 έμήνς

2107 2432 2199 2505 Μὴ
2251 2432 2476 2503 ἐπειδὴ,
2538 2432 2739 2503 φησὶν,
2795 2431 3109 2504 ἀτιμωρητὶ
3154 2429 3251 2485 νῦν
3301 2427 3681 2500 ἁμαρτάνετε,

2110 2526 2397 2596 θαρσεῖτε·
2434 2523 2607 2576 ταῦτα
2639 2523 2748 2594 γὰρ
2782 2522 3047 2594 προοίμιά
3090 2522 3209 2575 ἐστι
3249 2519 3493 2592 μεγάλης
3534 2515 3683 2578 τινὸς

2112 2617 2325 2690 ἡμέρας
2350 2617 2445 2670 καὶ
2470 2614 2737 2687 χαλεπῆς.
2757 2611 2889 2669 Εἶτα
2918 2613 3248 2675 κατασείσας
3276 2612 3455 2667 αὐτῶν
3473 2608 3685 2673 τούτοις

2113 2712 2207 2764 καὶ
2241 2708 2553 2778 ἐκφοϐήσας
2583 2707 2682 2771 τὰς
2712 2708 2961 2780 καρδίας,
2990 2706 3203 2760 δίδωσιν
3238 2701 3570 2758 ἀναπνεῦσαι
3593 2700 3687 2752 καὶ

2112 2802 2334 2865 ἐλπίδας
2383 2800 2525 2871 ἔχειν
2554 2801 2818 2873 χρηστάς.
2849 2799 2961 2855 Καὶ
3005 2798 3180 2858 ἔσται,
3230 2799 3335 2857 πᾶς
3367 2796 3425 2859 ὃς
3458 2795 3524 2847 ἂν
3567 2793 3690 2844 ὲπιο

2113 2893 2416 2964 καλέσηται
2454 2893 2515 2946 τὸ
2548 2894 2721 2963 ὄνομα
2748 2890 2980 2962 Κυρίου,
3016 2887 3402 2958 σωθήσεται¹⁶,
3428 2883 3531 2938 κάν
3569 2880 3691 2937 δοῦ-

2115 2986 2229 3051 λος,
2261 2987 2365 3041 κᾶν
2419 2986 2729 3056 ἐλεύθερος,
2785 2983 2888 3037 κᾶν
2927 2983 3129 3055 ἱερεὺς,
3175 2980 3279 3034 κᾶν
3318 2974 3695 3057 Ἐλλην,γκᾶν

436 3071 752 3140 quicunque
806 3070 1146 3127 invocaverit
1186 3088 1387 3128 nomen
1450 3074 1685 3138 Domini,
1740 3080 2005 3138 servetur,

2131 3077 2400 3142 Ἰουδαῖος.
2448 3079 2534 3131 Ἐν
2568 3076 2793 3147 Χριστῷ
2847 3073 3025 3145 Ἰησοῦ
3072 3073 3173 3128 οὐκ
3211 3074 3398 3144 ἄρσεν,
3432 3071 3493 3123 οὐ
3536 3069 3692 3141 θῆλυ,

437 3163 554 3216 sive
594 3177 810 3229 servus,
839 3163 955 3217 sive
996 3163 1151 3227 liber,
1181 3164 1295 3220 sive
1328 3166 1603 3232 sacerdos,
1632 3166 1747 3220 sive
1791 3164 2014 3221 Grmcus

437 3268 494 3313 et
523 3257 801 3323 ethnicus,
830 3257 947 3313 sive
971 3257 1196 3312 Judants
1236 3257 1421 3313 fuerit.
1453 3256 1609 3324 Quod
1641 3257 1789 3313 enim
1822 3258 2018 3312 attinet

439 3349 507 3404 ad
536 3349 820 3404 Christum
856 3346 1064 3416 Jesum,
1090 3364 1199 3404 non
1222 3357 1308 3405 cst
1339 3349 1729 3414 masculinum,
1778 3363 1887 3403 non
1939 3347 2019 3403 fe-

441 3440 708 3493 mininum
746 3454 940 3510 genus,
978 3454 1087 3492 non
1141 3454 1352 3503 servus,
1387 3453 1497 3493 non
1539 3438 1695 3494 liber.
1728 3437 2021 3494 lnvocave«

440 3530 518 3586 rit
574 3542 778 3586 autem.
820 3530 937 3585 Non
1004 3529 1325 3600 simpliciter
1391 3530 1663 3586 videlicet.
1714 3529 1832 3585 Non
1874 3531 2020 3585 enim

442 3626 641 3689 omnis,
672 3623 869 3693 inquit,
893 3621 983 3691 qui
1015 3621 1151 3675 dicit
1182 3621 1338 3687 mihi,
1368 3621 1617 3686 Domine,
1647 3623 1891 3689 Domine,
1920 3632 2027 3679 etc.

441 3715 541 3771 sed
599 3730 723 3770 cum
760 3713 1069 3777 aﬂ‘ectione,
1104 3729 1227 3767 cum
1256 3714 1461 3783 optima
1480 3714 1607 3769 vita.
1652 3714 1772 3784 Ipse
1804 3731 1930 3770 vero
1972 3715 2025 3770 in

450 3809 740 3876 praesentia
768 3809 938 3863 levem
977 3807 1154 3862 reddit
1202 3809 1535 3871 orationem,
1598 3810 1865 3862 rationem
1903 3807 2026 3863 ﬁdei

449 3899 806 3956 introducens

2114 3170 2175 3224 οὗ
2221 3169 2429 3235 δοῦλος,
2465 3169 2566 3221 οὐκ
2611 3167 2922 3237 ἐλεύθερος.
2966 3165 3451 3220 Ἐπικαλέσεται¹⁷
3481 3161 3561 3224 δὲ,
3597 3162 3698 3232 οὐχ

2115 3260 2304 3324 ἁπλῶς
2342 3259 2612 3330 δηλονότι·
2644 3259 2718 3313 Οὐ
2748 3258 2859 3330 γὰρ
2898 3259 3030 3324 πᾶς,
3063 3257 3253 3326 φησιν,
3282 3258 3309 3309 ὁ
3354 3255 3529 3323 λέγων
3583 3270 3697 3324 μοι,

2117 3352 2317 3424 Κύριε,
2367 3351 2585 3422 Κύριε·
2637 3350 2775 3405 άλλά
2825 3350 2971 3419 μετὰ,
3018 3350 3330 3412 διαθέσεως,
3391 3345 3530 3418 μετά
3584 3344 3700 3415 βίου

2116 3445 2360 3515 ἀρίστου.
2390 3442 2559 3506 Αὐτὸς
2588 3442 2641 3495 δὲ
2668 3442 2804 3507 τέως
2845 3441 3046 3509 κοῦφον
3101 3442 3249 3494 ποιεῖ
3279 3438 3370 3492 τὸν
3417 3437 3598 3506 λόγον,
3636 3434 3699 3487 τδ

2125 3536 2226 3606 τῆς
2258 3534 2494 3596 πίστεως
2525 3535 2764 3603 εἰσάγων
2793 3574 2808 3598 ,
2845 3536 2928 3587 ὅτι
2962 3537 3019 3587 ὲν
3050 3531 3334 3601 ἐπικλήσει
3374 3529 3408 3600 ἠ
3437 3525 3701 3596 σωτηρία.

2128 3628 2204 3681 Τὸ
2230 3627 2287 3681 δὲ
2325 3628 2492 3698 ὄνομα
2518 3628 2723 3698 Κυρίου
2788 3628 3003 3698 εἴρηται
3050 3623 3148 3695 μὲν
3181 3620 3331 3692 παρά
3354 3619 3401 3653 ⁸⁸
3444 3618 3539 3672 τοῦ
3572 3618 3706 3688 Χρι-

2133 3718 2291 3782 στοῦ,
2334 3717 2519 3781 καθὼς
2565 3716 2774 3780 Παῦλος
2817 3717 3131 3787 διατρανοί·
3171 3706 3324 3777 οὗτος
3358 3711 3417 3765 δὲ
3464 3708 3600 3773 τέως
3643 3708 3706 3761 οὗ

2133 3808 2482 3880 τεθάρρηκεν
2515 3810 2700 3873 αὐτοῖς
2733 3807 3082 3877 ἀποκαλύψαι
3118 3806 3294 3861 τοῦτο.

858 3917 872 3954 :
930 3918 1127 3974 nempe
1176 3918 1273 3973 per
1324 3900 1725 3955 invocationem
1774 3898 2025 3955 homines
2058 3902 2319 3968 consequi
2351 3902 2608 3957 salutem.
2641 3900 2850 3956 Nomen
2900 3908 3083 3954 autem
3140 3896 3354 3951 Domini
3419 3894 3487 3950 de
3553 3892 3711 3948 Chri-

451 4002 539 4049 sto
606 3993 825 4065 quidem
854 3993 1065 4050 dictum
1123 4003 1231 4060 est,
1311 3992 1769 4064 quemadmodum
1821 3989 2026 4047 Paulus
2064 3994 2321 4063 etplanat
2357 4011 2372 4051 :
2407 3996 2502 4051 sed
2535 3995 2625 4050 hic
2665 3994 2777 4050 illis
2810 3994 2912 4049 hoc
2945 4002 3075 4048 tunc
3104 4006 3207 4045 non
3240 4004 3410 4046 ausus
3465 3996 3552 4045 est
3616 4003 3709 4044 rc-

452 4088 651 4141 velare.

526 4183 689 4236 Vens.
721 4179 812 4235 22.
849 4179 963 4234 Viri
995 4178 1280 4242 lsraelitw,
1318 4178 1495 4233 audite
1551 4181 1706 4232 verba
1746 4178 1879 4230 ha'c.
1938 4174 2031 4230 Je-

456 4291 571 4329 snm
600 4276 957 4340 Nazarenam,
982 4273 1151 4327 virum
1178 4288 1209 4325 a
1242 4270 1351 4325 Deo
1410 4279 1735 4324 ostentatum
1772 4269 1911 4321 inter
1944 4282 2032 4321 vos

2216 4174 2469 4240 Ἀνδρος
2527 4171 2909 4240 Ἰσραηλῖται,
2943 4168 3245 4224 ἀκούσατε
3304 4166 3443 4233 τοὺς
3492 4168 3713 4235 λόγους

2142 4266 2414 4327 τούτους.
2457 4260 2701 4329 Ἰησοῦν
2728 4260 2837 4313 τὸν
2862 4256 3217 4327 Ναζωραῖον,
3245 4256 3433 4323 ἄνδρα
3463 4255 3582 4311 ἀπὸ
3608 4254 3714 4309 τοῦ

458 4367 742 4421 virtutibus
774 4374 822 4419 et
871 4364 1124 4434 prodigiis
1174 4379 1236 4416 ac
1296 4363 1483 4432 signis,
1550 4376 1669 4430 qua:
1725 4375 1817 4428 per
1880 4358 2005 4411 illum

2105 4405 2109 4434 δ
2144 4355 2292 4409 Θεοῦ
2325 4349 2827 4420 ὐποδεδειῃιένον
2859 4350 2903 4381 ’⁸
2932 4350 3017 4413 εις
3062 4347 3218 4417 ὑμᾶς
3269 4344 3584 4415 δυνάμεσι,
3615 4344 3713 4399 καί

464 4459 584 4518 fecit
643 4458 781 4512 Deus
834 4458 891 4510 in
945 4457 1117 4512 medio
1178 4464 1428 4521 vestrum,
1483 4453 1621 4507 sicut
1676 4461 1726 4506 et
1780 4450 1881 4519 ipsi
1936 4466 2034 4503 uo-

462 4552 558 4604 stis
583 4564 602 4603 :

535 4640 647 4709 23
670 4640 838 4692 Vens.
877 4637 967 4691 25.
1002 4636 1153 4689 Ilunc
1209 4645 1350 4689 certo
1400 4634 1769 4704 destinatoque
1818 4631 2039 4686 consilio

467 4739 626 4798 atque
677 4728 1007 4796 providentia
1050 4728 1459 4798 prwjudicioque
1503 4726 1600 4781 Dei
1636 4726 1872 4780 deditum
1918 4739 2038 4777 cum

469 4820 825 4888 acrepissetis,
853 4835 947 4889 per
978 4836 1169 4874 manus
1198 4823 1577 4876 sceleratorum
1617 4820 1829 4888 afﬁxam
1857 4826 2040 4871 sustu-

472 4911 615 4967 listis
651 4927 670 4966 :

544 5003 710 5058 Vsus.
739 5002 830 5059 24.
866 5002 1033 5070 Quem
1077 5002 1214 5060 Deus
1247 5004 1438 5060 solutis
1466 5000 1790 5058 cruciatibus
1847 4998 2039 5052 mortis
2084 5076 2089 5080 π

474 5096 833 5151 exsuscitavit.

553 5185 671 5241 Non
697 5194 782 5242 est
810 5186 884 5252 id,
916 5187 1061 5257 quod
1093 5186 1248 5250 dicit,
1308 5184 1572 5249 adulatio,
1604 5181 1696 5238 sed
1755 5187 2046 5250 postquam

2142 4446 2368 4513 τέρασι,
2400 4441 2504 4496 καὶ
2550 4440 2848 4511 σημείοις,
2884 4434 2973 4505 οἷς
3022 4440 3275 4506 ἐποίησε
3323 4437 3398 4491 δι’
3454 4435 3641 4491 αὐτοῦ
3684 4436 3717 4489 ό

2143 4538 2285 4602 Θεύς
2307 4536 2376 4588 ἐν
2402 4533 2570 4604 μέσῳ
2598 4530 2781 4603 ὑμῶν,
2818 4531 3013 4597 καθὼς
3040 4531 3136 4584 καὶ
3173 4531 3342 4585 αὐτοὶ
3372 4529 3602 4584 οἴδατε·

2223 4628 2445 4682 Τοῦτον
2474 4627 2545 4695 τῇ
2574 4626 2876 4696 ὡρισμένῃ
2897 4623 3103 4692 ,ϐουλῇ
3138 4623 3235 4677 καὶ
3256 4621 3587 4691 προγνώσει
3616 4617 3719 4674 τοῦ

2148 4718 2295 4773 Θεοῦ
2324 4716 2575 4771 ἔκδοτον
2598 4717 2888 4783 λαϐόντες
2908 4714 3005 4769 διὰ
3042 4713 3256 4784 χειρῶν
3278 4709 3517 4782 ἀνόμων
3535 4724 3720 4778 προσ-

2150 4810 2458 4880 πήξαντες
2491 4809 2762 4864 ἀνείλετε
2783 4824 2796 4837 ·

2227 4991 2336 5043 Ὃν
2375 4991 2407 5043 ό
2442 4987 2588 5053 Θεὸς
2623 4957 2927 5056 ἀνέστγέσε
2978 4985 3179 5049 λύσας
3217 4982 3325 5049 τὰς
3363 4981 3580 5049 ὠδῖνας
3620 4977 3723 5034 τοῦ

2153 5080 2306 5138 θανά
2314 5099 2414 5134 του
2424 5122 2436 5135 .

2228 5173 2345 5226 Οὐκ
2392 5170 2508 5224 ἔστι
2563 5168 2823 5224 κολακεία
2866 5165 2927 5220 τί»
2983 5166 3167 5236 ῥῆμα·
3201 5165 3316 5219 ἀλλ’
3375 5164 3564 5235 ἐπειδὴ
3600 5162 3729 5216 καθ-

480 5276 604 5331 illos
630 5248 981 5332 vehementer
1015 5248 1365 5345 reprehendit
1386 5280 1442 5325 et
1479 5248 1810 5339 objurgavit,
1840 5263 2005 5333 mitig:

2158 5263 2332 5335 ἥψατο
2385 5261 2565 5315 αὐτῶν
2621 5257 2904 5329 σφοδρῶς,
2968 5256 3181 5326 ἀνίησιν
3230 5255 3275 5288 ⁸⁸
3324 5255 3569 5317 αὐτοὺς·
3638 5248 3731 5303 καὶ

484 5375 537 5420 et
560 5366 764 5423 excitat
789 5382 906 5435 eos,
947 5376 1001 5423 et
1029 5341 1218 5436 redigit
1250 5364 1358 5418 illis
1392 5362 1446 5414 in
1487 5357 1806 5414 memoriam
1838 5371 2004 5427 gener

2160 5353 2570 5425 ἀναμιμνήσκει
2628 5352 2753 5413 τοὺς
2823 5348 3217 5419 προπάτορας,
3288 5341 3731 5417 προτρεπόμενος

486 5467 765 5524 auctores,
807 5459 1113 5515 adhortans
1142 5471 1261 5521 eos,
1295 5462 1354 5509 ut
1391 5452 1608 5505 illorum
1642 5449 1800 5504 (idem
1831 5448 2053 5503 imiten-

2163 5448 2343 5508 αὐτοῖς
2390 5445 2433 5475 ³*
2490 5443 2695 5497 τούτων
2753 5440 3064 5511 μεμνῆσθαι
3108 5439 3152 5471 ³⁸
3211 5438 3310 5509 τὴν
3354 5435 3580 5489 πίστιν·
3639 5432 3735 5487 καὶ

1677 5565 1881 5626 νοτία)
1906 5564 2220 5626 lectiones
2250 5568 2312 5624 et
2346 5567 2533 5622 notae.

564 5677 612 5708 "
648 5679 1131 5746 παροινοίας,ειάι,
1207 5676 1253 5708 ³⁸
1277 5673 1713 5746 σωθήσειζωηι.Δ
1772 5671 1817 5746 "’_
1849 5672 2005 5746 ἐπικσ

2105 5683 2292 5727 ῖεσται,
2333 5673 2469 5718 erat.
2549 5663 2593 5696 ’⁸
2625 5664 2709 5717 Io‘.
2751 5658 2897 5732 περί.
2977 5660 3020 5692 ²⁹
3053 5658 3114 5712 In
3149 5654 3372 5725 vulgatis
3404 5663 3505 5714 cst,
3536 5647 3732 5704 ἀποδε-

495 5740 798 5810 δειγμένον.
875 5749 918 5780 ³⁹
943 5740 1191 5817 ἀνύησιν,
1230 5756 1363 5801 erat.
1410 5740 1483 5775 ’³³
1520 5742 1630 5809 ἵσ.,
1658 5740 1873 5805 αὐτούς.

1952 5739 1996 5771 ³¹
2027 5739 2107 5792 ἷσ.
2153 5737 2459 5808 μιμεῖσθαι.
