4068 6210
380 321 487 387 5ἱ5

1096 329 1501 389 EXPOSITIO
1542 328 1623 387 ΙΝ
1654 329 1842 389 ACTA
1888 331 2463 394 APOSTOLORUM.
2502 360 2565 368 -
2593 334 2749 396 CAP.
2795 337 2883 396 II.

3535 344 3638 406 546

383 436 550 490 πάλιν
574 437 681 492 ἀπὸ
706 439 997 509 προοιμίου
1032 441 1262 513 ἄρχεται
1284 481 1298 501 .
1331 442 1419 496 ἵνα
1447 443 1522 511 μὴ
1549 441 1950 513 θορυϐηθῶσιν

2074 451 2181 506 tur,
2218 459 2282 498 ac
2312 460 2503 499 rursus
2553 445 2744 515 incip'rt
2778 461 2806 499 a
2842 447 3135 517 ριυωιιιίο,
3192 464 3257 502 ne
3292 436 3637 507 tumultuen-

383 528 574 597 ἐπειδὴ
622 527 846 598 ἔμελλεν
879 530 1075 594 αὐτοὺς
1120 531 1212 585 τοῦ
1276 532 1448 602 Ἰησοῦ
1507 533 1963 604 ἀναμιμνήσκειν.

2069 543 2176 601 tur,
2212 537 2469 606 quoniam
2500 538 2567 591 de
2598 535 2728 591 Jesu
2761 538 2885 593 illos
2917 538 3456 596 commonefacturns
3495 555 3635 601 erat.

394 620 682 689 ’Δνωτέρω
720 620 819 691 μὲν
852 623 961 693 γὰρ
997 624 1096 677 οὐκ
1151 625 1218 678 ἂν
1260 623 1668 694 ἐθορυϐήθησαν
1700 623 1793 677 τοῦ
1833 626 1950 696 Προ

2066 626 2200 681 Nam
2235 629 2401 698 paulo
2439 637 2586 694 ante,
2622 643 2745 683 cum
2778 630 3095 699 prophetam
3130 630 3403 695 audirent,
3432 634 3630 689 nullam

382 712 557 781 φήτου
587 712 881 776 ἀκούοντες
907 713 971 768 ³³.
1021 715 1131 768 Καὶ
1177 715 1279 785 δρα
1319 715 1434 778 πῶς
1480 715 1634 770 οὐδὲν
1675 716 1823 783 λέγει
1855 715 1950 770 τῶι

2064 733 2288 772 causam
2323 718 2649 781 habuerunt.
2707 736 2806 774 cur
2841 722 3335 775 tumultuarentur.
3384 726 3460 778 Ac
3488 726 3631 795 vide,

380 802 604 871 ὑψηλῶν
629 844 643 867 ,
686 804 802 859 ἀλλ’
832 806 941 859 ἀπὸ
992 806 1101 859 τῶν
1141 808 1348 877 σφόδρα
1404 808 1677 861 ταπεινῶν
1712 808 1961 880 ἄρχεται.

382 893 486 946 Τὸν
511 894 856 965 Ναζωραῖον,
886 896 1072 967 φησίν·
1107 899 1215 951 ἀπὸ
1242 899 1343 969 τῆς
1374 900 1627 970 πατρίδος
1657 901 1959 971 ὀνομάζων,

378 987 500 1055 ἣτις
551 986 777 1059 εὐτελὴς
826 989 1002 1042 ἐδόκει
1046 985 1206 1045 εἶναι.
1235 992 1447 1062 Ὠσπερ
1486 992 1595 1063 γὰρ
1659 994 1688 1045 δ
1727 994 1960 1065 Χριστὸς

378 1076 457 1129 ὅτ’
488 1076 555 1132 ἂν
584 1079 811 1149 λέγηται
856 1080 1088 1150 δύναμις
1121 1082 1278 1148 Θεοῦ,
1312 1085 1409 1138 καὶ
1448 1084 1581 1138 Θεοῦ
1607 1087 1790 1155 σοφία,
1830 1089 1959 1157 περὶ

378 1171 478 1238 τῆς
530 1168 782 1238 θεότητος
834 1170 999 1224 αὐτοῦ
1057 1172 1127 1225 τὰ
1180 1172 1451 1243 λεγόμενα
1503 1175 1954 1249 ἐκλαμϐάνομεν,

379 1257 574 1325 οὕτως,
630 1260 759 1314 ὅταν
794 1260 1021 1331 λέγηται
1047 1263 1187 1335 ἀνὴρ
1212 1265 1307 1318 καὶ
1353 1266 1630 1335 τεθνηκὼς
1680 1269 1817 1339 ὑπὲρ
1848 1271 1956 1324 τῶν

381 1351 671 1422 ἁμαρτιῶν
716 1354 891 1423 ἡμῶν,
929 1355 1059 1427 περὶ
1104 1357 1203 1426 τῆς
1247 1357 1448 1428 σαρκὸς
1497 1360 1662 1413 αὐτοῦ
1696 1360 1758 1413 τὸ
1797 1361 1954 1431 λεγό⁴

381 1462 543 1514 μενον
582 1444 1018 1515 ἐκλαμϐάνομεν.
1055 1448 1198 1517 Ὀρα
1230 1442 1338 1519 γὰρ
1377 1452 1469 1504 καὶ
1498 1451 1659 1505 αὑτὸν
1691 1453 1820 1506 ποτὲ
1857 1455 1954 1523 μὲν

391 1532 641 1603 λέγοντασ
675 1536 896 1604 Ζητεῖτέ
934 1554 1000 1605 με
1054 1540 1373 1592 ἀποκτεῖναι
1417 1540 1724 1610 ἄνθρωπον,
1766 1543 1824 1605 ὃς
1854 1545 1954 1615 τὴν

2068 823 2126 864 ut
2150 810 2459 865 nihildieat
2494 812 2796 874 excelsum,
2831 815 2926 868 sed
2960 828 2989 867 a
3019 814 3376 869 vehementer
3412 816 3632 872 humili-

2061 901 2167 957 bus
2188 901 2496 957 exorditur.
2533 900 2873 957 Nazarenum
2903 903 3056 967 dicit,
3086 919 3390 974 cognomen
3417 921 3641 963 sumens

2062 1008 2091 1045 ιι
2128 993 2327 1061 patria,
2387 1009 2509 1063 qua:
2536 994 2660 1049 vilis
2682 1009 2805 1049 esse
2830 995 3135 1087 videbatur.
3162 995 3636 1060 Quemadmodum

2060 1083 2232 1149 enim,
2270 1098 2395 1138 cum
2457 1085 2716 1140 Christus
2765 1085 2969 1141 dicitur
3013 1083 3257 1155 potentia
3304 1087 3397 1140 Dei
3438 1098 3488 1142 et
3546 1089 3638 1143 Dei

2061 1177 2357 1245 sapientia,
2402 1176 2469 1231 de
2514 1176 2718 1231 deitate
2772 1178 2921 1232 illius
2965 1193 3027 1232 ea
3070 1178 3231 1232 verba
3280 1178 3584 1247 accipimus
3621 1203 3634 1234 :

2058 1265 2132 1320 ita
2160 1268 2376 1335 quando
2407 1266 2630 1331 dicitur,
2676 1269 2760 1320 vir
2790 1281 2852 1320 ac
2880 1276 3124 1320 mortuus
3145 1283 3242 1337 pro
3271 1269 3510 1337 peccatis
3536 1284 3635 1323 no-

2058 1356 2220 1420 stris,
2269 1356 2338 1410 de
2392 1372 2558 1411 carne
2612 1358 2760 1412 illius
2820 1357 2965 1426 quod
3021 1357 3247 1429 dicitur,
3311 1359 3636 1427 accipimus.

2060 1447 2195 1501 Vide
2219 1450 2365 1501 enim
2399 1449 2561 1501 etiam
2617 1450 2768 1503 illum
2815 1451 2990 1519 ipsum
3028 1450 3164 1503 alias
3198 1450 3416 1519 quidem
3447 1451 3636 1506 dicen-

2055 1547 2160 1592 teut
2227 1539 2582 1594 :Conamini
2641 1557 2729 1596 me
2812 1541 3062 1595 occidere
3142 1542 3443 1604 hominem,
3532 1545 3627 1611 qui

377 1624 639 1695 ἀλήθειαν
666 1627 793 1696 ὑμῖν
818 1626 1116 1697 λελάληκα’
1145 1629 1274 1682 ποτὲ
1299 1630 1378 1694 δὲ,
1411 1630 1552 1699 Ἐγὼ
1591 1632 1686 1685 καὶ
1714 1633 1742 1685 ό
1762 1634 1950 1705 Πατὴρ

2054 1628 2336 1683 veritatem
2388 1630 2546 1685 vobis
2597 1631 2708 1684 dixi
2746 1652 2758 1685 :
2799 1631 2935 1685 alias
2976 1640 3157 1684 autem
3195 1648 3211 1684 :
3245 1632 3358 1700 Ego
3384 1642 3437 1686 et
3469 1631 3631 1686 Pater

376 1716 436 1769 ἓν
469 1719 658 1786 ἐσμεν.
704 1719 989 1771 Ἐντεῦθεν
1036 1720 1299 1789 μανέντες
1344 1722 1392 1775 0i
1441 1724 1552 1776 ἀπὸ
1597 1724 1840 1795 Ἀρτεμόι
1868 1721 1950 1790 οἷς

2056 1737 2225 1775 unum
2286 1737 2499 1776 sumus.
2570 1720 2708 1775 lline
2760 1721 3099 1775 insanientes
3146 1721 3240 1789 qui
3281 1722 3350 1774 ab
3404 1723 3630 1775 Artema

372 1781 753 1879 ἠκολούθησαν
776 1812 872 1863 καὶ
896 1812 944 1864 0i
971 1781 1079 1864 ἀπὸ
1111 1781 1467 1882 Σαμοσάτων,
1491 1781 1695 1868 οἴονται
1723 1781 1776 1885 εξ
1794 1781 1948 1887 ψιλὸν

2054 1813 2282 1882 profecti
2314 1819 2444 1866 sunt
2484 1812 2643 1880 (quos
2698 1809 3113 1865 Samosatenses
3135 1781 3359 1880 q-rtoque
3384 1827 3627 1882 sequun-

373 1900 663 1970 ἄνθρωπον
695 1900 786 1955 τὸν
830 1900 1062 1972 Ἰησοῦν,
1105 1903 1196 1956 διὰ
1229 1904 1328 1975 τὴν
1371 1906 1744 1977 προκειμένην
1772 1909 1946 1972 τάξιν.

372 1990 650 2057 Δυνάμεσι
696 1991 788 2043 καὶ
818 1994 1012 2060 τέρασι
1050 1991 1144 2043 καὶ
1186 1993 1458 2061 σημείοις.
1504 1992 1646 2062 Πρὸς
1669 1992 1875 2063 ταύτην
1903 1993 1948 2025 ³⁸

374 2079 472 2147 τὴν
498 2080 739 2134 διάνοιαν
797 2081 962 2134 τείνει
1011 2082 1107 2135 καὶ
1167 2081 1228 2134 τὸ
1269 2083 1559 2153 εἰρημένον
1602 2084 1660 2135 ἐν
1709 2086 1775 2152 τῇ
1813 2083 1949 2153 πρδς

386 2167 692 2238 Ῥωμαίους
715 2170 1004 2241 Ἐπιστολῇ
1024 2185 1038 2199 ’
1067 2171 1160 2223 τοῦ
1183 2170 1491 2241 ὁρισθέντος
1516 2170 1648 2224 Υίοῦ
1688 2169 1780 2223 τοῦ
1811 2170 1947 2223 θεοῦ

374 2260 432 2311 ἐν
454 2260 679 2332 δυνάμει
699 2279 714 2293 ·
747 2262 1016 2323 τουτέστι,
1042 2263 1135 2316 τοῦ
1157 2262 1243 2316 διὰ
1267 2260 1375 2316 τῶν
1406 2261 1582 2333 ἔργων
1609 2260 1950 2333 ἀποδειχθέν-

372 2367 467 2414 τος
514 2352 611 2405 καὶ.
668 2355 767 2424 τῆς
812 2352 1096 2421 δυνάμεως
1148 2354 1260 2406 τῶν
1320 2352 1648 2423 Θαυμάτων·
1683 2352 1758 2414 ὡς
1800 2352 1948 2405 ἔστιν

374 2439 595 2508 ἀληθῶς
624 2442 751 2505 Υἱὸς
791 2442 886 2494 τοῦ
920 2444 1150 2513 Πατρός.
1189 2443 1324 2496 Κατ’
1359 2443 1510 2495 οὐδὲν
1540 2442 1649 2514 γὰρ
1698 2443 1947 2512 διαφέρει

372 2532 434 2582 τὸ
473 2533 669 2596 εἰπεῖν,
717 2533 1003 2603 ὁρισθῆναι
1058 2534 1224 2587 αὑτὸν
1255 2532 1381 2586 Υίδν
1407 2532 1545 2586 θεοῦ
1594 2537 1652 2587 ἐν
1681 2533 1908 2603 δυνάμει
1929 2573 1943 2598 ,

374 2622 471 2675 καὶ
522 2622 584 2675 τὸ
636 2625 843 2688 είπεῖν,
878 2624 1265 2695 ἀποδειχθῆναι
1315 2625 1479 2679 αὐτὸν
1537 2624 1821 2696 δυνάμεσι,
1851 2627 1946 2679 καὶ

372 2711 585 2780 τέρασι,
637 2712 732 2764 καὶ
790 2713 1074 2782 σημείοις,
1142 2708 1223 2775 οἷς
1283 2712 1507 2784 ἐποίησε
1568 2713 1635 2766 δι’
1693 2713 1859 2767 αὐτοῦ
1918 2716 1947 2767 δ

372 2800 507 2864 Θεὸς
538 2804 599 2854 ὲν
624 2804 774 2872 μέσῳ
803 2802 978 2872 ὑμῶν.
1020 2803 1169 2864 Τέως
1197 2806 1225 2856 ό
1256 2804 1387 2866 Θεὸς
1415 2803 1664 2876 καθάπερ
1685 2805 1753 2857 δι’
1788 2804 1943 2859 Υίοῦ.

368 2892 452 2945 Δι’
477 2892 640 2946 αὑτοῦ
671 2894 780 2964 γάρ
824 2892 1144 2963 θεοπρεπῶς
1176 2893 1269 2946 καὶ
1304 2894 1430 2957 τοὺς
1460 2893 1663 2957 αἰῶνας
1697 2895 1943 2966 ἐποίησε.

366 2985 471 3038 Διά
508 2984 566 3037 δὲ
599 2984 692 3038 τοῦ
714 3001 728 3015 ⁶
772 2986 860 3039 Ἐν
884 2985 1036 3057 μέσῳ
1067 2984 1244 3054 ὑμῶν,
1288 2984 1570 3056 μάρτυρας
1604 2987 1813 3055 αῦτοὺςξ
1839 2988 1947 3040 τῶν

364 3076 680 3147 λεγομένων
705 3078 890 3131 καλεῖ·
919 3080 964 3111 ⁸⁸
990 3080 1052 3131 οὐ
1088 3077 1285 3145 λάθρα,
1326 3079 1446 3132 οὐδὲ
1492 3079 1550 3131 ἐν
1588 3079 1781 3150 γωνίᾳ.
1809 3075 1945 3133 Εἶτα
1974 3106 2015 3165 c

364 3168 628 3236 ἐμπεσὼν
667 3170 749 3232 είς
778 3168 840 3221 τὸ
887 3169 1143 3239 τόλμημα
1185 3170 1388 3233 αὐτῶν,
1429 3171 1693 3241 πειρᾶται
1749 3171 1945 3236 αὐτοὺς

367 3260 735 3313 ἀπαλλάττειν
763 3260 951 3325 αὐτοῦ,
1004 3262 1097 3314 καί
1132 3277 1295 3331 φησι⁶
1328 3262 1407 3332 Τῇ
1439 3262 1721 3336 ὡρισμένῃ
1756 3262 1942 3335 βουλῇ,

360 3349 584 3414 δεικνὺς
600 3352 684 3405 ὅτι
712 3350 774 3404 οὐ
798 3354 864 3422 τῇ
899 3352 1081 3405 αὐτῶν
1115 3351 1260 3421 ίσχύῖ
1287 3352 1531 3422 ἔπραξαν
1559 3354 1693 3423 ὅπερ
1718 3354 1946 3425 ἐτόλμη-

368 3458 498 3505 σαν,
549 3442 665 3495 ἀλλ’
698 3443 783 3495 ὅτι
825 3442 1044 3506 ἑκόντος
1075 3443 1284 3496 ἐκείνου
1304 3484 1319 3506 ,
1346 3443 1439 3495 καὶ
1466 3443 1548 3497 ὅτι
1584 3442 1787 3497 ἄνωθεν
1815 3445 1947 3514 ὠρι-

370 3534 571 3601 σμένον
599 3527 688 3604 ἦν.
735 3529 888 3596 Εἶτα,
928 3532 1015 3585 ἵνα
1068 3532 1142 3603 μὴ
1199 3532 1364 3586 πάλιν
1401 3532 1570 3587 ἀθῶοι
1599 3533 1825 3599 δόξωσιν
1850 3550 1865 3563 ·
1899 3535 1948 3586 εί

368 3623 482 3693 γὰρ
516 3624 611 3677 καὶ
662 3623 992 3694 ὡρισμένον,
1025 3624 1176 3693 ὅμως
1225 3624 1379 3677 οὐδὲν
1424 3620 1588 3696 ἦττον
1638 3626 1838 3677 ἐκεῖνοι
1862 3627 1951 3680 ἀν-

368 3714 621 3784 δροφόνοι
650 3713 692 3746 ³⁷
725 3709 885 3784 ἦσαν·
926 3714 1152 3779 ὲπάγει’
1181 3714 1278 3767 Διά
1306 3713 1506 3785 χειρῶν
1539 3714 1759 3783 ἀνόμων
1783 3728 1798 3743 °
1829 3714 1950 3785 ἦτοι

365 3806 458 3859 διὰ
485 3805 581 3859 τοῦ
609 3805 941 3877 παραδόντος
972 3803 1140 3858 Ἰούδα
1162 3821 1176 3835 ·
1201 3804 1234 3874 ἢ
1259 3804 1350 3858 διὰ
1377 3803 1486 3857 τῶν
1514 3804 1949 3873 σταυρωσάντων

371 3898 744 3968 στρατιωτῶν.
786 3893 851 3949 Εἰ
878 3895 935 3948 δὲ
980 3894 1171 3965 ἄνομοι
1207 3894 1258 3947 oi
1299 3894 1737 3964 προσπήξαντες,
1773 3894 1868 3946 καὶ
1896 3893 1947 3946 0i

367 3988 652 4050 ἀνελόντες
700 3985 893 4055 δῆλον*
957 3983 1095 4048 τέως
1156 3982 1215 4036 δὲ
1275 3981 1755 4053 συνεσκιασμένως
1815 3982 1948 4036 αὐτὸ

367 4079 549 4148 λέγει,
587 4078 674 4130 ἵνα
710 4076 788 4148 μὴ
818 4075 1019 4137 αὐτοὺς
1060 4076 1141 4139 είς
1172 4074 1482 4141 ἀπόγνωσιν
1509 4073 1744 4143 ἐμϐάλῃ.
1782 4075 1879 4127 "Ov
1919 4075 1948 4127 ό

367 4170 503 4232 Θεός
535 4169 823 4238 ἀνέστησε.
856 4166 1029 4220 Βαδαὶ
1061 4162 1173 4219 οἷον
1204 4165 1504 4236 ἐτόλμησεν
1534 4167 1709 4219 είπεῖν
1742 4164 1946 4235 μεταξὺ

366 4260 480 4313 τῶν
511 4258 821 4329 φονώντων,
861 4259 944 4312 ὅτι
992 4257 1215 4327 ἀνέστη.
1249 4256 1322 4309 Τὸ
1350 4256 1405 4309 δὲ
1440 4256 1739 4327 ὲγηγέρθαι
1786 4256 1948 4311 αὑτὸν

369 4353 478 4406 ὑπὸ
529 4352 626 4405 τοῦ
682 4351 895 4421 nam;
942 4348 1231 4418 λέγεσθαι,
1272 4348 1361 4402 διὰ
1387 4347 1496 4401 τῶν
1551 4348 1859 4401 ἀκουόντων
1887 4348 1948 4400 τὸ

2061 1902 2196 1973 tur),
2232 1902 2436 1956 nudum
2470 1902 2745 1955 hominem
2775 1916 2900 1956 esse
2931 1911 3124 1971 putant
3168 1900 3376 1969 Jesum,
3412 1913 3634 1973 propter

2049 1992 2389 2061 propositum
2412 1992 2616 2045 locum.
2633 1990 2962 2056 Virtutibus,
2983 1999 3036 2046 et
3056 1991 3343 2063 prodigiis,
3361 2000 3415 2047 et
3439 1994 3629 2062 signis.

2048 2083 2129 2137 Ad
2169 2085 2310 2137 hanc
2341 2084 2671 2138 sententiam
2706 2083 2942 2152 pertinet
2972 2084 3134 2136 etiam
3171 2084 3305 2139 illud
3331 2084 3539 2138 dictum
3567 2086 3622 2139 in

2050 2172 2294 2242 Epistola
2326 2174 2391 2226 ad
2411 2171 2709 2237 Romanos,
2731 2171 3008 2225 declarato
3028 2170 3170 2225 Filio
3200 2172 3290 2227 llei
3316 2188 3414 2242 per
3440 2180 3630 2243 poteno

2049 2264 2203 2328 tiam,
2260 2263 2362 2317 hoe
2397 2271 2501 2327 est,
2538 2277 2634 2332 per
2666 2275 2831 2331 opera
2888 2270 3053 2330 atque
3090 2261 3403 2315 facultatem
3464 2265 3601 2315 mira

2049 2354 2298 2408 culorum
2337 2353 2733 2412 demonstrato,
2761 2360 2927 2407 utest
2976 2365 3160 2406 revera
3221 2348 3393 2405 Filius
3422 2352 3626 2408 Patris.

2047 2443 2182 2497 Nam
2240 2444 2386 2497 nulla
2440 2443 2651 2496 ratione
2689 2441 2962 2496 diversum
3004 2449 3117 2504 est,
3154 2442 3269 2495 sive
3301 2441 3425 2510 quis
3457 2442 3627 2506 dii-at,

2048 2533 2202 2586 illum
2247 2532 2583 2587 declaratum
2621 2546 2742 2586 esse
2774 2530 2969 2584 Filium
3012 2528 3106 2584 Dei
3141 2545 3234 2599 per
3275 2531 3572 2599 potentiam
3607 2571 3624 2595 ,

2047 2627 2161 2680 sive
2190 2626 2622 2679 demonstratum
2649 2638 2767 2678 esse
2802 2623 2953 2676 illum
2989 2621 3286 2677 virtutibus
3319 2637 3417 2677 seu
3448 2622 3627 2676 facul-

2052 2716 2263 2770 tatibus
2292 2724 2348 2769 et
2376 2714 2646 2784 prodigiis
2676 2729 2741 2768 ac
2768 2715 2961 2784 signis,
2997 2727 3118 2783 quae
3156 2727 3252 2782 per
3281 2712 3432 2766 illum
3491 2712 3621 2767 fecit

2050 2808 2193 2861 Deus
2225 2807 2277 2861 in
2310 2806 2489 2860 medio
2520 2814 2784 2860 vestrum.
2827 2807 3033 2859 ltevera
3073 2804 3218 2859 Deus
3242 2812 3499 2873 tanquam
3530 2818 3627 2873 per

2050 2899 2268 2953 Filium.
2294 2897 2393 2952 Per
2417 2899 2568 2952 illum
2598 2897 2743 2951 enim
2772 2897 3032 2950 divinitus
3059 2897 3222 2950 etiam
3253 2896 3449 2949 sa-cula
3478 2895 3623 2947 fecit.

2048 2989 2222 3042 Porro
2243 3005 2339 3058 per
2369 2988 2444 3054 id,
2482 2988 2629 3058 quod
2666 2988 2802 3041 dicit
2842 3004 2855 3041 :
2894 2986 2949 3040 in
2989 2985 3169 3040 medio
3226 2986 3418 3046 vestri,
3458 2994 3624 3040 testes

2049 3080 2288 3134 illosmet
2311 3081 2461 3149 ipsos
2494 3079 2732 3149 appellat
2756 3093 2969 3141 eorum,
2998 3093 3118 3147 qua:
3143 3077 3296 3131 dicit.
3330 3076 3385 3130 In
3404 3076 3582 3131 medio
3607 3090 3623 3134 :

2053 3188 2162 3227 non
2195 3173 2356 3238 clam,
2389 3186 2567 3241 neque
2601 3171 2655 3224 in
2683 3169 2903 3239 angulo.
2938 3167 3143 3221 Deinde
3183 3181 3307 3220 cum
3338 3167 3623 3221 incidisset

2052 3265 2105 3319 in
2136 3264 2486 3319 temerarium
2517 3261 2650 3316 illud
2680 3260 2895 3315 facinus
2916 3273 3130 3324 eorum,
3167 3266 3401 3313 conatur
3426 3271 3522 3311 eos
3553 3258 3622 3309 ab

2052 3356 2145 3410 illo
2200 3355 2489 3410 absolvere
2544 3364 2708 3424 atque
2771 3351 3025 3415 liberare,
3060 3357 3115 3405 et
3178 3349 3256 3404 ait
3293 3365 3308 3402 :
3340 3347 3624 3402 destinato

2050 3455 2311 3515 certoque
2345 3444 2578 3500 consilio
2613 3462 2627 3500 :
2669 3451 2724 3500 et
2758 3442 2998 3498 ostendit
3032 3441 3154 3496 illos
3183 3455 3291 3494 non
3324 3440 3439 3495 suis
3474 3437 3621 3508 ipso.

2054 3553 2171 3592 rum
2202 3537 2414 3591 viribus
2443 3536 2642 3605 egisse,
2681 3535 2828 3604 quod
2861 3534 2978 3589 ausi
3023 3542 3173 3597 sunt,
3239 3530 3336 3586 sed
3388 3530 3482 3585 illo
3528 3544 3624 3582 vo-

2051 3629 2217 3691 lente,
2253 3635 2307 3680 et
2340 3626 2483 3695 quod
2540 3626 2845 3694 antiquitus
2883 3624 2954 3677 ita
2998 3622 3332 3678 destinatum
3385 3630 3459 3675 et‘
3491 3634 3626 3675 cono

2050 3719 2308 3772 stitutum
2374 3723 2513 3770 erat.
2579 3715 2799 3778 Postea,
2870 3728 2940 3767 ne
3021 3726 3218 3765 rursus
3303 3711 3624 3765 innocentes

2049 3809 2369 3864 viderentur
2400 3825 2413 3860 :
2466 3821 2590 3859 nam
2619 3804 2833 3859 etiamsi
2864 3812 3129 3859 statutmn
3172 3816 3237 3855 ac
3289 3798 3624 3855 destinatum

2050 3908 2186 3963 erat,
2242 3897 2603 3952 nihilominus
2630 3895 2706 3948 illi
2738 3893 3023 3948 homicidae
3060 3899 3238 3957 erant,
3287 3890 3571 3959 subiungit
3606 3903 3622 3941 :
3654 3887 3659 3892 ’

2049 4008 2145 4062 per
2182 4004 2375 4044 manus
2404 3988 2796 4042 sceleratorum
2832 4003 2846 4039 :
2886 3986 3000 4039 sive
3025 3997 3120 4052 per
3144 3979 3481 4052 proditorem
3523 3976 3623 4031 Ju-

2049 4085 2199 4148 dam,
2255 4092 2349 4135 aut
2383 4095 2480 4150 per
2507 4079 2730 4139 milites,
2778 4077 2873 4146 qui
2931 4074 3345 4129 crueilixerunt.
3384 4066 3541 4134 Quod
3577 4067 3625 4123 si

2053 4174 2303 4232 scelerati
2339 4181 2490 4238 sunt,
2516 4172 2608 4243 qui
2635 4169 2945 4234 aﬂixerunt,
2976 4180 3136 4221 nemo
3166 4161 3461 4226 dubitabit,
3491 4160 3623 4230 quin

2050 4269 2214 4323 etiam
2255 4266 2357 4334 illi,
2386 4265 2483 4336 qui
2533 4262 2872 4319 sustulerunt
2904 4266 2958 4313 et
2990 4254 3403 4312 interfecerunt.
3447 4251 3627 4321 Atque

2054 4359 2106 4412 id
2129 4358 2344 4413 interim
2378 4357 2488 4425 29
2524 4356 2578 4409 in
2610 4354 2769 4408 initio
2795 4360 2935 4406 tecte
2958 4350 3113 4414 dicit,
3175 4363 3242 4401 ne
3269 4346 3394 4401 illos
3412 4344 3629 4414 injiciat

368 4442 636 4505 ἀσθενές·
704 4442 763 4495 ὲν
808 4442 915 4494 τίνι
966 4439 1076 4510 γὰρ
1121 4442 1150 4494 ὀ
1204 4439 1395 4509 Πατὴρ
1450 4439 1703 4509 ὲνεργεῖ;
1752 4439 1839 4491 Ἐν
1879 4441 1945 4509 τῇ

2055 4452 2109 4504 in
2135 4449 2599 4519 desperationem.
2636 4445 2808 4508 Quem
2839 4440 2985 4496 Deus
3024 4436 3407 4495 exsuscitavit.
3440 4433 3623 4505 Papae,

366 4533 551 4605 οἰκείᾳ
589 4533 820 4603 δυνάμει
862 4532 1140 4603 δηλονότι·
1183 4531 1412 4602 δύναμις
1447 4531 1504 4584 δὲ
1534 4530 1626 4584 τοῦ
1660 4530 1887 4595 Πατρὸς,
1924 4533 1952 4584 ὁ

366 4623 630 4693 Χριστός.
673 4621 887 4676 Οὐκοῦν
942 4621 1133 4675 ἑαυτὸν
1187 4621 1488 4690 ἀνέστησε,
1547 4620 1643 4674 καὶ
1703 4619 1808 4673 ὑπὸ
1854 4618 1950 4672 τοῦ

367 4715 586 4786 Πατρδς
614 4714 917 4785 ἐγηγέροαι
939 4713 1250 4783 λεγόμενος.
1291 4712 1474 4775 Λύσας
1503 4712 1601 4773 τάς
1632 4710 1825 4773 ὠδῖνας
1854 4709 1949 4763 τοῦ

369 4808 628 4863 θανάτου.
652 4808 941 4860 Δείκνυσιν
963 4807 1046 4860 ὅτι
1069 4806 1161 4858 καὶ
1185 4806 1214 4857 ὁ
1252 4804 1481 4866 θάνατος
1512 4801 1667 4855 ὢδινε
1704 4803 1950 4872 κατέχων

369 4899 536 4953 αὐτὸν
579 4899 677 4953 καὶ
717 4898 787 4951 τὰ
817 4897 966 4952 δεινά
1014 4896 1243 4965 ἔπασχε.
1285 4895 1461 4947 Ὤδτνσ.
1506 4893 1617 4963 γὰρ
1654 4892 1883 4946 θανάτου
1918 4894 1946 4962 ἡ

369 4989 579 5046 παλαιά
624 4989 867 5045 κίνδυνον
908 4987 1005 5044 καὶ
1077 4984 1362 5057 συμφοράν
1412 5000 1598 5054 φησιν.
1637 4984 1698 5037 ’0
1746 4982 1950 5037 ὠδίνων

368 5082 432 5137 οὐ
466 5082 699 5154 κατέχει
717 5081 782 5137 τδ
826 5080 1217 5151 κατεχόμενον,
1253 5076 1377 5130 οὐδὲ
1411 5076 1513 5147 δρᾷ
1534 5114 1551 5140 ,
1585 5074 1720 5128 ἀλλά
1750 5075 1950 5145 πάσχει

370 5174 468 5228 καὶ
504 5170 939 5245 ρίψαισπεῦδει.
963 5167 1036 5226 Εὖ
1064 5170 1120 5225 δὲ
1163 5168 1319 5222 λύσιν
1346 5167 1553 5221 ὠδίνων
1578 5166 1673 5220 τοῦ
1720 5165 1949 5220 θανάτου

367 5267 473 5335 τὴν
520 5266 822 5320 ἀνάστασιν
861 5263 1330 5336 προσηγόρευσεν,
1370 5260 1459 5314 ἵνα
1508 5259 1672 5330 εἴπῃ·
1706 5258 1945 5330 Ἐρῤηξε

371 5356 468 5410 καὶ
521 5354 791 5427 ἀνέρρηξε
834 5354 933 5426 τὴν
981 5353 1180 5423 ἔγκυον
1223 5352 1270 5385 ³⁸
1326 5353 1418 5405 καὶ⁵
1466 5348 1792 5420 ὀγκωμένην
1848 5350 1943 5403 καὶ

2055 4541 2216 4611 quale
2266 4540 2493 4593 verbum
2546 4537 2690 4591 inter
2741 4532 2907 4587 caedis
2952 4530 3144 4585 avidos
3178 4542 3346 4584 ausus
3377 4538 3463 4582 est
3499 4540 3628 4597 pro-

2060 4632 2227 4695 ferre,
2261 4629 2413 4683 illum
2436 4625 2694 4682 videlicet
2722 4622 3122 4680 assurrexisse.
3170 4619 3339 4673 Porro
3364 4616 3510 4687 quod
3540 4616 3625 4669 di-

2056 4724 2203 4777 citur
2226 4736 2256 4775 a
2289 4720 2449 4774 Patre
2498 4715 2874 4773 exsuscitatus
2906 4727 3052 4778 esse,
3084 4710 3139 4765 id
3185 4709 3245 4764 ﬁt
3275 4717 3496 4777 propter
3531 4724 3627 4759 au-

2054 4810 2318 4866 dientium
2381 4804 2778 4860 inﬁrmitatem.
2836 4801 2940 4856 Per
3015 4815 3179 4869 quem
3258 4796 3405 4851 enim
3466 4793 3678 4854 Pater.

2051 4897 2350 4970 Operatur?
2381 4895 2482 4950 Per
2507 4893 2782 4963 proririam
2805 4890 3058 4945 videlicet
3092 4886 3413 4957 potentiam.
3457 4882 3628 4937 Porro

2052 4990 2290 5061 potentia
2323 4986 2501 5040 Patris
2532 4992 2618 5039 est
2675 4982 2954 5037 Christus.
2982 4980 3154 5051 Igitur
3195 4978 3434 5047 seipsum
3478 4975 3629 5030 exci-

2052 5081 2207 5145 tauit,
2260 5076 2476 5133 etiamsi
2507 5091 2536 5128 a
2573 5072 2734 5128 Patre
2766 5072 3142 5128 exsuscitatus
3205 5083 3331 5124 esse
3383 5066 3621 5121 dicatur.

2056 5172 2265 5227 Solutis
2287 5166 2624 5225 cruciatibus
2655 5165 2870 5221 mortis.
2902 5160 3156 5219 Ostendit
3182 5160 3349 5216 etiam
3373 5164 3623 5215 mortem,

2053 5279 2179 5317 cum
2213 5261 2363 5317 illum
2394 5258 2684 5323 detineret,
2717 5256 2877 5327 quasi
2906 5253 3252 5325 parturiisse
3282 5258 3338 5304 et
3396 5243 3625 5300 acerbos

2053 5355 2272 5411 dolores
2323 5351 2678 5409 sustinuisse.
2718 5349 3007 5405 Parturam
3038 5346 3209 5406 enim,
3243 5353 3340 5397 seu
3373 5335 3622 5392 dolorem

1563 5534 1764 5598 Variae
1806 5531 2117 5596 lectiones
2148 5539 2209 5596 et
2236 5542 2427 5597 notua.

471 5690 518 5722 ³³
551 5688 862 5750 ἀκούοντος,
887 5695 1023 5740 erat.
1099 5686 1143 5717 ³⁸
1165 5678 1276 5738 οἶόν
1312 5706 1392 5753 τε,
1415 5697 1547 5743 erat.
1626 5688 1669 5723 "
1691 5685 1882 5750 ταῦτα,
1912 5699 1950 5739 ελ

2125 5686 2169 5719 ³⁸
2190 5683 2420 5753 fortasse
2455 5679 2806 5751 repetendum,
2835 5676 2894 5729 έν
2938 5671 3090 5743 μέσῳ
3117 5668 3291 5743 ὑμῶν,
3368 5669 3411 5703 υ
3441 5667 3629 5741 ἀνδρο,

375 5760 567 5829 φόνιοι,
597 5773 731 5813 erat.
837 5758 880 5790 ⁸³
911 5759 1124 5825 ἔγγυον,
1157 5765 1291 5809 erat.
