  <div class='ocr_page' id='page_1' title='image "/cluster/home/n/w/nwhite01/storage/ocr_20150623/125/hvd.32044073502429/294.png"; bbox 0 0 4068 6210; ppageno 0'>
   <div class='ocr_carea' id='block_1_1' title="bbox 364 287 470 351">
    <p class='ocr_par' dir='ltr' id='par_1_1' title="bbox 364 287 470 351">
     <span class='ocr_line' id='line_1_1' title="bbox 364 287 470 351; baseline 0.009 -1"><span class='ocrx_word' id='word_1_1' title='bbox 364 287 470 351; x_wconf 64' lang='grc'><strong>549</strong></span> 
     </span>
    </p>
   </div>
   <div class='ocr_carea' id='block_1_2' title="bbox 1057 291 3618 371">
    <p class='ocr_par' dir='ltr' id='par_1_2' title="bbox 1057 291 3618 371">
     <span class='ocr_line' id='line_1_2' title="bbox 1057 291 3618 371; baseline 0.008 -22"><span class='ocrx_word' id='word_1_2' title='bbox 1057 291 1459 351; x_wconf 77' lang='lat' dir='ltr'><strong>EXl‘OSlTIO</strong></span> <span class='ocrx_word' id='word_1_3' title='bbox 1494 293 1573 351; x_wconf 79' lang='lat' dir='ltr'><strong>IN</strong></span> <span class='ocrx_word' id='word_1_4' title='bbox 1605 293 1785 351; x_wconf 79' lang='lat' dir='ltr'><strong>ACTA</strong></span> <span class='ocrx_word' id='word_1_5' title='bbox 1829 294 2395 355; x_wconf 67' lang='lat' dir='ltr'><strong>APOSTOLORUM.</strong></span> <span class='ocrx_word' id='word_1_6' title='bbox 2439 322 2501 332; x_wconf 93' lang='grc'><strong><em>-</em></strong></span> <span class='ocrx_word' id='word_1_7' title='bbox 2527 298 2684 357; x_wconf 82' lang='lat' dir='ltr'><strong>CAP.</strong></span> <span class='ocrx_word' id='word_1_8' title='bbox 2736 300 2820 357; x_wconf 81' lang='grc' dir='ltr'><strong>ΙΙ.</strong></span> <span class='ocrx_word' id='word_1_9' title='bbox 3515 310 3618 371; x_wconf 75' lang='grc'><strong>550</strong></span> 
     </span>
    </p>
   </div>
   <div class='ocr_carea' id='block_1_3' title="bbox 363 401 1946 476">
    <p class='ocr_par' dir='ltr' id='par_1_3' title="bbox 363 401 1939 475">
     <span class='ocr_line' id='line_1_3' title="bbox 363 401 1939 475; baseline 0.003 -22"><span class='ocrx_word' id='word_1_10' title='bbox 363 401 734 470; x_wconf 65' lang='grc' dir='ltr'>πνευματικὸν</span> <span class='ocrx_word' id='word_1_11' title='bbox 787 401 966 470; x_wconf 82' lang='grc' dir='ltr'>σῶμα.</span> <span class='ocrx_word' id='word_1_12' title='bbox 1014 402 1076 452; x_wconf 86' lang='grc' dir='ltr'><strong>ἸΙ</strong></span> <span class='ocrx_word' id='word_1_13' title='bbox 1111 404 1216 472; x_wconf 73' lang='grc' dir='ltr'><strong>γὰρ</strong></span> <span class='ocrx_word' id='word_1_14' title='bbox 1262 405 1582 474; x_wconf 78' lang='grc' dir='ltr'>ὲγειρομένη</span> <span class='ocrx_word' id='word_1_15' title='bbox 1630 405 1766 475; x_wconf 77' lang='grc' dir='ltr'>σὰρξ</span> <span class='ocrx_word' id='word_1_16' title='bbox 1801 405 1939 475; x_wconf 82' lang='grc' dir='ltr'>μετὰ</span> 
     </span>
    </p>
   </div>
   <div class='ocr_carea' id='block_1_4' title="bbox 2049 401 3618 476">
    <p class='ocr_par' dir='ltr' id='par_1_4' title="bbox 2049 407 3618 476">
     <span class='ocr_line' id='line_1_4' title="bbox 2049 407 3618 476; baseline 0.005 -17"><span class='ocrx_word' id='word_1_17' title='bbox 2049 413 2220 460; x_wconf 88' lang='lat' dir='ltr'><strong>strare</strong></span> <span class='ocrx_word' id='word_1_18' title='bbox 2262 422 2366 458; x_wconf 88' lang='lat' dir='ltr'><strong>non</strong></span> <span class='ocrx_word' id='word_1_19' title='bbox 2428 417 2655 474; x_wconf 88' lang='lat' dir='ltr'><strong>possunt</strong></span> <span class='ocrx_word' id='word_1_20' title='bbox 2703 408 2776 473; x_wconf 87' lang='lat' dir='ltr'><strong>id,</strong></span> <span class='ocrx_word' id='word_1_21' title='bbox 2841 407 2984 476; x_wconf 84' lang='lat' dir='ltr'><strong>quod</strong></span> <span class='ocrx_word' id='word_1_22' title='bbox 3048 409 3313 471; x_wconf 78' lang='lat' dir='ltr'><strong>sentiunt,</strong></span> <span class='ocrx_word' id='word_1_23' title='bbox 3378 420 3618 469; x_wconf 69' lang='lat' dir='ltr'><strong>attatttrn</strong></span> 
     </span>
    </p>
   </div>
   <div class='ocr_carea' id='block_1_5' title="bbox 361 493 1934 566">
    <p class='ocr_par' dir='ltr' id='par_1_5' title="bbox 361 493 1934 566">
     <span class='ocr_line' id='line_1_5' title="bbox 361 493 1934 566; baseline 0.003 -21"><span class='ocrx_word' id='word_1_24' title='bbox 361 494 461 564; x_wconf 79' lang='grc' dir='ltr'><strong>τὴν</strong></span> <span class='ocrx_word' id='word_1_25' title='bbox 494 493 710 562; x_wconf 80' lang='grc' dir='ltr'>ἔγερσιν</span> <span class='ocrx_word' id='word_1_26' title='bbox 737 494 1109 561; x_wconf 69' lang='grc' dir='ltr'>,πνευματικὸν</span> <span class='ocrx_word' id='word_1_27' title='bbox 1145 496 1237 546; x_wconf 80' lang='grc' dir='ltr'><strong>καὶ</strong></span> <span class='ocrx_word' id='word_1_28' title='bbox 1267 495 1542 565; x_wconf 76' lang='grc' dir='ltr'><strong>ἄφθαρτον</strong></span> <span class='ocrx_word' id='word_1_29' title='bbox 1585 497 1744 566; x_wconf 78' lang='grc' dir='ltr'>σῶμά</span> <span class='ocrx_word' id='word_1_30' title='bbox 1766 500 1934 550; x_wconf 85' lang='grc' dir='ltr'>ἐστιν.</span> 
     </span>
    </p>
   </div>
   <div class='ocr_carea' id='block_1_6' title="bbox 377 583 1940 654">
    <p class='ocr_par' dir='ltr' id='par_1_6' title="bbox 377 583 1940 654">
     <span class='ocr_line' id='line_1_6' title="bbox 377 583 1940 654; baseline 0.002 -17"><span class='ocrx_word' id='word_1_31' title='bbox 377 585 566 646; x_wconf 80' lang='grc' dir='ltr'>Ὁδοὺς</span> <span class='ocrx_word' id='word_1_32' title='bbox 595 584 651 636; x_wconf 80' lang='grc' dir='ltr'><strong>δὲ</strong></span> <span class='ocrx_word' id='word_1_33' title='bbox 691 583 836 652; x_wconf 78' lang='grc' dir='ltr'>ζωῆς</span> <span class='ocrx_word' id='word_1_34' title='bbox 897 601 1085 652; x_wconf 79' lang='grc' dir='ltr'>φησιν,</span> <span class='ocrx_word' id='word_1_35' title='bbox 1127 585 1192 647; x_wconf 71' lang='grc' dir='ltr'>ἃς</span> <span class='ocrx_word' id='word_1_36' title='bbox 1239 588 1294 639; x_wconf 77' lang='grc' dir='ltr'>αἱ</span> <span class='ocrx_word' id='word_1_37' title='bbox 1345 586 1512 654; x_wconf 73' lang='grc' dir='ltr'>ψυχαὶ</span> <span class='ocrx_word' id='word_1_38' title='bbox 1563 587 1670 639; x_wconf 79' lang='grc' dir='ltr'>τῶν</span> <span class='ocrx_word' id='word_1_39' title='bbox 1714 587 1940 640; x_wconf 75' lang='grc' dir='ltr'>δικαίων</span> 
     </span>
    </p>
   </div>
   <div class='ocr_carea' id='block_1_7' title="bbox 363 676 1939 749">
    <p class='ocr_par' dir='ltr' id='par_1_7' title="bbox 363 676 1939 749">
     <span class='ocr_line' id='line_1_7' title="bbox 363 676 1939 749; baseline 0 -19"><span class='ocrx_word' id='word_1_40' title='bbox 363 678 504 749; x_wconf 73' lang='grc' dir='ltr'>μετὰ</span> <span class='ocrx_word' id='word_1_41' title='bbox 558 677 651 729; x_wconf 77' lang='grc' dir='ltr'>τοῦ</span> <span class='ocrx_word' id='word_1_42' title='bbox 705 676 954 745; x_wconf 82' lang='grc' dir='ltr'><strong>Σωτῆρος</strong></span> <span class='ocrx_word' id='word_1_43' title='bbox 993 678 1055 734; x_wconf 80' lang='grc' dir='ltr'>ὲκ</span> <span class='ocrx_word' id='word_1_44' title='bbox 1106 676 1215 729; x_wconf 83' lang='grc' dir='ltr'><strong>τῶν</strong></span> <span class='ocrx_word' id='word_1_45' title='bbox 1267 677 1421 729; x_wconf 83' lang='grc' dir='ltr'>κάτω</span> <span class='ocrx_word' id='word_1_46' title='bbox 1455 676 1669 748; x_wconf 80' lang='grc' dir='ltr'><strong>χωρίων</strong></span> <span class='ocrx_word' id='word_1_47' title='bbox 1712 677 1939 747; x_wconf 73' lang='grc' dir='ltr'>ἐτριψαν</span> 
     </span>
    </p>
   </div>
   <div class='ocr_carea' id='block_1_8' title="bbox 359 768 1941 840">
    <p class='ocr_par' dir='ltr' id='par_1_8' title="bbox 359 768 1941 840">
     <span class='ocr_line' id='line_1_8' title="bbox 359 768 1941 840; baseline -0.001 -16"><span class='ocrx_word' id='word_1_48' title='bbox 359 769 770 824; x_wconf 75' lang='grc' dir='ltr'>ἀναϐαίνουσαι.</span> <span class='ocrx_word' id='word_1_49' title='bbox 822 768 895 820; x_wconf 83' lang='grc' dir='ltr'>Τὸ</span> <span class='ocrx_word' id='word_1_50' title='bbox 938 768 1014 831; x_wconf 81' lang='grc' dir='ltr'><strong>δὲ,</strong></span> <span class='ocrx_word' id='word_1_51' title='bbox 1054 768 1369 838; x_wconf 82' lang='grc' dir='ltr'>Πληρώσεις</span> <span class='ocrx_word' id='word_1_52' title='bbox 1409 787 1475 839; x_wconf 84' lang='grc' dir='ltr'>με</span> <span class='ocrx_word' id='word_1_53' title='bbox 1530 770 1866 840; x_wconf 67' lang='grc' dir='ltr'>εὐφροσύνης</span> <span class='ocrx_word' id='word_1_54' title='bbox 1895 771 1941 801; x_wconf 70' lang='grc'><strong>⁸⁸</strong></span> 
     </span>
    </p>
   </div>
   <div class='ocr_carea' id='block_1_9' title="bbox 365 864 1936 935">
    <p class='ocr_par' dir='ltr' id='par_1_9' title="bbox 365 864 1936 935">
     <span class='ocr_line' id='line_1_9' title="bbox 365 864 1936 935; baseline 0.001 -19"><span class='ocrx_word' id='word_1_55' title='bbox 365 866 502 935; x_wconf 77' lang='grc' dir='ltr'>μετὰ</span> <span class='ocrx_word' id='word_1_56' title='bbox 531 864 623 916; x_wconf 80' lang='grc' dir='ltr'>τοῦ</span> <span class='ocrx_word' id='word_1_57' title='bbox 660 864 955 934; x_wconf 78' lang='grc' dir='ltr'>προσώπου</span> <span class='ocrx_word' id='word_1_58' title='bbox 986 881 1101 925; x_wconf 85' lang='grc' dir='ltr'>σου,</span> <span class='ocrx_word' id='word_1_59' title='bbox 1137 865 1426 934; x_wconf 77' lang='grc' dir='ltr'>πρόσωπον</span> <span class='ocrx_word' id='word_1_60' title='bbox 1458 866 1664 935; x_wconf 79' lang='grc' dir='ltr'>Κυρίου</span> <span class='ocrx_word' id='word_1_61' title='bbox 1698 865 1936 935; x_wconf 85' lang='grc' dir='ltr'>νοητέον,</span> 
     </span>
    </p>
   </div>
   <div class='ocr_carea' id='block_1_10' title="bbox 362 953 1938 1026">
    <p class='ocr_par' dir='ltr' id='par_1_10' title="bbox 362 953 1938 1026">
     <span class='ocr_line' id='line_1_10' title="bbox 362 953 1938 1026; baseline 0.001 -20"><span class='ocrx_word' id='word_1_62' title='bbox 362 955 460 1022; x_wconf 83' lang='grc' dir='ltr'><strong>τὴν</strong></span> <span class='ocrx_word' id='word_1_63' title='bbox 505 953 980 1022; x_wconf 75' lang='grc' dir='ltr'>θεοπρεπεστάτην</span> <span class='ocrx_word' id='word_1_64' title='bbox 1022 953 1362 1021; x_wconf 77' lang='grc' dir='ltr'>θεοφάνειαν,</span> <span class='ocrx_word' id='word_1_65' title='bbox 1406 955 1498 1006; x_wconf 68' lang='grc' dir='ltr'><strong>κα)⁵</strong></span> <span class='ocrx_word' id='word_1_66' title='bbox 1531 957 1630 1024; x_wconf 84' lang='grc' dir='ltr'><strong>τὴν</strong></span> <span class='ocrx_word' id='word_1_67' title='bbox 1664 957 1938 1026; x_wconf 72' lang='grc' dir='ltr'><strong>ἡμετέραν</strong></span> 
     </span>
    </p>
   </div>
   <div class='ocr_carea' id='block_1_11' title="bbox 361 1042 1820 1114">
    <p class='ocr_par' dir='ltr' id='par_1_11' title="bbox 361 1042 1820 1114">
     <span class='ocr_line' id='line_1_11' title="bbox 361 1042 1820 1114; baseline 0.001 -18"><span class='ocrx_word' id='word_1_68' title='bbox 361 1044 687 1114; x_wconf 75' lang='grc' dir='ltr'>ἐπισκοπὴν,</span> <span class='ocrx_word' id='word_1_69' title='bbox 720 1043 787 1113; x_wconf 72' lang='grc' dir='ltr'>ἣν</span> <span class='ocrx_word' id='word_1_70' title='bbox 815 1044 963 1113; x_wconf 72' lang='grc' dir='ltr'><strong>ἡμᾶς</strong></span> <span class='ocrx_word' id='word_1_71' title='bbox 989 1042 1046 1095; x_wconf 75' lang='grc' dir='ltr'>τὸ</span> <span class='ocrx_word' id='word_1_72' title='bbox 1072 1044 1404 1113; x_wconf 78' lang='grc' dir='ltr'><strong>τελειότερον</strong></span> <span class='ocrx_word' id='word_1_73' title='bbox 1433 1045 1820 1114; x_wconf 70' lang='grc' dir='ltr'>ὲπισκέψηται.</span> 
     </span>
    </p>
   </div>
   <div class='ocr_carea' id='block_1_12' title="bbox 360 1135 1799 1208">
    <p class='ocr_par' dir='ltr' id='par_1_12' title="bbox 360 1135 1799 1208">
     <span class='ocr_line' id='line_1_12' title="bbox 360 1135 1799 1208; baseline -0.001 -16"><span class='ocrx_word' id='word_1_74' title='bbox 360 1139 442 1192; x_wconf 85' lang='lat' dir='ltr'><strong>cie</strong></span> <span class='ocrx_word' id='word_1_75' title='bbox 473 1149 583 1200; x_wconf 90' lang='lat' dir='ltr'><strong>tua,</strong></span> <span class='ocrx_word' id='word_1_76' title='bbox 621 1153 714 1206; x_wconf 89' lang='lat' dir='ltr'><strong>per</strong></span> <span class='ocrx_word' id='word_1_77' title='bbox 749 1136 942 1190; x_wconf 79' lang='lat' dir='ltr'><strong>faciem</strong></span> <span class='ocrx_word' id='word_1_78' title='bbox 985 1135 1196 1190; x_wconf 82' lang='lat' dir='ltr'><strong>Domini</strong></span> <span class='ocrx_word' id='word_1_79' title='bbox 1271 1137 1623 1208; x_wconf 78' lang='lat' dir='ltr'><strong>intelligenda</strong></span> <span class='ocrx_word' id='word_1_80' title='bbox 1693 1147 1799 1197; x_wconf 83' lang='lat' dir='ltr'><strong>est.</strong></span> 
     </span>
    </p>
   </div>
   <div class='ocr_carea' id='block_1_13' title="bbox 2041 496 3718 567">
    <p class='ocr_par' dir='ltr' id='par_1_13' title="bbox 2041 496 3718 567">
     <span class='ocr_line' id='line_1_13' title="bbox 2041 496 3718 567; baseline 0.004 -15"><span class='ocrx_word' id='word_1_81' title='bbox 2041 499 2224 552; x_wconf 88' lang='lat' dir='ltr'><strong>animo</strong></span> <span class='ocrx_word' id='word_1_82' title='bbox 2249 499 2336 567; x_wconf 89' lang='lat' dir='ltr'><strong>pio</strong></span> <span class='ocrx_word' id='word_1_83' title='bbox 2365 499 2572 567; x_wconf 63' lang='lat' dir='ltr'><strong>praediti</strong></span> <span class='ocrx_word' id='word_1_84' title='bbox 2608 509 2756 562; x_wconf 91' lang='lat' dir='ltr'><strong>sunt,</strong></span> <span class='ocrx_word' id='word_1_85' title='bbox 2793 515 2916 553; x_wconf 90' lang='lat' dir='ltr'><strong>cum</strong></span> <span class='ocrx_word' id='word_1_86' title='bbox 2952 502 3137 554; x_wconf 88' lang='lat' dir='ltr'><strong>dicunt</strong></span> <span class='ocrx_word' id='word_1_87' title='bbox 3179 517 3398 558; x_wconf 88' lang='lat' dir='ltr'><strong>carnem</strong></span> <span class='ocrx_word' id='word_1_88' title='bbox 3435 521 3620 560; x_wconf 79' lang='lat' dir='ltr'><strong>resnr-</strong></span> <span class='ocrx_word' id='word_1_89' title='bbox 3710 496 3718 503; x_wconf 74' lang='grc'><em>’</em></span> 
     </span>
    </p>
   </div>
   <div class='ocr_carea' id='block_1_14' title="bbox 2043 591 3620 664">
    <p class='ocr_par' dir='ltr' id='par_1_14' title="bbox 2043 591 3620 664">
     <span class='ocr_line' id='line_1_14' title="bbox 2043 591 3620 664; baseline 0.006 -21"><span class='ocrx_word' id='word_1_90' title='bbox 2043 605 2186 659; x_wconf 77' lang='lat' dir='ltr'><strong>gere,</strong></span> <span class='ocrx_word' id='word_1_91' title='bbox 2226 598 2286 642; x_wconf 85' lang='lat' dir='ltr'><strong>ut</strong></span> <span class='ocrx_word' id='word_1_92' title='bbox 2311 591 2382 644; x_wconf 90' lang='lat' dir='ltr'><strong>sit</strong></span> <span class='ocrx_word' id='word_1_93' title='bbox 2408 604 2617 658; x_wconf 90' lang='lat' dir='ltr'><strong>corpus</strong></span> <span class='ocrx_word' id='word_1_94' title='bbox 2659 591 3076 660; x_wconf 89' lang='lat' dir='ltr'><strong>incorruptibile</strong></span> <span class='ocrx_word' id='word_1_95' title='bbox 3115 601 3277 662; x_wconf 90' lang='lat' dir='ltr'><strong>atque</strong></span> <span class='ocrx_word' id='word_1_96' title='bbox 3314 597 3620 664; x_wconf 67' lang='lat' dir='ltr'><strong>spirituale.</strong></span> 
     </span>
    </p>
   </div>
   <div class='ocr_carea' id='block_1_15' title="bbox 2049 679 3624 754">
    <p class='ocr_par' dir='ltr' id='par_1_15' title="bbox 2049 679 3624 754">
     <span class='ocr_line' id='line_1_15' title="bbox 2049 679 3624 754; baseline 0.003 -21"><span class='ocrx_word' id='word_1_97' title='bbox 2049 679 2184 733; x_wconf 81' lang='lat' dir='ltr'><strong>Nam</strong></span> <span class='ocrx_word' id='word_1_98' title='bbox 2217 694 2384 744; x_wconf 65' lang='lat' dir='ltr'><strong>caro,</strong></span> <span class='ocrx_word' id='word_1_99' title='bbox 2401 695 2524 748; x_wconf 86' lang='lat' dir='ltr'><strong>quae</strong></span> <span class='ocrx_word' id='word_1_100' title='bbox 2555 681 2813 749; x_wconf 82' lang='lat' dir='ltr'><strong>resurgit,</strong></span> <span class='ocrx_word' id='word_1_101' title='bbox 2844 689 2967 750; x_wconf 86' lang='lat' dir='ltr'><strong>post</strong></span> <span class='ocrx_word' id='word_1_102' title='bbox 3011 684 3470 739; x_wconf 71' lang='lat' dir='ltr'><strong>resurrectionem</strong></span> <span class='ocrx_word' id='word_1_103' title='bbox 3510 690 3624 754; x_wconf 78' lang='lat' dir='ltr'><strong>spi-</strong></span> 
     </span>
    </p>
   </div>
   <div class='ocr_carea' id='block_1_16' title="bbox 2046 768 3624 838">
    <p class='ocr_par' dir='ltr' id='par_1_16' title="bbox 2046 768 3624 838">
     <span class='ocr_line' id='line_1_16' title="bbox 2046 768 3624 838; baseline 0.004 -16"><span class='ocrx_word' id='word_1_104' title='bbox 2046 771 2244 822; x_wconf 70' lang='lat' dir='ltr'><strong>t&#39;ituale</strong></span> <span class='ocrx_word' id='word_1_105' title='bbox 2271 776 2325 821; x_wconf 81' lang='lat' dir='ltr'><strong>et</strong></span> <span class='ocrx_word' id='word_1_106' title='bbox 2371 768 2788 837; x_wconf 87' lang='lat' dir='ltr'><strong>incorruptibile</strong></span> <span class='ocrx_word' id='word_1_107' title='bbox 2837 783 3040 838; x_wconf 85' lang='lat' dir='ltr'><strong>corpus</strong></span> <span class='ocrx_word' id='word_1_108' title='bbox 3087 773 3322 826; x_wconf 88' lang='lat' dir='ltr'><strong>exsistit.</strong></span> <span class='ocrx_word' id='word_1_109' title='bbox 3363 771 3490 829; x_wconf 86' lang='lat' dir='ltr'><strong>Vias</strong></span> <span class='ocrx_word' id='word_1_110' title='bbox 3525 791 3624 828; x_wconf 81' lang='lat' dir='ltr'><strong>an-</strong></span> 
     </span>
    </p>
   </div>
   <div class='ocr_carea' id='block_1_17' title="bbox 2047 860 3616 929">
    <p class='ocr_par' dir='ltr' id='par_1_17' title="bbox 2047 860 3616 929">
     <span class='ocr_line' id='line_1_17' title="bbox 2047 860 3616 929; baseline 0.004 -17"><span class='ocrx_word' id='word_1_111' title='bbox 2047 869 2153 913; x_wconf 84' lang='lat' dir='ltr'><strong>tem</strong></span> <span class='ocrx_word' id='word_1_112' title='bbox 2188 861 2312 914; x_wconf 68' lang='lat' dir='ltr'><strong>vita:</strong></span> <span class='ocrx_word' id='word_1_113' title='bbox 2371 860 2525 923; x_wconf 80' lang='lat' dir='ltr'><strong>dicit,</strong></span> <span class='ocrx_word' id='word_1_114' title='bbox 2579 876 2717 927; x_wconf 86' lang='lat' dir='ltr'><strong>quas</strong></span> <span class='ocrx_word' id='word_1_115' title='bbox 2777 861 2971 915; x_wconf 62' lang='lat' dir='ltr'><strong>animae</strong></span> <span class='ocrx_word' id='word_1_116' title='bbox 3005 861 3280 929; x_wconf 86' lang='lat' dir='ltr'><strong>jttstorum</strong></span> <span class='ocrx_word' id='word_1_117' title='bbox 3334 879 3439 917; x_wconf 87' lang='lat' dir='ltr'><strong>una</strong></span> <span class='ocrx_word' id='word_1_118' title='bbox 3493 871 3616 920; x_wconf 84' lang='lat' dir='ltr'><strong>cittn</strong></span> 
     </span>
    </p>
   </div>
   <div class='ocr_carea' id='block_1_18' title="bbox 2048 949 3619 1014">
    <p class='ocr_par' dir='ltr' id='par_1_18' title="bbox 2048 949 3619 1014">
     <span class='ocr_line' id='line_1_18' title="bbox 2048 949 3619 1014; baseline 0.005 -8"><span class='ocrx_word' id='word_1_119' title='bbox 2048 952 2344 1006; x_wconf 82' lang='lat' dir='ltr'><strong>Servatore</strong></span> <span class='ocrx_word' id='word_1_120' title='bbox 2398 966 2461 1006; x_wconf 86' lang='lat' dir='ltr'><strong>ex</strong></span> <span class='ocrx_word' id='word_1_121' title='bbox 2506 949 2702 1006; x_wconf 81' lang='lat' dir='ltr'><strong>inferis</strong></span> <span class='ocrx_word' id='word_1_122' title='bbox 2749 952 2884 1006; x_wconf 88' lang='lat' dir='ltr'><strong>locis</strong></span> <span class='ocrx_word' id='word_1_123' title='bbox 2912 953 3274 1007; x_wconf 79' lang='lat' dir='ltr'><strong>ascendentes</strong></span> <span class='ocrx_word' id='word_1_124' title='bbox 3328 956 3619 1014; x_wconf 84' lang='lat' dir='ltr'><strong>triverunt.</strong></span> 
     </span>
    </p>
   </div>
   <div class='ocr_carea' id='block_1_19' title="bbox 2043 1041 3621 1112">
    <p class='ocr_par' dir='ltr' id='par_1_19' title="bbox 2043 1041 3621 1112">
     <span class='ocr_line' id='line_1_19' title="bbox 2043 1041 3621 1112; baseline 0.007 -22"><span class='ocrx_word' id='word_1_125' title='bbox 2043 1043 2311 1097; x_wconf 70' lang='lat' dir='ltr'><strong>Caeterum</strong></span> <span class='ocrx_word' id='word_1_126' title='bbox 2337 1041 2482 1111; x_wconf 87' lang='lat' dir='ltr'><strong>quod</strong></span> <span class='ocrx_word' id='word_1_127' title='bbox 2513 1042 2688 1098; x_wconf 87' lang='lat' dir='ltr'><strong>dicit:</strong></span> <span class='ocrx_word' id='word_1_128' title='bbox 2734 1043 2997 1112; x_wconf 78' lang='lat' dir='ltr'><strong>Replcbis</strong></span> <span class='ocrx_word' id='word_1_129' title='bbox 3039 1059 3124 1098; x_wconf 92' lang='lat' dir='ltr'><strong>me</strong></span> <span class='ocrx_word' id='word_1_130' title='bbox 3161 1045 3345 1098; x_wconf 79' lang='lat' dir='ltr'><strong>laetitia</strong></span> <span class='ocrx_word' id='word_1_131' title='bbox 3382 1062 3504 1103; x_wconf 88' lang='lat' dir='ltr'><strong>cmn</strong></span> <span class='ocrx_word' id='word_1_132' title='bbox 3542 1049 3621 1102; x_wconf 89' lang='lat' dir='ltr'><strong>fa-</strong></span> 
     </span>
    </p>
   </div>
   <div class='ocr_carea' id='block_1_20' title="bbox 1887 1134 3622 1206">
    <p class='ocr_par' dir='ltr' id='par_1_20' title="bbox 1887 1134 3622 1206">
     <span class='ocr_line' id='line_1_20' title="bbox 1887 1134 3622 1206; baseline 0.002 -18"><span class='ocrx_word' id='word_1_133' title='bbox 1887 1136 2128 1190; x_wconf 79' lang='lat' dir='ltr'><strong>divinaut</strong></span> <span class='ocrx_word' id='word_1_134' title='bbox 2179 1136 2523 1204; x_wconf 86' lang='lat' dir='ltr'><strong>majestatem</strong></span> <span class='ocrx_word' id='word_1_135' title='bbox 2577 1134 2828 1188; x_wconf 80' lang='lat' dir='ltr'><strong>maxime</strong></span> <span class='ocrx_word' id='word_1_136' title='bbox 2881 1137 3083 1190; x_wconf 84' lang='lat' dir='ltr'><strong>decens</strong></span> <span class='ocrx_word' id='word_1_137' title='bbox 3145 1138 3417 1206; x_wconf 83' lang='lat' dir='ltr'><strong>apparitio</strong></span> <span class='ocrx_word' id='word_1_138' title='bbox 3501 1141 3622 1198; x_wconf 88' lang='lat' dir='ltr'><strong>Dei.</strong></span> 
     </span>
    </p>
   </div>
   <div class='ocr_carea' id='block_1_21' title="bbox 360 1223 2962 1293">
    <p class='ocr_par' dir='ltr' id='par_1_21' title="bbox 360 1223 2962 1293">
     <span class='ocr_line' id='line_1_21' title="bbox 360 1223 2962 1293; baseline 0 -14"><span class='ocrx_word' id='word_1_139' title='bbox 360 1226 641 1293; x_wconf 85' lang='lat' dir='ltr'><strong>nostrique</strong></span> <span class='ocrx_word' id='word_1_140' title='bbox 677 1223 963 1292; x_wconf 84' lang='lat' dir='ltr'><strong>inspectio,</strong></span> <span class='ocrx_word' id='word_1_141' title='bbox 995 1239 1102 1292; x_wconf 87' lang='lat' dir='ltr'><strong>qua</strong></span> <span class='ocrx_word' id='word_1_142' title='bbox 1131 1239 1229 1278; x_wconf 92' lang='lat' dir='ltr'><strong>nos</strong></span> <span class='ocrx_word' id='word_1_143' title='bbox 1265 1223 1560 1293; x_wconf 78' lang='lat' dir='ltr'><strong>perfectius</strong></span> <span class='ocrx_word' id='word_1_144' title='bbox 1591 1235 1643 1279; x_wconf 90' lang='lat' dir='ltr'><strong>et</strong></span> <span class='ocrx_word' id='word_1_145' title='bbox 1687 1225 1992 1280; x_wconf 84' lang='lat' dir='ltr'><strong>absolutius</strong></span> <span class='ocrx_word' id='word_1_146' title='bbox 2033 1225 2358 1278; x_wconf 81' lang='lat' dir='ltr'><strong>visitaturus</strong></span> <span class='ocrx_word' id='word_1_147' title='bbox 2385 1233 2439 1279; x_wconf 89' lang='lat' dir='ltr'><strong>et</strong></span> <span class='ocrx_word' id='word_1_148' title='bbox 2471 1225 2825 1292; x_wconf 84' lang='lat' dir='ltr'><strong>inspecturus</strong></span> <span class='ocrx_word' id='word_1_149' title='bbox 2858 1236 2962 1280; x_wconf 90' lang='lat' dir='ltr'><strong>est.</strong></span> 
     </span>
    </p>
   </div>
   <div class='ocr_carea' id='block_1_22' title="bbox 436 1314 1944 1386">
    <p class='ocr_par' dir='ltr' id='par_1_22' title="bbox 436 1314 1944 1386">
     <span class='ocr_line' id='line_1_22' title="bbox 436 1314 1944 1386; baseline 0 -17"><span class='ocrx_word' id='word_1_150' title='bbox 436 1315 684 1382; x_wconf 74' lang='grc' dir='ltr'><strong>’Ἄνδρες</strong></span> <span class='ocrx_word' id='word_1_151' title='bbox 713 1315 988 1381; x_wconf 62' lang='grc' dir='ltr'><strong>ἀδελφοὶ,</strong></span> <span class='ocrx_word' id='word_1_152' title='bbox 1018 1314 1159 1377; x_wconf 82' lang='grc' dir='ltr'><em>ἐξὸν</em></span> <span class='ocrx_word' id='word_1_153' title='bbox 1207 1315 1398 1368; x_wconf 73' lang='grc' dir='ltr'><strong>εἰπεῖν</strong></span> <span class='ocrx_word' id='word_1_154' title='bbox 1425 1317 1574 1386; x_wconf 81' lang='grc' dir='ltr'><em>μετὰ</em></span> <span class='ocrx_word' id='word_1_155' title='bbox 1603 1317 1944 1384; x_wconf 76' lang='grc' dir='ltr'>παρῤησιάς</span> 
     </span>
    </p>
   </div>
   <div class='ocr_carea' id='block_1_23' title="bbox 362 1404 1937 1476">
    <p class='ocr_par' dir='ltr' id='par_1_23' title="bbox 362 1404 1937 1476">
     <span class='ocr_line' id='line_1_23' title="bbox 362 1404 1937 1476; baseline -0.001 -14"><span class='ocrx_word' id='word_1_156' title='bbox 362 1409 513 1476; x_wconf 77' lang='grc' dir='ltr'>πρὸς</span> <span class='ocrx_word' id='word_1_157' title='bbox 551 1405 705 1476; x_wconf 82' lang='grc' dir='ltr'><strong>ὑμᾶς</strong></span> <span class='ocrx_word' id='word_1_158' title='bbox 737 1407 870 1474; x_wconf 72' lang='grc' dir='ltr'>περὶ</span> <span class='ocrx_word' id='word_1_159' title='bbox 910 1405 1014 1458; x_wconf 87' lang='grc' dir='ltr'><strong>τοῦ</strong></span> <span class='ocrx_word' id='word_1_160' title='bbox 1051 1404 1421 1473; x_wconf 78' lang='grc' dir='ltr'><strong>πατριάρχου</strong></span> <span class='ocrx_word' id='word_1_161' title='bbox 1467 1407 1668 1469; x_wconf 78' lang='grc' dir='ltr'><strong>Δαυτδ,</strong></span> <span class='ocrx_word' id='word_1_162' title='bbox 1701 1407 1790 1460; x_wconf 83' lang='grc' dir='ltr'>ὅτι</span> <span class='ocrx_word' id='word_1_163' title='bbox 1838 1408 1937 1461; x_wconf 68' lang='grc' dir='ltr'><strong>καί</strong></span> 
     </span>
    </p>
   </div>
   <div class='ocr_carea' id='block_1_24' title="bbox 2118 1315 3618 1390">
    <p class='ocr_par' dir='ltr' id='par_1_24' title="bbox 2118 1315 3618 1390">
     <span class='ocr_line' id='line_1_24' title="bbox 2118 1315 3618 1390; baseline 0.005 -22"><span class='ocrx_word' id='word_1_164' title='bbox 2118 1317 2280 1370; x_wconf 69' lang='lat' dir='ltr'><strong>Vens.</strong></span> <span class='ocrx_word' id='word_1_165' title='bbox 2315 1317 2406 1372; x_wconf 75' lang='lat'><strong>29.</strong></span> <span class='ocrx_word' id='word_1_166' title='bbox 2464 1315 2576 1370; x_wconf 79' lang='lat' dir='ltr'><strong>Viri</strong></span> <span class='ocrx_word' id='word_1_167' title='bbox 2607 1318 2822 1386; x_wconf 82' lang='lat' dir='ltr'><strong>fratres,</strong></span> <span class='ocrx_word' id='word_1_168' title='bbox 2856 1317 3058 1370; x_wconf 87' lang='lat' dir='ltr'><strong>licitum</strong></span> <span class='ocrx_word' id='word_1_169' title='bbox 3087 1319 3156 1370; x_wconf 84' lang='lat' dir='ltr'><strong>sit</strong></span> <span class='ocrx_word' id='word_1_170' title='bbox 3189 1319 3345 1374; x_wconf 83' lang='lat' dir='ltr'><strong>libere</strong></span> <span class='ocrx_word' id='word_1_171' title='bbox 3365 1322 3506 1390; x_wconf 84' lang='lat' dir='ltr'><strong>apud</strong></span> <span class='ocrx_word' id='word_1_172' title='bbox 3533 1340 3618 1377; x_wconf 64' lang='lat' dir='ltr'><strong>res</strong></span> 
     </span>
    </p>
   </div>
   <div class='ocr_carea' id='block_1_25' title="bbox 2046 1407 3614 1477">
    <p class='ocr_par' dir='ltr' id='par_1_25' title="bbox 2046 1407 3614 1477">
     <span class='ocr_line' id='line_1_25' title="bbox 2046 1407 3614 1477; baseline 0.004 -17"><span class='ocrx_word' id='word_1_173' title='bbox 2046 1408 2188 1476; x_wconf 81' lang='lat' dir='ltr'><strong>loqui</strong></span> <span class='ocrx_word' id='word_1_174' title='bbox 2219 1409 2282 1460; x_wconf 79' lang='lat' dir='ltr'><strong>tle</strong></span> <span class='ocrx_word' id='word_1_175' title='bbox 2314 1409 2619 1477; x_wconf 79' lang='lat' dir='ltr'><strong>patriarcha</strong></span> <span class='ocrx_word' id='word_1_176' title='bbox 2655 1408 2872 1462; x_wconf 79' lang='lat' dir='ltr'><strong>Dacide.</strong></span> <span class='ocrx_word' id='word_1_177' title='bbox 2907 1407 3049 1460; x_wconf 88' lang='lat' dir='ltr'><strong>Nam</strong></span> <span class='ocrx_word' id='word_1_178' title='bbox 3089 1417 3138 1460; x_wconf 90' lang='lat' dir='ltr'><strong>et</strong></span> <span class='ocrx_word' id='word_1_179' title='bbox 3169 1420 3402 1465; x_wconf 83' lang='lat' dir='ltr'><strong>mortuus</strong></span> <span class='ocrx_word' id='word_1_180' title='bbox 3452 1423 3500 1464; x_wconf 78' lang='lat' dir='ltr'><strong>et</strong></span> <span class='ocrx_word' id='word_1_181' title='bbox 3534 1430 3614 1466; x_wconf 82' lang='lat' dir='ltr'><strong>se-</strong></span> 
     </span>
    </p>
   </div>
   <div class='ocr_carea' id='block_1_26' title="bbox 363 1495 1946 1572">
    <p class='ocr_par' dir='ltr' id='par_1_26' title="bbox 363 1495 1946 1564">
     <span class='ocr_line' id='line_1_26' title="bbox 363 1495 1946 1564; baseline -0.001 -13"><span class='ocrx_word' id='word_1_182' title='bbox 363 1499 725 1562; x_wconf 71' lang='grc' dir='ltr'><strong>ἐτελεύτησε</strong></span> <span class='ocrx_word' id='word_1_183' title='bbox 743 1495 1072 1563; x_wconf 70' lang='grc' dir='ltr'><strong>καὶὲτὰφηο</strong></span> <span class='ocrx_word' id='word_1_184' title='bbox 1116 1495 1210 1546; x_wconf 77' lang='grc' dir='ltr'>καὶ</span> <span class='ocrx_word' id='word_1_185' title='bbox 1242 1495 1307 1548; x_wconf 81' lang='grc' dir='ltr'>τὸ</span> <span class='ocrx_word' id='word_1_186' title='bbox 1325 1496 1536 1564; x_wconf 75' lang='grc' dir='ltr'>μνῆμα</span> <span class='ocrx_word' id='word_1_187' title='bbox 1565 1498 1750 1551; x_wconf 81' lang='grc' dir='ltr'>αὑτοῦ</span> <span class='ocrx_word' id='word_1_188' title='bbox 1776 1498 1946 1552; x_wconf 83' lang='grc' dir='ltr'>ἐστιν</span> 
     </span>
    </p>
   </div>
   <div class='ocr_carea' id='block_1_27' title="bbox 2049 1495 3618 1572">
    <p class='ocr_par' dir='ltr' id='par_1_27' title="bbox 2049 1498 3618 1572">
     <span class='ocr_line' id='line_1_27' title="bbox 2049 1498 3618 1572; baseline 0.005 -24"><span class='ocrx_word' id='word_1_189' title='bbox 2049 1499 2220 1563; x_wconf 78' lang='lat' dir='ltr'><strong>pullus</strong></span> <span class='ocrx_word' id='word_1_190' title='bbox 2243 1509 2344 1561; x_wconf 83' lang='lat' dir='ltr'><strong>est,</strong></span> <span class='ocrx_word' id='word_1_191' title='bbox 2384 1509 2432 1552; x_wconf 88' lang='lat' dir='ltr'><strong>et</strong></span> <span class='ocrx_word' id='word_1_192' title='bbox 2461 1508 2854 1554; x_wconf 82' lang='lat' dir='ltr'><strong>monumentum</strong></span> <span class='ocrx_word' id='word_1_193' title='bbox 2880 1498 3024 1552; x_wconf 81' lang='lat' dir='ltr'><strong>illius</strong></span> <span class='ocrx_word' id='word_1_194' title='bbox 3054 1500 3196 1567; x_wconf 85' lang='lat' dir='ltr'><strong>apud</strong></span> <span class='ocrx_word' id='word_1_195' title='bbox 3223 1518 3315 1554; x_wconf 82' lang='lat' dir='ltr'><strong>nos</strong></span> <span class='ocrx_word' id='word_1_196' title='bbox 3351 1511 3425 1555; x_wconf 83' lang='lat' dir='ltr'><strong>est</strong></span> <span class='ocrx_word' id='word_1_197' title='bbox 3459 1520 3618 1572; x_wconf 78' lang='lat' dir='ltr'><strong>usque</strong></span> 
     </span>
    </p>
   </div>
   <div class='ocr_carea' id='block_1_28' title="bbox 365 1587 1495 1657">
    <p class='ocr_par' dir='ltr' id='par_1_28' title="bbox 365 1587 1495 1657">
     <span class='ocr_line' id='line_1_28' title="bbox 365 1587 1495 1657; baseline -0.002 -14"><span class='ocrx_word' id='word_1_198' title='bbox 365 1591 436 1643; x_wconf 83' lang='grc' dir='ltr'><strong>ἐν</strong></span> <span class='ocrx_word' id='word_1_199' title='bbox 477 1589 637 1657; x_wconf 73' lang='grc' dir='ltr'><strong>ἡμῖν,</strong></span> <span class='ocrx_word' id='word_1_200' title='bbox 668 1588 806 1656; x_wconf 70' lang='grc' dir='ltr'>ἄχρι</span> <span class='ocrx_word' id='word_1_201' title='bbox 838 1587 949 1655; x_wconf 81' lang='grc' dir='ltr'><strong>τῆς</strong></span> <span class='ocrx_word' id='word_1_202' title='bbox 985 1587 1210 1656; x_wconf 79' lang='grc' dir='ltr'>ἡμέρας</span> <span class='ocrx_word' id='word_1_203' title='bbox 1248 1589 1495 1653; x_wconf 78' lang='grc' dir='ltr'><strong>ταύτης.</strong></span> 
     </span>
    </p>
   </div>
   <div class='ocr_carea' id='block_1_29' title="bbox 437 1674 2016 1776">
    <p class='ocr_par' dir='ltr' id='par_1_29' title="bbox 437 1674 2016 1776">
     <span class='ocr_line' id='line_1_29' title="bbox 437 1674 2016 1776; baseline -0.001 -43"><span class='ocrx_word' id='word_1_204' title='bbox 437 1679 755 1748; x_wconf 60' lang='grc' dir='ltr'><strong>Προφήτης</strong></span> <span class='ocrx_word' id='word_1_205' title='bbox 795 1674 908 1732; x_wconf 83' lang='grc' dir='ltr'><strong>οὖν</strong></span> <span class='ocrx_word' id='word_1_206' title='bbox 949 1678 1261 1747; x_wconf 76' lang='grc' dir='ltr'><strong>ὑπάρχων,</strong></span> <span class='ocrx_word' id='word_1_207' title='bbox 1297 1679 1394 1734; x_wconf 77' lang='grc' dir='ltr'><strong>καί</strong></span> <span class='ocrx_word' id='word_1_208' title='bbox 1445 1677 1615 1743; x_wconf 76' lang='grc' dir='ltr'><em>εἰδὼς</em></span> <span class='ocrx_word' id='word_1_209' title='bbox 1662 1679 1750 1731; x_wconf 80' lang='grc' dir='ltr'>ὅτι</span> <span class='ocrx_word' id='word_1_210' title='bbox 1789 1679 1946 1746; x_wconf 76' lang='grc' dir='ltr'>ὅρκῳ</span> <span class='ocrx_word' id='word_1_211' title='bbox 1976 1721 2016 1776; x_wconf 74' lang='grc' dir='ltr'>Β</span> 
     </span>
    </p>
   </div>
   <div class='ocr_carea' id='block_1_30' title="bbox 367 1769 1941 1841">
    <p class='ocr_par' dir='ltr' id='par_1_30' title="bbox 367 1769 1941 1841">
     <span class='ocr_line' id='line_1_30' title="bbox 367 1769 1941 1841; baseline -0.001 -16"><span class='ocrx_word' id='word_1_212' title='bbox 367 1773 603 1841; x_wconf 73' lang='grc' dir='ltr'><em>ὤμοσεν</em></span> <span class='ocrx_word' id='word_1_213' title='bbox 624 1771 672 1802; x_wconf 74' lang='grc'><strong>⁸⁸</strong></span> <span class='ocrx_word' id='word_1_214' title='bbox 723 1770 882 1834; x_wconf 82' lang='grc' dir='ltr'><strong>αὑτῷ</strong></span> <span class='ocrx_word' id='word_1_215' title='bbox 913 1773 945 1824; x_wconf 83' lang='grc' dir='ltr'><strong>ό</strong></span> <span class='ocrx_word' id='word_1_216' title='bbox 977 1773 1141 1835; x_wconf 83' lang='grc' dir='ltr'><strong>Θεὸς,</strong></span> <span class='ocrx_word' id='word_1_217' title='bbox 1171 1770 1238 1822; x_wconf 85' lang='grc' dir='ltr'>ἐκ</span> <span class='ocrx_word' id='word_1_218' title='bbox 1280 1769 1510 1836; x_wconf 76' lang='grc' dir='ltr'>καρποῦ</span> <span class='ocrx_word' id='word_1_219' title='bbox 1558 1769 1660 1837; x_wconf 75' lang='grc' dir='ltr'><strong>τῆς</strong></span> <span class='ocrx_word' id='word_1_220' title='bbox 1711 1770 1941 1838; x_wconf 73' lang='grc' dir='ltr'><em>ὀσφύος</em></span> 
     </span>
    </p>
   </div>
   <div class='ocr_carea' id='block_1_31' title="bbox 362 1859 1938 1929">
    <p class='ocr_par' dir='ltr' id='par_1_31' title="bbox 362 1859 1938 1929">
     <span class='ocr_line' id='line_1_31' title="bbox 362 1859 1938 1929; baseline -0.002 -14"><span class='ocrx_word' id='word_1_221' title='bbox 362 1863 571 1926; x_wconf 66' lang='grc' dir='ltr'>αὑτοῦ,</span> <span class='ocrx_word' id='word_1_222' title='bbox 601 1863 668 1914; x_wconf 82' lang='grc' dir='ltr'>τὸ</span> <span class='ocrx_word' id='word_1_223' title='bbox 704 1861 853 1914; x_wconf 77' lang='grc' dir='ltr'>κατὰ</span> <span class='ocrx_word' id='word_1_224' title='bbox 878 1862 1094 1929; x_wconf 79' lang='grc' dir='ltr'>σάρκα,</span> <span class='ocrx_word' id='word_1_225' title='bbox 1125 1859 1501 1926; x_wconf 74' lang='grc' dir='ltr'><strong>ἀναστήσειν</strong></span> <span class='ocrx_word' id='word_1_226' title='bbox 1531 1863 1634 1913; x_wconf 76' lang='grc' dir='ltr'>τὸν</span> <span class='ocrx_word' id='word_1_227' title='bbox 1660 1860 1938 1928; x_wconf 80' lang='grc' dir='ltr'>Χριστὸν,</span> 
     </span>
    </p>
   </div>
   <div class='ocr_carea' id='block_1_32' title="bbox 364 1950 1299 2020">
    <p class='ocr_par' dir='ltr' id='par_1_32' title="bbox 364 1950 1299 2020">
     <span class='ocr_line' id='line_1_32' title="bbox 364 1950 1299 2020; baseline -0.003 -14"><span class='ocrx_word' id='word_1_228' title='bbox 364 1953 605 2006; x_wconf 81' lang='grc' dir='ltr'><strong>καθίσαι</strong></span> <span class='ocrx_word' id='word_1_229' title='bbox 641 1951 738 2004; x_wconf 81' lang='grc' dir='ltr'><strong>ἐπὶ</strong></span> <span class='ocrx_word' id='word_1_230' title='bbox 781 1951 996 2020; x_wconf 79' lang='grc' dir='ltr'><strong>θρόνου</strong></span> <span class='ocrx_word' id='word_1_231' title='bbox 1021 1951 1064 1981; x_wconf 67' lang='grc'>⁸⁷</span> <span class='ocrx_word' id='word_1_232' title='bbox 1091 1950 1299 2016; x_wconf 84' lang='grc' dir='ltr'>αὑτοῦ,</span> 
     </span>
    </p>
   </div>
   <div class='ocr_carea' id='block_1_33' title="bbox 437 2041 1939 2110">
    <p class='ocr_par' dir='ltr' id='par_1_33' title="bbox 437 2041 1939 2110">
     <span class='ocr_line' id='line_1_33' title="bbox 437 2041 1939 2110; baseline -0.001 -14"><span class='ocrx_word' id='word_1_233' title='bbox 437 2043 705 2110; x_wconf 64' lang='grc' dir='ltr'><strong>Προιῢὼν</strong></span> <span class='ocrx_word' id='word_1_234' title='bbox 751 2043 1022 2110; x_wconf 77' lang='grc' dir='ltr'><strong>ἑλάλησε</strong></span> <span class='ocrx_word' id='word_1_235' title='bbox 1071 2043 1200 2110; x_wconf 78' lang='grc' dir='ltr'>περὶ</span> <span class='ocrx_word' id='word_1_236' title='bbox 1250 2042 1360 2110; x_wconf 82' lang='grc' dir='ltr'><strong>τῆς</strong></span> <span class='ocrx_word' id='word_1_237' title='bbox 1395 2044 1786 2106; x_wconf 77' lang='grc' dir='ltr'><strong>ἀναστάσεως</strong></span> <span class='ocrx_word' id='word_1_238' title='bbox 1833 2041 1939 2095; x_wconf 82' lang='grc' dir='ltr'><strong>τοῦ</strong></span> 
     </span>
    </p>
   </div>
   <div class='ocr_carea' id='block_1_34' title="bbox 365 2133 1940 2204">
    <p class='ocr_par' dir='ltr' id='par_1_34' title="bbox 365 2133 1940 2204">
     <span class='ocr_line' id='line_1_34' title="bbox 365 2133 1940 2204; baseline -0.001 -15"><span class='ocrx_word' id='word_1_239' title='bbox 365 2135 644 2204; x_wconf 73' lang='grc' dir='ltr'>Χριστοῦ,</span> <span class='ocrx_word' id='word_1_240' title='bbox 695 2135 784 2188; x_wconf 86' lang='grc' dir='ltr'>ὅτι</span> <span class='ocrx_word' id='word_1_241' title='bbox 833 2137 944 2189; x_wconf 81' lang='grc' dir='ltr'><strong>οὐκ</strong></span> <span class='ocrx_word' id='word_1_242' title='bbox 989 2135 1416 2203; x_wconf 69' lang='grc' dir='ltr'><strong>ἐγκατελείφθη</strong></span> <span class='ocrx_word' id='word_1_243' title='bbox 1458 2135 1496 2202; x_wconf 77' lang='grc' dir='ltr'>ἡ</span> <span class='ocrx_word' id='word_1_244' title='bbox 1539 2135 1708 2202; x_wconf 72' lang='grc' dir='ltr'><strong>ψυχὴ</strong></span> <span class='ocrx_word' id='word_1_245' title='bbox 1753 2133 1940 2188; x_wconf 79' lang='grc' dir='ltr'>αὐτοῦ</span> 
     </span>
    </p>
   </div>
   <div class='ocr_carea' id='block_1_35' title="bbox 366 2221 1832 2294">
    <p class='ocr_par' dir='ltr' id='par_1_35' title="bbox 366 2221 1832 2294">
     <span class='ocr_line' id='line_1_35' title="bbox 366 2221 1832 2294; baseline -0.001 -14"><span class='ocrx_word' id='word_1_246' title='bbox 366 2232 456 2292; x_wconf 76' lang='grc' dir='ltr'><strong>εἰς</strong></span> <span class='ocrx_word' id='word_1_247' title='bbox 480 2227 649 2294; x_wconf 78' lang='grc' dir='ltr'>ᾅδου,</span> <span class='ocrx_word' id='word_1_248' title='bbox 685 2226 826 2280; x_wconf 79' lang='grc' dir='ltr'><strong>οὐδὲ</strong></span> <span class='ocrx_word' id='word_1_249' title='bbox 857 2227 895 2294; x_wconf 74' lang='grc' dir='ltr'><strong><em>ἡ</em></strong></span> <span class='ocrx_word' id='word_1_250' title='bbox 929 2225 1084 2294; x_wconf 77' lang='grc' dir='ltr'><strong>σὰρξ</strong></span> <span class='ocrx_word' id='word_1_251' title='bbox 1110 2225 1296 2279; x_wconf 79' lang='grc' dir='ltr'>αὐτοῦ</span> <span class='ocrx_word' id='word_1_252' title='bbox 1325 2221 1449 2278; x_wconf 83' lang='grc' dir='ltr'><strong>εἶδε</strong></span> <span class='ocrx_word' id='word_1_253' title='bbox 1482 2223 1832 2294; x_wconf 69' lang='grc' dir='ltr'>διαφθοράν.</span> 
     </span>
    </p>
   </div>
   <div class='ocr_carea' id='block_1_36' title="bbox 442 2315 1938 2390">
    <p class='ocr_par' dir='ltr' id='par_1_36' title="bbox 442 2315 1938 2390">
     <span class='ocr_line' id='line_1_36' title="bbox 442 2315 1938 2390; baseline 0.001 -20"><span class='ocrx_word' id='word_1_254' title='bbox 442 2317 743 2390; x_wconf 80' lang='grc' dir='ltr'>Πληρώσας</span> <span class='ocrx_word' id='word_1_255' title='bbox 799 2317 899 2386; x_wconf 76' lang='grc' dir='ltr'>τὴν</span> <span class='ocrx_word' id='word_1_256' title='bbox 949 2315 1041 2369; x_wconf 79' lang='grc' dir='ltr'>τοῦ</span> <span class='ocrx_word' id='word_1_257' title='bbox 1106 2315 1269 2368; x_wconf 81' lang='grc' dir='ltr'><strong>Δαυῖδ</strong></span> <span class='ocrx_word' id='word_1_258' title='bbox 1324 2317 1653 2388; x_wconf 79' lang='grc' dir='ltr'><strong>μαρτυρίαν,</strong></span> <span class='ocrx_word' id='word_1_259' title='bbox 1702 2317 1938 2386; x_wconf 65' lang='grc' dir='ltr'>ἐπάγειθ</span> 
     </span>
    </p>
   </div>
   <div class='ocr_carea' id='block_1_37' title="bbox 374 2407 1940 2480">
    <p class='ocr_par' dir='ltr' id='par_1_37' title="bbox 374 2407 1940 2480">
     <span class='ocr_line' id='line_1_37' title="bbox 374 2407 1940 2480; baseline 0 -18"><span class='ocrx_word' id='word_1_260' title='bbox 374 2408 598 2480; x_wconf 71' lang='grc' dir='ltr'>Ἄνδρες</span> <span class='ocrx_word' id='word_1_261' title='bbox 652 2407 890 2474; x_wconf 81' lang='grc' dir='ltr'><strong>ἀδελφοί.</strong></span> <span class='ocrx_word' id='word_1_262' title='bbox 945 2407 1112 2460; x_wconf 89' lang='grc' dir='ltr'>Ὅταν</span> <span class='ocrx_word' id='word_1_263' title='bbox 1146 2407 1314 2478; x_wconf 80' lang='grc' dir='ltr'><strong>μέλλῃ</strong></span> <span class='ocrx_word' id='word_1_264' title='bbox 1342 2407 1388 2439; x_wconf 72' lang='grc'><strong>⁸⁸</strong></span> <span class='ocrx_word' id='word_1_265' title='bbox 1441 2424 1494 2460; x_wconf 87' lang='grc' dir='ltr'><strong>τι</strong></span> <span class='ocrx_word' id='word_1_266' title='bbox 1542 2408 1720 2476; x_wconf 81' lang='grc' dir='ltr'>λέγειν</span> <span class='ocrx_word' id='word_1_267' title='bbox 1775 2409 1940 2478; x_wconf 82' lang='grc' dir='ltr'>μέγα,</span> 
     </span>
    </p>
   </div>
   <div class='ocr_carea' id='block_1_38' title="bbox 367 2498 1942 2572">
    <p class='ocr_par' dir='ltr' id='par_1_38' title="bbox 367 2498 1942 2572">
     <span class='ocr_line' id='line_1_38' title="bbox 367 2498 1942 2572; baseline -0.002 -18"><span class='ocrx_word' id='word_1_268' title='bbox 367 2502 539 2572; x_wconf 72' lang='grc' dir='ltr'>τούτῳ</span> <span class='ocrx_word' id='word_1_269' title='bbox 565 2502 828 2572; x_wconf 81' lang='grc' dir='ltr'>κέχρηται</span> <span class='ocrx_word' id='word_1_270' title='bbox 859 2498 936 2570; x_wconf 80' lang='grc' dir='ltr'>τῷ</span> <span class='ocrx_word' id='word_1_271' title='bbox 969 2500 1262 2568; x_wconf 80' lang='grc' dir='ltr'>προοιμίῳ,</span> <span class='ocrx_word' id='word_1_272' title='bbox 1292 2500 1572 2568; x_wconf 81' lang='grc' dir='ltr'><strong>διεγείρων</strong></span> <span class='ocrx_word' id='word_1_273' title='bbox 1602 2500 1802 2563; x_wconf 74' lang='grc' dir='ltr'>αὐτοὺς</span> <span class='ocrx_word' id='word_1_274' title='bbox 1847 2501 1942 2554; x_wconf 72' lang='grc' dir='ltr'><strong>καὶ</strong></span> 
     </span>
    </p>
   </div>
   <div class='ocr_carea' id='block_1_39' title="bbox 366 2591 1943 2665">
    <p class='ocr_par' dir='ltr' id='par_1_39' title="bbox 366 2591 1943 2665">
     <span class='ocr_line' id='line_1_39' title="bbox 366 2591 1943 2665; baseline -0.004 -19"><span class='ocrx_word' id='word_1_275' title='bbox 366 2593 737 2664; x_wconf 72' lang='grc' dir='ltr'><strong>οἰκειούμενος</strong></span> <span class='ocrx_word' id='word_1_276' title='bbox 761 2609 776 2625; x_wconf 73' lang='grc'><strong><em>⁸</em></strong></span> <span class='ocrx_word' id='word_1_277' title='bbox 811 2593 938 2644; x_wconf 75' lang='grc' dir='ltr'>ἔνθα</span> <span class='ocrx_word' id='word_1_278' title='bbox 968 2592 1024 2645; x_wconf 82' lang='grc' dir='ltr'><strong>δὲ</strong></span> <span class='ocrx_word' id='word_1_279' title='bbox 1051 2591 1202 2644; x_wconf 75' lang='grc' dir='ltr'>οὐδὲν</span> <span class='ocrx_word' id='word_1_280' title='bbox 1246 2592 1502 2656; x_wconf 74' lang='grc' dir='ltr'>ἔϐλαπτε,</span> <span class='ocrx_word' id='word_1_281' title='bbox 1534 2592 1702 2662; x_wconf 81' lang='grc' dir='ltr'>πολλῇ</span> <span class='ocrx_word' id='word_1_282' title='bbox 1738 2591 1943 2665; x_wconf 75' lang='grc' dir='ltr'><strong>κέχρηο</strong></span> 
     </span>
    </p>
   </div>
   <div class='ocr_carea' id='block_1_40' title="bbox 366 2679 1941 2755">
    <p class='ocr_par' dir='ltr' id='par_1_40' title="bbox 366 2679 1941 2755">
     <span class='ocr_line' id='line_1_40' title="bbox 366 2679 1941 2755; baseline -0.002 -18"><span class='ocrx_word' id='word_1_283' title='bbox 366 2701 458 2738; x_wconf 83' lang='grc' dir='ltr'><strong>ται</strong></span> <span class='ocrx_word' id='word_1_284' title='bbox 486 2689 550 2753; x_wconf 75' lang='grc' dir='ltr'>τῇ</span> <span class='ocrx_word' id='word_1_285' title='bbox 587 2682 1042 2755; x_wconf 75' lang='grc' dir='ltr'>μετριοφροσύνῃ.</span> <span class='ocrx_word' id='word_1_286' title='bbox 1082 2682 1143 2737; x_wconf 77' lang='lat' dir='ltr'><strong>El</strong></span> <span class='ocrx_word' id='word_1_287' title='bbox 1190 2683 1297 2753; x_wconf 77' lang='grc' dir='ltr'>γὰρ</span> <span class='ocrx_word' id='word_1_288' title='bbox 1345 2679 1496 2736; x_wconf 76' lang='grc' dir='ltr'>εἶπεν</span> <span class='ocrx_word' id='word_1_289' title='bbox 1543 2682 1718 2746; x_wconf 82' lang='grc' dir='ltr'>οὕτως</span> <span class='ocrx_word' id='word_1_290' title='bbox 1753 2682 1941 2745; x_wconf 80' lang='grc' dir='ltr'>ἁπλῶς</span> 
     </span>
    </p>
   </div>
   <div class='ocr_carea' id='block_1_41' title="bbox 365 2773 1943 2846">
    <p class='ocr_par' dir='ltr' id='par_1_41' title="bbox 365 2773 1943 2846">
     <span class='ocr_line' id='line_1_41' title="bbox 365 2773 1943 2846; baseline -0.001 -17"><span class='ocrx_word' id='word_1_291' title='bbox 365 2778 448 2830; x_wconf 76' lang='grc' dir='ltr'>ὅτι</span> <span class='ocrx_word' id='word_1_292' title='bbox 491 2775 677 2829; x_wconf 80' lang='grc' dir='ltr'>Ταῦτα</span> <span class='ocrx_word' id='word_1_293' title='bbox 729 2775 944 2846; x_wconf 75' lang='grc' dir='ltr'>εἴρηται</span> <span class='ocrx_word' id='word_1_294' title='bbox 1000 2775 1149 2844; x_wconf 67' lang='grc' dir='ltr'>παρὰ</span> <span class='ocrx_word' id='word_1_295' title='bbox 1174 2774 1220 2808; x_wconf 65' lang='grc'>⁸⁸</span> <span class='ocrx_word' id='word_1_296' title='bbox 1250 2773 1341 2827; x_wconf 83' lang='grc' dir='ltr'>τοῦ</span> <span class='ocrx_word' id='word_1_297' title='bbox 1388 2776 1571 2839; x_wconf 78' lang='grc' dir='ltr'><strong>Δαυῖδ,</strong></span> <span class='ocrx_word' id='word_1_298' title='bbox 1620 2778 1825 2846; x_wconf 82' lang='grc' dir='ltr'>τραχὺς</span> <span class='ocrx_word' id='word_1_299' title='bbox 1874 2776 1943 2830; x_wconf 70' lang='grc' dir='ltr'>ἂν</span> 
     </span>
    </p>
   </div>
   <div class='ocr_carea' id='block_1_42' title="bbox 370 2865 1943 2937">
    <p class='ocr_par' dir='ltr' id='par_1_42' title="bbox 370 2865 1943 2937">
     <span class='ocr_line' id='line_1_42' title="bbox 370 2865 1943 2937; baseline -0.001 -17"><span class='ocrx_word' id='word_1_300' title='bbox 370 2867 516 2934; x_wconf 78' lang='grc' dir='ltr'>εδοξε</span> <span class='ocrx_word' id='word_1_301' title='bbox 549 2867 643 2920; x_wconf 80' lang='grc' dir='ltr'><strong>καὶ</strong></span> <span class='ocrx_word' id='word_1_302' title='bbox 687 2869 767 2929; x_wconf 80' lang='grc' dir='ltr'>εἰς</span> <span class='ocrx_word' id='word_1_303' title='bbox 799 2867 970 2936; x_wconf 82' lang='grc' dir='ltr'>ὀργὴν</span> <span class='ocrx_word' id='word_1_304' title='bbox 1003 2865 1200 2929; x_wconf 79' lang='grc' dir='ltr'>αὐτοὺς</span> <span class='ocrx_word' id='word_1_305' title='bbox 1231 2865 1521 2928; x_wconf 80' lang='grc' dir='ltr'><strong>ἀνακινῶν,</strong></span> <span class='ocrx_word' id='word_1_306' title='bbox 1567 2867 1600 2936; x_wconf 75' lang='grc' dir='ltr'><strong>ἢ</strong></span> <span class='ocrx_word' id='word_1_307' title='bbox 1632 2867 1943 2937; x_wconf 78' lang='grc' dir='ltr'>πειθηνίους</span> 
     </span>
    </p>
   </div>
   <div class='ocr_carea' id='block_1_43' title="bbox 366 2955 1935 3028">
    <p class='ocr_par' dir='ltr' id='par_1_43' title="bbox 366 2955 1935 3028">
     <span class='ocr_line' id='line_1_43' title="bbox 366 2955 1935 3028; baseline -0.001 -17"><span class='ocrx_word' id='word_1_308' title='bbox 366 2961 562 3012; x_wconf 83' lang='grc' dir='ltr'>ποιῶν.</span> <span class='ocrx_word' id='word_1_309' title='bbox 597 2959 675 3028; x_wconf 80' lang='grc' dir='ltr'><strong>Τῇ</strong></span> <span class='ocrx_word' id='word_1_310' title='bbox 700 2958 756 3009; x_wconf 85' lang='grc' dir='ltr'>δὲ</span> <span class='ocrx_word' id='word_1_311' title='bbox 785 2957 953 3028; x_wconf 85' lang='grc' dir='ltr'>πολλῇ</span> <span class='ocrx_word' id='word_1_312' title='bbox 998 2957 1128 3024; x_wconf 77' lang='grc' dir='ltr'>περὶ</span> <span class='ocrx_word' id='word_1_313' title='bbox 1163 2955 1254 3009; x_wconf 76' lang='grc' dir='ltr'>τὸν</span> <span class='ocrx_word' id='word_1_314' title='bbox 1285 2957 1557 3028; x_wconf 85' lang='grc' dir='ltr'>μακάριον</span> <span class='ocrx_word' id='word_1_315' title='bbox 1584 2958 1748 3011; x_wconf 80' lang='grc' dir='ltr'>Δαυῒδ</span> <span class='ocrx_word' id='word_1_316' title='bbox 1783 2961 1935 3028; x_wconf 81' lang='grc' dir='ltr'>τιμῇ.</span> 
     </span>
    </p>
   </div>
   <div class='ocr_carea' id='block_1_44' title="bbox 2046 1589 2478 1642">
    <p class='ocr_par' dir='ltr' id='par_1_44' title="bbox 2046 1589 2478 1642">
     <span class='ocr_line' id='line_1_44' title="bbox 2046 1589 2478 1642; baseline 0.002 -1"><span class='ocrx_word' id='word_1_317' title='bbox 2046 1589 2113 1641; x_wconf 85' lang='lat' dir='ltr'><strong>ad</strong></span> <span class='ocrx_word' id='word_1_318' title='bbox 2149 1591 2286 1642; x_wconf 79' lang='lat' dir='ltr'><strong>hunc</strong></span> <span class='ocrx_word' id='word_1_319' title='bbox 2319 1590 2478 1642; x_wconf 85' lang='lat' dir='ltr'><strong>diem.</strong></span> 
     </span>
    </p>
   </div>
   <div class='ocr_carea' id='block_1_45' title="bbox 2121 1678 3614 1748">
    <p class='ocr_par' dir='ltr' id='par_1_45' title="bbox 2121 1678 3614 1748">
     <span class='ocr_line' id='line_1_45' title="bbox 2121 1678 3614 1748; baseline 0.005 -19"><span class='ocrx_word' id='word_1_320' title='bbox 2121 1679 2284 1732; x_wconf 68' lang='lat' dir='ltr'><strong>Vens.</strong></span> <span class='ocrx_word' id='word_1_321' title='bbox 2310 1679 2398 1732; x_wconf 80' lang='grc'><strong>50.</strong></span> <span class='ocrx_word' id='word_1_322' title='bbox 2441 1678 2569 1732; x_wconf 86' lang='lat' dir='ltr'><strong>Cum</strong></span> <span class='ocrx_word' id='word_1_323' title='bbox 2611 1680 2774 1747; x_wconf 85' lang='lat' dir='ltr'><strong>igitur</strong></span> <span class='ocrx_word' id='word_1_324' title='bbox 2806 1679 3057 1748; x_wconf 79' lang='lat' dir='ltr'><strong>propheta</strong></span> <span class='ocrx_word' id='word_1_325' title='bbox 3109 1691 3267 1744; x_wconf 88' lang='lat' dir='ltr'><strong>esset,</strong></span> <span class='ocrx_word' id='word_1_326' title='bbox 3326 1699 3386 1734; x_wconf 87' lang='lat' dir='ltr'><strong>ac</strong></span> <span class='ocrx_word' id='word_1_327' title='bbox 3437 1685 3614 1746; x_wconf 84' lang='lat' dir='ltr'><strong>sciret,</strong></span> 
     </span>
    </p>
   </div>
   <div class='ocr_carea' id='block_1_46' title="bbox 2045 1769 3614 1838">
    <p class='ocr_par' dir='ltr' id='par_1_46' title="bbox 2045 1769 3614 1838">
     <span class='ocr_line' id='line_1_46' title="bbox 2045 1769 3614 1838; baseline 0.003 -18"><span class='ocrx_word' id='word_1_328' title='bbox 2045 1771 2182 1837; x_wconf 78' lang='lat' dir='ltr'><strong>quod</strong></span> <span class='ocrx_word' id='word_1_329' title='bbox 2229 1771 2362 1822; x_wconf 87' lang='lat' dir='ltr'><strong>Deus</strong></span> <span class='ocrx_word' id='word_1_330' title='bbox 2410 1769 2511 1822; x_wconf 78' lang='lat' dir='ltr'><strong>sibi</strong></span> <span class='ocrx_word' id='word_1_331' title='bbox 2552 1769 2909 1836; x_wconf 81' lang='lat' dir='ltr'><strong>jurejurando</strong></span> <span class='ocrx_word' id='word_1_332' title='bbox 2961 1769 3292 1838; x_wconf 73' lang='lat' dir='ltr'><strong>aﬁirmasset,</strong></span> <span class='ocrx_word' id='word_1_333' title='bbox 3323 1772 3434 1838; x_wconf 76' lang='lat' dir='ltr'><strong>[ore</strong></span> <span class='ocrx_word' id='word_1_334' title='bbox 3469 1783 3522 1824; x_wconf 88' lang='lat' dir='ltr'><strong>ut</strong></span> <span class='ocrx_word' id='word_1_335' title='bbox 3551 1775 3614 1826; x_wconf 91' lang='lat' dir='ltr'><strong>de</strong></span> 
     </span>
    </p>
   </div>
   <div class='ocr_carea' id='block_1_47' title="bbox 2043 1859 3611 1928">
    <p class='ocr_par' dir='ltr' id='par_1_47' title="bbox 2043 1859 3611 1928">
     <span class='ocr_line' id='line_1_47' title="bbox 2043 1859 3611 1928; baseline 0.003 -17"><span class='ocrx_word' id='word_1_336' title='bbox 2043 1861 2222 1928; x_wconf 77' lang='lat' dir='ltr'><strong>{ructu</strong></span> <span class='ocrx_word' id='word_1_337' title='bbox 2255 1860 2551 1912; x_wconf 72' lang='lat' dir='ltr'><strong>(intiborum</strong></span> <span class='ocrx_word' id='word_1_338' title='bbox 2589 1859 2728 1928; x_wconf 87' lang='lat' dir='ltr'><strong>ejus,</strong></span> <span class='ocrx_word' id='word_1_339' title='bbox 2763 1860 2902 1928; x_wconf 88' lang='lat' dir='ltr'><strong>quod</strong></span> <span class='ocrx_word' id='word_1_340' title='bbox 2927 1861 3117 1914; x_wconf 72' lang='lat' dir='ltr'><strong>at.inet</strong></span> <span class='ocrx_word' id='word_1_341' title='bbox 3147 1861 3216 1913; x_wconf 86' lang='lat' dir='ltr'><strong>ad</strong></span> <span class='ocrx_word' id='word_1_342' title='bbox 3255 1876 3485 1925; x_wconf 77' lang='lat' dir='ltr'><strong>carnem,</strong></span> <span class='ocrx_word' id='word_1_343' title='bbox 3520 1878 3611 1915; x_wconf 76' lang='lat' dir='ltr'><strong>ex—</strong></span> 
     </span>
    </p>
   </div>
   <div class='ocr_carea' id='block_1_48' title="bbox 2045 1951 3356 2019">
    <p class='ocr_par' dir='ltr' id='par_1_48' title="bbox 2045 1951 3356 2019">
     <span class='ocr_line' id='line_1_48' title="bbox 2045 1951 3356 2019; baseline 0.001 -13"><span class='ocrx_word' id='word_1_344' title='bbox 2045 1953 2239 2006; x_wconf 76' lang='lat' dir='ltr'><strong>citaret</strong></span> <span class='ocrx_word' id='word_1_345' title='bbox 2278 1951 2572 2012; x_wconf 86' lang='lat' dir='ltr'><strong>Christum,</strong></span> <span class='ocrx_word' id='word_1_346' title='bbox 2602 1951 2692 2018; x_wconf 85' lang='lat' dir='ltr'><strong>qui</strong></span> <span class='ocrx_word' id='word_1_347' title='bbox 2719 1952 2916 2004; x_wconf 71' lang='lat' dir='ltr'><strong>sederet</strong></span> <span class='ocrx_word' id='word_1_348' title='bbox 2945 1953 2999 2005; x_wconf 87' lang='lat' dir='ltr'><strong>in</strong></span> <span class='ocrx_word' id='word_1_349' title='bbox 3027 1954 3161 2006; x_wconf 84' lang='lat' dir='ltr'><strong>solio</strong></span> <span class='ocrx_word' id='word_1_350' title='bbox 3188 1953 3356 2019; x_wconf 81' lang='lat' dir='ltr'><strong>illius,</strong></span> 
     </span>
    </p>
   </div>
   <div class='ocr_carea' id='block_1_49' title="bbox 2116 2043 3617 2112">
    <p class='ocr_par' dir='ltr' id='par_1_49' title="bbox 2116 2043 3617 2112">
     <span class='ocr_line' id='line_1_49' title="bbox 2116 2043 3617 2112; baseline 0.001 -14"><span class='ocrx_word' id='word_1_351' title='bbox 2116 2044 2280 2099; x_wconf 75' lang='lat' dir='ltr'><strong>Vens.</strong></span> <span class='ocrx_word' id='word_1_352' title='bbox 2315 2044 2407 2097; x_wconf 79' lang='grc'><strong>51.</strong></span> <span class='ocrx_word' id='word_1_353' title='bbox 2441 2043 2513 2097; x_wconf 73' lang='lat' dir='ltr'><strong>lie</strong></span> <span class='ocrx_word' id='word_1_354' title='bbox 2535 2045 2758 2112; x_wconf 80' lang='lat' dir='ltr'><strong>prtevisa</strong></span> <span class='ocrx_word' id='word_1_355' title='bbox 2791 2045 2998 2098; x_wconf 76' lang='lat' dir='ltr'><strong>locutus</strong></span> <span class='ocrx_word' id='word_1_356' title='bbox 3033 2055 3110 2098; x_wconf 86' lang='lat' dir='ltr'><strong>est</strong></span> <span class='ocrx_word' id='word_1_357' title='bbox 3149 2045 3213 2098; x_wconf 86' lang='lat' dir='ltr'><strong>de</strong></span> <span class='ocrx_word' id='word_1_358' title='bbox 3240 2048 3617 2100; x_wconf 81' lang='lat' dir='ltr'><strong>resurrectione</strong></span> 
     </span>
    </p>
   </div>
   <div class='ocr_carea' id='block_1_50' title="bbox 2045 2131 3611 2208">
    <p class='ocr_par' dir='ltr' id='par_1_50' title="bbox 2045 2131 3611 2208">
     <span class='ocr_line' id='line_1_50' title="bbox 2045 2131 3611 2208; baseline 0.001 -18"><span class='ocrx_word' id='word_1_359' title='bbox 2045 2137 2262 2203; x_wconf 80' lang='lat' dir='ltr'><strong>Christi,</strong></span> <span class='ocrx_word' id='word_1_360' title='bbox 2308 2136 2450 2205; x_wconf 84' lang='lat' dir='ltr'><strong>quod</strong></span> <span class='ocrx_word' id='word_1_361' title='bbox 2474 2137 2654 2191; x_wconf 82' lang='lat' dir='ltr'><strong>anima</strong></span> <span class='ocrx_word' id='word_1_362' title='bbox 2675 2131 2788 2205; x_wconf 51' lang='lat' dir='ltr'><strong>eius</strong></span> <span class='ocrx_word' id='word_1_363' title='bbox 2816 2153 2916 2190; x_wconf 81' lang='lat' dir='ltr'><strong>non</strong></span> <span class='ocrx_word' id='word_1_364' title='bbox 2942 2137 3191 2191; x_wconf 77' lang='lat' dir='ltr'><strong>derelicta</strong></span> <span class='ocrx_word' id='word_1_365' title='bbox 3209 2139 3278 2190; x_wconf 88' lang='lat' dir='ltr'><strong>sit</strong></span> <span class='ocrx_word' id='word_1_366' title='bbox 3295 2138 3350 2191; x_wconf 85' lang='lat' dir='ltr'><strong>in</strong></span> <span class='ocrx_word' id='word_1_367' title='bbox 3385 2139 3611 2208; x_wconf 77' lang='lat' dir='ltr'><strong>inferno,</strong></span> 
     </span>
    </p>
   </div>
   <div class='ocr_carea' id='block_1_51' title="bbox 2043 2228 3195 2298">
    <p class='ocr_par' dir='ltr' id='par_1_51' title="bbox 2043 2228 3195 2298">
     <span class='ocr_line' id='line_1_51' title="bbox 2043 2228 3195 2298; baseline 0.003 -17"><span class='ocrx_word' id='word_1_368' title='bbox 2043 2243 2206 2298; x_wconf 79' lang='lat' dir='ltr'><strong>neque</strong></span> <span class='ocrx_word' id='word_1_369' title='bbox 2245 2243 2368 2282; x_wconf 85' lang='lat' dir='ltr'><strong>caro</strong></span> <span class='ocrx_word' id='word_1_370' title='bbox 2397 2228 2544 2280; x_wconf 80' lang='lat' dir='ltr'><strong>illius</strong></span> <span class='ocrx_word' id='word_1_371' title='bbox 2576 2229 2759 2280; x_wconf 81' lang='lat' dir='ltr'><strong>viderit</strong></span> <span class='ocrx_word' id='word_1_372' title='bbox 2794 2231 3195 2296; x_wconf 79' lang='lat' dir='ltr'><strong>corruptionem.</strong></span> 
     </span>
    </p>
   </div>
   <div class='ocr_carea' id='block_1_52' title="bbox 2117 2320 3614 2388">
    <p class='ocr_par' dir='ltr' id='par_1_52' title="bbox 2117 2320 3614 2388">
     <span class='ocr_line' id='line_1_52' title="bbox 2117 2320 3614 2388; baseline 0.001 -15"><span class='ocrx_word' id='word_1_373' title='bbox 2117 2320 2276 2374; x_wconf 87' lang='lat' dir='ltr'><strong>Edito</strong></span> <span class='ocrx_word' id='word_1_374' title='bbox 2334 2329 2498 2388; x_wconf 85' lang='lat' dir='ltr'><strong>atque</strong></span> <span class='ocrx_word' id='word_1_375' title='bbox 2530 2321 2776 2388; x_wconf 89' lang='lat' dir='ltr'><strong>exposito</strong></span> <span class='ocrx_word' id='word_1_376' title='bbox 2813 2321 3128 2374; x_wconf 87' lang='lat' dir='ltr'><strong>testimonio</strong></span> <span class='ocrx_word' id='word_1_377' title='bbox 3189 2320 3424 2387; x_wconf 86' lang='lat' dir='ltr'><strong>Davidis,</strong></span> <span class='ocrx_word' id='word_1_378' title='bbox 3487 2325 3614 2376; x_wconf 82' lang='lat' dir='ltr'><strong>sub-</strong></span> 
     </span>
    </p>
   </div>
   <div class='ocr_carea' id='block_1_53' title="bbox 2042 2410 3613 2480">
    <p class='ocr_par' dir='ltr' id='par_1_53' title="bbox 2042 2410 3613 2480">
     <span class='ocr_line' id='line_1_53' title="bbox 2042 2410 3613 2480; baseline 0.003 -17"><span class='ocrx_word' id='word_1_379' title='bbox 2042 2411 2223 2480; x_wconf 75' lang='lat' dir='ltr'><strong>jungit</strong></span> <span class='ocrx_word' id='word_1_380' title='bbox 2255 2427 2270 2463; x_wconf 87' lang='lat'><strong>:</strong></span> <span class='ocrx_word' id='word_1_381' title='bbox 2304 2410 2417 2464; x_wconf 84' lang='lat' dir='ltr'><strong>Viri</strong></span> <span class='ocrx_word' id='word_1_382' title='bbox 2448 2412 2671 2464; x_wconf 77' lang='lat' dir='ltr'><strong>fratres.</strong></span> <span class='ocrx_word' id='word_1_383' title='bbox 2713 2410 2966 2479; x_wconf 83' lang='lat' dir='ltr'><strong>Magnum</strong></span> <span class='ocrx_word' id='word_1_384' title='bbox 2999 2412 3205 2480; x_wconf 89' lang='lat' dir='ltr'><strong>aliquid</strong></span> <span class='ocrx_word' id='word_1_385' title='bbox 3231 2413 3478 2467; x_wconf 81' lang='lat' dir='ltr'><strong>dicturus</strong></span> <span class='ocrx_word' id='word_1_386' title='bbox 3509 2415 3613 2468; x_wconf 79' lang='lat' dir='ltr'><strong>hoc</strong></span> 
     </span>
    </p>
   </div>
   <div class='ocr_carea' id='block_1_54' title="bbox 2045 2501 3610 2570">
    <p class='ocr_par' dir='ltr' id='par_1_54' title="bbox 2045 2501 3610 2570">
     <span class='ocr_line' id='line_1_54' title="bbox 2045 2501 3610 2570; baseline 0.003 -16"><span class='ocrx_word' id='word_1_387' title='bbox 2045 2503 2217 2554; x_wconf 88' lang='lat' dir='ltr'><strong>utitur</strong></span> <span class='ocrx_word' id='word_1_388' title='bbox 2258 2501 2552 2570; x_wconf 79' lang='lat' dir='ltr'><strong>principio,</strong></span> <span class='ocrx_word' id='word_1_389' title='bbox 2580 2501 2824 2556; x_wconf 82' lang='lat' dir='ltr'><strong>excitans</strong></span> <span class='ocrx_word' id='word_1_390' title='bbox 2861 2503 2980 2556; x_wconf 87' lang='lat' dir='ltr'><strong>illos</strong></span> <span class='ocrx_word' id='word_1_391' title='bbox 3020 2510 3075 2557; x_wconf 92' lang='lat' dir='ltr'><strong>ct</strong></span> <span class='ocrx_word' id='word_1_392' title='bbox 3121 2505 3440 2558; x_wconf 80' lang='lat' dir='ltr'><strong>concilians.</strong></span> <span class='ocrx_word' id='word_1_393' title='bbox 3478 2505 3610 2563; x_wconf 79' lang='lat' dir='ltr'><strong>Nam</strong></span> 
     </span>
    </p>
   </div>
   <div class='ocr_carea' id='block_1_55' title="bbox 2046 2592 3613 2660">
    <p class='ocr_par' dir='ltr' id='par_1_55' title="bbox 2046 2592 3613 2660">
     <span class='ocr_line' id='line_1_55' title="bbox 2046 2592 3613 2660; baseline 0.001 -16"><span class='ocrx_word' id='word_1_394' title='bbox 2046 2592 2135 2644; x_wconf 87' lang='lat' dir='ltr'><strong>ubi</strong></span> <span class='ocrx_word' id='word_1_395' title='bbox 2165 2592 2297 2644; x_wconf 88' lang='lat' dir='ltr'><strong>nihil</strong></span> <span class='ocrx_word' id='word_1_396' title='bbox 2329 2594 2580 2653; x_wconf 78' lang='lat' dir='ltr'><strong>nocebat,</strong></span> <span class='ocrx_word' id='word_1_397' title='bbox 2611 2606 2805 2660; x_wconf 79' lang='lat' dir='ltr'><strong>magna</strong></span> <span class='ocrx_word' id='word_1_398' title='bbox 2828 2608 2959 2646; x_wconf 77' lang='lat' dir='ltr'><strong>usus</strong></span> <span class='ocrx_word' id='word_1_399' title='bbox 3005 2603 3088 2648; x_wconf 89' lang='lat' dir='ltr'><strong>est</strong></span> <span class='ocrx_word' id='word_1_400' title='bbox 3141 2597 3306 2648; x_wconf 89' lang='lat' dir='ltr'><strong>animi</strong></span> <span class='ocrx_word' id='word_1_401' title='bbox 3362 2600 3613 2650; x_wconf 79' lang='lat' dir='ltr'><strong>modera-</strong></span> 
     </span>
    </p>
   </div>
   <div class='ocr_carea' id='block_1_56' title="bbox 2045 2679 3618 2753">
    <p class='ocr_par' dir='ltr' id='par_1_56' title="bbox 2045 2679 3618 2753">
     <span class='ocr_line' id='line_1_56' title="bbox 2045 2679 3618 2753; baseline 0.006 -22"><span class='ocrx_word' id='word_1_402' title='bbox 2045 2683 2213 2735; x_wconf 80' lang='lat' dir='ltr'><strong>tione.</strong></span> <span class='ocrx_word' id='word_1_403' title='bbox 2241 2679 2376 2734; x_wconf 85' lang='lat' dir='ltr'><strong>Nam</strong></span> <span class='ocrx_word' id='word_1_404' title='bbox 2420 2682 2466 2735; x_wconf 92' lang='lat' dir='ltr'><strong>si</strong></span> <span class='ocrx_word' id='word_1_405' title='bbox 2499 2682 2730 2738; x_wconf 77' lang='lat' dir='ltr'><strong>dixisset</strong></span> <span class='ocrx_word' id='word_1_406' title='bbox 2781 2682 2851 2735; x_wconf 85' lang='lat' dir='ltr'><strong>ita</strong></span> <span class='ocrx_word' id='word_1_407' title='bbox 2911 2683 3266 2753; x_wconf 78' lang='lat' dir='ltr'><strong>simpliciter:</strong></span> <span class='ocrx_word' id='word_1_408' title='bbox 3300 2686 3424 2741; x_wconf 68' lang='lat' dir='ltr'><strong>Haec</strong></span> <span class='ocrx_word' id='word_1_409' title='bbox 3455 2703 3482 2740; x_wconf 91' lang='lat' dir='ltr'><strong>a</strong></span> <span class='ocrx_word' id='word_1_410' title='bbox 3515 2688 3618 2740; x_wconf 86' lang='lat' dir='ltr'><strong>Da-</strong></span> 
     </span>
    </p>
   </div>
   <div class='ocr_carea' id='block_1_57' title="bbox 2045 2772 3616 2842">
    <p class='ocr_par' dir='ltr' id='par_1_57' title="bbox 2045 2772 3616 2842">
     <span class='ocr_line' id='line_1_57' title="bbox 2045 2772 3616 2842; baseline 0.004 -16"><span class='ocrx_word' id='word_1_411' title='bbox 2045 2772 2168 2826; x_wconf 86' lang='lat' dir='ltr'><strong>vide</strong></span> <span class='ocrx_word' id='word_1_412' title='bbox 2200 2773 2342 2825; x_wconf 74' lang='lat' dir='ltr'><strong>ditta</strong></span> <span class='ocrx_word' id='word_1_413' title='bbox 2379 2782 2527 2834; x_wconf 84' lang='lat' dir='ltr'><strong>sunt,</strong></span> <span class='ocrx_word' id='word_1_414' title='bbox 2575 2787 2736 2842; x_wconf 81' lang='lat' dir='ltr'><strong>asper</strong></span> <span class='ocrx_word' id='word_1_415' title='bbox 2758 2790 2902 2838; x_wconf 82' lang='lat' dir='ltr'><strong>esse,</strong></span> <span class='ocrx_word' id='word_1_416' title='bbox 2946 2784 2999 2828; x_wconf 88' lang='lat' dir='ltr'><strong>et</strong></span> <span class='ocrx_word' id='word_1_417' title='bbox 3032 2777 3102 2829; x_wconf 91' lang='lat' dir='ltr'><strong>ad</strong></span> <span class='ocrx_word' id='word_1_418' title='bbox 3161 2777 3296 2830; x_wconf 83' lang='lat' dir='ltr'><strong>iram</strong></span> <span class='ocrx_word' id='word_1_419' title='bbox 3336 2779 3616 2832; x_wconf 87' lang='lat' dir='ltr'><strong>concitare</strong></span> 
     </span>
    </p>
   </div>
   <div class='ocr_carea' id='block_1_58' title="bbox 2047 2864 3613 2934">
    <p class='ocr_par' dir='ltr' id='par_1_58' title="bbox 2047 2864 3613 2934">
     <span class='ocr_line' id='line_1_58' title="bbox 2047 2864 3613 2934; baseline 0.004 -18"><span class='ocrx_word' id='word_1_420' title='bbox 2047 2865 2239 2934; x_wconf 76' lang='lat' dir='ltr'><strong>magis,</strong></span> <span class='ocrx_word' id='word_1_421' title='bbox 2274 2878 2437 2932; x_wconf 90' lang='lat' dir='ltr'><strong>quam</strong></span> <span class='ocrx_word' id='word_1_422' title='bbox 2469 2864 2837 2932; x_wconf 79' lang='lat' dir='ltr'><strong>obsequentes</strong></span> <span class='ocrx_word' id='word_1_423' title='bbox 2867 2866 2991 2918; x_wconf 82' lang='lat' dir='ltr'><strong>illos</strong></span> <span class='ocrx_word' id='word_1_424' title='bbox 3025 2866 3253 2920; x_wconf 87' lang='lat' dir='ltr'><strong>reddere</strong></span> <span class='ocrx_word' id='word_1_425' title='bbox 3297 2868 3433 2921; x_wconf 80' lang='lat' dir='ltr'><strong>velle</strong></span> <span class='ocrx_word' id='word_1_426' title='bbox 3465 2869 3613 2922; x_wconf 86' lang='lat' dir='ltr'><strong>visus</strong></span> 
     </span>
    </p>
   </div>
   <div class='ocr_carea' id='block_1_59' title="bbox 2046 2954 3618 3026">
    <p class='ocr_par' dir='ltr' id='par_1_59' title="bbox 2046 2954 3618 3026">
     <span class='ocr_line' id='line_1_59' title="bbox 2046 2954 3618 3026; baseline 0.002 -18"><span class='ocrx_word' id='word_1_427' title='bbox 2046 2963 2218 3008; x_wconf 88' lang='lat' dir='ltr'><strong>esset.</strong></span> <span class='ocrx_word' id='word_1_428' title='bbox 2256 2954 2452 3024; x_wconf 79' lang='lat' dir='ltr'><strong>Magno</strong></span> <span class='ocrx_word' id='word_1_429' title='bbox 2481 2963 2688 3017; x_wconf 87' lang='lat' dir='ltr'><strong>autetn,</strong></span> <span class='ocrx_word' id='word_1_430' title='bbox 2723 2971 2832 3024; x_wconf 88' lang='lat' dir='ltr'><strong>quo</strong></span> <span class='ocrx_word' id='word_1_431' title='bbox 2877 2957 3092 3009; x_wconf 83' lang='lat' dir='ltr'><strong>beatum</strong></span> <span class='ocrx_word' id='word_1_432' title='bbox 3128 2957 3383 3011; x_wconf 65' lang='lat' dir='ltr'><strong>Dat-idem</strong></span> <span class='ocrx_word' id='word_1_433' title='bbox 3429 2973 3618 3026; x_wconf 85' lang='lat' dir='ltr'><strong>prose-</strong></span> 
     </span>
    </p>
   </div>
   <div class='ocr_carea' id='block_1_60' title="bbox 366 3046 1946 3121">
    <p class='ocr_par' dir='ltr' id='par_1_60' title="bbox 366 3048 1944 3121">
     <span class='ocr_line' id='line_1_60' title="bbox 366 3048 1944 3121; baseline -0.001 -18"><span class='ocrx_word' id='word_1_434' title='bbox 366 3051 772 3121; x_wconf 82' lang='grc' dir='ltr'>εὐπαράδεκτον</span> <span class='ocrx_word' id='word_1_435' title='bbox 810 3051 937 3119; x_wconf 82' lang='grc' dir='ltr'>περὶ</span> <span class='ocrx_word' id='word_1_436' title='bbox 967 3048 1061 3100; x_wconf 79' lang='grc' dir='ltr'>τοῦ</span> <span class='ocrx_word' id='word_1_437' title='bbox 1111 3048 1349 3118; x_wconf 82' lang='grc' dir='ltr'>Χριστοῦ</span> <span class='ocrx_word' id='word_1_438' title='bbox 1399 3049 1655 3118; x_wconf 76' lang='grc' dir='ltr'>εἰρῆσθαι</span> <span class='ocrx_word' id='word_1_439' title='bbox 1685 3049 1784 3121; x_wconf 80' lang='grc' dir='ltr'><strong>τὴν</strong></span> <span class='ocrx_word' id='word_1_440' title='bbox 1813 3066 1944 3121; x_wconf 62' lang='lat' dir='ltr'><strong>atpo-</strong></span> 
     </span>
    </p>
   </div>
   <div class='ocr_carea' id='block_1_61' title="bbox 2049 3046 3619 3121">
    <p class='ocr_par' dir='ltr' id='par_1_61' title="bbox 2049 3047 3619 3118">
     <span class='ocr_line' id='line_1_61' title="bbox 2049 3047 3619 3118; baseline 0.003 -20"><span class='ocrx_word' id='word_1_441' title='bbox 2049 3047 2256 3115; x_wconf 86' lang='lat' dir='ltr'><strong>quitur,</strong></span> <span class='ocrx_word' id='word_1_442' title='bbox 2297 3047 2527 3109; x_wconf 81' lang='lat' dir='ltr'><strong>honore.</strong></span> <span class='ocrx_word' id='word_1_443' title='bbox 2575 3047 2758 3111; x_wconf 76' lang='lat' dir='ltr'><strong>ellieit,</strong></span> <span class='ocrx_word' id='word_1_444' title='bbox 2792 3056 2848 3100; x_wconf 92' lang='lat' dir='ltr'><strong>ut</strong></span> <span class='ocrx_word' id='word_1_445' title='bbox 2883 3048 3040 3101; x_wconf 84' lang='lat' dir='ltr'><strong>facile</strong></span> <span class='ocrx_word' id='word_1_446' title='bbox 3082 3048 3403 3102; x_wconf 85' lang='lat' dir='ltr'><strong>admittatur</strong></span> <span class='ocrx_word' id='word_1_447' title='bbox 3456 3057 3619 3118; x_wconf 86' lang='lat' dir='ltr'><strong>atque</strong></span> 
     </span>
    </p>
   </div>
   <div class='ocr_carea' id='block_1_62' title="bbox 368 3137 1944 3212">
    <p class='ocr_par' dir='ltr' id='par_1_62' title="bbox 368 3137 1944 3212">
     <span class='ocr_line' id='line_1_62' title="bbox 368 3137 1944 3212; baseline 0.001 -19"><span class='ocrx_word' id='word_1_448' title='bbox 368 3143 599 3212; x_wconf 75' lang='grc' dir='ltr'>φητείαν</span> <span class='ocrx_word' id='word_1_449' title='bbox 649 3142 1047 3205; x_wconf 73' lang='grc' dir='ltr'><strong>κατασκευάζει</strong></span> <span class='ocrx_word' id='word_1_450' title='bbox 1068 3158 1083 3174; x_wconf 76' lang='grc' dir='ltr'><strong>ο</strong></span> <span class='ocrx_word' id='word_1_451' title='bbox 1123 3143 1217 3194; x_wconf 74' lang='grc' dir='ltr'>καὶ</span> <span class='ocrx_word' id='word_1_452' title='bbox 1255 3140 1377 3203; x_wconf 82' lang='grc' dir='ltr'>ὅλος</span> <span class='ocrx_word' id='word_1_453' title='bbox 1401 3142 1428 3193; x_wconf 89' lang='lat'><strong>6</strong></span> <span class='ocrx_word' id='word_1_454' title='bbox 1461 3141 1623 3208; x_wconf 80' lang='grc' dir='ltr'>λόγος</span> <span class='ocrx_word' id='word_1_455' title='bbox 1655 3142 1824 3194; x_wconf 84' lang='grc' dir='ltr'>αὐτοῦ</span> <span class='ocrx_word' id='word_1_456' title='bbox 1853 3137 1944 3196; x_wconf 75' lang='grc' dir='ltr'><strong>οὗ·</strong></span> 
     </span>
    </p>
   </div>
   <div class='ocr_carea' id='block_1_63' title="bbox 365 3232 1943 3304">
    <p class='ocr_par' dir='ltr' id='par_1_63' title="bbox 365 3232 1943 3304">
     <span class='ocr_line' id='line_1_63' title="bbox 365 3232 1943 3304; baseline 0 -18"><span class='ocrx_word' id='word_1_457' title='bbox 365 3233 830 3304; x_wconf 35' lang='grc' dir='ltr'>τοςνῴκονόμηται</span> <span class='ocrx_word' id='word_1_458' title='bbox 856 3232 1048 3294; x_wconf 77' lang='grc' dir='ltr'>οὕτως.</span> <span class='ocrx_word' id='word_1_459' title='bbox 1072 3232 1252 3285; x_wconf 79' lang='grc' dir='ltr'>Εἰπὼν</span> <span class='ocrx_word' id='word_1_460' title='bbox 1297 3233 1426 3302; x_wconf 80' lang='grc' dir='ltr'>γὰρ,</span> <span class='ocrx_word' id='word_1_461' title='bbox 1471 3234 1552 3284; x_wconf 82' lang='grc' dir='ltr'>ὅτι</span> <span class='ocrx_word' id='word_1_462' title='bbox 1587 3233 1696 3285; x_wconf 79' lang='grc' dir='ltr'>Καὶ</span> <span class='ocrx_word' id='word_1_463' title='bbox 1728 3233 1943 3286; x_wconf 74' lang='grc' dir='ltr'>ἐτελεύ-</span> 
     </span>
    </p>
   </div>
   <div class='ocr_carea' id='block_1_64' title="bbox 366 3320 1946 3394">
    <p class='ocr_par' dir='ltr' id='par_1_64' title="bbox 366 3320 1946 3394">
     <span class='ocr_line' id='line_1_64' title="bbox 366 3320 1946 3394; baseline -0.001 -14"><span class='ocrx_word' id='word_1_464' title='bbox 366 3342 499 3394; x_wconf 86' lang='grc' dir='ltr'>τησε</span> <span class='ocrx_word' id='word_1_465' title='bbox 530 3327 623 3379; x_wconf 76' lang='grc' dir='ltr'>καὶ</span> <span class='ocrx_word' id='word_1_466' title='bbox 653 3327 851 3393; x_wconf 77' lang='grc' dir='ltr'>ἐτάφη,</span> <span class='ocrx_word' id='word_1_467' title='bbox 881 3325 978 3376; x_wconf 77' lang='grc' dir='ltr'><strong>οὐκ</strong></span> <span class='ocrx_word' id='word_1_468' title='bbox 1000 3320 1147 3386; x_wconf 78' lang='grc' dir='ltr'>εἷπε,</span> <span class='ocrx_word' id='word_1_469' title='bbox 1182 3325 1290 3376; x_wconf 73' lang='grc' dir='ltr'><strong>Καὶ</strong></span> <span class='ocrx_word' id='word_1_470' title='bbox 1318 3324 1538 3392; x_wconf 79' lang='grc' dir='ltr'><strong>ἀνέστη’</strong></span> <span class='ocrx_word' id='word_1_471' title='bbox 1569 3323 1723 3388; x_wconf 85' lang='grc' dir='ltr'>ἀλλὰ,</span> <span class='ocrx_word' id='word_1_472' title='bbox 1756 3325 1865 3377; x_wconf 83' lang='grc' dir='ltr'>Καὶ</span> <span class='ocrx_word' id='word_1_473' title='bbox 1886 3325 1946 3378; x_wconf 86' lang='grc' dir='ltr'><strong>τὸ</strong></span> 
     </span>
    </p>
   </div>
   <div class='ocr_carea' id='block_1_65' title="bbox 370 3415 1944 3486">
    <p class='ocr_par' dir='ltr' id='par_1_65' title="bbox 370 3415 1944 3486">
     <span class='ocr_line' id='line_1_65' title="bbox 370 3415 1944 3486; baseline 0 -18"><span class='ocrx_word' id='word_1_474' title='bbox 370 3417 564 3486; x_wconf 81' lang='grc' dir='ltr'>μνῆμα</span> <span class='ocrx_word' id='word_1_475' title='bbox 593 3415 756 3469; x_wconf 78' lang='grc' dir='ltr'>αὑτοῦ</span> <span class='ocrx_word' id='word_1_476' title='bbox 793 3417 850 3468; x_wconf 82' lang='grc' dir='ltr'>ὲν</span> <span class='ocrx_word' id='word_1_477' title='bbox 881 3417 1012 3484; x_wconf 74' lang='grc' dir='ltr'><strong>ἡμῖν</strong></span> <span class='ocrx_word' id='word_1_478' title='bbox 1061 3417 1242 3468; x_wconf 83' lang='grc' dir='ltr'>ἐστιν·</span> <span class='ocrx_word' id='word_1_479' title='bbox 1285 3417 1422 3486; x_wconf 80' lang='grc' dir='ltr'>ὅπερ</span> <span class='ocrx_word' id='word_1_480' title='bbox 1469 3416 1583 3469; x_wconf 87' lang='grc' dir='ltr'>ίσον</span> <span class='ocrx_word' id='word_1_481' title='bbox 1623 3417 1738 3469; x_wconf 73' lang='grc' dir='ltr'>ἐστὶ</span> <span class='ocrx_word' id='word_1_482' title='bbox 1777 3416 1854 3486; x_wconf 84' lang='grc' dir='ltr'><strong>τῷ</strong></span> <span class='ocrx_word' id='word_1_483' title='bbox 1874 3417 1944 3482; x_wconf 75' lang='grc' dir='ltr'>⁸ο,</span> 
     </span>
    </p>
   </div>
   <div class='ocr_carea' id='block_1_66' title="bbox 369 3501 1942 3578">
    <p class='ocr_par' dir='ltr' id='par_1_66' title="bbox 369 3501 1942 3578">
     <span class='ocr_line' id='line_1_66' title="bbox 369 3501 1942 3578; baseline -0.001 -16"><span class='ocrx_word' id='word_1_484' title='bbox 369 3511 483 3563; x_wconf 69' lang='grc' dir='ltr'>Οὐκ</span> <span class='ocrx_word' id='word_1_485' title='bbox 499 3508 722 3578; x_wconf 84' lang='grc' dir='ltr'>ἀνέστη.</span> <span class='ocrx_word' id='word_1_486' title='bbox 747 3503 891 3578; x_wconf 74' lang='grc' dir='ltr'>ιΕἷτα</span> <span class='ocrx_word' id='word_1_487' title='bbox 919 3507 1042 3560; x_wconf 81' lang='grc' dir='ltr'><strong>οὐδὲ</strong></span> <span class='ocrx_word' id='word_1_488' title='bbox 1069 3507 1240 3568; x_wconf 78' lang='grc' dir='ltr'>οὕτως</span> <span class='ocrx_word' id='word_1_489' title='bbox 1267 3501 1430 3577; x_wconf 76' lang='grc' dir='ltr'>ἦλθεν</span> <span class='ocrx_word' id='word_1_490' title='bbox 1461 3510 1539 3570; x_wconf 82' lang='grc' dir='ltr'><strong>είς</strong></span> <span class='ocrx_word' id='word_1_491' title='bbox 1567 3507 1658 3560; x_wconf 80' lang='grc' dir='ltr'>τὸν</span> <span class='ocrx_word' id='word_1_492' title='bbox 1687 3507 1942 3578; x_wconf 72' lang='grc' dir='ltr'>Χριστόν*</span> 
     </span>
    </p>
   </div>
   <div class='ocr_carea' id='block_1_67' title="bbox 368 3596 1948 3667">
    <p class='ocr_par' dir='ltr' id='par_1_67' title="bbox 368 3596 1948 3667">
     <span class='ocr_line' id='line_1_67' title="bbox 368 3596 1948 3667; baseline -0.001 -15"><span class='ocrx_word' id='word_1_493' title='bbox 368 3599 503 3652; x_wconf 81' lang='grc' dir='ltr'>ἀλλὰ</span> <span class='ocrx_word' id='word_1_494' title='bbox 534 3598 695 3650; x_wconf 85' lang='grc' dir='ltr'>πάλιν</span> <span class='ocrx_word' id='word_1_495' title='bbox 747 3596 1150 3667; x_wconf 76' lang='grc' dir='ltr'>ὲγκωμιάζεται.</span> <span class='ocrx_word' id='word_1_496' title='bbox 1193 3597 1235 3629; x_wconf 80' lang='grc'><strong>⁵¹</strong></span> <span class='ocrx_word' id='word_1_497' title='bbox 1283 3599 1312 3650; x_wconf 88' lang='lat'><strong>6</strong></span> <span class='ocrx_word' id='word_1_498' title='bbox 1357 3598 1539 3662; x_wconf 83' lang='grc' dir='ltr'>Δαυῖδ,</span> <span class='ocrx_word' id='word_1_499' title='bbox 1592 3597 1686 3652; x_wconf 79' lang='grc' dir='ltr'>καὶ</span> <span class='ocrx_word' id='word_1_500' title='bbox 1724 3597 1810 3650; x_wconf 80' lang='grc' dir='ltr'><strong>διὰ</strong></span> <span class='ocrx_word' id='word_1_501' title='bbox 1838 3597 1948 3651; x_wconf 85' lang='grc' dir='ltr'><strong>τῶν</strong></span> 
     </span>
    </p>
   </div>
   <div class='ocr_carea' id='block_1_68' title="bbox 371 3689 1945 3761">
    <p class='ocr_par' dir='ltr' id='par_1_68' title="bbox 371 3689 1945 3761">
     <span class='ocr_line' id='line_1_68' title="bbox 371 3689 1945 3761; baseline -0.001 -18"><span class='ocrx_word' id='word_1_502' title='bbox 371 3693 450 3754; x_wconf 82' lang='grc' dir='ltr'>εἰς</span> <span class='ocrx_word' id='word_1_503' title='bbox 477 3693 686 3743; x_wconf 73' lang='grc' dir='ltr'>ἐκεῖνον</span> <span class='ocrx_word' id='word_1_504' title='bbox 736 3690 1026 3760; x_wconf 78' lang='grc' dir='ltr'><strong>ἐγκωμίων</strong></span> <span class='ocrx_word' id='word_1_505' title='bbox 1064 3691 1310 3760; x_wconf 82' lang='grc' dir='ltr'>πρόεισιν</span> <span class='ocrx_word' id='word_1_506' title='bbox 1360 3693 1388 3744; x_wconf 97' lang='lat'><strong>6</strong></span> <span class='ocrx_word' id='word_1_507' title='bbox 1435 3691 1633 3755; x_wconf 86' lang='grc' dir='ltr'>σκοπός</span> <span class='ocrx_word' id='word_1_508' title='bbox 1660 3706 1674 3721; x_wconf 82' lang='grc'><strong><em>⁸</em></strong></span> <span class='ocrx_word' id='word_1_509' title='bbox 1712 3689 1945 3761; x_wconf 74' lang='grc' dir='ltr'>καὶγὰρ</span> 
     </span>
    </p>
   </div>
   <div class='ocr_carea' id='block_1_69' title="bbox 371 3785 1948 3856">
    <p class='ocr_par' dir='ltr' id='par_1_69' title="bbox 371 3785 1948 3856">
     <span class='ocr_line' id='line_1_69' title="bbox 371 3785 1948 3856; baseline 0.001 -18"><span class='ocrx_word' id='word_1_510' title='bbox 371 3786 458 3838; x_wconf 73' lang='grc' dir='ltr'><strong>διὰ</strong></span> <span class='ocrx_word' id='word_1_511' title='bbox 487 3785 644 3838; x_wconf 80' lang='grc' dir='ltr'>τοῦτο</span> <span class='ocrx_word' id='word_1_512' title='bbox 669 3785 842 3838; x_wconf 82' lang='grc' dir='ltr'>ταῦτα</span> <span class='ocrx_word' id='word_1_513' title='bbox 869 3785 1038 3853; x_wconf 84' lang='grc' dir='ltr'>λέγει,</span> <span class='ocrx_word' id='word_1_514' title='bbox 1069 3786 1156 3838; x_wconf 85' lang='grc' dir='ltr'><strong>ἵνα</strong></span> <span class='ocrx_word' id='word_1_515' title='bbox 1184 3785 1270 3839; x_wconf 83' lang='grc' dir='ltr'><strong>διὰ</strong></span> <span class='ocrx_word' id='word_1_516' title='bbox 1305 3786 1403 3856; x_wconf 80' lang='grc' dir='ltr'><strong>τὴν</strong></span> <span class='ocrx_word' id='word_1_517' title='bbox 1433 3787 1512 3848; x_wconf 77' lang='grc' dir='ltr'><strong>εἰς</strong></span> <span class='ocrx_word' id='word_1_518' title='bbox 1549 3789 1752 3839; x_wconf 76' lang='grc' dir='ltr'>ἐκεῖνον</span> <span class='ocrx_word' id='word_1_519' title='bbox 1780 3786 1948 3856; x_wconf 82' lang='grc' dir='ltr'>τιμὴν</span> 
     </span>
    </p>
   </div>
   <div class='ocr_carea' id='block_1_70' title="bbox 375 3875 1949 3946">
    <p class='ocr_par' dir='ltr' id='par_1_70' title="bbox 375 3875 1949 3946">
     <span class='ocr_line' id='line_1_70' title="bbox 375 3875 1949 3946; baseline 0.001 -19"><span class='ocrx_word' id='word_1_520' title='bbox 375 3877 468 3928; x_wconf 76' lang='grc' dir='ltr'>καὶ</span> <span class='ocrx_word' id='word_1_521' title='bbox 518 3875 580 3928; x_wconf 82' lang='grc' dir='ltr'>τὸ</span> <span class='ocrx_word' id='word_1_522' title='bbox 637 3877 793 3944; x_wconf 81' lang='grc' dir='ltr'>γένος</span> <span class='ocrx_word' id='word_1_523' title='bbox 841 3876 1101 3941; x_wconf 79' lang='grc' dir='ltr'>δέξωνται</span> <span class='ocrx_word' id='word_1_524' title='bbox 1151 3877 1241 3929; x_wconf 76' lang='grc' dir='ltr'><strong>τὸν</strong></span> <span class='ocrx_word' id='word_1_525' title='bbox 1276 3879 1405 3946; x_wconf 68' lang='grc' dir='ltr'>περὶ</span> <span class='ocrx_word' id='word_1_526' title='bbox 1461 3878 1558 3946; x_wconf 80' lang='grc' dir='ltr'>τῆς</span> <span class='ocrx_word' id='word_1_527' title='bbox 1601 3878 1949 3940; x_wconf 71' lang='grc' dir='ltr'>ἀναστάσεως</span> 
     </span>
    </p>
   </div>
   <div class='ocr_carea' id='block_1_71' title="bbox 371 3966 1950 4038">
    <p class='ocr_par' dir='ltr' id='par_1_71' title="bbox 371 3966 1950 4038">
     <span class='ocr_line' id='line_1_71' title="bbox 371 3966 1950 4038; baseline 0.001 -20"><span class='ocrx_word' id='word_1_528' title='bbox 371 3966 558 4034; x_wconf 78' lang='grc' dir='ltr'>λόγον’</span> <span class='ocrx_word' id='word_1_529' title='bbox 605 3968 681 4030; x_wconf 81' lang='grc' dir='ltr'>ὡς</span> <span class='ocrx_word' id='word_1_530' title='bbox 721 3968 817 4020; x_wconf 79' lang='grc' dir='ltr'>καὶ</span> <span class='ocrx_word' id='word_1_531' title='bbox 863 3968 962 4037; x_wconf 82' lang='grc' dir='ltr'>τῆς</span> <span class='ocrx_word' id='word_1_532' title='bbox 995 3969 1331 4038; x_wconf 77' lang='grc' dir='ltr'>προφητείας</span> <span class='ocrx_word' id='word_1_533' title='bbox 1362 3968 1760 4038; x_wconf 78' lang='grc' dir='ltr'>βλαπτομένης,</span> <span class='ocrx_word' id='word_1_534' title='bbox 1791 3970 1839 4020; x_wconf 84' lang='grc' dir='ltr'><strong>εί</strong></span> <span class='ocrx_word' id='word_1_535' title='bbox 1873 3967 1950 4038; x_wconf 82' lang='grc' dir='ltr'><strong>μὴ</strong></span> 
     </span>
    </p>
   </div>
   <div class='ocr_carea' id='block_1_72' title="bbox 373 4057 1947 4132">
    <p class='ocr_par' dir='ltr' id='par_1_72' title="bbox 373 4057 1947 4132">
     <span class='ocr_line' id='line_1_72' title="bbox 373 4057 1947 4132; baseline 0.004 -24"><span class='ocrx_word' id='word_1_536' title='bbox 373 4057 533 4112; x_wconf 84' lang='grc' dir='ltr'>τοῦτο</span> <span class='ocrx_word' id='word_1_537' title='bbox 561 4059 672 4128; x_wconf 71' lang='grc' dir='ltr'>εἴη,</span> <span class='ocrx_word' id='word_1_538' title='bbox 700 4061 793 4112; x_wconf 80' lang='grc' dir='ltr'>καὶ</span> <span class='ocrx_word' id='word_1_539' title='bbox 825 4060 921 4127; x_wconf 84' lang='grc' dir='ltr'>τῆς</span> <span class='ocrx_word' id='word_1_540' title='bbox 949 4062 1028 4123; x_wconf 83' lang='grc' dir='ltr'><strong>είς</strong></span> <span class='ocrx_word' id='word_1_541' title='bbox 1051 4061 1248 4124; x_wconf 72' lang='grc' dir='ltr'>αὐτοὺς</span> <span class='ocrx_word' id='word_1_542' title='bbox 1275 4061 1440 4130; x_wconf 82' lang='grc' dir='ltr'>τιμῆς</span> <span class='ocrx_word' id='word_1_543' title='bbox 1470 4059 1947 4132; x_wconf 74' lang='grc' dir='ltr'>διαφθειρομένης.</span> 
     </span>
    </p>
   </div>
   <div class='ocr_carea' id='block_1_73' title="bbox 375 4143 1949 4218">
    <p class='ocr_par' dir='ltr' id='par_1_73' title="bbox 375 4143 1949 4218">
     <span class='ocr_line' id='line_1_73' title="bbox 375 4143 1949 4218; baseline 0 -18"><span class='ocrx_word' id='word_1_544' title='bbox 375 4146 567 4217; x_wconf 82' lang='grc' dir='ltr'>Ὄρκῳ</span> <span class='ocrx_word' id='word_1_545' title='bbox 610 4147 826 4217; x_wconf 76' lang='grc' dir='ltr'>ὤμοσεν</span> <span class='ocrx_word' id='word_1_546' title='bbox 860 4148 1008 4218; x_wconf 76' lang='grc' dir='ltr'>αὐτῷ</span> <span class='ocrx_word' id='word_1_547' title='bbox 1054 4150 1082 4201; x_wconf 93' lang='lat'><strong>6</strong></span> <span class='ocrx_word' id='word_1_548' title='bbox 1125 4149 1279 4213; x_wconf 77' lang='grc' dir='ltr'>Θεὸς.</span> <span class='ocrx_word' id='word_1_549' title='bbox 1325 4149 1438 4201; x_wconf 86' lang='grc' dir='ltr'>Οὐκ</span> <span class='ocrx_word' id='word_1_550' title='bbox 1479 4143 1652 4214; x_wconf 77' lang='grc' dir='ltr'>εἶπεν,</span> <span class='ocrx_word' id='word_1_551' title='bbox 1688 4148 1949 4217; x_wconf 76' lang='grc' dir='ltr'><strong>ἐπηγγεί-</strong></span> 
     </span>
    </p>
   </div>
   <div class='ocr_carea' id='block_1_74' title="bbox 373 4238 1952 4312">
    <p class='ocr_par' dir='ltr' id='par_1_74' title="bbox 373 4238 1952 4312">
     <span class='ocr_line' id='line_1_74' title="bbox 373 4238 1952 4312; baseline 0.001 -19"><span class='ocrx_word' id='word_1_552' title='bbox 373 4238 527 4304; x_wconf 86' lang='grc' dir='ltr'>λατο,</span> <span class='ocrx_word' id='word_1_553' title='bbox 557 4240 674 4293; x_wconf 76' lang='grc' dir='ltr'>ἀλλ’</span> <span class='ocrx_word' id='word_1_554' title='bbox 706 4240 911 4310; x_wconf 79' lang='grc' dir='ltr'>ὤμοσε,</span> <span class='ocrx_word' id='word_1_555' title='bbox 962 4240 1023 4294; x_wconf 78' lang='grc' dir='ltr'>τὸ</span> <span class='ocrx_word' id='word_1_556' title='bbox 1055 4241 1412 4312; x_wconf 81' lang='grc' dir='ltr'>ἀπαράϐατον</span> <span class='ocrx_word' id='word_1_557' title='bbox 1459 4242 1559 4310; x_wconf 78' lang='grc' dir='ltr'>τῆς</span> <span class='ocrx_word' id='word_1_558' title='bbox 1606 4241 1952 4312; x_wconf 82' lang='grc' dir='ltr'>ὑποσχέσεως</span> 
     </span>
    </p>
   </div>
   <div class='ocr_carea' id='block_1_75' title="bbox 376 4329 1950 4402">
    <p class='ocr_par' dir='ltr' id='par_1_75' title="bbox 376 4329 1950 4402">
     <span class='ocr_line' id='line_1_75' title="bbox 376 4329 1950 4402; baseline 0.003 -22"><span class='ocrx_word' id='word_1_559' title='bbox 376 4329 681 4400; x_wconf 83' lang='grc' dir='ltr'>παριστῶν.</span> <span class='ocrx_word' id='word_1_560' title='bbox 726 4329 963 4384; x_wconf 84' lang='grc' dir='ltr'>Καθίσαι</span> <span class='ocrx_word' id='word_1_561' title='bbox 1006 4332 1097 4384; x_wconf 76' lang='grc' dir='ltr'><strong>ἐπὶ</strong></span> <span class='ocrx_word' id='word_1_562' title='bbox 1135 4330 1327 4402; x_wconf 81' lang='grc' dir='ltr'>θρόνου</span> <span class='ocrx_word' id='word_1_563' title='bbox 1370 4331 1557 4385; x_wconf 77' lang='grc' dir='ltr'>αὑτοῦ.</span> <span class='ocrx_word' id='word_1_564' title='bbox 1600 4332 1690 4384; x_wconf 88' lang='grc' dir='ltr'><strong>Ἐν</strong></span> <span class='ocrx_word' id='word_1_565' title='bbox 1735 4331 1950 4389; x_wconf 77' lang='grc' dir='ltr'>πολλοῖς</span> 
     </span>
    </p>
   </div>
   <div class='ocr_carea' id='block_1_76' title="bbox 372 4419 1950 4493">
    <p class='ocr_par' dir='ltr' id='par_1_76' title="bbox 372 4419 1950 4493">
     <span class='ocr_line' id='line_1_76' title="bbox 372 4419 1950 4493; baseline 0.003 -23"><span class='ocrx_word' id='word_1_566' title='bbox 372 4421 563 4482; x_wconf 78' lang='grc' dir='ltr'>τόποις</span> <span class='ocrx_word' id='word_1_567' title='bbox 591 4419 688 4490; x_wconf 85' lang='grc' dir='ltr'>τῆς</span> <span class='ocrx_word' id='word_1_568' title='bbox 737 4421 889 4484; x_wconf 85' lang='grc' dir='ltr'>θείας</span> <span class='ocrx_word' id='word_1_569' title='bbox 919 4422 959 4474; x_wconf 89' lang='grc' dir='ltr'><strong><em>Γ</em></strong></span> <span class='ocrx_word' id='word_1_570' title='bbox 965 4425 1164 4492; x_wconf 83' lang='grc' dir='ltr'>ραφῆς,</span> <span class='ocrx_word' id='word_1_571' title='bbox 1211 4421 1332 4474; x_wconf 79' lang='grc' dir='ltr'>ἀντὶ</span> <span class='ocrx_word' id='word_1_572' title='bbox 1365 4421 1658 4491; x_wconf 83' lang='grc' dir='ltr'>βασιλείας,</span> <span class='ocrx_word' id='word_1_573' title='bbox 1692 4424 1720 4477; x_wconf 91' lang='lat'><strong>6</strong></span> <span class='ocrx_word' id='word_1_574' title='bbox 1763 4421 1950 4493; x_wconf 84' lang='grc' dir='ltr'>θρόνος</span> 
     </span>
    </p>
   </div>
   <div class='ocr_carea' id='block_1_77' title="bbox 375 4510 1948 4585">
    <p class='ocr_par' dir='ltr' id='par_1_77' title="bbox 375 4510 1948 4585">
     <span class='ocr_line' id='line_1_77' title="bbox 375 4510 1948 4585; baseline 0.003 -23"><span class='ocrx_word' id='word_1_575' title='bbox 375 4510 731 4579; x_wconf 74' lang='grc' dir='ltr'>ὀνομάζεταιο</span> <span class='ocrx_word' id='word_1_576' title='bbox 765 4511 839 4574; x_wconf 86' lang='grc' dir='ltr'>ὡς</span> <span class='ocrx_word' id='word_1_577' title='bbox 868 4512 965 4566; x_wconf 68' lang='grc' dir='ltr'><strong>κα.)⁸</strong></span> <span class='ocrx_word' id='word_1_578' title='bbox 995 4512 1256 4565; x_wconf 81' lang='grc' dir='ltr'>ἐνταῦθα·</span> <span class='ocrx_word' id='word_1_579' title='bbox 1294 4513 1389 4566; x_wconf 77' lang='grc' dir='ltr'>καὶ</span> <span class='ocrx_word' id='word_1_580' title='bbox 1434 4514 1490 4566; x_wconf 79' lang='grc' dir='ltr'>ὲν</span> <span class='ocrx_word' id='word_1_581' title='bbox 1537 4513 1636 4584; x_wconf 81' lang='grc' dir='ltr'>τῷ,</span> <span class='ocrx_word' id='word_1_582' title='bbox 1677 4514 1737 4567; x_wconf 86' lang='lat'><strong>&#39;0</strong></span> <span class='ocrx_word' id='word_1_583' title='bbox 1760 4513 1948 4585; x_wconf 85' lang='grc' dir='ltr'>θρόνος</span> 
     </span>
    </p>
   </div>
   <div class='ocr_carea' id='block_1_78' title="bbox 378 4601 1950 4667">
    <p class='ocr_par' dir='ltr' id='par_1_78' title="bbox 378 4601 1950 4667">
     <span class='ocr_line' id='line_1_78' title="bbox 378 4601 1950 4667; baseline 0.003 -14"><span class='ocrx_word' id='word_1_584' title='bbox 378 4617 497 4666; x_wconf 87' lang='grc' dir='ltr'>σου,</span> <span class='ocrx_word' id='word_1_585' title='bbox 525 4602 554 4653; x_wconf 91' lang='lat'><strong>6</strong></span> <span class='ocrx_word' id='word_1_586' title='bbox 584 4601 738 4667; x_wconf 83' lang='grc' dir='ltr'>Θεὸς,</span> <span class='ocrx_word' id='word_1_587' title='bbox 771 4604 848 4666; x_wconf 73' lang='grc' dir='ltr'>εἰς</span> <span class='ocrx_word' id='word_1_588' title='bbox 878 4603 968 4656; x_wconf 79' lang='grc' dir='ltr'><strong>τὸν</strong></span> <span class='ocrx_word' id='word_1_589' title='bbox 999 4603 1172 4655; x_wconf 78' lang='grc' dir='ltr'>αἰῶνα</span> <span class='ocrx_word' id='word_1_590' title='bbox 1209 4603 1304 4656; x_wconf 83' lang='grc' dir='ltr'>τοῦ</span> <span class='ocrx_word' id='word_1_591' title='bbox 1335 4603 1551 4666; x_wconf 75' lang='grc' dir='ltr'>αἰῶνος.</span> <span class='ocrx_word' id='word_1_592' title='bbox 1586 4604 1660 4656; x_wconf 84' lang='grc' dir='ltr'>Τὸ</span> <span class='ocrx_word' id='word_1_593' title='bbox 1708 4605 1763 4658; x_wconf 80' lang='grc' dir='ltr'><strong>δὲ</strong></span> <span class='ocrx_word' id='word_1_594' title='bbox 1810 4605 1950 4658; x_wconf 76' lang='grc' dir='ltr'>κατὰ</span> 
     </span>
    </p>
   </div>
   <div class='ocr_carea' id='block_1_79' title="bbox 378 4692 1948 4767">
    <p class='ocr_par' dir='ltr' id='par_1_79' title="bbox 378 4692 1948 4767">
     <span class='ocr_line' id='line_1_79' title="bbox 378 4692 1948 4767; baseline 0.004 -23"><span class='ocrx_word' id='word_1_595' title='bbox 378 4692 560 4762; x_wconf 84' lang='grc' dir='ltr'>σάρκα</span> <span class='ocrx_word' id='word_1_596' title='bbox 610 4693 934 4764; x_wconf 81' lang='grc' dir='ltr'>ἀναστήσειν</span> <span class='ocrx_word' id='word_1_597' title='bbox 986 4693 1077 4746; x_wconf 82' lang='grc' dir='ltr'><strong>τὸν</strong></span> <span class='ocrx_word' id='word_1_598' title='bbox 1123 4695 1373 4764; x_wconf 84' lang='grc' dir='ltr'>Χριστόν.</span> <span class='ocrx_word' id='word_1_599' title='bbox 1427 4695 1500 4747; x_wconf 87' lang='grc' dir='ltr'>Τὸ</span> <span class='ocrx_word' id='word_1_600' title='bbox 1556 4695 1696 4748; x_wconf 86' lang='grc' dir='ltr'>κατὰ</span> <span class='ocrx_word' id='word_1_601' title='bbox 1750 4697 1948 4767; x_wconf 87' lang='grc' dir='ltr'>σάρκα,</span> 
     </span>
    </p>
   </div>
   <div class='ocr_carea' id='block_1_80' title="bbox 377 4779 1951 4853">
    <p class='ocr_par' dir='ltr' id='par_1_80' title="bbox 377 4779 1951 4853">
     <span class='ocr_line' id='line_1_80' title="bbox 377 4779 1951 4853; baseline 0.004 -21"><span class='ocrx_word' id='word_1_602' title='bbox 377 4779 581 4851; x_wconf 76' lang='grc' dir='ltr'>φησιν’</span> <span class='ocrx_word' id='word_1_603' title='bbox 617 4781 676 4833; x_wconf 85' lang='grc' dir='ltr'><strong>τὸ</strong></span> <span class='ocrx_word' id='word_1_604' title='bbox 707 4781 818 4852; x_wconf 80' lang='grc' dir='ltr'><strong>γὰρ</strong></span> <span class='ocrx_word' id='word_1_605' title='bbox 863 4781 1006 4834; x_wconf 83' lang='grc' dir='ltr'>κατὰ</span> <span class='ocrx_word' id='word_1_606' title='bbox 1033 4783 1132 4852; x_wconf 79' lang='grc' dir='ltr'>τὴν</span> <span class='ocrx_word' id='word_1_607' title='bbox 1177 4783 1428 4853; x_wconf 85' lang='grc' dir='ltr'>θεότητα,</span> <span class='ocrx_word' id='word_1_608' title='bbox 1471 4783 1719 4838; x_wconf 81' lang='grc' dir='ltr'>σύνεστιν</span> <span class='ocrx_word' id='word_1_609' title='bbox 1764 4787 1951 4850; x_wconf 84' lang='grc' dir='ltr'>ἁῖδίως</span> 
     </span>
    </p>
   </div>
   <div class='ocr_carea' id='block_1_81' title="bbox 378 4873 1953 4947">
    <p class='ocr_par' dir='ltr' id='par_1_81' title="bbox 378 4873 1953 4947">
     <span class='ocr_line' id='line_1_81' title="bbox 378 4873 1953 4947; baseline 0.003 -21"><span class='ocrx_word' id='word_1_610' title='bbox 378 4873 745 4945; x_wconf 77' lang='grc' dir='ltr'>συνεδριάζων</span> <span class='ocrx_word' id='word_1_611' title='bbox 771 4874 848 4944; x_wconf 79' lang='grc' dir='ltr'>τῷ</span> <span class='ocrx_word' id='word_1_612' title='bbox 884 4876 1082 4945; x_wconf 84' lang='grc' dir='ltr'>Πατρί.</span> <span class='ocrx_word' id='word_1_613' title='bbox 1119 4877 1304 4930; x_wconf 84' lang='grc' dir='ltr'>Πάντα</span> <span class='ocrx_word' id='word_1_614' title='bbox 1333 4876 1388 4928; x_wconf 83' lang='grc' dir='ltr'><strong>δὲ</strong></span> <span class='ocrx_word' id='word_1_615' title='bbox 1431 4877 1719 4946; x_wconf 85' lang='grc' dir='ltr'>ἀνατίθησι</span> <span class='ocrx_word' id='word_1_616' title='bbox 1741 4878 1816 4947; x_wconf 84' lang='grc' dir='ltr'>τῷ</span> <span class='ocrx_word' id='word_1_617' title='bbox 1843 4880 1953 4930; x_wconf 85' lang='grc' dir='ltr'><strong>Πα-</strong></span> 
     </span>
    </p>
   </div>
   <div class='ocr_carea' id='block_1_82' title="bbox 374 4962 1953 5034">
    <p class='ocr_par' dir='ltr' id='par_1_82' title="bbox 374 4962 1953 5034">
     <span class='ocr_line' id='line_1_82' title="bbox 374 4962 1953 5034; baseline 0.001 -19"><span class='ocrx_word' id='word_1_618' title='bbox 374 4964 487 5034; x_wconf 73' lang='grc' dir='ltr'>τρὶ,</span> <span class='ocrx_word' id='word_1_619' title='bbox 517 4963 603 5016; x_wconf 80' lang='grc' dir='ltr'>ἵνα</span> <span class='ocrx_word' id='word_1_620' title='bbox 624 4963 1037 5032; x_wconf 81' lang='grc' dir='ltr'>παραδέξωνται</span> <span class='ocrx_word' id='word_1_621' title='bbox 1060 4964 1199 5026; x_wconf 86' lang='grc' dir='ltr'>τέως</span> <span class='ocrx_word' id='word_1_622' title='bbox 1227 4965 1296 5016; x_wconf 81' lang='grc' dir='ltr'>τὰ</span> <span class='ocrx_word' id='word_1_623' title='bbox 1326 4963 1615 5032; x_wconf 83' lang='grc' dir='ltr'>λεγόμενα.</span> <span class='ocrx_word' id='word_1_624' title='bbox 1652 4963 1810 5014; x_wconf 81' lang='grc' dir='ltr'>Ἀλλὰ</span> <span class='ocrx_word' id='word_1_625' title='bbox 1837 4962 1953 5026; x_wconf 85' lang='grc' dir='ltr'><strong>πῶς</strong></span> 
     </span>
    </p>
   </div>
   <div class='ocr_carea' id='block_1_83' title="bbox 376 5054 1954 5125">
    <p class='ocr_par' dir='ltr' id='par_1_83' title="bbox 376 5054 1954 5125">
     <span class='ocr_line' id='line_1_83' title="bbox 376 5054 1954 5125; baseline 0.001 -19"><span class='ocrx_word' id='word_1_626' title='bbox 376 5055 630 5106; x_wconf 74' lang='grc' dir='ltr'>ἐκάθισεν</span> <span class='ocrx_word' id='word_1_627' title='bbox 659 5054 754 5107; x_wconf 75' lang='grc' dir='ltr'>ἐπὶ</span> <span class='ocrx_word' id='word_1_628' title='bbox 775 5054 966 5125; x_wconf 90' lang='grc' dir='ltr'>θρόνου</span> <span class='ocrx_word' id='word_1_629' title='bbox 997 5055 1194 5120; x_wconf 79' lang='lat' dir='ltr'><strong>Aa6i6;</strong></span> <span class='ocrx_word' id='word_1_630' title='bbox 1238 5055 1362 5107; x_wconf 78' lang='grc' dir='ltr'>Ὀτι</span> <span class='ocrx_word' id='word_1_631' title='bbox 1401 5054 1672 5125; x_wconf 84' lang='grc' dir='ltr'>βασιλεύει</span> <span class='ocrx_word' id='word_1_632' title='bbox 1702 5057 1795 5108; x_wconf 75' lang='grc' dir='ltr'>καὶ</span> <span class='ocrx_word' id='word_1_633' title='bbox 1821 5055 1954 5108; x_wconf 73' lang='grc' dir='ltr'>Ἰου‹</span> 
     </span>
    </p>
   </div>
   <div class='ocr_carea' id='block_1_84' title="bbox 374 5140 1739 5215">
    <p class='ocr_par' dir='ltr' id='par_1_84' title="bbox 374 5140 1739 5215">
     <span class='ocr_line' id='line_1_84' title="bbox 374 5140 1739 5215; baseline 0.002 -21"><span class='ocrx_word' id='word_1_634' title='bbox 374 5140 542 5195; x_wconf 82' lang='grc' dir='ltr'>δαίων</span> <span class='ocrx_word' id='word_1_635' title='bbox 573 5144 669 5196; x_wconf 74' lang='grc' dir='ltr'>καὶ</span> <span class='ocrx_word' id='word_1_636' title='bbox 701 5143 880 5215; x_wconf 83' lang='grc' dir='ltr'>πολλῷ</span> <span class='ocrx_word' id='word_1_637' title='bbox 910 5144 1110 5214; x_wconf 81' lang='grc' dir='ltr'>μᾶλλον</span> <span class='ocrx_word' id='word_1_638' title='bbox 1143 5143 1252 5198; x_wconf 83' lang='grc' dir='ltr'>τῶν</span> <span class='ocrx_word' id='word_1_639' title='bbox 1283 5144 1739 5214; x_wconf 87' lang='grc' dir='ltr'>σταυρωσάντων.</span> 
     </span>
    </p>
   </div>
   <div class='ocr_carea' id='block_1_85' title="bbox 2046 3139 3622 3209">
    <p class='ocr_par' dir='ltr' id='par_1_85' title="bbox 2046 3139 3622 3209">
     <span class='ocr_line' id='line_1_85' title="bbox 2046 3139 3622 3209; baseline 0.002 -21"><span class='ocrx_word' id='word_1_640' title='bbox 2046 3140 2333 3209; x_wconf 80' lang='lat' dir='ltr'><strong>probetur,</strong></span> <span class='ocrx_word' id='word_1_641' title='bbox 2373 3139 2439 3191; x_wconf 91' lang='lat' dir='ltr'><strong>de</strong></span> <span class='ocrx_word' id='word_1_642' title='bbox 2469 3139 2689 3192; x_wconf 83' lang='lat' dir='ltr'><strong>Christo</strong></span> <span class='ocrx_word' id='word_1_643' title='bbox 2721 3139 2922 3191; x_wconf 87' lang='lat' dir='ltr'><strong>dictam</strong></span> <span class='ocrx_word' id='word_1_644' title='bbox 2961 3139 3064 3207; x_wconf 78' lang='lat'><strong>31</strong></span> <span class='ocrx_word' id='word_1_645' title='bbox 3103 3155 3224 3195; x_wconf 86' lang='lat' dir='ltr'><strong>esse</strong></span> <span class='ocrx_word' id='word_1_646' title='bbox 3284 3140 3430 3192; x_wconf 85' lang='lat' dir='ltr'><strong>illam</strong></span> <span class='ocrx_word' id='word_1_647' title='bbox 3496 3156 3622 3208; x_wconf 87' lang='lat' dir='ltr'><strong>pro-</strong></span> 
     </span>
    </p>
   </div>
   <div class='ocr_carea' id='block_1_86' title="bbox 2047 3228 3620 3299">
    <p class='ocr_par' dir='ltr' id='par_1_86' title="bbox 2047 3228 3620 3299">
     <span class='ocr_line' id='line_1_86' title="bbox 2047 3228 3620 3299; baseline -0.003 -15"><span class='ocrx_word' id='word_1_648' title='bbox 2047 3230 2318 3299; x_wconf 82' lang='lat' dir='ltr'><strong>phetiam.</strong></span> <span class='ocrx_word' id='word_1_649' title='bbox 2375 3229 2454 3283; x_wconf 81' lang='lat' dir='ltr'><strong>Ac</strong></span> <span class='ocrx_word' id='word_1_650' title='bbox 2493 3237 2605 3282; x_wconf 88' lang='lat' dir='ltr'><strong>tota</strong></span> <span class='ocrx_word' id='word_1_651' title='bbox 2635 3228 2752 3281; x_wconf 68' lang='lat' dir='ltr'><strong>haec</strong></span> <span class='ocrx_word' id='word_1_652' title='bbox 2791 3229 2939 3281; x_wconf 88' lang='lat' dir='ltr'><strong>illius</strong></span> <span class='ocrx_word' id='word_1_653' title='bbox 2995 3230 3175 3282; x_wconf 80' lang='lat' dir='ltr'><strong>oratio</strong></span> <span class='ocrx_word' id='word_1_654' title='bbox 3213 3229 3477 3297; x_wconf 87' lang='lat' dir='ltr'><strong>disposita</strong></span> <span class='ocrx_word' id='word_1_655' title='bbox 3534 3241 3620 3281; x_wconf 89' lang='lat' dir='ltr'><strong>est</strong></span> 
     </span>
    </p>
   </div>
   <div class='ocr_carea' id='block_1_87' title="bbox 2048 3317 3622 3383">
    <p class='ocr_par' dir='ltr' id='par_1_87' title="bbox 2048 3317 3622 3383">
     <span class='ocr_line' id='line_1_87' title="bbox 2048 3317 3622 3383; baseline -0.001 -10"><span class='ocrx_word' id='word_1_656' title='bbox 2048 3317 2150 3376; x_wconf 83' lang='lat' dir='ltr'><strong>hac.</strong></span> <span class='ocrx_word' id='word_1_657' title='bbox 2176 3320 2407 3374; x_wconf 81' lang='lat' dir='ltr'><strong>ratione.</strong></span> <span class='ocrx_word' id='word_1_658' title='bbox 2454 3319 2586 3372; x_wconf 83' lang='lat' dir='ltr'><strong>Nam</strong></span> <span class='ocrx_word' id='word_1_659' title='bbox 2619 3335 2742 3373; x_wconf 89' lang='lat' dir='ltr'><strong>cum</strong></span> <span class='ocrx_word' id='word_1_660' title='bbox 2777 3320 3027 3382; x_wconf 81' lang='lat' dir='ltr'><strong>dixisset,</strong></span> <span class='ocrx_word' id='word_1_661' title='bbox 3060 3321 3125 3372; x_wconf 86' lang='lat' dir='ltr'><strong>Et</strong></span> <span class='ocrx_word' id='word_1_662' title='bbox 3154 3327 3400 3374; x_wconf 80' lang='lat' dir='ltr'><strong>mortuus</strong></span> <span class='ocrx_word' id='word_1_663' title='bbox 3433 3327 3537 3383; x_wconf 88' lang='lat' dir='ltr'><strong>est,</strong></span> <span class='ocrx_word' id='word_1_664' title='bbox 3565 3329 3622 3373; x_wconf 89' lang='lat' dir='ltr'><strong>et</strong></span> 
     </span>
    </p>
   </div>
   <div class='ocr_carea' id='block_1_88' title="bbox 2051 3410 3622 3482">
    <p class='ocr_par' dir='ltr' id='par_1_88' title="bbox 2051 3410 3622 3482">
     <span class='ocr_line' id='line_1_88' title="bbox 2051 3410 3622 3482; baseline -0.004 -13"><span class='ocrx_word' id='word_1_665' title='bbox 2051 3414 2300 3482; x_wconf 85' lang='lat' dir='ltr'><strong>sepultus</strong></span> <span class='ocrx_word' id='word_1_666' title='bbox 2327 3422 2412 3467; x_wconf 87' lang='lat' dir='ltr'><strong>est</strong></span> <span class='ocrx_word' id='word_1_667' title='bbox 2442 3432 2454 3466; x_wconf 91' lang='lat'><strong>:</strong></span> <span class='ocrx_word' id='word_1_668' title='bbox 2487 3427 2594 3466; x_wconf 89' lang='lat' dir='ltr'><strong>non</strong></span> <span class='ocrx_word' id='word_1_669' title='bbox 2637 3412 2812 3466; x_wconf 81' lang='lat' dir='ltr'><strong>dixit:</strong></span> <span class='ocrx_word' id='word_1_670' title='bbox 2857 3411 2922 3466; x_wconf 87' lang='lat' dir='ltr'><strong>Et</strong></span> <span class='ocrx_word' id='word_1_671' title='bbox 2974 3413 3271 3468; x_wconf 87' lang='lat' dir='ltr'><strong>resurrexit</strong></span> <span class='ocrx_word' id='word_1_672' title='bbox 3307 3429 3321 3464; x_wconf 91' lang='lat'><strong>:</strong></span> <span class='ocrx_word' id='word_1_673' title='bbox 3354 3411 3468 3475; x_wconf 86' lang='lat' dir='ltr'><strong>sed,</strong></span> <span class='ocrx_word' id='word_1_674' title='bbox 3506 3410 3622 3463; x_wconf 84' lang='lat' dir='ltr'><strong>Mo-</strong></span> 
     </span>
    </p>
   </div>
   <div class='ocr_carea' id='block_1_89' title="bbox 2050 3500 3620 3574">
    <p class='ocr_par' dir='ltr' id='par_1_89' title="bbox 2050 3500 3620 3574">
     <span class='ocr_line' id='line_1_89' title="bbox 2050 3500 3620 3574; baseline -0.003 -16"><span class='ocrx_word' id='word_1_675' title='bbox 2050 3511 2372 3558; x_wconf 90' lang='lat' dir='ltr'><strong>numentum</strong></span> <span class='ocrx_word' id='word_1_676' title='bbox 2410 3505 2555 3558; x_wconf 88' lang='lat' dir='ltr'><strong>illius</strong></span> <span class='ocrx_word' id='word_1_677' title='bbox 2589 3513 2674 3558; x_wconf 81' lang='lat' dir='ltr'><strong>est</strong></span> <span class='ocrx_word' id='word_1_678' title='bbox 2724 3503 2866 3574; x_wconf 89' lang='lat' dir='ltr'><strong>apttd</strong></span> <span class='ocrx_word' id='word_1_679' title='bbox 2926 3517 3046 3557; x_wconf 92' lang='lat' dir='ltr'><strong>nos.</strong></span> <span class='ocrx_word' id='word_1_680' title='bbox 3079 3500 3232 3568; x_wconf 87' lang='lat' dir='ltr'><strong>Quod</strong></span> <span class='ocrx_word' id='word_1_681' title='bbox 3264 3501 3485 3570; x_wconf 78' lang='lat' dir='ltr'><strong>perinde</strong></span> <span class='ocrx_word' id='word_1_682' title='bbox 3513 3508 3620 3562; x_wconf 85' lang='lat' dir='ltr'><strong>est.</strong></span> 
     </span>
    </p>
   </div>
   <div class='ocr_carea' id='block_1_90' title="bbox 2051 3591 3622 3661">
    <p class='ocr_par' dir='ltr' id='par_1_90' title="bbox 2051 3591 3622 3661">
     <span class='ocr_line' id='line_1_90' title="bbox 2051 3591 3622 3661; baseline -0.002 -15"><span class='ocrx_word' id='word_1_683' title='bbox 2051 3607 2115 3648; x_wconf 85' lang='lat' dir='ltr'><strong>ac</strong></span> <span class='ocrx_word' id='word_1_684' title='bbox 2146 3596 2191 3648; x_wconf 91' lang='lat' dir='ltr'><strong>si</strong></span> <span class='ocrx_word' id='word_1_685' title='bbox 2215 3593 2476 3649; x_wconf 87' lang='lat' dir='ltr'><strong>dixisset:</strong></span> <span class='ocrx_word' id='word_1_686' title='bbox 2516 3593 2634 3648; x_wconf 79' lang='lat' dir='ltr'><strong>Non</strong></span> <span class='ocrx_word' id='word_1_687' title='bbox 2668 3595 2992 3650; x_wconf 78' lang='lat' dir='ltr'><strong>resurrexit.</strong></span> <span class='ocrx_word' id='word_1_688' title='bbox 3027 3591 3232 3648; x_wconf 85' lang='lat' dir='ltr'><strong>Deinde</strong></span> <span class='ocrx_word' id='word_1_689' title='bbox 3265 3609 3331 3648; x_wconf 88' lang='lat' dir='ltr'><strong>ne</strong></span> <span class='ocrx_word' id='word_1_690' title='bbox 3375 3593 3454 3649; x_wconf 90' lang='lat' dir='ltr'><strong>sic</strong></span> <span class='ocrx_word' id='word_1_691' title='bbox 3499 3592 3622 3661; x_wconf 82' lang='lat' dir='ltr'><strong>qui-</strong></span> 
     </span>
    </p>
   </div>
   <div class='ocr_carea' id='block_1_91' title="bbox 2051 3683 3622 3738">
    <p class='ocr_par' dir='ltr' id='par_1_91' title="bbox 2051 3683 3622 3738">
     <span class='ocr_line' id='line_1_91' title="bbox 2051 3683 3622 3738; baseline -0.003 0"><span class='ocrx_word' id='word_1_692' title='bbox 2051 3683 2174 3738; x_wconf 85' lang='lat' dir='ltr'><strong>dem</strong></span> <span class='ocrx_word' id='word_1_693' title='bbox 2208 3684 2354 3737; x_wconf 86' lang='lat' dir='ltr'><strong>venit</strong></span> <span class='ocrx_word' id='word_1_694' title='bbox 2381 3684 2448 3736; x_wconf 91' lang='lat' dir='ltr'><strong>ad</strong></span> <span class='ocrx_word' id='word_1_695' title='bbox 2476 3685 2759 3738; x_wconf 78' lang='lat' dir='ltr'><strong>Christum</strong></span> <span class='ocrx_word' id='word_1_696' title='bbox 2805 3702 2818 3737; x_wconf 90' lang='lat'><strong>:</strong></span> <span class='ocrx_word' id='word_1_697' title='bbox 2853 3683 2946 3738; x_wconf 83' lang='lat' dir='ltr'><strong>sed</strong></span> <span class='ocrx_word' id='word_1_698' title='bbox 2995 3700 3191 3738; x_wconf 88' lang='lat' dir='ltr'><strong>rursus</strong></span> <span class='ocrx_word' id='word_1_699' title='bbox 3240 3684 3405 3738; x_wconf 83' lang='lat' dir='ltr'><strong>David</strong></span> <span class='ocrx_word' id='word_1_700' title='bbox 3435 3684 3622 3737; x_wconf 73' lang='lat' dir='ltr'><strong>lauda-</strong></span> 
     </span>
    </p>
   </div>
   <div class='ocr_carea' id='block_1_92' title="bbox 2053 3773 3627 3843">
    <p class='ocr_par' dir='ltr' id='par_1_92' title="bbox 2053 3773 3627 3843">
     <span class='ocr_line' id='line_1_92' title="bbox 2053 3773 3627 3843; baseline 0 -15"><span class='ocrx_word' id='word_1_701' title='bbox 2053 3783 2172 3834; x_wconf 92' lang='lat' dir='ltr'><strong>tur,</strong></span> <span class='ocrx_word' id='word_1_702' title='bbox 2242 3787 2307 3826; x_wconf 89' lang='lat' dir='ltr'><strong>ac</strong></span> <span class='ocrx_word' id='word_1_703' title='bbox 2339 3788 2433 3841; x_wconf 90' lang='lat' dir='ltr'><strong>per</strong></span> <span class='ocrx_word' id='word_1_704' title='bbox 2465 3773 2677 3838; x_wconf 87' lang='lat' dir='ltr'><strong>laudes,</strong></span> <span class='ocrx_word' id='word_1_705' title='bbox 2701 3774 2903 3842; x_wconf 85' lang='lat' dir='ltr'><strong>quibus</strong></span> <span class='ocrx_word' id='word_1_706' title='bbox 2932 3773 3081 3826; x_wconf 90' lang='lat' dir='ltr'><strong>illum</strong></span> <span class='ocrx_word' id='word_1_707' title='bbox 3110 3774 3370 3840; x_wconf 85' lang='lat' dir='ltr'><strong>celebrat,</strong></span> <span class='ocrx_word' id='word_1_708' title='bbox 3401 3789 3627 3843; x_wconf 82' lang='lat' dir='ltr'><strong>progre-</strong></span> 
     </span>
    </p>
   </div>
   <div class='ocr_carea' id='block_1_93' title="bbox 2056 3853 3625 3935">
    <p class='ocr_par' dir='ltr' id='par_1_93' title="bbox 2056 3853 3625 3935">
     <span class='ocr_line' id='line_1_93' title="bbox 2056 3853 3625 3935; baseline -0.003 -15"><span class='ocrx_word' id='word_1_709' title='bbox 2056 3865 2206 3920; x_wconf 87' lang='lat' dir='ltr'><strong>ditur</strong></span> <span class='ocrx_word' id='word_1_710' title='bbox 2234 3879 2346 3935; x_wconf 92' lang='lat' dir='ltr'><strong>quo</strong></span> <span class='ocrx_word' id='word_1_711' title='bbox 2376 3865 2556 3920; x_wconf 86' lang='lat' dir='ltr'><strong>oratio</strong></span> <span class='ocrx_word' id='word_1_712' title='bbox 2613 3866 2919 3934; x_wconf 84' lang='lat' dir='ltr'><strong>spectabat.</strong></span> <span class='ocrx_word' id='word_1_713' title='bbox 2986 3865 3200 3919; x_wconf 86' lang='lat' dir='ltr'><strong>Etenim</strong></span> <span class='ocrx_word' id='word_1_714' title='bbox 3254 3853 3460 3919; x_wconf 76' lang='lat' dir='ltr'><strong>idcirco</strong></span> <span class='ocrx_word' id='word_1_715' title='bbox 3509 3865 3625 3917; x_wconf 69' lang='lat' dir='ltr'><strong>haec</strong></span> 
     </span>
    </p>
   </div>
   <div class='ocr_carea' id='block_1_94' title="bbox 2051 3955 3626 4026">
    <p class='ocr_par' dir='ltr' id='par_1_94' title="bbox 2051 3955 3626 4026">
     <span class='ocr_line' id='line_1_94' title="bbox 2051 3955 3626 4026; baseline -0.003 -16"><span class='ocrx_word' id='word_1_716' title='bbox 2051 3957 2205 4021; x_wconf 89' lang='lat' dir='ltr'><strong>dicit,</strong></span> <span class='ocrx_word' id='word_1_717' title='bbox 2241 3965 2298 4010; x_wconf 89' lang='lat' dir='ltr'><strong>ut</strong></span> <span class='ocrx_word' id='word_1_718' title='bbox 2325 3966 2548 4026; x_wconf 88' lang='lat' dir='ltr'><strong>propter</strong></span> <span class='ocrx_word' id='word_1_719' title='bbox 2600 3957 2748 4009; x_wconf 90' lang='lat' dir='ltr'><strong>illius</strong></span> <span class='ocrx_word' id='word_1_720' title='bbox 2785 3957 3049 4010; x_wconf 84' lang='lat' dir='ltr'><strong>honorem</strong></span> <span class='ocrx_word' id='word_1_721' title='bbox 3080 3964 3133 4008; x_wconf 89' lang='lat' dir='ltr'><strong>et</strong></span> <span class='ocrx_word' id='word_1_722' title='bbox 3169 3970 3340 4024; x_wconf 77' lang='lat' dir='ltr'><strong>genus</strong></span> <span class='ocrx_word' id='word_1_723' title='bbox 3392 3955 3626 4024; x_wconf 88' lang='lat' dir='ltr'><strong>probent</strong></span> 
     </span>
    </p>
   </div>
   <div class='ocr_carea' id='block_1_95' title="bbox 2053 4042 3626 4114">
    <p class='ocr_par' dir='ltr' id='par_1_95' title="bbox 2053 4042 3626 4114">
     <span class='ocr_line' id='line_1_95' title="bbox 2053 4042 3626 4114; baseline -0.006 -12"><span class='ocrx_word' id='word_1_724' title='bbox 2053 4048 2358 4102; x_wconf 82' lang='lat' dir='ltr'><strong>orationem</strong></span> <span class='ocrx_word' id='word_1_725' title='bbox 2407 4047 2475 4100; x_wconf 87' lang='lat' dir='ltr'><strong>de</strong></span> <span class='ocrx_word' id='word_1_726' title='bbox 2523 4046 2980 4101; x_wconf 88' lang='lat' dir='ltr'><strong>resurrectione:</strong></span> <span class='ocrx_word' id='word_1_727' title='bbox 3032 4045 3188 4114; x_wconf 87' lang='lat' dir='ltr'><strong>quasi</strong></span> <span class='ocrx_word' id='word_1_728' title='bbox 3231 4051 3285 4097; x_wconf 89' lang='lat' dir='ltr'><strong>et</strong></span> <span class='ocrx_word' id='word_1_729' title='bbox 3339 4042 3626 4111; x_wconf 83' lang='lat' dir='ltr'><strong>prophetia</strong></span> 
     </span>
    </p>
   </div>
   <div class='ocr_carea' id='block_1_96' title="bbox 2055 4132 3622 4204">
    <p class='ocr_par' dir='ltr' id='par_1_96' title="bbox 2055 4132 3622 4204">
     <span class='ocr_line' id='line_1_96' title="bbox 2055 4132 3622 4204; baseline -0.005 -12"><span class='ocrx_word' id='word_1_730' title='bbox 2055 4137 2307 4204; x_wconf 68' lang='lat' dir='ltr'><strong>laedatur,</strong></span> <span class='ocrx_word' id='word_1_731' title='bbox 2346 4138 2451 4193; x_wconf 82' lang='lat' dir='ltr'><strong>nisi</strong></span> <span class='ocrx_word' id='word_1_732' title='bbox 2506 4138 2610 4193; x_wconf 84' lang='lat' dir='ltr'><strong>hoc</strong></span> <span class='ocrx_word' id='word_1_733' title='bbox 2636 4148 2800 4202; x_wconf 89' lang='lat' dir='ltr'><strong>esset,</strong></span> <span class='ocrx_word' id='word_1_734' title='bbox 2847 4145 2900 4191; x_wconf 91' lang='lat' dir='ltr'><strong>et</strong></span> <span class='ocrx_word' id='word_1_735' title='bbox 2933 4137 3149 4189; x_wconf 84' lang='lat' dir='ltr'><strong>illorum</strong></span> <span class='ocrx_word' id='word_1_736' title='bbox 3187 4135 3363 4188; x_wconf 90' lang='lat' dir='ltr'><strong>honor</strong></span> <span class='ocrx_word' id='word_1_737' title='bbox 3417 4132 3622 4186; x_wconf 82' lang='lat' dir='ltr'><strong>labefa-</strong></span> 
     </span>
    </p>
   </div>
   <div class='ocr_carea' id='block_1_97' title="bbox 2054 4221 3624 4297">
    <p class='ocr_par' dir='ltr' id='par_1_97' title="bbox 2054 4221 3624 4297">
     <span class='ocr_line' id='line_1_97' title="bbox 2054 4221 3624 4297; baseline -0.006 -13"><span class='ocrx_word' id='word_1_738' title='bbox 2054 4237 2248 4284; x_wconf 84' lang='lat' dir='ltr'><strong>ctetur.</strong></span> <span class='ocrx_word' id='word_1_739' title='bbox 2285 4228 2654 4297; x_wconf 83' lang='lat' dir='ltr'><strong>Jurejurando</strong></span> <span class='ocrx_word' id='word_1_740' title='bbox 2681 4229 3066 4284; x_wconf 85' lang='lat' dir='ltr'><strong>confirmasset</strong></span> <span class='ocrx_word' id='word_1_741' title='bbox 3109 4225 3160 4279; x_wconf 89' lang='lat' dir='ltr'><strong>ei</strong></span> <span class='ocrx_word' id='word_1_742' title='bbox 3195 4224 3352 4279; x_wconf 89' lang='lat' dir='ltr'><strong>Deus.</strong></span> <span class='ocrx_word' id='word_1_743' title='bbox 3386 4221 3502 4275; x_wconf 78' lang='lat' dir='ltr'><strong>Non</strong></span> <span class='ocrx_word' id='word_1_744' title='bbox 3537 4222 3624 4275; x_wconf 87' lang='lat' dir='ltr'><strong>di-</strong></span> 
     </span>
    </p>
   </div>
   <div class='ocr_carea' id='block_1_98' title="bbox 2061 4315 3624 4388">
    <p class='ocr_par' dir='ltr' id='par_1_98' title="bbox 2061 4315 3624 4388">
     <span class='ocr_line' id='line_1_98' title="bbox 2061 4315 3624 4388; baseline -0.005 -16"><span class='ocrx_word' id='word_1_745' title='bbox 2061 4319 2158 4383; x_wconf 84' lang='lat' dir='ltr'><strong>xit,</strong></span> <span class='ocrx_word' id='word_1_746' title='bbox 2195 4321 2562 4388; x_wconf 81' lang='lat' dir='ltr'><strong>promisisset,</strong></span> <span class='ocrx_word' id='word_1_747' title='bbox 2596 4319 2713 4386; x_wconf 89' lang='lat' dir='ltr'><strong>sed,</strong></span> <span class='ocrx_word' id='word_1_748' title='bbox 2755 4319 3015 4388; x_wconf 85' lang='lat' dir='ltr'><strong>jurasset,</strong></span> <span class='ocrx_word' id='word_1_749' title='bbox 3053 4317 3382 4386; x_wconf 87' lang='lat' dir='ltr'><strong>promissum</strong></span> <span class='ocrx_word' id='word_1_750' title='bbox 3413 4315 3624 4382; x_wconf 75' lang='lat' dir='ltr'><strong>signifi-</strong></span> 
     </span>
    </p>
   </div>
   <div class='ocr_carea' id='block_1_99' title="bbox 2056 4403 3626 4482">
    <p class='ocr_par' dir='ltr' id='par_1_99' title="bbox 2056 4403 3626 4482">
     <span class='ocr_line' id='line_1_99' title="bbox 2056 4403 3626 4482; baseline -0.006 -16"><span class='ocrx_word' id='word_1_751' title='bbox 2056 4427 2213 4478; x_wconf 76' lang='lat' dir='ltr'><strong>cans,</strong></span> <span class='ocrx_word' id='word_1_752' title='bbox 2246 4414 2302 4466; x_wconf 92' lang='lat' dir='ltr'><strong>in</strong></span> <span class='ocrx_word' id='word_1_753' title='bbox 2341 4428 2449 4482; x_wconf 85' lang='lat' dir='ltr'><strong>quo</strong></span> <span class='ocrx_word' id='word_1_754' title='bbox 2482 4412 2674 4467; x_wconf 83' lang='lat' dir='ltr'><strong>fallere</strong></span> <span class='ocrx_word' id='word_1_755' title='bbox 2705 4426 2768 4465; x_wconf 86' lang='lat' dir='ltr'><strong>ac</strong></span> <span class='ocrx_word' id='word_1_756' title='bbox 2799 4409 3051 4464; x_wconf 88' lang='lat' dir='ltr'><strong>frustrari</strong></span> <span class='ocrx_word' id='word_1_757' title='bbox 3085 4409 3166 4462; x_wconf 88' lang='lat' dir='ltr'><strong>fas</strong></span> <span class='ocrx_word' id='word_1_758' title='bbox 3198 4423 3306 4460; x_wconf 91' lang='lat' dir='ltr'><strong>non</strong></span> <span class='ocrx_word' id='word_1_759' title='bbox 3327 4412 3492 4460; x_wconf 85' lang='lat' dir='ltr'><strong>esset.</strong></span> <span class='ocrx_word' id='word_1_760' title='bbox 3521 4403 3626 4470; x_wconf 86' lang='lat' dir='ltr'><strong>Qui</strong></span> 
     </span>
    </p>
   </div>
   <div class='ocr_carea' id='block_1_100' title="bbox 2057 4494 3626 4559">
    <p class='ocr_par' dir='ltr' id='par_1_100' title="bbox 2057 4494 3626 4559">
     <span class='ocr_line' id='line_1_100' title="bbox 2057 4494 3626 4559; baseline -0.008 0"><span class='ocrx_word' id='word_1_761' title='bbox 2057 4506 2272 4559; x_wconf 81' lang='lat' dir='ltr'><strong>sederet</strong></span> <span class='ocrx_word' id='word_1_762' title='bbox 2310 4504 2363 4558; x_wconf 93' lang='lat' dir='ltr'><strong>in</strong></span> <span class='ocrx_word' id='word_1_763' title='bbox 2397 4504 2726 4558; x_wconf 89' lang='lat' dir='ltr'><strong>solioillitts.</strong></span> <span class='ocrx_word' id='word_1_764' title='bbox 2752 4502 2809 4556; x_wconf 90' lang='lat' dir='ltr'><strong>In</strong></span> <span class='ocrx_word' id='word_1_765' title='bbox 2833 4501 3022 4556; x_wconf 90' lang='lat' dir='ltr'><strong>multis</strong></span> <span class='ocrx_word' id='word_1_766' title='bbox 3068 4500 3202 4553; x_wconf 92' lang='lat' dir='ltr'><strong>locis</strong></span> <span class='ocrx_word' id='word_1_767' title='bbox 3238 4497 3434 4551; x_wconf 78' lang='lat' dir='ltr'><strong>divina:</strong></span> <span class='ocrx_word' id='word_1_768' title='bbox 3473 4494 3626 4548; x_wconf 87' lang='lat' dir='ltr'><strong>Scri-</strong></span> 
     </span>
    </p>
   </div>
   <div class='ocr_carea' id='block_1_101' title="bbox 2055 4586 3626 4666">
    <p class='ocr_par' dir='ltr' id='par_1_101' title="bbox 2055 4586 3626 4666">
     <span class='ocr_line' id='line_1_101' title="bbox 2055 4586 3626 4666; baseline -0.005 -19"><span class='ocrx_word' id='word_1_769' title='bbox 2055 4603 2251 4664; x_wconf 68' lang='lat' dir='ltr'><strong>pturaa,</strong></span> <span class='ocrx_word' id='word_1_770' title='bbox 2301 4610 2403 4664; x_wconf 87' lang='lat' dir='ltr'><strong>pro</strong></span> <span class='ocrx_word' id='word_1_771' title='bbox 2443 4609 2611 4666; x_wconf 80' lang='lat' dir='ltr'><strong>regno</strong></span> <span class='ocrx_word' id='word_1_772' title='bbox 2659 4594 2858 4649; x_wconf 88' lang='lat' dir='ltr'><strong>solium</strong></span> <span class='ocrx_word' id='word_1_773' title='bbox 2901 4592 3165 4661; x_wconf 78' lang='lat' dir='ltr'><strong>accipitur</strong></span> <span class='ocrx_word' id='word_1_774' title='bbox 3212 4605 3226 4642; x_wconf 91' lang='lat'><strong>:</strong></span> <span class='ocrx_word' id='word_1_775' title='bbox 3269 4587 3518 4642; x_wconf 87' lang='lat' dir='ltr'><strong>utetiam</strong></span> <span class='ocrx_word' id='word_1_776' title='bbox 3571 4586 3626 4640; x_wconf 91' lang='lat' dir='ltr'><strong>in</strong></span> 
     </span>
    </p>
   </div>
   <div class='ocr_carea' id='block_1_102' title="bbox 2058 4678 3628 4748">
    <p class='ocr_par' dir='ltr' id='par_1_102' title="bbox 2058 4678 3628 4748">
     <span class='ocr_line' id='line_1_102' title="bbox 2058 4678 3628 4748; baseline -0.007 -10"><span class='ocrx_word' id='word_1_777' title='bbox 2058 4685 2161 4741; x_wconf 83' lang='lat' dir='ltr'><strong>hoc</strong></span> <span class='ocrx_word' id='word_1_778' title='bbox 2187 4686 2326 4748; x_wconf 89' lang='lat' dir='ltr'><strong>loco,</strong></span> <span class='ocrx_word' id='word_1_779' title='bbox 2382 4696 2436 4740; x_wconf 93' lang='lat' dir='ltr'><strong>et</strong></span> <span class='ocrx_word' id='word_1_780' title='bbox 2465 4687 2522 4738; x_wconf 87' lang='lat' dir='ltr'><strong>in</strong></span> <span class='ocrx_word' id='word_1_781' title='bbox 2546 4685 2680 4738; x_wconf 89' lang='lat' dir='ltr'><strong>illo:</strong></span> <span class='ocrx_word' id='word_1_782' title='bbox 2719 4684 2930 4738; x_wconf 89' lang='lat' dir='ltr'><strong>Solium</strong></span> <span class='ocrx_word' id='word_1_783' title='bbox 2960 4690 3134 4742; x_wconf 89' lang='lat' dir='ltr'><strong>tuum,</strong></span> <span class='ocrx_word' id='word_1_784' title='bbox 3180 4679 3342 4740; x_wconf 90' lang='lat' dir='ltr'><strong>Deus,</strong></span> <span class='ocrx_word' id='word_1_785' title='bbox 3381 4678 3432 4728; x_wconf 91' lang='lat' dir='ltr'><strong>in</strong></span> <span class='ocrx_word' id='word_1_786' title='bbox 3458 4691 3628 4730; x_wconf 63' lang='lat' dir='ltr'><strong>saecu-</strong></span> 
     </span>
    </p>
   </div>
   <div class='ocr_carea' id='block_1_103' title="bbox 2053 4768 3624 4844">
    <p class='ocr_par' dir='ltr' id='par_1_103' title="bbox 2053 4768 3624 4844">
     <span class='ocr_line' id='line_1_103' title="bbox 2053 4768 3624 4844; baseline -0.008 -14"><span class='ocrx_word' id='word_1_787' title='bbox 2053 4777 2166 4831; x_wconf 90' lang='lat' dir='ltr'><strong>lum</strong></span> <span class='ocrx_word' id='word_1_788' title='bbox 2201 4779 2385 4833; x_wconf 61' lang='lat' dir='ltr'><strong>sazculi</strong></span> <span class='ocrx_word' id='word_1_789' title='bbox 2425 4795 2440 4842; x_wconf 90' lang='lat'><strong>;</strong></span> <span class='ocrx_word' id='word_1_790' title='bbox 2470 4777 2603 4830; x_wconf 87' lang='lat' dir='ltr'><strong>itlttd</strong></span> <span class='ocrx_word' id='word_1_791' title='bbox 2631 4785 2838 4839; x_wconf 84' lang='lat' dir='ltr'><strong>autem,</strong></span> <span class='ocrx_word' id='word_1_792' title='bbox 2879 4775 3023 4844; x_wconf 91' lang='lat' dir='ltr'><strong>quod</strong></span> <span class='ocrx_word' id='word_1_793' title='bbox 3061 4771 3130 4825; x_wconf 86' lang='lat' dir='ltr'><strong>ad</strong></span> <span class='ocrx_word' id='word_1_794' title='bbox 3153 4785 3371 4824; x_wconf 88' lang='lat' dir='ltr'><strong>carnem</strong></span> <span class='ocrx_word' id='word_1_795' title='bbox 3403 4768 3624 4830; x_wconf 87' lang='lat' dir='ltr'><strong>attinet,</strong></span> 
     </span>
    </p>
   </div>
   <div class='ocr_carea' id='block_1_104' title="bbox 2056 4860 3626 4933">
    <p class='ocr_par' dir='ltr' id='par_1_104' title="bbox 2056 4860 3626 4933">
     <span class='ocr_line' id='line_1_104' title="bbox 2056 4860 3626 4933; baseline -0.008 -10"><span class='ocrx_word' id='word_1_796' title='bbox 2056 4869 2325 4924; x_wconf 86' lang='lat' dir='ltr'><strong>excitaret</strong></span> <span class='ocrx_word' id='word_1_797' title='bbox 2349 4869 2633 4924; x_wconf 86' lang='lat' dir='ltr'><strong>Christum</strong></span> <span class='ocrx_word' id='word_1_798' title='bbox 2668 4885 2684 4922; x_wconf 91' lang='lat'><strong>:</strong></span> <span class='ocrx_word' id='word_1_799' title='bbox 2713 4866 2868 4933; x_wconf 81' lang='lat' dir='ltr'><strong>Quod</strong></span> <span class='ocrx_word' id='word_1_800' title='bbox 2919 4865 2987 4918; x_wconf 81' lang='lat' dir='ltr'><strong>ad</strong></span> <span class='ocrx_word' id='word_1_801' title='bbox 3027 4877 3249 4917; x_wconf 90' lang='lat' dir='ltr'><strong>carnem</strong></span> <span class='ocrx_word' id='word_1_802' title='bbox 3292 4862 3511 4923; x_wconf 88' lang='lat' dir='ltr'><strong>attinet,</strong></span> <span class='ocrx_word' id='word_1_803' title='bbox 3541 4860 3626 4911; x_wconf 91' lang='lat' dir='ltr'><strong>in-</strong></span> 
     </span>
    </p>
   </div>
   <div class='ocr_carea' id='block_1_105' title="bbox 2057 4954 3627 5030">
    <p class='ocr_par' dir='ltr' id='par_1_105' title="bbox 2057 4954 3627 5030">
     <span class='ocr_line' id='line_1_105' title="bbox 2057 4954 3627 5030; baseline -0.009 -17"><span class='ocrx_word' id='word_1_804' title='bbox 2057 4962 2197 5029; x_wconf 91' lang='lat' dir='ltr'><strong>quit.</strong></span> <span class='ocrx_word' id='word_1_805' title='bbox 2231 4959 2366 5014; x_wconf 77' lang='lat' dir='ltr'><strong>Nam</strong></span> <span class='ocrx_word' id='word_1_806' title='bbox 2402 4961 2546 5030; x_wconf 91' lang='lat' dir='ltr'><strong>quod</strong></span> <span class='ocrx_word' id='word_1_807' title='bbox 2617 4960 2822 5012; x_wconf 82' lang='lat' dir='ltr'><strong>attinet</strong></span> <span class='ocrx_word' id='word_1_808' title='bbox 2874 4954 2945 5008; x_wconf 86' lang='lat' dir='ltr'><strong>ad</strong></span> <span class='ocrx_word' id='word_1_809' title='bbox 2992 4954 3272 5016; x_wconf 86' lang='lat' dir='ltr'><strong>deitatem,</strong></span> <span class='ocrx_word' id='word_1_810' title='bbox 3338 4967 3446 5004; x_wconf 85' lang='lat' dir='ltr'><strong>una</strong></span> <span class='ocrx_word' id='word_1_811' title='bbox 3503 4965 3627 5004; x_wconf 89' lang='lat' dir='ltr'><strong>cum</strong></span> 
     </span>
    </p>
   </div>
   <div class='ocr_carea' id='block_1_106' title="bbox 2055 5043 3627 5122">
    <p class='ocr_par' dir='ltr' id='par_1_106' title="bbox 2055 5043 3627 5122">
     <span class='ocr_line' id='line_1_106' title="bbox 2055 5043 3627 5122; baseline -0.009 -16"><span class='ocrx_word' id='word_1_812' title='bbox 2055 5052 2225 5109; x_wconf 80' lang='lat' dir='ltr'><strong>Patre</strong></span> <span class='ocrx_word' id='word_1_813' title='bbox 2251 5065 2335 5108; x_wconf 86' lang='lat' dir='ltr'><strong>est</strong></span> <span class='ocrx_word' id='word_1_814' title='bbox 2362 5069 2392 5107; x_wconf 71' lang='grc' dir='ltr'><strong>τι</strong></span> <span class='ocrx_word' id='word_1_815' title='bbox 2421 5053 2770 5122; x_wconf 85' lang='lat' dir='ltr'><strong>sempiternis</strong></span> <span class='ocrx_word' id='word_1_816' title='bbox 2819 5048 3040 5104; x_wconf 73' lang='lat' dir='ltr'><strong>saeculis</strong></span> <span class='ocrx_word' id='word_1_817' title='bbox 3074 5045 3297 5100; x_wconf 82' lang='lat' dir='ltr'><strong>sedens.</strong></span> <span class='ocrx_word' id='word_1_818' title='bbox 3332 5043 3481 5096; x_wconf 80' lang='lat' dir='ltr'><strong>Patri</strong></span> <span class='ocrx_word' id='word_1_819' title='bbox 3529 5056 3627 5093; x_wconf 83' lang='lat' dir='ltr'><strong>att-</strong></span> 
     </span>
    </p>
   </div>
   <div class='ocr_carea' id='block_1_107' title="bbox 2060 5133 3627 5207">
    <p class='ocr_par' dir='ltr' id='par_1_107' title="bbox 2060 5133 3627 5207">
     <span class='ocr_line' id='line_1_107' title="bbox 2060 5133 3627 5207; baseline -0.01 -9"><span class='ocrx_word' id='word_1_820' title='bbox 2060 5153 2170 5200; x_wconf 87' lang='lat' dir='ltr'><strong>tem</strong></span> <span class='ocrx_word' id='word_1_821' title='bbox 2203 5146 2387 5200; x_wconf 88' lang='lat' dir='ltr'><strong>omnia</strong></span> <span class='ocrx_word' id='word_1_822' title='bbox 2416 5145 2686 5207; x_wconf 88' lang='lat' dir='ltr'><strong>attribuit,</strong></span> <span class='ocrx_word' id='word_1_823' title='bbox 2724 5149 2782 5196; x_wconf 93' lang='lat' dir='ltr'><strong>ut</strong></span> <span class='ocrx_word' id='word_1_824' title='bbox 2803 5141 3096 5194; x_wconf 87' lang='lat' dir='ltr'><strong>admittant</strong></span> <span class='ocrx_word' id='word_1_825' title='bbox 3135 5152 3199 5190; x_wconf 85' lang='lat' dir='ltr'><strong>ac</strong></span> <span class='ocrx_word' id='word_1_826' title='bbox 3233 5135 3463 5205; x_wconf 84' lang='lat' dir='ltr'><strong>probent</strong></span> <span class='ocrx_word' id='word_1_827' title='bbox 3487 5133 3627 5184; x_wconf 85' lang='lat' dir='ltr'><strong>inte—</strong></span> 
     </span>
    </p>
   </div>
   <div class='ocr_carea' id='block_1_108' title="bbox 375 5224 3628 5312">
    <p class='ocr_par' dir='ltr' id='par_1_108' title="bbox 375 5224 3628 5312">
     <span class='ocr_line' id='line_1_108' title="bbox 375 5224 3628 5312; baseline -0.006 -17"><span class='ocrx_word' id='word_1_828' title='bbox 375 5238 478 5294; x_wconf 86' lang='lat' dir='ltr'><strong>rim</strong></span> <span class='ocrx_word' id='word_1_829' title='bbox 516 5257 637 5312; x_wconf 81' lang='lat' dir='ltr'><strong>qua:</strong></span> <span class='ocrx_word' id='word_1_830' title='bbox 678 5241 1019 5298; x_wconf 88' lang='lat' dir='ltr'><strong>dicebantur.</strong></span> <span class='ocrx_word' id='word_1_831' title='bbox 1052 5241 1159 5298; x_wconf 84' lang='lat' dir='ltr'><strong>Sed</strong></span> <span class='ocrx_word' id='word_1_832' title='bbox 1190 5241 1468 5312; x_wconf 89' lang='lat' dir='ltr'><strong>quomodo</strong></span> <span class='ocrx_word' id='word_1_833' title='bbox 1534 5241 1678 5297; x_wconf 88' lang='lat' dir='ltr'><strong>sedit</strong></span> <span class='ocrx_word' id='word_1_834' title='bbox 1730 5241 1785 5295; x_wconf 93' lang='lat' dir='ltr'><strong>in</strong></span> <span class='ocrx_word' id='word_1_835' title='bbox 1816 5240 1954 5296; x_wconf 90' lang='lat' dir='ltr'><strong>solio</strong></span> <span class='ocrx_word' id='word_1_836' title='bbox 1988 5239 2256 5298; x_wconf 85' lang='lat' dir='ltr'><strong>Davidis?</strong></span> <span class='ocrx_word' id='word_1_837' title='bbox 2300 5242 2438 5309; x_wconf 80' lang='lat' dir='ltr'><strong>Quia</strong></span> <span class='ocrx_word' id='word_1_838' title='bbox 2483 5257 2577 5296; x_wconf 87' lang='lat' dir='ltr'><strong>rex</strong></span> <span class='ocrx_word' id='word_1_839' title='bbox 2606 5249 2690 5296; x_wconf 92' lang='lat' dir='ltr'><strong>est</strong></span> <span class='ocrx_word' id='word_1_840' title='bbox 2725 5237 3060 5301; x_wconf 67' lang='lat' dir='ltr'><strong>Iudaeorum,</strong></span> <span class='ocrx_word' id='word_1_841' title='bbox 3103 5243 3158 5288; x_wconf 89' lang='lat' dir='ltr'><strong>et</strong></span> <span class='ocrx_word' id='word_1_842' title='bbox 3222 5229 3394 5284; x_wconf 87' lang='lat' dir='ltr'><strong>multo</strong></span> <span class='ocrx_word' id='word_1_843' title='bbox 3454 5224 3628 5293; x_wconf 80' lang='lat' dir='ltr'><strong>magis</strong></span> 
     </span>
    </p>
   </div>
   <div class='ocr_carea' id='block_1_109' title="bbox 374 5335 1145 5406">
    <p class='ocr_par' dir='ltr' id='par_1_109' title="bbox 374 5335 1145 5406">
     <span class='ocr_line' id='line_1_109' title="bbox 374 5335 1145 5406; baseline 0.012 -20"><span class='ocrx_word' id='word_1_844' title='bbox 374 5347 564 5388; x_wconf 89' lang='lat' dir='ltr'><strong>eorum</strong></span> <span class='ocrx_word' id='word_1_845' title='bbox 593 5335 690 5406; x_wconf 88' lang='lat' dir='ltr'><strong>qui</strong></span> <span class='ocrx_word' id='word_1_846' title='bbox 729 5336 1145 5395; x_wconf 77' lang='lat' dir='ltr'><strong>cruciﬂxerunt.</strong></span> 
     </span>
    </p>
   </div>
   <div class='ocr_carea' id='block_1_110' title="bbox 1566 5471 2417 5538">
    <p class='ocr_par' dir='ltr' id='par_1_110' title="bbox 1566 5471 2417 5538">
     <span class='ocr_line' id='line_1_110' title="bbox 1566 5471 2417 5538; baseline 0.001 -5"><span class='ocrx_word' id='word_1_847' title='bbox 1566 5471 1767 5535; x_wconf 69' lang='lat' dir='ltr'><strong>Varia:</strong></span> <span class='ocrx_word' id='word_1_848' title='bbox 1798 5473 2114 5537; x_wconf 90' lang='lat' dir='ltr'><strong>lectiones</strong></span> <span class='ocrx_word' id='word_1_849' title='bbox 2139 5481 2200 5538; x_wconf 91' lang='lat' dir='ltr'><strong>et</strong></span> <span class='ocrx_word' id='word_1_850' title='bbox 2229 5481 2417 5536; x_wconf 78' lang='lat' dir='ltr'><strong>notte.</strong></span> 
     </span>
    </p>
   </div>
   <div class='ocr_carea' id='block_1_111' title="bbox 477 5630 1946 5720">
    <p class='ocr_par' dir='ltr' id='par_1_111' title="bbox 477 5644 1946 5720">
     <span class='ocr_line' id='line_1_111' title="bbox 477 5644 1946 5720; baseline 0.007 -26"><span class='ocrx_word' id='word_1_851' title='bbox 477 5647 522 5678; x_wconf 74' lang='lat'><strong>&quot;</strong></span> <span class='ocrx_word' id='word_1_852' title='bbox 557 5644 635 5720; x_wconf 56' lang='lat' dir='ltr'><strong>pi,</strong></span> <span class='ocrx_word' id='word_1_853' title='bbox 662 5644 1025 5720; x_wconf 64' lang='grc' dir='ltr'>ευφροσύνης,</span> <span class='ocrx_word' id='word_1_854' title='bbox 1053 5657 1188 5701; x_wconf 88' lang='lat' dir='ltr'><strong>erat.</strong></span> <span class='ocrx_word' id='word_1_855' title='bbox 1265 5647 1312 5720; x_wconf 49' lang='grc' dir='ltr'><strong>δέ</strong></span> <span class='ocrx_word' id='word_1_856' title='bbox 1332 5645 1590 5720; x_wconf 65' lang='grc' dir='ltr'>ᾠμωσεν,</span> <span class='ocrx_word' id='word_1_857' title='bbox 1625 5659 1761 5704; x_wconf 73' lang='lat' dir='ltr'><strong>erat.</strong></span> <span class='ocrx_word' id='word_1_858' title='bbox 1838 5651 1883 5686; x_wconf 58' lang='grc' dir='ltr'><strong>ιτ</strong></span> <span class='ocrx_word' id='word_1_859' title='bbox 1918 5649 1946 5704; x_wconf 87' lang='grc'><em>1</em></span> 
     </span>
    </p>
   </div>
   <div class='ocr_carea' id='block_1_112' title="bbox 2049 5630 3627 5720">
    <p class='ocr_par' dir='ltr' id='par_1_112' title="bbox 2049 5630 3627 5720">
     <span class='ocr_line' id='line_1_112' title="bbox 2049 5630 3627 5720; baseline -0.013 -16"><span class='ocrx_word' id='word_1_860' title='bbox 2049 5649 2256 5720; x_wconf 73' lang='lat' dir='ltr'><strong>ulgatis,</strong></span> <span class='ocrx_word' id='word_1_861' title='bbox 2314 5650 2403 5700; x_wconf 69' lang='grc' dir='ltr'>ἐπὶ</span> <span class='ocrx_word' id='word_1_862' title='bbox 2439 5645 2531 5700; x_wconf 79' lang='grc' dir='ltr'>τοῦ</span> <span class='ocrx_word' id='word_1_863' title='bbox 2567 5645 2780 5715; x_wconf 63' lang='grc' dir='ltr'>θρόνου.</span> <span class='ocrx_word' id='word_1_864' title='bbox 2857 5640 2901 5671; x_wconf 63' lang='grc'><strong>⁸⁸</strong></span> <span class='ocrx_word' id='word_1_865' title='bbox 2939 5636 3173 5708; x_wconf 83' lang='grc' dir='ltr'>μέλλειν,</span> <span class='ocrx_word' id='word_1_866' title='bbox 3211 5643 3346 5687; x_wconf 87' lang='lat' dir='ltr'><strong>erat.</strong></span> <span class='ocrx_word' id='word_1_867' title='bbox 3421 5630 3465 5660; x_wconf 63' lang='grc' dir='ltr'><strong>δ’</strong></span> <span class='ocrx_word' id='word_1_868' title='bbox 3503 5632 3627 5702; x_wconf 74' lang='grc' dir='ltr'>περὶ</span> 
     </span>
    </p>
   </div>
   <div class='ocr_carea' id='block_1_113' title="bbox 376 5716 1660 5787">
    <p class='ocr_par' dir='ltr' id='par_1_113' title="bbox 376 5716 1660 5787">
     <span class='ocr_line' id='line_1_113' title="bbox 376 5716 1660 5787; baseline 0.003 -20"><span class='ocrx_word' id='word_1_869' title='bbox 376 5727 514 5769; x_wconf 83' lang='lat' dir='ltr'><strong>erat.</strong></span> <span class='ocrx_word' id='word_1_870' title='bbox 595 5716 640 5746; x_wconf 70' lang='grc' dir='ltr'>δ”</span> <span class='ocrx_word' id='word_1_871' title='bbox 673 5717 752 5780; x_wconf 70' lang='grc' dir='ltr'><strong>το,</strong></span> <span class='ocrx_word' id='word_1_872' title='bbox 786 5727 922 5769; x_wconf 78' lang='lat' dir='ltr'><strong>erat.</strong></span> <span class='ocrx_word' id='word_1_873' title='bbox 999 5720 1041 5748; x_wconf 78' lang='grc'>³⁸</span> <span class='ocrx_word' id='word_1_874' title='bbox 1072 5716 1507 5787; x_wconf 78' lang='grc' dir='ltr'>ὲγκωμιάζηται,</span> <span class='ocrx_word' id='word_1_875' title='bbox 1529 5727 1660 5771; x_wconf 82' lang='lat' dir='ltr'><strong>erat.</strong></span> 
     </span>
    </p>
   </div>
  </div>
