4068 6210
428 299 531 369 551

1346 249 1925 347 TIIEOPHYLALTI
1966 274 2377 336 BULGABUE
2404 270 2755 333 ARCIllEP.

3578 267 3687 332 552

505 414 669 469 Vens.
724 411 812 466 39..
874 408 1025 460 llttnc
1066 403 1261 458 Iesum.
1292 400 1623 453 resuscitavit
1658 396 1821 459 Deus,
1857 392 2011 461 cujus

2192 390 2411 446 Τοῦτον
2463 389 2570 443 τὸν
2640 387 2873 455 Ἰησοῦν
2933 387 3277 455 ἀνέστησεν
3327 390 3358 441 ὀ
3414 387 3557 451 Θεὸς
3612 383 3685 441 οὗ

429 521 610 562 omnes
645 520 739 559 ηοε
774 514 956 554 sumus
990 506 1165 557 ιεειεδ,

506 597 669 652 Vens.
704 595 794 648 55.
848 591 1075 644 Dextera
1124 587 1283 655 igitur
1338 583 1430 637 Dei
1471 581 1759 648 exaltatus,
1793 595 1856 633 ac
1891 594 2015 647 pro-

435 690 655 743 missum
684 684 948 747 Spiritum
978 687 1217 733 sanctum
1243 694 1274 730 a
1308 673 1471 728 Patre
1502 686 1835 741 consecutus,
1875 670 2013 741 eﬂ'u-

433 781 511 833 ttit
531 778 643 841 hoc,
670 773 807 842 quod
842 772 854 822 i
898 787 985 825 eos
1012 785 1149 824 nunc
1175 768 1361 823 videtis
1385 776 1435 821 et
1466 766 1685 820 auditis.

529 951 698 1004 Vens.
736 949 824 1003 54.
860 945 980 1000 Νοη
1010 944 1324 1001 etaimDavid
1355 945 1587 998 ascendit
1613 945 1669 997 in
1694 959 1848 999 cwtos
1879 959 1898 996 :
1923 945 2013 997 sed

434 1048 544 1112 ipse
561 1043 659 1107 ait,
698 1040 846 1093 Dia‘it
876 1038 1130 1092 Dominus
1155 1037 1386 1092 Domino
1416 1053 1551 1102 meo,
1584 1034 1717 1089 Sede
1739 1052 1771 1088 a
1813 1035 2016 1107 dextris

432 1135 582 1195 meis,

505 1220 666 1274 Vens.
697 1218 785 1272 55.
813 1216 1000 1282 Quoad
1025 1216 1242 1284 effecero
1266 1216 1293 1255 ιι
1322 1215 1560 1269 inimicos
1587 1223 1703 1268 tuos
1729 1215 2016 1269 scabellum

431 1312 620 1381 pedum
649 1321 880 1363 tuorum.

510 1403 673 1457 Vens.
707 1403 800 1456 56‘-
827 1400 981 1455 Certo
1017 1398 1149 1452 sciat
1187 1412 1308 1467 ergo
1340 1404 1448 1450 tota
1473 1395 1666 1452 domus
1713 1397 1934 1453 Israelis
1965 1409 2014 1453 et

436 1496 720 1555 Dominum
740 1505 788 1547 et
807 1493 1073 1549 Christum
1105 1509 1135 1544 a
1162 1490 1268 1544 Deo
1285 1490 1487 1559 factum
1537 1507 1650 1545 esse
1680 1492 1817 1545 hunc
1844 1493 2015 1559 ipsum

438 1588 651 1651 Iesum,
680 1602 829 1656 quem
864 1602 951 1641 vos
983 1585 1126 1639 cruci
1151 1583 1415 1653 affixistis.

502 1766 716 1821 Rursus
755 1764 822 1821 ad
843 1764 1058 1819 Putrem
1094 1761 1357 1835 confugit,
1389 1776 1700 1834 quanquam
1733 1766 1870 1821 satis
1897 1773 2016 1820 erat

434 1859 640 1914 dixisse
663 1859 815 1929 prius
842 1858 967 1913 :sed
990 1865 1236 1923 noverat,
1262 1865 1523 1927 quantam
1545 1858 1648 1913 hoc
1673 1858 2019 1914 auditoribus

435 1950 659 2005 alierret
712 1949 1005 2003 utilitatem
1070 1948 1137 2002 ad
1177 1948 1583 2016 susceptionem
1630 1957 1684 2003 et
1742 1950 2016 2021 approba-

434 2042 637 2095 tionem
672 2055 862 2095 earum
895 2054 1101 2103 rerum,
1129 2054 1252 2110 quae
1292 2039 1559 2107 urgebant
1610 2047 1665 2094 et
1717 2038 1773 2093 in
1826 2041 2018 2110 primis

435 2128 853 2197 requirebantur
930 2139 1094 2198 atque
1182 2127 1510 2182 necessariae
1598 2137 1772 2183 erant.
1852 2126 2019 2184 Porro

425 2235 531 2288 .per
582 2218 899 2285 dictionem,
947 2218 1204 2288 ὑψωθεὶς,
1270 2220 1323 2274 id
1381 2229 1466 2275 est
1525 2221 1820 2286 exaltatus,
1876 2228 2021 2277 tecte

444 2310 739 2382 signiﬁcat,
797 2310 950 2365 illum
993 2318 1050 2365 et
1096 2311 1152 2366 in
1195 2311 1431 2366 sublime
1479 2321 1727 2366 evectum
1763 2326 1907 2380 esse,
1967 2319 2021 2368 et

434 2402 490 2456 in
525 2403 681 2458 caelis
730 2401 961 2466 versari,
998 2402 1095 2458 sed
1135 2419 1203 2458 ne
1249 2403 1353 2458 hoc
1388 2403 1610 2474 quidem
1646 2412 1779 2458 tunc
1811 2405 1865 2458 in
1910 2405 2018 2459 ini-

436 2493 516 2547 tio
579 2502 784 2562 aperte.
842 2492 980 2549 Vide
1045 2502 1248 2559 autem,
1303 2506 1362 2548 ut.
1423 2495 1480 2548 in
1530 2495 1688 2550 initio
1751 2496 2019 2551 orationis

434 2601 545 2640 non
573 2585 776 2641 dixerit
805 2584 1086 2645 Christum
1126 2586 1415 2644 demisisse
1452 2585 1736 2656 Spiritum,
1776 2590 1869 2644 sed
1913 2587 2019 2642 Pa-

437 2687 603 2744 trem,
627 2676 848 2748 quando
873 2678 1036 2733 etiam
1073 2677 1281 2733 Juelcm
1314 2678 1634 2749 prophetam
1668 2685 1862 2734 testem
1896 2693 2021 2749 pro-

440 2768 696 2823 ducebat.
761 2765 1124 2838 Posteaquam
1183 2778 1364 2823 autem
1418 2769 1752 2824 mentionem
1804 2770 1929 2824 fecit
1966 2776 2021 2824 et

438 2858 722 2928 signorum
752 2859 895 2927 ejus,
927 2866 981 2915 et
1006 2859 1219 2913 illarum
1252 2874 1460 2925 rerum,
1481 2875 1601 2931 quin
1630 2861 1684 2914 in
1707 2859 1813 2930 32
1840 2861 2016 2930 ipsum

428 2947 598 3003 «factae
638 2958 790 3014 sunt,
824 2964 890 3006 ac
911 2949 978 3005 de
1009 2952 1412 3009 resurrectione
1456 2953 1673 3009 locutus
1699 2964 1801 3015 est,
1846 2953 2017 3007 conti-

434 3042 629 3098 denter
655 3040 915 3112 deinceps
942 3043 1018 3098 ait
1051 3045 1202 3098 illum
1222 3043 1488 3100 eﬂ‘udissc
1513 3043 1798 3114 Spiritum.
1830 3043 2019 3114 Itaque

435 3132 507 3187 de
542 3133 634 3187 illo
693 3134 960 3205 propheta
1006 3135 1266 3192 diccbat:
1309 3135 1375 3190 Et
1414 3138 1617 3191 accidet
1668 3138 1721 3190 in
1768 3137 2017 3192 extremis

424 3221 640 3277 .diebus.
686 3222 1025 3282 Promissum
1076 3238 1259 3282 autem
1306 3227 1462 3288 dicit.
1504 3228 1588 3281 vel
1643 3226 1699 3281 id
1736 3227 2018 3294 nimirum,

437 3313 581 3382 quod
609 3315 766 3370 nobis
789 3317 1050 3386 apostolis
1077 3309 1401 3388 promiserat
1422 3357 1439 3384 ,
1473 3319 1558 3373 vel
1586 3318 1733 3389 quod
1755 3319 2022 3390 promisc-

436 3415 525 3459 rat
556 3406 633 3460 illi
675 3404 835 3463 Pater
872 3419 1166 3479 antequam
1199 3409 1617 3480 cruciﬁgeretur
1657 3419 1712 3466 et
1749 3412 2022 3482 supplicio

428 3495 764 3553 adiceretur.
840 3500 973 3555 Cum
1035 3501 1178 3556 enim
1242 3515 1495 3570 magnum
1543 3500 1803 3571 quiddam
1858 3511 2023 3572 atque

437 3589 673 3643 sublime
714 3589 963 3645 dicturus
1010 3598 1151 3656 erat,
1207 3606 1400 3661 nempe
1443 3590 1721 3647 Christum
1771 3592 2023 3650 eﬂudisse

436 3679 724 3748 Spiritum,
743 3682 889 3735 velat
912 3696 978 3735 ac
1005 3682 1138 3751 tegit
1162 3681 1215 3736 id
1242 3680 1496 3745 dicendo,
1520 3679 1735 3736 Patrem
1774 3682 1847 3737 illi
1878 3684 2024 3738 hunc

439 3769 787 3838 promisisse.
830 3769 985 3838 Quod
1020 3771 1165 3825 enim
1198 3771 1398 3842 aliquis
1426 3772 1643 3838 dixerit,
1685 3771 1791 3826 nisi
1837 3773 2020 3827 utilem

437 3861 645 3914 exitum
681 3876 744 3915 ac
777 3863 936 3917 linem
987 3864 1259 3929 liahuerit,
1289 3873 1495 3920 temere
1524 3879 1587 3919 ac
1627 3864 1830 3921 frustra
1865 3866 2019 3921 dicit.

439 3950 690 4007 Ostendit
714 3965 914 4021 autem,
934 3955 1078 4025 quod
1104 3971 1235 4010 crux
1259 3965 1313 4011 et
1342 3957 1688 4012 humiliorem
1724 3973 1835 4012 non
1857 3958 2021 4012 modo

437 4044 759 4111 reddiderit,
790 4062 975 4102 verum
1001 4052 1165 4103 etiam
1198 4049 1629 4119 splendidiorem
1650 4049 1901 4106 .eli‘ecerit
1936 4069 1950 4105 :
1976 4051 2021 4105 si

437 4144 569 4191 tunc
592 4138 808 4206 quidem
828 4140 1094 4208 promisit,
1118 4149 1277 4208 prout
1294 4138 1535 4197 Joannes
1555 4142 1689 4197 dicit
1714 4161 1729 4196 :
1758 4142 1879 4212 Ipse
1919 4158 2019 4198 vos

438 4231 739 4301 baptizabit
779 4232 985 4302 Spiritu
1013 4242 1203 4287 sancto
1229 4240 1281 4287 et
1304 4231 1428 4303 igne
1457 4248 1473 4285 :
1506 4248 1653 4287 nunc
1685 4242 1865 4288 autem
1899 4241 2022 4303 post

438 4340 658 4379 erucem
690 4323 860 4379 dedit.
897 4324 1002 4379 Sed
1039 4326 1156 4394 ipse
1186 4324 1261 4377 ait
1288 4340 1305 4379 :
1341 4324 1488 4377 Dixit
1513 4323 1768 4379 Dominus
1798 4324 2021 4379 Domino

442 4431 574 4470 meo.
606 4415 704 4470 llic
738 4432 845 4470 non
882 4417 1121 4486 amplius
1167 4432 1292 4471 cum
1329 4414 1781 4472 reformidatione
1820 4431 1887 4472 ac
1932 4432 2019 4472 re-

444 4506 730 4576 pressione
759 4506 1021 4574 loquitur,
1057 4516 1275 4576 sumpta
1305 4504 1566 4560 nimirum
1598 4506 1795 4561 tiducia
1827 4510 1898 4562 ab
1926 4508 2016 4573 iis,

441 4613 560 4664 quae
596 4597 741 4649 dicta
784 4604 962 4649 erant.
1004 4596 1113 4650 Sed
1155 4596 1287 4660 quid
1318 4595 1457 4650 dixit
1488 4596 1753 4652 Dominus
1788 4596 2019 4652 Domino

445 4702 566 4740 meo
598 4686 621 4738 ?
652 4684 810 4749 Quod
844 4687 888 4739 si
948 4685 1118 4740 David
1141 4686 1429 4740 Dominum
1460 4688 1611 4743 illum
1642 4697 1817 4752 vocat,
1846 4688 2019 4743 multo

444 4777 620 4846 magis
659 4775 738 4829 illi
774 4789 882 4827 non
912 4774 1218 4844 despiciant
1257 4786 1311 4832 et
1354 4777 1636 4850 indignum
1667 4781 2016 4848 reputabant.

443 4865 549 4920 Per
581 4865 636 4920 id
672 4873 876 4929 autem,
924 4865 1070 4934 quod
1098 4866 1233 4921 dicit
1262 4884 1276 4922 :
1333 4869 1508 4925 Donec
1531 4871 1748 4939 effecero
1774 4870 2018 4924 inimicos

439 4968 581 5024 suos,
614 4958 946 5013 ntetutnillis
974 4958 1229 5023 incussit,
1260 4959 1376 5018 fore
1405 4963 1676 5026 videlicet,
1713 4971 1764 5014 ut
1792 4963 2021 5014 vincan-

444 5061 535 5106 tur
559 5061 614 5106 et
643 5050 1028 5121 subjngentur.
1060 5049 1141 5105 Ne
1185 5061 1366 5107 autem
1402 5052 1506 5106 sibi
1540 5053 1675 5107 fides
1707 5051 2020 5120 derogetur,

441 5140 591 5197 Patri
633 5140 839 5196 dictum
896 5141 1087 5196 tribuit
1133 5148 1188 5195 et
1214 5141 1461 5196 ascribit.
1514 5141 1778 5206 Quoniam
1838 5150 2018 5196 autem

444 5248 643 5305 magna
670 5247 888 5303 quoque
916 5233 1133 5288 locutus
1158 5246 1299 5297 erat,
1348 5248 1543 5288 rursus
1577 5234 1642 5286 ad
1674 5233 1897 5289 humilia
1922 5234 2024 5290 .de-

440 5326 591 5382 ducit
615 5327 936 5383 orationem.
968 5324 1102 5381 Sede
1123 5342 1154 5379 a
1174 5323 1381 5379 dextris
1406 5325 1555 5378 meis.
1594 5325 1696 5381 Per
1727 5325 1849 5391 hoc,
1877 5327 2023 5397 quod

2113 485 2335 548 πάντες
2366 481 2535 549 ’ἡμεῖς
2564 481 2751 550 ἐσμεν
2770 480 3087 549 μάρτυίες.

2189 572 2266 642 Τῇ
2300 571 2469 640 δεξιᾷ
2498 569 2611 628 οὖν
2635 572 2741 626 τοῦ
2768 572 2916 626 Θεοῦ
2948 571 3230 641 ὑψωθεὶς,
3268 570 3381 637 τήν
3410 588 3473 625 τε
3506 572 3688 640 ἐπατ-

2114 667 2324 735 γελίαν
2367 664 2474 718 τοῦ
2526 664 2700 733 ἁγίου
2734 664 3080 732 Πνεύματος
3126 663 3330 716 ,λαϐὼν
3376 663 3537 731 παρὰ
3581 661 3690 716 τοῦ

2113 756 2369 825 Πατρός,
2410 755 2615 824 ἐξέχεε
2642 755 2840 819 τοῦτο,
2886 754 2917 808 ὃ
2939 755 3056 810 νῦν
3093 753 3262 824 ὑμεῖς
3286 754 3552 819 ,βλέπετε
3589 757 3689 810 καὶ

2114 847 2383 901 ἀκούετε.
3714 874 3723 909 ;

2188 939 2272 990 Οὐ
2296 934 2407 1006 γὰρ
2437 936 2618 990 Δαυῒδ
2645 937 2830 1004 ἀνέϐη
2878 939 2961 1002 είς
2998 935 3143 1001 τοὺς
3173 936 3492 1005 οὐρανοὺς,
3528 914 3727 1007 λέγειῖ

2116 1028 2185 1081 δὲ
2212 1029 2395 1095 αὑτός
2416 1046 2430 1060 ο
2465 1029 2651 1083 Εἶπεν
2675 1031 2708 1082 ὀ
2736 1028 2950 1096 Κύριος
2979 1027 3058 1094 τῷ
3088 1027 3286 1095 Κυρίῳ
3322 1044 3465 1096 μουο
3488 1026 3689 1083 Κάθου
3721 1035 3724 1038 ’

2115 1119 2184 1173 ἐκ
2212 1117 2428 1183 δεξιῶν
2459 1136 2597 1189 μου,
3660 1132 3692 1169 /
3715 1116 3724 1143 θ

2188 1207 2343 1274 Ἕως
2375 1206 2452 1261 ἂν
2483 1207 2565 1263 θῶ
2588 1207 2731 1274 τοὺς
2770 1206 3022 1276 ἐχθρούς
3054 1220 3172 1261 σου
3204 1205 3544 1262 ὑποπόδιον
3572 1206 3693 1261 τῶν

2117 1299 2320 1353 ποδῶν
2340 1316 2477 1355 σου.

2192 1392 2515 1462 ιΑσφαλώς
2544 1388 2659 1447 οὖν
2701 1390 3036 1462 γινωσκέτω
3078 1390 3199 1456 πᾶς
3226 1386 3391 1457 οἶκος
3429 1389 3685 1460 Ἰσραὴλ,

2118 1484 2208 1537 ὅτι
2259 1486 2358 1539 καὶ
2431 1485 2653 1550 Κύριον
2722 1483 2820 1536 καὶ
2879 1483 3140 1550 Χριστὸν
3205 1483 3402 1535 αὐτὸν
3462 1485 3494 1536 d
3546 1484 3691 1548 Θείς

2117 1576 2367 1643 ἐποίησε
2393 1575 2606 1630 τοῦτον
2632 1576 2738 1629 τὸν
2774 1575 3040 1641 Ἰησοῦν,
3073 1573 3146 1627 ὃν
3171 1574 3343 1644 ὑμεῖς
3394 1573 3693 1642 ἐσταυρώ-

2118 1683 2286 1722 σατε.

2053 1761 2092 1815 Β
2192 1759 2361 1813 Πάλιν
2411 1760 2506 1813 ἐπὶ
2553 1759 2644 1812 τὸν
2694 1759 2914 1829 Πατέρα
2966 1757 3342 1827 καταφεύγει,
3393 1758 3572 1812 καίτοι
3624 1774 3692 1825 γε

2122 1852 2282 1922 ἤρκει
2319 1854 2493 1905 εἰπεῖν
2551 1853 2610 1906 τὸ
2681 1852 2975 1921 πρότερον·
3033 1851 3145 1904 ἀλλ’
3198 1848 3341 1904 οἶδεν
3399 1851 3523 1905 ὅσον
3578 1852 3694 1914 τοῖς

2120 1945 2414 2013 ἀκροαταῖς
2464 1945 2544 2006 ei;
2591 1943 2691 2015 τὴν
2743 1941 3054 2014 παραδοχὴν
3100 1941 3210 1996 τῶν
3256 1942 3693 2012 κατεπειγόντων

2122 2032 2280 2086 τοῦτο
2332 2034 2680 2105 χρησιμεύει.
2729 2033 2803 2086 Τὸ
2846 2034 2923 2099 δὲ,
2958 2032 3231 2102 ὑψωθεὶς,
3278 2033 3373 2087 καὶ
3429 2034 3694 2105 περὶτῆς

2120 2126 2439 2195 ἀναλήψεως
2466 2126 2687 2196 ᾐνίξατο
2707 2126 2774 2189 δ’,
2811 2127 2905 2179 καὶ
2934 2125 3014 2179 ὅτι
3033 2125 3090 2179 ὲν
3115 2128 3228 2190 τοῖς
3244 2127 3494 2196 οὐρανοῖς
3522 2127 3688 2179 ἐστιν’

2120 2216 2237 2270 ἀλλ’
2267 2218 2389 2271 οὐδὲ
2418 2216 2577 2271 τοῦτο
2605 2219 2743 2280 τέως
2774 2217 3046 2288 φανερῶς.
3084 2218 3226 2287 Ὅρα
3256 2217 3335 2283 δὲ,
3380 2218 3497 2282 πῶς
3524 2218 3693 2289 ἀρχό-

2123 2324 2284 2378 μενος
2325 2306 2632 2376 τοῦλόγου,
2685 2306 2805 2376 οὐχὶ
2835 2306 2926 2359 τὸν
2974 2306 3207 2376 Χριστὸν
3253 2304 3411 2374 ἔλεγε
3449 2321 3696 2358 καταπε-

2124 2401 2397 2469 πομφέναι
2425 2398 2488 2451 τὸ
2514 2397 2760 2467 Πνεῦμα,
2786 2396 2925 2450 ἀλλὰ
2952 2396 3043 2450 τὸν
3079 2397 3326 2467 Πατέρα·
3364 2398 3453 2451 ὅτε
3483 2396 3580 2450 καὶ
3601 2398 3694 2449 τὸν

2121 2491 2406 2561 προφήτην
2443 2489 2599 2559 Ἰωήλ
2633 2493 2883 2561 παρῆγεν
2922 2489 3002 2551 είς
3044 2489 3374 2560 μαρτυρίαν.
3394 2488 3609 2559 Ἐπειδὴ
3636 2488 3695 2542 δὲ

2127 2580 2375 2652 ἐμνήσθη
2402 2581 2497 2634 καὶ
2527 2580 2638 2634 τῶν
2673 2583 2915 2651 σημείων
2940 2579 3127 2645 αὑτοῦ,
3169 2581 3263 2633 καὶ
3293 2579 3404 2633 τῶν
3432 2580 3513 2643 είς
3531 2579 3694 2633 αὑτὸν

2124 2673 2528 2742 γεγενημένων,
2582 2657 2855 2743 καῖ’περὶ
2897 2674 2998 2742 τῆς
3047 2672 3398 2736 ἀναστάσεως
3443 2670 3691 2740 διελέχθη

2122 2762 2360 2834 θαρσῶν,
2392 2761 2577 2814 λοιπόν
2605 2779 2769 2834 φησιν
2793 2762 2955 2816 αὑτὸν
2977 2762 3165 2833 ἐκχέαι
3187 2761 3247 2814 τὸ
3269 2760 3493 2831 Πνεῦμα
3511 2776 3527 2791 ⁸
3551 2759 3690 2812 ὥστε

2124 2858 2253 2927 περὶ
2291 2854 2456 2910 αὑτοῦ
2485 2856 2514 2908 ό
2542 2857 2830 2928 προφήτης
2875 2855 3027 2924 ἔλεγε
3051 2872 3066 2886 ο
3100 2856 3205 2910 Καὶ
3236 2854 3408 2909 ἔσται
3446 2854 3518 2907 ἐν
3562 2850 3695 2918 ταῖς

2122 2946 2409 3015 ἐσχάταις
2461 2945 2729 3015 ἡμέραις.
2785 2944 3150 3013 Ἐπαγγελίαν
3190 2944 3248 2997 δέ
3295 2959 3482 3014 φησιν,
3540 2943 3572 3012 ἢ
3626 2942 3695 3012 ἣν

2125 3039 2258 3109 ἡμῖν
2283 3041 2396 3100 τοῖς
2424 3037 2745 3099 ἀποστόλοις
2776 3035 3163 3105 ἐπηγγείλατο,
3187 3035 3219 3105 ἢ
3242 3035 3308 3107 ἣν
3329 3034 3695 3104 ἐπηγγείλατο

2121 3131 2270 3200 αὐτῷ
2298 3131 2326 3183 ὁ
2349 3130 2539 3199 Πατὴρ
2572 3128 2679 3200 πρὸ
2708 3128 2802 3180 τοῦ
2838 3127 3071 3199 σταυροῦ
3102 3128 3196 3181 καὶ
3223 3127 3329 3198 πρὸ
3351 3126 3446 3179 τοῦ
3477 3126 3690 3181 παθεῖν.

2134 3221 2289 3275 Ἐπεὶ
2318 3223 2425 3291 γὰρ
2461 3221 2608 3290 μέγα
2645 3219 2740 3273 καὶ
2772 3218 2974 3290 ὑψηλὸν
3015 3211 3240 3289 ἔμελλεν
3285 3220 3461 3271 εἰπεῖν
3501 3216 3564 3271 τδ
3599 3219 3694 3271 ἐκ·

2120 3314 2245 3384 χὲαι
2273 3311 2363 3365 τὸν
2389 3311 2624 3382 Χριστόν
2654 3310 2716 3364 τδ
2744 3309 2994 3380 Πνεῦμα,
3034 3308 3315 3375 συσκιάζει
3345 3309 3478 3364 αὐτὸ
3503 3308 3581 3380 τῷ
3612 3309 3694 3363 εί·

2122 3407 2265 3471 πεῖν,
2293 3405 2374 3458 ὅτι
2406 3406 2433 3457 ό
2461 3402 2650 3474 Πατὴρ
2690 3400 2840 3473 αὑτῷ
2868 3400 3233 3471 ἐπηγγείλατο
3269 3401 3450 3456 τοῦτο.
3489 3402 3553 3454 Ὃ
3586 3401 3694 3471 γὰρ

2122 3495 2187 3550 ἂν
2218 3496 2348 3567 εἴπῃ
2375 3512 2482 3561 τις,
2507 3497 2556 3548 εί
2586 3494 2661 3565 μὴ
2693 3494 2773 3558 εἰς
2795 3494 2856 3547 τὸ
2892 3492 3176 3564 συμφέρον
3202 3492 3539 3562 τελευτήσει,
3570 3493 3692 3563 εἰκῆ

2121 3587 2215 3640 καὶ
2246 3586 2423 3656 μάτην
2453 3584 2623 3652 λέγει.
2666 3583 2778 3638 Καὶ
2820 3582 3114 3646 δείκνυσιν;
3157 3584 3241 3636 ὅτι
3289 3583 3318 3635 ὁ
3357 3581 3589 3652 σταυρὸς
3630 3582 3693 3634 οὐ

2126 3678 2288 3748 μόνον
2317 3676 2479 3732 αὑτὸν
2507 3677 2609 3730 οὐκ
2651 3675 2987 3746 ἠλάττωσεν,
3019 3674 3152 3728 ἀλλὰ
3183 3674 3277 3727 καὶ
3316 3673 3694 3744 λαμπρότερον

2123 3768 2416 3838 εἰργάσατο
2436 3806 2452 3832 ,
2489 3766 2606 3835 εἴγε
2634 3767 2755 3820 τότε
2786 3766 2885 3836 μὲν
2911 3763 3279 3834 ἐπηγγείιλατο
3304 3764 3446 3817 κατὰ
3473 3764 3573 3831 τὴν
3598 3762 3693 3815 τοῦ

2134 3859 2382 3916 Ἰωάννου
2432 3862 2651 3930 φωνήν*
2704 3859 2878 3924 Αὐτὸς
2924 3860 3068 3929 ὑμᾶς
3116 3857 3366 3929 βαπτίσει
3415 3858 3473 3909 ὲν
3526 3855 3692 3909 Πνεῦ-

2126 3970 2257 4024 ματι
2282 3952 2422 4023 ἁγίῳ
2443 3952 2541 4006 καὶ
2567 3952 2700 4022 πυρί
2723 3967 2735 3979 ·
2766 3951 2861 4004 νῦν
2885 3951 2943 4004 δὲ
2975 3951 3113 4020 μετὰ
3133 3949 3226 4003 τὸν
3252 3949 3482 4019 σταυρὸν
3503 3948 3692 4003 ἔδωκε.

2122 4041 2282 4110 Λέγει
2328 4042 2386 4095 δὲ
2418 4043 2601 4106 αὑτός·
2649 4038 2835 4095 Εἶπεν
2882 4044 2916 4095 ὀ
2962 4041 3178 4108 Κύριος
3224 4038 3305 4093 τῶ
3333 4039 3527 4107 Κυρίῳ
3550 4055 3691 4108 μου.

2135 4134 2402 4189 Ἐνταῦθα
2429 4137 2531 4190 οὐκ
2556 4135 2634 4189 ἔτι
2660 4136 2777 4206 μεθ’
2804 4134 3105 4204 ὑποστολῆς
3134 4132 3302 4203 λέγει,
3335 4132 3476 4203 ἔχων
3503 4132 3562 4186 τὸ
3586 4132 3691 4186 ἀπὺ

2121 4230 2237 4305 τῶν
2285 4233 2592 4302 εἰρημένων
2667 4231 2887 4299 θάρσοῖ,
2950 4228 3087 4282 ἀλλὰ
3131 4228 3183 4280 τί
3216 4223 3369 4280 εἶπεν
3414 4229 3442 4279 ὁ
3491 4225 3693 4294 Κύριος

2121 4321 2201 4394 τῷ
2249 4322 2439 4393 Κυρίῳ
2489 4338 2630 4391 μους
2680 4321 2801 4374 Εἰὸὲ
2844 4319 3010 4373 Δαυῒδ
3054 4319 3255 4390 Κύριον
3305 4318 3467 4371 αὐτὸν
3517 4318 3691 4380 καλεῖ,

2126 4414 2304 4482 πολλῷ
2347 4412 2545 4482 μᾶλλον
2578 4411 2736 4465 αὐτοὶ
2765 4412 2865 4463 οὐκ
2903 4410 3297 4475 ἁπαξιώσουσι.
3339 4407 3439 4461 Διὰ
3477 4407 3533 4461 δὲ
3565 4407 3691 4459 τοῖν

2125 4508 2274 4570 Ἕως
2305 4504 2385 4558 ἂν
2416 4502 2498 4556 θῶ
2544 4502 2686 4568 τοὺς
2725 4502 2979 4570 ἐχθρούς
3011 4518 3149 4564 σου,
3197 4500 3359 4569 φόϐον
3412 4498 3693 4550 ἐπέσεισεν

2121 4598 2325 4660 αὐτοῖς,
2355 4596 2454 4665 τὴν
2479 4593 2661 4648 αὐτῶν
2689 4594 3079 4665 ἐπικράτησιν.
3113 4592 3230 4644 Ἵνα
3255 4590 3312 4644 δὲ
3355 4588 3430 4660 μὴ
3459 4589 3692 4658 άπιστῆο

2122 4705 2211 4740 ται
2238 4686 2306 4753 ⁵³,
2359 4685 2437 4756 τῷ
2488 4685 2663 4754 ΙΙατρὶ
2713 4683 3051 4753 ἀνατίθησιν.
3092 4682 3243 4734 Ἐπεὶ
3270 4681 3326 4734 δὲ
3357 4683 3451 4734 καὶ
3483 4679 3691 4749 μεγάλα

2125 4777 2450 4846 ἐφθέγξατο,
2482 4777 2644 4830 πάλιν
2668 4777 2762 4833 ἐπὶ
2791 4776 2859 4828 τὰ
2887 4775 3117 4828 ταπεινὰ
3142 4774 3187 4805 ⁸⁸
3217 4773 3447 4836 κατάγει
3484 4771 3575 4824 τὸν
3610 4771 3694 4823 λό-

2123 4888 2241 4939 γον.
2272 4871 2471 4925 Κάθου
2497 4870 2566 4924 ἐκ
2597 4867 2815 4933 δεξιῶν
2832 4885 2971 4938 μου.
3006 4867 3106 4920 Διὰ
3127 4865 3245 4931 τοῦ,
3276 4865 3474 4920 Κάθου
3496 4865 3565 4916 ἐκ
3599 4863 3690 4916 δε·

2124 4961 2271 5026 ξιῶν
2297 4977 2441 5030 μου,
2495 4961 2557 5012 τὺ
2606 4960 2844 5029 ἰσότιμον
2868 4958 2999 5012 Υίοῦ
3045 4958 3139 5011 καὶ
3181 4957 3396 5025 Πατρὸς
3440 4954 3687 5023 νοοῦμεν.

2137 5051 2260 5104 Ἐπὶ
2309 5052 2407 5120 μὲν
2460 5052 2572 5121 γὰρ
2622 5053 2721 5122 τῆς
2764 5049 3057 5119 ἀσωμάτου
3106 5047 3314 5110 οὐσίας,
3361 5046 3422 5099 οὐ
3470 5043 3688 5098 δυνατὸν

2124 5142 2380 5210 τοεῖσθαιξ
2407 5141 2578 5205 δεξιὸν
2642 5140 2677 5210 ἢ
2724 5139 3031 5209 ἀριστερόν.
3093 5137 3250 5200 Τίνες
3285 5137 3332 5169 ⁵⁸
3399 5135 3457 5189 δὲ
3495 5132 3604 5188 εἷεν
3645 5137 3687 5188 οξ

2131 5232 2341 5303 ἐχθροὶ,
2380 5234 2409 5284 ὁ
2455 5232 2775 5294 Ἀπόστολος
2795 5230 2946 5301 δηλοῖ
2967 5228 3137 5300 βοῶν·
3168 5230 3337 5282 Ὅταν
3368 5230 3688 5298 καταργήσῃ

2134 5326 2314 5377 πᾶσαν
2345 5323 2624 5389 ἐξουσίαν,
2655 5322 2882 5393 ἔσχατος
2914 5321 3105 5392 ἐχθρὸς
3147 5320 3505 5390 καταργεῖται
3539 5319 3567 5370 ὁ
3600 5321 3686 5369 0:.-

1628 5469 1830 5531 Varite
1857 5468 2172 5532 lectiones
2201 5476 2261 5529 et
2304 5474 2496 5528 noue.

512 5598 563 5632 "
585 5599 852 5669 ἡνοίξατο,
878 5610 1011 5654 erat.
1087 5600 1133 5631 ⁸³
1162 5596 1446 5667 ἀπιστῆτε,
1478 5606 1611 5651 erat.
1689 5598 1731 5629 δ’·
1765 5615 1889 5661 τους
1921 5614 2019 5651 ταπ

2123 5598 2231 5661 οὓς,
2267 5605 2402 5649 crat.
2480 5595 2524 5627 "
2560 5595 2720 5662 τινες,
2753 5606 2889 5651 erat.

553 5726 569 5765 t
615 5714 679 5772 ν.
716 5718 869 5783 hunc,
900 5733 1073 5786 quem.
1152 5715 1177 5754 ι
1212 5713 1273 5769 ν.
1311 5715 1483 5769 Donec
1526 5731 1745 5784 ponam.
