  <div class='ocr_page' id='page_1' title='image "/cluster/home/n/w/nwhite01/storage/ocr_20150623/125/hvd.32044073502429/296.png"; bbox 0 0 4068 6210; ppageno 0'>
   <div class='ocr_carea' id='block_1_1' title="bbox 353 349 3631 426">
    <p class='ocr_par' dir='ltr' id='par_1_1' title="bbox 353 349 3631 426">
     <span class='ocr_line' id='line_1_1' title="bbox 353 349 3631 426; baseline 0.002 -12"><span class='ocrx_word' id='word_1_1' title='bbox 353 349 462 414; x_wconf 71' lang='lat'><strong>553</strong></span> <span class='ocrx_word' id='word_1_2' title='bbox 1168 353 1573 414; x_wconf 80' lang='lat' dir='ltr'><strong>EXPOSITIO</strong></span> <span class='ocrx_word' id='word_1_3' title='bbox 1605 351 1687 413; x_wconf 81' lang='grc' dir='ltr'>ΙΝ</span> <span class='ocrx_word' id='word_1_4' title='bbox 1722 352 1913 415; x_wconf 82' lang='lat' dir='ltr'><strong>ACTA</strong></span> <span class='ocrx_word' id='word_1_5' title='bbox 1945 353 2516 418; x_wconf 80' lang='lat' dir='ltr'><strong>APOSTOLORUM.</strong></span> <span class='ocrx_word' id='word_1_6' title='bbox 2542 380 2610 391; x_wconf 87' lang='lat'><strong>-</strong></span> <span class='ocrx_word' id='word_1_7' title='bbox 2642 356 2801 418; x_wconf 74' lang='lat' dir='ltr'><strong>CAP.</strong></span> <span class='ocrx_word' id='word_1_8' title='bbox 2843 358 2925 419; x_wconf 93' lang='lat' dir='ltr'><strong>II.</strong></span> <span class='ocrx_word' id='word_1_9' title='bbox 3527 360 3631 426; x_wconf 70' lang='grc'><strong>554</strong></span> 
     </span>
    </p>
   </div>
   <div class='ocr_carea' id='block_1_2' title="bbox 340 455 1919 536">
    <p class='ocr_par' dir='ltr' id='par_1_2' title="bbox 340 455 1919 531">
     <span class='ocr_line' id='line_1_2' title="bbox 340 455 1919 531; baseline 0.001 -20"><span class='ocrx_word' id='word_1_10' title='bbox 340 471 540 520; x_wconf 80' lang='grc' dir='ltr'>νατος·</span> <span class='ocrx_word' id='word_1_11' title='bbox 581 455 665 511; x_wconf 80' lang='grc' dir='ltr'>ὅτι</span> <span class='ocrx_word' id='word_1_12' title='bbox 703 459 797 511; x_wconf 78' lang='grc' dir='ltr'>καὶ</span> <span class='ocrx_word' id='word_1_13' title='bbox 831 459 1037 528; x_wconf 82' lang='grc' dir='ltr'>Κύριον</span> <span class='ocrx_word' id='word_1_14' title='bbox 1083 459 1246 514; x_wconf 67' lang='grc' dir='ltr'>αὺτὸν</span> <span class='ocrx_word' id='word_1_15' title='bbox 1288 460 1385 514; x_wconf 75' lang='grc' dir='ltr'>καὶ</span> <span class='ocrx_word' id='word_1_16' title='bbox 1430 461 1666 531; x_wconf 72' lang='grc' dir='ltr'>Χριστὸν</span> <span class='ocrx_word' id='word_1_17' title='bbox 1714 461 1743 510; x_wconf 79' lang='grc' dir='ltr'><strong>ὁ</strong></span> <span class='ocrx_word' id='word_1_18' title='bbox 1791 460 1919 522; x_wconf 79' lang='grc' dir='ltr'>Θεὸς</span> 
     </span>
    </p>
   </div>
   <div class='ocr_carea' id='block_1_3' title="bbox 2023 455 3627 536">
    <p class='ocr_par' dir='ltr' id='par_1_3' title="bbox 2026 459 3627 536">
     <span class='ocr_line' id='line_1_3' title="bbox 2026 459 3627 536; baseline 0.007 -23"><span class='ocrx_word' id='word_1_19' title='bbox 2026 460 2181 525; x_wconf 89' lang='lat' dir='ltr'><strong>dicit,</strong></span> <span class='ocrx_word' id='word_1_20' title='bbox 2211 459 2343 517; x_wconf 75' lang='lat' dir='ltr'><strong>Sede</strong></span> <span class='ocrx_word' id='word_1_21' title='bbox 2378 479 2409 516; x_wconf 90' lang='lat' dir='ltr'><strong>a</strong></span> <span class='ocrx_word' id='word_1_22' title='bbox 2444 461 2646 517; x_wconf 77' lang='lat' dir='ltr'><strong>dextris</strong></span> <span class='ocrx_word' id='word_1_23' title='bbox 2668 465 2819 530; x_wconf 82' lang='lat' dir='ltr'><strong>meis,</strong></span> <span class='ocrx_word' id='word_1_24' title='bbox 2845 464 3211 534; x_wconf 60' lang='lat' dir='ltr'><strong>aequalitatem</strong></span> <span class='ocrx_word' id='word_1_25' title='bbox 3243 465 3627 536; x_wconf 76' lang='lat' dir='ltr'><strong>intelligimus,</strong></span> 
     </span>
    </p>
   </div>
   <div class='ocr_carea' id='block_1_4' title="bbox 339 549 1919 622">
    <p class='ocr_par' dir='ltr' id='par_1_4' title="bbox 339 549 1919 622">
     <span class='ocr_line' id='line_1_4' title="bbox 339 549 1919 622; baseline 0.001 -19"><span class='ocrx_word' id='word_1_26' title='bbox 339 549 584 621; x_wconf 69' lang='grc' dir='ltr'>έποίησε.</span> <span class='ocrx_word' id='word_1_27' title='bbox 604 549 699 614; x_wconf 77' lang='grc' dir='ltr'>Τὸ,</span> <span class='ocrx_word' id='word_1_28' title='bbox 728 549 1005 621; x_wconf 75' lang='grc' dir='ltr'>ἐποίησεν,</span> <span class='ocrx_word' id='word_1_29' title='bbox 1037 553 1157 607; x_wconf 76' lang='grc' dir='ltr'>ἀντ”ι</span> <span class='ocrx_word' id='word_1_30' title='bbox 1184 552 1299 615; x_wconf 81' lang='grc' dir='ltr'>τοῦ,</span> <span class='ocrx_word' id='word_1_31' title='bbox 1329 552 1683 622; x_wconf 79' lang='grc' dir='ltr'>κατέστησεν.</span> <span class='ocrx_word' id='word_1_32' title='bbox 1711 550 1787 604; x_wconf 76' lang='grc' dir='ltr'><strong>Οὐ</strong></span> <span class='ocrx_word' id='word_1_33' title='bbox 1819 549 1919 620; x_wconf 69' lang='grc' dir='ltr'>γάρ</span> 
     </span>
    </p>
   </div>
   <div class='ocr_carea' id='block_1_5' title="bbox 2023 549 3625 622">
    <p class='ocr_par' dir='ltr' id='par_1_5' title="bbox 2038 550 3625 620">
     <span class='ocr_line' id='line_1_5' title="bbox 2038 550 3625 620; baseline 0.009 -18"><span class='ocrx_word' id='word_1_34' title='bbox 2038 557 2091 603; x_wconf 87' lang='lat' dir='ltr'><strong>et</strong></span> <span class='ocrx_word' id='word_1_35' title='bbox 2141 567 2322 620; x_wconf 89' lang='lat' dir='ltr'><strong>parem</strong></span> <span class='ocrx_word' id='word_1_36' title='bbox 2356 550 2480 607; x_wconf 90' lang='lat' dir='ltr'><strong>Filii</strong></span> <span class='ocrx_word' id='word_1_37' title='bbox 2525 566 2580 608; x_wconf 86' lang='lat' dir='ltr'><strong>et</strong></span> <span class='ocrx_word' id='word_1_38' title='bbox 2625 554 2805 609; x_wconf 85' lang='lat' dir='ltr'><strong>Patris</strong></span> <span class='ocrx_word' id='word_1_39' title='bbox 2842 555 3231 611; x_wconf 83' lang='lat' dir='ltr'><strong>conditionem.</strong></span> <span class='ocrx_word' id='word_1_40' title='bbox 3287 555 3420 612; x_wconf 88' lang='lat' dir='ltr'><strong>Nam</strong></span> <span class='ocrx_word' id='word_1_41' title='bbox 3455 559 3508 613; x_wconf 88' lang='lat' dir='ltr'><strong>in</strong></span> <span class='ocrx_word' id='word_1_42' title='bbox 3537 561 3625 616; x_wconf 90' lang='lat' dir='ltr'><strong>in-</strong></span> 
     </span>
    </p>
   </div>
   <div class='ocr_carea' id='block_1_6' title="bbox 341 641 1919 715">
    <p class='ocr_par' dir='ltr' id='par_1_6' title="bbox 341 641 1919 715">
     <span class='ocr_line' id='line_1_6' title="bbox 341 641 1919 715; baseline -0.001 -20"><span class='ocrx_word' id='word_1_43' title='bbox 341 643 510 705; x_wconf 77' lang='grc' dir='ltr'>ἑστιν,</span> <span class='ocrx_word' id='word_1_44' title='bbox 542 643 647 698; x_wconf 71' lang='grc' dir='ltr'><strong>οὐκ</strong></span> <span class='ocrx_word' id='word_1_45' title='bbox 684 642 802 697; x_wconf 75' lang='grc' dir='ltr'>ἔστι</span> <span class='ocrx_word' id='word_1_46' title='bbox 831 644 961 715; x_wconf 77' lang='grc' dir='ltr'>περὶ</span> <span class='ocrx_word' id='word_1_47' title='bbox 991 644 1303 708; x_wconf 68' lang='grc' dir='ltr'>οὑσιιὶσεως</span> <span class='ocrx_word' id='word_1_48' title='bbox 1336 645 1431 698; x_wconf 74' lang='grc' dir='ltr'><strong>καὶ</strong></span> <span class='ocrx_word' id='word_1_49' title='bbox 1471 641 1824 706; x_wconf 81' lang='grc' dir='ltr'>ὑποστάσεὼς</span> <span class='ocrx_word' id='word_1_50' title='bbox 1848 659 1919 704; x_wconf 86' lang='grc' dir='ltr'><strong>τις</strong></span> 
     </span>
    </p>
   </div>
   <div class='ocr_carea' id='block_1_7' title="bbox 2023 641 3627 715">
    <p class='ocr_par' dir='ltr' id='par_1_7' title="bbox 2040 645 3627 715">
     <span class='ocr_line' id='line_1_7' title="bbox 2040 645 3627 715; baseline 0.008 -21"><span class='ocrx_word' id='word_1_51' title='bbox 2040 655 2307 709; x_wconf 86' lang='lat' dir='ltr'><strong>corporea</strong></span> <span class='ocrx_word' id='word_1_52' title='bbox 2346 651 2539 695; x_wconf 85' lang='lat' dir='ltr'><strong>natura</strong></span> <span class='ocrx_word' id='word_1_53' title='bbox 2577 658 2685 696; x_wconf 92' lang='lat' dir='ltr'><strong>non</strong></span> <span class='ocrx_word' id='word_1_54' title='bbox 2740 652 2920 713; x_wconf 86' lang='lat' dir='ltr'><strong>potest</strong></span> <span class='ocrx_word' id='word_1_55' title='bbox 2953 645 3178 715; x_wconf 76' lang='lat' dir='ltr'><strong>intelligi</strong></span> <span class='ocrx_word' id='word_1_56' title='bbox 3233 646 3485 704; x_wconf 78' lang='lat' dir='ltr'><strong>dextrum</strong></span> <span class='ocrx_word' id='word_1_57' title='bbox 3531 663 3627 707; x_wconf 89' lang='lat' dir='ltr'><strong>aut</strong></span> 
     </span>
    </p>
   </div>
   <div class='ocr_carea' id='block_1_8' title="bbox 339 726 1919 811">
    <p class='ocr_par' dir='ltr' id='par_1_8' title="bbox 339 729 1919 806">
     <span class='ocr_line' id='line_1_8' title="bbox 339 729 1919 806; baseline 0.001 -20"><span class='ocrx_word' id='word_1_58' title='bbox 339 734 519 801; x_wconf 79' lang='grc' dir='ltr'>λόγος.</span> <span class='ocrx_word' id='word_1_59' title='bbox 549 729 683 787; x_wconf 82' lang='grc' dir='ltr'>Εἶτα</span> <span class='ocrx_word' id='word_1_60' title='bbox 703 735 857 788; x_wconf 68' lang='grc' dir='ltr'>οὔπω</span> <span class='ocrx_word' id='word_1_61' title='bbox 881 735 989 788; x_wconf 88' lang='grc' dir='ltr'><strong>τῶν</strong></span> <span class='ocrx_word' id='word_1_62' title='bbox 1015 736 1288 790; x_wconf 82' lang='grc' dir='ltr'>ταπεινῶν</span> <span class='ocrx_word' id='word_1_63' title='bbox 1315 736 1631 806; x_wconf 76' lang='grc' dir='ltr'><strong>ἀφίσταται.</strong></span> <span class='ocrx_word' id='word_1_64' title='bbox 1657 736 1787 787; x_wconf 77' lang='grc' dir='ltr'>Δέον</span> <span class='ocrx_word' id='word_1_65' title='bbox 1811 732 1919 804; x_wconf 83' lang='grc' dir='ltr'>γὰρ</span> 
     </span>
    </p>
   </div>
   <div class='ocr_carea' id='block_1_9' title="bbox 2023 726 3624 811">
    <p class='ocr_par' dir='ltr' id='par_1_9' title="bbox 2039 732 3624 811">
     <span class='ocr_line' id='line_1_9' title="bbox 2039 732 3624 811; baseline 0.008 -25"><span class='ocrx_word' id='word_1_66' title='bbox 2039 732 2350 787; x_wconf 86' lang='lat' dir='ltr'><strong>sinistrum.</strong></span> <span class='ocrx_word' id='word_1_67' title='bbox 2391 732 2626 800; x_wconf 81' lang='lat' dir='ltr'><strong>Quinam</strong></span> <span class='ocrx_word' id='word_1_68' title='bbox 2656 744 2838 790; x_wconf 85' lang='lat' dir='ltr'><strong>autem</strong></span> <span class='ocrx_word' id='word_1_69' title='bbox 2883 740 2993 790; x_wconf 81' lang='lat' dir='ltr'><strong>sint</strong></span> <span class='ocrx_word' id='word_1_70' title='bbox 3040 738 3273 803; x_wconf 89' lang='lat' dir='ltr'><strong>inimici,</strong></span> <span class='ocrx_word' id='word_1_71' title='bbox 3323 742 3624 811; x_wconf 85' lang='lat' dir='ltr'><strong>Apostolus</strong></span> 
     </span>
    </p>
   </div>
   <div class='ocr_carea' id='block_1_10' title="bbox 340 821 1919 903">
    <p class='ocr_par' dir='ltr' id='par_1_10' title="bbox 340 821 1919 896">
     <span class='ocr_line' id='line_1_10' title="bbox 340 821 1919 896; baseline 0.001 -21"><span class='ocrx_word' id='word_1_72' title='bbox 340 826 644 892; x_wconf 74' lang='grc' dir='ltr'><strong>ἐπαγαγεῖν</strong></span> <span class='ocrx_word' id='word_1_73' title='bbox 669 841 685 856; x_wconf 79' lang='grc' dir='ltr'><strong><em>ο</em></strong></span> <span class='ocrx_word' id='word_1_74' title='bbox 718 826 979 893; x_wconf 80' lang='grc' dir='ltr'><strong>ἀσφαλῶς</strong></span> <span class='ocrx_word' id='word_1_75' title='bbox 1007 825 1322 893; x_wconf 78' lang='grc' dir='ltr'><strong>γινωσκέτω</strong></span> <span class='ocrx_word' id='word_1_76' title='bbox 1349 827 1456 888; x_wconf 84' lang='grc' dir='ltr'>πᾶς</span> <span class='ocrx_word' id='word_1_77' title='bbox 1489 821 1638 890; x_wconf 81' lang='grc' dir='ltr'>οἶκος</span> <span class='ocrx_word' id='word_1_78' title='bbox 1682 823 1919 896; x_wconf 74' lang='grc' dir='ltr'>Ἰσραὴλ,</span> 
     </span>
    </p>
   </div>
   <div class='ocr_carea' id='block_1_11' title="bbox 2023 821 3625 903">
    <p class='ocr_par' dir='ltr' id='par_1_11' title="bbox 2037 822 3625 903">
     <span class='ocr_line' id='line_1_11' title="bbox 2037 822 3625 903; baseline 0.007 -26"><span class='ocrx_word' id='word_1_79' title='bbox 2037 822 2312 892; x_wconf 77' lang='lat' dir='ltr'><strong>significat</strong></span> <span class='ocrx_word' id='word_1_80' title='bbox 2340 824 2431 878; x_wconf 86' lang='lat' dir='ltr'><strong>ubi</strong></span> <span class='ocrx_word' id='word_1_81' title='bbox 2457 825 2692 879; x_wconf 88' lang='lat' dir='ltr'><strong>clamat:</strong></span> <span class='ocrx_word' id='word_1_82' title='bbox 2727 825 2865 880; x_wconf 91' lang='lat' dir='ltr'><strong>Cum</strong></span> <span class='ocrx_word' id='word_1_83' title='bbox 2898 828 3196 883; x_wconf 75' lang='lat' dir='ltr'><strong>aboleverit</strong></span> <span class='ocrx_word' id='word_1_84' title='bbox 3218 844 3435 886; x_wconf 89' lang='lat' dir='ltr'><strong>onmem</strong></span> <span class='ocrx_word' id='word_1_85' title='bbox 3467 834 3625 903; x_wconf 84' lang='lat' dir='ltr'><strong>prin—</strong></span> 
     </span>
    </p>
   </div>
   <div class='ocr_carea' id='block_1_12' title="bbox 336 913 1919 987">
    <p class='ocr_par' dir='ltr' id='par_1_12' title="bbox 336 914 1919 986">
     <span class='ocr_line' id='line_1_12' title="bbox 336 914 1919 986; baseline -0.001 -18"><span class='ocrx_word' id='word_1_86' title='bbox 336 916 416 968; x_wconf 82' lang='grc' dir='ltr'>ὅτι</span> <span class='ocrx_word' id='word_1_87' title='bbox 444 917 509 969; x_wconf 84' lang='grc' dir='ltr'><strong>ὲκ</strong></span> <span class='ocrx_word' id='word_1_88' title='bbox 546 915 735 982; x_wconf 80' lang='grc' dir='ltr'>δεξιῶν</span> <span class='ocrx_word' id='word_1_89' title='bbox 757 917 991 985; x_wconf 82' lang='grc' dir='ltr'>κάθηται</span> <span class='ocrx_word' id='word_1_90' title='bbox 1011 933 1026 948; x_wconf 86' lang='grc'><em>’</em></span> <span class='ocrx_word' id='word_1_91' title='bbox 1058 916 1220 969; x_wconf 75' lang='grc' dir='ltr'>τοῦτο</span> <span class='ocrx_word' id='word_1_92' title='bbox 1263 916 1372 986; x_wconf 83' lang='grc' dir='ltr'>γὰρ</span> <span class='ocrx_word' id='word_1_93' title='bbox 1401 918 1463 969; x_wconf 79' lang='grc' dir='ltr'>ὲκ</span> <span class='ocrx_word' id='word_1_94' title='bbox 1495 916 1602 969; x_wconf 85' lang='grc' dir='ltr'><strong>τῶν</strong></span> <span class='ocrx_word' id='word_1_95' title='bbox 1626 914 1919 985; x_wconf 52' lang='grc' dir='ltr'>εἰρημένων</span> 
     </span>
    </p>
   </div>
   <div class='ocr_carea' id='block_1_13' title="bbox 2023 913 3623 987">
    <p class='ocr_par' dir='ltr' id='par_1_13' title="bbox 2030 913 3623 987">
     <span class='ocr_line' id='line_1_13' title="bbox 2030 913 3623 987; baseline 0.01 -19"><span class='ocrx_word' id='word_1_96' title='bbox 2030 913 2281 984; x_wconf 87' lang='lat' dir='ltr'><strong>cipatum</strong></span> <span class='ocrx_word' id='word_1_97' title='bbox 2333 925 2388 970; x_wconf 91' lang='lat' dir='ltr'><strong>et</strong></span> <span class='ocrx_word' id='word_1_98' title='bbox 2446 930 2663 970; x_wconf 83' lang='lat' dir='ltr'><strong>omnem</strong></span> <span class='ocrx_word' id='word_1_99' title='bbox 2704 927 3052 987; x_wconf 85' lang='lat' dir='ltr'><strong>potestatem,</strong></span> <span class='ocrx_word' id='word_1_100' title='bbox 3094 920 3317 983; x_wconf 86' lang='lat' dir='ltr'><strong>ultimus</strong></span> <span class='ocrx_word' id='word_1_101' title='bbox 3366 925 3623 984; x_wconf 84' lang='lat' dir='ltr'><strong>inimicus</strong></span> 
     </span>
    </p>
   </div>
   <div class='ocr_carea' id='block_1_14' title="bbox 339 1006 1919 1077">
    <p class='ocr_par' dir='ltr' id='par_1_14' title="bbox 339 1006 1911 1076">
     <span class='ocr_line' id='line_1_14' title="bbox 339 1006 1911 1076; baseline -0.001 -19"><span class='ocrx_word' id='word_1_102' title='bbox 339 1007 760 1076; x_wconf 83' lang='grc' dir='ltr'>συνεπεραίνετο</span> <span class='ocrx_word' id='word_1_103' title='bbox 790 1008 850 1061; x_wconf 87' lang='grc' dir='ltr'>οὐ</span> <span class='ocrx_word' id='word_1_104' title='bbox 876 1006 1037 1060; x_wconf 80' lang='grc' dir='ltr'>τοῦτό</span> <span class='ocrx_word' id='word_1_105' title='bbox 1061 1025 1227 1076; x_wconf 81' lang='grc' dir='ltr'>φησιν</span> <span class='ocrx_word' id='word_1_106' title='bbox 1246 1023 1261 1038; x_wconf 76' lang='grc' dir='ltr'><strong>ο</strong></span> <span class='ocrx_word' id='word_1_107' title='bbox 1293 1006 1427 1059; x_wconf 74' lang='grc' dir='ltr'>ἀλλὰ</span> <span class='ocrx_word' id='word_1_108' title='bbox 1460 1006 1522 1058; x_wconf 80' lang='grc' dir='ltr'><strong>τὸ</strong></span> <span class='ocrx_word' id='word_1_109' title='bbox 1550 1006 1684 1058; x_wconf 82' lang='grc' dir='ltr'>πολὺ</span> <span class='ocrx_word' id='word_1_110' title='bbox 1716 1022 1911 1058; x_wconf 81' lang='grc' dir='ltr'>ταπει-</span> 
     </span>
    </p>
   </div>
   <div class='ocr_carea' id='block_1_15' title="bbox 2023 1006 3620 1077">
    <p class='ocr_par' dir='ltr' id='par_1_15' title="bbox 2034 1007 3620 1077">
     <span class='ocr_line' id='line_1_15' title="bbox 2034 1007 3620 1077; baseline 0.008 -17"><span class='ocrx_word' id='word_1_111' title='bbox 2034 1007 2286 1061; x_wconf 76' lang='lat' dir='ltr'><strong>aboletur</strong></span> <span class='ocrx_word' id='word_1_112' title='bbox 2337 1023 2504 1064; x_wconf 88' lang='lat' dir='ltr'><strong>mors.</strong></span> <span class='ocrx_word' id='word_1_113' title='bbox 2564 1009 2631 1063; x_wconf 88' lang='lat' dir='ltr'><strong>Et</strong></span> <span class='ocrx_word' id='word_1_114' title='bbox 2662 1008 2976 1077; x_wconf 88' lang='lat' dir='ltr'><strong>Dominum,</strong></span> <span class='ocrx_word' id='word_1_115' title='bbox 3018 1024 3065 1068; x_wconf 89' lang='lat' dir='ltr'><strong>et</strong></span> <span class='ocrx_word' id='word_1_116' title='bbox 3103 1013 3382 1069; x_wconf 84' lang='lat' dir='ltr'><strong>Christum</strong></span> <span class='ocrx_word' id='word_1_117' title='bbox 3437 1033 3467 1072; x_wconf 91' lang='lat' dir='ltr'><strong>a</strong></span> <span class='ocrx_word' id='word_1_118' title='bbox 3510 1018 3620 1074; x_wconf 86' lang='lat' dir='ltr'><strong>Deo</strong></span> 
     </span>
    </p>
   </div>
   <div class='ocr_carea' id='block_1_16' title="bbox 338 1095 1919 1177">
    <p class='ocr_par' dir='ltr' id='par_1_16' title="bbox 338 1095 1919 1169">
     <span class='ocr_line' id='line_1_16' title="bbox 338 1095 1919 1169; baseline -0.001 -21"><span class='ocrx_word' id='word_1_119' title='bbox 338 1097 589 1166; x_wconf 71' lang='grc' dir='ltr'>νότερον*</span> <span class='ocrx_word' id='word_1_120' title='bbox 622 1100 708 1151; x_wconf 83' lang='grc' dir='ltr'>ὅτι</span> <span class='ocrx_word' id='word_1_121' title='bbox 754 1100 850 1152; x_wconf 79' lang='grc' dir='ltr'>καὶ</span> <span class='ocrx_word' id='word_1_122' title='bbox 881 1098 1089 1169; x_wconf 81' lang='grc' dir='ltr'>Κύριον</span> <span class='ocrx_word' id='word_1_123' title='bbox 1121 1099 1218 1151; x_wconf 81' lang='grc' dir='ltr'><strong>καὶ</strong></span> <span class='ocrx_word' id='word_1_124' title='bbox 1249 1098 1485 1168; x_wconf 76' lang='grc' dir='ltr'>Χριστὸν</span> <span class='ocrx_word' id='word_1_125' title='bbox 1523 1098 1686 1150; x_wconf 78' lang='grc' dir='ltr'>αὑτὸν</span> <span class='ocrx_word' id='word_1_126' title='bbox 1726 1097 1755 1148; x_wconf 83' lang='grc' dir='ltr'>ὁ</span> <span class='ocrx_word' id='word_1_127' title='bbox 1794 1095 1919 1158; x_wconf 82' lang='grc' dir='ltr'>Θεὸς</span> 
     </span>
    </p>
   </div>
   <div class='ocr_carea' id='block_1_17' title="bbox 2023 1095 3620 1177">
    <p class='ocr_par' dir='ltr' id='par_1_17' title="bbox 2047 1097 3620 1177">
     <span class='ocr_line' id='line_1_17' title="bbox 2047 1097 3620 1177; baseline 0.005 -26"><span class='ocrx_word' id='word_1_128' title='bbox 2047 1097 2282 1163; x_wconf 79' lang='lat' dir='ltr'><strong>factum,</strong></span> <span class='ocrx_word' id='word_1_129' title='bbox 2323 1114 2448 1154; x_wconf 80' lang='lat' dir='ltr'><strong>esse</strong></span> <span class='ocrx_word' id='word_1_130' title='bbox 2502 1099 2649 1154; x_wconf 89' lang='lat' dir='ltr'><strong>hunc</strong></span> <span class='ocrx_word' id='word_1_131' title='bbox 2682 1101 2884 1171; x_wconf 87' lang='lat' dir='ltr'><strong>ipsum.</strong></span> <span class='ocrx_word' id='word_1_132' title='bbox 2928 1102 3155 1157; x_wconf 89' lang='lat' dir='ltr'><strong>Factum</strong></span> <span class='ocrx_word' id='word_1_133' title='bbox 3206 1121 3349 1169; x_wconf 81' lang='lat' dir='ltr'><strong>esse,</strong></span> <span class='ocrx_word' id='word_1_134' title='bbox 3397 1124 3497 1177; x_wconf 90' lang='lat' dir='ltr'><strong>pro</strong></span> <span class='ocrx_word' id='word_1_135' title='bbox 3530 1125 3620 1164; x_wconf 61' lang='lat' dir='ltr'><strong>eo.</strong></span> 
     </span>
    </p>
   </div>
   <div class='ocr_carea' id='block_1_18' title="bbox 339 1186 1919 1266">
    <p class='ocr_par' dir='ltr' id='par_1_18' title="bbox 339 1186 1919 1260">
     <span class='ocr_line' id='line_1_18' title="bbox 339 1186 1919 1260; baseline -0.001 -18"><span class='ocrx_word' id='word_1_136' title='bbox 339 1190 643 1257; x_wconf 81' lang='grc' dir='ltr'>κατέστησε</span> <span class='ocrx_word' id='word_1_137' title='bbox 666 1206 680 1219; x_wconf 78' lang='grc' dir='ltr'><strong>ο</strong></span> <span class='ocrx_word' id='word_1_138' title='bbox 714 1188 871 1243; x_wconf 85' lang='grc' dir='ltr'>τοῦτο</span> <span class='ocrx_word' id='word_1_139' title='bbox 898 1190 1008 1260; x_wconf 81' lang='grc' dir='ltr'>γὰρ</span> <span class='ocrx_word' id='word_1_140' title='bbox 1037 1189 1189 1258; x_wconf 82' lang='grc' dir='ltr'>δηλοῖ</span> <span class='ocrx_word' id='word_1_141' title='bbox 1211 1189 1294 1253; x_wconf 85' lang='grc' dir='ltr'>τὸ,</span> <span class='ocrx_word' id='word_1_142' title='bbox 1326 1190 1604 1256; x_wconf 77' lang='grc' dir='ltr'>ἐποίησεν.</span> <span class='ocrx_word' id='word_1_143' title='bbox 1639 1186 1795 1241; x_wconf 79' lang='grc' dir='ltr'>Οὕτω</span> <span class='ocrx_word' id='word_1_144' title='bbox 1818 1186 1919 1257; x_wconf 79' lang='grc' dir='ltr'><strong>χρὴ</strong></span> 
     </span>
    </p>
   </div>
   <div class='ocr_carea' id='block_1_19' title="bbox 2023 1186 3622 1266">
    <p class='ocr_par' dir='ltr' id='par_1_19' title="bbox 2028 1189 3622 1266">
     <span class='ocr_line' id='line_1_19' title="bbox 2028 1189 3622 1266; baseline 0.007 -24"><span class='ocrx_word' id='word_1_145' title='bbox 2028 1189 2172 1259; x_wconf 89' lang='lat' dir='ltr'><strong>quod</strong></span> <span class='ocrx_word' id='word_1_146' title='bbox 2202 1198 2286 1244; x_wconf 87' lang='lat' dir='ltr'><strong>est</strong></span> <span class='ocrx_word' id='word_1_147' title='bbox 2315 1191 2674 1245; x_wconf 89' lang='lat' dir='ltr'><strong>constitutum</strong></span> <span class='ocrx_word' id='word_1_148' title='bbox 2708 1209 2851 1248; x_wconf 88' lang='lat' dir='ltr'><strong>esse.</strong></span> <span class='ocrx_word' id='word_1_149' title='bbox 2883 1192 3075 1249; x_wconf 77' lang='lat' dir='ltr'><strong>Nullus</strong></span> <span class='ocrx_word' id='word_1_150' title='bbox 3098 1197 3243 1250; x_wconf 90' lang='lat' dir='ltr'><strong>enim</strong></span> <span class='ocrx_word' id='word_1_151' title='bbox 3277 1213 3502 1266; x_wconf 84' lang='lat' dir='ltr'><strong>prorsus</strong></span> <span class='ocrx_word' id='word_1_152' title='bbox 3536 1210 3622 1255; x_wconf 82' lang='lat' dir='ltr'><strong>est</strong></span> 
     </span>
    </p>
   </div>
   <div class='ocr_carea' id='block_1_20' title="bbox 341 1276 1919 1352">
    <p class='ocr_par' dir='ltr' id='par_1_20' title="bbox 341 1276 1919 1352">
     <span class='ocr_line' id='line_1_20' title="bbox 341 1276 1919 1352; baseline -0.002 -19"><span class='ocrx_word' id='word_1_153' title='bbox 341 1283 618 1351; x_wconf 77' lang='grc' dir='ltr'><strong>πανταχοῦ</strong></span> <span class='ocrx_word' id='word_1_154' title='bbox 671 1284 918 1348; x_wconf 80' lang='grc' dir='ltr'>σκοπεῖν,</span> <span class='ocrx_word' id='word_1_155' title='bbox 965 1283 1033 1335; x_wconf 78' lang='grc' dir='ltr'>δι’</span> <span class='ocrx_word' id='word_1_156' title='bbox 1076 1276 1151 1336; x_wconf 82' lang='grc' dir='ltr'>ὧν</span> <span class='ocrx_word' id='word_1_157' title='bbox 1196 1286 1306 1345; x_wconf 82' lang='grc' dir='ltr'>τοῖς</span> <span class='ocrx_word' id='word_1_158' title='bbox 1354 1282 1654 1352; x_wconf 73' lang='grc' dir='ltr'><strong>ἀκροαταῖς</strong></span> <span class='ocrx_word' id='word_1_159' title='bbox 1684 1278 1919 1346; x_wconf 77' lang='grc' dir='ltr'>ὠφέλεια</span> 
     </span>
    </p>
   </div>
   <div class='ocr_carea' id='block_1_21' title="bbox 2023 1276 3621 1352">
    <p class='ocr_par' dir='ltr' id='par_1_21' title="bbox 2036 1282 3621 1349">
     <span class='ocr_line' id='line_1_21' title="bbox 2036 1282 3621 1349; baseline 0.006 -14"><span class='ocrx_word' id='word_1_160' title='bbox 2036 1295 2221 1335; x_wconf 82' lang='lat' dir='ltr'><strong>sermo</strong></span> <span class='ocrx_word' id='word_1_161' title='bbox 2275 1282 2344 1336; x_wconf 88' lang='lat' dir='ltr'><strong>de</strong></span> <span class='ocrx_word' id='word_1_162' title='bbox 2396 1283 2609 1349; x_wconf 90' lang='lat' dir='ltr'><strong>usiosi,</strong></span> <span class='ocrx_word' id='word_1_163' title='bbox 2656 1284 2709 1338; x_wconf 88' lang='lat' dir='ltr'><strong>id</strong></span> <span class='ocrx_word' id='word_1_164' title='bbox 2750 1296 2834 1341; x_wconf 85' lang='lat' dir='ltr'><strong>est</strong></span> <span class='ocrx_word' id='word_1_165' title='bbox 2891 1286 2959 1342; x_wconf 90' lang='lat' dir='ltr'><strong>de</strong></span> <span class='ocrx_word' id='word_1_166' title='bbox 3000 1288 3459 1346; x_wconf 85' lang='lat' dir='ltr'><strong>substantiatione</strong></span> <span class='ocrx_word' id='word_1_167' title='bbox 3524 1307 3621 1347; x_wconf 82' lang='lat' dir='ltr'><strong>seu</strong></span> 
     </span>
    </p>
   </div>
   <div class='ocr_carea' id='block_1_22' title="bbox 335 1373 3610 1447">
    <p class='ocr_par' dir='ltr' id='par_1_22' title="bbox 335 1373 3610 1447">
     <span class='ocr_line' id='line_1_22' title="bbox 335 1373 3610 1447; baseline 0.004 -22"><span class='ocrx_word' id='word_1_168' title='bbox 335 1376 572 1440; x_wconf 81' lang='grc' dir='ltr'>γίνεται.</span> <span class='ocrx_word' id='word_1_169' title='bbox 2030 1373 2423 1429; x_wconf 77' lang='lat' dir='ltr'><strong>essentiatione</strong></span> <span class='ocrx_word' id='word_1_170' title='bbox 2491 1383 2545 1430; x_wconf 90' lang='lat' dir='ltr'><strong>ct</strong></span> <span class='ocrx_word' id='word_1_171' title='bbox 2596 1376 2898 1447; x_wconf 81' lang='lat' dir='ltr'><strong>hypostasi,</strong></span> <span class='ocrx_word' id='word_1_172' title='bbox 2954 1379 3009 1434; x_wconf 89' lang='lat' dir='ltr'><strong>id</strong></span> <span class='ocrx_word' id='word_1_173' title='bbox 3061 1392 3166 1444; x_wconf 90' lang='lat' dir='ltr'><strong>est,</strong></span> <span class='ocrx_word' id='word_1_174' title='bbox 3228 1383 3610 1437; x_wconf 82' lang='lat' dir='ltr'><strong>subsistentia.</strong></span> 
     </span>
    </p>
   </div>
   <div class='ocr_carea' id='block_1_23' title="bbox 340 1464 3617 1540">
    <p class='ocr_par' dir='ltr' id='par_1_23' title="bbox 340 1464 3617 1540">
     <span class='ocr_line' id='line_1_23' title="bbox 340 1464 3617 1540; baseline 0.004 -24"><span class='ocrx_word' id='word_1_175' title='bbox 340 1464 546 1519; x_wconf 79' lang='lat' dir='ltr'><strong>Deinde</strong></span> <span class='ocrx_word' id='word_1_176' title='bbox 568 1466 811 1522; x_wconf 88' lang='lat' dir='ltr'><strong>nondum</strong></span> <span class='ocrx_word' id='word_1_177' title='bbox 832 1468 1131 1522; x_wconf 87' lang='lat' dir='ltr'><strong>humilibus</strong></span> <span class='ocrx_word' id='word_1_178' title='bbox 1152 1467 1650 1537; x_wconf 84' lang='lat' dir='ltr'><strong>superscdetatque</strong></span> <span class='ocrx_word' id='word_1_179' title='bbox 1681 1465 1918 1520; x_wconf 75' lang='lat' dir='ltr'><strong>desistit.</strong></span> <span class='ocrx_word' id='word_1_180' title='bbox 1954 1464 2091 1519; x_wconf 85' lang='lat' dir='ltr'><strong>Nam</strong></span> <span class='ocrx_word' id='word_1_181' title='bbox 2135 1482 2260 1522; x_wconf 89' lang='lat' dir='ltr'><strong>cum</strong></span> <span class='ocrx_word' id='word_1_182' title='bbox 2314 1477 2593 1537; x_wconf 88' lang='lat' dir='ltr'><strong>oporteret</strong></span> <span class='ocrx_word' id='word_1_183' title='bbox 2635 1470 2966 1540; x_wconf 71' lang='lat' dir='ltr'><strong>subiungere</strong></span> <span class='ocrx_word' id='word_1_184' title='bbox 3016 1490 3029 1526; x_wconf 92' lang='lat'><strong>:</strong></span> <span class='ocrx_word' id='word_1_185' title='bbox 3096 1472 3260 1528; x_wconf 90' lang='lat' dir='ltr'><strong>Certo</strong></span> <span class='ocrx_word' id='word_1_186' title='bbox 3306 1474 3445 1530; x_wconf 80' lang='lat' dir='ltr'><strong>sciat</strong></span> <span class='ocrx_word' id='word_1_187' title='bbox 3506 1486 3617 1535; x_wconf 77' lang='lat' dir='ltr'><strong>tota</strong></span> 
     </span>
    </p>
   </div>
   <div class='ocr_carea' id='block_1_24' title="bbox 332 1557 3618 1639">
    <p class='ocr_par' dir='ltr' id='par_1_24' title="bbox 332 1557 3618 1639">
     <span class='ocr_line' id='line_1_24' title="bbox 332 1557 3618 1639; baseline 0.004 -27"><span class='ocrx_word' id='word_1_188' title='bbox 332 1557 534 1613; x_wconf 87' lang='lat' dir='ltr'><strong>domus</strong></span> <span class='ocrx_word' id='word_1_189' title='bbox 564 1558 809 1625; x_wconf 87' lang='lat' dir='ltr'><strong>lsraclis,</strong></span> <span class='ocrx_word' id='word_1_190' title='bbox 834 1562 986 1616; x_wconf 90' lang='lat' dir='ltr'><strong>illum</strong></span> <span class='ocrx_word' id='word_1_191' title='bbox 1019 1578 1049 1615; x_wconf 90' lang='lat' dir='ltr'><strong>a</strong></span> <span class='ocrx_word' id='word_1_192' title='bbox 1090 1562 1302 1619; x_wconf 75' lang='lat' dir='ltr'><strong>dextris</strong></span> <span class='ocrx_word' id='word_1_193' title='bbox 1368 1561 1558 1618; x_wconf 87' lang='lat' dir='ltr'><strong>sedere</strong></span> <span class='ocrx_word' id='word_1_194' title='bbox 1594 1579 1609 1615; x_wconf 87' lang='lat'><strong>:</strong></span> <span class='ocrx_word' id='word_1_195' title='bbox 1664 1561 1768 1616; x_wconf 83' lang='lat' dir='ltr'><strong>hoc</strong></span> <span class='ocrx_word' id='word_1_196' title='bbox 1804 1561 1949 1616; x_wconf 90' lang='lat' dir='ltr'><strong>enim</strong></span> <span class='ocrx_word' id='word_1_197' title='bbox 1991 1576 2058 1617; x_wconf 75' lang='lat' dir='ltr'><strong>ex</strong></span> <span class='ocrx_word' id='word_1_198' title='bbox 2092 1563 2390 1619; x_wconf 85' lang='lat' dir='ltr'><strong>antedictis</strong></span> <span class='ocrx_word' id='word_1_199' title='bbox 2424 1564 2828 1634; x_wconf 79' lang='lat' dir='ltr'><strong>colligebatur:</strong></span> <span class='ocrx_word' id='word_1_200' title='bbox 2880 1580 2988 1621; x_wconf 89' lang='lat' dir='ltr'><strong>non</strong></span> <span class='ocrx_word' id='word_1_201' title='bbox 3021 1568 3123 1621; x_wconf 88' lang='lat' dir='ltr'><strong>hoc</strong></span> <span class='ocrx_word' id='word_1_202' title='bbox 3152 1568 3247 1634; x_wconf 86' lang='lat' dir='ltr'><strong>ait,</strong></span> <span class='ocrx_word' id='word_1_203' title='bbox 3306 1573 3399 1626; x_wconf 87' lang='lat' dir='ltr'><strong>sed</strong></span> <span class='ocrx_word' id='word_1_204' title='bbox 3469 1572 3618 1639; x_wconf 86' lang='lat' dir='ltr'><strong>quod</strong></span> 
     </span>
    </p>
   </div>
   <div class='ocr_carea' id='block_1_25' title="bbox 335 1652 3621 1727">
    <p class='ocr_par' dir='ltr' id='par_1_25' title="bbox 335 1652 3621 1727">
     <span class='ocr_line' id='line_1_25' title="bbox 335 1652 3621 1727; baseline 0.006 -22"><span class='ocrx_word' id='word_1_205' title='bbox 335 1652 509 1706; x_wconf 89' lang='lat' dir='ltr'><strong>multo</strong></span> <span class='ocrx_word' id='word_1_206' title='bbox 536 1652 799 1708; x_wconf 85' lang='lat' dir='ltr'><strong>humilius</strong></span> <span class='ocrx_word' id='word_1_207' title='bbox 842 1666 897 1710; x_wconf 86' lang='lat' dir='ltr'><strong>et</strong></span> <span class='ocrx_word' id='word_1_208' title='bbox 922 1655 1190 1724; x_wconf 85' lang='lat' dir='ltr'><strong>ahjectius</strong></span> <span class='ocrx_word' id='word_1_209' title='bbox 1227 1667 1331 1719; x_wconf 86' lang='lat' dir='ltr'><strong>est,</strong></span> <span class='ocrx_word' id='word_1_210' title='bbox 1364 1672 1558 1727; x_wconf 82' lang='lat' dir='ltr'><strong>nempe</strong></span> <span class='ocrx_word' id='word_1_211' title='bbox 1601 1655 1891 1713; x_wconf 84' lang='lat' dir='ltr'><strong>Dominum</strong></span> <span class='ocrx_word' id='word_1_212' title='bbox 1951 1656 2105 1711; x_wconf 88' lang='lat' dir='ltr'><strong>illum</strong></span> <span class='ocrx_word' id='word_1_213' title='bbox 2159 1667 2214 1713; x_wconf 88' lang='lat' dir='ltr'><strong>et</strong></span> <span class='ocrx_word' id='word_1_214' title='bbox 2249 1657 2528 1715; x_wconf 83' lang='lat' dir='ltr'><strong>Christum</strong></span> <span class='ocrx_word' id='word_1_215' title='bbox 2580 1676 2611 1713; x_wconf 91' lang='lat' dir='ltr'><strong>a</strong></span> <span class='ocrx_word' id='word_1_216' title='bbox 2656 1659 2766 1714; x_wconf 84' lang='lat' dir='ltr'><strong>Deo</strong></span> <span class='ocrx_word' id='word_1_217' title='bbox 2815 1661 3172 1717; x_wconf 84' lang='lat' dir='ltr'><strong>constitutum</strong></span> <span class='ocrx_word' id='word_1_218' title='bbox 3249 1682 3369 1722; x_wconf 88' lang='lat' dir='ltr'><strong>esse</strong></span> <span class='ocrx_word' id='word_1_219' title='bbox 3428 1686 3443 1721; x_wconf 88' lang='lat'><strong>:</strong></span> <span class='ocrx_word' id='word_1_220' title='bbox 3513 1671 3621 1726; x_wconf 89' lang='lat' dir='ltr'><strong>hoc</strong></span> 
     </span>
    </p>
   </div>
   <div class='ocr_carea' id='block_1_26' title="bbox 334 1736 3680 1826">
    <p class='ocr_par' dir='ltr' id='par_1_26' title="bbox 334 1736 3680 1826">
     <span class='ocr_line' id='line_1_26' title="bbox 334 1736 3680 1826; baseline 0.006 -30"><span class='ocrx_word' id='word_1_221' title='bbox 334 1744 481 1797; x_wconf 90' lang='lat' dir='ltr'><strong>enim</strong></span> <span class='ocrx_word' id='word_1_222' title='bbox 532 1744 806 1813; x_wconf 79' lang='lat' dir='ltr'><strong>signiﬁcat</strong></span> <span class='ocrx_word' id='word_1_223' title='bbox 871 1747 1123 1813; x_wconf 82' lang='lat' dir='ltr'><strong>verbum,</strong></span> <span class='ocrx_word' id='word_1_224' title='bbox 1168 1748 1372 1804; x_wconf 81' lang='lat' dir='ltr'><strong>factum</strong></span> <span class='ocrx_word' id='word_1_225' title='bbox 1419 1764 1562 1805; x_wconf 85' lang='lat' dir='ltr'><strong>esse.</strong></span> <span class='ocrx_word' id='word_1_226' title='bbox 1609 1746 1690 1803; x_wconf 82' lang='lat' dir='ltr'><strong>Ita</strong></span> <span class='ocrx_word' id='word_1_227' title='bbox 1743 1758 1957 1819; x_wconf 82' lang='lat' dir='ltr'><strong>Oportet</strong></span> <span class='ocrx_word' id='word_1_228' title='bbox 2015 1748 2218 1819; x_wconf 87' lang='lat' dir='ltr'><strong>ubique</strong></span> <span class='ocrx_word' id='word_1_229' title='bbox 2264 1750 2534 1820; x_wconf 86' lang='lat' dir='ltr'><strong>dispicere</strong></span> <span class='ocrx_word' id='word_1_230' title='bbox 2584 1762 2748 1819; x_wconf 85' lang='lat' dir='ltr'><strong>atque</strong></span> <span class='ocrx_word' id='word_1_231' title='bbox 2812 1752 3186 1821; x_wconf 83' lang='lat' dir='ltr'><strong>considerare,</strong></span> <span class='ocrx_word' id='word_1_232' title='bbox 3244 1772 3351 1826; x_wconf 88' lang='lat' dir='ltr'><strong>qua</strong></span> <span class='ocrx_word' id='word_1_233' title='bbox 3405 1763 3619 1826; x_wconf 72' lang='lat' dir='ltr'><strong>ratione</strong></span> <span class='ocrx_word' id='word_1_234' title='bbox 3676 1736 3680 1739; x_wconf 17' lang='grc' dir='ltr'><strong>Δ</strong></span> 
     </span>
    </p>
   </div>
   <div class='ocr_carea' id='block_1_27' title="bbox 332 1836 1208 1907">
    <p class='ocr_par' dir='ltr' id='par_1_27' title="bbox 332 1836 1208 1907">
     <span class='ocr_line' id='line_1_27' title="bbox 332 1836 1208 1907; baseline 0.007 -18"><span class='ocrx_word' id='word_1_235' title='bbox 332 1836 615 1892; x_wconf 79' lang='lat' dir='ltr'><strong>auditores</strong></span> <span class='ocrx_word' id='word_1_236' title='bbox 645 1838 862 1907; x_wconf 81' lang='lat' dir='ltr'><strong>capiant</strong></span> <span class='ocrx_word' id='word_1_237' title='bbox 901 1838 1208 1895; x_wconf 81' lang='lat' dir='ltr'><strong>utilitatem.</strong></span> 
     </span>
    </p>
   </div>
   <div class='ocr_carea' id='block_1_28' title="bbox 418 1925 1919 2006">
    <p class='ocr_par' dir='ltr' id='par_1_28' title="bbox 418 1930 1914 2003">
     <span class='ocr_line' id='line_1_28' title="bbox 418 1930 1914 2003; baseline 0.002 -20"><span class='ocrx_word' id='word_1_238' title='bbox 418 1930 819 1996; x_wconf 78' lang='grc' dir='ltr'><strong>Ἀκούσαντες</strong></span> <span class='ocrx_word' id='word_1_239' title='bbox 858 1930 928 1985; x_wconf 83' lang='grc' dir='ltr'>δὲ</span> <span class='ocrx_word' id='word_1_240' title='bbox 972 1934 1395 2002; x_wconf 75' lang='grc' dir='ltr'><strong>κατενύγησαν</strong></span> <span class='ocrx_word' id='word_1_241' title='bbox 1412 1934 1459 1965; x_wconf 80' lang='grc'><strong><em>⁵⁶</em></strong></span> <span class='ocrx_word' id='word_1_242' title='bbox 1522 1933 1597 2003; x_wconf 76' lang='grc' dir='ltr'>τῇ</span> <span class='ocrx_word' id='word_1_243' title='bbox 1661 1931 1876 2002; x_wconf 75' lang='grc' dir='ltr'>καρδίᾳ</span> <span class='ocrx_word' id='word_1_244' title='bbox 1898 1972 1914 1997; x_wconf 92' lang='grc'><strong>,</strong></span> 
     </span>
    </p>
   </div>
   <div class='ocr_carea' id='block_1_29' title="bbox 2023 1925 3614 2006">
    <p class='ocr_par' dir='ltr' id='par_1_29' title="bbox 2091 1925 3614 1999">
     <span class='ocr_line' id='line_1_29' title="bbox 2091 1925 3614 1999; baseline 0.005 -16"><span class='ocrx_word' id='word_1_245' title='bbox 2091 1928 2254 1985; x_wconf 74' lang='lat' dir='ltr'><strong>Vens.</strong></span> <span class='ocrx_word' id='word_1_246' title='bbox 2288 1929 2377 1983; x_wconf 77' lang='lat'><strong>57.</strong></span> <span class='ocrx_word' id='word_1_247' title='bbox 2410 1925 2512 1981; x_wconf 81' lang='lat' dir='ltr'><strong>llis</strong></span> <span class='ocrx_word' id='word_1_248' title='bbox 2544 1935 2718 1981; x_wconf 87' lang='lat' dir='ltr'><strong>autem</strong></span> <span class='ocrx_word' id='word_1_249' title='bbox 2746 1926 2831 1980; x_wconf 83' lang='lat' dir='ltr'><strong>illi</strong></span> <span class='ocrx_word' id='word_1_250' title='bbox 2859 1928 3077 1991; x_wconf 75' lang='lat' dir='ltr'><strong>auditis,</strong></span> <span class='ocrx_word' id='word_1_251' title='bbox 3114 1930 3269 1984; x_wconf 81' lang='lat' dir='ltr'><strong>corde</strong></span> <span class='ocrx_word' id='word_1_252' title='bbox 3318 1936 3614 1999; x_wconf 85' lang='lat' dir='ltr'><strong>compuncti</strong></span> 
     </span>
    </p>
   </div>
   <div class='ocr_carea' id='block_1_30' title="bbox 332 2018 1921 2091">
    <p class='ocr_par' dir='ltr' id='par_1_30' title="bbox 332 2018 1921 2091">
     <span class='ocr_line' id='line_1_30' title="bbox 332 2018 1921 2091; baseline -0.001 -15"><span class='ocrx_word' id='word_1_253' title='bbox 332 2018 508 2076; x_wconf 72' lang='grc' dir='ltr'><em>εἶπόν</em></span> <span class='ocrx_word' id='word_1_254' title='bbox 560 2038 624 2075; x_wconf 87' lang='grc' dir='ltr'><strong>τε</strong></span> <span class='ocrx_word' id='word_1_255' title='bbox 672 2022 823 2091; x_wconf 80' lang='grc' dir='ltr'>πρὸς</span> <span class='ocrx_word' id='word_1_256' title='bbox 873 2022 980 2076; x_wconf 86' lang='grc' dir='ltr'><strong>τὸν</strong></span> <span class='ocrx_word' id='word_1_257' title='bbox 1017 2022 1256 2091; x_wconf 76' lang='grc' dir='ltr'>Πέτρον</span> <span class='ocrx_word' id='word_1_258' title='bbox 1316 2024 1413 2079; x_wconf 76' lang='grc' dir='ltr'><strong>καί</strong></span> <span class='ocrx_word' id='word_1_259' title='bbox 1480 2026 1623 2091; x_wconf 82' lang='grc' dir='ltr'>τοὺς</span> <span class='ocrx_word' id='word_1_260' title='bbox 1667 2024 1921 2088; x_wconf 74' lang='grc' dir='ltr'>λοιποὺς</span> 
     </span>
    </p>
   </div>
   <div class='ocr_carea' id='block_1_31' title="bbox 332 2115 1806 2186">
    <p class='ocr_par' dir='ltr' id='par_1_31' title="bbox 332 2115 1806 2186">
     <span class='ocr_line' id='line_1_31' title="bbox 332 2115 1806 2186; baseline 0.001 -17"><span class='ocrx_word' id='word_1_261' title='bbox 332 2115 721 2181; x_wconf 72' lang='grc' dir='ltr'><strong>ἀποστόλους</strong></span> <span class='ocrx_word' id='word_1_262' title='bbox 744 2133 758 2146; x_wconf 87' lang='grc'><strong>·</strong></span> <span class='ocrx_word' id='word_1_263' title='bbox 807 2118 866 2170; x_wconf 85' lang='grc' dir='ltr'>Τί</span> <span class='ocrx_word' id='word_1_264' title='bbox 900 2119 1255 2186; x_wconf 71' lang='grc' dir='ltr'>ποιήσομεν,</span> <span class='ocrx_word' id='word_1_265' title='bbox 1283 2117 1499 2185; x_wconf 74' lang='grc' dir='ltr'>ἄνδρες</span> <span class='ocrx_word' id='word_1_266' title='bbox 1529 2117 1806 2186; x_wconf 57' lang='grc' dir='ltr'>ἁδελφοπ</span> 
     </span>
    </p>
   </div>
   <div class='ocr_carea' id='block_1_32' title="bbox 404 2206 1919 2275">
    <p class='ocr_par' dir='ltr' id='par_1_32' title="bbox 404 2206 1919 2275">
     <span class='ocr_line' id='line_1_32' title="bbox 404 2206 1919 2275; baseline 0.001 -14"><span class='ocrx_word' id='word_1_267' title='bbox 404 2207 627 2274; x_wconf 81' lang='grc' dir='ltr'><strong>Πέτρος</strong></span> <span class='ocrx_word' id='word_1_268' title='bbox 648 2206 717 2258; x_wconf 84' lang='grc' dir='ltr'>δὲ</span> <span class='ocrx_word' id='word_1_269' title='bbox 739 2207 783 2237; x_wconf 84' lang='grc'><strong>⁸⁷</strong></span> <span class='ocrx_word' id='word_1_270' title='bbox 814 2208 930 2275; x_wconf 67' lang='grc' dir='ltr'><strong>ἔφη</strong></span> <span class='ocrx_word' id='word_1_271' title='bbox 981 2208 1133 2274; x_wconf 76' lang='grc' dir='ltr'>πρὸς</span> <span class='ocrx_word' id='word_1_272' title='bbox 1184 2208 1409 2272; x_wconf 86' lang='grc' dir='ltr'>αὐτούς</span> <span class='ocrx_word' id='word_1_273' title='bbox 1427 2224 1442 2239; x_wconf 77' lang='grc' dir='ltr'><strong>ο</strong></span> <span class='ocrx_word' id='word_1_274' title='bbox 1472 2209 1919 2275; x_wconf 75' lang='grc' dir='ltr'><strong>Μετανοήσατε,</strong></span> 
     </span>
    </p>
   </div>
   <div class='ocr_carea' id='block_1_33' title="bbox 334 2296 1922 2370">
    <p class='ocr_par' dir='ltr' id='par_1_33' title="bbox 334 2296 1922 2370">
     <span class='ocr_line' id='line_1_33' title="bbox 334 2296 1922 2370; baseline 0.003 -20"><span class='ocrx_word' id='word_1_275' title='bbox 334 2298 431 2350; x_wconf 72' lang='grc' dir='ltr'>καὶ</span> <span class='ocrx_word' id='word_1_276' title='bbox 461 2296 858 2366; x_wconf 75' lang='grc' dir='ltr'><strong>βαπτισθήτω</strong></span> <span class='ocrx_word' id='word_1_277' title='bbox 905 2297 1165 2364; x_wconf 76' lang='grc' dir='ltr'>ἕκαστος</span> <span class='ocrx_word' id='word_1_278' title='bbox 1195 2297 1361 2368; x_wconf 76' lang='grc' dir='ltr'><strong>ὑμῶν</strong></span> <span class='ocrx_word' id='word_1_279' title='bbox 1392 2299 1492 2353; x_wconf 73' lang='grc' dir='ltr'><strong>ἐπὶ</strong></span> <span class='ocrx_word' id='word_1_280' title='bbox 1540 2301 1622 2366; x_wconf 84' lang='grc' dir='ltr'>τῷ</span> <span class='ocrx_word' id='word_1_281' title='bbox 1673 2301 1922 2370; x_wconf 78' lang='grc' dir='ltr'>ὀνόματι</span> 
     </span>
    </p>
   </div>
   <div class='ocr_carea' id='block_1_34' title="bbox 355 2388 1918 2461">
    <p class='ocr_par' dir='ltr' id='par_1_34' title="bbox 355 2388 1918 2461">
     <span class='ocr_line' id='line_1_34' title="bbox 355 2388 1918 2461; baseline 0.001 -17"><span class='ocrx_word' id='word_1_282' title='bbox 355 2389 556 2455; x_wconf 81' lang='grc' dir='ltr'>Ἰησοῦ</span> <span class='ocrx_word' id='word_1_283' title='bbox 586 2388 868 2457; x_wconf 82' lang='grc' dir='ltr'>Χριστοῦ,</span> <span class='ocrx_word' id='word_1_284' title='bbox 916 2392 1003 2456; x_wconf 81' lang='grc' dir='ltr'>εἰς</span> <span class='ocrx_word' id='word_1_285' title='bbox 1056 2390 1280 2458; x_wconf 76' lang='grc' dir='ltr'>ἄφεσιν</span> <span class='ocrx_word' id='word_1_286' title='bbox 1306 2390 1607 2461; x_wconf 79' lang='grc' dir='ltr'>ἁμαρτιῶν</span> <span class='ocrx_word' id='word_1_287' title='bbox 1626 2406 1639 2420; x_wconf 71' lang='grc' dir='ltr'><strong><em>ο</em></strong></span> <span class='ocrx_word' id='word_1_288' title='bbox 1682 2393 1779 2445; x_wconf 79' lang='grc' dir='ltr'>καὶ</span> <span class='ocrx_word' id='word_1_289' title='bbox 1808 2392 1918 2461; x_wconf 79' lang='grc' dir='ltr'><strong>λή-</strong></span> 
     </span>
    </p>
   </div>
   <div class='ocr_carea' id='block_1_35' title="bbox 336 2479 1660 2549">
    <p class='ocr_par' dir='ltr' id='par_1_35' title="bbox 336 2479 1660 2549">
     <span class='ocr_line' id='line_1_35' title="bbox 336 2479 1660 2549; baseline 0.002 -16"><span class='ocrx_word' id='word_1_290' title='bbox 336 2483 525 2548; x_wconf 68' lang='grc' dir='ltr'>ψεσθε</span> <span class='ocrx_word' id='word_1_291' title='bbox 551 2479 667 2546; x_wconf 79' lang='grc' dir='ltr'><strong>τὴν</strong></span> <span class='ocrx_word' id='word_1_292' title='bbox 699 2479 926 2548; x_wconf 77' lang='grc' dir='ltr'>δωρεὰν</span> <span class='ocrx_word' id='word_1_293' title='bbox 955 2480 1061 2534; x_wconf 85' lang='grc' dir='ltr'>τοῦ</span> <span class='ocrx_word' id='word_1_294' title='bbox 1090 2481 1265 2549; x_wconf 74' lang='grc' dir='ltr'>ἁγίου</span> <span class='ocrx_word' id='word_1_295' title='bbox 1296 2482 1660 2548; x_wconf 75' lang='grc' dir='ltr'>ιινεύματος.</span> 
     </span>
    </p>
   </div>
   <div class='ocr_carea' id='block_1_36' title="bbox 418 2589 1920 2659">
    <p class='ocr_par' dir='ltr' id='par_1_36' title="bbox 418 2589 1920 2659">
     <span class='ocr_line' id='line_1_36' title="bbox 418 2589 1920 2659; baseline 0.003 -18"><span class='ocrx_word' id='word_1_296' title='bbox 418 2589 590 2658; x_wconf 73' lang='grc' dir='ltr'><strong>’Υιιῖν</strong></span> <span class='ocrx_word' id='word_1_297' title='bbox 616 2589 729 2658; x_wconf 81' lang='grc' dir='ltr'>γάρ</span> <span class='ocrx_word' id='word_1_298' title='bbox 758 2590 931 2644; x_wconf 76' lang='grc' dir='ltr'>ἐστιν</span> <span class='ocrx_word' id='word_1_299' title='bbox 956 2592 994 2659; x_wconf 72' lang='grc' dir='ltr'><strong><em>ἡ</em></strong></span> <span class='ocrx_word' id='word_1_300' title='bbox 1016 2590 1369 2659; x_wconf 65' lang='grc' dir='ltr'>ἐπαγγελία,</span> <span class='ocrx_word' id='word_1_301' title='bbox 1397 2593 1496 2645; x_wconf 76' lang='grc' dir='ltr'>καὶ</span> <span class='ocrx_word' id='word_1_302' title='bbox 1527 2592 1654 2657; x_wconf 85' lang='grc' dir='ltr'>τοῖς</span> <span class='ocrx_word' id='word_1_303' title='bbox 1686 2592 1920 2657; x_wconf 78' lang='grc' dir='ltr'>τέκνοις</span> 
     </span>
    </p>
   </div>
   <div class='ocr_carea' id='block_1_37' title="bbox 335 2678 1918 2754">
    <p class='ocr_par' dir='ltr' id='par_1_37' title="bbox 335 2678 1918 2754">
     <span class='ocr_line' id='line_1_37' title="bbox 335 2678 1918 2754; baseline 0.001 -19"><span class='ocrx_word' id='word_1_304' title='bbox 335 2679 523 2749; x_wconf 76' lang='grc' dir='ltr'>ὑμῶν,</span> <span class='ocrx_word' id='word_1_305' title='bbox 561 2683 657 2734; x_wconf 75' lang='grc' dir='ltr'>καὶ</span> <span class='ocrx_word' id='word_1_306' title='bbox 682 2678 834 2735; x_wconf 79' lang='grc' dir='ltr'>πᾶσι</span> <span class='ocrx_word' id='word_1_307' title='bbox 860 2681 986 2748; x_wconf 86' lang='grc' dir='ltr'>τοῖς</span> <span class='ocrx_word' id='word_1_308' title='bbox 1014 2686 1101 2750; x_wconf 85' lang='grc' dir='ltr'>εις</span> <span class='ocrx_word' id='word_1_309' title='bbox 1118 2684 1378 2754; x_wconf 78' lang='grc' dir='ltr'>μακρὰν,</span> <span class='ocrx_word' id='word_1_310' title='bbox 1410 2683 1599 2751; x_wconf 85' lang='grc' dir='ltr'>ὅσους</span> <span class='ocrx_word' id='word_1_311' title='bbox 1623 2682 1703 2738; x_wconf 80' lang='grc' dir='ltr'><strong>ἂν</strong></span> <span class='ocrx_word' id='word_1_312' title='bbox 1728 2699 1918 2752; x_wconf 77' lang='grc' dir='ltr'>προσ-</span> 
     </span>
    </p>
   </div>
   <div class='ocr_carea' id='block_1_38' title="bbox 335 2772 1376 2843">
    <p class='ocr_par' dir='ltr' id='par_1_38' title="bbox 335 2772 1376 2843">
     <span class='ocr_line' id='line_1_38' title="bbox 335 2772 1376 2843; baseline 0.002 -16"><span class='ocrx_word' id='word_1_313' title='bbox 335 2772 667 2838; x_wconf 74' lang='grc' dir='ltr'>καλέσηται</span> <span class='ocrx_word' id='word_1_314' title='bbox 695 2776 913 2841; x_wconf 79' lang='grc' dir='ltr'>Κύριος</span> <span class='ocrx_word' id='word_1_315' title='bbox 952 2777 984 2828; x_wconf 83' lang='grc' dir='ltr'>ό</span> <span class='ocrx_word' id='word_1_316' title='bbox 1019 2775 1164 2842; x_wconf 71' lang='grc' dir='ltr'>Θεὸς</span> <span class='ocrx_word' id='word_1_317' title='bbox 1187 2773 1376 2843; x_wconf 73' lang='grc' dir='ltr'>ἡμῶν.</span> 
     </span>
    </p>
   </div>
   <div class='ocr_carea' id='block_1_39' title="bbox 417 2884 1917 2955">
    <p class='ocr_par' dir='ltr' id='par_1_39' title="bbox 417 2884 1917 2955">
     <span class='ocr_line' id='line_1_39' title="bbox 417 2884 1917 2955; baseline -0.001 -16"><span class='ocrx_word' id='word_1_318' title='bbox 417 2884 676 2953; x_wconf 77' lang='grc' dir='ltr'>Ἑτέρως</span> <span class='ocrx_word' id='word_1_319' title='bbox 727 2902 793 2939; x_wconf 91' lang='grc' dir='ltr'><strong>τε</strong></span> <span class='ocrx_word' id='word_1_320' title='bbox 837 2888 1044 2954; x_wconf 79' lang='grc' dir='ltr'>λόγοις</span> <span class='ocrx_word' id='word_1_321' title='bbox 1107 2887 1348 2939; x_wconf 80' lang='grc' dir='ltr'>πλείοσι</span> <span class='ocrx_word' id='word_1_322' title='bbox 1393 2885 1820 2955; x_wconf 80' lang='grc' dir='ltr'>διεμαρτύρατο</span> <span class='ocrx_word' id='word_1_323' title='bbox 1836 2885 1917 2951; x_wconf 79' lang='grc'>⁸⁸,</span> 
     </span>
    </p>
   </div>
   <div class='ocr_carea' id='block_1_40' title="bbox 335 2973 1922 3047">
    <p class='ocr_par' dir='ltr' id='par_1_40' title="bbox 335 2973 1922 3047">
     <span class='ocr_line' id='line_1_40' title="bbox 335 2973 1922 3047; baseline 0 -18"><span class='ocrx_word' id='word_1_324' title='bbox 335 2976 433 3029; x_wconf 75' lang='grc' dir='ltr'>καὶ</span> <span class='ocrx_word' id='word_1_325' title='bbox 467 2976 794 3044; x_wconf 73' lang='grc' dir='ltr'>παρεκάλει</span> <span class='ocrx_word' id='word_1_326' title='bbox 825 2978 1043 3047; x_wconf 64' lang='grc' dir='ltr'>λέγων’</span> <span class='ocrx_word' id='word_1_327' title='bbox 1069 2976 1304 3045; x_wconf 79' lang='grc' dir='ltr'><strong>Σώθητε</strong></span> <span class='ocrx_word' id='word_1_328' title='bbox 1320 2979 1365 3010; x_wconf 77' lang='grc'><strong><em>⁵³</em></strong></span> <span class='ocrx_word' id='word_1_329' title='bbox 1394 2976 1515 3030; x_wconf 77' lang='grc' dir='ltr'><strong>ἀπὸ</strong></span> <span class='ocrx_word' id='word_1_330' title='bbox 1568 2975 1678 3045; x_wconf 79' lang='grc' dir='ltr'>τῆς</span> <span class='ocrx_word' id='word_1_331' title='bbox 1710 2973 1922 3047; x_wconf 75' lang='grc' dir='ltr'>γενεᾶς</span> 
     </span>
    </p>
   </div>
   <div class='ocr_carea' id='block_1_41' title="bbox 334 3066 1008 3136">
    <p class='ocr_par' dir='ltr' id='par_1_41' title="bbox 334 3066 1008 3136">
     <span class='ocr_line' id='line_1_41' title="bbox 334 3066 1008 3136; baseline 0.001 -15"><span class='ocrx_word' id='word_1_332' title='bbox 334 3066 449 3136; x_wconf 83' lang='grc' dir='ltr'>τῆς</span> <span class='ocrx_word' id='word_1_333' title='bbox 479 3068 732 3134; x_wconf 81' lang='grc' dir='ltr'>σκολιᾶς</span> <span class='ocrx_word' id='word_1_334' title='bbox 763 3070 1008 3135; x_wconf 82' lang='grc' dir='ltr'>ταύτης.</span> 
     </span>
    </p>
   </div>
   <div class='ocr_carea' id='block_1_42' title="bbox 424 3270 1916 3344">
    <p class='ocr_par' dir='ltr' id='par_1_42' title="bbox 424 3270 1916 3344">
     <span class='ocr_line' id='line_1_42' title="bbox 424 3270 1916 3344; baseline 0 -20"><span class='ocrx_word' id='word_1_335' title='bbox 424 3272 591 3344; x_wconf 80' lang='grc' dir='ltr'>Ὁρᾷς</span> <span class='ocrx_word' id='word_1_336' title='bbox 619 3274 742 3326; x_wconf 84' lang='grc' dir='ltr'>ὅσον</span> <span class='ocrx_word' id='word_1_337' title='bbox 772 3274 919 3326; x_wconf 74' lang='grc' dir='ltr'>ἐστὶν</span> <span class='ocrx_word' id='word_1_338' title='bbox 964 3273 1236 3326; x_wconf 70' lang='grc' dir='ltr'>ἐπιείκεια</span> <span class='ocrx_word' id='word_1_339' title='bbox 1256 3287 1269 3301; x_wconf 82' lang='grc'><strong>”</strong></span> <span class='ocrx_word' id='word_1_340' title='bbox 1303 3272 1378 3335; x_wconf 86' lang='grc' dir='ltr'><strong>ὡς</strong></span> <span class='ocrx_word' id='word_1_341' title='bbox 1412 3270 1552 3343; x_wconf 78' lang='grc' dir='ltr'>αὕτη</span> <span class='ocrx_word' id='word_1_342' title='bbox 1589 3271 1789 3342; x_wconf 82' lang='grc' dir='ltr'>μᾶλλον</span> <span class='ocrx_word' id='word_1_343' title='bbox 1818 3274 1916 3340; x_wconf 81' lang='grc' dir='ltr'>τῆς</span> 
     </span>
    </p>
   </div>
   <div class='ocr_carea' id='block_1_43' title="bbox 340 3362 1933 3435">
    <p class='ocr_par' dir='ltr' id='par_1_43' title="bbox 340 3362 1933 3435">
     <span class='ocr_line' id='line_1_43' title="bbox 340 3362 1933 3435; baseline -0.001 -21"><span class='ocrx_word' id='word_1_344' title='bbox 340 3364 699 3435; x_wconf 64' lang='grc' dir='ltr'>σφοδρότητος</span> <span class='ocrx_word' id='word_1_345' title='bbox 728 3363 827 3425; x_wconf 83' lang='grc' dir='ltr'><strong>τάς</strong></span> <span class='ocrx_word' id='word_1_346' title='bbox 856 3363 1084 3433; x_wconf 81' lang='grc' dir='ltr'>καρδίας</span> <span class='ocrx_word' id='word_1_347' title='bbox 1110 3362 1219 3415; x_wconf 87' lang='grc' dir='ltr'><strong>τῶν</strong></span> <span class='ocrx_word' id='word_1_348' title='bbox 1248 3363 1552 3430; x_wconf 78' lang='grc' dir='ltr'>ἀνθρώπων</span> <span class='ocrx_word' id='word_1_349' title='bbox 1610 3363 1933 3432; x_wconf 76' lang='grc' dir='ltr'>κατακεντᾷ</span> 
     </span>
    </p>
   </div>
   <div class='ocr_carea' id='block_1_44' title="bbox 337 3454 1917 3527">
    <p class='ocr_par' dir='ltr' id='par_1_44' title="bbox 337 3454 1917 3527">
     <span class='ocr_line' id='line_1_44' title="bbox 337 3454 1917 3527; baseline -0.003 -17"><span class='ocrx_word' id='word_1_350' title='bbox 337 3459 434 3510; x_wconf 74' lang='grc' dir='ltr'><strong>καὶ</strong></span> <span class='ocrx_word' id='word_1_351' title='bbox 466 3455 762 3526; x_wconf 78' lang='grc' dir='ltr'>μαλάττει’</span> <span class='ocrx_word' id='word_1_352' title='bbox 799 3455 894 3508; x_wconf 78' lang='grc' dir='ltr'>καὶ</span> <span class='ocrx_word' id='word_1_353' title='bbox 922 3456 1031 3527; x_wconf 83' lang='grc' dir='ltr'><strong>γὰρ</strong></span> <span class='ocrx_word' id='word_1_354' title='bbox 1064 3454 1297 3508; x_wconf 78' lang='grc' dir='ltr'>ἐνταῦθα</span> <span class='ocrx_word' id='word_1_355' title='bbox 1335 3457 1362 3507; x_wconf 90' lang='grc' dir='ltr'>ὁ</span> <span class='ocrx_word' id='word_1_356' title='bbox 1403 3454 1671 3525; x_wconf 84' lang='grc' dir='ltr'>μακάριος</span> <span class='ocrx_word' id='word_1_357' title='bbox 1710 3454 1917 3522; x_wconf 80' lang='grc' dir='ltr'>Πέτρος</span> 
     </span>
    </p>
   </div>
   <div class='ocr_carea' id='block_1_45' title="bbox 338 3542 1923 3615">
    <p class='ocr_par' dir='ltr' id='par_1_45' title="bbox 338 3542 1923 3615">
     <span class='ocr_line' id='line_1_45' title="bbox 338 3542 1923 3615; baseline -0.002 -17"><span class='ocrx_word' id='word_1_358' title='bbox 338 3547 609 3615; x_wconf 78' lang='grc' dir='ltr'>ἀνέμνησε</span> <span class='ocrx_word' id='word_1_359' title='bbox 635 3545 734 3615; x_wconf 83' lang='grc' dir='ltr'><strong>μὲν</strong></span> <span class='ocrx_word' id='word_1_360' title='bbox 763 3545 961 3606; x_wconf 80' lang='grc' dir='ltr'>αὐτοὺς</span> <span class='ocrx_word' id='word_1_361' title='bbox 982 3544 1091 3597; x_wconf 88' lang='grc' dir='ltr'><strong>τῶν</strong></span> <span class='ocrx_word' id='word_1_362' title='bbox 1117 3544 1333 3596; x_wconf 77' lang='grc' dir='ltr'>οἰκείων</span> <span class='ocrx_word' id='word_1_363' title='bbox 1370 3544 1757 3614; x_wconf 81' lang='grc' dir='ltr'>τολμημάτων,</span> <span class='ocrx_word' id='word_1_364' title='bbox 1779 3542 1923 3595; x_wconf 84' lang='grc' dir='ltr'><strong>ἀλλά</strong></span> 
     </span>
    </p>
   </div>
   <div class='ocr_carea' id='block_1_46' title="bbox 337 3634 1920 3707">
    <p class='ocr_par' dir='ltr' id='par_1_46' title="bbox 337 3634 1920 3707">
     <span class='ocr_line' id='line_1_46' title="bbox 337 3634 1920 3707; baseline -0.002 -19"><span class='ocrx_word' id='word_1_365' title='bbox 337 3636 547 3705; x_wconf 81' lang='grc' dir='ltr'>πράως,</span> <span class='ocrx_word' id='word_1_366' title='bbox 582 3638 675 3688; x_wconf 74' lang='grc' dir='ltr'><strong>καὶ</strong></span> <span class='ocrx_word' id='word_1_367' title='bbox 705 3637 859 3689; x_wconf 81' lang='grc' dir='ltr'>οὐδὲν</span> <span class='ocrx_word' id='word_1_368' title='bbox 879 3636 1149 3706; x_wconf 75' lang='grc' dir='ltr'>τιμωρίας</span> <span class='ocrx_word' id='word_1_369' title='bbox 1181 3634 1539 3707; x_wconf 83' lang='grc' dir='ltr'>προσέθηκεν.</span> <span class='ocrx_word' id='word_1_370' title='bbox 1587 3635 1920 3707; x_wconf 82' lang='grc' dir='ltr'>ᾘδέσθησαν</span> 
     </span>
    </p>
   </div>
   <div class='ocr_carea' id='block_1_47' title="bbox 337 3722 1919 3796">
    <p class='ocr_par' dir='ltr' id='par_1_47' title="bbox 337 3722 1919 3796">
     <span class='ocr_line' id='line_1_47' title="bbox 337 3722 1919 3796; baseline 0.001 -20"><span class='ocrx_word' id='word_1_371' title='bbox 337 3722 430 3776; x_wconf 74' lang='grc' dir='ltr'><strong>οὖν</strong></span> <span class='ocrx_word' id='word_1_372' title='bbox 457 3724 551 3776; x_wconf 77' lang='grc' dir='ltr'>τοῦ</span> <span class='ocrx_word' id='word_1_373' title='bbox 576 3725 786 3794; x_wconf 76' lang='grc' dir='ltr'>Πέτρου</span> <span class='ocrx_word' id='word_1_374' title='bbox 808 3726 906 3796; x_wconf 81' lang='grc' dir='ltr'>τὴν</span> <span class='ocrx_word' id='word_1_375' title='bbox 938 3725 1261 3790; x_wconf 76' lang='grc' dir='ltr'>ἐπιείκειαν,</span> <span class='ocrx_word' id='word_1_376' title='bbox 1290 3726 1370 3778; x_wconf 82' lang='grc' dir='ltr'><strong>ὅτι</strong></span> <span class='ocrx_word' id='word_1_377' title='bbox 1403 3728 1514 3788; x_wconf 87' lang='grc' dir='ltr'>τοῖς</span> <span class='ocrx_word' id='word_1_378' title='bbox 1537 3725 1627 3778; x_wconf 78' lang='grc' dir='ltr'><strong>τὸν</strong></span> <span class='ocrx_word' id='word_1_379' title='bbox 1643 3725 1919 3794; x_wconf 84' lang='grc' dir='ltr'>Δεσπότην</span> 
     </span>
    </p>
   </div>
   <div class='ocr_carea' id='block_1_48' title="bbox 339 3814 1921 3889">
    <p class='ocr_par' dir='ltr' id='par_1_48' title="bbox 339 3814 1921 3889">
     <span class='ocr_line' id='line_1_48' title="bbox 339 3814 1921 3889; baseline 0.001 -21"><span class='ocrx_word' id='word_1_380' title='bbox 339 3814 507 3869; x_wconf 78' lang='grc' dir='ltr'>αὑτοῦ</span> <span class='ocrx_word' id='word_1_381' title='bbox 566 3817 780 3889; x_wconf 80' lang='grc' dir='ltr'>θανάτῳ</span> <span class='ocrx_word' id='word_1_382' title='bbox 831 3820 1272 3889; x_wconf 79' lang='grc' dir='ltr'>παραδεδωκόσι·</span> <span class='ocrx_word' id='word_1_383' title='bbox 1306 3819 1400 3872; x_wconf 74' lang='grc' dir='ltr'>καὶ</span> <span class='ocrx_word' id='word_1_384' title='bbox 1453 3820 1533 3871; x_wconf 72' lang='grc' dir='ltr'>ἔτι</span> <span class='ocrx_word' id='word_1_385' title='bbox 1579 3818 1700 3871; x_wconf 77' lang='grc' dir='ltr'>κατ’</span> <span class='ocrx_word' id='word_1_386' title='bbox 1743 3818 1921 3872; x_wconf 77' lang='grc' dir='ltr'>αὐτῶν</span> 
     </span>
    </p>
   </div>
   <div class='ocr_carea' id='block_1_49' title="bbox 338 3909 1920 3980">
    <p class='ocr_par' dir='ltr' id='par_1_49' title="bbox 338 3909 1920 3980">
     <span class='ocr_line' id='line_1_49' title="bbox 338 3909 1920 3980; baseline -0.001 -19"><span class='ocrx_word' id='word_1_387' title='bbox 338 3909 566 3962; x_wconf 78' lang='grc' dir='ltr'>ἐκείνων</span> <span class='ocrx_word' id='word_1_388' title='bbox 591 3910 794 3979; x_wconf 82' lang='grc' dir='ltr'>φονῶσι</span> <span class='ocrx_word' id='word_1_389' title='bbox 820 3912 915 3963; x_wconf 73' lang='grc' dir='ltr'><strong>καὶ</strong></span> <span class='ocrx_word' id='word_1_390' title='bbox 945 3911 1153 3964; x_wconf 84' lang='grc' dir='ltr'>ἀνελεῖν</span> <span class='ocrx_word' id='word_1_391' title='bbox 1176 3911 1554 3980; x_wconf 74' lang='grc' dir='ltr'>ἐπιθυμοῦσιν,</span> <span class='ocrx_word' id='word_1_392' title='bbox 1588 3910 1747 3971; x_wconf 72' lang='grc' dir='ltr'>αὐτὸς</span> <span class='ocrx_word' id='word_1_393' title='bbox 1774 3910 1920 3980; x_wconf 73' lang='grc' dir='ltr'>Ξμως</span> 
     </span>
    </p>
   </div>
   <div class='ocr_carea' id='block_1_50' title="bbox 337 4000 1921 4072">
    <p class='ocr_par' dir='ltr' id='par_1_50' title="bbox 337 4000 1921 4072">
     <span class='ocr_line' id='line_1_50' title="bbox 337 4000 1921 4072; baseline -0.001 -20"><span class='ocrx_word' id='word_1_394' title='bbox 337 4002 396 4053; x_wconf 80' lang='grc' dir='ltr'><strong>ἐν</strong></span> <span class='ocrx_word' id='word_1_395' title='bbox 426 4000 581 4066; x_wconf 79' lang='grc' dir='ltr'>τάξει</span> <span class='ocrx_word' id='word_1_396' title='bbox 617 4002 823 4072; x_wconf 75' lang='grc' dir='ltr'>πατρὸς</span> <span class='ocrx_word' id='word_1_397' title='bbox 856 4005 948 4055; x_wconf 75' lang='grc' dir='ltr'><strong>καὶ</strong></span> <span class='ocrx_word' id='word_1_398' title='bbox 978 4001 1298 4055; x_wconf 82' lang='grc' dir='ltr'>διδασκάλου</span> <span class='ocrx_word' id='word_1_399' title='bbox 1332 4000 1701 4071; x_wconf 83' lang='grc' dir='ltr'>κηδεμονικῶς</span> <span class='ocrx_word' id='word_1_400' title='bbox 1737 4000 1921 4060; x_wconf 77' lang='grc' dir='ltr'>αὐτοῖς</span> 
     </span>
    </p>
   </div>
   <div class='ocr_carea' id='block_1_51' title="bbox 333 4087 1920 4160">
    <p class='ocr_par' dir='ltr' id='par_1_51' title="bbox 333 4087 1920 4160">
     <span class='ocr_line' id='line_1_51' title="bbox 333 4087 1920 4160; baseline -0.001 -19"><span class='ocrx_word' id='word_1_401' title='bbox 333 4088 627 4155; x_wconf 79' lang='grc' dir='ltr'>διελέγετο.</span> <span class='ocrx_word' id='word_1_402' title='bbox 658 4089 1045 4160; x_wconf 81' lang='grc' dir='ltr'>Κατενύγησαν</span> <span class='ocrx_word' id='word_1_403' title='bbox 1066 4090 1199 4160; x_wconf 84' lang='grc' dir='ltr'>γὰρ,</span> <span class='ocrx_word' id='word_1_404' title='bbox 1226 4090 1412 4159; x_wconf 79' lang='grc' dir='ltr'>φησίν·</span> <span class='ocrx_word' id='word_1_405' title='bbox 1429 4091 1540 4160; x_wconf 77' lang='grc' dir='ltr'><strong>Οὐχ</strong></span> <span class='ocrx_word' id='word_1_406' title='bbox 1561 4088 1747 4151; x_wconf 79' lang='grc' dir='ltr'>ἁπλῶς</span> <span class='ocrx_word' id='word_1_407' title='bbox 1769 4087 1920 4141; x_wconf 82' lang='grc' dir='ltr'>ἐπεί-</span> 
     </span>
    </p>
   </div>
   <div class='ocr_carea' id='block_1_52' title="bbox 342 4182 1918 4253">
    <p class='ocr_par' dir='ltr' id='par_1_52' title="bbox 342 4182 1918 4253">
     <span class='ocr_line' id='line_1_52' title="bbox 342 4182 1918 4253; baseline -0.001 -19"><span class='ocrx_word' id='word_1_408' title='bbox 342 4183 572 4249; x_wconf 83' lang='grc' dir='ltr'>σΟησαν,</span> <span class='ocrx_word' id='word_1_409' title='bbox 607 4182 744 4234; x_wconf 77' lang='grc' dir='ltr'>ἀλλὰ</span> <span class='ocrx_word' id='word_1_410' title='bbox 785 4183 1146 4250; x_wconf 81' lang='grc' dir='ltr'>καταγνόντες</span> <span class='ocrx_word' id='word_1_411' title='bbox 1206 4184 1439 4235; x_wconf 83' lang='grc' dir='ltr'>ἑαυτῶν.</span> <span class='ocrx_word' id='word_1_412' title='bbox 1494 4182 1606 4235; x_wconf 73' lang='grc' dir='ltr'>Καὶ</span> <span class='ocrx_word' id='word_1_413' title='bbox 1631 4184 1737 4253; x_wconf 82' lang='grc' dir='ltr'>γάρ</span> <span class='ocrx_word' id='word_1_414' title='bbox 1763 4197 1918 4251; x_wconf 67' lang='grc' dir='ltr'>φησι.</span> 
     </span>
    </p>
   </div>
   <div class='ocr_carea' id='block_1_53' title="bbox 336 4271 1920 4343">
    <p class='ocr_par' dir='ltr' id='par_1_53' title="bbox 336 4271 1920 4343">
     <span class='ocr_line' id='line_1_53' title="bbox 336 4271 1920 4343; baseline -0.001 -17"><span class='ocrx_word' id='word_1_415' title='bbox 336 4271 403 4326; x_wconf 80' lang='grc' dir='ltr'>Τί</span> <span class='ocrx_word' id='word_1_416' title='bbox 435 4274 757 4342; x_wconf 79' lang='grc' dir='ltr'>ποιήσομεν,</span> <span class='ocrx_word' id='word_1_417' title='bbox 797 4273 1010 4340; x_wconf 72' lang='grc' dir='ltr'>ἀδελφοί</span> <span class='ocrx_word' id='word_1_418' title='bbox 1030 4291 1043 4339; x_wconf 90' lang='lat'><strong>;</strong></span> <span class='ocrx_word' id='word_1_419' title='bbox 1065 4273 1139 4336; x_wconf 83' lang='grc' dir='ltr'>ὼς</span> <span class='ocrx_word' id='word_1_420' title='bbox 1162 4272 1513 4343; x_wconf 74' lang='grc' dir='ltr'>ἀποροῦντες,</span> <span class='ocrx_word' id='word_1_421' title='bbox 1535 4272 1609 4334; x_wconf 86' lang='grc' dir='ltr'>ὡς</span> <span class='ocrx_word' id='word_1_422' title='bbox 1640 4271 1920 4340; x_wconf 76' lang='grc' dir='ltr'>ὲναγώνιοι</span> 
     </span>
    </p>
   </div>
   <div class='ocr_carea' id='block_1_54' title="bbox 336 4358 1922 4435">
    <p class='ocr_par' dir='ltr' id='par_1_54' title="bbox 336 4358 1922 4435">
     <span class='ocr_line' id='line_1_54' title="bbox 336 4358 1922 4435; baseline 0.001 -20"><span class='ocrx_word' id='word_1_423' title='bbox 336 4365 489 4426; x_wconf 70' lang='grc' dir='ltr'>ὄντες</span> <span class='ocrx_word' id='word_1_424' title='bbox 523 4364 685 4433; x_wconf 62' lang='grc' dir='ltr'>ὑπὲρ</span> <span class='ocrx_word' id='word_1_425' title='bbox 714 4358 787 4416; x_wconf 80' lang='grc' dir='ltr'>ὧν</span> <span class='ocrx_word' id='word_1_426' title='bbox 815 4364 1232 4435; x_wconf 69' lang='grc' dir='ltr'>τετολμήκασιν.</span> <span class='ocrx_word' id='word_1_427' title='bbox 1271 4364 1375 4428; x_wconf 79' lang='grc' dir='ltr'>Οὓς</span> <span class='ocrx_word' id='word_1_428' title='bbox 1423 4365 1479 4417; x_wconf 78' lang='grc' dir='ltr'>δὲ</span> <span class='ocrx_word' id='word_1_429' title='bbox 1525 4364 1759 4427; x_wconf 84' lang='grc' dir='ltr'>πλάνους</span> <span class='ocrx_word' id='word_1_430' title='bbox 1789 4363 1922 4417; x_wconf 76' lang='grc' dir='ltr'><strong>ἐκά-</strong></span> 
     </span>
    </p>
   </div>
   <div class='ocr_carea' id='block_1_55' title="bbox 336 4453 1919 4528">
    <p class='ocr_par' dir='ltr' id='par_1_55' title="bbox 336 4453 1919 4528">
     <span class='ocr_line' id='line_1_55' title="bbox 336 4453 1919 4528; baseline 0.003 -23"><span class='ocrx_word' id='word_1_431' title='bbox 336 4454 484 4516; x_wconf 82' lang='grc' dir='ltr'>λουν,</span> <span class='ocrx_word' id='word_1_432' title='bbox 511 4453 773 4523; x_wconf 68' lang='grc' dir='ltr'>ἀδελφοὺς</span> <span class='ocrx_word' id='word_1_433' title='bbox 791 4453 1038 4520; x_wconf 83' lang='grc' dir='ltr'>καλοῦσι,</span> <span class='ocrx_word' id='word_1_434' title='bbox 1072 4457 1166 4511; x_wconf 78' lang='grc' dir='ltr'><strong>καὶ</strong></span> <span class='ocrx_word' id='word_1_435' title='bbox 1206 4455 1361 4509; x_wconf 80' lang='grc' dir='ltr'>τοῦτο</span> <span class='ocrx_word' id='word_1_436' title='bbox 1393 4456 1513 4526; x_wconf 70' lang='grc' dir='ltr'>οὐχὶ</span> <span class='ocrx_word' id='word_1_437' title='bbox 1535 4456 1578 4487; x_wconf 78' lang='grc'><strong>⁸⁸</strong></span> <span class='ocrx_word' id='word_1_438' title='bbox 1612 4458 1919 4528; x_wconf 71' lang='grc' dir='ltr'>παρρησια-</span> 
     </span>
    </p>
   </div>
   <div class='ocr_carea' id='block_1_56' title="bbox 338 4542 1921 4616">
    <p class='ocr_par' dir='ltr' id='par_1_56' title="bbox 338 4542 1921 4616">
     <span class='ocr_line' id='line_1_56' title="bbox 338 4542 1921 4616; baseline 0.002 -22"><span class='ocrx_word' id='word_1_439' title='bbox 338 4542 555 4612; x_wconf 79' lang='grc' dir='ltr'>ζόμενοι</span> <span class='ocrx_word' id='word_1_440' title='bbox 608 4543 793 4606; x_wconf 79' lang='grc' dir='ltr'>αὐτοῖς</span> <span class='ocrx_word' id='word_1_441' title='bbox 831 4544 919 4596; x_wconf 77' lang='grc' dir='ltr'>διὰ</span> <span class='ocrx_word' id='word_1_442' title='bbox 965 4544 1064 4614; x_wconf 77' lang='grc' dir='ltr'>τῆς</span> <span class='ocrx_word' id='word_1_443' title='bbox 1093 4545 1347 4614; x_wconf 84' lang='grc' dir='ltr'>τοιαύτης</span> <span class='ocrx_word' id='word_1_444' title='bbox 1372 4546 1635 4616; x_wconf 72' lang='grc' dir='ltr'>κλήσεως,</span> <span class='ocrx_word' id='word_1_445' title='bbox 1664 4546 1799 4599; x_wconf 81' lang='grc' dir='ltr'><strong>ἀλλά</strong></span> <span class='ocrx_word' id='word_1_446' title='bbox 1824 4545 1921 4616; x_wconf 78' lang='grc' dir='ltr'><strong>τὴν</strong></span> 
     </span>
    </p>
   </div>
   <div class='ocr_carea' id='block_1_57' title="bbox 2025 2018 3612 2095">
    <p class='ocr_par' dir='ltr' id='par_1_57' title="bbox 2025 2018 3612 2095">
     <span class='ocr_line' id='line_1_57' title="bbox 2025 2018 3612 2095; baseline 0.003 -18"><span class='ocrx_word' id='word_1_447' title='bbox 2025 2032 2171 2089; x_wconf 88' lang='lat' dir='ltr'><strong>sunt,</strong></span> <span class='ocrx_word' id='word_1_448' title='bbox 2204 2022 2556 2090; x_wconf 75' lang='lat' dir='ltr'><strong>dixeruntque</strong></span> <span class='ocrx_word' id='word_1_449' title='bbox 2585 2019 2653 2073; x_wconf 85' lang='lat' dir='ltr'><strong>ad</strong></span> <span class='ocrx_word' id='word_1_450' title='bbox 2676 2018 2895 2074; x_wconf 88' lang='lat' dir='ltr'><strong>Petrum</strong></span> <span class='ocrx_word' id='word_1_451' title='bbox 2926 2032 2976 2075; x_wconf 91' lang='lat' dir='ltr'><strong>et</strong></span> <span class='ocrx_word' id='word_1_452' title='bbox 3015 2020 3084 2074; x_wconf 87' lang='lat' dir='ltr'><strong>ad</strong></span> <span class='ocrx_word' id='word_1_453' title='bbox 3125 2022 3349 2095; x_wconf 85' lang='lat' dir='ltr'><strong>reliquos</strong></span> <span class='ocrx_word' id='word_1_454' title='bbox 3395 2038 3612 2094; x_wconf 80' lang='lat' dir='ltr'><strong>aposto-</strong></span> 
     </span>
    </p>
   </div>
   <div class='ocr_carea' id='block_1_58' title="bbox 2025 2112 3016 2183">
    <p class='ocr_par' dir='ltr' id='par_1_58' title="bbox 2025 2112 3016 2183">
     <span class='ocr_line' id='line_1_58' title="bbox 2025 2112 3016 2183; baseline 0 -15"><span class='ocrx_word' id='word_1_455' title='bbox 2025 2116 2105 2168; x_wconf 86' lang='lat' dir='ltr'><strong>los</strong></span> <span class='ocrx_word' id='word_1_456' title='bbox 2138 2130 2158 2169; x_wconf 92' lang='lat'><strong><em>:</em></strong></span> <span class='ocrx_word' id='word_1_457' title='bbox 2211 2113 2354 2179; x_wconf 83' lang='lat' dir='ltr'><strong>Quid</strong></span> <span class='ocrx_word' id='word_1_458' title='bbox 2386 2129 2625 2183; x_wconf 84' lang='lat' dir='ltr'><strong>agemus,</strong></span> <span class='ocrx_word' id='word_1_459' title='bbox 2648 2113 2749 2167; x_wconf 74' lang='lat' dir='ltr'><strong>viri</strong></span> <span class='ocrx_word' id='word_1_460' title='bbox 2771 2112 2964 2182; x_wconf 73' lang='lat' dir='ltr'><strong>fratres</strong></span> <span class='ocrx_word' id='word_1_461' title='bbox 2990 2116 3016 2168; x_wconf 70' lang='grc' dir='ltr'>Γ</span> 
     </span>
    </p>
   </div>
   <div class='ocr_carea' id='block_1_59' title="bbox 2093 2203 3610 2275">
    <p class='ocr_par' dir='ltr' id='par_1_59' title="bbox 2093 2203 3610 2275">
     <span class='ocr_line' id='line_1_59' title="bbox 2093 2203 3610 2275; baseline 0.002 -17"><span class='ocrx_word' id='word_1_462' title='bbox 2093 2205 2200 2275; x_wconf 80' lang='lat'><strong>33</strong></span> <span class='ocrx_word' id='word_1_463' title='bbox 2228 2204 2393 2260; x_wconf 71' lang='lat' dir='ltr'><strong>Vsus.</strong></span> <span class='ocrx_word' id='word_1_464' title='bbox 2426 2204 2515 2259; x_wconf 78' lang='lat'><strong>38.</strong></span> <span class='ocrx_word' id='word_1_465' title='bbox 2536 2204 2604 2257; x_wconf 78' lang='lat' dir='ltr'><strong>At</strong></span> <span class='ocrx_word' id='word_1_466' title='bbox 2626 2203 2815 2259; x_wconf 78' lang='lat' dir='ltr'><strong>Petrus</strong></span> <span class='ocrx_word' id='word_1_467' title='bbox 2848 2205 2917 2257; x_wconf 84' lang='lat' dir='ltr'><strong>ad</strong></span> <span class='ocrx_word' id='word_1_468' title='bbox 2946 2205 3067 2259; x_wconf 87' lang='lat' dir='ltr'><strong>illos</strong></span> <span class='ocrx_word' id='word_1_469' title='bbox 3090 2220 3111 2259; x_wconf 90' lang='lat'><strong><em>:</em></strong></span> <span class='ocrx_word' id='word_1_470' title='bbox 3141 2204 3469 2260; x_wconf 87' lang='lat' dir='ltr'><strong>Delictorum</strong></span> <span class='ocrx_word' id='word_1_471' title='bbox 3496 2224 3610 2273; x_wconf 81' lang='lat' dir='ltr'><strong>vos,</strong></span> 
     </span>
    </p>
   </div>
   <div class='ocr_carea' id='block_1_60' title="bbox 2022 2296 3606 2366">
    <p class='ocr_par' dir='ltr' id='par_1_60' title="bbox 2022 2296 3606 2366">
     <span class='ocr_line' id='line_1_60' title="bbox 2022 2296 3606 2366; baseline 0 -16"><span class='ocrx_word' id='word_1_472' title='bbox 2022 2298 2212 2366; x_wconf 83' lang='lat' dir='ltr'><strong>inquit,</strong></span> <span class='ocrx_word' id='word_1_473' title='bbox 2250 2297 2523 2364; x_wconf 67' lang='lat' dir='ltr'><strong>paniteat,</strong></span> <span class='ocrx_word' id='word_1_474' title='bbox 2585 2306 2635 2349; x_wconf 86' lang='lat' dir='ltr'><strong>et</strong></span> <span class='ocrx_word' id='word_1_475' title='bbox 2672 2296 2971 2363; x_wconf 68' lang='lat' dir='ltr'><strong>baptizatur</strong></span> <span class='ocrx_word' id='word_1_476' title='bbox 3000 2296 3356 2364; x_wconf 83' lang='lat' dir='ltr'><strong>unusquisque</strong></span> <span class='ocrx_word' id='word_1_477' title='bbox 3380 2306 3606 2351; x_wconf 86' lang='lat' dir='ltr'><strong>vestrum</strong></span> 
     </span>
    </p>
   </div>
   <div class='ocr_carea' id='block_1_61' title="bbox 2021 2388 3608 2457">
    <p class='ocr_par' dir='ltr' id='par_1_61' title="bbox 2021 2388 3608 2457">
     <span class='ocr_line' id='line_1_61' title="bbox 2021 2388 3608 2457; baseline 0.001 -15"><span class='ocrx_word' id='word_1_478' title='bbox 2021 2390 2075 2442; x_wconf 89' lang='lat' dir='ltr'><strong>in</strong></span> <span class='ocrx_word' id='word_1_479' title='bbox 2112 2390 2320 2443; x_wconf 82' lang='lat' dir='ltr'><strong>nomine</strong></span> <span class='ocrx_word' id='word_1_480' title='bbox 2347 2388 2478 2442; x_wconf 76' lang='lat' dir='ltr'><strong>Iesu</strong></span> <span class='ocrx_word' id='word_1_481' title='bbox 2508 2388 2711 2443; x_wconf 76' lang='lat' dir='ltr'><strong>Christi</strong></span> <span class='ocrx_word' id='word_1_482' title='bbox 2743 2390 2794 2441; x_wconf 84' lang='lat' dir='ltr'><strong>in</strong></span> <span class='ocrx_word' id='word_1_483' title='bbox 2821 2388 3185 2442; x_wconf 86' lang='lat' dir='ltr'><strong>remissionem</strong></span> <span class='ocrx_word' id='word_1_484' title='bbox 3224 2400 3555 2457; x_wconf 82' lang='lat' dir='ltr'><strong>peccatorum</strong></span> <span class='ocrx_word' id='word_1_485' title='bbox 3585 2405 3608 2443; x_wconf 90' lang='lat'><strong><em>:</em></strong></span> 
     </span>
    </p>
   </div>
   <div class='ocr_carea' id='block_1_62' title="bbox 2022 2477 3065 2553">
    <p class='ocr_par' dir='ltr' id='par_1_62' title="bbox 2022 2477 3065 2553">
     <span class='ocr_line' id='line_1_62' title="bbox 2022 2477 3065 2553; baseline 0 -19"><span class='ocrx_word' id='word_1_486' title='bbox 2022 2492 2070 2534; x_wconf 86' lang='lat' dir='ltr'><strong>et</strong></span> <span class='ocrx_word' id='word_1_487' title='bbox 2093 2480 2367 2546; x_wconf 83' lang='lat' dir='ltr'><strong>accipietis</strong></span> <span class='ocrx_word' id='word_1_488' title='bbox 2393 2481 2588 2553; x_wconf 81' lang='lat' dir='ltr'><strong>donum</strong></span> <span class='ocrx_word' id='word_1_489' title='bbox 2613 2477 2844 2548; x_wconf 77' lang='lat' dir='ltr'><strong>Spiritus</strong></span> <span class='ocrx_word' id='word_1_490' title='bbox 2875 2480 3065 2534; x_wconf 84' lang='lat' dir='ltr'><strong>sancti.</strong></span> 
     </span>
    </p>
   </div>
   <div class='ocr_carea' id='block_1_63' title="bbox 2094 2589 3609 2661">
    <p class='ocr_par' dir='ltr' id='par_1_63' title="bbox 2094 2589 3609 2661">
     <span class='ocr_line' id='line_1_63' title="bbox 2094 2589 3609 2661; baseline 0 -18"><span class='ocrx_word' id='word_1_491' title='bbox 2094 2590 2259 2645; x_wconf 66' lang='lat' dir='ltr'><strong>Vens.</strong></span> <span class='ocrx_word' id='word_1_492' title='bbox 2287 2589 2373 2646; x_wconf 75' lang='grc'><strong>59.</strong></span> <span class='ocrx_word' id='word_1_493' title='bbox 2400 2590 2480 2643; x_wconf 83' lang='lat' dir='ltr'><strong>Ad</strong></span> <span class='ocrx_word' id='word_1_494' title='bbox 2495 2607 2579 2644; x_wconf 84' lang='lat' dir='ltr'><strong>vos</strong></span> <span class='ocrx_word' id='word_1_495' title='bbox 2614 2592 2751 2644; x_wconf 85' lang='lat' dir='ltr'><strong>enim</strong></span> <span class='ocrx_word' id='word_1_496' title='bbox 2769 2602 2818 2643; x_wconf 86' lang='lat' dir='ltr'><strong>et</strong></span> <span class='ocrx_word' id='word_1_497' title='bbox 2845 2591 2915 2644; x_wconf 81' lang='lat' dir='ltr'><strong>ad</strong></span> <span class='ocrx_word' id='word_1_498' title='bbox 2946 2590 3135 2644; x_wconf 86' lang='lat' dir='ltr'><strong>liberos</strong></span> <span class='ocrx_word' id='word_1_499' title='bbox 3164 2600 3359 2645; x_wconf 77' lang='lat' dir='ltr'><strong>uestros</strong></span> <span class='ocrx_word' id='word_1_500' title='bbox 3388 2592 3609 2661; x_wconf 79' lang='lat' dir='ltr'><strong>pertinet</strong></span> 
     </span>
    </p>
   </div>
   <div class='ocr_carea' id='block_1_64' title="bbox 2021 2680 3611 2752">
    <p class='ocr_par' dir='ltr' id='par_1_64' title="bbox 2021 2680 3611 2752">
     <span class='ocr_line' id='line_1_64' title="bbox 2021 2680 3611 2752; baseline 0.003 -20"><span class='ocrx_word' id='word_1_501' title='bbox 2021 2680 2324 2748; x_wconf 83' lang='lat' dir='ltr'><strong>promissio,</strong></span> <span class='ocrx_word' id='word_1_502' title='bbox 2343 2691 2393 2734; x_wconf 87' lang='lat' dir='ltr'><strong>et</strong></span> <span class='ocrx_word' id='word_1_503' title='bbox 2439 2681 2508 2734; x_wconf 86' lang='lat' dir='ltr'><strong>ad</strong></span> <span class='ocrx_word' id='word_1_504' title='bbox 2536 2697 2713 2734; x_wconf 87' lang='lat' dir='ltr'><strong>omnes</strong></span> <span class='ocrx_word' id='word_1_505' title='bbox 2750 2681 3059 2750; x_wconf 86' lang='lat' dir='ltr'><strong>longinquos</strong></span> <span class='ocrx_word' id='word_1_506' title='bbox 3087 2697 3418 2752; x_wconf 85' lang='lat' dir='ltr'><strong>quoscunque</strong></span> <span class='ocrx_word' id='word_1_507' title='bbox 3450 2689 3611 2737; x_wconf 78' lang='lat' dir='ltr'><strong>advo-</strong></span> 
     </span>
    </p>
   </div>
   <div class='ocr_carea' id='block_1_65' title="bbox 2022 2772 2913 2826">
    <p class='ocr_par' dir='ltr' id='par_1_65' title="bbox 2022 2772 2913 2826">
     <span class='ocr_line' id='line_1_65' title="bbox 2022 2772 2913 2826; baseline -0.001 -1"><span class='ocrx_word' id='word_1_508' title='bbox 2022 2773 2219 2826; x_wconf 75' lang='lat' dir='ltr'><strong>caverit</strong></span> <span class='ocrx_word' id='word_1_509' title='bbox 2258 2772 2519 2826; x_wconf 86' lang='lat' dir='ltr'><strong>Dominus</strong></span> <span class='ocrx_word' id='word_1_510' title='bbox 2551 2772 2691 2826; x_wconf 87' lang='lat' dir='ltr'><strong>Deus</strong></span> <span class='ocrx_word' id='word_1_511' title='bbox 2715 2780 2913 2825; x_wconf 84' lang='lat' dir='ltr'><strong>noster.</strong></span> 
     </span>
    </p>
   </div>
   <div class='ocr_carea' id='block_1_66' title="bbox 2101 2883 3608 2954">
    <p class='ocr_par' dir='ltr' id='par_1_66' title="bbox 2101 2883 3608 2954">
     <span class='ocr_line' id='line_1_66' title="bbox 2101 2883 3608 2954; baseline 0.001 -17"><span class='ocrx_word' id='word_1_512' title='bbox 2101 2883 2272 2939; x_wconf 72' lang='lat' dir='ltr'><strong>Vnus.</strong></span> <span class='ocrx_word' id='word_1_513' title='bbox 2302 2884 2394 2939; x_wconf 70' lang='grc'><strong>40.</strong></span> <span class='ocrx_word' id='word_1_514' title='bbox 2425 2883 2529 2937; x_wconf 81' lang='lat' dir='ltr'><strong>llis</strong></span> <span class='ocrx_word' id='word_1_515' title='bbox 2560 2883 2652 2936; x_wconf 86' lang='lat' dir='ltr'><strong>ille</strong></span> <span class='ocrx_word' id='word_1_516' title='bbox 2680 2884 2906 2952; x_wconf 85' lang='lat' dir='ltr'><strong>aliisque</strong></span> <span class='ocrx_word' id='word_1_517' title='bbox 2936 2884 3104 2937; x_wconf 83' lang='lat' dir='ltr'><strong>verbis</strong></span> <span class='ocrx_word' id='word_1_518' title='bbox 3136 2884 3488 2954; x_wconf 80' lang='lat' dir='ltr'><strong>compluribus</strong></span> <span class='ocrx_word' id='word_1_519' title='bbox 3519 2898 3608 2938; x_wconf 88' lang='lat' dir='ltr'><strong>eos</strong></span> 
     </span>
    </p>
   </div>
   <div class='ocr_carea' id='block_1_67' title="bbox 2021 2974 3609 3049">
    <p class='ocr_par' dir='ltr' id='par_1_67' title="bbox 2021 2974 3609 3049">
     <span class='ocr_line' id='line_1_67' title="bbox 2021 2974 3609 3049; baseline -0.001 -19"><span class='ocrx_word' id='word_1_520' title='bbox 2021 2979 2176 3049; x_wconf 82' lang='lat' dir='ltr'><strong>quasi</strong></span> <span class='ocrx_word' id='word_1_521' title='bbox 2196 2986 2500 3042; x_wconf 83' lang='lat' dir='ltr'><strong>protestans</strong></span> <span class='ocrx_word' id='word_1_522' title='bbox 2532 2978 2845 3030; x_wconf 83' lang='lat' dir='ltr'><strong>admonebat</strong></span> <span class='ocrx_word' id='word_1_523' title='bbox 2889 2987 2939 3029; x_wconf 80' lang='lat' dir='ltr'><strong>et</strong></span> <span class='ocrx_word' id='word_1_524' title='bbox 2986 2976 3380 3029; x_wconf 77' lang='lat' dir='ltr'><strong>cohortabatur.</strong></span> <span class='ocrx_word' id='word_1_525' title='bbox 3419 2974 3609 3029; x_wconf 80' lang='lat' dir='ltr'><strong>Serra-</strong></span> 
     </span>
    </p>
   </div>
   <div class='ocr_carea' id='block_1_68' title="bbox 2023 3068 3607 3137">
    <p class='ocr_par' dir='ltr' id='par_1_68' title="bbox 2023 3068 3607 3137">
     <span class='ocr_line' id='line_1_68' title="bbox 2023 3068 3607 3137; baseline -0.001 -14"><span class='ocrx_word' id='word_1_526' title='bbox 2023 3070 2153 3123; x_wconf 88' lang='lat' dir='ltr'><strong>mini</strong></span> <span class='ocrx_word' id='word_1_527' title='bbox 2202 3078 2250 3122; x_wconf 85' lang='lat' dir='ltr'><strong>et</strong></span> <span class='ocrx_word' id='word_1_528' title='bbox 2307 3068 2529 3134; x_wconf 82' lang='lat' dir='ltr'><strong>cvadite,</strong></span> <span class='ocrx_word' id='word_1_529' title='bbox 2580 3069 2842 3137; x_wconf 86' lang='lat' dir='ltr'><strong>inquiens,</strong></span> <span class='ocrx_word' id='word_1_530' title='bbox 2884 3084 2948 3122; x_wconf 81' lang='lat' dir='ltr'><strong>ea:</strong></span> <span class='ocrx_word' id='word_1_531' title='bbox 2986 3068 3088 3121; x_wconf 89' lang='lat' dir='ltr'><strong>isto</strong></span> <span class='ocrx_word' id='word_1_532' title='bbox 3120 3069 3389 3121; x_wconf 85' lang='lat' dir='ltr'><strong>hominum</strong></span> <span class='ocrx_word' id='word_1_533' title='bbox 3426 3083 3607 3137; x_wconf 78' lang='lat' dir='ltr'><strong>genere</strong></span> 
     </span>
    </p>
   </div>
   <div class='ocr_carea' id='block_1_69' title="bbox 2020 3175 2202 3228">
    <p class='ocr_par' dir='ltr' id='par_1_69' title="bbox 2020 3175 2202 3228">
     <span class='ocr_line' id='line_1_69' title="bbox 2020 3175 2202 3228; baseline 0.005 -18"><span class='ocrx_word' id='word_1_534' title='bbox 2020 3175 2202 3228; x_wconf 72' lang='lat' dir='ltr'><strong>primo.</strong></span> 
     </span>
    </p>
   </div>
   <div class='ocr_carea' id='block_1_70' title="bbox 2097 3269 3592 3342">
    <p class='ocr_par' dir='ltr' id='par_1_70' title="bbox 2097 3269 3592 3342">
     <span class='ocr_line' id='line_1_70' title="bbox 2097 3269 3592 3342; baseline -0.003 -18"><span class='ocrx_word' id='word_1_535' title='bbox 2097 3269 2259 3327; x_wconf 82' lang='lat' dir='ltr'><strong>Vides</strong></span> <span class='ocrx_word' id='word_1_536' title='bbox 2344 3279 2547 3342; x_wconf 82' lang='lat' dir='ltr'><strong>quanta</strong></span> <span class='ocrx_word' id='word_1_537' title='bbox 2625 3286 2711 3323; x_wconf 85' lang='lat' dir='ltr'><strong>res</strong></span> <span class='ocrx_word' id='word_1_538' title='bbox 2771 3270 2842 3323; x_wconf 88' lang='lat' dir='ltr'><strong>sit</strong></span> <span class='ocrx_word' id='word_1_539' title='bbox 2920 3269 3233 3323; x_wconf 71' lang='lat' dir='ltr'><strong>humanitas</strong></span> <span class='ocrx_word' id='word_1_540' title='bbox 3299 3278 3353 3324; x_wconf 90' lang='lat' dir='ltr'><strong>et</strong></span> <span class='ocrx_word' id='word_1_541' title='bbox 3408 3269 3592 3322; x_wconf 78' lang='lat' dir='ltr'><strong>animo</strong></span> 
     </span>
    </p>
   </div>
   <div class='ocr_carea' id='block_1_71' title="bbox 2028 3361 3609 3433">
    <p class='ocr_par' dir='ltr' id='par_1_71' title="bbox 2028 3361 3609 3433">
     <span class='ocr_line' id='line_1_71' title="bbox 2028 3361 3609 3433; baseline -0.001 -17"><span class='ocrx_word' id='word_1_542' title='bbox 2028 3362 2313 3417; x_wconf 91' lang='lat' dir='ltr'><strong>moderato</strong></span> <span class='ocrx_word' id='word_1_543' title='bbox 2374 3362 2569 3433; x_wconf 84' lang='lat' dir='ltr'><strong>magis,</strong></span> <span class='ocrx_word' id='word_1_544' title='bbox 2619 3376 2781 3431; x_wconf 85' lang='lat' dir='ltr'><strong>quam</strong></span> <span class='ocrx_word' id='word_1_545' title='bbox 2830 3364 3098 3431; x_wconf 88' lang='lat' dir='ltr'><strong>asperitas</strong></span> <span class='ocrx_word' id='word_1_546' title='bbox 3128 3369 3182 3414; x_wconf 88' lang='lat' dir='ltr'><strong>et</strong></span> <span class='ocrx_word' id='word_1_547' title='bbox 3216 3361 3511 3425; x_wconf 82' lang='lat' dir='ltr'><strong>acerbitas,</strong></span> <span class='ocrx_word' id='word_1_548' title='bbox 3545 3369 3609 3414; x_wconf 87' lang='lat' dir='ltr'><strong>ut.</strong></span> 
     </span>
    </p>
   </div>
   <div class='ocr_carea' id='block_1_72' title="bbox 2027 3450 3610 3521">
    <p class='ocr_par' dir='ltr' id='par_1_72' title="bbox 2027 3450 3610 3521">
     <span class='ocr_line' id='line_1_72' title="bbox 2027 3450 3610 3521; baseline -0.001 -15"><span class='ocrx_word' id='word_1_549' title='bbox 2027 3454 2143 3509; x_wconf 69' lang='lat' dir='ltr'><strong>haec</strong></span> <span class='ocrx_word' id='word_1_550' title='bbox 2180 3455 2348 3508; x_wconf 86' lang='lat' dir='ltr'><strong>corda</strong></span> <span class='ocrx_word' id='word_1_551' title='bbox 2386 3455 2664 3507; x_wconf 87' lang='lat' dir='ltr'><strong>hominum</strong></span> <span class='ocrx_word' id='word_1_552' title='bbox 2687 3461 3018 3521; x_wconf 83' lang='lat' dir='ltr'><strong>compungat</strong></span> <span class='ocrx_word' id='word_1_553' title='bbox 3048 3461 3101 3505; x_wconf 90' lang='lat' dir='ltr'><strong>et</strong></span> <span class='ocrx_word' id='word_1_554' title='bbox 3129 3450 3359 3505; x_wconf 80' lang='lat' dir='ltr'><strong>molliat.</strong></span> <span class='ocrx_word' id='word_1_555' title='bbox 3396 3450 3610 3505; x_wconf 83' lang='lat' dir='ltr'><strong>Etenim</strong></span> 
     </span>
    </p>
   </div>
   <div class='ocr_carea' id='block_1_73' title="bbox 2025 3540 3608 3610">
    <p class='ocr_par' dir='ltr' id='par_1_73' title="bbox 2025 3540 3608 3610">
     <span class='ocr_line' id='line_1_73' title="bbox 2025 3540 3608 3610; baseline -0.003 -12"><span class='ocrx_word' id='word_1_556' title='bbox 2025 3547 2081 3599; x_wconf 93' lang='lat' dir='ltr'><strong>in</strong></span> <span class='ocrx_word' id='word_1_557' title='bbox 2132 3544 2238 3598; x_wconf 86' lang='lat' dir='ltr'><strong>hoc</strong></span> <span class='ocrx_word' id='word_1_558' title='bbox 2298 3545 2414 3597; x_wconf 86' lang='lat' dir='ltr'><strong>loco</strong></span> <span class='ocrx_word' id='word_1_559' title='bbox 2466 3544 2658 3598; x_wconf 83' lang='lat' dir='ltr'><strong>beatus</strong></span> <span class='ocrx_word' id='word_1_560' title='bbox 2715 3540 2912 3595; x_wconf 83' lang='lat' dir='ltr'><strong>Petrus</strong></span> <span class='ocrx_word' id='word_1_561' title='bbox 2970 3541 3177 3610; x_wconf 77' lang='lat' dir='ltr'><strong>redegit</strong></span> <span class='ocrx_word' id='word_1_562' title='bbox 3220 3540 3438 3610; x_wconf 87' lang='lat' dir='ltr'><strong>quidem</strong></span> <span class='ocrx_word' id='word_1_563' title='bbox 3500 3540 3608 3594; x_wconf 81' lang='lat' dir='ltr'><strong>illis</strong></span> 
     </span>
    </p>
   </div>
   <div class='ocr_carea' id='block_1_74' title="bbox 2021 3631 3612 3705">
    <p class='ocr_par' dir='ltr' id='par_1_74' title="bbox 2021 3631 3612 3705">
     <span class='ocr_line' id='line_1_74' title="bbox 2021 3631 3612 3705; baseline -0.003 -15"><span class='ocrx_word' id='word_1_564' title='bbox 2021 3636 2266 3705; x_wconf 88' lang='lat' dir='ltr'><strong>ipsorum</strong></span> <span class='ocrx_word' id='word_1_565' title='bbox 2324 3634 2569 3688; x_wconf 67' lang='lat' dir='ltr'><strong>facinora</strong></span> <span class='ocrx_word' id='word_1_566' title='bbox 2631 3633 2685 3686; x_wconf 91' lang='lat' dir='ltr'><strong>in</strong></span> <span class='ocrx_word' id='word_1_567' title='bbox 2728 3633 3070 3697; x_wconf 82' lang='lat' dir='ltr'><strong>memoriam,</strong></span> <span class='ocrx_word' id='word_1_568' title='bbox 3118 3632 3212 3686; x_wconf 86' lang='lat' dir='ltr'><strong>sed</strong></span> <span class='ocrx_word' id='word_1_569' title='bbox 3263 3634 3365 3685; x_wconf 90' lang='lat' dir='ltr'><strong>hoc</strong></span> <span class='ocrx_word' id='word_1_570' title='bbox 3415 3631 3612 3686; x_wconf 87' lang='lat' dir='ltr'><strong>leniter</strong></span> 
     </span>
    </p>
   </div>
   <div class='ocr_carea' id='block_1_75' title="bbox 2022 3724 3610 3795">
    <p class='ocr_par' dir='ltr' id='par_1_75' title="bbox 2022 3724 3610 3795">
     <span class='ocr_line' id='line_1_75' title="bbox 2022 3724 3610 3795; baseline -0.003 -11"><span class='ocrx_word' id='word_1_571' title='bbox 2022 3729 2173 3795; x_wconf 77' lang='lat' dir='ltr'><strong>fecit,</strong></span> <span class='ocrx_word' id='word_1_572' title='bbox 2207 3744 2271 3782; x_wconf 92' lang='lat' dir='ltr'><strong>ac</strong></span> <span class='ocrx_word' id='word_1_573' title='bbox 2303 3728 2508 3781; x_wconf 86' lang='lat' dir='ltr'><strong>nullam</strong></span> <span class='ocrx_word' id='word_1_574' title='bbox 2545 3741 2718 3795; x_wconf 63' lang='lat' dir='ltr'><strong>pinna;</strong></span> <span class='ocrx_word' id='word_1_575' title='bbox 2745 3726 3078 3785; x_wconf 86' lang='lat' dir='ltr'><strong>mentionem</strong></span> <span class='ocrx_word' id='word_1_576' title='bbox 3112 3724 3334 3794; x_wconf 86' lang='lat' dir='ltr'><strong>adjecit.</strong></span> <span class='ocrx_word' id='word_1_577' title='bbox 3369 3725 3610 3779; x_wconf 75' lang='lat' dir='ltr'><strong>Reveriti</strong></span> 
     </span>
    </p>
   </div>
   <div class='ocr_carea' id='block_1_76' title="bbox 2022 3814 3608 3887">
    <p class='ocr_par' dir='ltr' id='par_1_76' title="bbox 2022 3814 3608 3887">
     <span class='ocr_line' id='line_1_76' title="bbox 2022 3814 3608 3887; baseline -0.004 -11"><span class='ocrx_word' id='word_1_578' title='bbox 2022 3830 2152 3876; x_wconf 86' lang='lat' dir='ltr'><strong>sunt</strong></span> <span class='ocrx_word' id='word_1_579' title='bbox 2203 3819 2372 3887; x_wconf 81' lang='lat' dir='ltr'><strong>igitur</strong></span> <span class='ocrx_word' id='word_1_580' title='bbox 2419 3817 2815 3870; x_wconf 86' lang='lat' dir='ltr'><strong>humanitatem</strong></span> <span class='ocrx_word' id='word_1_581' title='bbox 2865 3824 2919 3867; x_wconf 90' lang='lat' dir='ltr'><strong>et</strong></span> <span class='ocrx_word' id='word_1_582' title='bbox 2974 3814 3247 3870; x_wconf 80' lang='lat' dir='ltr'><strong>lenitatem</strong></span> <span class='ocrx_word' id='word_1_583' title='bbox 3294 3815 3463 3883; x_wconf 87' lang='lat' dir='ltr'><strong>Petri,</strong></span> <span class='ocrx_word' id='word_1_584' title='bbox 3512 3818 3608 3887; x_wconf 88' lang='lat' dir='ltr'><strong>qui</strong></span> 
     </span>
    </p>
   </div>
   <div class='ocr_carea' id='block_1_77' title="bbox 2023 3904 3605 3976">
    <p class='ocr_par' dir='ltr' id='par_1_77' title="bbox 2023 3904 3605 3976">
     <span class='ocr_line' id='line_1_77' title="bbox 2023 3904 3605 3976; baseline -0.004 -11"><span class='ocrx_word' id='word_1_585' title='bbox 2023 3926 2147 3965; x_wconf 89' lang='lat' dir='ltr'><strong>cum</strong></span> <span class='ocrx_word' id='word_1_586' title='bbox 2208 3909 2296 3973; x_wconf 84' lang='lat' dir='ltr'><strong>iis,</strong></span> <span class='ocrx_word' id='word_1_587' title='bbox 2365 3907 2457 3976; x_wconf 91' lang='lat' dir='ltr'><strong>qui</strong></span> <span class='ocrx_word' id='word_1_588' title='bbox 2517 3904 2811 3959; x_wconf 86' lang='lat' dir='ltr'><strong>Dominum</strong></span> <span class='ocrx_word' id='word_1_589' title='bbox 2858 3904 2926 3957; x_wconf 90' lang='lat' dir='ltr'><strong>ad</strong></span> <span class='ocrx_word' id='word_1_590' title='bbox 2966 3914 3199 3958; x_wconf 87' lang='lat' dir='ltr'><strong>mortem</strong></span> <span class='ocrx_word' id='word_1_591' title='bbox 3243 3905 3605 3969; x_wconf 81' lang='lat' dir='ltr'><strong>tradiderant,</strong></span> 
     </span>
    </p>
   </div>
   <div class='ocr_carea' id='block_1_78' title="bbox 2024 3994 3609 4070">
    <p class='ocr_par' dir='ltr' id='par_1_78' title="bbox 2024 3994 3609 4070">
     <span class='ocr_line' id='line_1_78' title="bbox 2024 3994 3609 4070; baseline -0.003 -15"><span class='ocrx_word' id='word_1_592' title='bbox 2024 4010 2189 4070; x_wconf 88' lang='lat' dir='ltr'><strong>atque</strong></span> <span class='ocrx_word' id='word_1_593' title='bbox 2219 4000 2384 4053; x_wconf 84' lang='lat' dir='ltr'><strong>etiam</strong></span> <span class='ocrx_word' id='word_1_594' title='bbox 2417 3998 2633 4050; x_wconf 86' lang='lat' dir='ltr'><strong>illorum</strong></span> <span class='ocrx_word' id='word_1_595' title='bbox 2666 3997 2800 4048; x_wconf 88' lang='lat' dir='ltr'><strong>adeo</strong></span> <span class='ocrx_word' id='word_1_596' title='bbox 2839 3994 3082 4063; x_wconf 79' lang='lat' dir='ltr'><strong>ipsorum</strong></span> <span class='ocrx_word' id='word_1_597' title='bbox 3134 3996 3333 4050; x_wconf 76' lang='lat' dir='ltr'><strong>eaedem</strong></span> <span class='ocrx_word' id='word_1_598' title='bbox 3388 4005 3609 4065; x_wconf 81' lang='lat' dir='ltr'><strong>appete-</strong></span> 
     </span>
    </p>
   </div>
   <div class='ocr_carea' id='block_1_79' title="bbox 2022 4086 3604 4156">
    <p class='ocr_par' dir='ltr' id='par_1_79' title="bbox 2022 4086 3604 4156">
     <span class='ocr_line' id='line_1_79' title="bbox 2022 4086 3604 4156; baseline -0.004 -11"><span class='ocrx_word' id='word_1_599' title='bbox 2022 4092 2177 4156; x_wconf 86' lang='lat' dir='ltr'><strong>bant,</strong></span> <span class='ocrx_word' id='word_1_600' title='bbox 2210 4105 2275 4144; x_wconf 86' lang='lat' dir='ltr'><strong>ac</strong></span> <span class='ocrx_word' id='word_1_601' title='bbox 2304 4091 2370 4144; x_wconf 79' lang='lat' dir='ltr'><strong>dc</strong></span> <span class='ocrx_word' id='word_1_602' title='bbox 2402 4087 2579 4141; x_wconf 79' lang='lat' dir='ltr'><strong>medio</strong></span> <span class='ocrx_word' id='word_1_603' title='bbox 2622 4086 2811 4141; x_wconf 84' lang='lat' dir='ltr'><strong>tollere</strong></span> <span class='ocrx_word' id='word_1_604' title='bbox 2851 4102 2947 4140; x_wconf 84' lang='lat' dir='ltr'><strong>eos</strong></span> <span class='ocrx_word' id='word_1_605' title='bbox 2983 4086 3298 4154; x_wconf 85' lang='lat' dir='ltr'><strong>cupiebant,</strong></span> <span class='ocrx_word' id='word_1_606' title='bbox 3341 4095 3604 4155; x_wconf 86' lang='lat' dir='ltr'><strong>tanquam</strong></span> 
     </span>
    </p>
   </div>
   <div class='ocr_carea' id='block_1_80' title="bbox 2022 4177 3605 4253">
    <p class='ocr_par' dir='ltr' id='par_1_80' title="bbox 2022 4177 3605 4253">
     <span class='ocr_line' id='line_1_80' title="bbox 2022 4177 3605 4253; baseline -0.003 -17"><span class='ocrx_word' id='word_1_607' title='bbox 2022 4192 2176 4253; x_wconf 88' lang='lat' dir='ltr'><strong>pater</strong></span> <span class='ocrx_word' id='word_1_608' title='bbox 2212 4196 2277 4235; x_wconf 90' lang='lat' dir='ltr'><strong>ac</strong></span> <span class='ocrx_word' id='word_1_609' title='bbox 2308 4181 2589 4251; x_wconf 79' lang='lat' dir='ltr'><strong>magister,</strong></span> <span class='ocrx_word' id='word_1_610' title='bbox 2627 4186 2681 4232; x_wconf 90' lang='lat' dir='ltr'><strong>et</strong></span> <span class='ocrx_word' id='word_1_611' title='bbox 2728 4177 2947 4231; x_wconf 88' lang='lat' dir='ltr'><strong>illorum</strong></span> <span class='ocrx_word' id='word_1_612' title='bbox 2986 4178 3268 4233; x_wconf 81' lang='lat' dir='ltr'><strong>studiosus</strong></span> <span class='ocrx_word' id='word_1_613' title='bbox 3314 4185 3368 4232; x_wconf 91' lang='lat' dir='ltr'><strong>ct</strong></span> <span class='ocrx_word' id='word_1_614' title='bbox 3412 4194 3605 4231; x_wconf 87' lang='lat' dir='ltr'><strong>curant</strong></span> 
     </span>
    </p>
   </div>
   <div class='ocr_carea' id='block_1_81' title="bbox 2022 4267 3605 4343">
    <p class='ocr_par' dir='ltr' id='par_1_81' title="bbox 2022 4267 3605 4343">
     <span class='ocr_line' id='line_1_81' title="bbox 2022 4267 3605 4343; baseline -0.004 -15"><span class='ocrx_word' id='word_1_615' title='bbox 2022 4288 2244 4343; x_wconf 84' lang='lat' dir='ltr'><strong>gerens,</strong></span> <span class='ocrx_word' id='word_1_616' title='bbox 2288 4269 2774 4326; x_wconf 86' lang='lat' dir='ltr'><strong>sermocinaretur.</strong></span> <span class='ocrx_word' id='word_1_617' title='bbox 2807 4267 3137 4338; x_wconf 80' lang='lat' dir='ltr'><strong>CompunCti</strong></span> <span class='ocrx_word' id='word_1_618' title='bbox 3165 4278 3293 4321; x_wconf 88' lang='lat' dir='ltr'><strong>sunt</strong></span> <span class='ocrx_word' id='word_1_619' title='bbox 3319 4269 3487 4331; x_wconf 90' lang='lat' dir='ltr'><strong>cnim,</strong></span> <span class='ocrx_word' id='word_1_620' title='bbox 3519 4269 3605 4321; x_wconf 89' lang='lat' dir='ltr'><strong>in-</strong></span> 
     </span>
    </p>
   </div>
   <div class='ocr_carea' id='block_1_82' title="bbox 2021 4357 3604 4431">
    <p class='ocr_par' dir='ltr' id='par_1_82' title="bbox 2021 4357 3604 4431">
     <span class='ocr_line' id='line_1_82' title="bbox 2021 4357 3604 4431; baseline -0.003 -17"><span class='ocrx_word' id='word_1_621' title='bbox 2021 4362 2140 4431; x_wconf 88' lang='lat' dir='ltr'><strong>quit</strong></span> <span class='ocrx_word' id='word_1_622' title='bbox 2170 4379 2183 4415; x_wconf 89' lang='lat'>:</span> <span class='ocrx_word' id='word_1_623' title='bbox 2218 4375 2324 4414; x_wconf 91' lang='lat' dir='ltr'><strong>non</strong></span> <span class='ocrx_word' id='word_1_624' title='bbox 2350 4357 2672 4428; x_wconf 88' lang='lat' dir='ltr'><strong>simpliciter</strong></span> <span class='ocrx_word' id='word_1_625' title='bbox 2694 4357 2992 4412; x_wconf 84' lang='lat' dir='ltr'><strong>orationem</strong></span> <span class='ocrx_word' id='word_1_626' title='bbox 3021 4357 3252 4411; x_wconf 85' lang='lat' dir='ltr'><strong>dicentis</strong></span> <span class='ocrx_word' id='word_1_627' title='bbox 3282 4357 3604 4428; x_wconf 87' lang='lat' dir='ltr'><strong>probarunt,</strong></span> 
     </span>
    </p>
   </div>
   <div class='ocr_carea' id='block_1_83' title="bbox 2023 4449 3604 4520">
    <p class='ocr_par' dir='ltr' id='par_1_83' title="bbox 2023 4449 3604 4520">
     <span class='ocr_line' id='line_1_83' title="bbox 2023 4449 3604 4520; baseline -0.004 -13"><span class='ocrx_word' id='word_1_628' title='bbox 2023 4455 2115 4508; x_wconf 89' lang='lat' dir='ltr'><strong>sed</strong></span> <span class='ocrx_word' id='word_1_629' title='bbox 2151 4464 2263 4507; x_wconf 88' lang='lat' dir='ltr'><strong>tum</strong></span> <span class='ocrx_word' id='word_1_630' title='bbox 2299 4453 2542 4517; x_wconf 87' lang='lat' dir='ltr'><strong>demum,</strong></span> <span class='ocrx_word' id='word_1_631' title='bbox 2572 4470 2694 4508; x_wconf 88' lang='lat' dir='ltr'><strong>cum</strong></span> <span class='ocrx_word' id='word_1_632' title='bbox 2716 4451 2926 4520; x_wconf 82' lang='lat' dir='ltr'><strong>seipsos</strong></span> <span class='ocrx_word' id='word_1_633' title='bbox 2961 4450 3335 4504; x_wconf 85' lang='lat' dir='ltr'><strong>damnassent.</strong></span> <span class='ocrx_word' id='word_1_634' title='bbox 3368 4449 3604 4517; x_wconf 85' lang='lat' dir='ltr'><strong>Etenim,</strong></span> 
     </span>
    </p>
   </div>
   <div class='ocr_carea' id='block_1_84' title="bbox 2022 4541 3604 4613">
    <p class='ocr_par' dir='ltr' id='par_1_84' title="bbox 2022 4541 3604 4613">
     <span class='ocr_line' id='line_1_84' title="bbox 2022 4541 3604 4613; baseline -0.001 -16"><span class='ocrx_word' id='word_1_635' title='bbox 2022 4543 2184 4611; x_wconf 84' lang='lat' dir='ltr'><strong>Quid,</strong></span> <span class='ocrx_word' id='word_1_636' title='bbox 2224 4543 2497 4613; x_wconf 89' lang='lat' dir='ltr'><strong>inquiunt,</strong></span> <span class='ocrx_word' id='word_1_637' title='bbox 2532 4559 2785 4613; x_wconf 83' lang='lat' dir='ltr'><strong>agemus,</strong></span> <span class='ocrx_word' id='word_1_638' title='bbox 2814 4543 3014 4595; x_wconf 86' lang='lat' dir='ltr'><strong>lratres</strong></span> <span class='ocrx_word' id='word_1_639' title='bbox 3044 4541 3246 4611; x_wconf 84' lang='lat' dir='ltr'><strong>?quasi</strong></span> <span class='ocrx_word' id='word_1_640' title='bbox 3286 4541 3604 4596; x_wconf 61' lang='lat' dir='ltr'><strong>litesitantes</strong></span> 
     </span>
    </p>
   </div>
   <div class='ocr_carea' id='block_1_85' title="bbox 340 4633 1919 4709">
    <p class='ocr_par' dir='ltr' id='par_1_85' title="bbox 340 4633 1916 4705">
     <span class='ocr_line' id='line_1_85' title="bbox 340 4633 1916 4705; baseline 0.004 -23"><span class='ocrx_word' id='word_1_641' title='bbox 340 4633 748 4702; x_wconf 75' lang='grc' dir='ltr'>φιλοστοργίαν,</span> <span class='ocrx_word' id='word_1_642' title='bbox 805 4633 900 4687; x_wconf 72' lang='grc' dir='ltr'>καὶ</span> <span class='ocrx_word' id='word_1_643' title='bbox 943 4634 1067 4687; x_wconf 78' lang='grc' dir='ltr'>ὅσον</span> <span class='ocrx_word' id='word_1_644' title='bbox 1121 4635 1256 4705; x_wconf 82' lang='grc' dir='ltr'>πρὸς</span> <span class='ocrx_word' id='word_1_645' title='bbox 1315 4636 1512 4699; x_wconf 75' lang='grc' dir='ltr'>αὐτοὺς</span> <span class='ocrx_word' id='word_1_646' title='bbox 1562 4633 1916 4704; x_wconf 83' lang='grc' dir='ltr'>ᾠκειώθησαν</span> 
     </span>
    </p>
   </div>
   <div class='ocr_carea' id='block_1_86' title="bbox 2023 4633 3602 4709">
    <p class='ocr_par' dir='ltr' id='par_1_86' title="bbox 2023 4634 3602 4704">
     <span class='ocr_line' id='line_1_86' title="bbox 2023 4634 3602 4704; baseline -0.003 -14"><span class='ocrx_word' id='word_1_647' title='bbox 2023 4645 2074 4691; x_wconf 89' lang='lat' dir='ltr'><strong>et</strong></span> <span class='ocrx_word' id='word_1_648' title='bbox 2098 4636 2281 4690; x_wconf 89' lang='lat' dir='ltr'><strong>animo</strong></span> <span class='ocrx_word' id='word_1_649' title='bbox 2309 4635 2636 4689; x_wconf 84' lang='lat' dir='ltr'><strong>ﬂuctuantes</strong></span> <span class='ocrx_word' id='word_1_650' title='bbox 2651 4644 2814 4704; x_wconf 89' lang='lat' dir='ltr'><strong>atque</strong></span> <span class='ocrx_word' id='word_1_651' title='bbox 2857 4634 3120 4703; x_wconf 79' lang='lat' dir='ltr'><strong>perplexi.</strong></span> <span class='ocrx_word' id='word_1_652' title='bbox 3155 4641 3418 4701; x_wconf 81' lang='lat' dir='ltr'><strong>tanquam</strong></span> <span class='ocrx_word' id='word_1_653' title='bbox 3446 4634 3602 4687; x_wconf 85' lang='lat' dir='ltr'><strong>solli-</strong></span> 
     </span>
    </p>
   </div>
   <div class='ocr_carea' id='block_1_87' title="bbox 339 4721 1920 4792">
    <p class='ocr_par' dir='ltr' id='par_1_87' title="bbox 339 4721 1920 4792">
     <span class='ocr_line' id='line_1_87' title="bbox 339 4721 1920 4792; baseline 0.004 -20"><span class='ocrx_word' id='word_1_654' title='bbox 339 4721 768 4792; x_wconf 81' lang='grc' dir='ltr'>ὲνδεικνύμενοι.</span> <span class='ocrx_word' id='word_1_655' title='bbox 799 4725 944 4777; x_wconf 85' lang='grc' dir='ltr'>Διότι</span> <span class='ocrx_word' id='word_1_656' title='bbox 981 4725 1077 4777; x_wconf 71' lang='grc' dir='ltr'>καὶ</span> <span class='ocrx_word' id='word_1_657' title='bbox 1121 4725 1275 4777; x_wconf 77' lang='grc' dir='ltr'>αὐτοὶ</span> <span class='ocrx_word' id='word_1_658' title='bbox 1337 4727 1385 4778; x_wconf 87' lang='grc' dir='ltr'>οἱ</span> <span class='ocrx_word' id='word_1_659' title='bbox 1430 4725 1715 4778; x_wconf 78' lang='grc' dir='ltr'>ἀπόστολοι</span> <span class='ocrx_word' id='word_1_660' title='bbox 1752 4725 1920 4788; x_wconf 79' lang='grc' dir='ltr'>οὕτως</span> 
     </span>
    </p>
   </div>
   <div class='ocr_carea' id='block_1_88' title="bbox 342 4815 1919 4887">
    <p class='ocr_par' dir='ltr' id='par_1_88' title="bbox 342 4815 1919 4887">
     <span class='ocr_line' id='line_1_88' title="bbox 342 4815 1919 4887; baseline 0.002 -20"><span class='ocrx_word' id='word_1_661' title='bbox 342 4815 545 4877; x_wconf 80' lang='grc' dir='ltr'>αὐτοὺς</span> <span class='ocrx_word' id='word_1_662' title='bbox 598 4818 885 4884; x_wconf 80' lang='grc' dir='ltr'>ἐκάλεσαν,</span> <span class='ocrx_word' id='word_1_663' title='bbox 937 4817 1242 4887; x_wconf 82' lang='grc' dir='ltr'>ἀρχομένου</span> <span class='ocrx_word' id='word_1_664' title='bbox 1292 4816 1392 4886; x_wconf 80' lang='grc' dir='ltr'>τῆς</span> <span class='ocrx_word' id='word_1_665' title='bbox 1428 4817 1773 4887; x_wconf 79' lang='grc' dir='ltr'>δημηγορίας</span> <span class='ocrx_word' id='word_1_666' title='bbox 1813 4818 1919 4870; x_wconf 83' lang='grc' dir='ltr'>Πέ-</span> 
     </span>
    </p>
   </div>
   <div class='ocr_carea' id='block_1_89' title="bbox 337 4908 1918 4980">
    <p class='ocr_par' dir='ltr' id='par_1_89' title="bbox 337 4908 1918 4980">
     <span class='ocr_line' id='line_1_89' title="bbox 337 4908 1918 4980; baseline 0.002 -21"><span class='ocrx_word' id='word_1_667' title='bbox 337 4924 493 4980; x_wconf 87' lang='grc' dir='ltr'>τρου.</span> <span class='ocrx_word' id='word_1_668' title='bbox 528 4909 753 4960; x_wconf 82' lang='grc' dir='ltr'>Πάντων</span> <span class='ocrx_word' id='word_1_669' title='bbox 780 4908 837 4960; x_wconf 85' lang='grc' dir='ltr'><strong>δὲ</strong></span> <span class='ocrx_word' id='word_1_670' title='bbox 861 4909 1270 4979; x_wconf 75' lang='grc' dir='ltr'>ἐρωτηθέντων,</span> <span class='ocrx_word' id='word_1_671' title='bbox 1300 4908 1462 4961; x_wconf 88' lang='grc' dir='ltr'>πάλιν</span> <span class='ocrx_word' id='word_1_672' title='bbox 1495 4911 1523 4961; x_wconf 85' lang='grc' dir='ltr'><strong>δ</strong></span> <span class='ocrx_word' id='word_1_673' title='bbox 1549 4909 1753 4980; x_wconf 78' lang='grc' dir='ltr'>Πέτρος</span> <span class='ocrx_word' id='word_1_674' title='bbox 1783 4911 1918 4963; x_wconf 85' lang='grc' dir='ltr'>ἀπο-</span> 
     </span>
    </p>
   </div>
   <div class='ocr_carea' id='block_1_90' title="bbox 339 4999 1912 5072">
    <p class='ocr_par' dir='ltr' id='par_1_90' title="bbox 339 4999 1912 5072">
     <span class='ocr_line' id='line_1_90' title="bbox 339 4999 1912 5072; baseline 0.001 -19"><span class='ocrx_word' id='word_1_675' title='bbox 339 5001 609 5069; x_wconf 84' lang='grc' dir='ltr'>κρίνεται.</span> <span class='ocrx_word' id='word_1_676' title='bbox 651 5001 826 5052; x_wconf 77' lang='grc' dir='ltr'>Αὐτοῦ</span> <span class='ocrx_word' id='word_1_677' title='bbox 850 5000 891 5031; x_wconf 76' lang='grc'>⁸⁸</span> <span class='ocrx_word' id='word_1_678' title='bbox 917 5001 1030 5070; x_wconf 73' lang='grc' dir='ltr'><strong>γὰρ</strong></span> <span class='ocrx_word' id='word_1_679' title='bbox 1080 4999 1233 5051; x_wconf 78' lang='grc' dir='ltr'>αὐτοὶ</span> <span class='ocrx_word' id='word_1_680' title='bbox 1264 4999 1665 5070; x_wconf 75' lang='grc' dir='ltr'>προὺὖάλλοντο</span> <span class='ocrx_word' id='word_1_681' title='bbox 1716 5002 1912 5072; x_wconf 85' lang='grc' dir='ltr'>στόμα,</span> 
     </span>
    </p>
   </div>
   <div class='ocr_carea' id='block_1_91' title="bbox 338 5090 1917 5163">
    <p class='ocr_par' dir='ltr' id='par_1_91' title="bbox 338 5090 1917 5163">
     <span class='ocr_line' id='line_1_91' title="bbox 338 5090 1917 5163; baseline 0.002 -20"><span class='ocrx_word' id='word_1_682' title='bbox 338 5091 436 5143; x_wconf 80' lang='grc' dir='ltr'><strong>καί</strong></span> <span class='ocrx_word' id='word_1_683' title='bbox 482 5107 614 5161; x_wconf 76' lang='grc' dir='ltr'>φησι</span> <span class='ocrx_word' id='word_1_684' title='bbox 648 5107 663 5121; x_wconf 86' lang='grc'><strong>·</strong></span> <span class='ocrx_word' id='word_1_685' title='bbox 713 5093 1118 5163; x_wconf 78' lang='grc' dir='ltr'>Μετανοήσατε,</span> <span class='ocrx_word' id='word_1_686' title='bbox 1157 5091 1250 5144; x_wconf 77' lang='grc' dir='ltr'><strong>καὶ</strong></span> <span class='ocrx_word' id='word_1_687' title='bbox 1307 5090 1655 5161; x_wconf 83' lang='grc' dir='ltr'>βαπτισθήτω</span> <span class='ocrx_word' id='word_1_688' title='bbox 1689 5092 1917 5157; x_wconf 74' lang='grc' dir='ltr'>ἕκαστος</span> 
     </span>
    </p>
   </div>
   <div class='ocr_carea' id='block_1_92' title="bbox 340 5181 1919 5255">
    <p class='ocr_par' dir='ltr' id='par_1_92' title="bbox 340 5181 1919 5255">
     <span class='ocr_line' id='line_1_92' title="bbox 340 5181 1919 5255; baseline 0.002 -21"><span class='ocrx_word' id='word_1_689' title='bbox 340 5181 499 5252; x_wconf 81' lang='grc' dir='ltr'>ὑμῶν</span> <span class='ocrx_word' id='word_1_690' title='bbox 530 5184 625 5236; x_wconf 77' lang='grc' dir='ltr'>ἐπὶ</span> <span class='ocrx_word' id='word_1_691' title='bbox 664 5183 742 5253; x_wconf 80' lang='grc' dir='ltr'>τῷ</span> <span class='ocrx_word' id='word_1_692' title='bbox 793 5183 1017 5253; x_wconf 82' lang='grc' dir='ltr'>ὀνόματι</span> <span class='ocrx_word' id='word_1_693' title='bbox 1065 5181 1237 5251; x_wconf 84' lang='grc' dir='ltr'>Ἰησοῦ</span> <span class='ocrx_word' id='word_1_694' title='bbox 1288 5181 1547 5252; x_wconf 83' lang='grc' dir='ltr'>Χριστοῦ.</span> <span class='ocrx_word' id='word_1_695' title='bbox 1586 5184 1658 5235; x_wconf 83' lang='grc' dir='ltr'><strong>Οὐ</strong></span> <span class='ocrx_word' id='word_1_696' title='bbox 1688 5185 1919 5255; x_wconf 80' lang='grc' dir='ltr'>μάχεται.</span> 
     </span>
    </p>
   </div>
   <div class='ocr_carea' id='block_1_93' title="bbox 341 5273 1916 5345">
    <p class='ocr_par' dir='ltr' id='par_1_93' title="bbox 341 5273 1916 5345">
     <span class='ocr_line' id='line_1_93' title="bbox 341 5273 1916 5345; baseline 0.001 -19"><span class='ocrx_word' id='word_1_697' title='bbox 341 5273 398 5327; x_wconf 77' lang='grc' dir='ltr'>δὲ</span> <span class='ocrx_word' id='word_1_698' title='bbox 428 5273 590 5328; x_wconf 79' lang='grc' dir='ltr'>τοῦτο</span> <span class='ocrx_word' id='word_1_699' title='bbox 636 5275 737 5345; x_wconf 81' lang='grc' dir='ltr'>τῷ,</span> <span class='ocrx_word' id='word_1_700' title='bbox 769 5275 1133 5338; x_wconf 79' lang='grc' dir='ltr'>Βαπτίζοντες</span> <span class='ocrx_word' id='word_1_701' title='bbox 1168 5274 1363 5335; x_wconf 80' lang='grc' dir='ltr'>αὐτοὺς</span> <span class='ocrx_word' id='word_1_702' title='bbox 1406 5275 1485 5336; x_wconf 74' lang='grc' dir='ltr'><strong>τίς</strong></span> <span class='ocrx_word' id='word_1_703' title='bbox 1532 5273 1593 5326; x_wconf 86' lang='grc' dir='ltr'>τὸ</span> <span class='ocrx_word' id='word_1_704' title='bbox 1623 5274 1793 5344; x_wconf 77' lang='grc' dir='ltr'>ὄνομα</span> <span class='ocrx_word' id='word_1_705' title='bbox 1822 5274 1916 5328; x_wconf 83' lang='grc' dir='ltr'>τοῦ</span> 
     </span>
    </p>
   </div>
   <div class='ocr_carea' id='block_1_94' title="bbox 340 5364 1912 5437">
    <p class='ocr_par' dir='ltr' id='par_1_94' title="bbox 340 5364 1912 5437">
     <span class='ocr_line' id='line_1_94' title="bbox 340 5364 1912 5437; baseline 0 -17"><span class='ocrx_word' id='word_1_706' title='bbox 340 5365 558 5437; x_wconf 82' lang='grc' dir='ltr'>Πατρὸς</span> <span class='ocrx_word' id='word_1_707' title='bbox 616 5368 710 5420; x_wconf 75' lang='grc' dir='ltr'><strong>καὶ</strong></span> <span class='ocrx_word' id='word_1_708' title='bbox 749 5370 843 5422; x_wconf 81' lang='grc' dir='ltr'>τοῦ</span> <span class='ocrx_word' id='word_1_709' title='bbox 882 5367 1013 5419; x_wconf 82' lang='grc' dir='ltr'><strong>Υἱοῦ</strong></span> <span class='ocrx_word' id='word_1_710' title='bbox 1056 5366 1150 5419; x_wconf 69' lang='grc' dir='ltr'>καὶ</span> <span class='ocrx_word' id='word_1_711' title='bbox 1197 5364 1290 5420; x_wconf 80' lang='grc' dir='ltr'>τοῦ</span> <span class='ocrx_word' id='word_1_712' title='bbox 1342 5364 1502 5434; x_wconf 85' lang='grc' dir='ltr'>ἁγίου</span> <span class='ocrx_word' id='word_1_713' title='bbox 1559 5364 1912 5437; x_wconf 82' lang='grc' dir='ltr'>Πνεύματος·</span> 
     </span>
    </p>
   </div>
   <div class='ocr_carea' id='block_1_95' title="bbox 2029 4725 3600 4797">
    <p class='ocr_par' dir='ltr' id='par_1_95' title="bbox 2029 4725 3600 4797">
     <span class='ocr_line' id='line_1_95' title="bbox 2029 4725 3600 4797; baseline -0.003 -13"><span class='ocrx_word' id='word_1_714' title='bbox 2029 4730 2119 4784; x_wconf 86' lang='lat' dir='ltr'><strong>citi</strong></span> <span class='ocrx_word' id='word_1_715' title='bbox 2149 4737 2203 4783; x_wconf 87' lang='lat' dir='ltr'><strong>et</strong></span> <span class='ocrx_word' id='word_1_716' title='bbox 2232 4729 2543 4783; x_wconf 87' lang='lat' dir='ltr'><strong>laborantes</strong></span> <span class='ocrx_word' id='word_1_717' title='bbox 2581 4742 2680 4797; x_wconf 88' lang='lat' dir='ltr'><strong>pro</strong></span> <span class='ocrx_word' id='word_1_718' title='bbox 2711 4731 2826 4782; x_wconf 86' lang='lat' dir='ltr'><strong>suis</strong></span> <span class='ocrx_word' id='word_1_719' title='bbox 2858 4726 3216 4779; x_wconf 76' lang='lat' dir='ltr'><strong>facinoribus.</strong></span> <span class='ocrx_word' id='word_1_720' title='bbox 3243 4725 3391 4791; x_wconf 86' lang='lat' dir='ltr'><strong>Quos</strong></span> <span class='ocrx_word' id='word_1_721' title='bbox 3420 4740 3600 4781; x_wconf 87' lang='lat' dir='ltr'><strong>autem</strong></span> 
     </span>
    </p>
   </div>
   <div class='ocr_carea' id='block_1_96' title="bbox 2026 4816 3598 4891">
    <p class='ocr_par' dir='ltr' id='par_1_96' title="bbox 2026 4816 3598 4891">
     <span class='ocr_line' id='line_1_96' title="bbox 2026 4816 3598 4891; baseline -0.004 -16"><span class='ocrx_word' id='word_1_722' title='bbox 2026 4829 2188 4875; x_wconf 84' lang='lat' dir='ltr'><strong>antea</strong></span> <span class='ocrx_word' id='word_1_723' title='bbox 2211 4821 2538 4891; x_wconf 90' lang='lat' dir='ltr'><strong>impostorcs</strong></span> <span class='ocrx_word' id='word_1_724' title='bbox 2576 4825 2928 4884; x_wconf 78' lang='lat' dir='ltr'><strong>vocaverant,</strong></span> <span class='ocrx_word' id='word_1_725' title='bbox 2972 4833 3117 4870; x_wconf 87' lang='lat' dir='ltr'><strong>nunc</strong></span> <span class='ocrx_word' id='word_1_726' title='bbox 3152 4816 3352 4873; x_wconf 81' lang='lat' dir='ltr'><strong>fratres</strong></span> <span class='ocrx_word' id='word_1_727' title='bbox 3381 4828 3598 4883; x_wconf 83' lang='lat' dir='ltr'><strong>vocant,</strong></span> 
     </span>
    </p>
   </div>
   <div class='ocr_carea' id='block_1_97' title="bbox 2023 4909 3604 4979">
    <p class='ocr_par' dir='ltr' id='par_1_97' title="bbox 2023 4909 3604 4979">
     <span class='ocr_line' id='line_1_97' title="bbox 2023 4909 3604 4979; baseline -0.003 -12"><span class='ocrx_word' id='word_1_728' title='bbox 2023 4921 2077 4968; x_wconf 90' lang='lat' dir='ltr'><strong>et</strong></span> <span class='ocrx_word' id='word_1_729' title='bbox 2114 4912 2167 4967; x_wconf 89' lang='lat' dir='ltr'><strong>id</strong></span> <span class='ocrx_word' id='word_1_730' title='bbox 2220 4911 2430 4966; x_wconf 81' lang='lat' dir='ltr'><strong>faciunt</strong></span> <span class='ocrx_word' id='word_1_731' title='bbox 2462 4926 2569 4964; x_wconf 92' lang='lat' dir='ltr'><strong>non</strong></span> <span class='ocrx_word' id='word_1_732' title='bbox 2603 4918 2789 4979; x_wconf 88' lang='lat' dir='ltr'><strong>aperte</strong></span> <span class='ocrx_word' id='word_1_733' title='bbox 2842 4925 2905 4962; x_wconf 85' lang='lat' dir='ltr'><strong>ac</strong></span> <span class='ocrx_word' id='word_1_734' title='bbox 2954 4909 3124 4963; x_wconf 87' lang='lat' dir='ltr'><strong>libere</strong></span> <span class='ocrx_word' id='word_1_735' title='bbox 3158 4910 3223 4962; x_wconf 89' lang='lat' dir='ltr'><strong>ad</strong></span> <span class='ocrx_word' id='word_1_736' title='bbox 3263 4924 3357 4964; x_wconf 91' lang='lat' dir='ltr'><strong>eos</strong></span> <span class='ocrx_word' id='word_1_737' title='bbox 3385 4912 3476 4964; x_wconf 89' lang='lat' dir='ltr'><strong>tali</strong></span> <span class='ocrx_word' id='word_1_738' title='bbox 3506 4927 3604 4979; x_wconf 87' lang='lat' dir='ltr'><strong>ap-</strong></span> 
     </span>
    </p>
   </div>
   <div class='ocr_carea' id='block_1_98' title="bbox 2023 5001 3599 5075">
    <p class='ocr_par' dir='ltr' id='par_1_98' title="bbox 2023 5001 3599 5075">
     <span class='ocr_line' id='line_1_98' title="bbox 2023 5001 3599 5075; baseline -0.004 -18"><span class='ocrx_word' id='word_1_739' title='bbox 2023 5005 2318 5075; x_wconf 85' lang='lat' dir='ltr'><strong>pellatione</strong></span> <span class='ocrx_word' id='word_1_740' title='bbox 2346 5012 2586 5070; x_wconf 84' lang='lat' dir='ltr'><strong>utentes,</strong></span> <span class='ocrx_word' id='word_1_741' title='bbox 2629 5003 2723 5057; x_wconf 89' lang='lat' dir='ltr'><strong>sed</strong></span> <span class='ocrx_word' id='word_1_742' title='bbox 2759 5016 2999 5055; x_wconf 89' lang='lat' dir='ltr'><strong>amorem</strong></span> <span class='ocrx_word' id='word_1_743' title='bbox 3036 5001 3599 5071; x_wconf 67' lang='lat' dir='ltr'><strong>benevolentiamque,</strong></span> 
     </span>
    </p>
   </div>
   <div class='ocr_carea' id='block_1_99' title="bbox 2023 5093 3602 5166">
    <p class='ocr_par' dir='ltr' id='par_1_99' title="bbox 2023 5093 3602 5166">
     <span class='ocr_line' id='line_1_99' title="bbox 2023 5093 3602 5166; baseline -0.001 -18"><span class='ocrx_word' id='word_1_744' title='bbox 2023 5113 2086 5150; x_wconf 86' lang='lat' dir='ltr'><strong>ac</strong></span> <span class='ocrx_word' id='word_1_745' title='bbox 2113 5105 2450 5166; x_wconf 90' lang='lat' dir='ltr'><strong>quantopere</strong></span> <span class='ocrx_word' id='word_1_746' title='bbox 2471 5094 2749 5150; x_wconf 87' lang='lat' dir='ltr'><strong>conciliati</strong></span> <span class='ocrx_word' id='word_1_747' title='bbox 2780 5110 2845 5147; x_wconf 85' lang='lat' dir='ltr'><strong>ac</strong></span> <span class='ocrx_word' id='word_1_748' title='bbox 2892 5093 3030 5148; x_wconf 87' lang='lat' dir='ltr'><strong>bene</strong></span> <span class='ocrx_word' id='word_1_749' title='bbox 3052 5093 3228 5148; x_wconf 61' lang='lat' dir='ltr'><strong>allecti</strong></span> <span class='ocrx_word' id='word_1_750' title='bbox 3259 5104 3443 5149; x_wconf 75' lang='lat' dir='ltr'><strong>essent</strong></span> <span class='ocrx_word' id='word_1_751' title='bbox 3473 5110 3602 5162; x_wconf 80' lang='lat' dir='ltr'><strong>erga</strong></span> 
     </span>
    </p>
   </div>
   <div class='ocr_carea' id='block_1_100' title="bbox 2026 5185 3600 5256">
    <p class='ocr_par' dir='ltr' id='par_1_100' title="bbox 2026 5185 3600 5256">
     <span class='ocr_line' id='line_1_100' title="bbox 2026 5185 3600 5256; baseline -0.002 -16"><span class='ocrx_word' id='word_1_752' title='bbox 2026 5187 2174 5255; x_wconf 83' lang='lat' dir='ltr'><strong>illos,</strong></span> <span class='ocrx_word' id='word_1_753' title='bbox 2219 5188 2590 5243; x_wconf 82' lang='lat' dir='ltr'><strong>ostendentes.</strong></span> <span class='ocrx_word' id='word_1_754' title='bbox 2621 5186 2758 5241; x_wconf 64' lang='lat' dir='ltr'><strong>ham</strong></span> <span class='ocrx_word' id='word_1_755' title='bbox 2799 5186 2960 5240; x_wconf 89' lang='lat' dir='ltr'><strong>etiam</strong></span> <span class='ocrx_word' id='word_1_756' title='bbox 2994 5187 3096 5256; x_wconf 87' lang='lat' dir='ltr'><strong>ipsi</strong></span> <span class='ocrx_word' id='word_1_757' title='bbox 3134 5188 3384 5256; x_wconf 79' lang='lat' dir='ltr'><strong>apostoli,</strong></span> <span class='ocrx_word' id='word_1_758' title='bbox 3436 5185 3600 5238; x_wconf 86' lang='lat' dir='ltr'><strong>Petro</strong></span> 
     </span>
    </p>
   </div>
   <div class='ocr_carea' id='block_1_101' title="bbox 2020 5274 3600 5344">
    <p class='ocr_par' dir='ltr' id='par_1_101' title="bbox 2020 5274 3600 5344">
     <span class='ocr_line' id='line_1_101' title="bbox 2020 5274 3600 5344; baseline -0.004 -10"><span class='ocrx_word' id='word_1_759' title='bbox 2020 5279 2344 5334; x_wconf 90' lang='lat' dir='ltr'><strong>concionem</strong></span> <span class='ocrx_word' id='word_1_760' title='bbox 2369 5278 2709 5344; x_wconf 86' lang='lat' dir='ltr'><strong>exordiente,</strong></span> <span class='ocrx_word' id='word_1_761' title='bbox 2735 5278 2809 5330; x_wconf 88' lang='lat' dir='ltr'><strong>ita</strong></span> <span class='ocrx_word' id='word_1_762' title='bbox 2861 5278 2983 5331; x_wconf 90' lang='lat' dir='ltr'><strong>illos</strong></span> <span class='ocrx_word' id='word_1_763' title='bbox 3033 5284 3378 5331; x_wconf 81' lang='lat' dir='ltr'><strong>vocaverant.</strong></span> <span class='ocrx_word' id='word_1_764' title='bbox 3429 5274 3600 5328; x_wconf 80' lang='lat' dir='ltr'><strong>Porro</strong></span> 
     </span>
    </p>
   </div>
   <div class='ocr_carea' id='block_1_102' title="bbox 2019 5369 3600 5441">
    <p class='ocr_par' dir='ltr' id='par_1_102' title="bbox 2019 5369 3600 5441">
     <span class='ocr_line' id='line_1_102' title="bbox 2019 5369 3600 5441; baseline -0.003 -16"><span class='ocrx_word' id='word_1_765' title='bbox 2019 5385 2145 5425; x_wconf 87' lang='lat' dir='ltr'><strong>cum</strong></span> <span class='ocrx_word' id='word_1_766' title='bbox 2174 5386 2365 5425; x_wconf 82' lang='lat' dir='ltr'><strong>omnes</strong></span> <span class='ocrx_word' id='word_1_767' title='bbox 2396 5372 2882 5441; x_wconf 79' lang='lat' dir='ltr'><strong>interrogarentur,</strong></span> <span class='ocrx_word' id='word_1_768' title='bbox 2923 5369 3115 5425; x_wconf 85' lang='lat' dir='ltr'><strong>Petrus</strong></span> <span class='ocrx_word' id='word_1_769' title='bbox 3151 5381 3343 5421; x_wconf 86' lang='lat' dir='ltr'><strong>rursus</strong></span> <span class='ocrx_word' id='word_1_770' title='bbox 3374 5381 3600 5436; x_wconf 83' lang='lat' dir='ltr'><strong>respon-</strong></span> 
     </span>
    </p>
   </div>
   <div class='ocr_carea' id='block_1_103' title="bbox 1540 5569 2400 5634">
    <p class='ocr_par' dir='ltr' id='par_1_103' title="bbox 1540 5569 2400 5634">
     <span class='ocr_line' id='line_1_103' title="bbox 1540 5569 2400 5634; baseline 0.003 -6"><span class='ocrx_word' id='word_1_771' title='bbox 1540 5569 1742 5633; x_wconf 71' lang='lat' dir='ltr'><strong>Varim</strong></span> <span class='ocrx_word' id='word_1_772' title='bbox 1770 5569 2084 5633; x_wconf 90' lang='lat' dir='ltr'><strong>lectiones</strong></span> <span class='ocrx_word' id='word_1_773' title='bbox 2107 5578 2170 5633; x_wconf 90' lang='lat' dir='ltr'><strong>ct</strong></span> <span class='ocrx_word' id='word_1_774' title='bbox 2207 5582 2400 5634; x_wconf 76' lang='lat' dir='ltr'><strong>noue.</strong></span> 
     </span>
    </p>
   </div>
   <div class='ocr_carea' id='block_1_104' title="bbox 412 5692 1919 5767">
    <p class='ocr_par' dir='ltr' id='par_1_104' title="bbox 412 5693 1874 5767">
     <span class='ocr_line' id='line_1_104' title="bbox 412 5693 1874 5767; baseline 0.003 -22"><span class='ocrx_word' id='word_1_775' title='bbox 412 5693 881 5767; x_wconf 60' lang='lat' dir='ltr'><strong>&#39;9_xamvti~,rqqov,</strong></span> <span class='ocrx_word' id='word_1_776' title='bbox 902 5703 1046 5767; x_wconf 80' lang='lat' dir='ltr'><strong>erat.</strong></span> <span class='ocrx_word' id='word_1_777' title='bbox 1120 5694 1164 5725; x_wconf 82' lang='grc'><strong>⁸⁷</strong></span> <span class='ocrx_word' id='word_1_778' title='bbox 1199 5693 1263 5748; x_wconf 82' lang='lat' dir='ltr'><strong>In</strong></span> <span class='ocrx_word' id='word_1_779' title='bbox 1294 5694 1516 5763; x_wconf 81' lang='lat' dir='ltr'><strong>vulgatis</strong></span> <span class='ocrx_word' id='word_1_780' title='bbox 1545 5712 1648 5750; x_wconf 78' lang='lat' dir='ltr'><strong>non</strong></span> <span class='ocrx_word' id='word_1_781' title='bbox 1687 5705 1763 5749; x_wconf 68' lang='grc' dir='ltr'>τοι</span> <span class='ocrx_word' id='word_1_782' title='bbox 1795 5694 1874 5750; x_wconf 75' lang='grc' dir='ltr'><strong>δὲ.</strong></span> 
     </span>
    </p>
   </div>
   <div class='ocr_carea' id='block_1_105' title="bbox 2023 5692 2969 5767">
    <p class='ocr_par' dir='ltr' id='par_1_105' title="bbox 2023 5692 2969 5767">
     <span class='ocr_line' id='line_1_105' title="bbox 2023 5692 2969 5767; baseline -0.003 -17"><span class='ocrx_word' id='word_1_783' title='bbox 2023 5695 2083 5750; x_wconf 84' lang='lat' dir='ltr'><strong>In</strong></span> <span class='ocrx_word' id='word_1_784' title='bbox 2106 5697 2333 5767; x_wconf 77' lang='lat' dir='ltr'><strong>vulgatis</strong></span> <span class='ocrx_word' id='word_1_785' title='bbox 2387 5707 2486 5761; x_wconf 82' lang='lat' dir='ltr'><strong>est,</strong></span> <span class='ocrx_word' id='word_1_786' title='bbox 2556 5692 2969 5767; x_wconf 81' lang='grc' dir='ltr'>διεμαρτύρετο.</span> 
     </span>
    </p>
   </div>
   <div class='ocr_carea' id='block_1_106' title="bbox 346 5760 1199 5834">
    <p class='ocr_par' dir='ltr' id='par_1_106' title="bbox 346 5760 1199 5834">
     <span class='ocr_line' id='line_1_106' title="bbox 346 5760 1199 5834; baseline 0.004 -17"><span class='ocrx_word' id='word_1_787' title='bbox 346 5760 390 5796; x_wconf 73' lang='grc'><strong><em>⁸⁵</em></strong></span> <span class='ocrx_word' id='word_1_788' title='bbox 414 5765 533 5834; x_wconf 76' lang='grc' dir='ltr'>οὐχ,</span> <span class='ocrx_word' id='word_1_789' title='bbox 561 5760 701 5817; x_wconf 67' lang='lat' dir='ltr'><strong>erat.</strong></span> <span class='ocrx_word' id='word_1_790' title='bbox 744 5760 751 5762; x_wconf 10' lang='grc' dir='ltr'><em>ἡ</em></span> <span class='ocrx_word' id='word_1_791' title='bbox 775 5764 817 5792; x_wconf 73' lang='grc'>⁸⁸</span> <span class='ocrx_word' id='word_1_792' title='bbox 854 5764 1038 5827; x_wconf 77' lang='grc' dir='ltr'>αὐτὸν,</span> <span class='ocrx_word' id='word_1_793' title='bbox 1066 5775 1199 5820; x_wconf 76' lang='lat' dir='ltr'><strong>erat.</strong></span> 
     </span>
    </p>
   </div>
   <div class='ocr_carea' id='block_1_107' title="bbox 660 5854 1347 5921">
    <p class='ocr_par' dir='ltr' id='par_1_107' title="bbox 660 5854 1347 5921">
     <span class='ocr_line' id='line_1_107' title="bbox 660 5854 1347 5921; baseline 0.01 -7"><span class='ocrx_word' id='word_1_794' title='bbox 660 5855 934 5919; x_wconf 65' lang='lat' dir='ltr'><strong>Plu-tun.</strong></span> <span class='ocrx_word' id='word_1_795' title='bbox 968 5857 1085 5919; x_wconf 79' lang='lat' dir='ltr'><strong>Gtt.</strong></span> <span class='ocrx_word' id='word_1_796' title='bbox 1119 5854 1347 5921; x_wconf 78' lang='lat' dir='ltr'><strong>CXXV.</strong></span> 
     </span>
    </p>
   </div>
   <div class='ocr_carea' id='block_1_108' title="bbox 3072 5690 3591 5765">
    <p class='ocr_par' dir='ltr' id='par_1_108' title="bbox 3072 5690 3591 5765">
     <span class='ocr_line' id='line_1_108' title="bbox 3072 5690 3591 5765; baseline 0.017 -21"><span class='ocrx_word' id='word_1_797' title='bbox 3072 5692 3119 5724; x_wconf 83' lang='grc'><strong><em>⁸⁹</em></strong></span> <span class='ocrx_word' id='word_1_798' title='bbox 3149 5690 3403 5765; x_wconf 76' lang='grc' dir='ltr'>σύνθητε,</span> <span class='ocrx_word' id='word_1_799' title='bbox 3454 5705 3591 5753; x_wconf 73' lang='lat' dir='ltr'><strong>erat.</strong></span> 
     </span>
    </p>
   </div>
   <div class='ocr_carea' id='block_1_109' title="bbox 3155 5855 3233 5921">
    <p class='ocr_par' dir='ltr' id='par_1_109' title="bbox 3155 5855 3233 5921">
     <span class='ocr_line' id='line_1_109' title="bbox 3155 5855 3233 5921; baseline -0.013 0"><span class='ocrx_word' id='word_1_800' title='bbox 3155 5855 3233 5921; x_wconf 83' lang='lat'><strong>18</strong></span> 
     </span>
    </p>
   </div>
  </div>
