  <div class='ocr_page' id='page_1' title='image "/cluster/home/n/w/nwhite01/storage/ocr_20150623/125/hvd.32044073502429/298.png"; bbox 0 0 4068 6210; ppageno 0'>
   <div class='ocr_carea' id='block_1_1' title="bbox 475 398 2038 474">
    <p class='ocr_par' dir='ltr' id='par_1_1' title="bbox 475 398 2038 465">
     <span class='ocr_line' id='line_1_1' title="bbox 475 398 2038 465; baseline -0.001 -1"><span class='ocrx_word' id='word_1_1' title='bbox 475 398 581 464; x_wconf 71' lang='lat'><strong>557</strong></span> <span class='ocrx_word' id='word_1_2' title='bbox 1230 405 1630 465; x_wconf 69' lang='lat' dir='ltr'><strong>EXPOSITlU</strong></span> <span class='ocrx_word' id='word_1_3' title='bbox 1660 404 1740 464; x_wconf 86' lang='grc' dir='ltr'><strong>ΙΝ</strong></span> <span class='ocrx_word' id='word_1_4' title='bbox 1770 405 1956 463; x_wconf 84' lang='lat' dir='ltr'><strong>ACTA</strong></span> <span class='ocrx_word' id='word_1_5' title='bbox 1981 408 2038 462; x_wconf 79' lang='grc' dir='ltr'><strong>Α]</strong></span> 
     </span>
    </p>
   </div>
   <div class='ocr_carea' id='block_1_2' title="bbox 2136 398 3718 474">
    <p class='ocr_par' dir='ltr' id='par_1_2' title="bbox 2136 405 3718 474">
     <span class='ocr_line' id='line_1_2' title="bbox 2136 405 3718 474; baseline 0.006 -10"><span class='ocrx_word' id='word_1_6' title='bbox 2136 405 2550 467; x_wconf 73' lang='lat' dir='ltr'><strong>STOLORUM.</strong></span> <span class='ocrx_word' id='word_1_7' title='bbox 2589 429 2652 439; x_wconf 87' lang='grc'><strong>·-</strong></span> <span class='ocrx_word' id='word_1_8' title='bbox 2688 408 2844 467; x_wconf 86' lang='lat' dir='ltr'><strong>CAP.</strong></span> <span class='ocrx_word' id='word_1_9' title='bbox 2892 406 3006 466; x_wconf 76' lang='grc' dir='ltr'><strong>ΙΙΙ.</strong></span> <span class='ocrx_word' id='word_1_10' title='bbox 3610 410 3718 474; x_wconf 83' lang='grc'><strong>558</strong></span> 
     </span>
    </p>
   </div>
   <div class='ocr_carea' id='block_1_3' title="bbox 470 507 2038 590">
    <p class='ocr_par' dir='ltr' id='par_1_3' title="bbox 470 507 2038 583">
     <span class='ocr_line' id='line_1_3' title="bbox 470 507 2038 583; baseline 0.003 -23"><span class='ocrx_word' id='word_1_11' title='bbox 470 510 676 580; x_wconf 80' lang='grc' dir='ltr'>χόντων</span> <span class='ocrx_word' id='word_1_12' title='bbox 729 507 1121 579; x_wconf 65' lang='grc' dir='ltr'><strong>κατεφρόνουν.</strong></span> <span class='ocrx_word' id='word_1_13' title='bbox 1167 509 1385 581; x_wconf 79' lang='grc' dir='ltr'><strong>Ἐπειδὴ</strong></span> <span class='ocrx_word' id='word_1_14' title='bbox 1414 512 1521 582; x_wconf 75' lang='grc' dir='ltr'><strong>γὰρ</strong></span> <span class='ocrx_word' id='word_1_15' title='bbox 1547 513 1749 566; x_wconf 70' lang='grc' dir='ltr'>ἄνωθεν</span> <span class='ocrx_word' id='word_1_16' title='bbox 1778 508 1845 583; x_wconf 77' lang='grc' dir='ltr'>ἦν</span> <span class='ocrx_word' id='word_1_17' title='bbox 1883 513 2038 576; x_wconf 81' lang='grc' dir='ltr'>πολὺς</span> 
     </span>
    </p>
   </div>
   <div class='ocr_carea' id='block_1_4' title="bbox 2136 507 3721 590">
    <p class='ocr_par' dir='ltr' id='par_1_4' title="bbox 2155 516 3721 590">
     <span class='ocr_line' id='line_1_4' title="bbox 2155 516 3721 590; baseline 0.006 -23"><span class='ocrx_word' id='word_1_18' title='bbox 2155 524 2409 584; x_wconf 83' lang='lat' dir='ltr'><strong>tanquam</strong></span> <span class='ocrx_word' id='word_1_19' title='bbox 2438 517 2570 572; x_wconf 82' lang='lat' dir='ltr'><strong>viles</strong></span> <span class='ocrx_word' id='word_1_20' title='bbox 2594 516 2984 585; x_wconf 90' lang='lat' dir='ltr'><strong>despiciebant.</strong></span> <span class='ocrx_word' id='word_1_21' title='bbox 3011 517 3282 582; x_wconf 82' lang='lat' dir='ltr'><strong>Quoniam</strong></span> <span class='ocrx_word' id='word_1_22' title='bbox 3305 519 3452 572; x_wconf 89' lang='lat' dir='ltr'><strong>enim</strong></span> <span class='ocrx_word' id='word_1_23' title='bbox 3485 534 3721 590; x_wconf 76' lang='lat' dir='ltr'><strong>superne</strong></span> 
     </span>
    </p>
   </div>
   <div class='ocr_carea' id='block_1_5' title="bbox 475 602 2038 682">
    <p class='ocr_par' dir='ltr' id='par_1_5' title="bbox 475 602 2038 675">
     <span class='ocr_line' id='line_1_5' title="bbox 475 602 2038 675; baseline 0.005 -23"><span class='ocrx_word' id='word_1_24' title='bbox 475 602 615 671; x_wconf 76' lang='grc' dir='ltr'><strong>(ῑέων</strong></span> <span class='ocrx_word' id='word_1_25' title='bbox 651 603 679 655; x_wconf 87' lang='grc' dir='ltr'><strong>ό</strong></span> <span class='ocrx_word' id='word_1_26' title='bbox 710 602 936 672; x_wconf 79' lang='grc' dir='ltr'><strong>Πέτρος,</strong></span> <span class='ocrx_word' id='word_1_27' title='bbox 968 604 1060 656; x_wconf 75' lang='grc' dir='ltr'>καὶ</span> <span class='ocrx_word' id='word_1_28' title='bbox 1086 603 1296 658; x_wconf 78' lang='grc' dir='ltr'><strong>ἐδείκνυ</strong></span> <span class='ocrx_word' id='word_1_29' title='bbox 1327 607 1424 669; x_wconf 72' lang='grc' dir='ltr'>τὰς</span> <span class='ocrx_word' id='word_1_30' title='bbox 1452 607 1785 675; x_wconf 78' lang='grc' dir='ltr'><strong>ἐπαγγελίας</strong></span> <span class='ocrx_word' id='word_1_31' title='bbox 1836 610 1928 661; x_wconf 73' lang='grc' dir='ltr'>καὶ</span> <span class='ocrx_word' id='word_1_32' title='bbox 1978 606 2038 660; x_wconf 75' lang='grc' dir='ltr'>τὰ</span> 
     </span>
    </p>
   </div>
   <div class='ocr_carea' id='block_1_6' title="bbox 2136 602 3724 682">
    <p class='ocr_par' dir='ltr' id='par_1_6' title="bbox 2152 606 3724 682">
     <span class='ocr_line' id='line_1_6' title="bbox 2152 606 3724 682; baseline 0.008 -25"><span class='ocrx_word' id='word_1_33' title='bbox 2152 622 2345 674; x_wconf 86' lang='lat' dir='ltr'><strong>magna</strong></span> <span class='ocrx_word' id='word_1_34' title='bbox 2379 608 2556 676; x_wconf 86' lang='lat' dir='ltr'><strong>gratia</strong></span> <span class='ocrx_word' id='word_1_35' title='bbox 2585 606 2780 663; x_wconf 84' lang='lat' dir='ltr'><strong>Petrus</strong></span> <span class='ocrx_word' id='word_1_36' title='bbox 2806 608 3138 673; x_wconf 88' lang='lat' dir='ltr'><strong>abundabat,</strong></span> <span class='ocrx_word' id='word_1_37' title='bbox 3171 617 3224 662; x_wconf 93' lang='lat' dir='ltr'><strong>et</strong></span> <span class='ocrx_word' id='word_1_38' title='bbox 3249 609 3566 665; x_wconf 89' lang='lat' dir='ltr'><strong>ostendebat</strong></span> <span class='ocrx_word' id='word_1_39' title='bbox 3593 626 3724 682; x_wconf 71' lang='lat' dir='ltr'><strong>pro—</strong></span> 
     </span>
    </p>
   </div>
   <div class='ocr_carea' id='block_1_7' title="bbox 485 694 2038 771">
    <p class='ocr_par' dir='ltr' id='par_1_7' title="bbox 485 694 2038 770">
     <span class='ocr_line' id='line_1_7' title="bbox 485 694 2038 770; baseline 0.002 -22"><span class='ocrx_word' id='word_1_40' title='bbox 485 694 780 764; x_wconf 80' lang='grc' dir='ltr'>μέλλοντα,</span> <span class='ocrx_word' id='word_1_41' title='bbox 835 697 1059 759; x_wconf 79' lang='grc' dir='ltr'>είκότως</span> <span class='ocrx_word' id='word_1_42' title='bbox 1106 699 1400 767; x_wconf 75' lang='grc' dir='ltr'><strong>ἐξέστησαν</strong></span> <span class='ocrx_word' id='word_1_43' title='bbox 1439 698 1516 767; x_wconf 85' lang='grc' dir='ltr'>τῷ</span> <span class='ocrx_word' id='word_1_44' title='bbox 1541 700 1721 770; x_wconf 69' lang='grc' dir='ltr'>φόϐῳ·</span> <span class='ocrx_word' id='word_1_45' title='bbox 1748 697 2038 769; x_wconf 73' lang='grc' dir='ltr'>ἐμαρτύρει</span> 
     </span>
    </p>
   </div>
   <div class='ocr_carea' id='block_1_8' title="bbox 2136 694 3722 771">
    <p class='ocr_par' dir='ltr' id='par_1_8' title="bbox 2150 695 3722 771">
     <span class='ocr_line' id='line_1_8' title="bbox 2150 695 3722 771; baseline 0.007 -24"><span class='ocrx_word' id='word_1_46' title='bbox 2150 695 2441 749; x_wconf 81' lang='lat' dir='ltr'><strong>missiones</strong></span> <span class='ocrx_word' id='word_1_47' title='bbox 2466 705 2519 750; x_wconf 90' lang='lat' dir='ltr'><strong>ct</strong></span> <span class='ocrx_word' id='word_1_48' title='bbox 2550 712 2638 752; x_wconf 87' lang='lat' dir='ltr'><strong>res</strong></span> <span class='ocrx_word' id='word_1_49' title='bbox 2661 698 2874 752; x_wconf 87' lang='lat' dir='ltr'><strong>luturas</strong></span> <span class='ocrx_word' id='word_1_50' title='bbox 2895 740 2909 764; x_wconf 94' lang='lat'><strong>,</strong></span> <span class='ocrx_word' id='word_1_51' title='bbox 2944 697 3085 751; x_wconf 83' lang='lat' dir='ltr'><strong>haud</strong></span> <span class='ocrx_word' id='word_1_52' title='bbox 3117 698 3389 752; x_wconf 86' lang='lat' dir='ltr'><strong>immerito</strong></span> <span class='ocrx_word' id='word_1_53' title='bbox 3419 711 3565 755; x_wconf 86' lang='lat' dir='ltr'><strong>metu</strong></span> <span class='ocrx_word' id='word_1_54' title='bbox 3593 716 3722 771; x_wconf 78' lang='lat' dir='ltr'><strong>pcr-</strong></span> 
     </span>
    </p>
   </div>
   <div class='ocr_carea' id='block_1_9' title="bbox 470 785 2038 860">
    <p class='ocr_par' dir='ltr' id='par_1_9' title="bbox 470 786 2038 860">
     <span class='ocr_line' id='line_1_9' title="bbox 470 786 2038 860; baseline 0.003 -23"><span class='ocrx_word' id='word_1_55' title='bbox 470 789 576 855; x_wconf 69' lang='grc' dir='ltr'><strong>γὰρ</strong></span> <span class='ocrx_word' id='word_1_56' title='bbox 620 791 731 849; x_wconf 78' lang='grc' dir='ltr'>τοῖς</span> <span class='ocrx_word' id='word_1_57' title='bbox 778 786 1096 856; x_wconf 77' lang='grc' dir='ltr'><strong>λεγομένοις</strong></span> <span class='ocrx_word' id='word_1_58' title='bbox 1150 790 1241 842; x_wconf 73' lang='grc' dir='ltr'>καὶ</span> <span class='ocrx_word' id='word_1_59' title='bbox 1286 790 1353 844; x_wconf 84' lang='grc' dir='ltr'><strong>τά</strong></span> <span class='ocrx_word' id='word_1_60' title='bbox 1383 790 1681 858; x_wconf 70' lang='grc' dir='ltr'>τελούμενα</span> <span class='ocrx_word' id='word_1_61' title='bbox 1717 792 1917 860; x_wconf 79' lang='grc' dir='ltr'>τέρατα</span> <span class='ocrx_word' id='word_1_62' title='bbox 1955 793 2038 842; x_wconf 58' lang='grc' dir='ltr'>καῖ</span> 
     </span>
    </p>
   </div>
   <div class='ocr_carea' id='block_1_10' title="bbox 2136 785 3725 860">
    <p class='ocr_par' dir='ltr' id='par_1_10' title="bbox 2148 785 3725 858">
     <span class='ocr_line' id='line_1_10' title="bbox 2148 785 3725 858; baseline 0.007 -21"><span class='ocrx_word' id='word_1_63' title='bbox 2148 785 2284 839; x_wconf 89' lang='lat' dir='ltr'><strong>culsi</strong></span> <span class='ocrx_word' id='word_1_64' title='bbox 2320 793 2469 840; x_wconf 86' lang='lat' dir='ltr'><strong>sunt.</strong></span> <span class='ocrx_word' id='word_1_65' title='bbox 2500 786 2649 856; x_wconf 63' lang='grc' dir='ltr'><strong>⁵Νιιιιι</strong></span> <span class='ocrx_word' id='word_1_66' title='bbox 2681 796 2735 842; x_wconf 86' lang='lat' dir='ltr'><strong>et</strong></span> <span class='ocrx_word' id='word_1_67' title='bbox 2777 803 2930 858; x_wconf 79' lang='lat' dir='ltr'><strong>signa</strong></span> <span class='ocrx_word' id='word_1_68' title='bbox 2959 798 3123 857; x_wconf 88' lang='lat' dir='ltr'><strong>atque</strong></span> <span class='ocrx_word' id='word_1_69' title='bbox 3152 788 3422 858; x_wconf 79' lang='lat' dir='ltr'><strong>prodigia,</strong></span> <span class='ocrx_word' id='word_1_70' title='bbox 3455 806 3576 857; x_wconf 68' lang='lat' dir='ltr'><strong>quae</strong></span> <span class='ocrx_word' id='word_1_71' title='bbox 3594 792 3725 847; x_wconf 65' lang='lat' dir='ltr'><strong>adeo</strong></span> 
     </span>
    </p>
   </div>
   <div class='ocr_carea' id='block_1_11' title="bbox 474 874 2038 951">
    <p class='ocr_par' dir='ltr' id='par_1_11' title="bbox 474 877 2038 951">
     <span class='ocr_line' id='line_1_11' title="bbox 474 877 2038 951; baseline 0.003 -24"><span class='ocrx_word' id='word_1_72' title='bbox 474 878 699 948; x_wconf 75' lang='grc' dir='ltr'>σημεῖα.</span> <span class='ocrx_word' id='word_1_73' title='bbox 750 877 1018 949; x_wconf 80' lang='grc' dir='ltr'>Καθάπερ</span> <span class='ocrx_word' id='word_1_74' title='bbox 1068 880 1175 948; x_wconf 65' lang='grc' dir='ltr'><strong>γὰρ</strong></span> <span class='ocrx_word' id='word_1_75' title='bbox 1210 881 1303 932; x_wconf 80' lang='grc' dir='ltr'>ἐπὶ</span> <span class='ocrx_word' id='word_1_76' title='bbox 1348 881 1442 933; x_wconf 86' lang='grc' dir='ltr'><strong>τοῦ</strong></span> <span class='ocrx_word' id='word_1_77' title='bbox 1475 882 1737 951; x_wconf 80' lang='grc' dir='ltr'>Χριστοῦ,</span> <span class='ocrx_word' id='word_1_78' title='bbox 1781 883 2038 951; x_wconf 67' lang='grc' dir='ltr'>πρόιερον</span> 
     </span>
    </p>
   </div>
   <div class='ocr_carea' id='block_1_12' title="bbox 2136 874 3719 951">
    <p class='ocr_par' dir='ltr' id='par_1_12' title="bbox 2149 874 3719 948">
     <span class='ocr_line' id='line_1_12' title="bbox 2149 874 3719 948; baseline 0.003 -17"><span class='ocrx_word' id='word_1_79' title='bbox 2149 878 2366 942; x_wconf 91' lang='lat' dir='ltr'><strong>bantur,</strong></span> <span class='ocrx_word' id='word_1_80' title='bbox 2402 877 2546 932; x_wconf 88' lang='lat' dir='ltr'><strong>dicta</strong></span> <span class='ocrx_word' id='word_1_81' title='bbox 2581 878 3030 948; x_wconf 83' lang='lat' dir='ltr'><strong>comprobabant.</strong></span> <span class='ocrx_word' id='word_1_82' title='bbox 3062 874 3532 945; x_wconf 77' lang='lat' dir='ltr'><strong>Quemadmodum</strong></span> <span class='ocrx_word' id='word_1_83' title='bbox 3572 883 3719 936; x_wconf 89' lang='lat' dir='ltr'><strong>enim</strong></span> 
     </span>
    </p>
   </div>
   <div class='ocr_carea' id='block_1_13' title="bbox 489 963 2044 1038">
    <p class='ocr_par' dir='ltr' id='par_1_13' title="bbox 489 963 2044 1038">
     <span class='ocr_line' id='line_1_13' title="bbox 489 963 2044 1038; baseline 0.003 -19"><span class='ocrx_word' id='word_1_84' title='bbox 489 970 711 1037; x_wconf 78' lang='grc' dir='ltr'>σημεῖα,</span> <span class='ocrx_word' id='word_1_85' title='bbox 748 963 866 1020; x_wconf 77' lang='grc' dir='ltr'>εἶτα</span> <span class='ocrx_word' id='word_1_86' title='bbox 903 969 1243 1036; x_wconf 81' lang='grc' dir='ltr'>διδασκαλία,</span> <span class='ocrx_word' id='word_1_87' title='bbox 1279 968 1399 1024; x_wconf 81' lang='grc' dir='ltr'>εἷτα</span> <span class='ocrx_word' id='word_1_88' title='bbox 1456 973 1708 1038; x_wconf 76' lang='grc' dir='ltr'>θαύματα</span> <span class='ocrx_word' id='word_1_89' title='bbox 1732 989 1748 1003; x_wconf 86' lang='grc'><strong>·</strong></span> <span class='ocrx_word' id='word_1_90' title='bbox 1778 972 1919 1024; x_wconf 82' lang='grc' dir='ltr'>οὓτω</span> <span class='ocrx_word' id='word_1_91' title='bbox 1950 990 2044 1024; x_wconf 82' lang='grc' dir='ltr'><strong>και</strong></span> 
     </span>
    </p>
   </div>
   <div class='ocr_carea' id='block_1_14' title="bbox 471 1058 2041 1132">
    <p class='ocr_par' dir='ltr' id='par_1_14' title="bbox 471 1058 2041 1132">
     <span class='ocr_line' id='line_1_14' title="bbox 471 1058 2041 1132; baseline 0.004 -23"><span class='ocrx_word' id='word_1_92' title='bbox 471 1061 587 1110; x_wconf 87' lang='grc' dir='ltr'>νῦν.</span> <span class='ocrx_word' id='word_1_93' title='bbox 623 1058 828 1121; x_wconf 77' lang='grc' dir='ltr'>Πάντες</span> <span class='ocrx_word' id='word_1_94' title='bbox 856 1058 913 1112; x_wconf 78' lang='grc' dir='ltr'>δὲ</span> <span class='ocrx_word' id='word_1_95' title='bbox 942 1061 990 1111; x_wconf 77' lang='grc' dir='ltr'>οἱ</span> <span class='ocrx_word' id='word_1_96' title='bbox 1020 1062 1365 1124; x_wconf 70' lang='grc' dir='ltr'><strong>πιστεύοντες</strong></span> <span class='ocrx_word' id='word_1_97' title='bbox 1405 1058 1546 1132; x_wconf 80' lang='grc' dir='ltr'>ἦσαν</span> <span class='ocrx_word' id='word_1_98' title='bbox 1573 1064 1664 1115; x_wconf 71' lang='grc' dir='ltr'>ἐπὶ</span> <span class='ocrx_word' id='word_1_99' title='bbox 1695 1063 1753 1115; x_wconf 80' lang='grc' dir='ltr'><strong>τὸ</strong></span> <span class='ocrx_word' id='word_1_100' title='bbox 1783 1063 1915 1115; x_wconf 70' lang='grc' dir='ltr'>αὑτό</span> <span class='ocrx_word' id='word_1_101' title='bbox 1938 1082 1951 1093; x_wconf 88' lang='grc'><strong>·</strong></span> <span class='ocrx_word' id='word_1_102' title='bbox 1979 1063 2041 1115; x_wconf 83' lang='grc' dir='ltr'><strong>οῦ</strong></span> 
     </span>
    </p>
   </div>
   <div class='ocr_carea' id='block_1_15' title="bbox 469 1149 2040 1225">
    <p class='ocr_par' dir='ltr' id='par_1_15' title="bbox 469 1149 2040 1225">
     <span class='ocr_line' id='line_1_15' title="bbox 469 1149 2040 1225; baseline 0.004 -27"><span class='ocrx_word' id='word_1_103' title='bbox 469 1149 641 1218; x_wconf 69' lang='grc' dir='ltr'>τόπῳ.</span> <span class='ocrx_word' id='word_1_104' title='bbox 688 1150 820 1201; x_wconf 65' lang='lat' dir='ltr'><strong>em</strong></span> <span class='ocrx_word' id='word_1_105' title='bbox 854 1150 1090 1203; x_wconf 79' lang='grc' dir='ltr'>διαθέσει</span> <span class='ocrx_word' id='word_1_106' title='bbox 1120 1151 1212 1203; x_wconf 76' lang='grc' dir='ltr'><strong>καὶ</strong></span> <span class='ocrx_word' id='word_1_107' title='bbox 1245 1153 1459 1225; x_wconf 79' lang='grc' dir='ltr'>γνώμῃ,</span> <span class='ocrx_word' id='word_1_108' title='bbox 1491 1154 1581 1205; x_wconf 81' lang='grc' dir='ltr'><strong>καὶ</strong></span> <span class='ocrx_word' id='word_1_109' title='bbox 1612 1156 1676 1223; x_wconf 83' lang='grc' dir='ltr'>τῇ</span> <span class='ocrx_word' id='word_1_110' title='bbox 1707 1152 1841 1223; x_wconf 79' lang='grc' dir='ltr'>πρὸς</span> <span class='ocrx_word' id='word_1_111' title='bbox 1875 1151 2040 1222; x_wconf 84' lang='grc' dir='ltr'>ἀλλή-</span> 
     </span>
    </p>
   </div>
   <div class='ocr_carea' id='block_1_16' title="bbox 467 1238 2040 1314">
    <p class='ocr_par' dir='ltr' id='par_1_16' title="bbox 467 1238 2040 1314">
     <span class='ocr_line' id='line_1_16' title="bbox 467 1238 2040 1314; baseline 0.006 -24"><span class='ocrx_word' id='word_1_112' title='bbox 467 1238 595 1302; x_wconf 82' lang='grc' dir='ltr'>λους</span> <span class='ocrx_word' id='word_1_113' title='bbox 641 1240 951 1308; x_wconf 80' lang='grc' dir='ltr'>ἀδιαστάτῳ</span> <span class='ocrx_word' id='word_1_114' title='bbox 986 1242 1209 1308; x_wconf 77' lang='grc' dir='ltr'>ὁμονοία</span> <span class='ocrx_word' id='word_1_115' title='bbox 1244 1245 1340 1295; x_wconf 63' lang='grc' dir='ltr'>καὶ</span> <span class='ocrx_word' id='word_1_116' title='bbox 1397 1247 1623 1314; x_wconf 76' lang='grc' dir='ltr'>στοργῇ.</span> <span class='ocrx_word' id='word_1_117' title='bbox 1653 1244 1725 1295; x_wconf 78' lang='grc' dir='ltr'><strong>Ὶό</strong></span> <span class='ocrx_word' id='word_1_118' title='bbox 1745 1243 1825 1305; x_wconf 80' lang='grc' dir='ltr'>δὲ,</span> <span class='ocrx_word' id='word_1_119' title='bbox 1861 1244 1984 1298; x_wconf 82' lang='grc' dir='ltr'>καθ’</span> <span class='ocrx_word' id='word_1_120' title='bbox 2012 1247 2040 1299; x_wconf 82' lang='grc' dir='ltr'><strong>ὃ</strong></span> 
     </span>
    </p>
   </div>
   <div class='ocr_carea' id='block_1_17' title="bbox 468 1328 2037 1404">
    <p class='ocr_par' dir='ltr' id='par_1_17' title="bbox 468 1328 2037 1404">
     <span class='ocr_line' id='line_1_17' title="bbox 468 1328 2037 1404; baseline 0.003 -24"><span class='ocrx_word' id='word_1_121' title='bbox 468 1329 531 1381; x_wconf 83' lang='grc' dir='ltr'><strong>ἄν</strong></span> <span class='ocrx_word' id='word_1_122' title='bbox 552 1346 635 1391; x_wconf 85' lang='grc' dir='ltr'><strong>τις</strong></span> <span class='ocrx_word' id='word_1_123' title='bbox 651 1330 839 1399; x_wconf 80' lang='grc' dir='ltr'>χρείαν</span> <span class='ocrx_word' id='word_1_124' title='bbox 857 1328 1002 1398; x_wconf 80' lang='grc' dir='ltr'>εἶχεν</span> <span class='ocrx_word' id='word_1_125' title='bbox 1025 1371 1039 1393; x_wconf 89' lang='grc'><strong>,</strong></span> <span class='ocrx_word' id='word_1_126' title='bbox 1065 1330 1161 1398; x_wconf 78' lang='grc' dir='ltr'><strong>οὐχ</strong></span> <span class='ocrx_word' id='word_1_127' title='bbox 1185 1332 1368 1393; x_wconf 78' lang='grc' dir='ltr'>ἁπλῶς</span> <span class='ocrx_word' id='word_1_128' title='bbox 1391 1348 1555 1397; x_wconf 77' lang='grc' dir='ltr'>φησιν</span> <span class='ocrx_word' id='word_1_129' title='bbox 1576 1372 1589 1396; x_wconf 92' lang='grc'><strong>,</strong></span> <span class='ocrx_word' id='word_1_130' title='bbox 1618 1332 1733 1385; x_wconf 78' lang='grc' dir='ltr'>ἀλλ’</span> <span class='ocrx_word' id='word_1_131' title='bbox 1761 1334 2037 1404; x_wconf 60' lang='grc' dir='ltr'>οἰκονομι-</span> 
     </span>
    </p>
   </div>
   <div class='ocr_carea' id='block_1_18' title="bbox 466 1419 2036 1493">
    <p class='ocr_par' dir='ltr' id='par_1_18' title="bbox 466 1419 2036 1493">
     <span class='ocr_line' id='line_1_18' title="bbox 466 1419 2036 1493; baseline 0.004 -22"><span class='ocrx_word' id='word_1_132' title='bbox 466 1419 611 1481; x_wconf 74' lang='grc' dir='ltr'><strong>κῶς·</strong></span> <span class='ocrx_word' id='word_1_133' title='bbox 663 1420 820 1471; x_wconf 84' lang='grc' dir='ltr'>τοῦτο</span> <span class='ocrx_word' id='word_1_134' title='bbox 864 1420 993 1488; x_wconf 76' lang='grc' dir='ltr'>γὰρ,</span> <span class='ocrx_word' id='word_1_135' title='bbox 1029 1420 1150 1473; x_wconf 76' lang='grc' dir='ltr'>καθ’</span> <span class='ocrx_word' id='word_1_136' title='bbox 1207 1420 1234 1472; x_wconf 84' lang='grc' dir='ltr'><strong>ὃ</strong></span> <span class='ocrx_word' id='word_1_137' title='bbox 1278 1422 1342 1474; x_wconf 79' lang='grc' dir='ltr'>ἄν</span> <span class='ocrx_word' id='word_1_138' title='bbox 1371 1437 1455 1484; x_wconf 77' lang='grc' dir='ltr'><strong>τις</strong></span> <span class='ocrx_word' id='word_1_139' title='bbox 1502 1422 1690 1491; x_wconf 79' lang='grc' dir='ltr'>χρείας</span> <span class='ocrx_word' id='word_1_140' title='bbox 1743 1420 1906 1493; x_wconf 82' lang='grc' dir='ltr'>εἶχεν.</span> <span class='ocrx_word' id='word_1_141' title='bbox 1961 1425 2036 1478; x_wconf 82' lang='grc' dir='ltr'><strong>Οὐ</strong></span> 
     </span>
    </p>
   </div>
   <div class='ocr_carea' id='block_1_19' title="bbox 467 1509 2037 1587">
    <p class='ocr_par' dir='ltr' id='par_1_19' title="bbox 467 1509 2037 1587">
     <span class='ocr_line' id='line_1_19' title="bbox 467 1509 2037 1587; baseline 0.005 -24"><span class='ocrx_word' id='word_1_142' title='bbox 467 1511 717 1581; x_wconf 80' lang='grc' dir='ltr'>καθάπερ</span> <span class='ocrx_word' id='word_1_143' title='bbox 738 1510 792 1561; x_wconf 84' lang='grc' dir='ltr'>δὲ</span> <span class='ocrx_word' id='word_1_144' title='bbox 827 1512 874 1563; x_wconf 82' lang='grc' dir='ltr'><strong>οἱ</strong></span> <span class='ocrx_word' id='word_1_145' title='bbox 916 1509 1045 1581; x_wconf 86' lang='grc' dir='ltr'>παρ’</span> <span class='ocrx_word' id='word_1_146' title='bbox 1076 1511 1302 1581; x_wconf 78' lang='grc' dir='ltr'>Ἕλλησι</span> <span class='ocrx_word' id='word_1_147' title='bbox 1355 1513 1542 1580; x_wconf 71' lang='grc' dir='ltr'>σοφοί’</span> <span class='ocrx_word' id='word_1_148' title='bbox 1575 1514 1625 1566; x_wconf 88' lang='grc' dir='ltr'><strong>οί</strong></span> <span class='ocrx_word' id='word_1_149' title='bbox 1676 1516 1775 1583; x_wconf 83' lang='grc' dir='ltr'><strong>μὲν</strong></span> <span class='ocrx_word' id='word_1_150' title='bbox 1829 1517 2037 1587; x_wconf 79' lang='grc' dir='ltr'>ἀνῆκαν</span> 
     </span>
    </p>
   </div>
   <div class='ocr_carea' id='block_1_20' title="bbox 464 1605 2033 1682">
    <p class='ocr_par' dir='ltr' id='par_1_20' title="bbox 464 1605 2033 1682">
     <span class='ocr_line' id='line_1_20' title="bbox 464 1605 2033 1682; baseline 0.006 -27"><span class='ocrx_word' id='word_1_151' title='bbox 464 1606 562 1674; x_wconf 75' lang='grc' dir='ltr'><strong>τὴν</strong></span> <span class='ocrx_word' id='word_1_152' title='bbox 605 1605 729 1674; x_wconf 76' lang='grc' dir='ltr'>γῆν,</span> <span class='ocrx_word' id='word_1_153' title='bbox 764 1607 813 1657; x_wconf 79' lang='grc' dir='ltr'>οἱ</span> <span class='ocrx_word' id='word_1_154' title='bbox 861 1606 915 1657; x_wconf 59' lang='lat' dir='ltr'><strong>es</strong></span> <span class='ocrx_word' id='word_1_155' title='bbox 957 1608 1036 1668; x_wconf 86' lang='grc' dir='ltr'>εἰς</span> <span class='ocrx_word' id='word_1_156' title='bbox 1068 1606 1342 1660; x_wconf 77' lang='grc' dir='ltr'>θάλασσαν</span> <span class='ocrx_word' id='word_1_157' title='bbox 1374 1608 1605 1678; x_wconf 62' lang='grc' dir='ltr'>ἔρριψαν</span> <span class='ocrx_word' id='word_1_158' title='bbox 1634 1611 1767 1664; x_wconf 78' lang='grc' dir='ltr'>πολὺ</span> <span class='ocrx_word' id='word_1_159' title='bbox 1793 1612 2033 1682; x_wconf 85' lang='grc' dir='ltr'>χρυσίον.</span> 
     </span>
    </p>
   </div>
   <div class='ocr_carea' id='block_1_21' title="bbox 466 1689 2035 1770">
    <p class='ocr_par' dir='ltr' id='par_1_21' title="bbox 466 1689 2035 1770">
     <span class='ocr_line' id='line_1_21' title="bbox 466 1689 2035 1770; baseline 0.005 -25"><span class='ocrx_word' id='word_1_160' title='bbox 466 1693 635 1747; x_wconf 70' lang='grc' dir='ltr'>Τοῦτο</span> <span class='ocrx_word' id='word_1_161' title='bbox 677 1696 734 1747; x_wconf 84' lang='grc' dir='ltr'>δὲ</span> <span class='ocrx_word' id='word_1_162' title='bbox 769 1689 837 1765; x_wconf 74' lang='grc' dir='ltr'>ἦν</span> <span class='ocrx_word' id='word_1_163' title='bbox 876 1697 973 1763; x_wconf 70' lang='grc' dir='ltr'><strong>οὐχ</strong></span> <span class='ocrx_word' id='word_1_164' title='bbox 1012 1695 1281 1765; x_wconf 68' lang='grc' dir='ltr'>ὑπεροψία</span> <span class='ocrx_word' id='word_1_165' title='bbox 1312 1703 1627 1767; x_wconf 77' lang='grc' dir='ltr'>χρημάτων,</span> <span class='ocrx_word' id='word_1_166' title='bbox 1686 1701 1820 1753; x_wconf 82' lang='grc' dir='ltr'><strong>ἀλλά</strong></span> <span class='ocrx_word' id='word_1_167' title='bbox 1856 1702 2035 1770; x_wconf 81' lang='grc' dir='ltr'>μωρία</span> 
     </span>
    </p>
   </div>
   <div class='ocr_carea' id='block_1_22' title="bbox 466 1780 2033 1852">
    <p class='ocr_par' dir='ltr' id='par_1_22' title="bbox 466 1780 2033 1852">
     <span class='ocr_line' id='line_1_22' title="bbox 466 1780 2033 1852; baseline 0.004 -19"><span class='ocrx_word' id='word_1_168' title='bbox 466 1783 562 1833; x_wconf 65' lang='grc' dir='ltr'>καὶ</span> <span class='ocrx_word' id='word_1_169' title='bbox 589 1784 767 1835; x_wconf 80' lang='grc' dir='ltr'>ἄνοια.</span> <span class='ocrx_word' id='word_1_170' title='bbox 825 1780 1162 1834; x_wconf 73' lang='grc' dir='ltr'>Ἐσπούδασε</span> <span class='ocrx_word' id='word_1_171' title='bbox 1193 1783 1302 1852; x_wconf 80' lang='grc' dir='ltr'>γὰρ</span> <span class='ocrx_word' id='word_1_172' title='bbox 1336 1784 1364 1835; x_wconf 89' lang='grc' dir='ltr'><strong>ὁ</strong></span> <span class='ocrx_word' id='word_1_173' title='bbox 1395 1783 1639 1847; x_wconf 85' lang='grc' dir='ltr'>διάϐολος</span> <span class='ocrx_word' id='word_1_174' title='bbox 1673 1785 1765 1838; x_wconf 87' lang='grc' dir='ltr'><strong>τοῦ</strong></span> <span class='ocrx_word' id='word_1_175' title='bbox 1803 1785 1937 1839; x_wconf 87' lang='grc' dir='ltr'>Θεοῦ</span> <span class='ocrx_word' id='word_1_176' title='bbox 1966 1787 2033 1839; x_wconf 70' lang='grc' dir='ltr'>τὰ</span> 
     </span>
    </p>
   </div>
   <div class='ocr_carea' id='block_1_23' title="bbox 465 1871 2036 1949">
    <p class='ocr_par' dir='ltr' id='par_1_23' title="bbox 465 1871 2036 1949">
     <span class='ocr_line' id='line_1_23' title="bbox 465 1871 2036 1949; baseline 0.006 -26"><span class='ocrx_word' id='word_1_177' title='bbox 465 1872 739 1943; x_wconf 73' lang='grc' dir='ltr'>κτίσματα</span> <span class='ocrx_word' id='word_1_178' title='bbox 772 1871 1101 1935; x_wconf 78' lang='grc' dir='ltr'>διαϐάλλειν,</span> <span class='ocrx_word' id='word_1_179' title='bbox 1152 1873 1212 1925; x_wconf 84' lang='grc' dir='ltr'><strong>οὐ</strong></span> <span class='ocrx_word' id='word_1_180' title='bbox 1266 1873 1424 1927; x_wconf 81' lang='grc' dir='ltr'>κενὸν</span> <span class='ocrx_word' id='word_1_181' title='bbox 1449 1877 1495 1908; x_wconf 76' lang='grc'>⁸⁸</span> <span class='ocrx_word' id='word_1_182' title='bbox 1521 1877 1700 1941; x_wconf 81' lang='grc' dir='ltr'>καλῶς</span> <span class='ocrx_word' id='word_1_183' title='bbox 1725 1879 2036 1949; x_wconf 83' lang='grc' dir='ltr'>χρήσασθαι</span> 
     </span>
    </p>
   </div>
   <div class='ocr_carea' id='block_1_24' title="bbox 467 1967 2035 2041">
    <p class='ocr_par' dir='ltr' id='par_1_24' title="bbox 467 1967 2035 2041">
     <span class='ocr_line' id='line_1_24' title="bbox 467 1967 2035 2041; baseline 0.004 -26"><span class='ocrx_word' id='word_1_184' title='bbox 467 1967 733 2034; x_wconf 72' lang='grc' dir='ltr'>χρήμασι.</span> <span class='ocrx_word' id='word_1_185' title='bbox 783 1967 916 2019; x_wconf 78' lang='grc' dir='ltr'>Καθ’</span> <span class='ocrx_word' id='word_1_186' title='bbox 956 1970 1169 2038; x_wconf 77' lang='grc' dir='ltr'>ἡμέραν</span> <span class='ocrx_word' id='word_1_187' title='bbox 1218 1989 1278 2024; x_wconf 86' lang='grc' dir='ltr'><strong>τε</strong></span> <span class='ocrx_word' id='word_1_188' title='bbox 1332 1971 1907 2041; x_wconf 74' lang='grc' dir='ltr'>προσκαρτεροῦντες·</span> <span class='ocrx_word' id='word_1_189' title='bbox 1972 1971 2035 2023; x_wconf 82' lang='grc' dir='ltr'><strong>οὐ</strong></span> 
     </span>
    </p>
   </div>
   <div class='ocr_carea' id='block_1_25' title="bbox 470 2056 2037 2132">
    <p class='ocr_par' dir='ltr' id='par_1_25' title="bbox 470 2056 2037 2132">
     <span class='ocr_line' id='line_1_25' title="bbox 470 2056 2037 2132; baseline 0.003 -25"><span class='ocrx_word' id='word_1_190' title='bbox 470 2056 597 2123; x_wconf 83' lang='grc' dir='ltr'>μίαν</span> <span class='ocrx_word' id='word_1_191' title='bbox 632 2058 864 2127; x_wconf 75' lang='grc' dir='ltr'>ἡμέραν,</span> <span class='ocrx_word' id='word_1_192' title='bbox 898 2057 930 2127; x_wconf 77' lang='grc' dir='ltr'>ἢ</span> <span class='ocrx_word' id='word_1_193' title='bbox 963 2058 1131 2130; x_wconf 81' lang='grc' dir='ltr'>δύο,ἢ</span> <span class='ocrx_word' id='word_1_194' title='bbox 1164 2063 1310 2131; x_wconf 78' lang='grc' dir='ltr'>τρεῖς</span> <span class='ocrx_word' id='word_1_195' title='bbox 1331 2101 1345 2124; x_wconf 88' lang='grc'><strong>,</strong></span> <span class='ocrx_word' id='word_1_196' title='bbox 1377 2062 1511 2114; x_wconf 81' lang='grc' dir='ltr'>ἀλλὰ</span> <span class='ocrx_word' id='word_1_197' title='bbox 1536 2061 1919 2132; x_wconf 76' lang='grc' dir='ltr'>καθ’ήμέραν·</span> <span class='ocrx_word' id='word_1_198' title='bbox 1942 2061 2037 2113; x_wconf 71' lang='grc' dir='ltr'><strong>καὶ</strong></span> 
     </span>
    </p>
   </div>
   <div class='ocr_carea' id='block_1_26' title="bbox 467 2149 2037 2224">
    <p class='ocr_par' dir='ltr' id='par_1_26' title="bbox 467 2149 2037 2224">
     <span class='ocr_line' id='line_1_26' title="bbox 467 2149 2037 2224; baseline 0.004 -24"><span class='ocrx_word' id='word_1_199' title='bbox 467 2149 831 2218; x_wconf 64' lang='grc' dir='ltr'>ὁμοθυμαδὸν,</span> <span class='ocrx_word' id='word_1_200' title='bbox 895 2150 970 2213; x_wconf 85' lang='grc' dir='ltr'><strong>ὡς</strong></span> <span class='ocrx_word' id='word_1_201' title='bbox 1013 2152 1069 2203; x_wconf 80' lang='grc' dir='ltr'>ἐν</span> <span class='ocrx_word' id='word_1_202' title='bbox 1093 2155 1192 2223; x_wconf 79' lang='grc' dir='ltr'><strong>μιᾷ</strong></span> <span class='ocrx_word' id='word_1_203' title='bbox 1222 2155 1393 2224; x_wconf 73' lang='grc' dir='ltr'>ψυχῇ.</span> <span class='ocrx_word' id='word_1_204' title='bbox 1425 2154 1625 2207; x_wconf 85' lang='grc' dir='ltr'>Σκόπει</span> <span class='ocrx_word' id='word_1_205' title='bbox 1652 2154 1707 2207; x_wconf 71' lang='grc' dir='ltr'>δὲ</span> <span class='ocrx_word' id='word_1_206' title='bbox 1736 2153 1852 2217; x_wconf 82' lang='grc' dir='ltr'>πῶς</span> <span class='ocrx_word' id='word_1_207' title='bbox 1884 2154 2037 2207; x_wconf 79' lang='grc' dir='ltr'>οὐδὲν</span> 
     </span>
    </p>
   </div>
   <div class='ocr_carea' id='block_1_27' title="bbox 464 2240 2037 2313">
    <p class='ocr_par' dir='ltr' id='par_1_27' title="bbox 464 2240 2037 2313">
     <span class='ocr_line' id='line_1_27' title="bbox 464 2240 2037 2313; baseline 0.005 -22"><span class='ocrx_word' id='word_1_208' title='bbox 464 2241 648 2309; x_wconf 80' lang='grc' dir='ltr'>ἓτερον</span> <span class='ocrx_word' id='word_1_209' title='bbox 680 2240 895 2294; x_wconf 81' lang='grc' dir='ltr'>ἐποίουν</span> <span class='ocrx_word' id='word_1_210' title='bbox 933 2243 983 2295; x_wconf 72' lang='lat' dir='ltr'><strong>el</strong></span> <span class='ocrx_word' id='word_1_211' title='bbox 1022 2243 1270 2297; x_wconf 81' lang='grc' dir='ltr'>Ἰουδαῖοι</span> <span class='ocrx_word' id='word_1_212' title='bbox 1302 2246 1351 2297; x_wconf 80' lang='grc' dir='ltr'>οἱ</span> <span class='ocrx_word' id='word_1_213' title='bbox 1391 2245 1763 2310; x_wconf 78' lang='grc' dir='ltr'>πιστεύοντες,</span> <span class='ocrx_word' id='word_1_214' title='bbox 1795 2245 1931 2299; x_wconf 78' lang='grc' dir='ltr'>ἀ).λά</span> <span class='ocrx_word' id='word_1_215' title='bbox 1959 2245 2037 2313; x_wconf 56' lang='lat' dir='ltr'><strong>cf:</strong></span> 
     </span>
    </p>
   </div>
   <div class='ocr_carea' id='block_1_28' title="bbox 469 2329 2036 2404">
    <p class='ocr_par' dir='ltr' id='par_1_28' title="bbox 469 2329 2036 2404">
     <span class='ocr_line' id='line_1_28' title="bbox 469 2329 2036 2404; baseline 0.004 -24"><span class='ocrx_word' id='word_1_216' title='bbox 469 2329 599 2399; x_wconf 83' lang='grc' dir='ltr'>ίερῷ</span> <span class='ocrx_word' id='word_1_217' title='bbox 652 2330 1024 2401; x_wconf 82' lang='grc' dir='ltr'>προσήδρευον</span> <span class='ocrx_word' id='word_1_218' title='bbox 1055 2347 1069 2360; x_wconf 83' lang='lat'><strong><em>°</em></strong></span> <span class='ocrx_word' id='word_1_219' title='bbox 1108 2333 1203 2385; x_wconf 77' lang='grc' dir='ltr'><strong>ἅτε</strong></span> <span class='ocrx_word' id='word_1_220' title='bbox 1247 2333 1310 2404; x_wconf 78' lang='grc' dir='ltr'>δὴ</span> <span class='ocrx_word' id='word_1_221' title='bbox 1346 2329 1754 2404; x_wconf 82' lang='grc' dir='ltr'>σπουδαιότεροι</span> <span class='ocrx_word' id='word_1_222' title='bbox 1807 2351 2036 2404; x_wconf 82' lang='grc' dir='ltr'>γεγενη-</span> 
     </span>
    </p>
   </div>
   <div class='ocr_carea' id='block_1_29' title="bbox 470 2420 2033 2495">
    <p class='ocr_par' dir='ltr' id='par_1_29' title="bbox 470 2420 2033 2495">
     <span class='ocr_line' id='line_1_29' title="bbox 470 2420 2033 2495; baseline 0.005 -24"><span class='ocrx_word' id='word_1_223' title='bbox 470 2421 618 2488; x_wconf 82' lang='grc' dir='ltr'>μένοι</span> <span class='ocrx_word' id='word_1_224' title='bbox 642 2461 654 2479; x_wconf 87' lang='grc'><strong>.</strong></span> <span class='ocrx_word' id='word_1_225' title='bbox 700 2422 794 2473; x_wconf 73' lang='grc' dir='ltr'>καὶ</span> <span class='ocrx_word' id='word_1_226' title='bbox 830 2422 958 2490; x_wconf 73' lang='grc' dir='ltr'>περὶ</span> <span class='ocrx_word' id='word_1_227' title='bbox 990 2422 1084 2474; x_wconf 73' lang='grc' dir='ltr'><strong>τον</strong></span> <span class='ocrx_word' id='word_1_228' title='bbox 1113 2423 1275 2474; x_wconf 82' lang='grc' dir='ltr'>τόπον</span> <span class='ocrx_word' id='word_1_229' title='bbox 1304 2423 1593 2477; x_wconf 73' lang='grc' dir='ltr'>εὐλάϐειαν</span> <span class='ocrx_word' id='word_1_230' title='bbox 1624 2425 1842 2477; x_wconf 77' lang='grc' dir='ltr'>πλείονα</span> <span class='ocrx_word' id='word_1_231' title='bbox 1868 2420 2033 2495; x_wconf 78' lang='grc' dir='ltr'>εἶχον.</span> 
     </span>
    </p>
   </div>
   <div class='ocr_carea' id='block_1_30' title="bbox 468 2512 2034 2577">
    <p class='ocr_par' dir='ltr' id='par_1_30' title="bbox 468 2512 2034 2577">
     <span class='ocr_line' id='line_1_30' title="bbox 468 2512 2034 2577; baseline 0.003 -14"><span class='ocrx_word' id='word_1_232' title='bbox 468 2512 576 2564; x_wconf 74' lang='grc' dir='ltr'>Καὶ</span> <span class='ocrx_word' id='word_1_233' title='bbox 611 2512 661 2563; x_wconf 83' lang='grc' dir='ltr'>οἱ</span> <span class='ocrx_word' id='word_1_234' title='bbox 691 2512 981 2565; x_wconf 80' lang='grc' dir='ltr'>ἀπόστολοι</span> <span class='ocrx_word' id='word_1_235' title='bbox 1008 2513 1109 2565; x_wconf 79' lang='grc' dir='ltr'><strong>οὐκ</strong></span> <span class='ocrx_word' id='word_1_236' title='bbox 1146 2512 1408 2567; x_wconf 79' lang='grc' dir='ltr'>ἀπέσπων</span> <span class='ocrx_word' id='word_1_237' title='bbox 1430 2515 1472 2546; x_wconf 77' lang='grc'><strong>⁸⁷</strong></span> <span class='ocrx_word' id='word_1_238' title='bbox 1504 2516 1699 2575; x_wconf 76' lang='grc' dir='ltr'>αὐτοὺς</span> <span class='ocrx_word' id='word_1_239' title='bbox 1726 2516 1862 2577; x_wconf 83' lang='grc' dir='ltr'>τέως</span> <span class='ocrx_word' id='word_1_240' title='bbox 1892 2518 2034 2568; x_wconf 80' lang='grc' dir='ltr'>ἐκεῖ·</span> 
     </span>
    </p>
   </div>
   <div class='ocr_carea' id='block_1_31' title="bbox 467 2602 2035 2679">
    <p class='ocr_par' dir='ltr' id='par_1_31' title="bbox 467 2602 2035 2679">
     <span class='ocr_line' id='line_1_31' title="bbox 467 2602 2035 2679; baseline 0.003 -23"><span class='ocrx_word' id='word_1_241' title='bbox 467 2606 555 2656; x_wconf 83' lang='grc' dir='ltr'><strong>υεν</strong></span> <span class='ocrx_word' id='word_1_242' title='bbox 599 2603 738 2657; x_wconf 76' lang='grc' dir='ltr'>ὥστε</span> <span class='ocrx_word' id='word_1_243' title='bbox 778 2605 852 2679; x_wconf 71' lang='grc' dir='ltr'><strong>μὴ</strong></span> <span class='ocrx_word' id='word_1_244' title='bbox 895 2605 1119 2676; x_wconf 80' lang='grc' dir='ltr'>βλάψαι.</span> <span class='ocrx_word' id='word_1_245' title='bbox 1177 2609 1430 2670; x_wconf 80' lang='grc' dir='ltr'>Κλωντες</span> <span class='ocrx_word' id='word_1_246' title='bbox 1476 2608 1598 2662; x_wconf 87' lang='grc' dir='ltr'>κατ’</span> <span class='ocrx_word' id='word_1_247' title='bbox 1646 2602 1793 2661; x_wconf 80' lang='grc' dir='ltr'>οἷκον</span> <span class='ocrx_word' id='word_1_248' title='bbox 1836 2609 2035 2679; x_wconf 61' lang='lat' dir='ltr'><strong>agm-</strong></span> 
     </span>
    </p>
   </div>
   <div class='ocr_carea' id='block_1_32' title="bbox 465 2691 2033 2771">
    <p class='ocr_par' dir='ltr' id='par_1_32' title="bbox 465 2691 2033 2771">
     <span class='ocr_line' id='line_1_32' title="bbox 465 2691 2033 2771; baseline 0.004 -23"><span class='ocrx_word' id='word_1_249' title='bbox 465 2691 613 2750; x_wconf 83' lang='grc' dir='ltr'>οἶκον</span> <span class='ocrx_word' id='word_1_250' title='bbox 647 2698 707 2750; x_wconf 85' lang='grc' dir='ltr'><strong>τὸ</strong></span> <span class='ocrx_word' id='word_1_251' title='bbox 744 2698 890 2768; x_wconf 71' lang='grc' dir='ltr'>ἱερὸν</span> <span class='ocrx_word' id='word_1_252' title='bbox 929 2701 1024 2751; x_wconf 68' lang='grc' dir='ltr'>καὶ</span> <span class='ocrx_word' id='word_1_253' title='bbox 1055 2699 1150 2752; x_wconf 88' lang='grc' dir='ltr'><strong>νῦν</strong></span> <span class='ocrx_word' id='word_1_254' title='bbox 1178 2699 1348 2767; x_wconf 81' lang='grc' dir='ltr'>λέγει,</span> <span class='ocrx_word' id='word_1_255' title='bbox 1395 2701 1484 2753; x_wconf 79' lang='grc' dir='ltr'>Ἐν</span> <span class='ocrx_word' id='word_1_256' title='bbox 1515 2700 1665 2771; x_wconf 82' lang='grc' dir='ltr'>αὐτῷ</span> <span class='ocrx_word' id='word_1_257' title='bbox 1695 2702 1801 2770; x_wconf 76' lang='grc' dir='ltr'>γὰρ</span> <span class='ocrx_word' id='word_1_258' title='bbox 1830 2701 2033 2771; x_wconf 67' lang='grc' dir='ltr'>ἤσθιον.</span> 
     </span>
    </p>
   </div>
   <div class='ocr_carea' id='block_1_33' title="bbox 465 2787 2037 2859">
    <p class='ocr_par' dir='ltr' id='par_1_33' title="bbox 465 2787 2037 2859">
     <span class='ocr_line' id='line_1_33' title="bbox 465 2787 2037 2859; baseline 0.002 -21"><span class='ocrx_word' id='word_1_259' title='bbox 465 2787 538 2838; x_wconf 82' lang='grc' dir='ltr'><strong>Τὸ</strong></span> <span class='ocrx_word' id='word_1_260' title='bbox 564 2787 643 2852; x_wconf 78' lang='grc' dir='ltr'><strong>δὲ,</strong></span> <span class='ocrx_word' id='word_1_261' title='bbox 675 2787 909 2851; x_wconf 82' lang='grc' dir='ltr'>κλῶντες</span> <span class='ocrx_word' id='word_1_262' title='bbox 933 2789 1120 2858; x_wconf 81' lang='grc' dir='ltr'>ἄρτον,</span> <span class='ocrx_word' id='word_1_263' title='bbox 1151 2789 1249 2858; x_wconf 78' lang='grc' dir='ltr'><strong>τὴν</strong></span> <span class='ocrx_word' id='word_1_264' title='bbox 1280 2788 1480 2859; x_wconf 76' lang='grc' dir='ltr'>πολλὴν</span> <span class='ocrx_word' id='word_1_265' title='bbox 1503 2787 1686 2841; x_wconf 82' lang='grc' dir='ltr'>αὐτῶν</span> <span class='ocrx_word' id='word_1_266' title='bbox 1710 2791 2037 2858; x_wconf 70' lang='grc' dir='ltr'>ἐγκράτειαν</span> 
     </span>
    </p>
   </div>
   <div class='ocr_carea' id='block_1_34' title="bbox 464 2878 2034 2950">
    <p class='ocr_par' dir='ltr' id='par_1_34' title="bbox 464 2878 2034 2950">
     <span class='ocr_line' id='line_1_34' title="bbox 464 2878 2034 2950; baseline 0.003 -21"><span class='ocrx_word' id='word_1_267' title='bbox 464 2879 556 2930; x_wconf 69' lang='grc' dir='ltr'><strong>καὶ</strong></span> <span class='ocrx_word' id='word_1_268' title='bbox 589 2878 844 2947; x_wconf 75' lang='grc' dir='ltr'>λιτότητα</span> <span class='ocrx_word' id='word_1_269' title='bbox 874 2878 1026 2949; x_wconf 80' lang='grc' dir='ltr'><strong>δηλοί</strong></span> <span class='ocrx_word' id='word_1_270' title='bbox 1059 2880 1158 2949; x_wconf 81' lang='grc' dir='ltr'>τῆς</span> <span class='ocrx_word' id='word_1_271' title='bbox 1190 2880 1421 2950; x_wconf 75' lang='grc' dir='ltr'>τροφῆς.</span> <span class='ocrx_word' id='word_1_272' title='bbox 1453 2879 1883 2946; x_wconf 77' lang='grc' dir='ltr'>Μετελάμϐανον</span> <span class='ocrx_word' id='word_1_273' title='bbox 1905 2880 2034 2950; x_wconf 84' lang='grc' dir='ltr'>γὰρ,</span> 
     </span>
    </p>
   </div>
   <div class='ocr_carea' id='block_1_35' title="bbox 464 2969 2036 3041">
    <p class='ocr_par' dir='ltr' id='par_1_35' title="bbox 464 2969 2036 3041">
     <span class='ocr_line' id='line_1_35' title="bbox 464 2969 2036 3041; baseline 0.002 -22"><span class='ocrx_word' id='word_1_274' title='bbox 464 2971 617 3039; x_wconf 65' lang='grc' dir='ltr'>φησι,</span> <span class='ocrx_word' id='word_1_275' title='bbox 649 2971 875 3040; x_wconf 61' lang='grc' dir='ltr'>τροφῆς,</span> <span class='ocrx_word' id='word_1_276' title='bbox 907 2971 1022 3024; x_wconf 87' lang='grc' dir='ltr'>ἀλλ’</span> <span class='ocrx_word' id='word_1_277' title='bbox 1048 2972 1147 3023; x_wconf 79' lang='grc' dir='ltr'><strong>οὐκ</strong></span> <span class='ocrx_word' id='word_1_278' title='bbox 1192 2971 1461 3041; x_wconf 70' lang='grc' dir='ltr'>ἐτρύφων.</span> <span class='ocrx_word' id='word_1_279' title='bbox 1497 2969 1653 3024; x_wconf 84' lang='grc' dir='ltr'>Οῦτω</span> <span class='ocrx_word' id='word_1_280' title='bbox 1680 2972 1774 3024; x_wconf 75' lang='grc' dir='ltr'><strong>καὶ</strong></span> <span class='ocrx_word' id='word_1_281' title='bbox 1800 2972 1890 3023; x_wconf 83' lang='grc' dir='ltr'><strong>τὸν</strong></span> <span class='ocrx_word' id='word_1_282' title='bbox 1923 2971 2036 3040; x_wconf 87' lang='grc' dir='ltr'>βίον</span> 
     </span>
    </p>
   </div>
   <div class='ocr_carea' id='block_1_36' title="bbox 462 3059 2032 3130">
    <p class='ocr_par' dir='ltr' id='par_1_36' title="bbox 462 3059 2032 3130">
     <span class='ocr_line' id='line_1_36' title="bbox 462 3059 2032 3130; baseline 0.002 -19"><span class='ocrx_word' id='word_1_283' title='bbox 462 3060 571 3111; x_wconf 78' lang='grc' dir='ltr'><strong>ἀπὸ</strong></span> <span class='ocrx_word' id='word_1_284' title='bbox 608 3059 707 3130; x_wconf 76' lang='grc' dir='ltr'>τῆς</span> <span class='ocrx_word' id='word_1_285' title='bbox 747 3060 984 3124; x_wconf 84' lang='grc' dir='ltr'>πίστεως</span> <span class='ocrx_word' id='word_1_286' title='bbox 1011 3062 1105 3114; x_wconf 70' lang='grc' dir='ltr'><strong>ἐπὶ</strong></span> <span class='ocrx_word' id='word_1_287' title='bbox 1129 3061 1186 3113; x_wconf 78' lang='grc' dir='ltr'><strong>τὸ</strong></span> <span class='ocrx_word' id='word_1_288' title='bbox 1211 3062 1460 3130; x_wconf 86' lang='grc' dir='ltr'>κρεῖττον</span> <span class='ocrx_word' id='word_1_289' title='bbox 1487 3059 1946 3130; x_wconf 77' lang='grc' dir='ltr'>μετερυθμίζοντο</span> <span class='ocrx_word' id='word_1_290' title='bbox 1964 3059 2032 3114; x_wconf 76' lang='grc'>⁸⁸.</span> 
     </span>
    </p>
   </div>
   <div class='ocr_carea' id='block_1_37' title="bbox 460 3148 2101 3242">
    <p class='ocr_par' dir='ltr' id='par_1_37' title="bbox 460 3148 2101 3242">
     <span class='ocr_line' id='line_1_37' title="bbox 460 3148 2101 3242; baseline 0.002 -39"><span class='ocrx_word' id='word_1_291' title='bbox 460 3152 586 3215; x_wconf 76' lang='grc' dir='ltr'><strong>Πῶς</strong></span> <span class='ocrx_word' id='word_1_292' title='bbox 618 3152 673 3205; x_wconf 75' lang='grc' dir='ltr'>δὲ</span> <span class='ocrx_word' id='word_1_293' title='bbox 705 3148 850 3223; x_wconf 82' lang='grc' dir='ltr'>εἶχον</span> <span class='ocrx_word' id='word_1_294' title='bbox 870 3154 1045 3224; x_wconf 75' lang='grc' dir='ltr'>,χάριν</span> <span class='ocrx_word' id='word_1_295' title='bbox 1075 3153 1209 3222; x_wconf 71' lang='grc' dir='ltr'>πρὸς</span> <span class='ocrx_word' id='word_1_296' title='bbox 1241 3154 1361 3206; x_wconf 84' lang='grc' dir='ltr'>ὅλον</span> <span class='ocrx_word' id='word_1_297' title='bbox 1397 3153 1489 3206; x_wconf 81' lang='grc' dir='ltr'><strong>τὸν</strong></span> <span class='ocrx_word' id='word_1_298' title='bbox 1514 3152 1677 3242; x_wconf 85' lang='grc' dir='ltr'>λαόν;</span> <span class='ocrx_word' id='word_1_299' title='bbox 1711 3152 1874 3219; x_wconf 82' lang='grc' dir='ltr'>Λέγει</span> <span class='ocrx_word' id='word_1_300' title='bbox 1897 3152 2027 3242; x_wconf 78' lang='grc' dir='ltr'>γάρ·</span> <span class='ocrx_word' id='word_1_301' title='bbox 2057 3185 2101 3242; x_wconf 72' lang='lat' dir='ltr'>c</span> 
     </span>
    </p>
   </div>
   <div class='ocr_carea' id='block_1_38' title="bbox 2147 966 3721 1039">
    <p class='ocr_par' dir='ltr' id='par_1_38' title="bbox 2147 966 3721 1039">
     <span class='ocr_line' id='line_1_38' title="bbox 2147 966 3721 1039; baseline 0.004 -19"><span class='ocrx_word' id='word_1_302' title='bbox 2147 977 2389 1035; x_wconf 86' lang='lat' dir='ltr'><strong>tempore</strong></span> <span class='ocrx_word' id='word_1_303' title='bbox 2438 967 2664 1035; x_wconf 84' lang='lat' dir='ltr'><strong>Christi,</strong></span> <span class='ocrx_word' id='word_1_304' title='bbox 2718 968 2871 1037; x_wconf 89' lang='lat' dir='ltr'><strong>prius</strong></span> <span class='ocrx_word' id='word_1_305' title='bbox 2911 968 3066 1039; x_wconf 84' lang='lat' dir='ltr'><strong>signa</strong></span> <span class='ocrx_word' id='word_1_306' title='bbox 3117 966 3444 1032; x_wconf 77' lang='lat' dir='ltr'><strong>edebantur,</strong></span> <span class='ocrx_word' id='word_1_307' title='bbox 3521 971 3721 1026; x_wconf 84' lang='lat' dir='ltr'><strong>deinde</strong></span> 
     </span>
    </p>
   </div>
   <div class='ocr_carea' id='block_1_39' title="bbox 2144 1060 3716 1131">
    <p class='ocr_par' dir='ltr' id='par_1_39' title="bbox 2144 1060 3716 1131">
     <span class='ocr_line' id='line_1_39' title="bbox 2144 1060 3716 1131; baseline 0.003 -18"><span class='ocrx_word' id='word_1_308' title='bbox 2144 1060 2417 1126; x_wconf 84' lang='lat' dir='ltr'><strong>doctrina,</strong></span> <span class='ocrx_word' id='word_1_309' title='bbox 2449 1071 2636 1131; x_wconf 88' lang='lat' dir='ltr'><strong>postea</strong></span> <span class='ocrx_word' id='word_1_310' title='bbox 2668 1061 2929 1115; x_wconf 86' lang='lat' dir='ltr'><strong>miracula</strong></span> <span class='ocrx_word' id='word_1_311' title='bbox 2947 1072 3242 1116; x_wconf 80' lang='lat' dir='ltr'><strong>consecuta</strong></span> <span class='ocrx_word' id='word_1_312' title='bbox 3260 1072 3422 1127; x_wconf 89' lang='lat' dir='ltr'><strong>sunt;</strong></span> <span class='ocrx_word' id='word_1_313' title='bbox 3451 1062 3523 1116; x_wconf 90' lang='lat' dir='ltr'><strong>ita</strong></span> <span class='ocrx_word' id='word_1_314' title='bbox 3553 1065 3716 1118; x_wconf 89' lang='lat' dir='ltr'><strong>etiam</strong></span> 
     </span>
    </p>
   </div>
   <div class='ocr_carea' id='block_1_40' title="bbox 2142 1151 3716 1220">
    <p class='ocr_par' dir='ltr' id='par_1_40' title="bbox 2142 1151 3716 1220">
     <span class='ocr_line' id='line_1_40' title="bbox 2142 1151 3716 1220; baseline 0.004 -18"><span class='ocrx_word' id='word_1_315' title='bbox 2142 1166 2311 1204; x_wconf 77' lang='grc' dir='ltr'>ιειιιιο.</span> <span class='ocrx_word' id='word_1_316' title='bbox 2355 1151 2558 1207; x_wconf 88' lang='lat' dir='ltr'><strong>Omnes</strong></span> <span class='ocrx_word' id='word_1_317' title='bbox 2602 1160 2807 1216; x_wconf 84' lang='lat' dir='ltr'><strong>autem,</strong></span> <span class='ocrx_word' id='word_1_318' title='bbox 2849 1152 2940 1220; x_wconf 86' lang='lat' dir='ltr'><strong>qui</strong></span> <span class='ocrx_word' id='word_1_319' title='bbox 2992 1151 3308 1218; x_wconf 78' lang='lat' dir='ltr'><strong>credebant,</strong></span> <span class='ocrx_word' id='word_1_320' title='bbox 3353 1168 3461 1207; x_wconf 91' lang='lat' dir='ltr'><strong>una</strong></span> <span class='ocrx_word' id='word_1_321' title='bbox 3507 1163 3716 1209; x_wconf 83' lang='lat' dir='ltr'><strong>erant:</strong></span> 
     </span>
    </p>
   </div>
   <div class='ocr_carea' id='block_1_41' title="bbox 2144 1243 3718 1313">
    <p class='ocr_par' dir='ltr' id='par_1_41' title="bbox 2144 1243 3718 1313">
     <span class='ocr_line' id='line_1_41' title="bbox 2144 1243 3718 1313; baseline 0.003 -20"><span class='ocrx_word' id='word_1_322' title='bbox 2144 1256 2250 1294; x_wconf 86' lang='lat' dir='ltr'><strong>non</strong></span> <span class='ocrx_word' id='word_1_323' title='bbox 2296 1243 2415 1296; x_wconf 89' lang='lat' dir='ltr'><strong>loco</strong></span> <span class='ocrx_word' id='word_1_324' title='bbox 2448 1281 2463 1305; x_wconf 90' lang='lat'><strong>,</strong></span> <span class='ocrx_word' id='word_1_325' title='bbox 2498 1243 2591 1297; x_wconf 87' lang='lat' dir='ltr'><strong>sed</strong></span> <span class='ocrx_word' id='word_1_326' title='bbox 2626 1244 2825 1298; x_wconf 86' lang='lat' dir='ltr'><strong>all&#39;ectu</strong></span> <span class='ocrx_word' id='word_1_327' title='bbox 2865 1254 2918 1298; x_wconf 89' lang='lat' dir='ltr'><strong>et</strong></span> <span class='ocrx_word' id='word_1_328' title='bbox 2947 1244 3131 1297; x_wconf 89' lang='lat' dir='ltr'><strong>animo</strong></span> <span class='ocrx_word' id='word_1_329' title='bbox 3173 1245 3540 1313; x_wconf 84' lang='lat' dir='ltr'><strong>continuaque</strong></span> <span class='ocrx_word' id='word_1_330' title='bbox 3573 1246 3718 1301; x_wconf 86' lang='lat' dir='ltr'><strong>inter</strong></span> 
     </span>
    </p>
   </div>
   <div class='ocr_carea' id='block_1_42' title="bbox 2143 1333 3710 1403">
    <p class='ocr_par' dir='ltr' id='par_1_42' title="bbox 2143 1333 3710 1403">
     <span class='ocr_line' id='line_1_42' title="bbox 2143 1333 3710 1403; baseline 0.003 -19"><span class='ocrx_word' id='word_1_331' title='bbox 2143 1333 2292 1399; x_wconf 90' lang='lat' dir='ltr'><strong>ipsos</strong></span> <span class='ocrx_word' id='word_1_332' title='bbox 2319 1333 2613 1387; x_wconf 86' lang='lat' dir='ltr'><strong>concordia</strong></span> <span class='ocrx_word' id='word_1_333' title='bbox 2640 1342 2806 1403; x_wconf 89' lang='lat' dir='ltr'><strong>atque</strong></span> <span class='ocrx_word' id='word_1_334' title='bbox 2831 1348 3019 1387; x_wconf 89' lang='lat' dir='ltr'><strong>amore</strong></span> <span class='ocrx_word' id='word_1_335' title='bbox 3046 1348 3110 1387; x_wconf 88' lang='lat' dir='ltr'><strong>ac</strong></span> <span class='ocrx_word' id='word_1_336' title='bbox 3139 1333 3539 1387; x_wconf 71' lang='lat' dir='ltr'><strong>benevolentia.</strong></span> <span class='ocrx_word' id='word_1_337' title='bbox 3569 1333 3710 1388; x_wconf 82' lang='lat' dir='ltr'><strong>Illud</strong></span> 
     </span>
    </p>
   </div>
   <div class='ocr_carea' id='block_1_43' title="bbox 2142 1426 3755 1496">
    <p class='ocr_par' dir='ltr' id='par_1_43' title="bbox 2142 1426 3755 1496">
     <span class='ocr_line' id='line_1_43' title="bbox 2142 1426 3755 1496; baseline 0.001 -17"><span class='ocrx_word' id='word_1_338' title='bbox 2142 1437 2346 1491; x_wconf 88' lang='lat' dir='ltr'><strong>autem,</strong></span> <span class='ocrx_word' id='word_1_339' title='bbox 2400 1438 2563 1496; x_wconf 85' lang='lat' dir='ltr'><strong>prout</strong></span> <span class='ocrx_word' id='word_1_340' title='bbox 2610 1427 2811 1496; x_wconf 86' lang='lat' dir='ltr'><strong>cuique</strong></span> <span class='ocrx_word' id='word_1_341' title='bbox 2860 1440 2998 1496; x_wconf 85' lang='lat' dir='ltr'><strong>Opus</strong></span> <span class='ocrx_word' id='word_1_342' title='bbox 3021 1434 3180 1489; x_wconf 88' lang='lat' dir='ltr'><strong>erat,</strong></span> <span class='ocrx_word' id='word_1_343' title='bbox 3230 1442 3338 1479; x_wconf 87' lang='lat' dir='ltr'><strong>non</strong></span> <span class='ocrx_word' id='word_1_344' title='bbox 3390 1426 3755 1496; x_wconf 67' lang='lat' dir='ltr'><strong>simpliciter</strong></span> 
     </span>
    </p>
   </div>
   <div class='ocr_carea' id='block_1_44' title="bbox 2140 1515 3715 1586">
    <p class='ocr_par' dir='ltr' id='par_1_44' title="bbox 2140 1515 3715 1586">
     <span class='ocr_line' id='line_1_44' title="bbox 2140 1515 3715 1586; baseline 0.001 -16"><span class='ocrx_word' id='word_1_345' title='bbox 2140 1515 2291 1583; x_wconf 73' lang='lat' dir='ltr'><strong>dicit,</strong></span> <span class='ocrx_word' id='word_1_346' title='bbox 2324 1518 2419 1572; x_wconf 86' lang='lat' dir='ltr'><strong>sed</strong></span> <span class='ocrx_word' id='word_1_347' title='bbox 2450 1516 2693 1572; x_wconf 86' lang='lat' dir='ltr'><strong>adhibita</strong></span> <span class='ocrx_word' id='word_1_348' title='bbox 2729 1516 2942 1571; x_wconf 81' lang='lat' dir='ltr'><strong>ratione</strong></span> <span class='ocrx_word' id='word_1_349' title='bbox 2967 1516 3385 1571; x_wconf 87' lang='lat' dir='ltr'><strong>administrandi</strong></span> <span class='ocrx_word' id='word_1_350' title='bbox 3411 1533 3473 1571; x_wconf 86' lang='lat' dir='ltr'><strong>ac</strong></span> <span class='ocrx_word' id='word_1_351' title='bbox 3490 1517 3715 1586; x_wconf 86' lang='lat' dir='ltr'><strong>dispen-</strong></span> 
     </span>
    </p>
   </div>
   <div class='ocr_carea' id='block_1_45' title="bbox 2140 1609 3710 1679">
    <p class='ocr_par' dir='ltr' id='par_1_45' title="bbox 2140 1609 3710 1679">
     <span class='ocr_line' id='line_1_45' title="bbox 2140 1609 3710 1679; baseline -0.002 -16"><span class='ocrx_word' id='word_1_352' title='bbox 2140 1609 2294 1663; x_wconf 89' lang='lat' dir='ltr'><strong>sandi</strong></span> <span class='ocrx_word' id='word_1_353' title='bbox 2328 1626 2341 1662; x_wconf 90' lang='lat'><strong>:</strong></span> <span class='ocrx_word' id='word_1_354' title='bbox 2384 1609 2487 1663; x_wconf 88' lang='lat' dir='ltr'><strong>hoc</strong></span> <span class='ocrx_word' id='word_1_355' title='bbox 2517 1609 2663 1663; x_wconf 88' lang='lat' dir='ltr'><strong>enim</strong></span> <span class='ocrx_word' id='word_1_356' title='bbox 2698 1620 2801 1676; x_wconf 90' lang='lat' dir='ltr'><strong>est,</strong></span> <span class='ocrx_word' id='word_1_357' title='bbox 2834 1619 2995 1677; x_wconf 89' lang='lat' dir='ltr'><strong>prout</strong></span> <span class='ocrx_word' id='word_1_358' title='bbox 3024 1610 3256 1677; x_wconf 81' lang='lat' dir='ltr'><strong>quisque</strong></span> <span class='ocrx_word' id='word_1_359' title='bbox 3281 1625 3419 1679; x_wconf 84' lang='lat' dir='ltr'><strong>opus</strong></span> <span class='ocrx_word' id='word_1_360' title='bbox 3442 1610 3710 1663; x_wconf 83' lang='lat' dir='ltr'><strong>habebat:</strong></span> 
     </span>
    </p>
   </div>
   <div class='ocr_carea' id='block_1_46' title="bbox 2137 1700 3714 1772">
    <p class='ocr_par' dir='ltr' id='par_1_46' title="bbox 2137 1700 3714 1772">
     <span class='ocr_line' id='line_1_46' title="bbox 2137 1700 3714 1772; baseline 0.001 -17"><span class='ocrx_word' id='word_1_361' title='bbox 2137 1700 2243 1771; x_wconf 82' lang='lat'><strong>35</strong></span> <span class='ocrx_word' id='word_1_362' title='bbox 2272 1718 2380 1756; x_wconf 91' lang='lat' dir='ltr'><strong>non</strong></span> <span class='ocrx_word' id='word_1_363' title='bbox 2422 1712 2605 1756; x_wconf 90' lang='lat' dir='ltr'><strong>autem</strong></span> <span class='ocrx_word' id='word_1_364' title='bbox 2646 1702 3105 1772; x_wconf 83' lang='lat' dir='ltr'><strong>quemadmodum</strong></span> <span class='ocrx_word' id='word_1_365' title='bbox 3169 1701 3443 1769; x_wconf 73' lang='lat' dir='ltr'><strong>sapientes</strong></span> <span class='ocrx_word' id='word_1_366' title='bbox 3496 1701 3714 1757; x_wconf 62' lang='lat' dir='ltr'><strong>Graeco-</strong></span> 
     </span>
    </p>
   </div>
   <div class='ocr_carea' id='block_1_47' title="bbox 2139 1793 3715 1864">
    <p class='ocr_par' dir='ltr' id='par_1_47' title="bbox 2139 1793 3715 1864">
     <span class='ocr_line' id='line_1_47' title="bbox 2139 1793 3715 1864; baseline 0.002 -17"><span class='ocrx_word' id='word_1_367' title='bbox 2139 1809 2283 1853; x_wconf 87' lang='lat' dir='ltr'><strong>rum.</strong></span> <span class='ocrx_word' id='word_1_368' title='bbox 2303 1796 2393 1847; x_wconf 89' lang='lat' dir='ltr'><strong>alii</strong></span> <span class='ocrx_word' id='word_1_369' title='bbox 2413 1794 2631 1863; x_wconf 83' lang='lat' dir='ltr'><strong>quidem</strong></span> <span class='ocrx_word' id='word_1_370' title='bbox 2663 1805 2861 1848; x_wconf 89' lang='lat' dir='ltr'><strong>terram</strong></span> <span class='ocrx_word' id='word_1_371' title='bbox 2886 1793 3220 1862; x_wconf 87' lang='lat' dir='ltr'><strong>reliquerunt</strong></span> <span class='ocrx_word' id='word_1_372' title='bbox 3251 1804 3305 1847; x_wconf 92' lang='lat' dir='ltr'><strong>et</strong></span> <span class='ocrx_word' id='word_1_373' title='bbox 3350 1809 3509 1864; x_wconf 80' lang='lat' dir='ltr'><strong>agros</strong></span> <span class='ocrx_word' id='word_1_374' title='bbox 3535 1794 3715 1850; x_wconf 82' lang='lat' dir='ltr'><strong>colere</strong></span> 
     </span>
    </p>
   </div>
   <div class='ocr_carea' id='block_1_48' title="bbox 2067 1853 3716 1953">
    <p class='ocr_par' dir='ltr' id='par_1_48' title="bbox 2067 1853 3716 1953">
     <span class='ocr_line' id='line_1_48' title="bbox 2067 1853 3716 1953; baseline 0.002 -15"><span class='ocrx_word' id='word_1_375' title='bbox 2067 1853 2112 1912; x_wconf 71' lang='grc' dir='ltr'><strong>Β</strong></span> <span class='ocrx_word' id='word_1_376' title='bbox 2140 1883 2513 1950; x_wconf 86' lang='lat' dir='ltr'><strong>destiterunt,</strong></span> <span class='ocrx_word' id='word_1_377' title='bbox 2566 1882 2655 1936; x_wconf 86' lang='lat' dir='ltr'><strong>alii</strong></span> <span class='ocrx_word' id='word_1_378' title='bbox 2685 1896 2816 1938; x_wconf 74' lang='lat' dir='ltr'><strong>vero</strong></span> <span class='ocrx_word' id='word_1_379' title='bbox 2856 1897 3107 1953; x_wconf 80' lang='lat' dir='ltr'><strong>magnam</strong></span> <span class='ocrx_word' id='word_1_380' title='bbox 3157 1883 3264 1937; x_wconf 80' lang='lat' dir='ltr'><strong>vim</strong></span> <span class='ocrx_word' id='word_1_381' title='bbox 3308 1884 3427 1937; x_wconf 87' lang='lat' dir='ltr'><strong>auri</strong></span> <span class='ocrx_word' id='word_1_382' title='bbox 3476 1883 3532 1939; x_wconf 91' lang='lat' dir='ltr'><strong>in</strong></span> <span class='ocrx_word' id='word_1_383' title='bbox 3564 1900 3716 1943; x_wconf 83' lang='lat' dir='ltr'><strong>mare</strong></span> 
     </span>
    </p>
   </div>
   <div class='ocr_carea' id='block_1_49' title="bbox 2141 1974 3713 2047">
    <p class='ocr_par' dir='ltr' id='par_1_49' title="bbox 2141 1974 3713 2047">
     <span class='ocr_line' id='line_1_49' title="bbox 2141 1974 3713 2047; baseline 0.002 -17"><span class='ocrx_word' id='word_1_384' title='bbox 2141 1977 2513 2045; x_wconf 87' lang='lat' dir='ltr'><strong>projecerunt.</strong></span> <span class='ocrx_word' id='word_1_385' title='bbox 2548 1974 2663 2030; x_wconf 90' lang='lat' dir='ltr'><strong>lloc</strong></span> <span class='ocrx_word' id='word_1_386' title='bbox 2696 1990 2827 2030; x_wconf 83' lang='lat' dir='ltr'><strong>vero</strong></span> <span class='ocrx_word' id='word_1_387' title='bbox 2858 1991 2966 2029; x_wconf 90' lang='lat' dir='ltr'><strong>non</strong></span> <span class='ocrx_word' id='word_1_388' title='bbox 3010 1985 3128 2030; x_wconf 87' lang='lat' dir='ltr'><strong>erat</strong></span> <span class='ocrx_word' id='word_1_389' title='bbox 3159 1986 3506 2046; x_wconf 89' lang='lat' dir='ltr'><strong>contemptus</strong></span> <span class='ocrx_word' id='word_1_390' title='bbox 3545 1991 3713 2047; x_wconf 66' lang='grc' dir='ltr'>ρθεις</span> 
     </span>
    </p>
   </div>
   <div class='ocr_carea' id='block_1_50' title="bbox 2139 2068 3713 2136">
    <p class='ocr_par' dir='ltr' id='par_1_50' title="bbox 2139 2068 3713 2136">
     <span class='ocr_line' id='line_1_50' title="bbox 2139 2068 3713 2136; baseline 0.001 -15"><span class='ocrx_word' id='word_1_391' title='bbox 2139 2069 2380 2133; x_wconf 84' lang='lat' dir='ltr'><strong>niarum,</strong></span> <span class='ocrx_word' id='word_1_392' title='bbox 2414 2069 2509 2123; x_wconf 88' lang='lat' dir='ltr'><strong>sed</strong></span> <span class='ocrx_word' id='word_1_393' title='bbox 2581 2068 2814 2123; x_wconf 84' lang='lat' dir='ltr'><strong>stultitia</strong></span> <span class='ocrx_word' id='word_1_394' title='bbox 2862 2076 3027 2136; x_wconf 90' lang='lat' dir='ltr'><strong>atque</strong></span> <span class='ocrx_word' id='word_1_395' title='bbox 3071 2068 3325 2122; x_wconf 87' lang='lat' dir='ltr'><strong>amentia.</strong></span> <span class='ocrx_word' id='word_1_396' title='bbox 3359 2070 3598 2124; x_wconf 78' lang='lat' dir='ltr'><strong>Conatus</strong></span> <span class='ocrx_word' id='word_1_397' title='bbox 3627 2081 3713 2130; x_wconf 79' lang='lat' dir='ltr'><strong>est</strong></span> 
     </span>
    </p>
   </div>
   <div class='ocr_carea' id='block_1_51' title="bbox 2137 2152 3709 2212">
    <p class='ocr_par' dir='ltr' id='par_1_51' title="bbox 2137 2152 3709 2212">
     <span class='ocr_line' id='line_1_51' title="bbox 2137 2152 3709 2212; baseline 0.001 -2"><span class='ocrx_word' id='word_1_398' title='bbox 2137 2154 2284 2210; x_wconf 78' lang='lat' dir='ltr'><strong>enim</strong></span> <span class='ocrx_word' id='word_1_399' title='bbox 2316 2154 2567 2211; x_wconf 80' lang='lat' dir='ltr'><strong>diabolus</strong></span> <span class='ocrx_word' id='word_1_400' title='bbox 2596 2162 2878 2209; x_wconf 88' lang='lat' dir='ltr'><strong>creaturas</strong></span> <span class='ocrx_word' id='word_1_401' title='bbox 2908 2152 3003 2208; x_wconf 90' lang='lat' dir='ltr'><strong>Dei</strong></span> <span class='ocrx_word' id='word_1_402' title='bbox 3036 2155 3361 2209; x_wconf 89' lang='lat' dir='ltr'><strong>calumniari</strong></span> <span class='ocrx_word' id='word_1_403' title='bbox 3406 2166 3461 2211; x_wconf 90' lang='lat' dir='ltr'><strong>et</strong></span> <span class='ocrx_word' id='word_1_404' title='bbox 3505 2157 3709 2212; x_wconf 84' lang='lat' dir='ltr'><strong>invisas</strong></span> 
     </span>
    </p>
   </div>
   <div class='ocr_carea' id='block_1_52' title="bbox 2138 2245 3704 2315">
    <p class='ocr_par' dir='ltr' id='par_1_52' title="bbox 2138 2245 3704 2315">
     <span class='ocr_line' id='line_1_52' title="bbox 2138 2245 3704 2315; baseline 0.003 -16"><span class='ocrx_word' id='word_1_405' title='bbox 2138 2246 2386 2301; x_wconf 88' lang='lat' dir='ltr'><strong>reddere.</strong></span> <span class='ocrx_word' id='word_1_406' title='bbox 2410 2245 2529 2300; x_wconf 84' lang='lat' dir='ltr'><strong>Non</strong></span> <span class='ocrx_word' id='word_1_407' title='bbox 2568 2248 2713 2300; x_wconf 90' lang='lat' dir='ltr'><strong>enim</strong></span> <span class='ocrx_word' id='word_1_408' title='bbox 2747 2253 2833 2300; x_wconf 91' lang='lat' dir='ltr'><strong>est</strong></span> <span class='ocrx_word' id='word_1_409' title='bbox 2878 2260 2964 2301; x_wconf 88' lang='lat' dir='ltr'><strong>res</strong></span> <span class='ocrx_word' id='word_1_410' title='bbox 2992 2261 3129 2299; x_wconf 84' lang='lat' dir='ltr'><strong>vana</strong></span> <span class='ocrx_word' id='word_1_411' title='bbox 3156 2246 3292 2302; x_wconf 88' lang='lat' dir='ltr'><strong>bene</strong></span> <span class='ocrx_word' id='word_1_412' title='bbox 3322 2249 3569 2315; x_wconf 88' lang='lat' dir='ltr'><strong>pecuniis</strong></span> <span class='ocrx_word' id='word_1_413' title='bbox 3604 2251 3704 2303; x_wconf 89' lang='lat' dir='ltr'><strong>nti.</strong></span> 
     </span>
    </p>
   </div>
   <div class='ocr_carea' id='block_1_53' title="bbox 2138 2331 3707 2402">
    <p class='ocr_par' dir='ltr' id='par_1_53' title="bbox 2138 2331 3707 2402">
     <span class='ocr_line' id='line_1_53' title="bbox 2138 2331 3707 2402; baseline 0.001 -15"><span class='ocrx_word' id='word_1_414' title='bbox 2138 2334 2216 2387; x_wconf 85' lang='lat' dir='ltr'><strong>Ac</strong></span> <span class='ocrx_word' id='word_1_415' title='bbox 2240 2334 2485 2402; x_wconf 88' lang='lat' dir='ltr'><strong>quotidie</strong></span> <span class='ocrx_word' id='word_1_416' title='bbox 2506 2331 2727 2387; x_wconf 87' lang='lat' dir='ltr'><strong>assidue</strong></span> <span class='ocrx_word' id='word_1_417' title='bbox 2752 2340 3055 2398; x_wconf 76' lang='lat' dir='ltr'><strong>versantes,</strong></span> <span class='ocrx_word' id='word_1_418' title='bbox 3077 2346 3187 2386; x_wconf 85' lang='lat' dir='ltr'><strong>non</strong></span> <span class='ocrx_word' id='word_1_419' title='bbox 3210 2348 3378 2386; x_wconf 89' lang='lat' dir='ltr'><strong>unum</strong></span> <span class='ocrx_word' id='word_1_420' title='bbox 3414 2334 3578 2400; x_wconf 87' lang='lat' dir='ltr'><strong>diem,</strong></span> <span class='ocrx_word' id='word_1_421' title='bbox 3613 2345 3707 2389; x_wconf 88' lang='lat' dir='ltr'><strong>aut</strong></span> 
     </span>
    </p>
   </div>
   <div class='ocr_carea' id='block_1_54' title="bbox 2138 2421 3704 2494">
    <p class='ocr_par' dir='ltr' id='par_1_54' title="bbox 2138 2421 3704 2494">
     <span class='ocr_line' id='line_1_54' title="bbox 2138 2421 3704 2494; baseline -0.001 -15"><span class='ocrx_word' id='word_1_422' title='bbox 2138 2424 2297 2488; x_wconf 89' lang='lat' dir='ltr'><strong>duos,</strong></span> <span class='ocrx_word' id='word_1_423' title='bbox 2322 2435 2415 2477; x_wconf 89' lang='lat' dir='ltr'><strong>aut</strong></span> <span class='ocrx_word' id='word_1_424' title='bbox 2455 2432 2587 2486; x_wconf 82' lang='lat' dir='ltr'><strong>tres,</strong></span> <span class='ocrx_word' id='word_1_425' title='bbox 2625 2423 2720 2477; x_wconf 86' lang='lat' dir='ltr'><strong>sed</strong></span> <span class='ocrx_word' id='word_1_426' title='bbox 2748 2421 3011 2492; x_wconf 87' lang='lat' dir='ltr'><strong>quotidie,</strong></span> <span class='ocrx_word' id='word_1_427' title='bbox 3051 2433 3105 2477; x_wconf 87' lang='lat' dir='ltr'><strong>ct</strong></span> <span class='ocrx_word' id='word_1_428' title='bbox 3160 2423 3515 2490; x_wconf 89' lang='lat' dir='ltr'><strong>unanimiter,</strong></span> <span class='ocrx_word' id='word_1_429' title='bbox 3547 2425 3704 2494; x_wconf 87' lang='lat' dir='ltr'><strong>quasi</strong></span> 
     </span>
    </p>
   </div>
   <div class='ocr_carea' id='block_1_55' title="bbox 2141 2514 3707 2578">
    <p class='ocr_par' dir='ltr' id='par_1_55' title="bbox 2141 2514 3707 2578">
     <span class='ocr_line' id='line_1_55' title="bbox 2141 2514 3707 2578; baseline 0.001 -9"><span class='ocrx_word' id='word_1_430' title='bbox 2141 2530 2247 2570; x_wconf 91' lang='lat' dir='ltr'><strong>nno</strong></span> <span class='ocrx_word' id='word_1_431' title='bbox 2271 2516 2476 2569; x_wconf 87' lang='lat' dir='ltr'><strong>animo.</strong></span> <span class='ocrx_word' id='word_1_432' title='bbox 2508 2514 2807 2570; x_wconf 86' lang='lat' dir='ltr'><strong>Considera</strong></span> <span class='ocrx_word' id='word_1_433' title='bbox 2838 2525 3045 2578; x_wconf 88' lang='lat' dir='ltr'><strong>autem,</strong></span> <span class='ocrx_word' id='word_1_434' title='bbox 3091 2522 3152 2568; x_wconf 92' lang='lat' dir='ltr'><strong>ut</strong></span> <span class='ocrx_word' id='word_1_435' title='bbox 3182 2515 3316 2569; x_wconf 92' lang='lat' dir='ltr'><strong>nihil</strong></span> <span class='ocrx_word' id='word_1_436' title='bbox 3353 2514 3501 2569; x_wconf 87' lang='lat' dir='ltr'><strong>aliud</strong></span> <span class='ocrx_word' id='word_1_437' title='bbox 3529 2515 3707 2571; x_wconf 70' lang='lat' dir='ltr'><strong>[acie-—</strong></span> 
     </span>
    </p>
   </div>
   <div class='ocr_carea' id='block_1_56' title="bbox 2138 2603 3707 2675">
    <p class='ocr_par' dir='ltr' id='par_1_56' title="bbox 2138 2603 3707 2675">
     <span class='ocr_line' id='line_1_56' title="bbox 2138 2603 3707 2675; baseline -0.003 -13"><span class='ocrx_word' id='word_1_438' title='bbox 2138 2608 2268 2662; x_wconf 88' lang='lat' dir='ltr'><strong>bant</strong></span> <span class='ocrx_word' id='word_1_439' title='bbox 2300 2605 2491 2670; x_wconf 60' lang='lat' dir='ltr'><strong>Judaei,</strong></span> <span class='ocrx_word' id='word_1_440' title='bbox 2540 2606 2666 2675; x_wconf 83' lang='lat' dir='ltr'><strong>quia</strong></span> <span class='ocrx_word' id='word_1_441' title='bbox 2701 2603 3017 2666; x_wconf 88' lang='lat' dir='ltr'><strong>credebant,</strong></span> <span class='ocrx_word' id='word_1_442' title='bbox 3048 2604 3152 2661; x_wconf 87' lang='lat' dir='ltr'><strong>nisi</strong></span> <span class='ocrx_word' id='word_1_443' title='bbox 3177 2613 3235 2658; x_wconf 91' lang='lat' dir='ltr'><strong>ut</strong></span> <span class='ocrx_word' id='word_1_444' title='bbox 3284 2605 3493 2660; x_wconf 88' lang='lat' dir='ltr'><strong>assidui</strong></span> <span class='ocrx_word' id='word_1_445' title='bbox 3527 2619 3707 2660; x_wconf 39' lang='lat' dir='ltr'><strong>versae</strong></span> 
     </span>
    </p>
   </div>
   <div class='ocr_carea' id='block_1_57' title="bbox 2137 2696 3708 2765">
    <p class='ocr_par' dir='ltr' id='par_1_57' title="bbox 2137 2696 3708 2765">
     <span class='ocr_line' id='line_1_57' title="bbox 2137 2696 3708 2765; baseline -0.002 -14"><span class='ocrx_word' id='word_1_446' title='bbox 2137 2705 2331 2751; x_wconf 84' lang='lat' dir='ltr'><strong>rentur</strong></span> <span class='ocrx_word' id='word_1_447' title='bbox 2361 2698 2411 2749; x_wconf 91' lang='lat' dir='ltr'><strong>in</strong></span> <span class='ocrx_word' id='word_1_448' title='bbox 2446 2697 2667 2765; x_wconf 90' lang='lat' dir='ltr'><strong>templo,</strong></span> <span class='ocrx_word' id='word_1_449' title='bbox 2700 2704 2758 2748; x_wconf 88' lang='lat' dir='ltr'><strong>ut</strong></span> <span class='ocrx_word' id='word_1_450' title='bbox 2783 2696 2877 2764; x_wconf 88' lang='lat' dir='ltr'><strong>qui</strong></span> <span class='ocrx_word' id='word_1_451' title='bbox 2905 2696 3164 2749; x_wconf 89' lang='lat' dir='ltr'><strong>nimirum</strong></span> <span class='ocrx_word' id='word_1_452' title='bbox 3199 2696 3559 2751; x_wconf 88' lang='lat' dir='ltr'><strong>studiosiores</strong></span> <span class='ocrx_word' id='word_1_453' title='bbox 3587 2710 3708 2750; x_wconf 80' lang='lat' dir='ltr'><strong>cva-</strong></span> 
     </span>
    </p>
   </div>
   <div class='ocr_carea' id='block_1_58' title="bbox 2137 2784 3708 2855">
    <p class='ocr_par' dir='ltr' id='par_1_58' title="bbox 2137 2784 3708 2855">
     <span class='ocr_line' id='line_1_58' title="bbox 2137 2784 3708 2855; baseline -0.001 -15"><span class='ocrx_word' id='word_1_454' title='bbox 2137 2787 2360 2848; x_wconf 83' lang='lat' dir='ltr'><strong>sisscnt,</strong></span> <span class='ocrx_word' id='word_1_455' title='bbox 2419 2785 2585 2839; x_wconf 84' lang='lat' dir='ltr'><strong>etiam</strong></span> <span class='ocrx_word' id='word_1_456' title='bbox 2635 2800 2763 2855; x_wconf 90' lang='lat' dir='ltr'><strong>erga</strong></span> <span class='ocrx_word' id='word_1_457' title='bbox 2822 2785 3000 2838; x_wconf 89' lang='lat' dir='ltr'><strong>locum</strong></span> <span class='ocrx_word' id='word_1_458' title='bbox 3027 2784 3181 2838; x_wconf 88' lang='lat' dir='ltr'><strong>illum</strong></span> <span class='ocrx_word' id='word_1_459' title='bbox 3221 2785 3414 2854; x_wconf 78' lang='lat' dir='ltr'><strong>majori</strong></span> <span class='ocrx_word' id='word_1_460' title='bbox 3442 2786 3708 2854; x_wconf 75' lang='lat' dir='ltr'><strong>religione</strong></span> 
     </span>
    </p>
   </div>
   <div class='ocr_carea' id='block_1_59' title="bbox 2138 2873 3705 2944">
    <p class='ocr_par' dir='ltr' id='par_1_59' title="bbox 2138 2873 3705 2944">
     <span class='ocr_line' id='line_1_59' title="bbox 2138 2873 3705 2944; baseline -0.002 -14"><span class='ocrx_word' id='word_1_461' title='bbox 2138 2876 2483 2931; x_wconf 88' lang='lat' dir='ltr'><strong>tenebantur.</strong></span> <span class='ocrx_word' id='word_1_462' title='bbox 2514 2876 2696 2944; x_wconf 85' lang='lat' dir='ltr'><strong>Atque</strong></span> <span class='ocrx_word' id='word_1_463' title='bbox 2723 2874 2959 2944; x_wconf 88' lang='lat' dir='ltr'><strong>apostoli</strong></span> <span class='ocrx_word' id='word_1_464' title='bbox 2986 2873 3115 2928; x_wconf 80' lang='lat' dir='ltr'><strong>illos</strong></span> <span class='ocrx_word' id='word_1_465' title='bbox 3144 2873 3198 2928; x_wconf 86' lang='lat' dir='ltr'><strong>in</strong></span> <span class='ocrx_word' id='word_1_466' title='bbox 3228 2874 3386 2929; x_wconf 87' lang='lat' dir='ltr'><strong>initio</strong></span> <span class='ocrx_word' id='word_1_467' title='bbox 3417 2875 3567 2929; x_wconf 88' lang='lat' dir='ltr'><strong>illinc</strong></span> <span class='ocrx_word' id='word_1_468' title='bbox 3597 2887 3705 2927; x_wconf 85' lang='lat' dir='ltr'><strong>nou</strong></span> 
     </span>
    </p>
   </div>
   <div class='ocr_carea' id='block_1_60' title="bbox 2137 2964 3709 3027">
    <p class='ocr_par' dir='ltr' id='par_1_60' title="bbox 2137 2964 3709 3027">
     <span class='ocr_line' id='line_1_60' title="bbox 2137 2964 3709 3027; baseline -0.004 -4"><span class='ocrx_word' id='word_1_469' title='bbox 2137 2968 2440 3023; x_wconf 83' lang='lat' dir='ltr'><strong>avellebant</strong></span> <span class='ocrx_word' id='word_1_470' title='bbox 2487 2973 2543 3020; x_wconf 89' lang='lat' dir='ltr'><strong>et</strong></span> <span class='ocrx_word' id='word_1_471' title='bbox 2578 2964 2901 3027; x_wconf 74' lang='lat' dir='ltr'><strong>avocabant,</strong></span> <span class='ocrx_word' id='word_1_472' title='bbox 2947 2979 3014 3019; x_wconf 85' lang='lat' dir='ltr'><strong>ne</strong></span> <span class='ocrx_word' id='word_1_473' title='bbox 3060 2964 3168 3019; x_wconf 90' lang='lat' dir='ltr'><strong>illis</strong></span> <span class='ocrx_word' id='word_1_474' title='bbox 3215 2975 3477 3019; x_wconf 90' lang='lat' dir='ltr'><strong>nocerent</strong></span> <span class='ocrx_word' id='word_1_475' title='bbox 3531 2975 3584 3018; x_wconf 91' lang='lat' dir='ltr'><strong>et</strong></span> <span class='ocrx_word' id='word_1_476' title='bbox 3621 2964 3709 3018; x_wconf 88' lang='lat' dir='ltr'><strong>in-</strong></span> 
     </span>
    </p>
   </div>
   <div class='ocr_carea' id='block_1_61' title="bbox 2136 3053 3703 3122">
    <p class='ocr_par' dir='ltr' id='par_1_61' title="bbox 2136 3053 3703 3122">
     <span class='ocr_line' id='line_1_61' title="bbox 2136 3053 3703 3122; baseline -0.004 -8"><span class='ocrx_word' id='word_1_477' title='bbox 2136 3059 2561 3114; x_wconf 88' lang='lat' dir='ltr'><strong>connnodarent.</strong></span> <span class='ocrx_word' id='word_1_478' title='bbox 2617 3055 2677 3108; x_wconf 90' lang='lat' dir='ltr'><strong>ln</strong></span> <span class='ocrx_word' id='word_1_479' title='bbox 2718 3054 2831 3108; x_wconf 63' lang='lat' dir='ltr'><strong>aede</strong></span> <span class='ocrx_word' id='word_1_480' title='bbox 2882 3067 3077 3122; x_wconf 89' lang='lat' dir='ltr'><strong>panem</strong></span> <span class='ocrx_word' id='word_1_481' title='bbox 3121 3054 3454 3122; x_wconf 82' lang='lat' dir='ltr'><strong>frangentes.</strong></span> <span class='ocrx_word' id='word_1_482' title='bbox 3507 3053 3703 3107; x_wconf 66' lang='lat' dir='ltr'><strong>Aidem</strong></span> 
     </span>
    </p>
   </div>
   <div class='ocr_carea' id='block_1_62' title="bbox 2139 3143 3707 3222">
    <p class='ocr_par' dir='ltr' id='par_1_62' title="bbox 2139 3143 3707 3222">
     <span class='ocr_line' id='line_1_62' title="bbox 2139 3143 3707 3222; baseline -0.006 -15"><span class='ocrx_word' id='word_1_483' title='bbox 2139 3151 2396 3222; x_wconf 85' lang='lat' dir='ltr'><strong>templum</strong></span> <span class='ocrx_word' id='word_1_484' title='bbox 2428 3163 2572 3202; x_wconf 87' lang='lat' dir='ltr'><strong>nunc</strong></span> <span class='ocrx_word' id='word_1_485' title='bbox 2599 3162 2817 3216; x_wconf 90' lang='lat' dir='ltr'><strong>quoque</strong></span> <span class='ocrx_word' id='word_1_486' title='bbox 2861 3145 3013 3197; x_wconf 68' lang='grc' dir='ltr'>(ιίολι.</span> <span class='ocrx_word' id='word_1_487' title='bbox 3052 3144 3112 3198; x_wconf 85' lang='lat' dir='ltr'><strong>In</strong></span> <span class='ocrx_word' id='word_1_488' title='bbox 3148 3143 3241 3198; x_wconf 89' lang='lat' dir='ltr'><strong>illo</strong></span> <span class='ocrx_word' id='word_1_489' title='bbox 3268 3145 3413 3198; x_wconf 82' lang='lat' dir='ltr'><strong>enim</strong></span> <span class='ocrx_word' id='word_1_490' title='bbox 3453 3146 3707 3198; x_wconf 80' lang='lat' dir='ltr'><strong>comede-</strong></span> 
     </span>
    </p>
   </div>
   <div class='ocr_carea' id='block_1_63' title="bbox 463 3235 2038 3313">
    <p class='ocr_par' dir='ltr' id='par_1_63' title="bbox 463 3236 2033 3313">
     <span class='ocr_line' id='line_1_63' title="bbox 463 3236 2033 3313; baseline 0 -20"><span class='ocrx_word' id='word_1_491' title='bbox 463 3242 574 3294; x_wconf 76' lang='grc' dir='ltr'><strong>Καὶ</strong></span> <span class='ocrx_word' id='word_1_492' title='bbox 601 3243 814 3310; x_wconf 78' lang='grc' dir='ltr'>ἔχοντες</span> <span class='ocrx_word' id='word_1_493' title='bbox 844 3244 1002 3313; x_wconf 83' lang='grc' dir='ltr'>χάριν</span> <span class='ocrx_word' id='word_1_494' title='bbox 1036 3243 1169 3313; x_wconf 80' lang='grc' dir='ltr'>πρὸς</span> <span class='ocrx_word' id='word_1_495' title='bbox 1190 3242 1309 3295; x_wconf 83' lang='grc' dir='ltr'>ὅλον</span> <span class='ocrx_word' id='word_1_496' title='bbox 1335 3242 1424 3294; x_wconf 75' lang='grc' dir='ltr'><strong>τὸν</strong></span> <span class='ocrx_word' id='word_1_497' title='bbox 1465 3239 1617 3295; x_wconf 88' lang='grc' dir='ltr'>λαόν.</span> <span class='ocrx_word' id='word_1_498' title='bbox 1669 3242 1826 3307; x_wconf 85' lang='grc' dir='ltr'><strong>Πῶς;</strong></span> <span class='ocrx_word' id='word_1_499' title='bbox 1854 3241 1930 3292; x_wconf 89' lang='grc' dir='ltr'><strong>Δι’</strong></span> <span class='ocrx_word' id='word_1_500' title='bbox 1959 3236 2033 3295; x_wconf 81' lang='grc' dir='ltr'>ὦν</span> 
     </span>
    </p>
   </div>
   <div class='ocr_carea' id='block_1_64' title="bbox 2136 3235 3706 3313">
    <p class='ocr_par' dir='ltr' id='par_1_64' title="bbox 2136 3235 3706 3307">
     <span class='ocr_line' id='line_1_64' title="bbox 2136 3235 3706 3307; baseline -0.009 -5"><span class='ocrx_word' id='word_1_501' title='bbox 2136 3253 2283 3307; x_wconf 81' lang='lat' dir='ltr'><strong>haut.</strong></span> <span class='ocrx_word' id='word_1_502' title='bbox 2333 3240 2469 3295; x_wconf 81' lang='lat' dir='ltr'><strong>Illud</strong></span> <span class='ocrx_word' id='word_1_503' title='bbox 2522 3251 2729 3303; x_wconf 82' lang='lat' dir='ltr'><strong>antem,</strong></span> <span class='ocrx_word' id='word_1_504' title='bbox 2802 3235 3004 3290; x_wconf 85' lang='lat' dir='ltr'><strong>Panem</strong></span> <span class='ocrx_word' id='word_1_505' title='bbox 3059 3236 3388 3304; x_wconf 79' lang='lat' dir='ltr'><strong>frangentes,</strong></span> <span class='ocrx_word' id='word_1_506' title='bbox 3456 3248 3706 3303; x_wconf 80' lang='lat' dir='ltr'><strong>magnam</strong></span> 
     </span>
    </p>
   </div>
   <div class='ocr_carea' id='block_1_65' title="bbox 461 3328 2038 3405">
    <p class='ocr_par' dir='ltr' id='par_1_65' title="bbox 461 3332 2036 3405">
     <span class='ocr_line' id='line_1_65' title="bbox 461 3332 2036 3405; baseline 0.002 -21"><span class='ocrx_word' id='word_1_507' title='bbox 461 3333 730 3405; x_wconf 78' lang='grc' dir='ltr'>ἔπραττον</span> <span class='ocrx_word' id='word_1_508' title='bbox 752 3351 765 3365; x_wconf 86' lang='grc'><strong>·</strong></span> <span class='ocrx_word' id='word_1_509' title='bbox 820 3336 918 3387; x_wconf 85' lang='grc' dir='ltr'>Διά</span> <span class='ocrx_word' id='word_1_510' title='bbox 975 3333 1075 3400; x_wconf 71' lang='grc' dir='ltr'>τῆς</span> <span class='ocrx_word' id='word_1_511' title='bbox 1117 3332 1484 3405; x_wconf 74' lang='grc' dir='ltr'>ἐλεημοσύνης</span> <span class='ocrx_word' id='word_1_512' title='bbox 1508 3349 1523 3363; x_wconf 74' lang='grc' dir='ltr'><strong>ο</strong></span> <span class='ocrx_word' id='word_1_513' title='bbox 1557 3333 1646 3387; x_wconf 80' lang='grc' dir='ltr'><strong>διὰ</strong></span> <span class='ocrx_word' id='word_1_514' title='bbox 1669 3333 1768 3403; x_wconf 79' lang='grc' dir='ltr'>τῆς</span> <span class='ocrx_word' id='word_1_515' title='bbox 1791 3335 2036 3403; x_wconf 76' lang='grc' dir='ltr'>καθαρᾶς</span> 
     </span>
    </p>
   </div>
   <div class='ocr_carea' id='block_1_66' title="bbox 2136 3328 3703 3405">
    <p class='ocr_par' dir='ltr' id='par_1_66' title="bbox 2136 3328 3703 3402">
     <span class='ocr_line' id='line_1_66' title="bbox 2136 3328 3703 3402; baseline -0.008 -8"><span class='ocrx_word' id='word_1_516' title='bbox 2136 3341 2348 3395; x_wconf 85' lang='lat' dir='ltr'><strong>illorum</strong></span> <span class='ocrx_word' id='word_1_517' title='bbox 2371 3330 2781 3402; x_wconf 84' lang='lat' dir='ltr'><strong>temperantiam</strong></span> <span class='ocrx_word' id='word_1_518' title='bbox 2801 3328 3074 3399; x_wconf 81' lang='lat' dir='ltr'><strong>signiﬁcat</strong></span> <span class='ocrx_word' id='word_1_519' title='bbox 3098 3338 3151 3382; x_wconf 90' lang='lat' dir='ltr'><strong>et</strong></span> <span class='ocrx_word' id='word_1_520' title='bbox 3172 3328 3347 3383; x_wconf 76' lang='lat' dir='ltr'><strong>rictus</strong></span> <span class='ocrx_word' id='word_1_521' title='bbox 3365 3328 3703 3382; x_wconf 68' lang='lat' dir='ltr'><strong>tenuitatem.</strong></span> 
     </span>
    </p>
   </div>
   <div class='ocr_carea' id='block_1_67' title="bbox 459 3414 2038 3493">
    <p class='ocr_par' dir='ltr' id='par_1_67' title="bbox 459 3422 2038 3493">
     <span class='ocr_line' id='line_1_67' title="bbox 459 3422 2038 3493; baseline 0.003 -20"><span class='ocrx_word' id='word_1_522' title='bbox 459 3422 825 3493; x_wconf 75' lang='grc' dir='ltr'>ἀναστροφῆς.</span> <span class='ocrx_word' id='word_1_523' title='bbox 891 3424 952 3476; x_wconf 82' lang='lat' dir='ltr'><strong>El</strong></span> <span class='ocrx_word' id='word_1_524' title='bbox 1005 3422 1115 3491; x_wconf 75' lang='grc' dir='ltr'>γὰρ</span> <span class='ocrx_word' id='word_1_525' title='bbox 1177 3422 1270 3475; x_wconf 75' lang='grc' dir='ltr'>καὶ</span> <span class='ocrx_word' id='word_1_526' title='bbox 1328 3424 1493 3492; x_wconf 82' lang='grc' dir='ltr'>ἱερεῖς</span> <span class='ocrx_word' id='word_1_527' title='bbox 1530 3424 1638 3475; x_wconf 81' lang='grc' dir='ltr'><strong>ἀπὸ</strong></span> <span class='ocrx_word' id='word_1_528' title='bbox 1699 3423 1895 3491; x_wconf 84' lang='grc' dir='ltr'>φθόνου</span> <span class='ocrx_word' id='word_1_529' title='bbox 1944 3426 2038 3477; x_wconf 78' lang='grc' dir='ltr'>καὶ</span> 
     </span>
    </p>
   </div>
   <div class='ocr_carea' id='block_1_68' title="bbox 2136 3414 3709 3493">
    <p class='ocr_par' dir='ltr' id='par_1_68' title="bbox 2136 3414 3709 3487">
     <span class='ocr_line' id='line_1_68' title="bbox 2136 3414 3709 3487; baseline -0.01 -2"><span class='ocrx_word' id='word_1_530' title='bbox 2136 3429 2435 3484; x_wconf 88' lang='lat' dir='ltr'><strong>Sumebant</strong></span> <span class='ocrx_word' id='word_1_531' title='bbox 2466 3421 2635 3485; x_wconf 85' lang='lat' dir='ltr'><strong>enim,</strong></span> <span class='ocrx_word' id='word_1_532' title='bbox 2666 3418 3094 3487; x_wconf 65' lang='lat' dir='ltr'><strong>inquit,,cibum,</strong></span> <span class='ocrx_word' id='word_1_533' title='bbox 3125 3429 3232 3469; x_wconf 91' lang='lat' dir='ltr'><strong>non</strong></span> <span class='ocrx_word' id='word_1_534' title='bbox 3267 3426 3448 3470; x_wconf 86' lang='lat' dir='ltr'><strong>autem</strong></span> <span class='ocrx_word' id='word_1_535' title='bbox 3478 3414 3709 3469; x_wconf 78' lang='lat' dir='ltr'><strong>delicate</strong></span> 
     </span>
    </p>
   </div>
   <div class='ocr_carea' id='block_1_69' title="bbox 462 3507 2038 3584">
    <p class='ocr_par' dir='ltr' id='par_1_69' title="bbox 462 3512 2038 3584">
     <span class='ocr_line' id='line_1_69' title="bbox 462 3512 2038 3584; baseline 0 -19"><span class='ocrx_word' id='word_1_536' title='bbox 462 3512 762 3580; x_wconf 80' lang='grc' dir='ltr'>βασκανίας</span> <span class='ocrx_word' id='word_1_537' title='bbox 809 3514 1118 3584; x_wconf 76' lang='grc' dir='ltr'>ἐπέστησαν</span> <span class='ocrx_word' id='word_1_538' title='bbox 1152 3515 1359 3581; x_wconf 84' lang='grc' dir='ltr'>αὐτοῖς,</span> <span class='ocrx_word' id='word_1_539' title='bbox 1408 3512 1548 3566; x_wconf 79' lang='grc' dir='ltr'><strong>ἀλλά</strong></span> <span class='ocrx_word' id='word_1_540' title='bbox 1596 3512 1735 3583; x_wconf 82' lang='grc' dir='ltr'>πρὸς</span> <span class='ocrx_word' id='word_1_541' title='bbox 1785 3514 1877 3565; x_wconf 82' lang='grc' dir='ltr'><strong>τὸν</strong></span> <span class='ocrx_word' id='word_1_542' title='bbox 1912 3514 2038 3570; x_wconf 78' lang='grc' dir='ltr'>λαὸν</span> 
     </span>
    </p>
   </div>
   <div class='ocr_carea' id='block_1_70' title="bbox 2136 3507 3706 3584">
    <p class='ocr_par' dir='ltr' id='par_1_70' title="bbox 2137 3507 3706 3581">
     <span class='ocr_line' id='line_1_70' title="bbox 2137 3507 3706 3581; baseline -0.01 -9"><span class='ocrx_word' id='word_1_543' title='bbox 2137 3517 2415 3578; x_wconf 76' lang='lat' dir='ltr'><strong>vivebant,</strong></span> <span class='ocrx_word' id='word_1_544' title='bbox 2451 3529 2516 3566; x_wconf 87' lang='lat' dir='ltr'><strong>ac</strong></span> <span class='ocrx_word' id='word_1_545' title='bbox 2542 3512 2706 3581; x_wconf 84' lang='lat' dir='ltr'><strong>genio</strong></span> <span class='ocrx_word' id='word_1_546' title='bbox 2733 3509 3107 3577; x_wconf 73' lang='lat' dir='ltr'><strong>indulgebant.</strong></span> <span class='ocrx_word' id='word_1_547' title='bbox 3143 3508 3293 3561; x_wconf 89' lang='lat' dir='ltr'><strong>Adeo</strong></span> <span class='ocrx_word' id='word_1_548' title='bbox 3339 3508 3505 3559; x_wconf 88' lang='lat' dir='ltr'><strong>etiam</strong></span> <span class='ocrx_word' id='word_1_549' title='bbox 3539 3507 3706 3558; x_wconf 75' lang='lat' dir='ltr'><strong>vitam</strong></span> 
     </span>
    </p>
   </div>
   <div class='ocr_carea' id='block_1_71' title="bbox 461 3598 3707 3674">
    <p class='ocr_par' dir='ltr' id='par_1_71' title="bbox 461 3598 3707 3674">
     <span class='ocr_line' id='line_1_71' title="bbox 461 3598 3707 3674; baseline -0 -18"><span class='ocrx_word' id='word_1_550' title='bbox 461 3605 620 3673; x_wconf 77' lang='grc' dir='ltr'>χάριν</span> <span class='ocrx_word' id='word_1_551' title='bbox 651 3598 817 3674; x_wconf 80' lang='grc' dir='ltr'>εἶχον.</span> <span class='ocrx_word' id='word_1_552' title='bbox 2138 3622 2167 3660; x_wconf 92' lang='lat' dir='ltr'><strong>a</strong></span> <span class='ocrx_word' id='word_1_553' title='bbox 2204 3612 2455 3674; x_wconf 80' lang='lat' dir='ltr'><strong>suscepta</strong></span> <span class='ocrx_word' id='word_1_554' title='bbox 2480 3603 2583 3656; x_wconf 85' lang='lat' dir='ltr'><strong>lide</strong></span> <span class='ocrx_word' id='word_1_555' title='bbox 2608 3601 2663 3654; x_wconf 89' lang='lat' dir='ltr'><strong>in</strong></span> <span class='ocrx_word' id='word_1_556' title='bbox 2682 3601 2875 3654; x_wconf 87' lang='lat' dir='ltr'><strong>melius</strong></span> <span class='ocrx_word' id='word_1_557' title='bbox 2888 3598 3322 3652; x_wconf 86' lang='lat' dir='ltr'><strong>emendabantct</strong></span> <span class='ocrx_word' id='word_1_558' title='bbox 3341 3598 3707 3668; x_wconf 72' lang='lat' dir='ltr'><strong>corrigebant.</strong></span> 
     </span>
    </p>
   </div>
   <div class='ocr_carea' id='block_1_72' title="bbox 462 3689 3706 3766">
    <p class='ocr_par' dir='ltr' id='par_1_72' title="bbox 462 3689 3706 3766">
     <span class='ocr_line' id='line_1_72' title="bbox 462 3689 3706 3766; baseline -0.002 -18"><span class='ocrx_word' id='word_1_559' title='bbox 462 3696 569 3751; x_wconf 79' lang='lat' dir='ltr'><strong>Sed</strong></span> <span class='ocrx_word' id='word_1_560' title='bbox 601 3697 692 3765; x_wconf 89' lang='lat' dir='ltr'><strong>qui</strong></span> <span class='ocrx_word' id='word_1_561' title='bbox 724 3699 897 3765; x_wconf 76' lang='lat' dir='ltr'><strong>gratia</strong></span> <span class='ocrx_word' id='word_1_562' title='bbox 928 3696 1180 3751; x_wconf 76' lang='lat' dir='ltr'><strong>valebant</strong></span> <span class='ocrx_word' id='word_1_563' title='bbox 1218 3695 1358 3764; x_wconf 89' lang='lat' dir='ltr'><strong>apud</strong></span> <span class='ocrx_word' id='word_1_564' title='bbox 1376 3711 1589 3750; x_wconf 89' lang='lat' dir='ltr'><strong>omnem</strong></span> <span class='ocrx_word' id='word_1_565' title='bbox 1617 3695 1873 3766; x_wconf 86' lang='lat' dir='ltr'><strong>plebem?</strong></span> <span class='ocrx_word' id='word_1_566' title='bbox 1900 3695 2032 3751; x_wconf 88' lang='lat' dir='ltr'><strong>dicit</strong></span> <span class='ocrx_word' id='word_1_567' title='bbox 2066 3699 2211 3752; x_wconf 89' lang='lat' dir='ltr'><strong>enim</strong></span> <span class='ocrx_word' id='word_1_568' title='bbox 2248 3715 2262 3752; x_wconf 90' lang='lat'><strong>:</strong></span> <span class='ocrx_word' id='word_1_569' title='bbox 2313 3695 2379 3748; x_wconf 85' lang='lat' dir='ltr'><strong>Et</strong></span> <span class='ocrx_word' id='word_1_570' title='bbox 2411 3692 2588 3763; x_wconf 87' lang='lat' dir='ltr'><strong>gratia</strong></span> <span class='ocrx_word' id='word_1_571' title='bbox 2664 3691 2932 3758; x_wconf 84' lang='lat' dir='ltr'><strong>pollentes</strong></span> <span class='ocrx_word' id='word_1_572' title='bbox 2977 3689 3120 3757; x_wconf 86' lang='lat' dir='ltr'><strong>apud</strong></span> <span class='ocrx_word' id='word_1_573' title='bbox 3164 3704 3381 3743; x_wconf 87' lang='lat' dir='ltr'><strong>omnem</strong></span> <span class='ocrx_word' id='word_1_574' title='bbox 3450 3690 3662 3759; x_wconf 85' lang='lat' dir='ltr'><strong>plebem</strong></span> <span class='ocrx_word' id='word_1_575' title='bbox 3691 3718 3706 3756; x_wconf 66' lang='grc' dir='ltr'>ε</span> 
     </span>
    </p>
   </div>
   <div class='ocr_carea' id='block_1_73' title="bbox 459 3779 3707 3859">
    <p class='ocr_par' dir='ltr' id='par_1_73' title="bbox 459 3779 3707 3859">
     <span class='ocr_line' id='line_1_73' title="bbox 459 3779 3707 3859; baseline -0.003 -15"><span class='ocrx_word' id='word_1_576' title='bbox 459 3807 571 3859; x_wconf 85' lang='lat' dir='ltr'><strong>quo</strong></span> <span class='ocrx_word' id='word_1_577' title='bbox 638 3802 799 3859; x_wconf 85' lang='lat' dir='ltr'><strong>pacto</strong></span> <span class='ocrx_word' id='word_1_578' title='bbox 852 3790 876 3843; x_wconf 84' lang='lat'><strong>?</strong></span> <span class='ocrx_word' id='word_1_579' title='bbox 925 3789 1239 3858; x_wconf 73' lang='lat' dir='ltr'><strong>Propterea</strong></span> <span class='ocrx_word' id='word_1_580' title='bbox 1270 3826 1286 3850; x_wconf 90' lang='lat'><strong>,</strong></span> <span class='ocrx_word' id='word_1_581' title='bbox 1320 3804 1461 3859; x_wconf 70' lang='lat' dir='ltr'><strong>qua:</strong></span> <span class='ocrx_word' id='word_1_582' title='bbox 1514 3787 1749 3859; x_wconf 80' lang='lat' dir='ltr'><strong>agebant</strong></span> <span class='ocrx_word' id='word_1_583' title='bbox 1779 3803 1795 3842; x_wconf 90' lang='lat'><strong>:</strong></span> <span class='ocrx_word' id='word_1_584' title='bbox 1848 3795 2071 3858; x_wconf 87' lang='lat' dir='ltr'><strong>propter</strong></span> <span class='ocrx_word' id='word_1_585' title='bbox 2103 3789 2528 3854; x_wconf 81' lang='lat' dir='ltr'><strong>eleemosynam,</strong></span> <span class='ocrx_word' id='word_1_586' title='bbox 2568 3789 2790 3850; x_wconf 88' lang='lat' dir='ltr'><strong>propter</strong></span> <span class='ocrx_word' id='word_1_587' title='bbox 2826 3793 3013 3846; x_wconf 87' lang='lat' dir='ltr'><strong>puram</strong></span> <span class='ocrx_word' id='word_1_588' title='bbox 3045 3781 3535 3835; x_wconf 72' lang='lat' dir='ltr'><strong>conversationem.</strong></span> <span class='ocrx_word' id='word_1_589' title='bbox 3569 3779 3707 3833; x_wconf 83' lang='lat' dir='ltr'><strong>Nam</strong></span> 
     </span>
    </p>
   </div>
   <div class='ocr_carea' id='block_1_74' title="bbox 462 3871 3706 3949">
    <p class='ocr_par' dir='ltr' id='par_1_74' title="bbox 462 3871 3706 3949">
     <span class='ocr_line' id='line_1_74' title="bbox 462 3871 3706 3949; baseline -0.003 -11"><span class='ocrx_word' id='word_1_590' title='bbox 462 3887 676 3939; x_wconf 74' lang='lat' dir='ltr'><strong>etiamsi</strong></span> <span class='ocrx_word' id='word_1_591' title='bbox 704 3883 1044 3947; x_wconf 84' lang='lat' dir='ltr'><strong>sacerdotes,</strong></span> <span class='ocrx_word' id='word_1_592' title='bbox 1088 3880 1297 3935; x_wconf 67' lang='lat' dir='ltr'><strong>intddizt</strong></span> <span class='ocrx_word' id='word_1_593' title='bbox 1329 3890 1491 3945; x_wconf 85' lang='lat' dir='ltr'><strong>atque</strong></span> <span class='ocrx_word' id='word_1_594' title='bbox 1529 3881 1879 3936; x_wconf 62' lang='lat' dir='ltr'><strong>aemulatione</strong></span> <span class='ocrx_word' id='word_1_595' title='bbox 1928 3882 2084 3946; x_wconf 91' lang='lat' dir='ltr'><strong>moti,</strong></span> <span class='ocrx_word' id='word_1_596' title='bbox 2140 3881 2262 3935; x_wconf 89' lang='lat' dir='ltr'><strong>illos</strong></span> <span class='ocrx_word' id='word_1_597' title='bbox 2311 3882 2702 3949; x_wconf 84' lang='lat' dir='ltr'><strong>oppresserunt</strong></span> <span class='ocrx_word' id='word_1_598' title='bbox 2756 3880 2811 3926; x_wconf 92' lang='lat' dir='ltr'><strong>et</strong></span> <span class='ocrx_word' id='word_1_599' title='bbox 2863 3871 3205 3935; x_wconf 83' lang='lat' dir='ltr'><strong>invaserunt,</strong></span> <span class='ocrx_word' id='word_1_600' title='bbox 3259 3881 3501 3929; x_wconf 89' lang='lat' dir='ltr'><strong>attamen</strong></span> <span class='ocrx_word' id='word_1_601' title='bbox 3561 3876 3706 3946; x_wconf 88' lang='lat' dir='ltr'><strong>apud</strong></span> 
     </span>
    </p>
   </div>
   <div class='ocr_carea' id='block_1_75' title="bbox 465 3974 1202 4047">
    <p class='ocr_par' dir='ltr' id='par_1_75' title="bbox 465 3974 1202 4047">
     <span class='ocr_line' id='line_1_75' title="bbox 465 3974 1202 4047; baseline -0.007 -18"><span class='ocrx_word' id='word_1_602' title='bbox 465 3977 674 4047; x_wconf 77' lang='lat' dir='ltr'><strong>plebem</strong></span> <span class='ocrx_word' id='word_1_603' title='bbox 702 3976 873 4045; x_wconf 83' lang='lat' dir='ltr'><strong>gratia</strong></span> <span class='ocrx_word' id='word_1_604' title='bbox 905 3974 1202 4044; x_wconf 89' lang='lat' dir='ltr'><strong>pollebant.</strong></span> 
     </span>
    </p>
   </div>
   <div class='ocr_carea' id='block_1_76' title="bbox 1063 4063 1433 4119">
    <p class='ocr_par' dir='ltr' id='par_1_76' title="bbox 1063 4063 1433 4119">
     <span class='ocr_line' id='line_1_76' title="bbox 1063 4063 1433 4119; baseline -0.003 -1"><span class='ocrx_word' id='word_1_605' title='bbox 1063 4066 1313 4119; x_wconf 77' lang='grc' dir='ltr'><strong>ΚΕΦΑΛ.</strong></span> <span class='ocrx_word' id='word_1_606' title='bbox 1358 4063 1433 4117; x_wconf 78' lang='lat'><strong>1&quot;.</strong></span> 
     </span>
    </p>
   </div>
   <div class='ocr_carea' id='block_1_77' title="bbox 547 4153 2033 4223">
    <p class='ocr_par' dir='ltr' id='par_1_77' title="bbox 547 4153 2033 4223">
     <span class='ocr_line' id='line_1_77' title="bbox 547 4153 2033 4223; baseline -0.001 -12"><span class='ocrx_word' id='word_1_607' title='bbox 547 4159 671 4211; x_wconf 78' lang='grc' dir='ltr'>Ἐπί</span> <span class='ocrx_word' id='word_1_608' title='bbox 713 4157 780 4210; x_wconf 80' lang='grc' dir='ltr'>τὸ</span> <span class='ocrx_word' id='word_1_609' title='bbox 810 4156 956 4211; x_wconf 82' lang='grc' dir='ltr'>αὐτὸ</span> <span class='ocrx_word' id='word_1_610' title='bbox 988 4157 1057 4209; x_wconf 82' lang='grc' dir='ltr'>δὲ</span> <span class='ocrx_word' id='word_1_611' title='bbox 1078 4159 1301 4223; x_wconf 81' lang='grc' dir='ltr'>Πέτρος</span> <span class='ocrx_word' id='word_1_612' title='bbox 1337 4156 1436 4209; x_wconf 78' lang='grc' dir='ltr'><strong>καὶ</strong></span> <span class='ocrx_word' id='word_1_613' title='bbox 1482 4153 1767 4222; x_wconf 79' lang='grc' dir='ltr'><strong>Ἰωάννης</strong></span> <span class='ocrx_word' id='word_1_614' title='bbox 1800 4154 2033 4209; x_wconf 75' lang='grc' dir='ltr'>ἀνέσαιο</span> 
     </span>
    </p>
   </div>
   <div class='ocr_carea' id='block_1_78' title="bbox 463 4236 2038 4317">
    <p class='ocr_par' dir='ltr' id='par_1_78' title="bbox 463 4244 2036 4317">
     <span class='ocr_line' id='line_1_78' title="bbox 463 4244 2036 4317; baseline 0.015 -28"><span class='ocrx_word' id='word_1_615' title='bbox 463 4267 575 4304; x_wconf 64' lang='grc' dir='ltr'><strong>,κον</strong></span> <span class='ocrx_word' id='word_1_616' title='bbox 619 4253 707 4315; x_wconf 78' lang='grc' dir='ltr'>εις</span> <span class='ocrx_word' id='word_1_617' title='bbox 756 4248 821 4302; x_wconf 83' lang='grc' dir='ltr'>τὸ</span> <span class='ocrx_word' id='word_1_618' title='bbox 866 4247 1027 4317; x_wconf 76' lang='grc' dir='ltr'>ἱερὸν</span> <span class='ocrx_word' id='word_1_619' title='bbox 1071 4247 1169 4299; x_wconf 77' lang='grc' dir='ltr'><strong>ἐπὶ</strong></span> <span class='ocrx_word' id='word_1_620' title='bbox 1210 4245 1322 4314; x_wconf 82' lang='grc' dir='ltr'><strong>τὴν</strong></span> <span class='ocrx_word' id='word_1_621' title='bbox 1357 4245 1517 4315; x_wconf 78' lang='grc' dir='ltr'>ὤραν</span> <span class='ocrx_word' id='word_1_622' title='bbox 1555 4246 1659 4314; x_wconf 77' lang='grc' dir='ltr'>τῆς</span> <span class='ocrx_word' id='word_1_623' title='bbox 1690 4244 2036 4315; x_wconf 71' lang='grc' dir='ltr'><strong>προσευχῆς</strong></span> 
     </span>
    </p>
   </div>
   <div class='ocr_carea' id='block_1_79' title="bbox 2136 4236 3388 4317">
    <p class='ocr_par' dir='ltr' id='par_1_79' title="bbox 2136 4236 3388 4311">
     <span class='ocr_line' id='line_1_79' title="bbox 2136 4236 3388 4311; baseline -0.009 -13"><span class='ocrx_word' id='word_1_624' title='bbox 2136 4246 2188 4298; x_wconf 86' lang='lat' dir='ltr'><strong>in</strong></span> <span class='ocrx_word' id='word_1_625' title='bbox 2227 4242 2475 4311; x_wconf 75' lang='lat' dir='ltr'><strong>templum</strong></span> <span class='ocrx_word' id='word_1_626' title='bbox 2504 4241 2572 4293; x_wconf 88' lang='lat' dir='ltr'><strong>ad</strong></span> <span class='ocrx_word' id='word_1_627' title='bbox 2602 4239 2783 4292; x_wconf 82' lang='lat' dir='ltr'><strong>lteram</strong></span> <span class='ocrx_word' id='word_1_628' title='bbox 2804 4236 3119 4306; x_wconf 78' lang='lat' dir='ltr'><strong>precationis</strong></span> <span class='ocrx_word' id='word_1_629' title='bbox 3151 4250 3342 4288; x_wconf 88' lang='lat' dir='ltr'><strong>nonam</strong></span> <span class='ocrx_word' id='word_1_630' title='bbox 3368 4248 3388 4287; x_wconf 83' lang='lat'><strong>.&#39;</strong></span> 
     </span>
    </p>
   </div>
   <div class='ocr_carea' id='block_1_80' title="bbox 463 4339 945 4405">
    <p class='ocr_par' dir='ltr' id='par_1_80' title="bbox 463 4339 945 4405">
     <span class='ocr_line' id='line_1_80' title="bbox 463 4339 945 4405; baseline -0.002 -13"><span class='ocrx_word' id='word_1_631' title='bbox 463 4339 581 4405; x_wconf 80' lang='grc' dir='ltr'>τὴν</span> <span class='ocrx_word' id='word_1_632' title='bbox 606 4339 867 4405; x_wconf 64' lang='lat' dir='ltr'><strong>erratur</strong></span> <span class='ocrx_word' id='word_1_633' title='bbox 880 4339 945 4391; x_wconf 80' lang='lat'><strong>“.</strong></span> 
     </span>
    </p>
   </div>
   <div class='ocr_carea' id='block_1_81' title="bbox 537 4417 2038 4499">
    <p class='ocr_par' dir='ltr' id='par_1_81' title="bbox 537 4428 2035 4499">
     <span class='ocr_line' id='line_1_81' title="bbox 537 4428 2035 4499; baseline -0.001 -15"><span class='ocrx_word' id='word_1_634' title='bbox 537 4430 651 4485; x_wconf 80' lang='lat' dir='ltr'><strong>Kal</strong></span> <span class='ocrx_word' id='word_1_635' title='bbox 678 4447 765 4495; x_wconf 82' lang='grc' dir='ltr'><strong>τις</strong></span> <span class='ocrx_word' id='word_1_636' title='bbox 795 4429 954 4495; x_wconf 75' lang='grc' dir='ltr'>ἀνὴρ</span> <span class='ocrx_word' id='word_1_637' title='bbox 998 4428 1195 4495; x_wconf 76' lang='grc' dir='ltr'><strong>χωλὸς</strong></span> <span class='ocrx_word' id='word_1_638' title='bbox 1218 4428 1285 4482; x_wconf 81' lang='grc' dir='ltr'><strong>ἐκ</strong></span> <span class='ocrx_word' id='word_1_639' title='bbox 1314 4430 1547 4492; x_wconf 70' lang='grc' dir='ltr'>κοιλίας</span> <span class='ocrx_word' id='word_1_640' title='bbox 1588 4428 1816 4499; x_wconf 74' lang='grc' dir='ltr'>μητρός</span> <span class='ocrx_word' id='word_1_641' title='bbox 1848 4429 2035 4485; x_wconf 83' lang='grc' dir='ltr'>αὐτοῦ</span> 
     </span>
    </p>
   </div>
   <div class='ocr_carea' id='block_1_82' title="bbox 2136 4417 3708 4499">
    <p class='ocr_par' dir='ltr' id='par_1_82' title="bbox 2210 4417 3708 4492">
     <span class='ocr_line' id='line_1_82' title="bbox 2210 4417 3708 4492; baseline -0.009 -13"><span class='ocrx_word' id='word_1_642' title='bbox 2210 4424 2376 4481; x_wconf 67' lang='lat' dir='ltr'><strong>Vnus.</strong></span> <span class='ocrx_word' id='word_1_643' title='bbox 2409 4427 2465 4477; x_wconf 78' lang='grc'>2.</span> <span class='ocrx_word' id='word_1_644' title='bbox 2492 4423 2556 4477; x_wconf 80' lang='lat' dir='ltr'><strong>Et</strong></span> <span class='ocrx_word' id='word_1_645' title='bbox 2579 4425 2663 4478; x_wconf 74' lang='lat' dir='ltr'><strong>vir</strong></span> <span class='ocrx_word' id='word_1_646' title='bbox 2699 4421 2941 4492; x_wconf 83' lang='lat' dir='ltr'><strong>quidam,</strong></span> <span class='ocrx_word' id='word_1_647' title='bbox 2971 4420 3059 4488; x_wconf 89' lang='lat' dir='ltr'><strong>qui</strong></span> <span class='ocrx_word' id='word_1_648' title='bbox 3083 4433 3146 4471; x_wconf 75' lang='lat' dir='ltr'><strong>ex</strong></span> <span class='ocrx_word' id='word_1_649' title='bbox 3176 4434 3280 4487; x_wconf 89' lang='lat' dir='ltr'><strong>quo</strong></span> <span class='ocrx_word' id='word_1_650' title='bbox 3310 4417 3482 4469; x_wconf 80' lang='lat' dir='ltr'><strong>editus</strong></span> <span class='ocrx_word' id='word_1_651' title='bbox 3505 4425 3620 4468; x_wconf 84' lang='lat' dir='ltr'><strong>erat</strong></span> <span class='ocrx_word' id='word_1_652' title='bbox 3640 4429 3708 4467; x_wconf 81' lang='lat' dir='ltr'><strong>ea:</strong></span> 
     </span>
    </p>
   </div>
   <div class='ocr_carea' id='block_1_83' title="bbox 466 4510 2038 4587">
    <p class='ocr_par' dir='ltr' id='par_1_83' title="bbox 466 4514 2038 4587">
     <span class='ocr_line' id='line_1_83' title="bbox 466 4514 2038 4587; baseline -0.003 -14"><span class='ocrx_word' id='word_1_653' title='bbox 466 4519 755 4587; x_wconf 73' lang='grc' dir='ltr'>ὑπάρχων</span> <span class='ocrx_word' id='word_1_654' title='bbox 804 4514 1191 4575; x_wconf 77' lang='grc' dir='ltr'>ἐϐαστάζετο·</span> <span class='ocrx_word' id='word_1_655' title='bbox 1242 4516 1315 4570; x_wconf 83' lang='grc' dir='ltr'>ὃν</span> <span class='ocrx_word' id='word_1_656' title='bbox 1362 4517 1602 4572; x_wconf 76' lang='grc' dir='ltr'>ἐτίθουν</span> <span class='ocrx_word' id='word_1_657' title='bbox 1639 4517 1769 4571; x_wconf 78' lang='grc' dir='ltr'><strong>καθ’</strong></span> <span class='ocrx_word' id='word_1_658' title='bbox 1809 4517 2038 4587; x_wconf 72' lang='grc' dir='ltr'>ἡμέραν</span> 
     </span>
    </p>
   </div>
   <div class='ocr_carea' id='block_1_84' title="bbox 2136 4510 3707 4587">
    <p class='ocr_par' dir='ltr' id='par_1_84' title="bbox 2140 4510 3707 4579">
     <span class='ocr_line' id='line_1_84' title="bbox 2140 4510 3707 4579; baseline -0.006 -8"><span class='ocrx_word' id='word_1_659' title='bbox 2140 4528 2288 4571; x_wconf 84' lang='lat' dir='ltr'><strong>utero</strong></span> <span class='ocrx_word' id='word_1_660' title='bbox 2344 4519 2530 4570; x_wconf 86' lang='lat' dir='ltr'><strong>matris</strong></span> <span class='ocrx_word' id='word_1_661' title='bbox 2586 4533 2717 4579; x_wconf 65' lang='lat' dir='ltr'><strong>sum,</strong></span> <span class='ocrx_word' id='word_1_662' title='bbox 2771 4514 2996 4567; x_wconf 75' lang='lat' dir='ltr'><strong>claudus</strong></span> <span class='ocrx_word' id='word_1_663' title='bbox 3054 4519 3344 4574; x_wconf 85' lang='lat' dir='ltr'><strong>manserat,</strong></span> <span class='ocrx_word' id='word_1_664' title='bbox 3384 4510 3589 4577; x_wconf 87' lang='lat' dir='ltr'><strong>portari</strong></span> <span class='ocrx_word' id='word_1_665' title='bbox 3644 4525 3707 4561; x_wconf 82' lang='lat' dir='ltr'><strong>uc</strong></span> 
     </span>
    </p>
   </div>
   <div class='ocr_carea' id='block_1_85' title="bbox 466 4603 2038 4677">
    <p class='ocr_par' dir='ltr' id='par_1_85' title="bbox 466 4604 2036 4677">
     <span class='ocr_line' id='line_1_85' title="bbox 466 4604 2036 4677; baseline -0.001 -16"><span class='ocrx_word' id='word_1_666' title='bbox 466 4611 615 4677; x_wconf 73' lang='grc' dir='ltr'>πρὸς</span> <span class='ocrx_word' id='word_1_667' title='bbox 630 4608 744 4676; x_wconf 74' lang='grc' dir='ltr'>τὴν</span> <span class='ocrx_word' id='word_1_668' title='bbox 771 4609 957 4675; x_wconf 78' lang='grc' dir='ltr'>θύραν</span> <span class='ocrx_word' id='word_1_669' title='bbox 976 4604 1084 4659; x_wconf 84' lang='grc' dir='ltr'><strong>τοῦ</strong></span> <span class='ocrx_word' id='word_1_670' title='bbox 1104 4604 1283 4674; x_wconf 73' lang='grc' dir='ltr'>ἱεροῦ,</span> <span class='ocrx_word' id='word_1_671' title='bbox 1307 4605 1419 4673; x_wconf 80' lang='grc' dir='ltr'><strong>τὴν</strong></span> <span class='ocrx_word' id='word_1_672' title='bbox 1440 4606 1771 4675; x_wconf 75' lang='grc' dir='ltr'>λεγομένην</span> <span class='ocrx_word' id='word_1_673' title='bbox 1781 4606 2036 4674; x_wconf 80' lang='grc' dir='ltr'>Ὡραίαν,</span> 
     </span>
    </p>
   </div>
   <div class='ocr_carea' id='block_1_86' title="bbox 2136 4603 3707 4677">
    <p class='ocr_par' dir='ltr' id='par_1_86' title="bbox 2145 4603 3707 4677">
     <span class='ocr_line' id='line_1_86' title="bbox 2145 4603 3707 4677; baseline -0.005 -15"><span class='ocrx_word' id='word_1_674' title='bbox 2145 4609 2402 4663; x_wconf 83' lang='lat' dir='ltr'><strong>collocari</strong></span> <span class='ocrx_word' id='word_1_675' title='bbox 2448 4607 2688 4677; x_wconf 79' lang='lat' dir='ltr'><strong>quotidie</strong></span> <span class='ocrx_word' id='word_1_676' title='bbox 2743 4604 2953 4659; x_wconf 81' lang='lat' dir='ltr'><strong>solebat</strong></span> <span class='ocrx_word' id='word_1_677' title='bbox 3006 4603 3074 4655; x_wconf 82' lang='lat' dir='ltr'><strong>nd</strong></span> <span class='ocrx_word' id='word_1_678' title='bbox 3098 4614 3307 4669; x_wconf 81' lang='lat' dir='ltr'><strong>portum</strong></span> <span class='ocrx_word' id='word_1_679' title='bbox 3354 4603 3556 4670; x_wconf 74' lang='lat' dir='ltr'><strong>templi,</strong></span> <span class='ocrx_word' id='word_1_680' title='bbox 3587 4617 3707 4671; x_wconf 81' lang='lat' dir='ltr'><strong>qua:</strong></span> 
     </span>
    </p>
   </div>
   <div class='ocr_carea' id='block_1_87' title="bbox 468 4690 2038 4765">
    <p class='ocr_par' dir='ltr' id='par_1_87' title="bbox 468 4695 2034 4765">
     <span class='ocr_line' id='line_1_87' title="bbox 468 4695 2034 4765; baseline -0.002 -14"><span class='ocrx_word' id='word_1_681' title='bbox 468 4700 575 4752; x_wconf 85' lang='grc' dir='ltr'><strong>τοῦ</strong></span> <span class='ocrx_word' id='word_1_682' title='bbox 607 4697 796 4752; x_wconf 71' lang='grc' dir='ltr'>αἰτεῖν</span> <span class='ocrx_word' id='word_1_683' title='bbox 832 4696 1256 4765; x_wconf 69' lang='grc' dir='ltr'>ἐλεημοσύνην</span> <span class='ocrx_word' id='word_1_684' title='bbox 1279 4695 1437 4763; x_wconf 78' lang='grc' dir='ltr'>παρὰ</span> <span class='ocrx_word' id='word_1_685' title='bbox 1476 4697 1593 4748; x_wconf 83' lang='grc' dir='ltr'>τῶν</span> <span class='ocrx_word' id='word_1_686' title='bbox 1617 4696 2034 4762; x_wconf 74' lang='grc' dir='ltr'>είσπορευομέ·</span> 
     </span>
    </p>
   </div>
   <div class='ocr_carea' id='block_1_88' title="bbox 2136 4690 3704 4765">
    <p class='ocr_par' dir='ltr' id='par_1_88' title="bbox 2143 4690 3704 4765">
     <span class='ocr_line' id='line_1_88' title="bbox 2143 4690 3704 4765; baseline -0.006 -16"><span class='ocrx_word' id='word_1_687' title='bbox 2143 4698 2343 4751; x_wconf 85' lang='lat' dir='ltr'><strong>dicitur</strong></span> <span class='ocrx_word' id='word_1_688' title='bbox 2370 4696 2643 4765; x_wconf 81' lang='lat' dir='ltr'><strong>Speciosa,</strong></span> <span class='ocrx_word' id='word_1_689' title='bbox 2671 4705 2728 4747; x_wconf 92' lang='lat' dir='ltr'><strong>ut</strong></span> <span class='ocrx_word' id='word_1_690' title='bbox 2752 4704 2947 4763; x_wconf 79' lang='lat' dir='ltr'><strong>peteret</strong></span> <span class='ocrx_word' id='word_1_691' title='bbox 2970 4692 3353 4759; x_wconf 74' lang='lat' dir='ltr'><strong>eleetnosynant</strong></span> <span class='ocrx_word' id='word_1_692' title='bbox 3385 4690 3449 4742; x_wconf 86' lang='lat' dir='ltr'><strong>ab</strong></span> <span class='ocrx_word' id='word_1_693' title='bbox 3508 4690 3574 4743; x_wconf 85' lang='lat' dir='ltr'><strong>iis</strong></span> <span class='ocrx_word' id='word_1_694' title='bbox 3615 4705 3704 4759; x_wconf 67' lang='lat' dir='ltr'><strong>qua</strong></span> 
     </span>
    </p>
   </div>
   <div class='ocr_carea' id='block_1_89' title="bbox 464 4762 2038 4856">
    <p class='ocr_par' dir='ltr' id='par_1_89' title="bbox 464 4762 1369 4856">
     <span class='ocr_line' id='line_1_89' title="bbox 464 4762 1369 4856; baseline -0.004 -13"><span class='ocrx_word' id='word_1_695' title='bbox 464 4807 584 4843; x_wconf 64' lang='lat' dir='ltr'><strong>rer</strong></span> <span class='ocrx_word' id='word_1_696' title='bbox 609 4791 696 4855; x_wconf 78' lang='grc' dir='ltr'>εις</span> <span class='ocrx_word' id='word_1_697' title='bbox 722 4788 787 4841; x_wconf 84' lang='grc' dir='ltr'>τὸ</span> <span class='ocrx_word' id='word_1_698' title='bbox 820 4762 1001 4856; x_wconf 74' lang='grc' dir='ltr'>ἱερόν.</span> <span class='ocrx_word' id='word_1_699' title='bbox 1203 4762 1209 4764; x_wconf 15' lang='lat'><em>7</em></span> <span class='ocrx_word' id='word_1_700' title='bbox 1360 4762 1369 4763; x_wconf 14' lang='grc' dir='ltr'><strong>ί</strong></span> 
     </span>
    </p>
   </div>
   <div class='ocr_carea' id='block_1_90' title="bbox 2136 4762 2828 4856">
    <p class='ocr_par' dir='ltr' id='par_1_90' title="bbox 2138 4787 2828 4855">
     <span class='ocr_line' id='line_1_90' title="bbox 2138 4787 2828 4855; baseline -0.007 -12"><span class='ocrx_word' id='word_1_701' title='bbox 2138 4791 2414 4843; x_wconf 82' lang='lat' dir='ltr'><strong>introirent</strong></span> <span class='ocrx_word' id='word_1_702' title='bbox 2445 4789 2499 4840; x_wconf 80' lang='lat' dir='ltr'><strong>in</strong></span> <span class='ocrx_word' id='word_1_703' title='bbox 2536 4787 2787 4855; x_wconf 82' lang='lat' dir='ltr'><strong>templum</strong></span> <span class='ocrx_word' id='word_1_704' title='bbox 2809 4803 2828 4838; x_wconf 84' lang='lat'><strong>.&#39;</strong></span> 
     </span>
    </p>
   </div>
   <div class='ocr_carea' id='block_1_91' title="bbox 540 4870 2038 4947">
    <p class='ocr_par' dir='ltr' id='par_1_91' title="bbox 540 4875 2038 4947">
     <span class='ocr_line' id='line_1_91' title="bbox 540 4875 2038 4947; baseline -0.001 -15"><span class='ocrx_word' id='word_1_705' title='bbox 540 4882 644 4945; x_wconf 82' lang='grc' dir='ltr'>’ος</span> <span class='ocrx_word' id='word_1_706' title='bbox 686 4877 829 4932; x_wconf 74' lang='grc' dir='ltr'>ἰδὼν</span> <span class='ocrx_word' id='word_1_707' title='bbox 860 4877 1088 4947; x_wconf 80' lang='grc' dir='ltr'>Πέτρον</span> <span class='ocrx_word' id='word_1_708' title='bbox 1108 4876 1209 4933; x_wconf 76' lang='grc' dir='ltr'>καί</span> <span class='ocrx_word' id='word_1_709' title='bbox 1250 4875 1530 4943; x_wconf 80' lang='grc' dir='ltr'>Ἰωάννην</span> <span class='ocrx_word' id='word_1_710' title='bbox 1548 4875 1887 4943; x_wconf 75' lang='grc' dir='ltr'>μέλλοντας</span> <span class='ocrx_word' id='word_1_711' title='bbox 1914 4880 2038 4930; x_wconf 81' lang='grc' dir='ltr'>εἱσ-</span> 
     </span>
    </p>
   </div>
   <div class='ocr_carea' id='block_1_92' title="bbox 2136 4870 3701 4947">
    <p class='ocr_par' dir='ltr' id='par_1_92' title="bbox 2212 4870 3701 4944">
     <span class='ocr_line' id='line_1_92' title="bbox 2212 4870 3701 4944; baseline -0.005 -13"><span class='ocrx_word' id='word_1_712' title='bbox 2212 4879 2378 4933; x_wconf 73' lang='lat' dir='ltr'><strong>\&#39;t-;ns.</strong></span> <span class='ocrx_word' id='word_1_713' title='bbox 2440 4880 2493 4933; x_wconf 75' lang='lat'><strong>3.</strong></span> <span class='ocrx_word' id='word_1_714' title='bbox 2530 4878 2634 4941; x_wconf 82' lang='lat' dir='ltr'><strong>Qui</strong></span> <span class='ocrx_word' id='word_1_715' title='bbox 2700 4876 3034 4944; x_wconf 77' lang='lat' dir='ltr'><strong>conspicatus</strong></span> <span class='ocrx_word' id='word_1_716' title='bbox 3095 4873 3307 4927; x_wconf 74' lang='lat' dir='ltr'><strong>Petrum</strong></span> <span class='ocrx_word' id='word_1_717' title='bbox 3338 4885 3385 4926; x_wconf 89' lang='lat' dir='ltr'><strong>et</strong></span> <span class='ocrx_word' id='word_1_718' title='bbox 3442 4870 3701 4926; x_wconf 78' lang='lat' dir='ltr'><strong>Joannem</strong></span> 
     </span>
    </p>
   </div>
   <div class='ocr_carea' id='block_1_93' title="bbox 2730 4050 3117 4108">
    <p class='ocr_par' dir='ltr' id='par_1_93' title="bbox 2730 4050 3117 4108">
     <span class='ocr_line' id='line_1_93' title="bbox 2730 4050 3117 4108; baseline -0.013 0"><span class='ocrx_word' id='word_1_719' title='bbox 2730 4051 2959 4108; x_wconf 74' lang='lat' dir='ltr'><strong>CAPUT</strong></span> <span class='ocrx_word' id='word_1_720' title='bbox 3028 4050 3117 4104; x_wconf 89' lang='lat' dir='ltr'><strong>lll.</strong></span> 
     </span>
    </p>
   </div>
   <div class='ocr_carea' id='block_1_94' title="bbox 2205 4140 3705 4205">
    <p class='ocr_par' dir='ltr' id='par_1_94' title="bbox 2205 4140 3705 4205">
     <span class='ocr_line' id='line_1_94' title="bbox 2205 4140 3705 4205; baseline -0.004 -4"><span class='ocrx_word' id='word_1_721' title='bbox 2205 4150 2369 4205; x_wconf 71' lang='lat' dir='ltr'><strong>Vens.</strong></span> <span class='ocrx_word' id='word_1_722' title='bbox 2391 4152 2442 4203; x_wconf 78' lang='grc'>1.</span> <span class='ocrx_word' id='word_1_723' title='bbox 2466 4148 2583 4203; x_wconf 89' lang='lat' dir='ltr'><strong>Una</strong></span> <span class='ocrx_word' id='word_1_724' title='bbox 2613 4158 2790 4202; x_wconf 80' lang='lat' dir='ltr'><strong>autem</strong></span> <span class='ocrx_word' id='word_1_725' title='bbox 2816 4145 3006 4199; x_wconf 75' lang='lat' dir='ltr'><strong>Petrus</strong></span> <span class='ocrx_word' id='word_1_726' title='bbox 3033 4154 3080 4196; x_wconf 88' lang='lat' dir='ltr'><strong>et</strong></span> <span class='ocrx_word' id='word_1_727' title='bbox 3102 4141 3334 4195; x_wconf 83' lang='lat' dir='ltr'><strong>Joannes</strong></span> <span class='ocrx_word' id='word_1_728' title='bbox 3356 4140 3705 4196; x_wconf 67' lang='lat' dir='ltr'><strong>ascendebant</strong></span> 
     </span>
    </p>
   </div>
   <div class='ocr_carea' id='block_1_95' title="bbox 464 4967 1783 5036">
    <p class='ocr_par' dir='ltr' id='par_1_95' title="bbox 464 4967 1783 5036">
     <span class='ocr_line' id='line_1_95' title="bbox 464 4967 1783 5036; baseline -0.002 -13"><span class='ocrx_word' id='word_1_729' title='bbox 464 4968 615 5023; x_wconf 80' lang='grc' dir='ltr'>ιέναι</span> <span class='ocrx_word' id='word_1_730' title='bbox 637 4972 725 5036; x_wconf 85' lang='grc' dir='ltr'><strong>είς</strong></span> <span class='ocrx_word' id='word_1_731' title='bbox 758 4969 823 5022; x_wconf 83' lang='grc' dir='ltr'>τὸ</span> <span class='ocrx_word' id='word_1_732' title='bbox 848 4970 1029 5036; x_wconf 67' lang='grc' dir='ltr'>ἱερὸν,</span> <span class='ocrx_word' id='word_1_733' title='bbox 1060 4967 1253 5035; x_wconf 72' lang='grc' dir='ltr'>ἠρώτα</span> <span class='ocrx_word' id='word_1_734' title='bbox 1280 4968 1699 5032; x_wconf 70' lang='grc' dir='ltr'>ἐλεημοσύνην</span> <span class='ocrx_word' id='word_1_735' title='bbox 1718 4967 1783 5021; x_wconf 72' lang='grc'>⁷⁸.</span> 
     </span>
    </p>
   </div>
   <div class='ocr_carea' id='block_1_96' title="bbox 549 5053 2036 5125">
    <p class='ocr_par' dir='ltr' id='par_1_96' title="bbox 549 5053 2036 5125">
     <span class='ocr_line' id='line_1_96' title="bbox 549 5053 2036 5125; baseline -0.003 -12"><span class='ocrx_word' id='word_1_736' title='bbox 549 5060 856 5124; x_wconf 81' lang='grc' dir='ltr'>Ἀτενίσας</span> <span class='ocrx_word' id='word_1_737' title='bbox 888 5058 956 5110; x_wconf 83' lang='grc' dir='ltr'>δὲ</span> <span class='ocrx_word' id='word_1_738' title='bbox 984 5056 1208 5125; x_wconf 80' lang='grc' dir='ltr'>Πέτρος</span> <span class='ocrx_word' id='word_1_739' title='bbox 1232 5057 1319 5121; x_wconf 80' lang='grc' dir='ltr'><strong>είς</strong></span> <span class='ocrx_word' id='word_1_740' title='bbox 1354 5057 1541 5107; x_wconf 72' lang='grc' dir='ltr'>αίτὸν</span> <span class='ocrx_word' id='word_1_741' title='bbox 1569 5056 1693 5109; x_wconf 87' lang='grc' dir='ltr'>σὺν</span> <span class='ocrx_word' id='word_1_742' title='bbox 1718 5053 1798 5120; x_wconf 84' lang='grc' dir='ltr'>τῷ</span> <span class='ocrx_word' id='word_1_743' title='bbox 1840 5055 2036 5109; x_wconf 79' lang='grc' dir='ltr'><strong>Ἰωάν-</strong></span> 
     </span>
    </p>
   </div>
   <div class='ocr_carea' id='block_1_97' title="bbox 466 5145 1470 5220">
    <p class='ocr_par' dir='ltr' id='par_1_97' title="bbox 466 5145 1470 5220">
     <span class='ocr_line' id='line_1_97' title="bbox 466 5145 1470 5220; baseline -0.011 -12"><span class='ocrx_word' id='word_1_744' title='bbox 466 5171 565 5220; x_wconf 79' lang='grc' dir='ltr'>νῃ,</span> <span class='ocrx_word' id='word_1_745' title='bbox 590 5149 764 5207; x_wconf 79' lang='grc' dir='ltr'>εἷπον</span> <span class='ocrx_word' id='word_1_746' title='bbox 784 5153 827 5182; x_wconf 84' lang='grc'><strong>⁷³</strong></span> <span class='ocrx_word' id='word_1_747' title='bbox 851 5167 864 5179; x_wconf 91' lang='grc'>·</span> <span class='ocrx_word' id='word_1_748' title='bbox 905 5148 1152 5217; x_wconf 71' lang='grc' dir='ltr'><strong>Βλέψον</strong></span> <span class='ocrx_word' id='word_1_749' title='bbox 1178 5149 1266 5212; x_wconf 84' lang='grc' dir='ltr'><strong>είς</strong></span> <span class='ocrx_word' id='word_1_750' title='bbox 1293 5145 1470 5214; x_wconf 70' lang='grc' dir='ltr'>ἡμᾶς.</span> 
     </span>
    </p>
   </div>
   <div class='ocr_carea' id='block_1_98' title="bbox 549 5235 2029 5309">
    <p class='ocr_par' dir='ltr' id='par_1_98' title="bbox 549 5235 2029 5309">
     <span class='ocr_line' id='line_1_98' title="bbox 549 5235 2029 5309; baseline -0.005 -11"><span class='ocrx_word' id='word_1_751' title='bbox 549 5246 614 5298; x_wconf 88' lang='lat'><strong>&#39;0</strong></span> <span class='ocrx_word' id='word_1_752' title='bbox 642 5245 710 5298; x_wconf 76' lang='grc' dir='ltr'>δὲ</span> <span class='ocrx_word' id='word_1_753' title='bbox 735 5242 970 5309; x_wconf 76' lang='grc' dir='ltr'>ἐπεῖχεν</span> <span class='ocrx_word' id='word_1_754' title='bbox 988 5238 1212 5304; x_wconf 82' lang='grc' dir='ltr'>αὐτοῖς,</span> <span class='ocrx_word' id='word_1_755' title='bbox 1233 5235 1586 5305; x_wconf 77' lang='grc' dir='ltr'>προσδοκῶν</span> <span class='ocrx_word' id='word_1_756' title='bbox 1607 5254 1659 5289; x_wconf 79' lang='grc' dir='ltr'><strong>τι</strong></span> <span class='ocrx_word' id='word_1_757' title='bbox 1679 5236 1815 5305; x_wconf 77' lang='grc' dir='ltr'>παρ’</span> <span class='ocrx_word' id='word_1_758' title='bbox 1834 5238 2029 5290; x_wconf 64' lang='grc' dir='ltr'>αὐτῶν</span> 
     </span>
    </p>
   </div>
   <div class='ocr_carea' id='block_1_99' title="bbox 464 5335 693 5391">
    <p class='ocr_par' dir='ltr' id='par_1_99' title="bbox 464 5335 693 5391">
     <span class='ocr_line' id='line_1_99' title="bbox 464 5335 693 5391; baseline 0.004 -1"><span class='ocrx_word' id='word_1_759' title='bbox 464 5335 693 5391; x_wconf 72' lang='grc' dir='ltr'>λαϐεῖν.</span> 
     </span>
    </p>
   </div>
   <div class='ocr_carea' id='block_1_100' title="bbox 537 5418 2026 5489">
    <p class='ocr_par' dir='ltr' id='par_1_100' title="bbox 537 5418 2026 5489">
     <span class='ocr_line' id='line_1_100' title="bbox 537 5418 2026 5489; baseline -0.004 -13"><span class='ocrx_word' id='word_1_760' title='bbox 537 5418 687 5477; x_wconf 67' lang='lat' dir='ltr'><strong>Bias</strong></span> <span class='ocrx_word' id='word_1_761' title='bbox 737 5420 806 5474; x_wconf 83' lang='grc' dir='ltr'>δὲ</span> <span class='ocrx_word' id='word_1_762' title='bbox 849 5419 1104 5489; x_wconf 77' lang='grc' dir='ltr'>Πέτρος·</span> <span class='ocrx_word' id='word_1_763' title='bbox 1153 5419 1334 5489; x_wconf 62' lang='grc' dir='ltr'>Ἁργύλ</span> <span class='ocrx_word' id='word_1_764' title='bbox 1357 5435 1449 5472; x_wconf 86' lang='grc' dir='ltr'><strong>ιον</strong></span> <span class='ocrx_word' id='word_1_765' title='bbox 1477 5420 1573 5470; x_wconf 78' lang='grc' dir='ltr'>καί</span> <span class='ocrx_word' id='word_1_766' title='bbox 1610 5419 1867 5486; x_wconf 77' lang='grc' dir='ltr'>χρυσίον</span> <span class='ocrx_word' id='word_1_767' title='bbox 1916 5420 2026 5486; x_wconf 82' lang='grc' dir='ltr'><strong>οὐχ</strong></span> 
     </span>
    </p>
   </div>
   <div class='ocr_carea' id='block_1_101' title="bbox 2135 4964 3557 5038">
    <p class='ocr_par' dir='ltr' id='par_1_101' title="bbox 2135 4964 3557 5038">
     <span class='ocr_line' id='line_1_101' title="bbox 2135 4964 3557 5038; baseline -0.006 -15"><span class='ocrx_word' id='word_1_768' title='bbox 2135 4972 2469 5038; x_wconf 63' lang='lat' dir='ltr'><strong>ingressuros</strong></span> <span class='ocrx_word' id='word_1_769' title='bbox 2498 4969 2551 5021; x_wconf 89' lang='lat' dir='ltr'><strong>in</strong></span> <span class='ocrx_word' id='word_1_770' title='bbox 2582 4967 2854 5037; x_wconf 85' lang='lat' dir='ltr'><strong>templum,</strong></span> <span class='ocrx_word' id='word_1_771' title='bbox 2892 4964 3113 5036; x_wconf 88' lang='lat' dir='ltr'><strong>rogabat</strong></span> <span class='ocrx_word' id='word_1_772' title='bbox 3144 4965 3557 5033; x_wconf 79' lang='lat' dir='ltr'><strong>eleemo..ynam.</strong></span> 
     </span>
    </p>
   </div>
   <div class='ocr_carea' id='block_1_102' title="bbox 2210 5053 3702 5112">
    <p class='ocr_par' dir='ltr' id='par_1_102' title="bbox 2210 5053 3702 5112">
     <span class='ocr_line' id='line_1_102' title="bbox 2210 5053 3702 5112; baseline -0.006 -3"><span class='ocrx_word' id='word_1_773' title='bbox 2210 5056 2373 5112; x_wconf 70' lang='lat' dir='ltr'><strong>Vens.</strong></span> <span class='ocrx_word' id='word_1_774' title='bbox 2401 5057 2455 5110; x_wconf 73' lang='grc'>4.</span> <span class='ocrx_word' id='word_1_775' title='bbox 2494 5055 2730 5109; x_wconf 80' lang='lat' dir='ltr'><strong>Intuitus</strong></span> <span class='ocrx_word' id='word_1_776' title='bbox 2769 5063 2943 5107; x_wconf 87' lang='lat' dir='ltr'><strong>autem</strong></span> <span class='ocrx_word' id='word_1_777' title='bbox 2966 5053 3161 5107; x_wconf 79' lang='lat' dir='ltr'><strong>Petrus</strong></span> <span class='ocrx_word' id='word_1_778' title='bbox 3197 5054 3250 5106; x_wconf 85' lang='lat' dir='ltr'><strong>in</strong></span> <span class='ocrx_word' id='word_1_779' title='bbox 3281 5069 3399 5106; x_wconf 84' lang='lat' dir='ltr'><strong>eum</strong></span> <span class='ocrx_word' id='word_1_780' title='bbox 3430 5068 3534 5104; x_wconf 85' lang='lat' dir='ltr'><strong>una</strong></span> <span class='ocrx_word' id='word_1_781' title='bbox 3583 5064 3702 5102; x_wconf 83' lang='lat' dir='ltr'><strong>cum</strong></span> 
     </span>
    </p>
   </div>
   <div class='ocr_carea' id='block_1_103' title="bbox 2130 5145 2995 5212">
    <p class='ocr_par' dir='ltr' id='par_1_103' title="bbox 2130 5145 2995 5212">
     <span class='ocr_line' id='line_1_103' title="bbox 2130 5145 2995 5212; baseline -0.002 -13"><span class='ocrx_word' id='word_1_782' title='bbox 2130 5146 2343 5201; x_wconf 77' lang='lat' dir='ltr'><strong>Joanne</strong></span> <span class='ocrx_word' id='word_1_783' title='bbox 2377 5147 2512 5199; x_wconf 67' lang='lat' dir='ltr'><strong>dixit</strong></span> <span class='ocrx_word' id='word_1_784' title='bbox 2537 5162 2556 5199; x_wconf 90' lang='lat'><strong><em>:</em></strong></span> <span class='ocrx_word' id='word_1_785' title='bbox 2578 5146 2757 5212; x_wconf 78' lang='lat' dir='ltr'><strong>Aspice</strong></span> <span class='ocrx_word' id='word_1_786' title='bbox 2780 5145 2848 5197; x_wconf 86' lang='lat' dir='ltr'><strong>ad</strong></span> <span class='ocrx_word' id='word_1_787' title='bbox 2878 5159 2995 5197; x_wconf 82' lang='lat' dir='ltr'><strong>nos.</strong></span> 
     </span>
    </p>
   </div>
   <div class='ocr_carea' id='block_1_104' title="bbox 2212 5234 3704 5298">
    <p class='ocr_par' dir='ltr' id='par_1_104' title="bbox 2212 5234 3704 5298">
     <span class='ocr_line' id='line_1_104' title="bbox 2212 5234 3704 5298; baseline -0.005 -6"><span class='ocrx_word' id='word_1_788' title='bbox 2212 5239 2376 5293; x_wconf 68' lang='lat' dir='ltr'><strong>Vens.</strong></span> <span class='ocrx_word' id='word_1_789' title='bbox 2415 5239 2468 5291; x_wconf 83' lang='lat'><strong>5.</strong></span> <span class='ocrx_word' id='word_1_790' title='bbox 2497 5237 2561 5290; x_wconf 82' lang='lat' dir='ltr'><strong>At</strong></span> <span class='ocrx_word' id='word_1_791' title='bbox 2596 5236 2686 5289; x_wconf 86' lang='lat' dir='ltr'><strong>ille</strong></span> <span class='ocrx_word' id='word_1_792' title='bbox 2708 5236 3005 5290; x_wconf 82' lang='lat' dir='ltr'><strong>intendebat</strong></span> <span class='ocrx_word' id='word_1_793' title='bbox 3029 5234 3208 5289; x_wconf 82' lang='lat' dir='ltr'><strong>oculos</strong></span> <span class='ocrx_word' id='word_1_794' title='bbox 3234 5237 3291 5287; x_wconf 83' lang='lat' dir='ltr'><strong>in</strong></span> <span class='ocrx_word' id='word_1_795' title='bbox 3345 5249 3454 5296; x_wconf 84' lang='lat' dir='ltr'><strong>eos,</strong></span> <span class='ocrx_word' id='word_1_796' title='bbox 3484 5246 3704 5298; x_wconf 84' lang='lat' dir='ltr'><strong>sperans</strong></span> 
     </span>
    </p>
   </div>
   <div class='ocr_carea' id='block_1_105' title="bbox 2136 5328 2995 5400">
    <p class='ocr_par' dir='ltr' id='par_1_105' title="bbox 2136 5328 2995 5400">
     <span class='ocr_line' id='line_1_105' title="bbox 2136 5328 2995 5400; baseline -0.008 -13"><span class='ocrx_word' id='word_1_797' title='bbox 2136 5350 2189 5387; x_wconf 86' lang='lat' dir='ltr'><strong>se</strong></span> <span class='ocrx_word' id='word_1_798' title='bbox 2211 5332 2413 5400; x_wconf 68' lang='lat' dir='ltr'><strong>aliquid</strong></span> <span class='ocrx_word' id='word_1_799' title='bbox 2448 5343 2780 5399; x_wconf 79' lang='lat' dir='ltr'><strong>accepturum</strong></span> <span class='ocrx_word' id='word_1_800' title='bbox 2810 5328 2875 5381; x_wconf 84' lang='lat' dir='ltr'><strong>ab</strong></span> <span class='ocrx_word' id='word_1_801' title='bbox 2896 5330 2995 5382; x_wconf 86' lang='lat' dir='ltr'><strong>eis.</strong></span> 
     </span>
    </p>
   </div>
   <div class='ocr_carea' id='block_1_106' title="bbox 2212 5418 3701 5485">
    <p class='ocr_par' dir='ltr' id='par_1_106' title="bbox 2212 5418 3701 5485">
     <span class='ocr_line' id='line_1_106' title="bbox 2212 5418 3701 5485; baseline -0.005 -9"><span class='ocrx_word' id='word_1_802' title='bbox 2212 5422 2375 5477; x_wconf 66' lang='lat' dir='ltr'><strong>\‘Ltts.</strong></span> <span class='ocrx_word' id='word_1_803' title='bbox 2408 5422 2460 5475; x_wconf 83' lang='lat'><strong>6.</strong></span> <span class='ocrx_word' id='word_1_804' title='bbox 2487 5420 2678 5474; x_wconf 80' lang='lat' dir='ltr'><strong>Petrus</strong></span> <span class='ocrx_word' id='word_1_805' title='bbox 2709 5431 2880 5473; x_wconf 81' lang='lat' dir='ltr'><strong>autem</strong></span> <span class='ocrx_word' id='word_1_806' title='bbox 2906 5419 3081 5471; x_wconf 75' lang='lat' dir='ltr'><strong>dixit:</strong></span> <span class='ocrx_word' id='word_1_807' title='bbox 3110 5418 3391 5485; x_wconf 79' lang='lat' dir='ltr'><strong>Argentum</strong></span> <span class='ocrx_word' id='word_1_808' title='bbox 3429 5425 3479 5467; x_wconf 84' lang='lat' dir='ltr'><strong>et</strong></span> <span class='ocrx_word' id='word_1_809' title='bbox 3511 5429 3701 5470; x_wconf 84' lang='lat' dir='ltr'><strong>aurum</strong></span> 
     </span>
    </p>
   </div>
   <div class='ocr_carea' id='block_1_107' title="bbox 1644 5597 2509 5660">
    <p class='ocr_par' dir='ltr' id='par_1_107' title="bbox 1644 5597 2509 5660">
     <span class='ocr_line' id='line_1_107' title="bbox 1644 5597 2509 5660; baseline -0.003 -2"><span class='ocrx_word' id='word_1_810' title='bbox 1644 5599 1842 5659; x_wconf 66' lang='lat' dir='ltr'><strong>Variae</strong></span> <span class='ocrx_word' id='word_1_811' title='bbox 1879 5597 2192 5659; x_wconf 86' lang='lat' dir='ltr'><strong>lectiones</strong></span> <span class='ocrx_word' id='word_1_812' title='bbox 2224 5604 2285 5659; x_wconf 86' lang='lat' dir='ltr'><strong>et</strong></span> <span class='ocrx_word' id='word_1_813' title='bbox 2320 5605 2509 5660; x_wconf 76' lang='lat' dir='ltr'><strong>noun.</strong></span> 
     </span>
    </p>
   </div>
   <div class='ocr_carea' id='block_1_108' title="bbox 532 5702 1880 5775">
    <p class='ocr_par' dir='ltr' id='par_1_108' title="bbox 532 5702 1880 5775">
     <span class='ocr_line' id='line_1_108' title="bbox 532 5702 1880 5775; baseline -0.003 -17"><span class='ocrx_word' id='word_1_814' title='bbox 532 5708 578 5738; x_wconf 81' lang='lat'><strong>“</strong></span> <span class='ocrx_word' id='word_1_815' title='bbox 604 5706 711 5775; x_wconf 75' lang='grc' dir='ltr'><strong>γὰρ</strong></span> <span class='ocrx_word' id='word_1_816' title='bbox 734 5706 1025 5758; x_wconf 84' lang='lat' dir='ltr'><strong>desiderari</strong></span> <span class='ocrx_word' id='word_1_817' title='bbox 1057 5705 1282 5758; x_wconf 79' lang='lat' dir='ltr'><strong>videtur.</strong></span> <span class='ocrx_word' id='word_1_818' title='bbox 1360 5704 1402 5775; x_wconf 75' lang='lat'><strong>‘_’</strong></span> <span class='ocrx_word' id='word_1_819' title='bbox 1435 5702 1880 5766; x_wconf 69' lang='grc' dir='ltr'>ἀπέσπουν,εν‹ιι.</span> 
     </span>
    </p>
   </div>
   <div class='ocr_carea' id='block_1_109' title="bbox 464 5771 1983 5846">
    <p class='ocr_par' dir='ltr' id='par_1_109' title="bbox 464 5771 1983 5846">
     <span class='ocr_line' id='line_1_109' title="bbox 464 5771 1983 5846; baseline -0.003 -15"><span class='ocrx_word' id='word_1_820' title='bbox 464 5771 692 5846; x_wconf 68' lang='grc' dir='ltr'>ιίιιριιιὶἐ</span> <span class='ocrx_word' id='word_1_821' title='bbox 727 5778 961 5841; x_wconf 75' lang='lat' dir='ltr'><strong>additur,</strong></span> <span class='ocrx_word' id='word_1_822' title='bbox 993 5777 1193 5830; x_wconf 61' lang='grc' dir='ltr'>λαίιεῖν.</span> <span class='ocrx_word' id='word_1_823' title='bbox 1272 5775 1313 5803; x_wconf 77' lang='grc'>⁷³</span> <span class='ocrx_word' id='word_1_824' title='bbox 1352 5771 1496 5837; x_wconf 75' lang='grc' dir='ltr'>εἷπε,</span> <span class='ocrx_word' id='word_1_825' title='bbox 1525 5785 1599 5825; x_wconf 67' lang='lat' dir='ltr'><strong>tat</strong></span> <span class='ocrx_word' id='word_1_826' title='bbox 1635 5794 1681 5825; x_wconf 75' lang='grc' dir='ltr'><strong>ιι.</strong></span> <span class='ocrx_word' id='word_1_827' title='bbox 1716 5778 1983 5827; x_wconf 59' lang='grc' dir='ltr'>ιιιέειιί...</span> 
     </span>
    </p>
   </div>
   <div class='ocr_carea' id='block_1_110' title="bbox 1961 5703 2663 5775">
    <p class='ocr_par' dir='ltr' id='par_1_110' title="bbox 1961 5703 2663 5775">
     <span class='ocr_line' id='line_1_110' title="bbox 1961 5703 2663 5775; baseline -0.004 -20"><span class='ocrx_word' id='word_1_828' title='bbox 1961 5703 2005 5733; x_wconf 74' lang='grc'><strong>⁸⁸</strong></span> <span class='ocrx_word' id='word_1_829' title='bbox 2039 5703 2487 5775; x_wconf 71' lang='grc' dir='ltr'>μετεροθμίζετο,</span> <span class='ocrx_word' id='word_1_830' title='bbox 2529 5712 2663 5753; x_wconf 82' lang='lat' dir='ltr'><strong>erat.</strong></span> 
     </span>
    </p>
   </div>
   <div class='ocr_carea' id='block_1_111' title="bbox 2742 5697 3703 5769">
    <p class='ocr_par' dir='ltr' id='par_1_111' title="bbox 2742 5697 3703 5769">
     <span class='ocr_line' id='line_1_111' title="bbox 2742 5697 3703 5769; baseline 0.007 -21"><span class='ocrx_word' id='word_1_831' title='bbox 2742 5701 2786 5731; x_wconf 72' lang='grc' dir='ltr'>δ’</span> <span class='ocrx_word' id='word_1_832' title='bbox 2817 5697 3039 5764; x_wconf 69' lang='grc' dir='ltr'>ἐννέιτην</span> <span class='ocrx_word' id='word_1_833' title='bbox 3057 5706 3133 5749; x_wconf 75' lang='lat' dir='ltr'><strong>est</strong></span> <span class='ocrx_word' id='word_1_834' title='bbox 3167 5698 3217 5750; x_wconf 85' lang='lat' dir='ltr'><strong>in</strong></span> <span class='ocrx_word' id='word_1_835' title='bbox 3242 5699 3487 5769; x_wconf 77' lang='lat' dir='ltr'><strong>vulgatis.</strong></span> <span class='ocrx_word' id='word_1_836' title='bbox 3564 5700 3610 5732; x_wconf 84' lang='lat'>&quot;</span> <span class='ocrx_word' id='word_1_837' title='bbox 3633 5698 3703 5755; x_wconf 69' lang='lat' dir='ltr'><strong>[At</strong></span> 
     </span>
    </p>
   </div>
  </div>
