4068 6210
472 286 572 350 561

1208 296 1615 360 EXI’OSITIO
1660 301 1738 360 ΙΝ
1775 304 1957 363 ACTA
1996 304 2570 367 APOSTOLORUM.
2600 331 2670 342 ·-
2699 309 2858 370 CAP.
2902 310 3017 371 III.

3616 308 3722 370 562

476 398 818 467 apprehensa
877 417 1042 457 manu
1099 405 1220 476 ejus
1278 410 1492 474 dextra,
1563 409 1777 479 inquit:
1843 410 2116 466 Excitavit
2155 412 2328 468 illum.
2371 415 2481 471 lloc
2506 418 2851 475 manifestam
2881 419 3010 475 fecit
3040 417 3522 475 resurrectionem.
3582 419 3721 474 Nam

476 486 529 540 id
561 491 705 557 quod
766 507 864 561 per
912 493 1137 552 Petrum
1201 500 1381 565 nebat,
1440 504 1862 559 resurrectionis
1918 511 2035 559 erat
2074 503 2272 576 imago.

548 584 916 680 Παραχρῆμα
947 588 1015 641 δὲ
1044 591 1231 647 αὐτοῦ
1265 592 1719 662 ἐστερεώθησαν
1753 598 1812 651 al
1835 596 2057 663 βάσεις

2227 610 2334 680 37
2364 610 2436 663 Ac
2486 612 2726 680 protinus
2788 609 3088 680 conﬁrmati
3143 617 3265 663 sunt
3318 606 3468 676 pedes
3527 607 3640 675 ejus
3671 617 3729 661 et

474 668 573 722 και
608 670 681 723 τὰ
703 673 935 743 σφυρά.

545 760 654 849 Kal
704 763 1116 838 ἐξαλλόμενος
1173 773 1323 841 ἔστη
1384 779 1482 830 καὶ
1528 784 1899 849 περιεπάτειο
1948 781 2046 834 καὶ

470 848 724 916 εῖσῆλθε
746 852 869 905 σὺν
896 858 1104 925 αὐτοῖς
1136 862 1226 927 εις
1243 862 1311 916 τὸ
1349 865 1512 932 ἱερὸν
1564 848 1905 936 περιπατῶν
1950 870 2047 925 και

471 939 835 1009 ἁλλόμενος,
867 946 964 1001 καὶ
999 949 1187 1003 αἰνῶν
1207 951 1315 1006 τὸν
1339 956 1507 1012 Θεόν.

546 1033 655 1087 Καὶ
672 1032 835 1089 εἶδεν
857 1039 1045 1092 αὐτὸν
1073 1039 1193 1108 πᾶς
1221 1045 1255 1098 ό
1275 1044 1424 1113 λαός
1464 1051 1905 1116 περιπατοῦντα
1950 1052 2048 1105 καὶ

474 1123 763 1177 αἱνοῦντα
798 1127 903 1179 τὸν
934 1130 1105 1185 Θεόν.

561 1212 1007 1285 Ἐπεγίνωσκόν
1036 1239 1100 1276 τε
1125 1225 1332 1292 αὑτὸν,
1366 1229 1455 1283 ὅτι
1497 1227 1676 1298 οὗτος
1717 1228 1797 1302 ἦν
1829 1238 1863 1289 ὁ
1900 1235 2052 1304 πρὸς

475 1305 591 1398 τὴν
610 1306 1035 1379 ἐλεημοσύνην
1063 1315 1398 1386 καθήμενος
1426 1320 1524 1374 ἐπὶ
1557 1321 1631 1391 τῇ
1670 1324 1857 1392 Ωραίᾳ
1886 1327 2051 1398 πύλῃ

474 1396 583 1450 τοῦ
607 1398 768 1466 ιεροῦ
799 1414 814 1429 ’
856 1402 955 1455 καὶ
973 1403 1383 1476 ἐπλήσθησαν
1415 1411 1675 1480 θάμϐους
1703 1414 1801 1469 καὶ
1834 1396 2052 1470 ἐκστά-

474 1500 629 1553 σεως
652 1488 749 1542 ἐπὶ
764 1490 847 1556 τῷ
869 1496 1278 1564 συμϐεϐηκότι
1293 1499 1454 1566 αὐτῷ
1474 1502 1540 1557 ⁷⁸.

547 1667 881 1737 “spinarth
916 1676 1012 1728 xui.
1039 1675 1353 1747 ἀλλόμενος,
1384 1683 1661 1753 πειράζων
1720 1688 1911 1742 tauri»
1960 1699 2054 1743 καὶ

474 1756 696 1850 πλείονα
722 1760 824 1850 τὴν
873 1762 1106 1832 βάσανον
1161 1769 1498 1841 ποιούμενος,
1559 1776 1608 1827 εἰ
1668 1777 1780 1842 ἄρα
1836 1779 2054 1850 ἀληθῶς

475 1845 781 1919 ἀνωρθώθη
805 1867 821 1882 ⁸
856 1852 950 1905 καὶ
987 1854 1096 1927 γὰρ
1134 1856 1222 1909 διὰ
1244 1858 1305 1910 τὸ
1359 1862 1664 1930 παράδοξον
1687 1866 1781 1919 καὶ
1832 1845 2054 1921 ἀνέλπι-

474 1952 601 2027 ita»;
657 1939 803 2004 εἰκὸς
833 1936 903 2012 ἦν
944 1943 1041 1998 καὶ
1071 1946 1236 2000 αὐτὸν
1275 1950 1642 2019 ἀμφιδάλλειν
1672 1956 1802 2027 περὶ
1832 1957 2047 2011 ἑαυτοῦ.
2083 1949 2125 2003 Β

475 2024 631 2090 Τινὲς
658 2028 717 2082 δέ
770 2048 933 2103 φησιν
954 2033 999 2067 ⁷⁹
1021 2075 1036 2099 ,
1064 2037 1147 2090 ὅτι
1186 2039 1280 2092 καὶ
1329 2042 1518 2110 ἠγνόει
1566 2024 1890 2114 περιπατεῖν
1916 2062 1937 2079 ⁸
1965 2047 2054 2102 διὰ

474 2115 634 2170 τοῦτο
665 2121 757 2173 καὶ
783 2121 973 2194 ὥσπερ
1002 2126 1296 2198 ἀλλόμενος
1324 2131 1561 2186 ἐποιεῖτο
1594 2137 1692 2204 τὴν
1713 2136 1799 2189 διὰ
1824 2138 1933 2191 τῶν
1960 2155 2055 2191 πο-

476 2205 582 2259 δῶν
611 2207 851 2279 κίνησιν.
886 2211 1025 2283 Ὅρα
1054 2214 1127 2267 δὲ
1145 2215 1262 2278 πῶς
1303 2219 1406 2270 οὐκ
1464 2210 1697 2290 ἠρέμεν
1750 2222 1907 2277 τοῦτο
1955 2224 2055 2292 μὲν

474 2292 583 2348 ἀπὸ
607 2297 707 2366 τῆς
735 2299 932 2370 ἡδονῆς
964 2318 979 2331 ·
1011 2301 1171 2356 τοῦτο
1198 2305 1256 2358 δὲ
1296 2307 1666 2378 ἐπιστομίζων
1713 2312 1935 2375 αὐτοὺς,
1966 2313 2055 2365 ἵνα

480 2387 557 2456 μὴ
586 2391 821 2473 νομισθῇ
851 2392 1160 2463 ὑπόκρισις.
1199 2397 1299 2450 Διὰ
1340 2398 1501 2452 τοῦτο
1534 2400 1761 2471 ἥλλετο·
1824 2404 1901 2465 ὡς
1959 2405 2053 2457 καὶ

474 2481 845 2553 ἀγνοουμένου
914 2487 1098 2540 λοιπὸν
1166 2490 1354 2560 σχεδὸν
1423 2494 1532 2547 ἀπὸ
1608 2496 1701 2548 τοῦ
1792 2497 2054 2567 πράγμα-

475 2587 566 2635 τος
588 2573 656 2628 ⁶⁹.
696 2576 881 2648 Ταύτῃ
916 2578 1025 2649 γᾲρ
1052 2582 1117 2651 τῇ
1146 2581 1289 2647 λέξει
1321 2586 1642 2656 κεχρήμεθα.
1688 2588 1783 2640 ἐπὶ
1810 2588 1918 2641 τῶν
1952 2591 2052 2659 μό-

475 2662 556 2726 λις
590 2667 1028 2737 γνωριζομένων.
1102 2672 1233 2725 Ἀπὸ
1295 2673 1352 2727 δὲ
1399 2675 1500 2745 τῆς
1546 2678 1759 2742 εὐνοίας
1808 2680 1907 2749 τῆς
1974 2684 2053 2744 εἰς

476 2754 674 2821 αὐτοὺς
704 2760 799 2812 καὶ
824 2760 926 2829 τῆς
956 2764 1193 2834 στοργῆς
1210 2766 1312 2819 οὐκ
1345 2767 1641 2837 ἐχωρίζετο
1669 2770 1879 2823 αὐτῶνθ
1924 2773 2054 2837 ἴσως

474 2842 818 2912 εὐχαριστῶν
845 2848 1063 2913 αὐτοῖς’
1100 2855 1196 2904 καὶ
1224 2852 1292 2906 δι’
1329 2855 1594 2926 εὐθυμίας
1623 2858 1772 2926 ἄγων
1828 2861 2049 2924 αὐτούς.

491 2932 579 2986 Ἐν
599 2933 677 3004 τῷ
706 2936 838 3007 ἱερῷ
870 2938 927 2991 δὲ
962 2940 1022 2992 τὸ
1047 2941 1235 3012 θαῦμα
1265 2944 1478 3012 γίνεται
1503 2964 1517 2978 ·
1539 2949 1620 3011 εἰς
1648 2948 1908 3005 πλειόνων
1945 2970 2052 3006 σω-

477 3025 676 3096 τηρίαν
708 3028 802 3081 καὶ
831 3029 1128 3099 ὠφέλειαν.

548 3213 922 3280 Κρατοῦντος
943 3213 1012 3267 δὲ
1048 3216 1155 3270 τοῦ
1186 3218 1455 3286 ἱαθέντος
1480 3222 1682 3290 χὼλοῦ
1706 3223 1814 3278 τὸν
1827 3224 2055 3295 Πέτρον

478 3305 578 3355 καὶ
627 3303 927 3372 Ἰωάννην,
985 3309 1329 3378 συνέδραμε
1387 3315 1538 3382 πρὸς
1582 3315 1806 3382 αὐτοὺς
1863 3320 1985 3385 πᾶς
2024 3323 2057 3375 ὁ

475 3394 629 3460 λαὸς
682 3395 781 3449 ἐπὶ
829 3395 905 3464 τῇ
944 3391 1134 3466 στοᾷ,
1204 3399 1278 3468 τῇ
1341 3407 1685 3477 καλουμένῃ
1744 3408 2058 3478 Σολομῶν-

477 3504 582 3551 τος
598 3488 641 3520 ⁸⁸
677 3490 980 3556 ἔκθαμϐοι.

562 3579 731 3634 Ἰδὼν
780 3581 849 3635 δὲ
878 3586 1103 3652 Πέτρος
1132 3586 1498 3656 ἀπεκρίνατο
1549 3590 1699 3658 πρές
1732 3592 1839 3645 τὸν
1862 3595 2015 3647 λαόν
2039 3611 2056 3626 ο

482 3672 723 3742 Ἄνδρες
769 3676 1136 3743 Ἰσραηλῖται
1159 3697 1173 3711 ’
1205 3683 1264 3735 τί
1291 3682 1615 3751 θαυμάζετε
1635 3686 1732 3739 ἐπι
1756 3687 1945 3751 τούτῳ
1970 3704 1990 3751 ;
2016 3687 2055 3756 ἢ

480 3763 724 3832 ἡμῖνὲτί
750 3766 1074 3834 ἀτενίζετε,
1121 3772 1200 3837 ὠς
1225 3772 1343 3840 ὶδιᾳ
1397 3773 1645 3844 δυνάμει
1696 3777 1737 3845 ἢ
1784 3780 2058 3848 εὐσεϐείᾳ

478 3857 839 3922 πεποιηκόσι
861 3858 968 3913 τοῦ
998 3863 1345 3928 περιπατεῖν
1371 3867 1558 3918 αὐτόν
1578 3883 1600 3929 ;

567 3945 627 4000 '0
667 3948 812 4014 Θεὸς
864 3950 1123 4020 Ἀϐραὰμ
1181 3954 1281 4007 καὶ
1349 3957 1546 4010 Ἰσαὰκ
1602 3959 1698 4011 καὶ
1766 3961 1985 4025 Ἰακὼϐ,
2024 3968 2058 4018 ὀ

484 4037 631 4103 Θεὸς
660 4038 778 4091 τῶν
841 4040 1114 4109 πατέρων
1176 4044 1345 4112 ἡμῶν
1395 4045 1653 4111 ἐδόξασε
1716 4050 1823 4103 τὸν
1873 4052 2059 4107 Παῖδα

481 4128 667 4183 αὐτοῦ
700 4131 940 4197 Ἰησοῦν
969 4149 986 4166 ·
1024 4133 1098 4187 ὃν
1134 4135 1303 4204 ὑμεῖς
1315 4135 1433 4205 μὲν
1456 4138 1503 4170 ⁸¹
1526 4139 1906 4206 παρεδώκατε
1958 4144 2057 4198 καὶ

483 4219 828 4289 ἡρςῆσθητε
873 4224 922 4256 ⁸³
957 4226 1144 4279 αὑτὸν
1190 4228 1341 4282 κατὰ
1406 4230 1731 4298 πρόσωπον
1770 4234 2057 4303 Πιλάτου,

483 4312 803 4379 κρίναντος
829 4315 1066 4372 ἐκείνου
1090 4318 1404 4374 ἀπολύειν.

565 4403 759 4472 Ὑμεῖς
792 4404 861 4459 δὲ
893 4409 1001 4460 τὸν
1027 4408 1203 4477 ἅγιον
1246 4415 1345 4463 καὶ
1402 4409 1637 4466 δίκαιον
1686 4413 2057 4484 ἠρνήσασθε,

487 4494 585 4547 καὶ
619 4496 931 4565 ᾐτήσασθε
961 4498 1150 4567 ἄνδρα
1182 4500 1371 4570 φονέα
1403 4503 1762 4572 χαρισθῆναι
1785 4506 1952 4574 ὑμῖν.

2154 702 2272 755 tali.

2225 792 2387 849 Vens.
2418 795 2471 848 8.
2509 793 2572 847 Et
2604 793 2846 849 exsiliens
2880 793 3054 846 stabat
3079 800 3127 846 ει
3155 789 3444 851 incedebat,
3466 791 3726 861 ingrediea

2154 891 2405 956 baturque
2430 902 2548 939 cum
2597 885 2704 939 illis
2748 887 2799 939 in
2826 885 3092 954 templum,
3136 881 3415 937 ambulans
3441 890 3491 936 et
3525 882 3721 936 saliens

2156 978 2419 1049 Deumque
2455 979 2704 1033 laudans.

2227 1071 2387 1127 Vens.
2418 1071 2473 1127 9.
2513 1071 2581 1125 Et
2615 1067 2743 1123 vidit
2768 1068 2920 1121 illum
2946 1074 3165 1120 cunctus
3216 1063 3441 1131 populus
3481 1064 3727 1117 inceden—

2153 1175 2273 1226 tem,
2318 1163 2580 1232 Deumque
2607 1160 2914 1214 laudantem
2945 1175 2965 1222 ;
3534 1228 3538 1232 Δ

2226 1255 2389 1311 Vens.
2421 1253 2507 1309 10.
2548 1251 2617 1305 Ει
2650 1251 2860 1321 agnovit
2885 1249 3038 1303 illum
3076 1263 3186 1302 esse
3204 1261 3345 1310 eum,
3375 1247 3463 1317 qui
3497 1245 3727 1299 eleemoo

2154 1365 2298 1419 syna:
2320 1346 2554 1416 petenda:
2569 1360 2730 1398 causa
2760 1343 2939 1397 sedere
2967 1341 3156 1402 solitus
3186 1348 3301 1392 erat
3328 1337 3396 1391 ad
3418 1336 3719 1404 Speciosam

2152 1445 2360 1505 portam
2390 1435 2568 1502 templi
2597 1441 2689 1486 :et
2718 1430 2900 1499 repleti
2945 1438 3068 1483 sunt
3103 1435 3315 1496 stupore
3342 1436 3392 1480 et
3444 1427 3634 1489 extasi,
3667 1423 3721 1475 id

2154 1535 2231 1580 est
2282 1524 2468 1578 utentis
2513 1518 2851 1581 alienatione,
2900 1524 3111 1585 propter
3142 1514 3216 1577 id,
3265 1512 3403 1582 quod
3452 1510 3722 1564 acciderat

2154 1617 2260 1673 illi.

2225 1706 2528 1762 Ambulans
2560 1716 2614 1759 et
2649 1703 2852 1760 saliens
2889 1716 2903 1752 :
2942 1709 3163 1755 tentans
3214 1699 3474 1765 seipsum,
3512 1694 3722 1761 majus-

2156 1806 2263 1861 que
2302 1788 2601 1858 periculum
2659 1784 2882 1848 faciens,
2914 1797 2983 1835 an
3011 1796 3141 1836 vere
3201 1779 3451 1832 videlicet
3498 1783 3724 1830 sanatus

2158 1890 2212 1936 et
2235 1880 2521 1934 restitutus
2543 1880 2708 1930 esset.
2738 1871 2947 1926 Etenim
2978 1878 3200 1940 propter
3225 1867 3328 1931 rei,
3358 1880 3480 1935 qua:
3529 1872 3723 1934 praeter

2155 1986 2307 2040 spem
2340 1966 2636 2031 acciderat,
2663 1963 2978 2027 novitatem,
3017 1959 3274 2016 credibile
3310 1963 3415 2020 est,
3444 1955 3608 2010 etiam
3658 1952 3727 2006 il-

2156 2064 2267 2117 lum
2310 2061 2490 2130 ipsum
2517 2056 2586 2113 de
2621 2070 2743 2112 sese
2769 2053 3071 2110 dubitasse.
3116 2050 3373 2105 Nonnulli
3416 2055 3598 2101 autem
3639 2045 3723 2098 di-

2154 2161 2283 2210 cunt
2305 2152 2459 2206 illum
2490 2149 2655 2205 etiam
2676 2145 2982 2201 nescivisse
3010 2140 3290 2203 incedere,
3329 2147 3491 2207 atque
3517 2135 3724 2191 idcirco

2155 2258 2413 2315 tanquam
2443 2241 2729 2297 salientem
2753 2238 2949 2308 pedum
2980 2243 3187 2289 motum
3217 2230 3434 2286 fecisse.
3459 2226 3594 2282 Vide
3624 2241 3726 2280 au-

2154 2346 2286 2400 tem,
2328 2341 2389 2389 ut
2441 2347 2548 2388 non
2577 2330 2846 2401 quiescat,
2882 2325 3080 2396 partim
3109 2321 3332 2392 quidem
3391 2333 3500 2388 prae
3526 2316 3725 2388 gaudio

2153 2436 2315 2497 atque
2346 2425 2553 2487 latitia,
2585 2420 2779 2490 partim
2805 2425 2985 2473 autem
3027 2415 3136 2470 illis
3159 2428 3221 2468 os
3243 2412 3531 2474 obturans,
3561 2423 3628 2462 ne
3657 2406 3727 2462 si-

2155 2519 2382 2572 mulatio
2410 2531 2534 2571 esse
2563 2518 2873 2584 putaretur.
2907 2508 3116 2563 Idcirco
3153 2504 3407 2568 saliebat,
3444 2500 3603 2571 quasi
3628 2499 3721 2567 qui

2151 2611 2412 2677 deinceps
2441 2607 2605 2663 etiam
2638 2603 3028 2674 propemodum
3080 2601 3299 2669 ignotus
3325 2607 3471 2654 esset
3502 2602 3726 2666 propter

2156 2712 2270 2753 rem
2301 2703 2532 2767 gestam.
2560 2693 2675 2749 Hac
2706 2693 2853 2748 enim
2883 2691 3128 2747 dictione
3149 2689 3358 2744 utimur
3377 2688 3446 2743 de
3467 2687 3597 2752 illis,
3628 2684 3727 2754 qui

2152 2790 2241 2844 vix
2292 2796 2689 2858 agnoscuntur.
2755 2783 2983 2854 Propter
3037 2779 3467 2837 benevolentiam
3513 2784 3721 2839 autem,

2155 2897 2257 2951 qua
2302 2881 2426 2935 illus
2462 2877 2896 2949 prosequebatur
2938 2885 2990 2929 et
3023 2887 3289 2935 amorem,
3325 2884 3433 2924 non
3475 2868 3726 2923 discede-

2154 2974 2247 3028 bat
2277 2972 2346 3026 ab
2401 2971 2532 3036 illis,
2569 2969 2772 3040 gratias
2802 2968 2884 3022 eis
2919 2964 3147 3020 forsitan
3196 2976 3384 3033 agens.
3411 2968 3467 3015 et
3516 2958 3728 3014 exhila-

2154 3079 2285 3117 rans
2341 3062 2511 3131 ipsos.
2552 3060 2609 3113 ln
2662 3058 2865 3127 templo
2913 3065 3094 3111 autem
3135 3053 3455 3108 miraculum
3512 3051 3620 3105 ﬁt:
3659 3047 3730 3101 ad

2156 3153 2520 3224 complurium
2560 3150 2814 3207 videlicet
2848 3149 3078 3204 salutem
3120 3159 3173 3202 et
3201 3145 3510 3199 utilitatem.

2081 3267 2126 3326 ο
2234 3245 2397 3300 Vens.
2427 3244 2514 3298 ll.
2552 3241 2685 3299 Cum
2709 3249 2904 3297 teneret
2935 3250 3109 3294 autem
3143 3238 3361 3292 Petrum
3388 3245 3437 3289 et
3465 3233 3726 3288 Joannem

2161 3344 2231 3405 is,
2262 3341 2350 3408 qui
2370 3337 2595 3393 claudus
2617 3345 2834 3391 sanatus
2860 3346 2994 3397 erat,
3027 3332 3292 3386 concurrit
3315 3330 3385 3383 ad
3412 3345 3498 3384 eos
3524 3329 3577 3381 in
3606 3342 3730 3396 por-

2162 3433 2291 3492 ticu,
2316 3445 2433 3499 quw
2450 3438 2667 3483 vocatur
2691 3425 3017 3489 Salomonis,
3039 3432 3227 3476 cuncta
3248 3422 3414 3492 plebs,
3434 3421 3651 3475 attoniti
3679 3429 3728 3472 et

2164 3523 2519 3577 admiratione
2550 3518 2922 3587 obstupefacti.

2234 3612 2395 3666 Vens.
2433 3611 2522 3664 12.
2553 3611 2705 3675 Quod
2728 3610 3058 3678 conspicatus
3086 3605 3306 3670 Petrus,
3334 3605 3402 3658 ad
3430 3603 3625 3673 plebem
3653 3602 3731 3655 ita

2158 3706 2365 3758 locutus
2394 3714 2515 3757 est:
2555 3701 2668 3757 Viri
2721 3700 3005 3764 Israelita,
3048 3716 3142 3753 cur
3174 3699 3284 3751 haec
3335 3714 3416 3751 res
3468 3697 3609 3751 vobis
3653 3703 3729 3748 est

2161 3788 2552 3845 admirationi?
2580 3798 2673 3841 aut
2715 3803 2809 3839 nos
2859 3803 2954 3839 cur
2998 3786 3308 3851 intuemini,
3354 3785 3507 3855 quasi
3549 3790 3731 3837 nostra

2159 3880 2353 3934 virtute
2381 3885 2474 3930 aut
2503 3875 2695 3945 pietate
2718 3873 3063 3942 effecerimus,
3091 3879 3147 3923 ul
3178 3871 3263 3923 hic
3296 3870 3552 3924 incedat?

2233 3967 2399 4022 Vens.
2448 3965 2537 4019 l5.
2574 3962 2716 4017 Deus
2760 3960 3049 4015 Abrahami
3103 3969 3154 4012 et
3188 3958 3366 4011 Isaaci
3423 3968 3473 4010 et
3518 3957 3728 4019 Jacobi,

2165 4061 2302 4114 Deus
2325 4066 2535 4126 patrum
2568 4056 2929 4125 majorumque
2957 4043 3560 4105 nostrorumillustravit
3579 4055 3604 4084 ο
3635 4049 3729 4102 Fi-

2161 4150 2289 4204 lium
2312 4164 2467 4203 suum
2492 4146 2673 4201 Iesum
2701 4161 2720 4197 :
2765 4158 2917 4214 quem
2951 4158 3041 4197 vos
3073 4142 3281 4211 quidem
3322 4140 3631 4208 prodidistis
3677 4152 3728 4194 et

2160 4239 2454 4308 abnegastis
2482 4252 2657 4291 coram
2675 4234 2876 4297 Pilato,
2902 4248 3023 4287 cum
3051 4230 3141 4286 ille
3161 4230 3456 4300 iudicasset
3481 4246 3598 4284 eum
3619 4247 3731 4285 esse

2162 4329 2530 4385 absolvendum
2552 4344 2574 4393 ;

2232 4414 2402 4472 Vens.
2433 4414 2520 4470 l4.
2548 4413 2653 4470 Sed
2679 4428 2766 4467 vos
2786 4419 3027 4466 sanctum
3048 4418 3096 4464 et
3118 4411 3327 4478 justum
3347 4408 3667 4468 repudiastis
3683 4419 3729 4470 ρ,

2162 4517 2211 4560 ει
2247 4514 2304 4558 ιιι
2336 4504 2506 4558 virum
2550 4499 2869 4554 homicidam
2908 4499 3051 4552 vobis
3102 4497 3442 4557 condonaret,
3484 4497 3731 4564 petiistis.

564 4584 674 4638 Τὸν
726 4584 794 4639 δὲ
814 4587 1088 4656 ἀρχηγὸν
1118 4588 1231 4657 τῆς
1253 4589 1400 4658 ζωῆς
1421 4593 1813 4649 ἀπεκτείνατε
1833 4613 1847 4627 ’
1896 4596 1972 4650 ὃν
2020 4602 2053 4652 ὁ

2234 4596 2400 4651 Vens.
2425 4594 2510 4648 15.
2536 4592 2812 4646 Auctorem
2845 4599 3019 4643 autem
3049 4590 3169 4644 uiue
3196 4587 3530 4657 interfecistis
3548 4603 3566 4641 :
3582 4602 3733 4657 quem

488 4675 637 4740 θεὸς
680 4674 919 4746 ἤγειρεν
970 4679 1040 4732 ἐκ
1076 4679 1307 4747 νεκρῶν
1338 4698 1353 4712 ’
1408 4678 1482 4737 οὖ
1548 4684 1719 4752 ἡμεῖς
1766 4684 2059 4757 μάρτυρές

2167 4687 2305 4742 Deus
2337 4685 2611 4740 suscitavit
2639 4684 2716 4753 ξεω
2744 4682 2990 4747 mortuis,
3031 4680 3185 4750 cujus
3236 4679 3313 4734 rei
3353 4694 3446 4733 nos
3485 4687 3610 4735 tetes
3644 4697 3732 4734 su-

488 4764 699 4833 ἐσμεν.

514 4864 519 4875 ’
560 4853 667 4910 Kal
693 4855 790 4909 ἐπὶ
810 4855 884 4924 τῇ
906 4857 1105 4912 πίστει
1121 4858 1225 4912 τοῦ
1238 4860 1730 4927 ὀνόματοςάὐτοῦ
1752 4864 2068 4932 τοῦτον,δν

488 4944 754 5012 θεωρεῖτε
786 4955 886 5000 και
908 4946 1131 5011 οἴδατε,
1166 4948 1497 5017 ἐστερέωσε
1520 4950 1586 5003 τὸ
1610 4951 1797 5020 ὄνομα
1818 4954 2008 5008 αὑτοῦ
2040 4968 2052 4982 ⁸

2162 4790 2402 4916 muvsens.
2433 4860 2520 4915 ω.
2556 4857 2624 4913 Et
2666 4868 2875 4928 propter
2898 4858 3057 4928 ﬁdem
3109 4855 3337 4910 nominis
3383 4854 3521 4923 eius,
3574 4854 3732 4918 hunc,

2161 4970 2310 5025 quem
2350 4952 2532 5008 videtis
2581 4962 2633 5007 et
2674 4952 2843 5006 nostis
2890 4952 3236 5006 consolidavit
3269 4962 3316 5014 ιι,
3369 4966 3432 5006 ac
3478 4951 3733 5012 restituit.

487 5034 586 5087 καὶ
626 5033 665 5102 ἠ
716 5036 922 5102 πίστις
974 5038 1013 5105 ἡ
1073 5037 1148 5090 δι’
1208 5039 1394 5092 αὑτοῦ
1436 5039 1662 5095 ἔδωκεν
1734 5042 1895 5108 αὐτῷ
1951 5043 2059 5111 τὴν

2171 5045 2411 5113 inquam,
2451 5057 2639 5097 nomen
2666 5039 2835 5103 illius,
2859 5048 2908 5092 et
2937 5038 3092 5106 ﬁdes,
3138 5055 3255 5108 aute
3283 5054 3373 5108 per
3399 5055 3517 5093 eum
3540 5037 3732 5106 pradi-

489 5128 866 5195 ὁλοκληρίαν
924 5129 1150 5196 ταύτην
1209 5129 1498 5184 ἀπέναντι
1572 5130 1814 5186 πάντων
1868 5134 2057 5204 ὑμῶν.

2169 5143 2291 5185 cata
2326 5139 2426 5191 est,
2450 5129 2594 5184 dedit
2622 5129 2671 5183 ei
2697 5128 2956 5197 integram
2979 5127 3142 5180 istam
3176 5144 3352 5183 coram
3382 5128 3625 5181 erunibus
3649 5143 3735 5180 vo-

2163 5224 2242 5277 bis
2277 5223 2579 5277 sanitatem.

1680 5334 1880 5398 Varia;
1911 5335 2223 5400 lectiones
2260 5339 2323 5395 et
2357 5339 2547 5397 noue.

562 5426 607 5457 ⁷⁸
632 5425 1053 5506 ch_pe_rperam
1105 5428 1452 5506 infralposita
1516 5433 1583 5506 in_
1610 5438 1931 5506 exemplari,
1962 5448 2082 5493 ante
2144 5436 2245 5506 ὅρα
2297 5433 2354 5506 δὲ
2395 5437 2550 5506 ίπῶς,
2605 5437 2706 5489 Ιιιιο
2748 5437 3053 5506 transposui
3087 5436 3140 5488 in
3178 5447 3355 5506 suum,
3388 5443 3445 5506 ut
3491 5433 3736 5489 existimo

491 5494 687 5578 (acum.
746 5498 811 5578 ς’
832 5496 945 5578 ἷσΣΞ
974 5494 1171 5578 φασιν(
1218 5494 1288 5578 ’κδ
1330 5500 1546 5578 Videtur
1564 5503 1648 5578 hic
1666 5494 1866 5578 aliquid
1889 5494 2204 5563 desiderari.

496 5564 550 5619 in
581 5566 826 5635 vulgatis.
901 5567 946 5599 ⁸³
966 5564 1297 5638 ἠρνήσασθε,
1327 5579 1403 5623 est
1439 5572 1491 5624 in
1538 5564 1799 5644 vulgatis,
1833 5587 1881 5630 et
1915 5578 2122 5633 melius.

567 5692 590 5715 °
623 5681 688 5737 Υ.
719 5684 1057 5756 gloriﬁcavit.
1155 5700 1181 5739 P
1214 5689 1275 5747 V.
1304 5692 1556 5762 negatis.

2296 5502 2339 5536 ⁸³
2376 5505 2442 5561 In
2462 5509 2689 5576 vulgatis
2720 5515 2819 5571 est,
2846 5502 3178 5576 Σολομῶνος.
3255 5502 3300 5536 ⁸¹
3341 5505 3462 5575 μὲν,
3520 5520 3623 5559 non
3659 5514 3741 5560 est

1672 5703 1699 5743 τι
1736 5693 1801 5750 V.
1838 5698 2198 5765 conﬁrmavit.
