4068 6210
321 255 429 320 5E3
1229 244 1806 305 THEOPHYLACTI
1864 241 2272 304 BULGABIAS
2337 249 2693 311 ARCIIIEP.
3476 245 3583 311 564

392 369 504 440 38
526 370 666 437 Quid
702 372 805 426 sibi
858 370 972 423 vult
1012 368 1085 435 id,
1107 369 1252 437 quod
1285 367 1419 437 dicit
1460 382 1474 420 :
1514 365 1649 422 Cum
1683 375 1893 420 teneret
1923 364 1963 416 Λ

2069 363 2133 415 Τί
2164 364 2279 416 ἐστι
2307 366 2386 428 τὸ,
2422 366 2765 435 Κρατοῦντος
2811 365 2906 418 τοῦ
2968 364 3211 426 ίαθέντος
3264 361 3438 435 χωλοῦ
3490 363 3582 416 τδν

326 462 396 524 is.
428 463 519 533 qni
569 462 801 517 claui-lus
834 475 957 513 cum
1003 459 1219 520 fuisset,
1245 467 1472 512 sanatus
1520 474 1580 512 ac
1616 459 1900 513 restitutus

2003 453 2211 524 Πέτρον
2268 456 2363 508 καὶ
2437 454 2735 524 Ἰωάννην;
2792 454 3084 509 Ἐδεδοίκει
3156 453 3581 522 ἀπουπαεθῆναι

324 562 462 613 erat.
498 553 716 606 Petrum
748 560 801 606 et
824 549 1086 603 Joannem
1110 550 1133 603 ?
1161 548 1457 613 Metuebat,
1482 565 1549 604 ne
1574 550 1900 604 avelleretur

2002 546 2206 599 αὐτῶν.
2274 546 2519 614 Ἐνόμιζε
2576 546 2685 616 γὰρ
2742 546 2904 616 μέχρι
2955 544 3148 598 τούτου
3181 545 3373 598 ἑαυτὸν
3405 545 3582 612 ἀπηλ-

326 644 395 699 ab
430 645 558 699 illis.
592 641 979 696 Arbitrabatur
1007 640 1149 693 enim
1209 641 1472 709 tantisper
1533 657 1591 694 se
1640 642 1772 694 vitio
1805 640 1900 695 illo

2001 637 2199 707 λάχθαι
2233 638 2327 692 τοῦ
2359 638 2585 702 πάθους,
2626 638 2824 709 μέχρις
2873 637 2939 691 ἂν
2979 639 3187 710 κατέχῃ
3236 636 3433 699 αὐτοὺς
3487 637 3581 691 καὶ

326 736 620 790 liberatum
654 747 798 793 esse,
825 731 954 785 dum
987 730 1111 784 illos
1139 729 1410 785 detineret
1435 740 1487 785 et
1522 731 1897 802 contingeret:

2003 732 2312 801 ἐφάπτηται
2333 731 2512 785 αὐτῶν
2547 749 2560 762 ο
2595 732 2830 802 μάλιστα
2857 731 2938 783 ὅτι
2971 730 3067 782 καὶ
3107 731 3135 782 ὁ
3182 728 3390 798 Πέτρος
3447 744 3582 798 κρα-

325 826 537 878 ilcirco
595 824 831 876 maxime
886 822 1031 892 quod
1071 822 1235 875 etiam
1280 822 1471 878 Petrus
1503 838 1722 892 quoque
1774 838 1899 878 cum

2002 824 2177 891 τήσας
2205 824 2368 876 αὑτὸν
2402 825 2498 877 καὶ
2525 824 2859 893 ἀναστήσας,
2892 821 3068 884 οῦτως
3110 820 3324 875 ἰάσατο.
3390 820 3480 871 Ἐν
3511 822 3576 888 τῇ

324 916 773 984 apprehendisset
802 923 856 968 et
880 914 1149 969 erexisset
1182 915 1356 977 illum,
1393 915 1463 968 ita
1492 917 1710 970 dcmnm
1745 929 1904 967 sana-

2004 915 2134 984 στοᾷ
2341 913 2490 984 Αὕτη
2550 914 2687 983 μόνη
2761 913 2955 983 ἡστοᾶ
3033 912 3221 965 ἵστατο
3317 909 3426 963 ἀπὸ
3478 910 3579 978 τῆς

322 1015 495 1062 verat.
532 1006 587 1060 In
617 1004 830 1074 porticu
857 1020 976 1073 qua:
1001 1015 1251 1066 vocatur,
1292 1013 1398 1059 etc.
1435 1006 1565 1060 Haec
1614 1005 1731 1059 sola
1775 1019 1899 1072 por-

2002 1006 2359 1073 κατασκευῆς
2407 1005 2503 1058 τοῦ
2569 1004 2936 1076 Σολομῶντος.
3009 1003 3307 1073 Ἐνέπρησε
3359 1002 3466 1073 γὰρ
3518 1002 3580 1055 τὸ

326 1098 471 1151 ticus
516 1097 761 1150 restabat
791 1097 858 1150 de
884 1107 1159 1151 structura
1181 1098 1512 1152 Salomonis.
1540 1097 1899 1152 Nabuchodo-

2004 1096 2149 1166 ἱερὸν
2184 1097 2730 1170 ὁΝαυουχοδονόσορ,
2785 1098 2882 1151 καὶ
2928 1097 3248 1168 ’ᾠκοδόμησε
3318 1095 3497 1165 Κῦρος
3549 1096 3578 1147 ὁ

326 1202 496 1240 nosor
533 1188 676 1239 enim
717 1187 974 1255 templum
1009 1188 1352 1247 incenderat.
1399 1187 1544 1256 quod
1575 1185 1753 1258 Cyrus
1803 1203 1897 1242 rex

2001 1188 2244 1258 Πέρσης.
2306 1189 2534 1259 Ἀνδρες
2607 1189 2961 1261 Ἰσραηλῖται,
3016 1188 3070 1241 τί
3125 1186 3433 1256 θαυμάζετε
3488 1185 3578 1237 ἐπὶ

326 1277 616 1333 Persarum
678 1278 1015 1332 restituerat.
1053 1278 1167 1331 Viri
1211 1278 1493 1339 lsraelitze.
1527 1294 1625 1333 cur
1670 1281 1782 1334 haec
1816 1296 1902 1335 res

2000 1279 2216 1351 τούτῳς
2252 1281 2505 1344 Πλείονος
2528 1281 2666 1352 αῦτη
2694 1282 2857 1352 γέμει
2886 1281 3198 1353 παρρησίας
3252 1282 3286 1349 ἠ
3336 1280 3577 1349 δημηγο-

321 1368 478 1423 vobis
501 1378 586 1423 est
617 1368 1012 1422 admirationi?
1046 1367 1232 1435 .llajori
1277 1369 1476 1421 referta
1508 1379 1591 1425 est
1623 1371 1734 1425 lucc
1766 1386 1900 1425 con-

2004 1370 2124 1436 ρΞα·
2182 1369 2282 1423 οὐκ
2333 1370 2522 1439 ἐπειδὴ
2572 1373 2626 1423 ὲν
2678 1373 2743 1440 τῇ
2819 1373 3060 1441 προτέρᾳ
3144 1371 3413 1437 ἐφοϐεῖτο,
3460 1365 3575 1419 ἀλλ’

324 1462 414 1513 cio
449 1460 661 1514 dicendi
693 1461 943 1514 libertate
977 1478 991 1513 :
1027 1476 1133 1515 non
1171 1460 1316 1529 quod
1348 1461 1400 1514 in
1463 1463 1637 1530 prima
1685 1472 1900 1519 metue--

2001 1460 2190 1529 ἐπειδὴ
2218 1460 2430 1514 οὐδέπω
2454 1462 2682 1532 ἦνεγκον
2694 1461 2740 1492 ⁸⁵
2764 1461 2831 1515 ἂν
2860 1463 3061 1522 ἐκεῖνο,
3094 1459 3393 1529 χλευασταὶ
3422 1460 3575 1517 ὄντες

323 1559 427 1613 ret,
468 1550 563 1605 sed
630 1553 757 1619 qu'a
791 1551 894 1611 illi,
944 1560 1133 1620 utpote
1178 1552 1526 1608 cavillatores
1555 1570 1619 1609 ac
1651 1557 1899 1623 petulan-

2000 1553 2094 1606 καὶ
2122 1554 2323 1623 ἰταμοί.
2363 1552 2526 1606 Ὅθεν
2547 1552 2760 1622 ἐκείνης
2814 1552 2911 1622 μὲν
2959 1551 3258 1621 ἀρχόμενος
3301 1550 3397 1602 καὶ
3458 1551 3576 1600 ἐπι-

327 1652 435 1705 tes,
466 1643 707 1696 nondum
750 1642 893 1697 ferre
933 1658 1052 1697 eam
1087 1644 1392 1699 libertatem
1432 1647 1761 1713 potuissent.
1802 1647 1901 1702 Ita-

1970 1702 1973 1717 ,
2007 1649 2230 1717 στρέφει
2264 1647 2461 1709 αὐτοὺς
2487 1645 2575 1699 διά
2620 1644 2713 1697 τοῦ
2768 1641 3056 1713 προοιμίου
3127 1641 3301 1709 λέγων
3327 1656 3341 1669 ·
3396 1638 3576 1694 Τοῦτο

1970 1725 1974 1742 ⁵
2018 1741 2030 1747 -
2088 1736 2111 1747 α,
2388 1734 2398 1747 ι
2481 1736 2503 1747 η
2792 1732 2803 1747 ο
2869 1733 2878 1747 .
3015 1731 3026 1746 ο
3065 1746 3071 1747 7
3128 1733 3190 1747 ᾉΛ
3297 1730 3307 1744 ε
3363 1730 3375 1747 9
3404 1728 3416 1745 ρ
3456 1745 3527 1747 νῌᾼ
3550 1726 3574 1747 -ι

317 1744 428 1796 que
453 1729 595 1782 illam
622 1732 943 1785 concionem
969 1731 1281 1796 exordiens,
1316 1737 1499 1787 statim
1530 1750 1625 1788 eos
1656 1737 1709 1790 in
1743 1739 1893 1806 prin-

1970 1726 1974 1742 ’
2001 1736 2146 1805 ὑμῖν
2173 1734 2446 1805 γνωστὸν
2472 1736 2627 1788 ἔστω
2664 1749 2677 1762 '
2710 1732 2806 1786 καὶ
2853 1731 3221 1784 ἐνωτίσασθε
3250 1730 3320 1782 τὰ
3338 1726 3576 1795 ῥήματά

315 1820 466 1889 cipio
505 1821 681 1875 reddit
732 1831 971 1877 attentos
1006 1823 1092 1880 his
1119 1825 1343 1879 verbis:
1396 1827 1506 1879 Hoc
1534 1828 1675 1883 vobis
1712 1842 1892 1884 norum

1989 1848 2110 1897 μου
2132 1846 2146 1861 ·
2186 1827 2451 1882 Ἐνταῦθα
2477 1826 2532 1879 δὲ
2556 1826 2617 1877 οὐ
2636 1825 2805 1878 δεῖται
2831 1822 3036 1890 ταύτης
3063 1821 3164 1889 τῆς
3203 1820 3569 1886 κατασκευῆς.

318 1911 414 1973 ait,
455 1922 502 1966 et
538 1914 756 1965 auribus
805 1915 1054 1982 percipit:
1099 1918 1253 1969 verba
1300 1932 1451 1981 mea;
1494 1919 1591 1975 hic
1628 1936 1755 1975 vero
1785 1939 1892 1978 non

1996 1923 2072 1975 Οὐ
2109 1921 2220 1990 γὰρ
2268 1917 2614 1990 ὲρᾳθύμουψ
2663 1916 2778 1968 ἀλλ’
2805 1914 2928 1966 ἐπεὶ
2987 1913 3050 1966 τὸ
3115 1916 3340 1983 σημεῖον
3377 1912 3576 1974 αὐτοὺς

318 2018 459 2072 opus
489 2005 649 2058 habrt
684 2006 784 2062 hoc
823 2007 1077 2061 artiﬁcio.
1106 2008 1224 2063 Non
1265 2011 1411 2065 enim
1455 2015 1760 2084 torpebant,
1795 2032 1896 2072 nec

1995 2010 2329 2080 ἐπέστρεψεν
2360 2010 2626 2070 ἅπαντας,
2651 2007 2744 2058 καὶ
2772 2006 2924 2067 δέους
2951 2005 3045 2058 καὶ
3073 2001 3393 2072 ἐκπλήξεως
3436 1997 3574 2071 ἦσαν

322 2097 562 2162 segniter
598 2105 652 2150 et
681 2098 986 2153 oscitanter
1029 2100 1415 2156 anscultabant
1446 2120 1461 2157 :
1508 2106 1604 2160 sed
1634 2108 1892 2175 quoniam

2001 2102 2211 2171 μεστοί.
2243 2102 2385 2172 Ὅρα
2408 2100 2464 2153 δὲ
2501 2100 2619 2162 πῶς
2650 2097 3000 2168 διακρούεται
3024 2096 3124 2165 τὴν
3151 2094 3309 2158 δόξαν
3333 2094 3431 2164 τὴν
3447 2094 3577 2161 περὶ

317 2184 538 2254 signum
567 2187 856 2242 universos
889 2203 985 2243 eos
1028 2199 1375 2244 converterat
1412 2201 1467 2246 et
1501 2202 1739 2250 attentos
1772 2197 1895 2250 red-

1996 2193 2201 2247 αὐτῶν.
2238 2191 2406 2246 Οὐδὲν
2441 2191 2552 2260 γὰρ
2599 2190 2772 2252 οὕτως
2821 2188 3023 2257 ὡφελεί
3078 2188 3205 2247 τοὺς
3253 2184 3571 2246 ἀκούοντας.

318 2275 555 2339 diderat,
589 2279 750 2331 etiam
793 2279 936 2346 pleni
996 2280 1208 2336 timoris
1253 2291 1410 2336 erant
1456 2291 1510 2337 et
1540 2285 1710 2339 animi
1764 2302 1897 2343 con.

1996 2282 2141 2336 ὥστε
2193 2282 2238 2314 ⁸⁸
2270 2280 2437 2351 μηδὲν
2463 2280 2591 2349 περὶ
2627 2277 2820 2332 ἑαυτοῦ
2849 2279 3030 2344 λέγειν
3086 2276 3251 2345 μέγα,
3312 2272 3449 2329 ἀλλά
3480 2271 3576 2324 καὶ

317 2368 694 2423 sternationis.
728 2368 864 2424 Vide
886 2383 1087 2435 autem,
1144 2384 1202 2427 nt
1229 2374 1693 2431 existimationem
1735 2379 1802 2431 de
1835 2394 1895 2433 se

1995 2373 2088 2427 τὸν
2148 2371 2474 2441 βουλόμενον
2506 2369 2686 2438 λέγειν
2744 2367 3000 2420 κωλύειν.
3046 2365 3574 2436 Καταφωνήσαντες

318 2459 708 2529 rejiciatatque
735 2462 1038 2530 propulset.
1078 2462 1221 2515 Nihil
1241 2463 1385 2517 enim
1409 2471 1519 2518 tam
1546 2466 1767 2535 prode-st
1799 2483 1897 2520 an-

1994 2466 2053 2519 δὲ
2079 2460 2227 2521 οῦτοι
2267 2463 2367 2531 τῆς
2400 2463 2552 2533 παρὰ
2603 2462 2711 2512 τῶν
2759 2458 3064 2528 ἀνθρώπων
3134 2456 3316 2525 δόξης,
3374 2454 3573 2524 μᾶλλον

314 2551 610 2614 ditorlbus,
639 2567 825 2621 quam.
857 2554 900 2606 si
932 2553 998 2614 is,
1030 2554 1125 2622 qui
1149 2552 1305 2619 dicit,
1326 2569 1438 2608 non
1471 2558 1632 2611 modo
1669 2558 1805 2612 nihil
1828 2560 1909 2614 de'

1999 2554 2227 2615 ἑαυτοὺς
2257 2553 2524 2618 ἐδόξασαν
2554 2565 2568 2578 ⁸
2593 2549 2869 2610 δείξαντες
2902 2548 3002 2601 οὐκ
3035 2545 3399 2615 ἀνθρώπινον,
3437 2546 3575 2599 ἀλλά

317 2658 378 2697 se
412 2644 759 2711 magnificum
791 2644 959 2707 dicat,
994 2660 1182 2699 verum
1211 2646 1373 2701 etiam
1409 2646 1592 2703 dicere
1623 2650 1893 2705 volentem

1998 2645 2141 2698 θεῖον
2177 2643 2238 2696 τὸ
2275 2641 2516 2710 γεγονός.
2561 2640 2621 2692 Ὀ
2653 2639 2785 2700 Θεὸς
2825 2639 2932 2691 τῶν
2974 2636 3226 2707 πατέρων
3273 2636 3432 2705 ἡμῶν
3462 2635 3573 2688 ἐδό-

320 2737 628 2799 prohiheat.
656 2737 835 2806 Atque
858 2737 909 2790 hi
943 2746 1125 2805 spreta
1150 2739 1343 2807 gloria.
1363 2754 1528 2808 quam
1561 2741 1628 2795 ab
1659 2742 1897 2796 homini.

2000 2735 2129 2801 ξασε
2158 2735 2251 2788 τὸν
2284 2733 2448 2787 παῖδα
2478 2732 2645 2785 αὑτοῦ
2671 2729 2906 2799 Ἰησοῦν.
2960 2730 3084 2781 Ἔτι
3112 2727 3222 2796 τῶν
3253 2729 3569 2779 ταπεινοτέ-

313 2826 420 2880 bus
449 2827 710 2895 consequi
752 2836 1027 2898 poterant,
1076 2830 1339 2898 majorem
1387 2830 1491 2884 sibi
1534 2832 1761 2901 gloriam
1802 2848 1897 2903 pe-

2001 2844 2111 2899 ρων
2146 2826 2350 2897 ἔχεται,
2373 2825 2522 2893 ὅμως
2550 2825 2610 2876 τὸ
2648 2822 2907 2891 τόλμημα
2949 2820 3129 2873 αὐτῶν
3185 2817 3423 2887 ἐπαίρει,
3474 2816 3574 2886 οὐχ

313 2925 577 2982 peremat
608 2933 624 2970 :
659 2932 783 2971 cum
808 2919 1183 2972 ostendissent
1215 2919 1292 2982 id,
1332 2919 1476 2987 quod
1518 2919 1716 2975 factum
1752 2931 1892 2987 erat,

1998 2918 2074 2979 ὡς
2110 2916 2375 2987 πρότερον
2402 2911 2711 2976 συσκιάζει.
2747 2914 2897 2964 [lutei
2924 2911 2981 2963 δὲ
3020 2909 3180 2961 τοῦτο
3226 2907 3426 2977 μᾶλλον
3471 2906 3569 2957 αύ-

314 3016 424 3054 ιιοη
463 3016 585 3057 esse
612 3003 935 3057 beneficium
960 3005 1285 3066 humanum,
1319 3005 1413 3058 sed
1449 3005 1715 3062 divinum.
1750 3007 1920 3074 Deus,

1996 3009 2121 3072 τοὺς
2152 3006 2534 3077 ἐπαγαγέσθαι
2587 3005 2933 3075 βουλόμενος.
2992 3004 3143 3073 Ὄσῳ
3206 3001 3317 3070 γὰρ
3362 2999 3570 3053 ἐδείκνυ

314 3100 527 3160 patrum
564 3101 875 3147 nostrorum
930 3092 1223 3147 illustravit
1255 3093 1454 3149 Filium
1496 3112 1654 3153 suum
1681 3098 1891 3159 Jesnm.

2000 3100 2354 3163 ὑπευθύνους,
2416 3096 2656 3165 τοσούτῳ
2726 3096 2927 3164 μᾶλλον
2983 3093 3145 3146 τοῦτο
3193 3092 3418 3160 ἐγίνετο.
3476 3090 3571 3143 Ὃν

317 3184 511 3248 Adhuc
541 3183 929 3238 humilioribus
954 3183 1181 3247 insistit,
1207 3184 1419 3241 facinus
1462 3196 1643 3244 tamen
1676 3190 1892 3246 illorum

1998 3193 2155 3262 ὑμεῖς
2185 3186 2535 3259 παρεδώκατε
2561 3189 2653 3242 καὶ
2677 3185 2988 3258 ἠρνήσασθε
3035 3185 3199 3239 αὑτὸν
3231 3183 3372 3243 κατά
3402 3184 3572 3252 πρόσ-

314 3279 626 3341 exaggerat,
662 3286 792 3335 non,
817 3281 877 3326 ut
901 3272 1077 3342 prius,
1111 3274 1373 3330 obvolvit.
1424 3274 1482 3331 ιιι
1513 3290 1691 3332 autem
1744 3279 1891 3348 facit,

1994 3301 2143 3338 ωπον
2185 3282 2419 3335 Πιλάτου
2475 3280 2763 3350 κρίναντος
2790 3280 3001 3332 ἐκείνου
3056 3275 3337 3330 ἀπολύειν.
3368 3273 3473 3327 Δύο
3503 3272 3571 3326 τὰ

313 3376 426 3431 quo
463 3363 635 3432 magis
663 3363 785 3419 illos
832 3364 1040 3420 alliciat
1087 3375 1143 3421 et
1194 3368 1451 3424 adducat.
1497 3371 1710 3436 Quanto
1744 3372 1889 3427 enim

1994 3376 2341 3444 ἐγκλήματα·
2376 3373 2457 3424 ὅτι
2489 3371 2718 3434 Πιλάτος
2747 3369 2939 3441 ἤθελεν
2972 3366 3253 3429 ἀπολύειν,
3282 3365 3571 3435 ἄνθρωπος

314 3453 490 3523 magis
521 3455 643 3510 illos
673 3456 888 3509 crimini
924 3456 1193 3513 obnoxios
1216 3468 1273 3514 et
1324 3470 1511 3515 sontes
1539 3460 1887 3527 ostendebat,

1995 3466 2218 3534 Ἕλλην,
2252 3464 2420 3534 μηδὲν
2452 3465 2677 3532 σημεῖον
2723 3459 2866 3524 ἰδὼν,
2910 3459 3111 3529 μηδένα
3142 3458 3250 3511 τῶν
3275 3454 3571 3528 προφητῶν

315 3552 468 3596 tanto
499 3544 674 3613 magis
723 3544 775 3598 id
803 3546 1117 3602 eveniebat;
1143 3549 1318 3613 Quem
1352 3563 1450 3602 vos
1482 3548 1803 3617 prodidistis
1837 3558 1893 3604 et

1992 3555 2248 3625 ἐγνωκώς
2275 3558 2393 3611 ’καὶ
2409 3557 2490 3610 ὅτι
2508 3556 2686 3625 ὑμεῖς,
2705 3554 2945 3606 Ἰουδαῖοι
2974 3552 3146 3614 ὄντες,
3178 3552 3288 3611 τοῖς
3321 3547 3569 3617 σημείοις

313 3634 631 3703 abnegastis
671 3649 854 3689 coram
881 3634 1078 3701 Pilato,
1102 3652 1226 3692 cum
1274 3638 1366 3693 ille
1417 3640 1722 3707 iudicasset
1765 3656 1891 3695 eum

1991 3648 2644 3719 ὲγκατατριϐέντες,ταῖς
2677 3645 2771 3700 τοῦ
2811 3643 3042 3713 Χριστοῦ
3076 3639 3431 3713 προφητείαις
3449 3639 3569 3689 ένα-

309 3741 437 3782 esse
461 3727 875 3783 absolvendum.
928 3728 1046 3785 Duo
1077 3731 1307 3786 crimina
1332 3742 1719 3803 proponuntur
1750 3753 1763 3788 :
1798 3734 1889 3788 Pi-

1994 3740 2184 3811 σχολού
2194 3758 2342 3811 μενοι
2351 3739 2579 3805 ,ἐκείνου
2592 3738 2837 3798 θέλοντος
2849 3735 3128 3797 ἀπολύειν,
3141 3737 3239 3786 οὐκ
3256 3731 3562 3801 ὲθελήσατε.

312 3819 459 3874 latus
490 3818 654 3874 homo
686 3820 912 3876 Graacns
942 3832 997 3876 et
1027 3824 1267 3891 gentilis,
1297 3823 1393 3893 qui
1421 3825 1630 3880 nullum
1676 3826 1890 3884 viderat

1991 3832 2096 3884 Τὸν
2121 3830 2277 3898 ἆγιον
2299 3830 2393 3883 καὶ
2413 3830 2618 3882 δίκαιον
2637 3828 2969 3898 ἠρνήσασθε,
2987 3826 3080 3878 καὶ
3103 3822 3380 3893 ᾐτήσασθε
3399 3820 3567 3889 ἀνδρα

313 3912 556 3980 signum,
601 3909 698 3982 qtii
777 3913 1048 3968 neminem
1084 3916 1474 3984 prophetarum
1530 3927 1885 3984 cognoverat,

1991 3920 2156 3989 φονέα
2180 3936 2196 3951 ο
2235 3919 2406 3975 εἰπὼν
2427 3919 2507 3985 δὲ,
2534 3919 2616 3972 ὅτι
2655 3917 2797 3969 ‘Av'r’
2828 3915 2993 3971 αὐτοῦ
3035 3912 3237 3984 λῃστὴν
3266 3907 3560 3982 ᾐτήσασθε,

312 4002 596 4058 absolvere
633 4013 687 4059 et
722 4004 1004 4060 dimittere
1030 4006 1280 4062 volebat:
1311 4016 1367 4061 et
1406 4022 1525 4071 vos,
1557 4009 1705 4077 quod
1753 4010 1887 4064 estis

1991 4014 2201 4083 σφόδρα
2225 4012 2463 4084 ἐδήλωσε
2492 4010 2554 4063 τὸ
2584 4010 2816 4080 πρᾶγμα
2842 4024 2857 4039 -
2885 4006 3137 4058 Δείκνυσι
3195 4002 3304 4072 γὰρ
3347 4002 3430 4055 ὅτι
3471 3999 3564 4053 καὶ

311 4093 381 4148 ad
407 4093 629 4149 taedium
665 4111 841 4164 usque
892 4095 1211 4159 assuefacti,
1245 4096 1338 4165 qui
1396 4098 1450 4150 in
1504 4100 1797 4168 prophetiis
1819 4100 1886 4155 de

1990 4102 2253 4171 ἠδύναντο
2291 4102 2571 4156 ἀπολύειν.
2599 4098 2662 4151 Εἰ
2685 4099 2794 4168 γὰρ
2820 4097 2912 4150 τὸν
2943 4095 3170 4168 λῃστὴν,
3216 4093 3395 4161 πολλῷ
3430 4091 3565 4162 μᾶλ-

308 4186 532 4241 Cliristo
557 4187 929 4256 occupamini,
963 4188 1056 4241 illo
1084 4187 1370 4243 absolvere
1400 4187 1636 4266 volente,
1672 4205 1766 4245 vos
1787 4206 1893 4245 no-

1994 4195 2085 4247 λον
2107 4194 2200 4246 τὸν
2222 4193 2485 4246 ἀναίτιον·
2516 4192 2566 4243 οἱ
2601 4191 2658 4242 δὲ
2682 4189 3100 4258 τὸνδιακοῦργον
3126 4186 3288 4255 μόνον
3316 4184 3526 4254 ήθὼουν
3545 4196 3559 4211 ·

308 4278 513 4333 luistis.
555 4277 818 4333 Sanctum
842 4286 898 4334 et
937 4280 1145 4349 justum
1174 4279 1525 4348 repudiastis.
1566 4291 1620 4336 et
1639 4284 1889 4351 postula-

1990 4284 2083 4337 τὸν
2116 4284 2175 4336 δὲ
2201 4282 2502 4350 εὐεργέτην
2531 4279 2881 4332 ἀπέκτειναν.
2928 4278 3032 4329 Τὸν
3066 4275 3174 4346 γάρ
3219 4274 3269 4306 ⁸⁸
3324 4270 3564 4343 ἀρχηγὸν

305 4372 408 4425 stis
427 4370 603 4425 virum
661 4371 1010 4426 homicidam.
1040 4371 1176 4425 Cum
1226 4371 1456 4427 dixisset
1507 4380 1688 4427 antem
1726 4392 1739 4427 :
1780 4375 1886 4428 Pro

1956 4388 1960 4416 ι
1988 4379 2090 4447 τῆς
2118 4374 2282 4444 ζωῆς.
2316 4374 2378 4425 El
2408 4372 2515 4441 γὰρ
2546 4369 2787 4440 ἀρχηγὸς
2821 4369 2919 4438 τῆς
2947 4367 3114 4436 ζωῆς,
3154 4365 3317 4422 αὐτὸς
3371 4360 3562 4415 ἑαυτὸν

309 4462 406 4514 illo
437 4461 770 4516 homicidam
803 4461 1059 4530 petiistis,
1087 4476 1199 4515 rem
1226 4464 1373 4516 clare
1390 4463 1664 4530 patefecit.
1682 4464 1884 4521 Osten-

1993 4469 2309 4536 ἀνέστησεν,
2329 4464 2404 4525 ὡς
2417 4465 2475 4516 ὲν
2504 4461 2681 4531 ἑαυτῷ
2702 4460 2841 4531 ἔχων
2862 4463 2960 4531 τὴν
2994 4459 3137 4530 ζωὴν
3154 4460 3249 4512 καὶ
3264 4459 3362 4527 τὴν
3384 4456 3562 4517 αἰτίαν

307 4552 393 4607 dit
419 4554 590 4618 enim,
639 4557 806 4607 etiam
856 4552 1099 4621 potuisse
1149 4552 1274 4607 illos
1325 4552 1644 4622 absolvere;
1682 4573 1807 4611 nam
1836 4560 1883 4611 si

1990 4564 2090 4631 τῆς
2129 4551 2388 4626 ζωῆς.οὗ
2433 4557 2592 4625 ἡμεῖς
2633 4553 2909 4623 μάρτυρές
2942 4553 3127 4619 ἐσμεν.
3169 4550 3563 4618 Οὐκέτιῶσπερ

309 4648 601 4704 latronem,
628 4643 800 4697 multo
829 4646 1003 4712 magis
1026 4644 1292 4698 insontem
1324 4662 1337 4698 :
1371 4655 1428 4700 at
1470 4647 1545 4702 illi
1574 4650 1880 4705 maleﬁcum

1994 4651 2257 4721 πρότερον
2287 4650 2367 4710 εἰς
2416 4645 2753 4717 προφητείαν
2784 4642 3119 4714 καταφεύγει
3145 4659 3158 4670 ·
3192 4641 3308 4696 ἀλλ’
3373 4638 3558 4708 ἐπειδὴ

306 4736 486 4789 solum
540 4735 860 4797 liberarunt,
923 4735 1324 4791 benefactorem
1360 4747 1541 4794 autem
1587 4741 1882 4797 interfece-

1993 4745 2303 4810 ἀξιόπιστος
2334 4744 2516 4804 αὐτοῖς
2535 4736 2624 4809 ἦν,
2673 4740 2766 4792 τὸν
2799 4741 2958 4809 χορὸν
3014 4738 3253 4808 παράγει
3285 4735 3393 4787 τῶν
3421 4736 3557 4787 ἁπο-

302 4836 458 4885 runt.
487 4828 780 4881 Auctorem
817 4835 997 4882 autem
1030 4828 1171 4883 vitae.
1215 4830 1267 4886 Si
1298 4834 1443 4886 enim
1468 4842 1662 4887 auctor
1688 4846 1770 4889 est
1802 4835 1882 4887 vi-

1990 4838 2192 4890 στόλων
2212 4852 2227 4866 ·
2257 4830 2318 4890 οῦ
2346 4836 2529 4904 ἡμεῖς,
2566 4832 2752 4902 φησὶν,
2779 4830 2946 4901 ἐσμὲν
3002 4831 3275 4900 μάρτυρες
3300 4844 3315 4859 ⁸
3378 4826 3562 4878 Ἐστε-

305 4928 394 4982 tte,
430 4918 547 4987 ipse
570 4932 691 4972 sese
725 4918 1094 4985 resuscitavit,
1128 4923 1330 4991 quippe
1370 4924 1421 4975 in
1477 4938 1598 4977 sese
1629 4926 1792 4976 vitam
1827 4933 1881 4978 et

1997 4929 2166 4996 ρέωσε
2216 4929 2276 4979 τὶ)
2308 4928 2478 4995 ὅνομα
2508 4924 2695 4978 αὑτοῦ.
2726 4921 2933 4986 Εἰπὼν,
2956 4920 3055 4974 ἐπὶ
3084 4919 3158 4987 τῇ
3188 4921 3391 4975 πίστει
3451 4914 3559 4971 τοῦ

311 5010 439 5066 vitae
474 5025 698 5065 causam
727 5011 956 5067 habens.
991 5013 1162 5080 Cuius
1195 5015 1270 5068 rei
1304 5030 1402 5067 nos
1427 5022 1596 5068 testes
1651 5013 1763 5082 39
1784 5030 1872 5068 sn.

1988 5019 2276 5087 ὀνόματος
2303 5016 2489 5070 αὑτοῦ
2514 5032 2528 5047 ⁶
2565 5014 2753 5081 ἐπειδὴ
2783 5014 2927 5067 οὕτω
2951 5012 3244 5073 πιστεύσας
3267 5007 3336 5081 ἦν
3386 5010 3415 5061 ὁ
3462 5011 3556 5078 ὀρ-

306 5118 453 5158 mus.
506 5101 651 5163 Non.
709 5107 852 5158 sicut
895 5107 1066 5174 prius,
1093 5107 1159 5160 ad
1219 5105 1558 5174 prophetiam
1588 5106 1874 5173 confugit:

1988 5110 2206 5173 θωθεὶς,
2237 5106 2713 5176 ἐπιδιορθούμενος
2737 5106 2828 5159 τὸν
2860 5104 3020 5172 λόγον
3066 5104 3219 5172 φησὶ,
3271 5101 3332 5154 τὸ
3383 5101 3554 5169 ὄνομα

306 5193 429 5257 sed,
464 5194 721 5263 quoniam
767 5194 814 5247 ei
846 5195 954 5262 jam
988 5196 1145 5249 ﬁdem
1182 5193 1474 5252 habebant,
1510 5201 1712 5246 coetum
1744 5210 1876 5262 apo-

1988 5198 2154 5252 αὑτοῦ
2185 5196 2518 5268 ἐστερέωσεν
2543 5195 2725 5248 αὐτόν.
2766 5193 3048 5255 Τουτέστι,
3094 5192 3145 5244 τί
3189 5190 3333 5258 λέγω
3361 5190 3441 5241 ὅτι
3468 5204 3556 5239 πισ-

305 5285 570 5339 stolorum
614 5296 782 5340 testes
837 5285 1129 5353 producit:
1165 5285 1338 5349 Cujus
1385 5284 1459 5337 rei
1494 5298 1615 5345 nos,
1673 5284 1874 5354 inquit,

1992 5289 2225 5345 στεύσας
2253 5288 2344 5341 ἐπὶ
2381 5286 2445 5337 τὸ
2471 5284 2645 5354 ὄνομα
2668 5283 2834 5337 αὐτοῦ
2863 5280 3169 5352 ἐστερεὼοη
3208 5296 3223 5343 ;
3262 5279 3369 5331 Καὶ
3417 5277 3548 5346 πρὶν

304 5386 497 5429 sumus
530 5382 715 5430 testes.
748 5376 1104 5429 Conlirntavit
1129 5390 1191 5426 ac.
1215 5373 1472 5437 restituit,
1511 5372 1753 5441 inquam,
1784 5393 1879 5428 no-

1987 5381 2019 5447 ἢ
2059 5379 2354 5440 πιστεύσας
2381 5378 2427 5407 ⁸⁷
2468 5378 2527 5428 τὸ
2549 5376 2719 5445 ὄνομα
2763 5374 2923 5444 μόνον
2984 5370 3277 5441 ἐπικληθὲν
3332 5367 3551 5435 ἐστερέ-

1486 5509 1684 5570 Vat-ite
1717 5510 2025 5574 lectiones
2064 5518 2121 5572 et
2170 5519 2355 5571 nunc.

380 5652 426 5683 “
462 5657 702 5724 ἦν’-(γει),
782 5659 823 5685 ⁸³
858 5658 965 5717 ἴση
997 5658 1067 5718 ὡς
1100 5656 1175 5708 τὸ.
1253 5655 1296 5684 ⁸⁸
1322 5655 1524 5713 ἴσ.,δὲ.
1606 5662 1649 5689 ⁸³⁷
1686 5661 1874 5716 πισίεῦ
1893 5680 2000 5721 37.1,
2030 5661 2115 5713 Τι’.
