  <div class='ocr_page' id='page_1' title='image "/cluster/home/n/w/nwhite01/storage/ocr_20150623/125/hvd.32044073502429/302.png"; bbox 0 0 4068 6210; ppageno 0'>
   <div class='ocr_carea' id='block_1_1' title="bbox 394 296 500 361">
    <p class='ocr_par' dir='ltr' id='par_1_1' title="bbox 394 296 500 361">
     <span class='ocr_line' id='line_1_1' title="bbox 394 296 500 361; baseline 0 -1"><span class='ocrx_word' id='word_1_1' title='bbox 394 296 500 361; x_wconf 79' lang='lat'><strong>535</strong></span> 
     </span>
    </p>
   </div>
   <div class='ocr_carea' id='block_1_2' title="bbox 1105 299 2904 365">
    <p class='ocr_par' dir='ltr' id='par_1_2' title="bbox 1105 299 2904 365">
     <span class='ocr_line' id='line_1_2' title="bbox 1105 299 2904 365; baseline 0.003 -6"><span class='ocrx_word' id='word_1_2' title='bbox 1105 299 1511 361; x_wconf 76' lang='lat' dir='ltr'><strong>EXPO&#39;SITIO</strong></span> <span class='ocrx_word' id='word_1_3' title='bbox 1546 302 1625 360; x_wconf 78' lang='lat' dir='ltr'><strong>IN</strong></span> <span class='ocrx_word' id='word_1_4' title='bbox 1664 300 1849 358; x_wconf 70' lang='lat' dir='ltr'><strong>ACTA</strong></span> <span class='ocrx_word' id='word_1_5' title='bbox 1891 300 2463 363; x_wconf 69' lang='lat' dir='ltr'><strong>APOSTOLURUM.</strong></span> <span class='ocrx_word' id='word_1_6' title='bbox 2502 304 2745 364; x_wconf 79' lang='lat' dir='ltr'><strong>-CAP.</strong></span> <span class='ocrx_word' id='word_1_7' title='bbox 2795 305 2904 365; x_wconf 89' lang='lat' dir='ltr'><strong>[[I.</strong></span> 
     </span>
    </p>
   </div>
   <div class='ocr_carea' id='block_1_3' title="bbox 3544 301 3649 364">
    <p class='ocr_par' dir='ltr' id='par_1_3' title="bbox 3544 301 3649 364">
     <span class='ocr_line' id='line_1_3' title="bbox 3544 301 3649 364; baseline 0.029 -3"><span class='ocrx_word' id='word_1_8' title='bbox 3544 301 3649 364; x_wconf 73' lang='lat'><strong>568</strong></span> 
     </span>
    </p>
   </div>
   <div class='ocr_carea' id='block_1_4' title="bbox 394 408 1984 482">
    <p class='ocr_par' dir='ltr' id='par_1_4' title="bbox 394 408 1969 481">
     <span class='ocr_line' id='line_1_4' title="bbox 394 408 1969 481; baseline -0.001 -20"><span class='ocrx_word' id='word_1_9' title='bbox 394 425 540 462; x_wconf 81' lang='grc' dir='ltr'><strong>ωσεν</strong></span> <span class='ocrx_word' id='word_1_10' title='bbox 569 409 755 462; x_wconf 65' lang='grc' dir='ltr'><strong>αὐτόν.</strong></span> <span class='ocrx_word' id='word_1_11' title='bbox 796 408 1081 480; x_wconf 80' lang='grc' dir='ltr'><strong>Τοσαύτην</strong></span> <span class='ocrx_word' id='word_1_12' title='bbox 1115 410 1228 480; x_wconf 78' lang='grc' dir='ltr'><strong>ἔχει</strong></span> <span class='ocrx_word' id='word_1_13' title='bbox 1260 410 1357 481; x_wconf 77' lang='grc' dir='ltr'><strong>τήν</strong></span> <span class='ocrx_word' id='word_1_14' title='bbox 1391 412 1544 479; x_wconf 72' lang='grc' dir='ltr'><strong>ἰσχὺν</strong></span> <span class='ocrx_word' id='word_1_15' title='bbox 1590 410 1683 464; x_wconf 72' lang='grc' dir='ltr'><strong>καὶ</strong></span> <span class='ocrx_word' id='word_1_16' title='bbox 1732 411 1969 480; x_wconf 62' lang='grc' dir='ltr'><strong>ηγάζει</strong></span> 
     </span>
    </p>
   </div>
   <div class='ocr_carea' id='block_1_5' title="bbox 2088 408 3647 482">
    <p class='ocr_par' dir='ltr' id='par_1_5' title="bbox 2092 412 3647 482">
     <span class='ocr_line' id='line_1_5' title="bbox 2092 412 3647 482; baseline 0.003 -19"><span class='ocrx_word' id='word_1_17' title='bbox 2092 427 2195 464; x_wconf 90' lang='lat' dir='ltr'><strong>uen</strong></span> <span class='ocrx_word' id='word_1_18' title='bbox 2232 413 2395 467; x_wconf 87' lang='lat' dir='ltr'><strong>illius.</strong></span> <span class='ocrx_word' id='word_1_19' title='bbox 2433 412 2565 466; x_wconf 85' lang='lat' dir='ltr'><strong>Cum</strong></span> <span class='ocrx_word' id='word_1_20' title='bbox 2622 415 2868 477; x_wconf 66' lang='lat' dir='ltr'><strong>dixisset,</strong></span> <span class='ocrx_word' id='word_1_21' title='bbox 2943 413 3165 479; x_wconf 81' lang='lat' dir='ltr'><strong>Propter</strong></span> <span class='ocrx_word' id='word_1_22' title='bbox 3217 416 3373 482; x_wconf 78' lang='lat' dir='ltr'><strong>ﬁdem</strong></span> <span class='ocrx_word' id='word_1_23' title='bbox 3423 416 3647 468; x_wconf 77' lang='lat' dir='ltr'><strong>neminis</strong></span> 
     </span>
    </p>
   </div>
   <div class='ocr_carea' id='block_1_6' title="bbox 394 499 1972 575">
    <p class='ocr_par' dir='ltr' id='par_1_6' title="bbox 394 499 1972 575">
     <span class='ocr_line' id='line_1_6' title="bbox 394 499 1972 575; baseline 0.001 -23"><span class='ocrx_word' id='word_1_24' title='bbox 394 499 497 569; x_wconf 73' lang='grc' dir='ltr'><strong>τὴν</strong></span> <span class='ocrx_word' id='word_1_25' title='bbox 519 499 699 569; x_wconf 63' lang='grc' dir='ltr'><strong>χειριν.</strong></span> <span class='ocrx_word' id='word_1_26' title='bbox 731 501 840 553; x_wconf 74' lang='grc' dir='ltr'><strong>Καὶ</strong></span> <span class='ocrx_word' id='word_1_27' title='bbox 868 502 902 571; x_wconf 80' lang='grc' dir='ltr'>ὴ</span> <span class='ocrx_word' id='word_1_28' title='bbox 938 502 1121 564; x_wconf 81' lang='grc' dir='ltr'><strong>πίστις</strong></span> <span class='ocrx_word' id='word_1_29' title='bbox 1167 505 1199 572; x_wconf 77' lang='grc' dir='ltr'><strong>ἡ</strong></span> <span class='ocrx_word' id='word_1_30' title='bbox 1232 502 1300 554; x_wconf 83' lang='grc' dir='ltr'><strong>δι’</strong></span> <span class='ocrx_word' id='word_1_31' title='bbox 1329 502 1517 555; x_wconf 78' lang='grc' dir='ltr'><strong>αὑτοῦ.</strong></span> <span class='ocrx_word' id='word_1_32' title='bbox 1549 503 1644 564; x_wconf 86' lang='grc' dir='ltr'><strong>Τίς</strong></span> <span class='ocrx_word' id='word_1_33' title='bbox 1666 503 1725 558; x_wconf 77' lang='grc' dir='ltr'><strong>δέ</strong></span> <span class='ocrx_word' id='word_1_34' title='bbox 1759 507 1907 555; x_wconf 83' lang='grc' dir='ltr'><strong>ἐστιν</strong></span> <span class='ocrx_word' id='word_1_35' title='bbox 1938 506 1972 575; x_wconf 72' lang='grc' dir='ltr'>ἡ</span> 
     </span>
    </p>
   </div>
   <div class='ocr_carea' id='block_1_7' title="bbox 398 590 1968 665">
    <p class='ocr_par' dir='ltr' id='par_1_7' title="bbox 398 590 1968 665">
     <span class='ocr_line' id='line_1_7' title="bbox 398 590 1968 665; baseline 0.003 -24"><span class='ocrx_word' id='word_1_36' title='bbox 398 591 603 652; x_wconf 79' lang='grc' dir='ltr'><strong>πίστις.</strong></span> <span class='ocrx_word' id='word_1_37' title='bbox 632 592 664 658; x_wconf 84' lang='grc' dir='ltr'>ἡ</span> <span class='ocrx_word' id='word_1_38' title='bbox 696 590 765 642; x_wconf 83' lang='grc' dir='ltr'><strong>δι’</strong></span> <span class='ocrx_word' id='word_1_39' title='bbox 803 591 966 645; x_wconf 81' lang='grc' dir='ltr'><strong>αὑτὸν</strong></span> <span class='ocrx_word' id='word_1_40' title='bbox 997 591 1353 662; x_wconf 78' lang='grc' dir='ltr'><strong>κηρυχθεῖσα,</strong></span> <span class='ocrx_word' id='word_1_41' title='bbox 1413 592 1576 655; x_wconf 83' lang='grc' dir='ltr'><strong>αὐτὸς</strong></span> <span class='ocrx_word' id='word_1_42' title='bbox 1630 593 1924 665; x_wconf 82' lang='grc' dir='ltr'><strong>ἐρμηνεύει</strong></span> <span class='ocrx_word' id='word_1_43' title='bbox 1954 610 1968 625; x_wconf 88' lang='grc'><strong>·</strong></span> 
     </span>
    </p>
   </div>
   <div class='ocr_carea' id='block_1_8' title="bbox 398 678 1972 752">
    <p class='ocr_par' dir='ltr' id='par_1_8' title="bbox 398 678 1972 752">
     <span class='ocr_line' id='line_1_8' title="bbox 398 678 1972 752; baseline 0.003 -21"><span class='ocrx_word' id='word_1_44' title='bbox 398 681 486 732; x_wconf 78' lang='grc' dir='ltr'><strong>ἵνα</strong></span> <span class='ocrx_word' id='word_1_45' title='bbox 512 678 826 746; x_wconf 72' lang='grc' dir='ltr'><strong>γινώσκωσί</strong></span> <span class='ocrx_word' id='word_1_46' title='bbox 856 699 915 734; x_wconf 82' lang='grc' dir='ltr'><strong>σε</strong></span> <span class='ocrx_word' id='word_1_47' title='bbox 936 682 1028 734; x_wconf 74' lang='grc' dir='ltr'><strong>τὸν</strong></span> <span class='ocrx_word' id='word_1_48' title='bbox 1055 682 1216 751; x_wconf 84' lang='grc' dir='ltr'><strong>μόνον</strong></span> <span class='ocrx_word' id='word_1_49' title='bbox 1246 681 1498 752; x_wconf 78' lang='grc' dir='ltr'><strong>ἀληθινὸν</strong></span> <span class='ocrx_word' id='word_1_50' title='bbox 1527 682 1660 735; x_wconf 85' lang='grc' dir='ltr'><strong>Θεόν</strong></span> <span class='ocrx_word' id='word_1_51' title='bbox 1687 699 1700 713; x_wconf 90' lang='grc'><strong>·</strong></span> <span class='ocrx_word' id='word_1_52' title='bbox 1758 683 1856 735; x_wconf 79' lang='grc' dir='ltr'><strong>καὶ</strong></span> <span class='ocrx_word' id='word_1_53' title='bbox 1913 682 1972 735; x_wconf 83' lang='grc' dir='ltr'><strong>ὃν</strong></span> 
     </span>
    </p>
   </div>
   <div class='ocr_carea' id='block_1_9' title="bbox 397 769 1974 844">
    <p class='ocr_par' dir='ltr' id='par_1_9' title="bbox 397 769 1974 844">
     <span class='ocr_line' id='line_1_9' title="bbox 397 769 1974 844; baseline 0.003 -22"><span class='ocrx_word' id='word_1_54' title='bbox 397 769 727 831; x_wconf 75' lang='grc' dir='ltr'><strong>ἀπέστειλας</strong></span> <span class='ocrx_word' id='word_1_55' title='bbox 770 772 1004 842; x_wconf 78' lang='grc' dir='ltr'><strong>Ἰησοῦν.</strong></span> <span class='ocrx_word' id='word_1_56' title='bbox 1038 773 1158 826; x_wconf 82' lang='grc' dir='ltr'><strong>Ἵνα</strong></span> <span class='ocrx_word' id='word_1_57' title='bbox 1179 772 1291 843; x_wconf 80' lang='grc' dir='ltr'><strong>γὰρ</strong></span> <span class='ocrx_word' id='word_1_58' title='bbox 1326 774 1400 842; x_wconf 80' lang='grc' dir='ltr'><strong>μή</strong></span> <span class='ocrx_word' id='word_1_59' title='bbox 1432 790 1516 835; x_wconf 82' lang='grc' dir='ltr'><strong>τις</strong></span> <span class='ocrx_word' id='word_1_60' title='bbox 1546 775 1674 844; x_wconf 83' lang='grc' dir='ltr'><strong>εῐπῃ</strong></span> <span class='ocrx_word' id='word_1_61' title='bbox 1699 789 1714 806; x_wconf 81' lang='grc'><em>’</em></span> <span class='ocrx_word' id='word_1_62' title='bbox 1779 773 1974 827; x_wconf 80' lang='grc' dir='ltr'><strong>οὐκοῦν</strong></span> 
     </span>
    </p>
   </div>
   <div class='ocr_carea' id='block_1_10' title="bbox 396 848 1975 935">
    <p class='ocr_par' dir='ltr' id='par_1_10' title="bbox 396 848 1975 935">
     <span class='ocr_line' id='line_1_10' title="bbox 396 848 1975 935; baseline 0.003 -21"><span class='ocrx_word' id='word_1_63' title='bbox 396 848 500 914; x_wconf 66' lang='grc' dir='ltr'><strong>κᾶν</strong></span> <span class='ocrx_word' id='word_1_64' title='bbox 519 861 747 926; x_wconf 73' lang='grc' dir='ltr'><strong>ἄπιστος</strong></span> <span class='ocrx_word' id='word_1_65' title='bbox 771 865 1162 934; x_wconf 72' lang='grc' dir='ltr'><strong>ἐπικαλέσηται</strong></span> <span class='ocrx_word' id='word_1_66' title='bbox 1203 866 1264 918; x_wconf 81' lang='grc' dir='ltr'><strong>τὸ</strong></span> <span class='ocrx_word' id='word_1_67' title='bbox 1291 868 1457 935; x_wconf 74' lang='grc' dir='ltr'><strong>ὄνομα</strong></span> <span class='ocrx_word' id='word_1_68' title='bbox 1490 865 1675 931; x_wconf 77' lang='grc' dir='ltr'><strong>αὐτοῦ,</strong></span> <span class='ocrx_word' id='word_1_69' title='bbox 1730 868 1833 920; x_wconf 82' lang='grc' dir='ltr'><strong>κᾶν</strong></span> <span class='ocrx_word' id='word_1_70' title='bbox 1882 868 1975 921; x_wconf 74' lang='grc' dir='ltr'><strong>ἐπὶ</strong></span> 
     </span>
    </p>
   </div>
   <div class='ocr_carea' id='block_1_11' title="bbox 395 951 1974 1029">
    <p class='ocr_par' dir='ltr' id='par_1_11' title="bbox 395 951 1974 1029">
     <span class='ocr_line' id='line_1_11' title="bbox 395 951 1974 1029; baseline 0.004 -25"><span class='ocrx_word' id='word_1_71' title='bbox 395 951 665 1022; x_wconf 68' lang='grc' dir='ltr'><strong>θεραπείᾳ.</strong></span> <span class='ocrx_word' id='word_1_72' title='bbox 716 954 977 1017; x_wconf 78' lang='grc' dir='ltr'><strong>ἀπίστους</strong></span> <span class='ocrx_word' id='word_1_73' title='bbox 1004 955 1052 987; x_wconf 74' lang='grc'><strong>⁸⁸</strong></span> <span class='ocrx_word' id='word_1_74' title='bbox 1076 956 1230 1008; x_wconf 80' lang='grc' dir='ltr'><strong>οὐδὲν</strong></span> <span class='ocrx_word' id='word_1_75' title='bbox 1285 951 1447 1027; x_wconf 83' lang='grc' dir='ltr'><strong>ἦττον</strong></span> <span class='ocrx_word' id='word_1_76' title='bbox 1500 959 1642 1019; x_wconf 65' lang='lat' dir='ltr'><strong>fact;</strong></span> <span class='ocrx_word' id='word_1_77' title='bbox 1685 961 1974 1029; x_wconf 84' lang='grc' dir='ltr'><strong>προχωρή-</strong></span> 
     </span>
    </p>
   </div>
   <div class='ocr_carea' id='block_1_12' title="bbox 392 1043 1974 1119">
    <p class='ocr_par' dir='ltr' id='par_1_12' title="bbox 392 1043 1974 1119">
     <span class='ocr_line' id='line_1_12' title="bbox 392 1043 1974 1119; baseline 0.005 -25"><span class='ocrx_word' id='word_1_78' title='bbox 392 1059 502 1106; x_wconf 78' lang='grc' dir='ltr'><strong>σει,</strong></span> <span class='ocrx_word' id='word_1_79' title='bbox 528 1043 687 1111; x_wconf 80' lang='grc' dir='ltr'><strong>εῐπερ</strong></span> <span class='ocrx_word' id='word_1_80' title='bbox 709 1046 742 1114; x_wconf 83' lang='grc' dir='ltr'>ή</span> <span class='ocrx_word' id='word_1_81' title='bbox 775 1046 1068 1116; x_wconf 71' lang='grc' dir='ltr'><strong>ἐπίκλησις</strong></span> <span class='ocrx_word' id='word_1_82' title='bbox 1102 1047 1237 1116; x_wconf 82' lang='grc' dir='ltr'><strong>μόνη</strong></span> <span class='ocrx_word' id='word_1_83' title='bbox 1269 1047 1361 1100; x_wconf 80' lang='grc' dir='ltr'><strong>τοῦ</strong></span> <span class='ocrx_word' id='word_1_84' title='bbox 1387 1049 1656 1118; x_wconf 83' lang='grc' dir='ltr'><strong>ὀνόματος</strong></span> <span class='ocrx_word' id='word_1_85' title='bbox 1706 1051 1974 1119; x_wconf 79' lang='grc' dir='ltr'><strong>ἐστερέω-</strong></span> 
     </span>
    </p>
   </div>
   <div class='ocr_carea' id='block_1_13' title="bbox 400 1130 1975 1208">
    <p class='ocr_par' dir='ltr' id='par_1_13' title="bbox 400 1130 1975 1208">
     <span class='ocr_line' id='line_1_13' title="bbox 400 1130 1975 1208; baseline 0.006 -23"><span class='ocrx_word' id='word_1_86' title='bbox 400 1148 511 1185; x_wconf 72' lang='grc' dir='ltr'><strong>σεν·</strong></span> <span class='ocrx_word' id='word_1_87' title='bbox 554 1134 641 1186; x_wconf 74' lang='grc' dir='ltr'><strong>ἵνα</strong></span> <span class='ocrx_word' id='word_1_88' title='bbox 663 1130 757 1188; x_wconf 81' lang='grc' dir='ltr'><strong>οὖν</strong></span> <span class='ocrx_word' id='word_1_89' title='bbox 803 1136 877 1207; x_wconf 82' lang='grc' dir='ltr'><strong>μή</strong></span> <span class='ocrx_word' id='word_1_90' title='bbox 904 1154 989 1199; x_wconf 85' lang='grc' dir='ltr'><strong>τις</strong></span> <span class='ocrx_word' id='word_1_91' title='bbox 1011 1136 1168 1190; x_wconf 76' lang='grc' dir='ltr'><strong>τοῦτο</strong></span> <span class='ocrx_word' id='word_1_92' title='bbox 1190 1139 1342 1208; x_wconf 81' lang='grc' dir='ltr'><strong>είπῃ,</strong></span> <span class='ocrx_word' id='word_1_93' title='bbox 1375 1141 1642 1207; x_wconf 80' lang='grc' dir='ltr'><strong>ἐπήγαγε,</strong></span> <span class='ocrx_word' id='word_1_94' title='bbox 1675 1140 1773 1193; x_wconf 78' lang='grc' dir='ltr'><strong>καί</strong></span> <span class='ocrx_word' id='word_1_95' title='bbox 1810 1140 1847 1206; x_wconf 82' lang='grc' dir='ltr'><strong><em>ἠ</em></strong></span> <span class='ocrx_word' id='word_1_96' title='bbox 1878 1142 1975 1194; x_wconf 79' lang='grc' dir='ltr'><strong>πί-</strong></span> 
     </span>
    </p>
   </div>
   <div class='ocr_carea' id='block_1_14' title="bbox 398 1223 1977 1301">
    <p class='ocr_par' dir='ltr' id='par_1_14' title="bbox 398 1223 1977 1301">
     <span class='ocr_line' id='line_1_14' title="bbox 398 1223 1977 1301; baseline 0.006 -26"><span class='ocrx_word' id='word_1_97' title='bbox 398 1237 537 1289; x_wconf 81' lang='grc' dir='ltr'><strong>στις</strong></span> <span class='ocrx_word' id='word_1_98' title='bbox 563 1223 601 1291; x_wconf 78' lang='grc' dir='ltr'><strong><em>ἠ</em></strong></span> <span class='ocrx_word' id='word_1_99' title='bbox 625 1224 702 1278; x_wconf 83' lang='grc' dir='ltr'><strong>δι’</strong></span> <span class='ocrx_word' id='word_1_100' title='bbox 724 1227 933 1292; x_wconf 82' lang='grc' dir='ltr'><strong>αὐτοῦ,</strong></span> <span class='ocrx_word' id='word_1_101' title='bbox 962 1229 1212 1282; x_wconf 78' lang='grc' dir='ltr'><strong>τουτέστι</strong></span> <span class='ocrx_word' id='word_1_102' title='bbox 1233 1247 1247 1261; x_wconf 66' lang='grc' dir='ltr'><strong>υ</strong></span> <span class='ocrx_word' id='word_1_103' title='bbox 1276 1233 1418 1298; x_wconf 79' lang='grc' dir='ltr'><strong>μέγα</strong></span> <span class='ocrx_word' id='word_1_104' title='bbox 1446 1232 1545 1299; x_wconf 82' lang='grc' dir='ltr'><strong>μέν</strong></span> <span class='ocrx_word' id='word_1_105' title='bbox 1576 1231 1696 1283; x_wconf 77' lang='grc' dir='ltr'><strong>ἐστι</strong></span> <span class='ocrx_word' id='word_1_106' title='bbox 1723 1231 1782 1283; x_wconf 78' lang='grc' dir='ltr'><strong>τὸ</strong></span> <span class='ocrx_word' id='word_1_107' title='bbox 1805 1230 1977 1301; x_wconf 79' lang='grc' dir='ltr'><strong>ὄνομα</strong></span> 
     </span>
    </p>
   </div>
   <div class='ocr_carea' id='block_1_15' title="bbox 402 1314 1978 1387">
    <p class='ocr_par' dir='ltr' id='par_1_15' title="bbox 402 1314 1978 1387">
     <span class='ocr_line' id='line_1_15' title="bbox 402 1314 1978 1387; baseline 0.007 -23"><span class='ocrx_word' id='word_1_108' title='bbox 402 1314 499 1365; x_wconf 76' lang='grc' dir='ltr'><strong>καὶ</strong></span> <span class='ocrx_word' id='word_1_109' title='bbox 523 1316 757 1384; x_wconf 75' lang='grc' dir='ltr'><strong>φοϐερὸν</strong></span> <span class='ocrx_word' id='word_1_110' title='bbox 776 1318 870 1369; x_wconf 78' lang='grc' dir='ltr'><strong>καὶ</strong></span> <span class='ocrx_word' id='word_1_111' title='bbox 895 1317 1046 1387; x_wconf 80' lang='grc' dir='ltr'><strong>βρύει</strong></span> <span class='ocrx_word' id='word_1_112' title='bbox 1081 1320 1255 1383; x_wconf 77' lang='grc' dir='ltr'><strong>ἰάσεις</strong></span> <span class='ocrx_word' id='word_1_113' title='bbox 1279 1336 1294 1351; x_wconf 74' lang='grc' dir='ltr'><strong><em>ο</em></strong></span> <span class='ocrx_word' id='word_1_114' title='bbox 1317 1320 1454 1373; x_wconf 79' lang='grc' dir='ltr'><strong>ἀλλὰ</strong></span> <span class='ocrx_word' id='word_1_115' title='bbox 1504 1321 1672 1374; x_wconf 75' lang='grc' dir='ltr'><strong>δεῖται</strong></span> <span class='ocrx_word' id='word_1_116' title='bbox 1728 1323 1821 1375; x_wconf 60' lang='grc' dir='ltr'><strong>καὶ⁵</strong></span> <span class='ocrx_word' id='word_1_117' title='bbox 1872 1323 1978 1387; x_wconf 77' lang='grc' dir='ltr'><strong>ψυ-</strong></span> 
     </span>
    </p>
   </div>
   <div class='ocr_carea' id='block_1_16' title="bbox 401 1404 1977 1484">
    <p class='ocr_par' dir='ltr' id='par_1_16' title="bbox 401 1404 1977 1484">
     <span class='ocr_line' id='line_1_16' title="bbox 401 1404 1977 1484; baseline 0.008 -29"><span class='ocrx_word' id='word_1_118' title='bbox 401 1404 511 1473; x_wconf 78' lang='grc' dir='ltr'><strong>χῶν</strong></span> <span class='ocrx_word' id='word_1_119' title='bbox 531 1406 850 1475; x_wconf 78' lang='grc' dir='ltr'><strong>δυναμένων</strong></span> <span class='ocrx_word' id='word_1_120' title='bbox 880 1409 1178 1479; x_wconf 80' lang='grc' dir='ltr'><strong>ἀξιωθῆναι</strong></span> <span class='ocrx_word' id='word_1_121' title='bbox 1203 1410 1301 1479; x_wconf 78' lang='grc' dir='ltr'><strong>τῆς</strong></span> <span class='ocrx_word' id='word_1_122' title='bbox 1331 1412 1572 1481; x_wconf 83' lang='grc' dir='ltr'><strong>χάριτος,</strong></span> <span class='ocrx_word' id='word_1_123' title='bbox 1590 1414 1684 1466; x_wconf 76' lang='grc' dir='ltr'><strong>καὶ</strong></span> <span class='ocrx_word' id='word_1_124' title='bbox 1705 1415 1977 1484; x_wconf 81' lang='grc' dir='ltr'><strong>πρεσϐευ-</strong></span> 
     </span>
    </p>
   </div>
   <div class='ocr_carea' id='block_1_17' title="bbox 398 1494 1973 1573">
    <p class='ocr_par' dir='ltr' id='par_1_17' title="bbox 398 1494 1973 1573">
     <span class='ocr_line' id='line_1_17' title="bbox 398 1494 1973 1573; baseline 0.007 -26"><span class='ocrx_word' id='word_1_125' title='bbox 398 1494 510 1549; x_wconf 78' lang='grc' dir='ltr'><strong>τῶν</strong></span> <span class='ocrx_word' id='word_1_126' title='bbox 540 1497 744 1549; x_wconf 79' lang='grc' dir='ltr'><strong>ἱκανῶν</strong></span> <span class='ocrx_word' id='word_1_127' title='bbox 772 1498 1104 1553; x_wconf 79' lang='grc' dir='ltr'><strong>ξλεὼσασθαι</strong></span> <span class='ocrx_word' id='word_1_128' title='bbox 1166 1503 1260 1554; x_wconf 80' lang='grc' dir='ltr'><strong>τὸν</strong></span> <span class='ocrx_word' id='word_1_129' title='bbox 1287 1502 1521 1573; x_wconf 84' lang='grc' dir='ltr'><strong>χορηγὸν</strong></span> <span class='ocrx_word' id='word_1_130' title='bbox 1583 1505 1691 1557; x_wconf 83' lang='grc' dir='ltr'><strong>τῶν</strong></span> <span class='ocrx_word' id='word_1_131' title='bbox 1760 1504 1973 1558; x_wconf 81' lang='grc' dir='ltr'><strong>ίὰσεων.</strong></span> 
     </span>
    </p>
   </div>
   <div class='ocr_carea' id='block_1_18' title="bbox 412 1586 1977 1667">
    <p class='ocr_par' dir='ltr' id='par_1_18' title="bbox 412 1586 1977 1667">
     <span class='ocr_line' id='line_1_18' title="bbox 412 1586 1977 1667; baseline 0.009 -29"><span class='ocrx_word' id='word_1_132' title='bbox 412 1586 674 1640; x_wconf 77' lang='grc' dir='ltr'><strong>Ἀπίστου</strong></span> <span class='ocrx_word' id='word_1_133' title='bbox 705 1590 813 1660; x_wconf 82' lang='grc' dir='ltr'><strong>γὰρ</strong></span> <span class='ocrx_word' id='word_1_134' title='bbox 868 1591 1154 1660; x_wconf 72' lang='grc' dir='ltr'><strong>μέλλοντος</strong></span> <span class='ocrx_word' id='word_1_135' title='bbox 1238 1595 1423 1663; x_wconf 76' lang='grc' dir='ltr'><strong>μένειν</strong></span> <span class='ocrx_word' id='word_1_136' title='bbox 1479 1595 1574 1648; x_wconf 84' lang='grc' dir='ltr'><strong>τοῦ</strong></span> <span class='ocrx_word' id='word_1_137' title='bbox 1623 1598 1722 1667; x_wconf 80' lang='grc' dir='ltr'><strong>τῆς</strong></span> <span class='ocrx_word' id='word_1_138' title='bbox 1780 1599 1977 1662; x_wconf 80' lang='grc' dir='ltr'><strong>ἰάσεως</strong></span> 
     </span>
    </p>
   </div>
   <div class='ocr_carea' id='block_1_19' title="bbox 398 1676 1976 1749">
    <p class='ocr_par' dir='ltr' id='par_1_19' title="bbox 398 1676 1976 1749">
     <span class='ocr_line' id='line_1_19' title="bbox 398 1676 1976 1749; baseline 0.008 -22"><span class='ocrx_word' id='word_1_139' title='bbox 398 1676 678 1744; x_wconf 74' lang='grc' dir='ltr'>δεομένου,</span> <span class='ocrx_word' id='word_1_140' title='bbox 720 1680 824 1732; x_wconf 78' lang='grc' dir='ltr'><strong>οὐκ</strong></span> <span class='ocrx_word' id='word_1_141' title='bbox 851 1680 915 1733; x_wconf 77' lang='grc' dir='ltr'><strong>ἂν</strong></span> <span class='ocrx_word' id='word_1_142' title='bbox 957 1680 1131 1745; x_wconf 74' lang='grc' dir='ltr'><strong>οὕτως</strong></span> <span class='ocrx_word' id='word_1_143' title='bbox 1189 1684 1381 1747; x_wconf 82' lang='grc' dir='ltr'><strong>ἁπλῶς</strong></span> <span class='ocrx_word' id='word_1_144' title='bbox 1435 1686 1577 1749; x_wconf 78' lang='grc' dir='ltr'><strong>ἴασις</strong></span> <span class='ocrx_word' id='word_1_145' title='bbox 1637 1687 1829 1741; x_wconf 81' lang='grc' dir='ltr'><strong>ἔσται·</strong></span> <span class='ocrx_word' id='word_1_146' title='bbox 1881 1690 1976 1742; x_wconf 71' lang='grc' dir='ltr'><strong>καὶ</strong></span> 
     </span>
    </p>
   </div>
   <div class='ocr_carea' id='block_1_20' title="bbox 398 1746 2049 1851">
    <p class='ocr_par' dir='ltr' id='par_1_20' title="bbox 398 1746 2049 1851">
     <span class='ocr_line' id='line_1_20' title="bbox 398 1746 2049 1851; baseline 0.006 -30"><span class='ocrx_word' id='word_1_147' title='bbox 398 1765 508 1821; x_wconf 74' lang='grc' dir='ltr'><strong>ὕπὸ</strong></span> <span class='ocrx_word' id='word_1_148' title='bbox 527 1769 773 1821; x_wconf 76' lang='grc' dir='ltr'><strong>ἀπίστων</strong></span> <span class='ocrx_word' id='word_1_149' title='bbox 803 1770 864 1822; x_wconf 81' lang='grc' dir='ltr'><strong>τὸ</strong></span> <span class='ocrx_word' id='word_1_150' title='bbox 904 1771 1076 1851; x_wconf 76' lang='grc' dir='ltr'><strong>ὄνομα</strong></span> <span class='ocrx_word' id='word_1_151' title='bbox 1138 1746 1595 1844; x_wconf 74' lang='grc' dir='ltr'><strong>ἐπικαλούμενον,</strong></span> <span class='ocrx_word' id='word_1_152' title='bbox 1628 1778 1735 1831; x_wconf 79' lang='grc' dir='ltr'><strong>οὐκ</strong></span> <span class='ocrx_word' id='word_1_153' title='bbox 1799 1779 1866 1832; x_wconf 81' lang='grc' dir='ltr'><strong>ἂν</strong></span> <span class='ocrx_word' id='word_1_154' title='bbox 1915 1779 1978 1831; x_wconf 79' lang='grc' dir='ltr'><strong>τὸ</strong></span> <span class='ocrx_word' id='word_1_155' title='bbox 2011 1746 2049 1799; x_wconf 66' lang='grc' dir='ltr'><strong>Β</strong></span> 
     </span>
    </p>
   </div>
   <div class='ocr_carea' id='block_1_21' title="bbox 399 1858 1979 1940">
    <p class='ocr_par' dir='ltr' id='par_1_21' title="bbox 399 1858 1979 1940">
     <span class='ocr_line' id='line_1_21' title="bbox 399 1858 1979 1940; baseline 0.009 -31"><span class='ocrx_word' id='word_1_156' title='bbox 399 1858 604 1912; x_wconf 74' lang='grc' dir='ltr'><strong>οἰκεῖον</strong></span> <span class='ocrx_word' id='word_1_157' title='bbox 651 1862 922 1933; x_wconf 81' lang='grc' dir='ltr'><strong>ἐνεργήσῃ</strong></span> <span class='ocrx_word' id='word_1_158' title='bbox 949 1877 964 1893; x_wconf 76' lang='grc'><strong><em>⁸</em></strong></span> <span class='ocrx_word' id='word_1_159' title='bbox 1007 1866 1102 1918; x_wconf 85' lang='grc' dir='ltr'><strong>καὶ</strong></span> <span class='ocrx_word' id='word_1_160' title='bbox 1140 1866 1248 1936; x_wconf 79' lang='grc' dir='ltr'><strong>μὴν</strong></span> <span class='ocrx_word' id='word_1_161' title='bbox 1285 1868 1333 1920; x_wconf 72' lang='lat' dir='ltr'><strong>oi</strong></span> <span class='ocrx_word' id='word_1_162' title='bbox 1388 1870 1494 1922; x_wconf 77' lang='grc' dir='ltr'><strong>υίοὶ</strong></span> <span class='ocrx_word' id='word_1_163' title='bbox 1532 1870 1711 1924; x_wconf 78' lang='grc' dir='ltr'><strong>Σκευᾶ</strong></span> <span class='ocrx_word' id='word_1_164' title='bbox 1731 1872 1791 1922; x_wconf 78' lang='grc' dir='ltr'><strong>οὐ</strong></span> <span class='ocrx_word' id='word_1_165' title='bbox 1822 1871 1979 1940; x_wconf 81' lang='grc' dir='ltr'><strong>μόνον</strong></span> 
     </span>
    </p>
   </div>
   <div class='ocr_carea' id='block_1_22' title="bbox 402 1947 1976 2031">
    <p class='ocr_par' dir='ltr' id='par_1_22' title="bbox 402 1947 1976 2031">
     <span class='ocr_line' id='line_1_22' title="bbox 402 1947 1976 2031; baseline 0.008 -29"><span class='ocrx_word' id='word_1_166' title='bbox 402 1947 592 2017; x_wconf 78' lang='grc' dir='ltr'><strong>ἄλλους</strong></span> <span class='ocrx_word' id='word_1_167' title='bbox 618 1952 718 2004; x_wconf 82' lang='grc' dir='ltr'><strong>οὐκ</strong></span> <span class='ocrx_word' id='word_1_168' title='bbox 750 1953 1065 2023; x_wconf 79' lang='grc' dir='ltr'><strong>ὠφέλησαν,</strong></span> <span class='ocrx_word' id='word_1_169' title='bbox 1091 1956 1227 2010; x_wconf 84' lang='grc' dir='ltr'><strong>ἀλλὰ</strong></span> <span class='ocrx_word' id='word_1_170' title='bbox 1255 1960 1350 2012; x_wconf 75' lang='grc' dir='ltr'><strong>καὶ</strong></span> <span class='ocrx_word' id='word_1_171' title='bbox 1381 1961 1608 2024; x_wconf 82' lang='grc' dir='ltr'><strong>ἐαυτοὺς</strong></span> <span class='ocrx_word' id='word_1_172' title='bbox 1647 1962 1976 2031; x_wconf 77' lang='grc' dir='ltr'><strong>ἐζημίωσαν.</strong></span> 
     </span>
    </p>
   </div>
   <div class='ocr_carea' id='block_1_23' title="bbox 398 2039 1974 2122">
    <p class='ocr_par' dir='ltr' id='par_1_23' title="bbox 398 2039 1974 2122">
     <span class='ocr_line' id='line_1_23' title="bbox 398 2039 1974 2122; baseline 0.008 -29"><span class='ocrx_word' id='word_1_173' title='bbox 398 2039 561 2095; x_wconf 72' lang='grc' dir='ltr'><strong>Οὕτω</strong></span> <span class='ocrx_word' id='word_1_174' title='bbox 593 2043 692 2113; x_wconf 78' lang='grc' dir='ltr'><strong>μὲν</strong></span> <span class='ocrx_word' id='word_1_175' title='bbox 737 2046 918 2114; x_wconf 71' lang='grc' dir='ltr'><strong>ἡμεῖς.</strong></span> <span class='ocrx_word' id='word_1_176' title='bbox 976 2048 1191 2119; x_wconf 81' lang='grc' dir='ltr'><strong>Ἕτεροι</strong></span> <span class='ocrx_word' id='word_1_177' title='bbox 1242 2050 1299 2104; x_wconf 85' lang='grc' dir='ltr'><strong>δὲ</strong></span> <span class='ocrx_word' id='word_1_178' title='bbox 1369 2051 1540 2114; x_wconf 70' lang='grc' dir='ltr'><strong>οὕτως</strong></span> <span class='ocrx_word' id='word_1_179' title='bbox 1597 2054 1974 2122; x_wconf 81' lang='grc' dir='ltr'><strong>ἐξηγήσαντο·</strong></span> 
     </span>
    </p>
   </div>
   <div class='ocr_carea' id='block_1_24' title="bbox 399 2132 1978 2216">
    <p class='ocr_par' dir='ltr' id='par_1_24' title="bbox 399 2132 1978 2216">
     <span class='ocr_line' id='line_1_24' title="bbox 399 2132 1978 2216; baseline 0.008 -32"><span class='ocrx_word' id='word_1_180' title='bbox 399 2132 510 2185; x_wconf 75' lang='grc' dir='ltr'><strong>Καὶ</strong></span> <span class='ocrx_word' id='word_1_181' title='bbox 538 2135 645 2203; x_wconf 77' lang='grc' dir='ltr'><strong>μὴν</strong></span> <span class='ocrx_word' id='word_1_182' title='bbox 666 2137 699 2204; x_wconf 76' lang='grc' dir='ltr'>ἡ</span> <span class='ocrx_word' id='word_1_183' title='bbox 727 2136 908 2202; x_wconf 80' lang='grc' dir='ltr'><strong>πίστις</strong></span> <span class='ocrx_word' id='word_1_184' title='bbox 942 2140 974 2208; x_wconf 82' lang='grc' dir='ltr'>ἡ</span> <span class='ocrx_word' id='word_1_185' title='bbox 1003 2141 1142 2210; x_wconf 75' lang='grc' dir='ltr'><strong>αὐτή</strong></span> <span class='ocrx_word' id='word_1_186' title='bbox 1173 2142 1318 2195; x_wconf 82' lang='grc' dir='ltr'><strong>ἐστιν</strong></span> <span class='ocrx_word' id='word_1_187' title='bbox 1352 2143 1385 2200; x_wconf 85' lang='grc' dir='ltr'>ἠ</span> <span class='ocrx_word' id='word_1_188' title='bbox 1413 2143 1571 2196; x_wconf 84' lang='grc' dir='ltr'><strong>τοῦτο</strong></span> <span class='ocrx_word' id='word_1_189' title='bbox 1600 2144 1978 2216; x_wconf 73' lang='grc' dir='ltr'><strong>ἐργασαμένηο</strong></span> 
     </span>
    </p>
   </div>
   <div class='ocr_carea' id='block_1_25' title="bbox 403 2223 1977 2306">
    <p class='ocr_par' dir='ltr' id='par_1_25' title="bbox 403 2223 1977 2306">
     <span class='ocr_line' id='line_1_25' title="bbox 403 2223 1977 2306; baseline 0.009 -31"><span class='ocrx_word' id='word_1_190' title='bbox 403 2225 465 2275; x_wconf 83' lang='grc' dir='ltr'><strong>οὐ</strong></span> <span class='ocrx_word' id='word_1_191' title='bbox 492 2225 596 2295; x_wconf 74' lang='grc' dir='ltr'><strong>γὰρ</strong></span> <span class='ocrx_word' id='word_1_192' title='bbox 647 2223 789 2290; x_wconf 83' lang='grc' dir='ltr'><strong>εἷπε,</strong></span> <span class='ocrx_word' id='word_1_193' title='bbox 824 2230 922 2282; x_wconf 79' lang='grc' dir='ltr'><strong>Διὰ</strong></span> <span class='ocrx_word' id='word_1_194' title='bbox 942 2230 1035 2283; x_wconf 79' lang='grc' dir='ltr'><strong>τοῦ</strong></span> <span class='ocrx_word' id='word_1_195' title='bbox 1062 2232 1344 2300; x_wconf 79' lang='grc' dir='ltr'><strong>ὀνόματος,</strong></span> <span class='ocrx_word' id='word_1_196' title='bbox 1379 2235 1493 2289; x_wconf 85' lang='grc' dir='ltr'><strong>ἀλλ’</strong></span> <span class='ocrx_word' id='word_1_197' title='bbox 1522 2237 1579 2287; x_wconf 80' lang='grc' dir='ltr'><strong>ἐν</strong></span> <span class='ocrx_word' id='word_1_198' title='bbox 1608 2235 1683 2304; x_wconf 80' lang='grc' dir='ltr'><strong>τῷ</strong></span> <span class='ocrx_word' id='word_1_199' title='bbox 1713 2236 1938 2306; x_wconf 84' lang='grc' dir='ltr'><strong>ὀνόματι</strong></span> <span class='ocrx_word' id='word_1_200' title='bbox 1966 2253 1977 2264; x_wconf 88' lang='grc'><strong>·</strong></span> 
     </span>
    </p>
   </div>
   <div class='ocr_carea' id='block_1_26' title="bbox 402 2316 1978 2392">
    <p class='ocr_par' dir='ltr' id='par_1_26' title="bbox 402 2316 1978 2392">
     <span class='ocr_line' id='line_1_26' title="bbox 402 2316 1978 2392; baseline 0.01 -26"><span class='ocrx_word' id='word_1_201' title='bbox 402 2316 691 2371; x_wconf 76' lang='grc' dir='ltr'><strong>ἀλλὀῦπω</strong></span> <span class='ocrx_word' id='word_1_202' title='bbox 736 2320 1002 2392; x_wconf 72' lang='grc' dir='ltr'><strong>ἐθάρρουν</strong></span> <span class='ocrx_word' id='word_1_203' title='bbox 1035 2325 1246 2377; x_wconf 79' lang='grc' dir='ltr'><strong>εἰπεῖν·</strong></span> <span class='ocrx_word' id='word_1_204' title='bbox 1293 2326 1361 2379; x_wconf 80' lang='grc' dir='ltr'><strong>Ἠ</strong></span> <span class='ocrx_word' id='word_1_205' title='bbox 1410 2328 1489 2389; x_wconf 74' lang='grc' dir='ltr'><strong>είς</strong></span> <span class='ocrx_word' id='word_1_206' title='bbox 1546 2327 1707 2379; x_wconf 80' lang='grc' dir='ltr'><strong>αὐτὸν</strong></span> <span class='ocrx_word' id='word_1_207' title='bbox 1762 2328 1978 2389; x_wconf 75' lang='grc' dir='ltr'><strong>πίστις·</strong></span> 
     </span>
    </p>
   </div>
   <div class='ocr_carea' id='block_1_27' title="bbox 405 2408 1984 2491">
    <p class='ocr_par' dir='ltr' id='par_1_27' title="bbox 405 2408 1984 2491">
     <span class='ocr_line' id='line_1_27' title="bbox 405 2408 1984 2491; baseline 0.009 -32"><span class='ocrx_word' id='word_1_208' title='bbox 405 2408 492 2460; x_wconf 79' lang='grc' dir='ltr'><strong>ἴνα</strong></span> <span class='ocrx_word' id='word_1_209' title='bbox 546 2409 601 2462; x_wconf 83' lang='grc' dir='ltr'><strong>δέ</strong></span> <span class='ocrx_word' id='word_1_210' title='bbox 664 2411 737 2481; x_wconf 79' lang='grc' dir='ltr'><strong>μὴ</strong></span> <span class='ocrx_word' id='word_1_211' title='bbox 761 2414 842 2479; x_wconf 79' lang='grc' dir='ltr'><strong>τὸ,</strong></span> <span class='ocrx_word' id='word_1_212' title='bbox 866 2414 935 2466; x_wconf 80' lang='grc' dir='ltr'><strong>δι’</strong></span> <span class='ocrx_word' id='word_1_213' title='bbox 965 2416 1153 2481; x_wconf 79' lang='grc' dir='ltr'><strong>αὑτοῦ,</strong></span> <span class='ocrx_word' id='word_1_214' title='bbox 1184 2418 1465 2480; x_wconf 78' lang='grc' dir='ltr'><strong>παντελῶς</strong></span> <span class='ocrx_word' id='word_1_215' title='bbox 1577 2420 1852 2483; x_wconf 68' lang='grc' dir='ltr'><strong>ταπεινὴν,</strong></span> <span class='ocrx_word' id='word_1_216' title='bbox 1885 2423 1984 2473; x_wconf 69' lang='grc' dir='ltr'><strong>ἐπα</strong></span> 
     </span>
    </p>
   </div>
   <div class='ocr_carea' id='block_1_28' title="bbox 407 2502 1984 2581">
    <p class='ocr_par' dir='ltr' id='par_1_28' title="bbox 407 2502 1984 2581">
     <span class='ocr_line' id='line_1_28' title="bbox 407 2502 1984 2581; baseline 0.007 -28"><span class='ocrx_word' id='word_1_217' title='bbox 407 2502 610 2571; x_wconf 76' lang='grc' dir='ltr'><strong>ήγαγε·</strong></span> <span class='ocrx_word' id='word_1_218' title='bbox 638 2505 732 2556; x_wconf 76' lang='grc' dir='ltr'><strong>καὶ</strong></span> <span class='ocrx_word' id='word_1_219' title='bbox 763 2506 822 2558; x_wconf 85' lang='grc' dir='ltr'><strong>τὸ</strong></span> <span class='ocrx_word' id='word_1_220' title='bbox 841 2507 1011 2577; x_wconf 80' lang='grc' dir='ltr'><strong>ὖνομα</strong></span> <span class='ocrx_word' id='word_1_221' title='bbox 1026 2508 1190 2560; x_wconf 79' lang='grc' dir='ltr'><strong>αὐτοῦ</strong></span> <span class='ocrx_word' id='word_1_222' title='bbox 1213 2510 1541 2579; x_wconf 75' lang='grc' dir='ltr'><strong>ἐστερέωσεν</strong></span> <span class='ocrx_word' id='word_1_223' title='bbox 1567 2512 1747 2565; x_wconf 71' lang='grc' dir='ltr'><strong>αὐτόν.</strong></span> <span class='ocrx_word' id='word_1_224' title='bbox 1766 2512 1984 2581; x_wconf 80' lang='grc' dir='ltr'><strong>Ἐπειδὴ</strong></span> 
     </span>
    </p>
   </div>
   <div class='ocr_carea' id='block_1_29' title="bbox 402 2592 1985 2672">
    <p class='ocr_par' dir='ltr' id='par_1_29' title="bbox 402 2592 1985 2672">
     <span class='ocr_line' id='line_1_29' title="bbox 402 2592 1985 2672; baseline 0.006 -28"><span class='ocrx_word' id='word_1_225' title='bbox 402 2592 462 2644; x_wconf 79' lang='grc' dir='ltr'>δὲ</span> <span class='ocrx_word' id='word_1_226' title='bbox 493 2594 772 2649; x_wconf 76' lang='grc' dir='ltr'><strong>καὶτοῦτο</strong></span> <span class='ocrx_word' id='word_1_227' title='bbox 817 2598 980 2650; x_wconf 86' lang='grc' dir='ltr'><strong>πάλιν</strong></span> <span class='ocrx_word' id='word_1_228' title='bbox 1016 2598 1220 2668; x_wconf 68' lang='grc' dir='ltr'><strong>ὑψηλὸν</strong></span> <span class='ocrx_word' id='word_1_229' title='bbox 1265 2601 1356 2651; x_wconf 75' lang='grc' dir='ltr'><strong>καὶ</strong></span> <span class='ocrx_word' id='word_1_230' title='bbox 1394 2601 1599 2653; x_wconf 79' lang='grc' dir='ltr'><strong>τέλειον</strong></span> <span class='ocrx_word' id='word_1_231' title='bbox 1652 2596 1738 2671; x_wconf 78' lang='grc' dir='ltr'><strong>ἦν.</strong></span> <span class='ocrx_word' id='word_1_232' title='bbox 1777 2601 1985 2672; x_wconf 75' lang='grc' dir='ltr'><strong>ἐκύρω-</strong></span> 
     </span>
    </p>
   </div>
   <div class='ocr_carea' id='block_1_30' title="bbox 404 2686 1982 2758">
    <p class='ocr_par' dir='ltr' id='par_1_30' title="bbox 404 2686 1982 2758">
     <span class='ocr_line' id='line_1_30' title="bbox 404 2686 1982 2758; baseline 0.006 -23"><span class='ocrx_word' id='word_1_233' title='bbox 404 2699 498 2735; x_wconf 72' lang='grc' dir='ltr'><strong>σεν</strong></span> <span class='ocrx_word' id='word_1_234' title='bbox 558 2686 691 2738; x_wconf 73' lang='grc' dir='ltr'><strong>αὐτὸ</strong></span> <span class='ocrx_word' id='word_1_235' title='bbox 719 2687 1012 2757; x_wconf 80' lang='grc' dir='ltr'><strong>ἐπαγαγών</strong></span> <span class='ocrx_word' id='word_1_236' title='bbox 1039 2708 1051 2721; x_wconf 90' lang='grc'><strong>·</strong></span> <span class='ocrx_word' id='word_1_237' title='bbox 1084 2690 1204 2745; x_wconf 73' lang='grc' dir='ltr'><strong>’Καὶ</strong></span> <span class='ocrx_word' id='word_1_238' title='bbox 1240 2692 1278 2758; x_wconf 70' lang='grc' dir='ltr'>ἡ</span> <span class='ocrx_word' id='word_1_239' title='bbox 1313 2692 1517 2755; x_wconf 77' lang='grc' dir='ltr'><strong>πίστις</strong></span> <span class='ocrx_word' id='word_1_240' title='bbox 1578 2693 1615 2758; x_wconf 75' lang='grc' dir='ltr'><em>ἠ</em></span> <span class='ocrx_word' id='word_1_241' title='bbox 1657 2693 1731 2745; x_wconf 83' lang='grc' dir='ltr'><strong>δι’</strong></span> <span class='ocrx_word' id='word_1_242' title='bbox 1775 2694 1982 2756; x_wconf 76' lang='grc' dir='ltr'><strong>αὑτοῦ,</strong></span> 
     </span>
    </p>
   </div>
   <div class='ocr_carea' id='block_1_31' title="bbox 400 2776 1987 2852">
    <p class='ocr_par' dir='ltr' id='par_1_31' title="bbox 400 2776 1987 2852">
     <span class='ocr_line' id='line_1_31' title="bbox 400 2776 1987 2852; baseline 0.006 -27"><span class='ocrx_word' id='word_1_243' title='bbox 400 2776 637 2827; x_wconf 79' lang='grc' dir='ltr'><strong>ταπεινᾶ</strong></span> <span class='ocrx_word' id='word_1_244' title='bbox 688 2776 913 2845; x_wconf 75' lang='grc' dir='ltr'><strong>ὑψηλοῖς</strong></span> <span class='ocrx_word' id='word_1_245' title='bbox 944 2781 1252 2850; x_wconf 83' lang='grc' dir='ltr'><strong>ἀναμιγνύς</strong></span> <span class='ocrx_word' id='word_1_246' title='bbox 1278 2797 1292 2811; x_wconf 76' lang='grc'><strong><em>⁸</em></strong></span> <span class='ocrx_word' id='word_1_247' title='bbox 1321 2780 1388 2833; x_wconf 81' lang='grc' dir='ltr'><strong>τὰ</strong></span> <span class='ocrx_word' id='word_1_248' title='bbox 1421 2783 1518 2851; x_wconf 81' lang='grc' dir='ltr'><strong>μὲν</strong></span> <span class='ocrx_word' id='word_1_249' title='bbox 1541 2785 1607 2852; x_wconf 80' lang='grc' dir='ltr'><strong>τῇ</strong></span> <span class='ocrx_word' id='word_1_250' title='bbox 1639 2782 1800 2849; x_wconf 82' lang='grc' dir='ltr'><strong>φύσει</strong></span> <span class='ocrx_word' id='word_1_251' title='bbox 1832 2782 1876 2812; x_wconf 68' lang='grc'><strong>⁸³</strong></span> <span class='ocrx_word' id='word_1_252' title='bbox 1898 2783 1987 2835; x_wconf 81' lang='grc' dir='ltr'><strong>νέ-</strong></span> 
     </span>
    </p>
   </div>
   <div class='ocr_carea' id='block_1_32' title="bbox 408 2865 1984 2941">
    <p class='ocr_par' dir='ltr' id='par_1_32' title="bbox 408 2865 1984 2941">
     <span class='ocr_line' id='line_1_32' title="bbox 408 2865 1984 2941; baseline 0.004 -25"><span class='ocrx_word' id='word_1_253' title='bbox 408 2881 525 2932; x_wconf 82' lang='grc' dir='ltr'><strong>μων</strong></span> <span class='ocrx_word' id='word_1_254' title='bbox 562 2865 657 2918; x_wconf 77' lang='grc' dir='ltr'><strong>τοῦ</strong></span> <span class='ocrx_word' id='word_1_255' title='bbox 694 2869 1038 2938; x_wconf 70' lang='grc' dir='ltr'><strong>πράγματος,</strong></span> <span class='ocrx_word' id='word_1_256' title='bbox 1079 2870 1147 2922; x_wconf 84' lang='grc' dir='ltr'><strong>τὰ</strong></span> <span class='ocrx_word' id='word_1_257' title='bbox 1191 2870 1247 2923; x_wconf 84' lang='grc' dir='ltr'><strong>δέ</strong></span> <span class='ocrx_word' id='word_1_258' title='bbox 1275 2873 1339 2941; x_wconf 81' lang='grc' dir='ltr'><strong>τῇ</strong></span> <span class='ocrx_word' id='word_1_259' title='bbox 1366 2871 1606 2924; x_wconf 83' lang='grc' dir='ltr'><strong>διαθέσει</strong></span> <span class='ocrx_word' id='word_1_260' title='bbox 1638 2872 1731 2924; x_wconf 80' lang='grc' dir='ltr'><strong>καὶ</strong></span> <span class='ocrx_word' id='word_1_261' title='bbox 1783 2875 1850 2940; x_wconf 81' lang='grc' dir='ltr'><strong>τῇ</strong></span> <span class='ocrx_word' id='word_1_262' title='bbox 1894 2872 1984 2923; x_wconf 84' lang='grc' dir='ltr'><strong>δυ-</strong></span> 
     </span>
    </p>
   </div>
   <div class='ocr_carea' id='block_1_33' title="bbox 406 2955 1981 3032">
    <p class='ocr_par' dir='ltr' id='par_1_33' title="bbox 406 2955 1981 3032">
     <span class='ocr_line' id='line_1_33' title="bbox 406 2955 1981 3032; baseline 0.005 -27"><span class='ocrx_word' id='word_1_263' title='bbox 406 2955 569 3022; x_wconf 74' lang='grc' dir='ltr'><strong>νάμει</strong></span> <span class='ocrx_word' id='word_1_264' title='bbox 596 2956 704 3008; x_wconf 76' lang='grc' dir='ltr'><strong>τῶν</strong></span> <span class='ocrx_word' id='word_1_265' title='bbox 750 2960 1059 3029; x_wconf 82' lang='grc' dir='ltr'><strong>ἀκροατῶν.</strong></span> <span class='ocrx_word' id='word_1_266' title='bbox 1087 2961 1356 3013; x_wconf 80' lang='grc' dir='ltr'><strong>Ταπεινὺν</strong></span> <span class='ocrx_word' id='word_1_267' title='bbox 1382 2960 1479 3028; x_wconf 77' lang='grc' dir='ltr'><strong>μὲν</strong></span> <span class='ocrx_word' id='word_1_268' title='bbox 1522 2960 1628 3030; x_wconf 82' lang='grc' dir='ltr'><strong>γὰρ</strong></span> <span class='ocrx_word' id='word_1_269' title='bbox 1654 2960 1734 3024; x_wconf 83' lang='grc' dir='ltr'><strong>τὸ,</strong></span> <span class='ocrx_word' id='word_1_270' title='bbox 1785 2963 1878 3014; x_wconf 79' lang='grc' dir='ltr'><strong>ἐπὶ</strong></span> <span class='ocrx_word' id='word_1_271' title='bbox 1915 2965 1981 3032; x_wconf 81' lang='grc' dir='ltr'><strong>τῇ</strong></span> 
     </span>
    </p>
   </div>
   <div class='ocr_carea' id='block_1_34' title="bbox 408 3045 1987 3119">
    <p class='ocr_par' dir='ltr' id='par_1_34' title="bbox 408 3045 1987 3119">
     <span class='ocr_line' id='line_1_34' title="bbox 408 3045 1987 3119; baseline 0.004 -21"><span class='ocrx_word' id='word_1_272' title='bbox 408 3045 588 3099; x_wconf 78' lang='grc' dir='ltr'><strong>πίστει</strong></span> <span class='ocrx_word' id='word_1_273' title='bbox 608 3046 701 3100; x_wconf 81' lang='grc' dir='ltr'><strong>τοῦ</strong></span> <span class='ocrx_word' id='word_1_274' title='bbox 734 3049 998 3119; x_wconf 77' lang='grc' dir='ltr'><strong>ὀνόματος</strong></span> <span class='ocrx_word' id='word_1_275' title='bbox 1032 3051 1198 3105; x_wconf 79' lang='grc' dir='ltr'><strong>αὐτοῦ</strong></span> <span class='ocrx_word' id='word_1_276' title='bbox 1223 3067 1238 3082; x_wconf 81' lang='lat'><strong>&#39;</strong></span> <span class='ocrx_word' id='word_1_277' title='bbox 1275 3053 1370 3106; x_wconf 79' lang='grc' dir='ltr'><strong>καὶ</strong></span> <span class='ocrx_word' id='word_1_278' title='bbox 1399 3052 1480 3115; x_wconf 80' lang='grc' dir='ltr'><strong>τὸ,</strong></span> <span class='ocrx_word' id='word_1_279' title='bbox 1521 3051 1559 3117; x_wconf 81' lang='grc' dir='ltr'>ή</span> <span class='ocrx_word' id='word_1_280' title='bbox 1606 3053 1810 3117; x_wconf 80' lang='grc' dir='ltr'><strong>πίστις</strong></span> <span class='ocrx_word' id='word_1_281' title='bbox 1839 3053 1877 3119; x_wconf 73' lang='grc' dir='ltr'>ἡ</span> <span class='ocrx_word' id='word_1_282' title='bbox 1912 3053 1987 3105; x_wconf 81' lang='grc' dir='ltr'><strong>δι’</strong></span> 
     </span>
    </p>
   </div>
   <div class='ocr_carea' id='block_1_35' title="bbox 403 3139 1985 3211">
    <p class='ocr_par' dir='ltr' id='par_1_35' title="bbox 403 3139 1985 3211">
     <span class='ocr_line' id='line_1_35' title="bbox 403 3139 1985 3211; baseline 0.003 -20"><span class='ocrx_word' id='word_1_283' title='bbox 403 3139 632 3193; x_wconf 79' lang='grc' dir='ltr'><strong>αὐτοῦ’</strong></span> <span class='ocrx_word' id='word_1_284' title='bbox 705 3141 911 3211; x_wconf 74' lang='grc' dir='ltr'><strong>ὑψηλὸν</strong></span> <span class='ocrx_word' id='word_1_285' title='bbox 973 3144 1029 3196; x_wconf 84' lang='grc' dir='ltr'><strong>δέ</strong></span> <span class='ocrx_word' id='word_1_286' title='bbox 1082 3145 1175 3195; x_wconf 78' lang='grc' dir='ltr'><strong>καὶ</strong></span> <span class='ocrx_word' id='word_1_287' title='bbox 1239 3143 1446 3196; x_wconf 82' lang='grc' dir='ltr'><strong>τέλειον</strong></span> <span class='ocrx_word' id='word_1_288' title='bbox 1511 3143 1571 3194; x_wconf 76' lang='grc' dir='ltr'><strong>τὸ</strong></span> <span class='ocrx_word' id='word_1_289' title='bbox 1626 3145 1800 3195; x_wconf 71' lang='grc' dir='ltr'><strong>εἰπεῖν</strong></span> <span class='ocrx_word' id='word_1_290' title='bbox 1832 3159 1845 3172; x_wconf 88' lang='grc'><strong>·</strong></span> <span class='ocrx_word' id='word_1_291' title='bbox 1912 3143 1985 3195; x_wconf 81' lang='lat' dir='ltr'><strong>T‘o</strong></span> 
     </span>
    </p>
   </div>
   <div class='ocr_carea' id='block_1_36' title="bbox 406 3228 1984 3306">
    <p class='ocr_par' dir='ltr' id='par_1_36' title="bbox 406 3228 1984 3306">
     <span class='ocr_line' id='line_1_36' title="bbox 406 3228 1984 3306; baseline 0.003 -24"><span class='ocrx_word' id='word_1_292' title='bbox 406 3228 578 3299; x_wconf 76' lang='grc' dir='ltr'><strong>ὖνομα</strong></span> <span class='ocrx_word' id='word_1_293' title='bbox 611 3232 774 3285; x_wconf 77' lang='grc' dir='ltr'><strong>αὐτοῦ</strong></span> <span class='ocrx_word' id='word_1_294' title='bbox 810 3233 1143 3303; x_wconf 76' lang='grc' dir='ltr'><strong>ἐστερέωσεν</strong></span> <span class='ocrx_word' id='word_1_295' title='bbox 1181 3235 1343 3288; x_wconf 75' lang='grc' dir='ltr'><strong>αὐτόν</strong></span> <span class='ocrx_word' id='word_1_296' title='bbox 1369 3252 1382 3264; x_wconf 79' lang='lat'>&#39;</span> <span class='ocrx_word' id='word_1_297' title='bbox 1424 3235 1559 3302; x_wconf 83' lang='grc' dir='ltr'><strong>ὅπερ</strong></span> <span class='ocrx_word' id='word_1_298' title='bbox 1589 3233 1792 3303; x_wconf 77' lang='grc' dir='ltr'><strong>γυμνὸν</strong></span> <span class='ocrx_word' id='word_1_299' title='bbox 1820 3234 1984 3306; x_wconf 71' lang='grc' dir='ltr'><strong>ῥηθὲν</strong></span> 
     </span>
    </p>
   </div>
   <div class='ocr_carea' id='block_1_37' title="bbox 409 3322 1984 3392">
    <p class='ocr_par' dir='ltr' id='par_1_37' title="bbox 409 3322 1984 3392">
     <span class='ocr_line' id='line_1_37' title="bbox 409 3322 1984 3392; baseline 0.003 -20"><span class='ocrx_word' id='word_1_300' title='bbox 409 3322 704 3392; x_wconf 74' lang='grc' dir='ltr'><strong>ἐτράχυνεν</strong></span> <span class='ocrx_word' id='word_1_301' title='bbox 740 3323 806 3377; x_wconf 79' lang='grc' dir='ltr'><strong>ἂν</strong></span> <span class='ocrx_word' id='word_1_302' title='bbox 828 3325 952 3386; x_wconf 82' lang='grc' dir='ltr'><strong>τοὺς</strong></span> <span class='ocrx_word' id='word_1_303' title='bbox 997 3325 1278 3387; x_wconf 71' lang='grc' dir='ltr'><strong>Ἰουδαίους</strong></span> <span class='ocrx_word' id='word_1_304' title='bbox 1304 3344 1318 3357; x_wconf 91' lang='grc'><strong>·</strong></span> <span class='ocrx_word' id='word_1_305' title='bbox 1367 3328 1476 3387; x_wconf 85' lang='grc' dir='ltr'><strong>τοῖς</strong></span> <span class='ocrx_word' id='word_1_306' title='bbox 1510 3326 1566 3377; x_wconf 85' lang='grc' dir='ltr'><strong>δὲ</strong></span> <span class='ocrx_word' id='word_1_307' title='bbox 1615 3325 1797 3388; x_wconf 78' lang='grc' dir='ltr'><strong>ἄλλοις</strong></span> <span class='ocrx_word' id='word_1_308' title='bbox 1854 3342 1984 3377; x_wconf 87' lang='grc' dir='ltr'><strong>συν-</strong></span> 
     </span>
    </p>
   </div>
   <div class='ocr_carea' id='block_1_38' title="bbox 406 3414 1768 3487">
    <p class='ocr_par' dir='ltr' id='par_1_38' title="bbox 406 3414 1768 3487">
     <span class='ocr_line' id='line_1_38' title="bbox 406 3414 1768 3487; baseline 0.004 -23"><span class='ocrx_word' id='word_1_309' title='bbox 406 3414 571 3480; x_wconf 77' lang='grc' dir='ltr'><strong>ταγέν</strong></span> <span class='ocrx_word' id='word_1_310' title='bbox 606 3418 698 3468; x_wconf 81' lang='grc' dir='ltr'><strong>καὶ</strong></span> <span class='ocrx_word' id='word_1_311' title='bbox 726 3416 1037 3487; x_wconf 80' lang='grc' dir='ltr'><strong>παρατεθὲν</strong></span> <span class='ocrx_word' id='word_1_312' title='bbox 1069 3418 1479 3487; x_wconf 81' lang='grc' dir='ltr'><strong>εὐπαράδεκτον</strong></span> <span class='ocrx_word' id='word_1_313' title='bbox 1508 3417 1768 3487; x_wconf 81' lang='grc' dir='ltr'><strong>κατέστη.</strong></span> 
     </span>
    </p>
   </div>
   <div class='ocr_carea' id='block_1_39' title="bbox 2079 503 3647 575">
    <p class='ocr_par' dir='ltr' id='par_1_39' title="bbox 2079 503 3647 575">
     <span class='ocr_line' id='line_1_39' title="bbox 2079 503 3647 575; baseline 0.002 -21"><span class='ocrx_word' id='word_1_314' title='bbox 2079 503 2191 571; x_wconf 79' lang='lat' dir='ltr'><strong>ejus</strong></span> <span class='ocrx_word' id='word_1_315' title='bbox 2223 520 2239 556; x_wconf 85' lang='lat'><strong><em>:</em></strong></span> <span class='ocrx_word' id='word_1_316' title='bbox 2270 504 2395 573; x_wconf 92' lang='lat' dir='ltr'><strong>quia</strong></span> <span class='ocrx_word' id='word_1_317' title='bbox 2456 506 2527 559; x_wconf 88' lang='lat' dir='ltr'><strong>ita</strong></span> <span class='ocrx_word' id='word_1_318' title='bbox 2575 507 2883 561; x_wconf 90' lang='lat' dir='ltr'><strong>crediderat</strong></span> <span class='ocrx_word' id='word_1_319' title='bbox 2929 506 2997 569; x_wconf 85' lang='lat' dir='ltr'><strong>is,</strong></span> <span class='ocrx_word' id='word_1_320' title='bbox 3049 504 3142 575; x_wconf 84' lang='lat' dir='ltr'><strong>qui</strong></span> <span class='ocrx_word' id='word_1_321' title='bbox 3174 506 3457 559; x_wconf 86' lang='lat' dir='ltr'><strong>restitutus</strong></span> <span class='ocrx_word' id='word_1_322' title='bbox 3506 514 3647 567; x_wconf 75' lang='lat' dir='ltr'><strong>erat,</strong></span> 
     </span>
    </p>
   </div>
   <div class='ocr_carea' id='block_1_40' title="bbox 2082 595 3652 666">
    <p class='ocr_par' dir='ltr' id='par_1_40' title="bbox 2082 595 3652 666">
     <span class='ocr_line' id='line_1_40' title="bbox 2082 595 3652 666; baseline -0.002 -17"><span class='ocrx_word' id='word_1_323' title='bbox 2082 595 2365 664; x_wconf 78' lang='lat' dir='ltr'><strong>corrigens</strong></span> <span class='ocrx_word' id='word_1_324' title='bbox 2390 598 2714 663; x_wconf 90' lang='lat' dir='ltr'><strong>orationem,</strong></span> <span class='ocrx_word' id='word_1_325' title='bbox 2748 597 2981 662; x_wconf 85' lang='lat' dir='ltr'><strong>Nomen,</strong></span> <span class='ocrx_word' id='word_1_326' title='bbox 3024 597 3219 666; x_wconf 84' lang='lat' dir='ltr'><strong>inquit,</strong></span> <span class='ocrx_word' id='word_1_327' title='bbox 3275 596 3424 651; x_wconf 76' lang='lat' dir='ltr'><strong>illitis</strong></span> <span class='ocrx_word' id='word_1_328' title='bbox 3453 596 3652 648; x_wconf 83' lang='lat' dir='ltr'><strong>contir-</strong></span> 
     </span>
    </p>
   </div>
   <div class='ocr_carea' id='block_1_41' title="bbox 2080 686 3650 756">
    <p class='ocr_par' dir='ltr' id='par_1_41' title="bbox 2080 686 3650 756">
     <span class='ocr_line' id='line_1_41' title="bbox 2080 686 3650 756; baseline 0.002 -18"><span class='ocrx_word' id='word_1_329' title='bbox 2080 686 2264 749; x_wconf 82' lang='lat' dir='ltr'><strong>mavit,</strong></span> <span class='ocrx_word' id='word_1_330' title='bbox 2300 695 2353 740; x_wconf 76' lang='lat' dir='ltr'><strong>et</strong></span> <span class='ocrx_word' id='word_1_331' title='bbox 2386 687 2621 741; x_wconf 85' lang='lat' dir='ltr'><strong>restituit</strong></span> <span class='ocrx_word' id='word_1_332' title='bbox 2650 704 2796 743; x_wconf 89' lang='lat' dir='ltr'><strong>eum.</strong></span> <span class='ocrx_word' id='word_1_333' title='bbox 2831 688 2944 743; x_wconf 86' lang='lat' dir='ltr'><strong>lloc</strong></span> <span class='ocrx_word' id='word_1_334' title='bbox 2967 697 3051 744; x_wconf 87' lang='lat' dir='ltr'><strong>est</strong></span> <span class='ocrx_word' id='word_1_335' title='bbox 3086 707 3102 742; x_wconf 87' lang='lat'><strong>:</strong></span> <span class='ocrx_word' id='word_1_336' title='bbox 3131 688 3270 754; x_wconf 85' lang='lat' dir='ltr'><strong>Quid</strong></span> <span class='ocrx_word' id='word_1_337' title='bbox 3309 688 3434 742; x_wconf 84' lang='lat' dir='ltr'><strong>dico</strong></span> <span class='ocrx_word' id='word_1_338' title='bbox 3469 706 3482 742; x_wconf 91' lang='lat'><strong>:</strong></span> <span class='ocrx_word' id='word_1_339' title='bbox 3525 704 3650 756; x_wconf 90' lang='lat' dir='ltr'><strong>pro-</strong></span> 
     </span>
    </p>
   </div>
   <div class='ocr_carea' id='block_1_42' title="bbox 2078 778 3652 846">
    <p class='ocr_par' dir='ltr' id='par_1_42' title="bbox 2078 778 3652 846">
     <span class='ocr_line' id='line_1_42' title="bbox 2078 778 3652 846; baseline 0.001 -17"><span class='ocrx_word' id='word_1_340' title='bbox 2078 786 2261 846; x_wconf 87' lang='lat' dir='ltr'><strong>pterea</strong></span> <span class='ocrx_word' id='word_1_341' title='bbox 2296 778 2439 846; x_wconf 86' lang='lat' dir='ltr'><strong>quod</strong></span> <span class='ocrx_word' id='word_1_342' title='bbox 2465 778 2623 833; x_wconf 89' lang='lat' dir='ltr'><strong>ﬁdem</strong></span> <span class='ocrx_word' id='word_1_343' title='bbox 2656 788 2708 833; x_wconf 87' lang='lat' dir='ltr'><strong>et</strong></span> <span class='ocrx_word' id='word_1_344' title='bbox 2742 780 2994 834; x_wconf 92' lang='lat' dir='ltr'><strong>ﬁduciam</strong></span> <span class='ocrx_word' id='word_1_345' title='bbox 3041 780 3297 835; x_wconf 73' lang='lat' dir='ltr'><strong>habuerit</strong></span> <span class='ocrx_word' id='word_1_346' title='bbox 3344 778 3398 832; x_wconf 86' lang='lat' dir='ltr'><strong>in</strong></span> <span class='ocrx_word' id='word_1_347' title='bbox 3432 778 3652 831; x_wconf 85' lang='lat' dir='ltr'><strong>nomine</strong></span> 
     </span>
    </p>
   </div>
   <div class='ocr_carea' id='block_1_43' title="bbox 2079 864 3653 935">
    <p class='ocr_par' dir='ltr' id='par_1_43' title="bbox 2079 864 3653 935">
     <span class='ocr_line' id='line_1_43' title="bbox 2079 864 3653 935; baseline -0.001 -16"><span class='ocrx_word' id='word_1_348' title='bbox 2079 867 2245 931; x_wconf 84' lang='lat' dir='ltr'><strong>illius,</strong></span> <span class='ocrx_word' id='word_1_349' title='bbox 2275 881 2398 921; x_wconf 86' lang='lat' dir='ltr'><strong>eum</strong></span> <span class='ocrx_word' id='word_1_350' title='bbox 2455 868 2767 923; x_wconf 83' lang='lat' dir='ltr'><strong>restitutum</strong></span> <span class='ocrx_word' id='word_1_351' title='bbox 2834 869 3189 922; x_wconf 86' lang='lat' dir='ltr'><strong>esse?etiam</strong></span> <span class='ocrx_word' id='word_1_352' title='bbox 3258 874 3546 935; x_wconf 78' lang='lat' dir='ltr'><strong>antequam</strong></span> <span class='ocrx_word' id='word_1_353' title='bbox 3599 864 3653 918; x_wconf 87' lang='lat' dir='ltr'><strong>ﬁ-</strong></span> 
     </span>
    </p>
   </div>
   <div class='ocr_carea' id='block_1_44' title="bbox 2079 957 3648 1027">
    <p class='ocr_par' dir='ltr' id='par_1_44' title="bbox 2079 957 3648 1027">
     <span class='ocr_line' id='line_1_44' title="bbox 2079 957 3648 1027; baseline -0.002 -15"><span class='ocrx_word' id='word_1_354' title='bbox 2079 959 2201 1013; x_wconf 86' lang='lat' dir='ltr'><strong>dem</strong></span> <span class='ocrx_word' id='word_1_355' title='bbox 2227 959 2512 1014; x_wconf 79' lang='lat' dir='ltr'><strong>habuisset</strong></span> <span class='ocrx_word' id='word_1_356' title='bbox 2567 966 2620 1013; x_wconf 91' lang='lat' dir='ltr'><strong>et</strong></span> <span class='ocrx_word' id='word_1_357' title='bbox 2660 958 2912 1013; x_wconf 80' lang='lat' dir='ltr'><strong>ﬁduciam</strong></span> <span class='ocrx_word' id='word_1_358' title='bbox 2940 959 3195 1027; x_wconf 81' lang='lat' dir='ltr'><strong>cepisset,</strong></span> <span class='ocrx_word' id='word_1_359' title='bbox 3227 957 3405 1011; x_wconf 89' lang='lat' dir='ltr'><strong>solum</strong></span> <span class='ocrx_word' id='word_1_360' title='bbox 3448 969 3648 1009; x_wconf 87' lang='lat' dir='ltr'><strong>nomen</strong></span> 
     </span>
    </p>
   </div>
   <div class='ocr_carea' id='block_1_45' title="bbox 2081 1044 3652 1104">
    <p class='ocr_par' dir='ltr' id='par_1_45' title="bbox 2081 1044 3652 1104">
     <span class='ocr_line' id='line_1_45' title="bbox 2081 1044 3652 1104; baseline -0.003 -3"><span class='ocrx_word' id='word_1_361' title='bbox 2081 1051 2390 1104; x_wconf 91' lang='lat' dir='ltr'><strong>invocatum</strong></span> <span class='ocrx_word' id='word_1_362' title='bbox 2447 1065 2571 1104; x_wconf 88' lang='lat' dir='ltr'><strong>eum</strong></span> <span class='ocrx_word' id='word_1_363' title='bbox 2620 1048 2983 1104; x_wconf 73' lang='lat' dir='ltr'><strong>conﬁrmavit.</strong></span> <span class='ocrx_word' id='word_1_364' title='bbox 3043 1047 3246 1103; x_wconf 82' lang='lat' dir='ltr'><strong>Tantas</strong></span> <span class='ocrx_word' id='word_1_365' title='bbox 3299 1044 3463 1100; x_wconf 84' lang='lat' dir='ltr'><strong>habet</strong></span> <span class='ocrx_word' id='word_1_366' title='bbox 3509 1044 3652 1098; x_wconf 84' lang='lat' dir='ltr'><strong>vires</strong></span> 
     </span>
    </p>
   </div>
   <div class='ocr_carea' id='block_1_46' title="bbox 2080 1139 3652 1214">
    <p class='ocr_par' dir='ltr' id='par_1_46' title="bbox 2080 1139 3652 1214">
     <span class='ocr_line' id='line_1_46' title="bbox 2080 1139 3652 1214; baseline -0.003 -17"><span class='ocrx_word' id='word_1_367' title='bbox 2080 1153 2343 1214; x_wconf 79' lang='lat' dir='ltr'><strong>tantaque</strong></span> <span class='ocrx_word' id='word_1_368' title='bbox 2397 1145 2572 1214; x_wconf 83' lang='lat' dir='ltr'><strong>gratia</strong></span> <span class='ocrx_word' id='word_1_369' title='bbox 2632 1159 2695 1198; x_wconf 89' lang='lat' dir='ltr'><strong>ac</strong></span> <span class='ocrx_word' id='word_1_370' title='bbox 2747 1143 3015 1199; x_wconf 88' lang='lat' dir='ltr'><strong>beneﬁcio</strong></span> <span class='ocrx_word' id='word_1_371' title='bbox 3072 1141 3364 1197; x_wconf 80' lang='lat' dir='ltr'><strong>redundat.</strong></span> <span class='ocrx_word' id='word_1_372' title='bbox 3434 1139 3498 1193; x_wconf 86' lang='lat' dir='ltr'><strong>Et</strong></span> <span class='ocrx_word' id='word_1_373' title='bbox 3521 1140 3652 1193; x_wconf 82' lang='lat' dir='ltr'><strong>ﬁdes</strong></span> 
     </span>
    </p>
   </div>
   <div class='ocr_carea' id='block_1_47' title="bbox 2078 1233 3648 1305">
    <p class='ocr_par' dir='ltr' id='par_1_47' title="bbox 2078 1233 3648 1305">
     <span class='ocr_line' id='line_1_47' title="bbox 2078 1233 3648 1305; baseline -0.003 -18"><span class='ocrx_word' id='word_1_374' title='bbox 2078 1251 2198 1304; x_wconf 79' lang='lat' dir='ltr'><strong>quae</strong></span> <span class='ocrx_word' id='word_1_375' title='bbox 2233 1250 2330 1305; x_wconf 89' lang='lat' dir='ltr'><strong>per</strong></span> <span class='ocrx_word' id='word_1_376' title='bbox 2379 1251 2509 1290; x_wconf 86' lang='lat' dir='ltr'><strong>eum</strong></span> <span class='ocrx_word' id='word_1_377' title='bbox 2545 1235 2835 1305; x_wconf 65' lang='lat' dir='ltr'><strong>praedicata</strong></span> <span class='ocrx_word' id='word_1_378' title='bbox 2863 1242 2966 1296; x_wconf 85' lang='lat' dir='ltr'><strong>est,</strong></span> <span class='ocrx_word' id='word_1_379' title='bbox 3013 1242 3120 1289; x_wconf 87' lang='lat' dir='ltr'><strong>etc.</strong></span> <span class='ocrx_word' id='word_1_380' title='bbox 3153 1233 3414 1298; x_wconf 56' lang='lat' dir='ltr'><strong>Quanam</strong></span> <span class='ocrx_word' id='word_1_381' title='bbox 3468 1242 3648 1285; x_wconf 85' lang='lat' dir='ltr'><strong>autem</strong></span> 
     </span>
    </p>
   </div>
   <div class='ocr_carea' id='block_1_48' title="bbox 2076 1324 3651 1396">
    <p class='ocr_par' dir='ltr' id='par_1_48' title="bbox 2076 1324 3651 1396">
     <span class='ocr_line' id='line_1_48' title="bbox 2076 1324 3651 1396; baseline -0.007 -14"><span class='ocrx_word' id='word_1_382' title='bbox 2076 1329 2146 1382; x_wconf 85' lang='lat' dir='ltr'><strong>sit</strong></span> <span class='ocrx_word' id='word_1_383' title='bbox 2185 1326 2338 1390; x_wconf 89' lang='lat' dir='ltr'><strong>ﬁdes,</strong></span> <span class='ocrx_word' id='word_1_384' title='bbox 2372 1342 2494 1395; x_wconf 66' lang='lat' dir='ltr'><strong>quae</strong></span> <span class='ocrx_word' id='word_1_385' title='bbox 2525 1341 2623 1396; x_wconf 89' lang='lat' dir='ltr'><strong>per</strong></span> <span class='ocrx_word' id='word_1_386' title='bbox 2657 1326 2807 1380; x_wconf 89' lang='lat' dir='ltr'><strong>illum</strong></span> <span class='ocrx_word' id='word_1_387' title='bbox 2847 1325 3137 1395; x_wconf 65' lang='lat' dir='ltr'><strong>praedicata</strong></span> <span class='ocrx_word' id='word_1_388' title='bbox 3170 1336 3270 1386; x_wconf 86' lang='lat' dir='ltr'><strong>est,</strong></span> <span class='ocrx_word' id='word_1_389' title='bbox 3315 1324 3431 1392; x_wconf 86' lang='lat' dir='ltr'><strong>ipse</strong></span> <span class='ocrx_word' id='word_1_390' title='bbox 3482 1324 3651 1377; x_wconf 78' lang='lat' dir='ltr'><strong>inter-</strong></span> 
     </span>
    </p>
   </div>
   <div class='ocr_carea' id='block_1_49' title="bbox 2079 1414 3652 1488">
    <p class='ocr_par' dir='ltr' id='par_1_49' title="bbox 2079 1414 3652 1488">
     <span class='ocr_line' id='line_1_49' title="bbox 2079 1414 3652 1488; baseline -0.004 -17"><span class='ocrx_word' id='word_1_391' title='bbox 2079 1427 2323 1488; x_wconf 82' lang='lat' dir='ltr'><strong>pretatur</strong></span> <span class='ocrx_word' id='word_1_392' title='bbox 2353 1434 2367 1470; x_wconf 87' lang='lat'><strong>:</strong></span> <span class='ocrx_word' id='word_1_393' title='bbox 2401 1417 2470 1471; x_wconf 88' lang='lat' dir='ltr'><strong>Ut</strong></span> <span class='ocrx_word' id='word_1_394' title='bbox 2494 1427 2833 1487; x_wconf 82' lang='lat' dir='ltr'><strong>cognoscant</strong></span> <span class='ocrx_word' id='word_1_395' title='bbox 2853 1425 2929 1477; x_wconf 84' lang='lat' dir='ltr'><strong>te.</strong></span> <span class='ocrx_word' id='word_1_396' title='bbox 2962 1416 3234 1486; x_wconf 86' lang='lat' dir='ltr'><strong>inquiens,</strong></span> <span class='ocrx_word' id='word_1_397' title='bbox 3265 1415 3356 1483; x_wconf 88' lang='lat' dir='ltr'><strong>qui</strong></span> <span class='ocrx_word' id='word_1_398' title='bbox 3393 1414 3539 1468; x_wconf 86' lang='lat' dir='ltr'><strong>solus</strong></span> <span class='ocrx_word' id='word_1_399' title='bbox 3564 1429 3652 1466; x_wconf 82' lang='lat' dir='ltr'><strong>ve-</strong></span> 
     </span>
    </p>
   </div>
   <div class='ocr_carea' id='block_1_50' title="bbox 2080 1506 3659 1580">
    <p class='ocr_par' dir='ltr' id='par_1_50' title="bbox 2080 1506 3659 1580">
     <span class='ocr_line' id='line_1_50' title="bbox 2080 1506 3659 1580; baseline -0.005 -16"><span class='ocrx_word' id='word_1_400' title='bbox 2080 1526 2174 1565; x_wconf 86' lang='lat' dir='ltr'><strong>rus</strong></span> <span class='ocrx_word' id='word_1_401' title='bbox 2205 1526 2265 1565; x_wconf 90' lang='lat' dir='ltr'><strong>es</strong></span> <span class='ocrx_word' id='word_1_402' title='bbox 2287 1510 2454 1576; x_wconf 88' lang='lat' dir='ltr'><strong>Deus,</strong></span> <span class='ocrx_word' id='word_1_403' title='bbox 2489 1520 2541 1565; x_wconf 91' lang='lat' dir='ltr'><strong>et</strong></span> <span class='ocrx_word' id='word_1_404' title='bbox 2565 1525 2727 1580; x_wconf 87' lang='lat' dir='ltr'><strong>quem</strong></span> <span class='ocrx_word' id='word_1_405' title='bbox 2758 1509 2953 1565; x_wconf 82' lang='lat' dir='ltr'><strong>misisti</strong></span> <span class='ocrx_word' id='word_1_406' title='bbox 3002 1508 3210 1564; x_wconf 86' lang='lat' dir='ltr'><strong>Jesum.</strong></span> <span class='ocrx_word' id='word_1_407' title='bbox 3261 1506 3392 1561; x_wconf 86' lang='lat' dir='ltr'><strong>Nam</strong></span> <span class='ocrx_word' id='word_1_408' title='bbox 3435 1522 3502 1559; x_wconf 91' lang='lat' dir='ltr'><strong>ne</strong></span> <span class='ocrx_word' id='word_1_409' title='bbox 3531 1506 3659 1573; x_wconf 82' lang='lat' dir='ltr'><strong>quis</strong></span> 
     </span>
    </p>
   </div>
   <div class='ocr_carea' id='block_1_51' title="bbox 2078 1599 3657 1672">
    <p class='ocr_par' dir='ltr' id='par_1_51' title="bbox 2078 1599 3657 1672">
     <span class='ocr_line' id='line_1_51' title="bbox 2078 1599 3657 1672; baseline -0.006 -16"><span class='ocrx_word' id='word_1_410' title='bbox 2078 1603 2224 1657; x_wconf 80' lang='lat' dir='ltr'><strong>dicat</strong></span> <span class='ocrx_word' id='word_1_411' title='bbox 2269 1618 2284 1656; x_wconf 93' lang='lat'><strong>:</strong></span> <span class='ocrx_word' id='word_1_412' title='bbox 2320 1600 2481 1672; x_wconf 79' lang='lat' dir='ltr'><strong>Ergo.</strong></span> <span class='ocrx_word' id='word_1_413' title='bbox 2516 1603 2679 1657; x_wconf 86' lang='lat' dir='ltr'><strong>etiam</strong></span> <span class='ocrx_word' id='word_1_414' title='bbox 2712 1602 2758 1655; x_wconf 91' lang='lat' dir='ltr'><strong>si</strong></span> <span class='ocrx_word' id='word_1_415' title='bbox 2792 1599 3026 1654; x_wconf 90' lang='lat' dir='ltr'><strong>inﬁdelis</strong></span> <span class='ocrx_word' id='word_1_416' title='bbox 3079 1599 3411 1653; x_wconf 87' lang='lat' dir='ltr'><strong>invocaverit</strong></span> <span class='ocrx_word' id='word_1_417' title='bbox 3459 1610 3657 1649; x_wconf 72' lang='lat' dir='ltr'><strong>nomen</strong></span> 
     </span>
    </p>
   </div>
   <div class='ocr_carea' id='block_1_52' title="bbox 2080 1684 3655 1759">
    <p class='ocr_par' dir='ltr' id='par_1_52' title="bbox 2080 1684 3655 1759">
     <span class='ocr_line' id='line_1_52' title="bbox 2080 1684 3655 1759; baseline -0.004 -17"><span class='ocrx_word' id='word_1_418' title='bbox 2080 1690 2249 1755; x_wconf 89' lang='lat' dir='ltr'><strong>illius,</strong></span> <span class='ocrx_word' id='word_1_419' title='bbox 2310 1688 2526 1745; x_wconf 89' lang='lat' dir='ltr'><strong>etiamsi</strong></span> <span class='ocrx_word' id='word_1_420' title='bbox 2557 1697 2780 1759; x_wconf 82' lang='lat' dir='ltr'><strong>propter</strong></span> <span class='ocrx_word' id='word_1_421' title='bbox 2813 1686 3158 1742; x_wconf 85' lang='lat' dir='ltr'><strong>curationem</strong></span> <span class='ocrx_word' id='word_1_422' title='bbox 3188 1687 3412 1738; x_wconf 85' lang='lat' dir='ltr'><strong>alterius</strong></span> <span class='ocrx_word' id='word_1_423' title='bbox 3463 1684 3655 1736; x_wconf 80' lang='lat' dir='ltr'><strong>inlide—</strong></span> 
     </span>
    </p>
   </div>
   <div class='ocr_carea' id='block_1_53' title="bbox 2076 1772 3653 1845">
    <p class='ocr_par' dir='ltr' id='par_1_53' title="bbox 2076 1772 3653 1845">
     <span class='ocr_line' id='line_1_53' title="bbox 2076 1772 3653 1845; baseline -0.006 -10"><span class='ocrx_word' id='word_1_424' title='bbox 2076 1781 2182 1845; x_wconf 86' lang='lat' dir='ltr'><strong>iis,</strong></span> <span class='ocrx_word' id='word_1_425' title='bbox 2225 1781 2395 1834; x_wconf 90' lang='lat' dir='ltr'><strong>nihilo</strong></span> <span class='ocrx_word' id='word_1_426' title='bbox 2445 1780 2626 1833; x_wconf 86' lang='lat' dir='ltr'><strong>minus</strong></span> <span class='ocrx_word' id='word_1_427' title='bbox 2682 1780 2899 1833; x_wconf 81' lang='lat' dir='ltr'><strong>sanatio</strong></span> <span class='ocrx_word' id='word_1_428' title='bbox 2940 1789 3200 1845; x_wconf 85' lang='lat' dir='ltr'><strong>prospere</strong></span> <span class='ocrx_word' id='word_1_429' title='bbox 3260 1772 3553 1834; x_wconf 82' lang='lat' dir='ltr'><strong>succedet,</strong></span> <span class='ocrx_word' id='word_1_430' title='bbox 3611 1773 3653 1825; x_wconf 81' lang='lat' dir='ltr'><strong>si</strong></span> 
     </span>
    </p>
   </div>
   <div class='ocr_carea' id='block_1_54' title="bbox 2084 1858 3652 1937">
    <p class='ocr_par' dir='ltr' id='par_1_54' title="bbox 2084 1858 3652 1937">
     <span class='ocr_line' id='line_1_54' title="bbox 2084 1858 3652 1937; baseline -0.008 -14"><span class='ocrx_word' id='word_1_431' title='bbox 2084 1870 2301 1937; x_wconf 85' lang='lat' dir='ltr'><strong>quidem</strong></span> <span class='ocrx_word' id='word_1_432' title='bbox 2354 1868 2591 1921; x_wconf 89' lang='lat' dir='ltr'><strong>nominis</strong></span> <span class='ocrx_word' id='word_1_433' title='bbox 2639 1866 2911 1920; x_wconf 83' lang='lat' dir='ltr'><strong>invocatio</strong></span> <span class='ocrx_word' id='word_1_434' title='bbox 2967 1865 3082 1920; x_wconf 87' lang='lat' dir='ltr'><strong>sola</strong></span> <span class='ocrx_word' id='word_1_435' title='bbox 3115 1858 3451 1917; x_wconf 79' lang='lat' dir='ltr'><strong>renﬁrmavit</strong></span> <span class='ocrx_word' id='word_1_436' title='bbox 3485 1875 3607 1914; x_wconf 87' lang='lat' dir='ltr'><strong>eum</strong></span> <span class='ocrx_word' id='word_1_437' title='bbox 3640 1878 3652 1912; x_wconf 89' lang='lat'><strong>:</strong></span> 
     </span>
    </p>
   </div>
   <div class='ocr_carea' id='block_1_55' title="bbox 2083 1951 3658 2029">
    <p class='ocr_par' dir='ltr' id='par_1_55' title="bbox 2083 1951 3658 2029">
     <span class='ocr_line' id='line_1_55' title="bbox 2083 1951 3658 2029; baseline -0.006 -16"><span class='ocrx_word' id='word_1_438' title='bbox 2083 1976 2153 2014; x_wconf 88' lang='lat' dir='ltr'><strong>ne</strong></span> <span class='ocrx_word' id='word_1_439' title='bbox 2182 1960 2306 2028; x_wconf 89' lang='lat' dir='ltr'><strong>quis</strong></span> <span class='ocrx_word' id='word_1_440' title='bbox 2337 1958 2498 2029; x_wconf 79' lang='lat' dir='ltr'><strong>igitur</strong></span> <span class='ocrx_word' id='word_1_441' title='bbox 2540 1958 2642 2011; x_wconf 89' lang='lat' dir='ltr'><strong>hoc</strong></span> <span class='ocrx_word' id='word_1_442' title='bbox 2688 1957 2854 2020; x_wconf 69' lang='lat' dir='ltr'><strong>dicat,</strong></span> <span class='ocrx_word' id='word_1_443' title='bbox 2902 1954 3183 2024; x_wconf 78' lang='lat' dir='ltr'><strong>subjunxit</strong></span> <span class='ocrx_word' id='word_1_444' title='bbox 3218 1971 3230 2007; x_wconf 91' lang='lat'><strong>:</strong></span> <span class='ocrx_word' id='word_1_445' title='bbox 3261 1952 3325 2005; x_wconf 85' lang='lat' dir='ltr'><strong>Et</strong></span> <span class='ocrx_word' id='word_1_446' title='bbox 3364 1951 3512 2018; x_wconf 77' lang='lat' dir='ltr'><strong>ﬁdes,</strong></span> <span class='ocrx_word' id='word_1_447' title='bbox 3543 1967 3658 2021; x_wconf 78' lang='lat' dir='ltr'><strong>qua:</strong></span> 
     </span>
    </p>
   </div>
   <div class='ocr_carea' id='block_1_56' title="bbox 2083 2032 3657 2116">
    <p class='ocr_par' dir='ltr' id='par_1_56' title="bbox 2083 2032 3657 2116">
     <span class='ocr_line' id='line_1_56' title="bbox 2083 2032 3657 2116; baseline -0.006 -12"><span class='ocrx_word' id='word_1_448' title='bbox 2083 2032 2171 2116; x_wconf 84' lang='lat' dir='ltr'><strong>per</strong></span> <span class='ocrx_word' id='word_1_449' title='bbox 2201 2066 2320 2104; x_wconf 85' lang='lat' dir='ltr'><strong>eum</strong></span> <span class='ocrx_word' id='word_1_450' title='bbox 2351 2048 2639 2115; x_wconf 72' lang='lat' dir='ltr'><strong>pra’dicata</strong></span> <span class='ocrx_word' id='word_1_451' title='bbox 2680 2056 2756 2102; x_wconf 81' lang='lat' dir='ltr'><strong>est</strong></span> <span class='ocrx_word' id='word_1_452' title='bbox 2787 2063 2804 2100; x_wconf 90' lang='lat'><strong><em>:</em></strong></span> <span class='ocrx_word' id='word_1_453' title='bbox 2836 2048 2938 2101; x_wconf 92' lang='lat' dir='ltr'><strong>hoc</strong></span> <span class='ocrx_word' id='word_1_454' title='bbox 2972 2056 3056 2101; x_wconf 89' lang='lat' dir='ltr'><strong>est</strong></span> <span class='ocrx_word' id='word_1_455' title='bbox 3089 2063 3102 2097; x_wconf 88' lang='lat'><strong>:</strong></span> <span class='ocrx_word' id='word_1_456' title='bbox 3141 2043 3395 2114; x_wconf 78' lang='lat' dir='ltr'><strong>Magnum</strong></span> <span class='ocrx_word' id='word_1_457' title='bbox 3440 2043 3657 2113; x_wconf 87' lang='lat' dir='ltr'><strong>quidem</strong></span> 
     </span>
    </p>
   </div>
   <div class='ocr_carea' id='block_1_57' title="bbox 2088 2135 3657 2202">
    <p class='ocr_par' dir='ltr' id='par_1_57' title="bbox 2088 2135 3657 2202">
     <span class='ocr_line' id='line_1_57' title="bbox 2088 2135 3657 2202; baseline -0.004 -7"><span class='ocrx_word' id='word_1_458' title='bbox 2088 2157 2282 2195; x_wconf 83' lang='lat' dir='ltr'><strong>nomen</strong></span> <span class='ocrx_word' id='word_1_459' title='bbox 2315 2156 2377 2193; x_wconf 86' lang='lat' dir='ltr'><strong>ac</strong></span> <span class='ocrx_word' id='word_1_460' title='bbox 2406 2139 2744 2193; x_wconf 81' lang='lat' dir='ltr'><strong>formidabile</strong></span> <span class='ocrx_word' id='word_1_461' title='bbox 2765 2146 2870 2202; x_wconf 83' lang='lat' dir='ltr'><strong>est,</strong></span> <span class='ocrx_word' id='word_1_462' title='bbox 2902 2147 2955 2193; x_wconf 89' lang='lat' dir='ltr'><strong>et</strong></span> <span class='ocrx_word' id='word_1_463' title='bbox 2984 2138 3226 2193; x_wconf 84' lang='lat' dir='ltr'><strong>abundat</strong></span> <span class='ocrx_word' id='word_1_464' title='bbox 3255 2135 3657 2202; x_wconf 69' lang='lat' dir='ltr'><strong>sanationibus,</strong></span> 
     </span>
    </p>
   </div>
   <div class='ocr_carea' id='block_1_58' title="bbox 2088 2226 3658 2301">
    <p class='ocr_par' dir='ltr' id='par_1_58' title="bbox 2088 2226 3658 2301">
     <span class='ocr_line' id='line_1_58' title="bbox 2088 2226 3658 2301; baseline -0.005 -16"><span class='ocrx_word' id='word_1_465' title='bbox 2088 2233 2180 2285; x_wconf 88' lang='lat' dir='ltr'><strong>sed</strong></span> <span class='ocrx_word' id='word_1_466' title='bbox 2213 2246 2351 2301; x_wconf 90' lang='lat' dir='ltr'><strong>opus</strong></span> <span class='ocrx_word' id='word_1_467' title='bbox 2381 2231 2544 2285; x_wconf 84' lang='lat' dir='ltr'><strong>habet</strong></span> <span class='ocrx_word' id='word_1_468' title='bbox 2572 2238 2625 2285; x_wconf 92' lang='lat' dir='ltr'><strong>et</strong></span> <span class='ocrx_word' id='word_1_469' title='bbox 2665 2231 2884 2292; x_wconf 84' lang='lat' dir='ltr'><strong>animis,</strong></span> <span class='ocrx_word' id='word_1_470' title='bbox 2915 2230 3007 2298; x_wconf 90' lang='lat' dir='ltr'><strong>qui</strong></span> <span class='ocrx_word' id='word_1_471' title='bbox 3048 2231 3260 2298; x_wconf 89' lang='lat' dir='ltr'><strong>possint</strong></span> <span class='ocrx_word' id='word_1_472' title='bbox 3288 2243 3353 2281; x_wconf 91' lang='lat' dir='ltr'><strong>eo</strong></span> <span class='ocrx_word' id='word_1_473' title='bbox 3386 2226 3658 2280; x_wconf 79' lang='lat' dir='ltr'><strong>beneﬁcio</strong></span> 
     </span>
    </p>
   </div>
   <div class='ocr_carea' id='block_1_59' title="bbox 2087 2317 3654 2390">
    <p class='ocr_par' dir='ltr' id='par_1_59' title="bbox 2087 2317 3654 2390">
     <span class='ocr_line' id='line_1_59' title="bbox 2087 2317 3654 2390; baseline -0.004 -15"><span class='ocrx_word' id='word_1_474' title='bbox 2087 2323 2235 2390; x_wconf 79' lang='lat' dir='ltr'><strong>digni</strong></span> <span class='ocrx_word' id='word_1_475' title='bbox 2261 2322 2500 2385; x_wconf 88' lang='lat' dir='ltr'><strong>censeri,</strong></span> <span class='ocrx_word' id='word_1_476' title='bbox 2529 2328 2583 2377; x_wconf 90' lang='lat' dir='ltr'><strong>et</strong></span> <span class='ocrx_word' id='word_1_477' title='bbox 2616 2321 3064 2389; x_wconf 77' lang='lat' dir='ltr'><strong>deprecatoribus</strong></span> <span class='ocrx_word' id='word_1_478' title='bbox 3090 2318 3299 2373; x_wconf 88' lang='lat' dir='ltr'><strong>idoneis</strong></span> <span class='ocrx_word' id='word_1_479' title='bbox 3330 2317 3394 2370; x_wconf 88' lang='lat' dir='ltr'><strong>ad</strong></span> <span class='ocrx_word' id='word_1_480' title='bbox 3422 2330 3654 2371; x_wconf 81' lang='lat' dir='ltr'><strong>exorau-</strong></span> 
     </span>
    </p>
   </div>
   <div class='ocr_carea' id='block_1_60' title="bbox 2087 2407 3659 2485">
    <p class='ocr_par' dir='ltr' id='par_1_60' title="bbox 2087 2407 3659 2485">
     <span class='ocr_line' id='line_1_60' title="bbox 2087 2407 3659 2485; baseline -0.005 -18"><span class='ocrx_word' id='word_1_481' title='bbox 2087 2414 2216 2467; x_wconf 91' lang='lat' dir='ltr'><strong>dum</strong></span> <span class='ocrx_word' id='word_1_482' title='bbox 2252 2414 2601 2485; x_wconf 24' lang='lat' dir='ltr'><strong>saxnationutu</strong></span> <span class='ocrx_word' id='word_1_483' title='bbox 2640 2410 3120 2480; x_wconf 82' lang='lat' dir='ltr'><strong>suppeditatorem.</strong></span> <span class='ocrx_word' id='word_1_484' title='bbox 3160 2409 3294 2463; x_wconf 86' lang='lat' dir='ltr'><strong>Nam</strong></span> <span class='ocrx_word' id='word_1_485' title='bbox 3326 2409 3374 2464; x_wconf 89' lang='lat' dir='ltr'><strong>si</strong></span> <span class='ocrx_word' id='word_1_486' title='bbox 3424 2407 3659 2460; x_wconf 81' lang='lat' dir='ltr'><strong>inﬁdelis</strong></span> 
     </span>
    </p>
   </div>
   <div class='ocr_carea' id='block_1_61' title="bbox 2090 2499 3659 2571">
    <p class='ocr_par' dir='ltr' id='par_1_61' title="bbox 2090 2499 3659 2571">
     <span class='ocr_line' id='line_1_61' title="bbox 2090 2499 3659 2571; baseline -0.004 -13"><span class='ocrx_word' id='word_1_487' title='bbox 2090 2518 2386 2558; x_wconf 89' lang='lat' dir='ltr'><strong>mansurus</strong></span> <span class='ocrx_word' id='word_1_488' title='bbox 2436 2503 2511 2557; x_wconf 91' lang='lat' dir='ltr'><strong>sit</strong></span> <span class='ocrx_word' id='word_1_489' title='bbox 2556 2502 2623 2565; x_wconf 90' lang='lat' dir='ltr'><strong>is,</strong></span> <span class='ocrx_word' id='word_1_490' title='bbox 2657 2503 2748 2571; x_wconf 87' lang='lat' dir='ltr'><strong>qui</strong></span> <span class='ocrx_word' id='word_1_491' title='bbox 2804 2501 3112 2555; x_wconf 80' lang='lat' dir='ltr'><strong>sanationis</strong></span> <span class='ocrx_word' id='word_1_492' title='bbox 3145 2499 3372 2569; x_wconf 79' lang='lat' dir='ltr'><strong>indiget,</strong></span> <span class='ocrx_word' id='word_1_493' title='bbox 3423 2513 3530 2552; x_wconf 91' lang='lat' dir='ltr'><strong>non</strong></span> <span class='ocrx_word' id='word_1_494' title='bbox 3586 2499 3659 2551; x_wconf 76' lang='lat' dir='ltr'><strong>ita</strong></span> 
     </span>
    </p>
   </div>
   <div class='ocr_carea' id='block_1_62' title="bbox 2090 2587 3660 2664">
    <p class='ocr_par' dir='ltr' id='par_1_62' title="bbox 2090 2587 3660 2664">
     <span class='ocr_line' id='line_1_62' title="bbox 2090 2587 3660 2664; baseline -0.006 -14"><span class='ocrx_word' id='word_1_495' title='bbox 2090 2594 2414 2664; x_wconf 76' lang='lat' dir='ltr'><strong>simpliciter</strong></span> <span class='ocrx_word' id='word_1_496' title='bbox 2446 2593 2662 2649; x_wconf 88' lang='lat' dir='ltr'><strong>sanatio</strong></span> <span class='ocrx_word' id='word_1_497' title='bbox 2690 2592 2947 2662; x_wconf 87' lang='lat' dir='ltr'><strong>procedet</strong></span> <span class='ocrx_word' id='word_1_498' title='bbox 2978 2610 2990 2644; x_wconf 91' lang='lat'><strong>:</strong></span> <span class='ocrx_word' id='word_1_499' title='bbox 3025 2595 3263 2660; x_wconf 88' lang='lat' dir='ltr'><strong>itemque</strong></span> <span class='ocrx_word' id='word_1_500' title='bbox 3294 2590 3341 2641; x_wconf 89' lang='lat' dir='ltr'><strong>si</strong></span> <span class='ocrx_word' id='word_1_501' title='bbox 3372 2588 3439 2641; x_wconf 89' lang='lat' dir='ltr'><strong>ab</strong></span> <span class='ocrx_word' id='word_1_502' title='bbox 3471 2587 3660 2640; x_wconf 85' lang='lat' dir='ltr'><strong>inlide-</strong></span> 
     </span>
    </p>
   </div>
   <div class='ocr_carea' id='block_1_63' title="bbox 2091 2679 3655 2749">
    <p class='ocr_par' dir='ltr' id='par_1_63' title="bbox 2091 2679 3655 2749">
     <span class='ocr_line' id='line_1_63' title="bbox 2091 2679 3655 2749; baseline -0.005 -9"><span class='ocrx_word' id='word_1_503' title='bbox 2091 2687 2232 2742; x_wconf 89' lang='lat' dir='ltr'><strong>libus</strong></span> <span class='ocrx_word' id='word_1_504' title='bbox 2261 2702 2455 2741; x_wconf 85' lang='lat' dir='ltr'><strong>nomen</strong></span> <span class='ocrx_word' id='word_1_505' title='bbox 2491 2687 2793 2749; x_wconf 87' lang='lat' dir='ltr'><strong>invocetur,</strong></span> <span class='ocrx_word' id='word_1_506' title='bbox 2826 2699 2927 2738; x_wconf 87' lang='lat' dir='ltr'><strong>suo</strong></span> <span class='ocrx_word' id='word_1_507' title='bbox 2959 2697 3183 2737; x_wconf 71' lang='lat' dir='ltr'><strong>munere</strong></span> <span class='ocrx_word' id='word_1_508' title='bbox 3243 2695 3347 2734; x_wconf 90' lang='lat' dir='ltr'><strong>non</strong></span> <span class='ocrx_word' id='word_1_509' title='bbox 3383 2679 3655 2748; x_wconf 82' lang='lat' dir='ltr'><strong>fungetur.</strong></span> 
     </span>
    </p>
   </div>
   <div class='ocr_carea' id='block_1_64' title="bbox 2092 2767 3658 2837">
    <p class='ocr_par' dir='ltr' id='par_1_64' title="bbox 2092 2767 3658 2837">
     <span class='ocr_line' id='line_1_64' title="bbox 2092 2767 3658 2837; baseline -0.006 -8"><span class='ocrx_word' id='word_1_510' title='bbox 2092 2777 2378 2831; x_wconf 80' lang='lat' dir='ltr'><strong>Enimvero</strong></span> <span class='ocrx_word' id='word_1_511' title='bbox 2410 2775 2503 2829; x_wconf 90' lang='lat' dir='ltr'><strong>ﬁlii</strong></span> <span class='ocrx_word' id='word_1_512' title='bbox 2557 2774 2742 2829; x_wconf 73' lang='lat' dir='ltr'><strong>Scevze</strong></span> <span class='ocrx_word' id='word_1_513' title='bbox 2776 2790 2882 2827; x_wconf 92' lang='lat' dir='ltr'><strong>non</strong></span> <span class='ocrx_word' id='word_1_514' title='bbox 2927 2776 3085 2826; x_wconf 86' lang='lat' dir='ltr'><strong>modo</strong></span> <span class='ocrx_word' id='word_1_515' title='bbox 3135 2770 3256 2824; x_wconf 88' lang='lat' dir='ltr'><strong>aliis</strong></span> <span class='ocrx_word' id='word_1_516' title='bbox 3292 2786 3399 2822; x_wconf 85' lang='lat' dir='ltr'><strong>non</strong></span> <span class='ocrx_word' id='word_1_517' title='bbox 3447 2767 3658 2837; x_wconf 84' lang='lat' dir='ltr'><strong>profue-</strong></span> 
     </span>
    </p>
   </div>
   <div class='ocr_carea' id='block_1_65' title="bbox 2090 2860 3663 2934">
    <p class='ocr_par' dir='ltr' id='par_1_65' title="bbox 2090 2860 3663 2934">
     <span class='ocr_line' id='line_1_65' title="bbox 2090 2860 3663 2934; baseline -0.007 -13"><span class='ocrx_word' id='word_1_518' title='bbox 2090 2876 2239 2933; x_wconf 86' lang='lat' dir='ltr'><strong>runt,</strong></span> <span class='ocrx_word' id='word_1_519' title='bbox 2287 2882 2472 2921; x_wconf 82' lang='lat' dir='ltr'><strong>verum</strong></span> <span class='ocrx_word' id='word_1_520' title='bbox 2524 2868 2687 2921; x_wconf 89' lang='lat' dir='ltr'><strong>etiam</strong></span> <span class='ocrx_word' id='word_1_521' title='bbox 2724 2865 2827 2919; x_wconf 90' lang='lat' dir='ltr'><strong>sibi</strong></span> <span class='ocrx_word' id='word_1_522' title='bbox 2864 2864 2998 2934; x_wconf 89' lang='lat' dir='ltr'><strong>ipsis</strong></span> <span class='ocrx_word' id='word_1_523' title='bbox 3041 2870 3365 2917; x_wconf 82' lang='lat' dir='ltr'><strong>nocuerunt.</strong></span> <span class='ocrx_word' id='word_1_524' title='bbox 3404 2860 3497 2913; x_wconf 90' lang='lat' dir='ltr'><strong>Sie</strong></span> <span class='ocrx_word' id='word_1_525' title='bbox 3536 2860 3663 2927; x_wconf 87' lang='lat' dir='ltr'><strong>qui-</strong></span> 
     </span>
    </p>
   </div>
   <div class='ocr_carea' id='block_1_66' title="bbox 2085 2949 3663 3024">
    <p class='ocr_par' dir='ltr' id='par_1_66' title="bbox 2085 2949 3663 3024">
     <span class='ocr_line' id='line_1_66' title="bbox 2085 2949 3663 3024; baseline -0.007 -12"><span class='ocrx_word' id='word_1_526' title='bbox 2085 2958 2208 3014; x_wconf 88' lang='lat' dir='ltr'><strong>dem</strong></span> <span class='ocrx_word' id='word_1_527' title='bbox 2247 2973 2393 3013; x_wconf 87' lang='lat' dir='ltr'><strong>nos:</strong></span> <span class='ocrx_word' id='word_1_528' title='bbox 2439 2957 2530 3010; x_wconf 86' lang='lat' dir='ltr'><strong>alii</strong></span> <span class='ocrx_word' id='word_1_529' title='bbox 2582 2971 2709 3010; x_wconf 80' lang='lat' dir='ltr'><strong>vero</strong></span> <span class='ocrx_word' id='word_1_530' title='bbox 2743 2957 2822 3009; x_wconf 89' lang='lat' dir='ltr'><strong>sic</strong></span> <span class='ocrx_word' id='word_1_531' title='bbox 2875 2962 3269 3024; x_wconf 69' lang='lat' dir='ltr'><strong>espostiemut.</strong></span> <span class='ocrx_word' id='word_1_532' title='bbox 3325 2951 3488 3019; x_wconf 82' lang='lat' dir='ltr'><strong>Atqui</strong></span> <span class='ocrx_word' id='word_1_533' title='bbox 3532 2949 3663 3003; x_wconf 87' lang='lat' dir='ltr'><strong>ﬁdes</strong></span> 
     </span>
    </p>
   </div>
   <div class='ocr_carea' id='block_1_67' title="bbox 2085 3041 3663 3119">
    <p class='ocr_par' dir='ltr' id='par_1_67' title="bbox 2085 3041 3663 3119">
     <span class='ocr_line' id='line_1_67' title="bbox 2085 3041 3663 3119; baseline -0.008 -14"><span class='ocrx_word' id='word_1_534' title='bbox 2085 3049 2277 3105; x_wconf 85' lang='lat' dir='ltr'><strong>eadem</strong></span> <span class='ocrx_word' id='word_1_535' title='bbox 2307 3056 2413 3113; x_wconf 89' lang='lat' dir='ltr'><strong>est,</strong></span> <span class='ocrx_word' id='word_1_536' title='bbox 2455 3064 2577 3119; x_wconf 79' lang='lat' dir='ltr'><strong>quae</strong></span> <span class='ocrx_word' id='word_1_537' title='bbox 2602 3049 2703 3102; x_wconf 86' lang='lat' dir='ltr'><strong>hoc</strong></span> <span class='ocrx_word' id='word_1_538' title='bbox 2731 3046 2929 3103; x_wconf 77' lang='lat' dir='ltr'><strong>effecit.</strong></span> <span class='ocrx_word' id='word_1_539' title='bbox 2960 3044 3077 3100; x_wconf 81' lang='lat' dir='ltr'><strong>Non</strong></span> <span class='ocrx_word' id='word_1_540' title='bbox 3109 3046 3253 3100; x_wconf 86' lang='lat' dir='ltr'><strong>enim</strong></span> <span class='ocrx_word' id='word_1_541' title='bbox 3280 3044 3492 3097; x_wconf 80' lang='lat' dir='ltr'><strong>dixerat</strong></span> <span class='ocrx_word' id='word_1_542' title='bbox 3517 3059 3530 3095; x_wconf 88' lang='lat'><strong>:</strong></span> <span class='ocrx_word' id='word_1_543' title='bbox 3564 3041 3663 3093; x_wconf 79' lang='lat' dir='ltr'><strong>Per</strong></span> 
     </span>
    </p>
   </div>
   <div class='ocr_carea' id='block_1_68' title="bbox 2089 3134 3667 3206">
    <p class='ocr_par' dir='ltr' id='par_1_68' title="bbox 2089 3134 3667 3206">
     <span class='ocr_line' id='line_1_68' title="bbox 2089 3134 3667 3206; baseline -0.006 -10"><span class='ocrx_word' id='word_1_544' title='bbox 2089 3157 2284 3197; x_wconf 87' lang='lat' dir='ltr'><strong>nomen</strong></span> <span class='ocrx_word' id='word_1_545' title='bbox 2320 3160 2333 3194; x_wconf 91' lang='lat'><strong>:</strong></span> <span class='ocrx_word' id='word_1_546' title='bbox 2364 3141 2483 3206; x_wconf 88' lang='lat' dir='ltr'><strong>sed,</strong></span> <span class='ocrx_word' id='word_1_547' title='bbox 2526 3141 2582 3194; x_wconf 88' lang='lat' dir='ltr'><strong>in</strong></span> <span class='ocrx_word' id='word_1_548' title='bbox 2631 3139 2870 3194; x_wconf 87' lang='lat' dir='ltr'><strong>nomine.</strong></span> <span class='ocrx_word' id='word_1_549' title='bbox 2926 3137 3033 3193; x_wconf 90' lang='lat' dir='ltr'><strong>Sed</strong></span> <span class='ocrx_word' id='word_1_550' title='bbox 3078 3136 3320 3193; x_wconf 88' lang='lat' dir='ltr'><strong>nondum</strong></span> <span class='ocrx_word' id='word_1_551' title='bbox 3391 3134 3667 3188; x_wconf 75' lang='lat' dir='ltr'><strong>audebant</strong></span> 
     </span>
    </p>
   </div>
   <div class='ocr_carea' id='block_1_69' title="bbox 2087 3225 3685 3289">
    <p class='ocr_par' dir='ltr' id='par_1_69' title="bbox 2087 3225 3685 3289">
     <span class='ocr_line' id='line_1_69' title="bbox 2087 3225 3685 3289; baseline -0.007 -1"><span class='ocrx_word' id='word_1_552' title='bbox 2087 3234 2269 3289; x_wconf 84' lang='lat' dir='ltr'><strong>dicere</strong></span> <span class='ocrx_word' id='word_1_553' title='bbox 2299 3251 2313 3288; x_wconf 90' lang='lat'><strong>:</strong></span> <span class='ocrx_word' id='word_1_554' title='bbox 2339 3232 2500 3286; x_wconf 81' lang='lat' dir='ltr'><strong>Fides</strong></span> <span class='ocrx_word' id='word_1_555' title='bbox 2536 3247 2629 3287; x_wconf 86' lang='lat' dir='ltr'><strong>seu</strong></span> <span class='ocrx_word' id='word_1_556' title='bbox 2670 3231 2869 3285; x_wconf 84' lang='lat' dir='ltr'><strong>ﬁducia</strong></span> <span class='ocrx_word' id='word_1_557' title='bbox 2907 3231 2958 3284; x_wconf 92' lang='lat' dir='ltr'><strong>in</strong></span> <span class='ocrx_word' id='word_1_558' title='bbox 2999 3229 3174 3283; x_wconf 89' lang='lat' dir='ltr'><strong>illum.</strong></span> <span class='ocrx_word' id='word_1_559' title='bbox 3206 3226 3285 3283; x_wconf 87' lang='lat' dir='ltr'><strong>Ne</strong></span> <span class='ocrx_word' id='word_1_560' title='bbox 3318 3237 3498 3281; x_wconf 84' lang='lat' dir='ltr'><strong>autem</strong></span> <span class='ocrx_word' id='word_1_561' title='bbox 3531 3225 3685 3279; x_wconf 57' lang='lat' dir='ltr'><strong>illud’</strong></span> 
     </span>
    </p>
   </div>
   <div class='ocr_carea' id='block_1_70' title="bbox 2089 3318 3665 3395">
    <p class='ocr_par' dir='ltr' id='par_1_70' title="bbox 2089 3318 3665 3395">
     <span class='ocr_line' id='line_1_70' title="bbox 2089 3318 3665 3395; baseline -0.006 -15"><span class='ocrx_word' id='word_1_562' title='bbox 2089 3326 2293 3380; x_wconf 89' lang='lat' dir='ltr'><strong>dictum</strong></span> <span class='ocrx_word' id='word_1_563' title='bbox 2341 3343 2352 3378; x_wconf 92' lang='lat'>:</span> <span class='ocrx_word' id='word_1_564' title='bbox 2383 3340 2502 3395; x_wconf 67' lang='lat' dir='ltr'><strong>qum</strong></span> <span class='ocrx_word' id='word_1_565' title='bbox 2536 3340 2629 3394; x_wconf 83' lang='lat' dir='ltr'><strong>per</strong></span> <span class='ocrx_word' id='word_1_566' title='bbox 2661 3324 2809 3378; x_wconf 88' lang='lat' dir='ltr'><strong>illum</strong></span> <span class='ocrx_word' id='word_1_567' title='bbox 2845 3322 3140 3392; x_wconf 63' lang='lat' dir='ltr'><strong>praedicata</strong></span> <span class='ocrx_word' id='word_1_568' title='bbox 3165 3327 3271 3386; x_wconf 87' lang='lat' dir='ltr'><strong>est,</strong></span> <span class='ocrx_word' id='word_1_569' title='bbox 3304 3334 3530 3389; x_wconf 86' lang='lat' dir='ltr'><strong>prorsus</strong></span> <span class='ocrx_word' id='word_1_570' title='bbox 3562 3318 3665 3371; x_wconf 84' lang='lat' dir='ltr'><strong>lm-</strong></span> 
     </span>
    </p>
   </div>
   <div class='ocr_carea' id='block_1_71' title="bbox 2087 3409 3667 3486">
    <p class='ocr_par' dir='ltr' id='par_1_71' title="bbox 2087 3409 3667 3486">
     <span class='ocr_line' id='line_1_71' title="bbox 2087 3409 3667 3486; baseline -0.005 -16"><span class='ocrx_word' id='word_1_571' title='bbox 2087 3418 2212 3472; x_wconf 86' lang='lat' dir='ltr'><strong>miie</strong></span> <span class='ocrx_word' id='word_1_572' title='bbox 2243 3425 2410 3481; x_wconf 87' lang='lat' dir='ltr'><strong>esset,</strong></span> <span class='ocrx_word' id='word_1_573' title='bbox 2471 3415 2752 3486; x_wconf 73' lang='lat' dir='ltr'><strong>subiunxit</strong></span> <span class='ocrx_word' id='word_1_574' title='bbox 2786 3435 2799 3469; x_wconf 84' lang='lat'><strong>-.</strong></span> <span class='ocrx_word' id='word_1_575' title='bbox 2834 3415 2898 3469; x_wconf 86' lang='lat' dir='ltr'><strong>Et</strong></span> <span class='ocrx_word' id='word_1_576' title='bbox 2921 3428 3118 3468; x_wconf 87' lang='lat' dir='ltr'><strong>nomen</strong></span> <span class='ocrx_word' id='word_1_577' title='bbox 3152 3412 3300 3467; x_wconf 88' lang='lat' dir='ltr'><strong>illius</strong></span> <span class='ocrx_word' id='word_1_578' title='bbox 3323 3409 3667 3466; x_wconf 87' lang='lat' dir='ltr'><strong>conﬁrmavit</strong></span> 
     </span>
    </p>
   </div>
   <div class='ocr_carea' id='block_1_72' title="bbox 405 3502 3666 3581">
    <p class='ocr_par' dir='ltr' id='par_1_72' title="bbox 405 3502 3666 3581">
     <span class='ocr_line' id='line_1_72' title="bbox 405 3502 3666 3581; baseline -0.001 -24"><span class='ocrx_word' id='word_1_579' title='bbox 405 3520 556 3557; x_wconf 74' lang='lat' dir='ltr'><strong>eiun.</strong></span> <span class='ocrx_word' id='word_1_580' title='bbox 596 3506 699 3560; x_wconf 72' lang='lat' dir='ltr'><strong>Sed</strong></span> <span class='ocrx_word' id='word_1_581' title='bbox 759 3511 1014 3577; x_wconf 82' lang='lat' dir='ltr'><strong>quoniam</strong></span> <span class='ocrx_word' id='word_1_582' title='bbox 1051 3511 1213 3564; x_wconf 87' lang='lat' dir='ltr'><strong>etiam</strong></span> <span class='ocrx_word' id='word_1_583' title='bbox 1266 3511 1368 3563; x_wconf 90' lang='lat' dir='ltr'><strong>hoc</strong></span> <span class='ocrx_word' id='word_1_584' title='bbox 1398 3512 1632 3565; x_wconf 85' lang='lat' dir='ltr'><strong>sublime</strong></span> <span class='ocrx_word' id='word_1_585' title='bbox 1666 3526 1728 3564; x_wconf 90' lang='lat' dir='ltr'><strong>ac</strong></span> <span class='ocrx_word' id='word_1_586' title='bbox 1773 3509 2073 3581; x_wconf 83' lang='lat' dir='ltr'><strong>perfectum</strong></span> <span class='ocrx_word' id='word_1_587' title='bbox 2143 3520 2279 3573; x_wconf 84' lang='lat' dir='ltr'><strong>erat,</strong></span> <span class='ocrx_word' id='word_1_588' title='bbox 2334 3509 2621 3563; x_wconf 84' lang='lat' dir='ltr'><strong>conﬁrmat</strong></span> <span class='ocrx_word' id='word_1_589' title='bbox 2693 3510 2743 3563; x_wconf 90' lang='lat' dir='ltr'><strong>id</strong></span> <span class='ocrx_word' id='word_1_590' title='bbox 2797 3507 3141 3575; x_wconf 73' lang='lat' dir='ltr'><strong>subiiciens:</strong></span> <span class='ocrx_word' id='word_1_591' title='bbox 3208 3502 3277 3558; x_wconf 81' lang='lat' dir='ltr'><strong>Et</strong></span> <span class='ocrx_word' id='word_1_592' title='bbox 3332 3503 3482 3573; x_wconf 74' lang='lat' dir='ltr'><strong>ﬁdes,</strong></span> <span class='ocrx_word' id='word_1_593' title='bbox 3550 3514 3666 3571; x_wconf 73' lang='lat' dir='ltr'><strong>qua:</strong></span> 
     </span>
    </p>
   </div>
   <div class='ocr_carea' id='block_1_73' title="bbox 406 3590 3659 3668">
    <p class='ocr_par' dir='ltr' id='par_1_73' title="bbox 406 3590 3659 3668">
     <span class='ocr_line' id='line_1_73' title="bbox 406 3590 3659 3668; baseline -0.001 -23"><span class='ocrx_word' id='word_1_594' title='bbox 406 3611 500 3663; x_wconf 77' lang='lat' dir='ltr'><strong>per</strong></span> <span class='ocrx_word' id='word_1_595' title='bbox 539 3612 652 3650; x_wconf 84' lang='lat' dir='ltr'><strong>eum</strong></span> <span class='ocrx_word' id='word_1_596' title='bbox 688 3601 979 3668; x_wconf 76' lang='lat' dir='ltr'><strong>prwdicata</strong></span> <span class='ocrx_word' id='word_1_597' title='bbox 1016 3610 1115 3664; x_wconf 79' lang='lat' dir='ltr'><strong>est,</strong></span> <span class='ocrx_word' id='word_1_598' title='bbox 1149 3600 1373 3653; x_wconf 85' lang='lat' dir='ltr'><strong>humilia</strong></span> <span class='ocrx_word' id='word_1_599' title='bbox 1403 3600 1731 3654; x_wconf 87' lang='lat' dir='ltr'><strong>sublimibus</strong></span> <span class='ocrx_word' id='word_1_600' title='bbox 1769 3599 2000 3653; x_wconf 80' lang='lat' dir='ltr'><strong>invicem</strong></span> <span class='ocrx_word' id='word_1_601' title='bbox 2032 3600 2427 3653; x_wconf 87' lang='lat' dir='ltr'><strong>commiscens:</strong></span> <span class='ocrx_word' id='word_1_602' title='bbox 2459 3598 2563 3652; x_wconf 88' lang='lat' dir='ltr'><strong>alia</strong></span> <span class='ocrx_word' id='word_1_603' title='bbox 2599 3598 2818 3667; x_wconf 87' lang='lat' dir='ltr'><strong>quidem</strong></span> <span class='ocrx_word' id='word_1_604' title='bbox 2849 3596 2924 3650; x_wconf 85' lang='lat' dir='ltr'><strong>rei</strong></span> <span class='ocrx_word' id='word_1_605' title='bbox 2957 3602 3166 3649; x_wconf 71' lang='lat' dir='ltr'><strong>natum</strong></span> <span class='ocrx_word' id='word_1_606' title='bbox 3226 3594 3472 3647; x_wconf 85' lang='lat' dir='ltr'><strong>tribuens</strong></span> <span class='ocrx_word' id='word_1_607' title='bbox 3509 3609 3523 3644; x_wconf 90' lang='lat'><strong>:</strong></span> <span class='ocrx_word' id='word_1_608' title='bbox 3555 3590 3659 3644; x_wconf 87' lang='lat' dir='ltr'><strong>alia</strong></span> 
     </span>
    </p>
   </div>
   <div class='ocr_carea' id='block_1_74' title="bbox 410 3684 3666 3758">
    <p class='ocr_par' dir='ltr' id='par_1_74' title="bbox 410 3684 3666 3758">
     <span class='ocr_line' id='line_1_74' title="bbox 410 3684 3666 3758; baseline -0.002 -13"><span class='ocrx_word' id='word_1_609' title='bbox 410 3705 541 3745; x_wconf 83' lang='lat' dir='ltr'><strong>vero</strong></span> <span class='ocrx_word' id='word_1_610' title='bbox 570 3690 840 3745; x_wconf 83' lang='lat' dir='ltr'><strong>affectioni</strong></span> <span class='ocrx_word' id='word_1_611' title='bbox 875 3701 931 3745; x_wconf 86' lang='lat' dir='ltr'><strong>et</strong></span> <span class='ocrx_word' id='word_1_612' title='bbox 969 3691 1179 3745; x_wconf 86' lang='lat' dir='ltr'><strong>viribus</strong></span> <span class='ocrx_word' id='word_1_613' title='bbox 1228 3690 1560 3744; x_wconf 84' lang='lat' dir='ltr'><strong>auditorum.</strong></span> <span class='ocrx_word' id='word_1_614' title='bbox 1634 3689 1847 3745; x_wconf 80' lang='lat' dir='ltr'><strong>llumile</strong></span> <span class='ocrx_word' id='word_1_615' title='bbox 1884 3692 2026 3744; x_wconf 86' lang='lat' dir='ltr'><strong>enim</strong></span> <span class='ocrx_word' id='word_1_616' title='bbox 2068 3697 2188 3744; x_wconf 86' lang='lat' dir='ltr'><strong>erat</strong></span> <span class='ocrx_word' id='word_1_617' title='bbox 2218 3690 2350 3743; x_wconf 88' lang='lat' dir='ltr'><strong>illud</strong></span> <span class='ocrx_word' id='word_1_618' title='bbox 2374 3689 2592 3758; x_wconf 85' lang='lat' dir='ltr'><strong>quidem</strong></span> <span class='ocrx_word' id='word_1_619' title='bbox 2626 3706 2640 3742; x_wconf 90' lang='lat'>:</span> <span class='ocrx_word' id='word_1_620' title='bbox 2686 3689 2913 3756; x_wconf 77' lang='lat' dir='ltr'><strong>Propter</strong></span> <span class='ocrx_word' id='word_1_621' title='bbox 2946 3687 3104 3741; x_wconf 90' lang='lat' dir='ltr'><strong>ﬁdem</strong></span> <span class='ocrx_word' id='word_1_622' title='bbox 3141 3687 3378 3741; x_wconf 89' lang='lat' dir='ltr'><strong>nominis</strong></span> <span class='ocrx_word' id='word_1_623' title='bbox 3423 3684 3562 3753; x_wconf 81' lang='lat' dir='ltr'><strong>ejus,</strong></span> <span class='ocrx_word' id='word_1_624' title='bbox 3610 3692 3666 3738; x_wconf 83' lang='lat' dir='ltr'><strong>ct</strong></span> 
     </span>
    </p>
   </div>
   <div class='ocr_carea' id='block_1_75' title="bbox 415 3780 3669 3855">
    <p class='ocr_par' dir='ltr' id='par_1_75' title="bbox 415 3780 3669 3855">
     <span class='ocr_line' id='line_1_75' title="bbox 415 3780 3669 3855; baseline 0 -20"><span class='ocrx_word' id='word_1_625' title='bbox 415 3783 550 3845; x_wconf 71' lang='grc' dir='ltr'><strong>ιιιυά</strong></span> <span class='ocrx_word' id='word_1_626' title='bbox 586 3801 600 3837; x_wconf 88' lang='lat'><strong>:</strong></span> <span class='ocrx_word' id='word_1_627' title='bbox 643 3784 800 3845; x_wconf 80' lang='lat' dir='ltr'><strong>Fides</strong></span> <span class='ocrx_word' id='word_1_628' title='bbox 830 3802 946 3855; x_wconf 77' lang='lat' dir='ltr'><strong>qua:</strong></span> <span class='ocrx_word' id='word_1_629' title='bbox 976 3802 1067 3854; x_wconf 86' lang='lat' dir='ltr'><strong>per</strong></span> <span class='ocrx_word' id='word_1_630' title='bbox 1096 3785 1247 3838; x_wconf 79' lang='lat' dir='ltr'><strong>illum</strong></span> <span class='ocrx_word' id='word_1_631' title='bbox 1303 3787 1595 3852; x_wconf 66' lang='lat' dir='ltr'><strong>praedicata</strong></span> <span class='ocrx_word' id='word_1_632' title='bbox 1621 3795 1698 3837; x_wconf 83' lang='lat' dir='ltr'><strong>est</strong></span> <span class='ocrx_word' id='word_1_633' title='bbox 1730 3800 1747 3836; x_wconf 91' lang='lat'><strong><em>:</em></strong></span> <span class='ocrx_word' id='word_1_634' title='bbox 1782 3784 2018 3838; x_wconf 88' lang='lat' dir='ltr'><strong>sublime</strong></span> <span class='ocrx_word' id='word_1_635' title='bbox 2056 3792 2234 3837; x_wconf 87' lang='lat' dir='ltr'><strong>autem</strong></span> <span class='ocrx_word' id='word_1_636' title='bbox 2269 3793 2432 3851; x_wconf 89' lang='lat' dir='ltr'><strong>atque</strong></span> <span class='ocrx_word' id='word_1_637' title='bbox 2460 3780 2759 3852; x_wconf 88' lang='lat' dir='ltr'><strong>perfectum</strong></span> <span class='ocrx_word' id='word_1_638' title='bbox 2794 3780 2846 3834; x_wconf 87' lang='lat' dir='ltr'><strong>id</strong></span> <span class='ocrx_word' id='word_1_639' title='bbox 2902 3780 3045 3847; x_wconf 89' lang='lat' dir='ltr'><strong>quod</strong></span> <span class='ocrx_word' id='word_1_640' title='bbox 3084 3781 3217 3834; x_wconf 85' lang='lat' dir='ltr'><strong>dixit</strong></span> <span class='ocrx_word' id='word_1_641' title='bbox 3251 3799 3264 3834; x_wconf 92' lang='lat'><strong>:</strong></span> <span class='ocrx_word' id='word_1_642' title='bbox 3338 3780 3542 3837; x_wconf 81' lang='lat' dir='ltr'><strong>Nomen</strong></span> <span class='ocrx_word' id='word_1_643' title='bbox 3603 3782 3669 3836; x_wconf 86' lang='lat' dir='ltr'><strong>il-</strong></span> 
     </span>
    </p>
   </div>
   <div class='ocr_carea' id='block_1_76' title="bbox 417 3870 3667 3945">
    <p class='ocr_par' dir='ltr' id='par_1_76' title="bbox 417 3870 3667 3945">
     <span class='ocr_line' id='line_1_76' title="bbox 417 3870 3667 3945; baseline -0 -18"><span class='ocrx_word' id='word_1_644' title='bbox 417 3874 523 3930; x_wconf 87' lang='lat' dir='ltr'><strong>lius</strong></span> <span class='ocrx_word' id='word_1_645' title='bbox 561 3892 686 3930; x_wconf 73' lang='lat' dir='ltr'><strong>eun.</strong></span> <span class='ocrx_word' id='word_1_646' title='bbox 711 3877 1073 3940; x_wconf 84' lang='lat' dir='ltr'><strong>conﬁrmavit,</strong></span> <span class='ocrx_word' id='word_1_647' title='bbox 1105 3892 1167 3929; x_wconf 89' lang='lat' dir='ltr'><strong>ac</strong></span> <span class='ocrx_word' id='word_1_648' title='bbox 1202 3874 1444 3931; x_wconf 76' lang='lat' dir='ltr'><strong>restiznit</strong></span> <span class='ocrx_word' id='word_1_649' title='bbox 1485 3891 1500 3929; x_wconf 90' lang='lat'><strong>:</strong></span> <span class='ocrx_word' id='word_1_650' title='bbox 1533 3875 1677 3944; x_wconf 82' lang='lat' dir='ltr'><strong>quod</strong></span> <span class='ocrx_word' id='word_1_651' title='bbox 1709 3876 1753 3931; x_wconf 91' lang='lat' dir='ltr'><strong>si</strong></span> <span class='ocrx_word' id='word_1_652' title='bbox 1786 3876 1991 3929; x_wconf 90' lang='lat' dir='ltr'><strong>nudum</strong></span> <span class='ocrx_word' id='word_1_653' title='bbox 2029 3874 2297 3945; x_wconf 86' lang='lat' dir='ltr'><strong>prolatum</strong></span> <span class='ocrx_word' id='word_1_654' title='bbox 2350 3873 2565 3935; x_wconf 85' lang='lat' dir='ltr'><strong>fuisset,</strong></span> <span class='ocrx_word' id='word_1_655' title='bbox 2620 3879 2998 3940; x_wconf 77' lang='lat' dir='ltr'><strong>exasperasset</strong></span> <span class='ocrx_word' id='word_1_656' title='bbox 3028 3870 3246 3927; x_wconf 69' lang='lat' dir='ltr'><strong>Judzeos</strong></span> <span class='ocrx_word' id='word_1_657' title='bbox 3280 3888 3295 3926; x_wconf 90' lang='lat'><strong>:</strong></span> <span class='ocrx_word' id='word_1_658' title='bbox 3356 3873 3480 3929; x_wconf 85' lang='lat' dir='ltr'><strong>aliis</strong></span> <span class='ocrx_word' id='word_1_659' title='bbox 3540 3890 3667 3928; x_wconf 84' lang='lat' dir='ltr'><strong>vero</strong></span> 
     </span>
    </p>
   </div>
   <div class='ocr_carea' id='block_1_77' title="bbox 417 3964 2942 4038">
    <p class='ocr_par' dir='ltr' id='par_1_77' title="bbox 417 3964 2942 4038">
     <span class='ocr_line' id='line_1_77' title="bbox 417 3964 2942 4038; baseline -0.002 -17"><span class='ocrx_word' id='word_1_660' title='bbox 417 3967 771 4035; x_wconf 72' lang='lat' dir='ltr'><strong>coniunctum</strong></span> <span class='ocrx_word' id='word_1_661' title='bbox 800 3978 853 4022; x_wconf 90' lang='lat' dir='ltr'><strong>et</strong></span> <span class='ocrx_word' id='word_1_662' title='bbox 900 3968 1231 4038; x_wconf 83' lang='lat' dir='ltr'><strong>appositum,</strong></span> <span class='ocrx_word' id='word_1_663' title='bbox 1282 3973 1561 4037; x_wconf 84' lang='lat' dir='ltr'><strong>acceptum</strong></span> <span class='ocrx_word' id='word_1_664' title='bbox 1602 3966 1702 4019; x_wconf 81' lang='lat' dir='ltr'><strong>fuit</strong></span> <span class='ocrx_word' id='word_1_665' title='bbox 1747 3974 1800 4020; x_wconf 88' lang='lat' dir='ltr'><strong>et</strong></span> <span class='ocrx_word' id='word_1_666' title='bbox 1835 3965 1991 4019; x_wconf 83' lang='lat' dir='ltr'><strong>facile</strong></span> <span class='ocrx_word' id='word_1_667' title='bbox 2027 3964 2324 4021; x_wconf 88' lang='lat' dir='ltr'><strong>admissum</strong></span> <span class='ocrx_word' id='word_1_668' title='bbox 2353 3975 2516 4034; x_wconf 90' lang='lat' dir='ltr'><strong>atque</strong></span> <span class='ocrx_word' id='word_1_669' title='bbox 2561 3964 2942 4034; x_wconf 85' lang='lat' dir='ltr'><strong>approbatum.</strong></span> 
     </span>
    </p>
   </div>
   <div class='ocr_carea' id='block_1_78' title="bbox 486 4054 1991 4128">
    <p class='ocr_par' dir='ltr' id='par_1_78' title="bbox 486 4054 1991 4128">
     <span class='ocr_line' id='line_1_78' title="bbox 486 4054 1991 4128; baseline -0.003 -16"><span class='ocrx_word' id='word_1_670' title='bbox 486 4061 592 4112; x_wconf 78' lang='grc' dir='ltr'><strong>Καὶ</strong></span> <span class='ocrx_word' id='word_1_671' title='bbox 620 4060 758 4124; x_wconf 79' lang='grc' dir='ltr'><strong>νῦν,</strong></span> <span class='ocrx_word' id='word_1_672' title='bbox 785 4059 1055 4128; x_wconf 62' lang='grc' dir='ltr'><strong>ἀδελφοί,</strong></span> <span class='ocrx_word' id='word_1_673' title='bbox 1082 4054 1213 4112; x_wconf 79' lang='grc' dir='ltr'><strong>οῖδα</strong></span> <span class='ocrx_word' id='word_1_674' title='bbox 1240 4056 1327 4111; x_wconf 81' lang='grc' dir='ltr'><strong>ὅτι</strong></span> <span class='ocrx_word' id='word_1_675' title='bbox 1344 4058 1493 4111; x_wconf 79' lang='grc' dir='ltr'><strong>κατὰ</strong></span> <span class='ocrx_word' id='word_1_676' title='bbox 1543 4056 1792 4125; x_wconf 80' lang='grc' dir='ltr'><strong>ἄγνοιαν</strong></span> <span class='ocrx_word' id='word_1_677' title='bbox 1812 4057 1991 4124; x_wconf 78' lang='grc' dir='ltr'><strong>ἐπρά-</strong></span> 
     </span>
    </p>
   </div>
   <div class='ocr_carea' id='block_1_79' title="bbox 418 4149 1637 4221">
    <p class='ocr_par' dir='ltr' id='par_1_79' title="bbox 418 4149 1637 4221">
     <span class='ocr_line' id='line_1_79' title="bbox 418 4149 1637 4221; baseline 0.001 -17"><span class='ocrx_word' id='word_1_678' title='bbox 418 4149 563 4215; x_wconf 76' lang='grc' dir='ltr'><strong>ξατε</strong></span> <span class='ocrx_word' id='word_1_679' title='bbox 583 4149 787 4220; x_wconf 81' lang='grc' dir='ltr'><strong>ὥσπερ</strong></span> <span class='ocrx_word' id='word_1_680' title='bbox 814 4153 909 4205; x_wconf 79' lang='grc' dir='ltr'><strong>καί</strong></span> <span class='ocrx_word' id='word_1_681' title='bbox 936 4154 989 4206; x_wconf 82' lang='grc' dir='ltr'><strong>οί</strong></span> <span class='ocrx_word' id='word_1_682' title='bbox 1026 4152 1318 4221; x_wconf 80' lang='grc' dir='ltr'><strong>ἄρχοντες</strong></span> <span class='ocrx_word' id='word_1_683' title='bbox 1342 4150 1527 4219; x_wconf 81' lang='grc' dir='ltr'><strong>ὑμῶν.</strong></span> <span class='ocrx_word' id='word_1_684' title='bbox 1614 4182 1637 4192; x_wconf 74' lang='grc'><strong>-</strong></span> 
     </span>
    </p>
   </div>
   <div class='ocr_carea' id='block_1_80' title="bbox 500 4330 1993 4402">
    <p class='ocr_par' dir='ltr' id='par_1_80' title="bbox 500 4330 1993 4402">
     <span class='ocr_line' id='line_1_80' title="bbox 500 4330 1993 4402; baseline 0.001 -18"><span class='ocrx_word' id='word_1_685' title='bbox 500 4335 565 4384; x_wconf 83' lang='lat'><strong><em>&#39;0</em></strong></span> <span class='ocrx_word' id='word_1_686' title='bbox 584 4331 654 4384; x_wconf 81' lang='grc' dir='ltr'><em>δὲ</em></span> <span class='ocrx_word' id='word_1_687' title='bbox 687 4331 831 4398; x_wconf 83' lang='grc' dir='ltr'><strong>Θεὸς</strong></span> <span class='ocrx_word' id='word_1_688' title='bbox 855 4330 895 4386; x_wconf 80' lang='grc' dir='ltr'><strong><em>ἄ</em></strong></span> <span class='ocrx_word' id='word_1_689' title='bbox 927 4334 1391 4402; x_wconf 70' lang='grc' dir='ltr'><strong>προκατήγγειλε</strong></span> <span class='ocrx_word' id='word_1_690' title='bbox 1404 4332 1499 4386; x_wconf 80' lang='grc' dir='ltr'><strong>διὰ</strong></span> <span class='ocrx_word' id='word_1_691' title='bbox 1524 4332 1820 4400; x_wconf 77' lang='grc' dir='ltr'><strong>στόματος</strong></span> <span class='ocrx_word' id='word_1_692' title='bbox 1844 4333 1993 4387; x_wconf 75' lang='grc' dir='ltr'><strong>πᾶν·</strong></span> 
     </span>
    </p>
   </div>
   <div class='ocr_carea' id='block_1_81' title="bbox 418 4422 1995 4491">
    <p class='ocr_par' dir='ltr' id='par_1_81' title="bbox 418 4422 1995 4491">
     <span class='ocr_line' id='line_1_81' title="bbox 418 4422 1995 4491; baseline 0.001 -16"><span class='ocrx_word' id='word_1_693' title='bbox 418 4439 537 4476; x_wconf 80' lang='grc' dir='ltr'><strong>των</strong></span> <span class='ocrx_word' id='word_1_694' title='bbox 550 4422 882 4491; x_wconf 57' lang='grc' dir='ltr'><strong>προφητῶν</strong></span> <span class='ocrx_word' id='word_1_695' title='bbox 901 4422 1113 4487; x_wconf 84' lang='grc' dir='ltr'><strong>αὑτοῦ,</strong></span> <span class='ocrx_word' id='word_1_696' title='bbox 1131 4423 1343 4477; x_wconf 79' lang='grc' dir='ltr'><strong>παθεῖν</strong></span> <span class='ocrx_word' id='word_1_697' title='bbox 1367 4423 1474 4477; x_wconf 78' lang='grc' dir='ltr'><strong>τὸν</strong></span> <span class='ocrx_word' id='word_1_698' title='bbox 1502 4424 1714 4491; x_wconf 78' lang='grc' dir='ltr'><strong>Χριστέ</strong></span> <span class='ocrx_word' id='word_1_699' title='bbox 1725 4440 1782 4487; x_wconf 73' lang='grc' dir='ltr'><strong>ν,</strong></span> <span class='ocrx_word' id='word_1_700' title='bbox 1810 4422 1995 4491; x_wconf 77' lang='grc' dir='ltr'><strong>ἐπλή-</strong></span> 
     </span>
    </p>
   </div>
   <div class='ocr_carea' id='block_1_82' title="bbox 412 4512 848 4578">
    <p class='ocr_par' dir='ltr' id='par_1_82' title="bbox 412 4512 848 4578">
     <span class='ocr_line' id='line_1_82' title="bbox 412 4512 848 4578; baseline 0.005 -14"><span class='ocrx_word' id='word_1_701' title='bbox 412 4524 614 4578; x_wconf 81' lang='grc' dir='ltr'><strong>ρωσεν</strong></span> <span class='ocrx_word' id='word_1_702' title='bbox 641 4512 848 4577; x_wconf 82' lang='grc' dir='ltr'><strong>οὕτως.</strong></span> 
     </span>
    </p>
   </div>
   <div class='ocr_carea' id='block_1_83' title="bbox 404 4602 1993 4685">
    <p class='ocr_par' dir='ltr' id='par_1_83' title="bbox 404 4602 1993 4685">
     <span class='ocr_line' id='line_1_83' title="bbox 404 4602 1993 4685; baseline -0.001 -28"><span class='ocrx_word' id='word_1_703' title='bbox 404 4675 413 4685; x_wconf 77' lang='lat'>_</span> <span class='ocrx_word' id='word_1_704' title='bbox 504 4603 729 4675; x_wconf 81' lang='grc' dir='ltr'><strong>Ἐπειδὴ</strong></span> <span class='ocrx_word' id='word_1_705' title='bbox 756 4604 962 4675; x_wconf 82' lang='grc' dir='ltr'><strong>σφόδρα</strong></span> <span class='ocrx_word' id='word_1_706' title='bbox 1000 4603 1182 4656; x_wconf 77' lang='grc' dir='ltr'><strong>αὐτῶν</strong></span> <span class='ocrx_word' id='word_1_707' title='bbox 1207 4602 1513 4673; x_wconf 66' lang='grc' dir='ltr'><strong>καθήψατο,</strong></span> <span class='ocrx_word' id='word_1_708' title='bbox 1548 4603 1710 4657; x_wconf 78' lang='grc' dir='ltr'><strong>πάλιν</strong></span> <span class='ocrx_word' id='word_1_709' title='bbox 1749 4603 1993 4674; x_wconf 64' lang='lat' dir='ltr'><strong>avi-qm.”</strong></span> 
     </span>
    </p>
   </div>
   <div class='ocr_carea' id='block_1_84' title="bbox 419 4698 1995 4768">
    <p class='ocr_par' dir='ltr' id='par_1_84' title="bbox 419 4698 1995 4768">
     <span class='ocr_line' id='line_1_84' title="bbox 419 4698 1995 4768; baseline -0.001 -15"><span class='ocrx_word' id='word_1_710' title='bbox 419 4701 595 4764; x_wconf 68' lang='grc' dir='ltr'><strong>διδοὺς</strong></span> <span class='ocrx_word' id='word_1_711' title='bbox 624 4701 811 4764; x_wconf 77' lang='grc' dir='ltr'><strong>αὐτοῖς</strong></span> <span class='ocrx_word' id='word_1_712' title='bbox 842 4698 1096 4764; x_wconf 80' lang='grc' dir='ltr'><strong>ἐξουσίαν</strong></span> <span class='ocrx_word' id='word_1_713' title='bbox 1156 4701 1488 4768; x_wconf 75' lang='grc' dir='ltr'><strong>μετανοίαςο</strong></span> <span class='ocrx_word' id='word_1_714' title='bbox 1553 4700 1647 4752; x_wconf 77' lang='grc' dir='ltr'><strong>καὶ</strong></span> <span class='ocrx_word' id='word_1_715' title='bbox 1711 4701 1840 4768; x_wconf 83' lang='grc' dir='ltr'><strong>μίαν</strong></span> <span class='ocrx_word' id='word_1_716' title='bbox 1895 4700 1995 4768; x_wconf 85' lang='grc' dir='ltr'><strong>μὲν</strong></span> 
     </span>
    </p>
   </div>
   <div class='ocr_carea' id='block_1_85' title="bbox 421 4789 1991 4862">
    <p class='ocr_par' dir='ltr' id='par_1_85' title="bbox 421 4789 1991 4862">
     <span class='ocr_line' id='line_1_85' title="bbox 421 4789 1991 4862; baseline -0.001 -18"><span class='ocrx_word' id='word_1_717' title='bbox 421 4793 607 4856; x_wconf 79' lang='grc' dir='ltr'><strong>αὐτοῖς</strong></span> <span class='ocrx_word' id='word_1_718' title='bbox 636 4792 940 4860; x_wconf 77' lang='grc' dir='ltr'><strong>ἀπολογίας</strong></span> <span class='ocrx_word' id='word_1_719' title='bbox 971 4791 1228 4862; x_wconf 77' lang='grc' dir='ltr'><strong>ἀφορμὴν</strong></span> <span class='ocrx_word' id='word_1_720' title='bbox 1260 4789 1569 4860; x_wconf 80' lang='grc' dir='ltr'><strong>χαρίζεται,</strong></span> <span class='ocrx_word' id='word_1_721' title='bbox 1596 4789 1695 4860; x_wconf 76' lang='grc' dir='ltr'><strong>τὴν</strong></span> <span class='ocrx_word' id='word_1_722' title='bbox 1726 4791 1950 4858; x_wconf 82' lang='grc' dir='ltr'><strong>ἄγνοιαν</strong></span> <span class='ocrx_word' id='word_1_723' title='bbox 1978 4807 1991 4819; x_wconf 76' lang='grc'><strong><em>⁸</em></strong></span> 
     </span>
    </p>
   </div>
   <div class='ocr_carea' id='block_1_86' title="bbox 420 4876 2000 4954">
    <p class='ocr_par' dir='ltr' id='par_1_86' title="bbox 420 4876 2000 4954">
     <span class='ocr_line' id='line_1_86' title="bbox 420 4876 2000 4954; baseline -0.002 -18"><span class='ocrx_word' id='word_1_724' title='bbox 420 4885 680 4954; x_wconf 80' lang='grc' dir='ltr'><strong>δευτέραν</strong></span> <span class='ocrx_word' id='word_1_725' title='bbox 727 4884 804 4946; x_wconf 85' lang='grc' dir='ltr'><strong>δὲ,</strong></span> <span class='ocrx_word' id='word_1_726' title='bbox 833 4886 915 4938; x_wconf 79' lang='grc' dir='ltr'><strong>ὃτι</strong></span> <span class='ocrx_word' id='word_1_727' title='bbox 964 4885 1058 4937; x_wconf 77' lang='grc' dir='ltr'><strong>καὶ</strong></span> <span class='ocrx_word' id='word_1_728' title='bbox 1091 4881 1615 4952; x_wconf 80' lang='grc' dir='ltr'><strong>προκατηγγελμένα</strong></span> <span class='ocrx_word' id='word_1_729' title='bbox 1642 4876 1781 4950; x_wconf 83' lang='grc' dir='ltr'><strong>ἦσαν</strong></span> <span class='ocrx_word' id='word_1_730' title='bbox 1812 4880 1880 4934; x_wconf 83' lang='grc' dir='ltr'><strong>τὰ</strong></span> <span class='ocrx_word' id='word_1_731' title='bbox 1916 4881 2000 4934; x_wconf 68' lang='grc' dir='ltr'><strong>λεσ-</strong></span> 
     </span>
    </p>
   </div>
   <div class='ocr_carea' id='block_1_87' title="bbox 425 4972 1998 5048">
    <p class='ocr_par' dir='ltr' id='par_1_87' title="bbox 425 4972 1998 5048">
     <span class='ocr_line' id='line_1_87' title="bbox 425 4972 1998 5048; baseline -0.001 -22"><span class='ocrx_word' id='word_1_732' title='bbox 425 4975 648 5045; x_wconf 84' lang='grc' dir='ltr'><strong>χθέντα·</strong></span> <span class='ocrx_word' id='word_1_733' title='bbox 672 4978 790 5041; x_wconf 76' lang='grc' dir='ltr'><strong>πῶς</strong></span> <span class='ocrx_word' id='word_1_734' title='bbox 811 4978 869 5030; x_wconf 81' lang='grc' dir='ltr'><strong>δὲ</strong></span> <span class='ocrx_word' id='word_1_735' title='bbox 898 4977 959 5030; x_wconf 81' lang='grc' dir='ltr'><strong>οὐ</strong></span> <span class='ocrx_word' id='word_1_736' title='bbox 986 4976 1172 5048; x_wconf 86' lang='grc' dir='ltr'><strong>τίθησι</strong></span> <span class='ocrx_word' id='word_1_737' title='bbox 1200 4975 1328 5044; x_wconf 77' lang='grc' dir='ltr'><strong>περὶ</strong></span> <span class='ocrx_word' id='word_1_738' title='bbox 1346 4977 1440 5043; x_wconf 77' lang='grc' dir='ltr'><strong>τῆς</strong></span> <span class='ocrx_word' id='word_1_739' title='bbox 1462 4972 1818 5042; x_wconf 82' lang='grc' dir='ltr'><strong>σταυρώσεως</strong></span> <span class='ocrx_word' id='word_1_740' title='bbox 1834 4972 1998 5026; x_wconf 76' lang='grc' dir='ltr'><strong>αὑτοῦ</strong></span> 
     </span>
    </p>
   </div>
   <div class='ocr_carea' id='block_1_88' title="bbox 430 5063 2000 5137">
    <p class='ocr_par' dir='ltr' id='par_1_88' title="bbox 430 5063 2000 5137">
     <span class='ocr_line' id='line_1_88' title="bbox 430 5063 2000 5137; baseline -0.001 -20"><span class='ocrx_word' id='word_1_741' title='bbox 430 5067 737 5136; x_wconf 77' lang='grc' dir='ltr'><strong>μαρτυρίαν</strong></span> <span class='ocrx_word' id='word_1_742' title='bbox 804 5067 1126 5137; x_wconf 76' lang='grc' dir='ltr'><strong>Γραφικήνο</strong></span> <span class='ocrx_word' id='word_1_743' title='bbox 1188 5064 1323 5120; x_wconf 80' lang='grc' dir='ltr'><strong>ἀλλὰ</strong></span> <span class='ocrx_word' id='word_1_744' title='bbox 1372 5066 1466 5118; x_wconf 73' lang='grc' dir='ltr'><strong>καὶ</strong></span> <span class='ocrx_word' id='word_1_745' title='bbox 1529 5063 1839 5135; x_wconf 77' lang='grc' dir='ltr'><strong>ἔμπροσθεν</strong></span> <span class='ocrx_word' id='word_1_746' title='bbox 1901 5064 2000 5134; x_wconf 75' lang='grc' dir='ltr'><strong>μέ)</strong></span> 
     </span>
    </p>
   </div>
   <div class='ocr_carea' id='block_1_89' title="bbox 427 5152 2005 5231">
    <p class='ocr_par' dir='ltr' id='par_1_89' title="bbox 427 5152 2005 5231">
     <span class='ocr_line' id='line_1_89' title="bbox 427 5152 2005 5231; baseline -0.003 -21"><span class='ocrx_word' id='word_1_747' title='bbox 427 5175 588 5227; x_wconf 75' lang='grc' dir='ltr'><strong>φησι,</strong></span> <span class='ocrx_word' id='word_1_748' title='bbox 618 5163 683 5231; x_wconf 79' lang='grc' dir='ltr'><strong>τῇ</strong></span> <span class='ocrx_word' id='word_1_749' title='bbox 703 5159 989 5230; x_wconf 79' lang='grc' dir='ltr'><strong>ὡρισμένη</strong></span> <span class='ocrx_word' id='word_1_750' title='bbox 1012 5157 1175 5228; x_wconf 80' lang='grc' dir='ltr'><strong>βουλῇ</strong></span> <span class='ocrx_word' id='word_1_751' title='bbox 1219 5157 1315 5210; x_wconf 72' lang='grc' dir='ltr'><strong>καὶ</strong></span> <span class='ocrx_word' id='word_1_752' title='bbox 1340 5154 1646 5223; x_wconf 81' lang='grc' dir='ltr'><strong>προγνώσει</strong></span> <span class='ocrx_word' id='word_1_753' title='bbox 1676 5153 1891 5207; x_wconf 73' lang='grc' dir='ltr'><strong>ἔκδοτον</strong></span> <span class='ocrx_word' id='word_1_754' title='bbox 1913 5152 2005 5205; x_wconf 86' lang='grc' dir='ltr'><strong>λα-</strong></span> 
     </span>
    </p>
   </div>
   <div class='ocr_carea' id='block_1_90' title="bbox 428 5246 2002 5317">
    <p class='ocr_par' dir='ltr' id='par_1_90' title="bbox 428 5246 2002 5317">
     <span class='ocr_line' id='line_1_90' title="bbox 428 5246 2002 5317; baseline -0.003 -16"><span class='ocrx_word' id='word_1_755' title='bbox 428 5250 636 5312; x_wconf 72' lang='grc' dir='ltr'><strong>ϐόντες.</strong></span> <span class='ocrx_word' id='word_1_756' title='bbox 661 5252 770 5303; x_wconf 73' lang='grc' dir='ltr'><strong>Καὶ</strong></span> <span class='ocrx_word' id='word_1_757' title='bbox 796 5251 891 5303; x_wconf 76' lang='grc' dir='ltr'><strong>νῦν</strong></span> <span class='ocrx_word' id='word_1_758' title='bbox 928 5250 985 5303; x_wconf 83' lang='grc' dir='ltr'><strong>δέ</strong></span> <span class='ocrx_word' id='word_1_759' title='bbox 1022 5247 1358 5317; x_wconf 83' lang='grc' dir='ltr'><strong>πλατύτερον</strong></span> <span class='ocrx_word' id='word_1_760' title='bbox 1395 5246 1667 5301; x_wconf 84' lang='grc' dir='ltr'><strong>ἐκτίθεται</strong></span> <span class='ocrx_word' id='word_1_761' title='bbox 1697 5246 1871 5314; x_wconf 80' lang='grc' dir='ltr'><strong>λέγων</strong></span> <span class='ocrx_word' id='word_1_762' title='bbox 1892 5261 1906 5274; x_wconf 88' lang='grc'><strong>·</strong></span> <span class='ocrx_word' id='word_1_763' title='bbox 1936 5247 2002 5297; x_wconf 82' lang='lat' dir='ltr'><strong>&quot;A</strong></span> 
     </span>
    </p>
   </div>
   <div class='ocr_carea' id='block_1_91' title="bbox 431 5335 2005 5411">
    <p class='ocr_par' dir='ltr' id='par_1_91' title="bbox 431 5335 2005 5411">
     <span class='ocr_line' id='line_1_91' title="bbox 431 5335 2005 5411; baseline -0.001 -20"><span class='ocrx_word' id='word_1_764' title='bbox 431 5341 969 5411; x_wconf 76' lang='grc' dir='ltr'><strong>προκατήγγειλεδιὰ</strong></span> <span class='ocrx_word' id='word_1_765' title='bbox 998 5341 1260 5411; x_wconf 74' lang='grc' dir='ltr'><strong>στόματος</strong></span> <span class='ocrx_word' id='word_1_766' title='bbox 1306 5339 1525 5392; x_wconf 72' lang='grc' dir='ltr'><strong>πάντων</strong></span> <span class='ocrx_word' id='word_1_767' title='bbox 1575 5337 1681 5390; x_wconf 79' lang='grc' dir='ltr'><strong>τῶν</strong></span> <span class='ocrx_word' id='word_1_768' title='bbox 1708 5335 2005 5407; x_wconf 81' lang='grc' dir='ltr'><strong>προφητῶν</strong></span> 
     </span>
    </p>
   </div>
   <div class='ocr_carea' id='block_1_92' title="bbox 2170 4050 3666 4120">
    <p class='ocr_par' dir='ltr' id='par_1_92' title="bbox 2170 4050 3666 4120">
     <span class='ocr_line' id='line_1_92' title="bbox 2170 4050 3666 4120; baseline -0.001 -11"><span class='ocrx_word' id='word_1_769' title='bbox 2170 4054 2337 4113; x_wconf 72' lang='lat' dir='ltr'><strong>Vens.</strong></span> <span class='ocrx_word' id='word_1_770' title='bbox 2381 4055 2468 4108; x_wconf 83' lang='grc'><strong>17.</strong></span> <span class='ocrx_word' id='word_1_771' title='bbox 2499 4053 2567 4107; x_wconf 86' lang='lat' dir='ltr'><strong>Et</strong></span> <span class='ocrx_word' id='word_1_772' title='bbox 2599 4069 2756 4117; x_wconf 80' lang='lat' dir='ltr'><strong>nunc,</strong></span> <span class='ocrx_word' id='word_1_773' title='bbox 2797 4052 3013 4120; x_wconf 77' lang='lat' dir='ltr'><strong>fratres,</strong></span> <span class='ocrx_word' id='word_1_774' title='bbox 3048 4052 3156 4105; x_wconf 82' lang='lat' dir='ltr'><strong>scio</strong></span> <span class='ocrx_word' id='word_1_775' title='bbox 3191 4068 3278 4105; x_wconf 81' lang='lat' dir='ltr'><strong>vos</strong></span> <span class='ocrx_word' id='word_1_776' title='bbox 3309 4050 3666 4120; x_wconf 79' lang='lat' dir='ltr'><strong>imprudentes</strong></span> 
     </span>
    </p>
   </div>
   <div class='ocr_carea' id='block_1_93' title="bbox 2092 4144 3666 4214">
    <p class='ocr_par' dir='ltr' id='par_1_93' title="bbox 2092 4144 3666 4214">
     <span class='ocr_line' id='line_1_93' title="bbox 2092 4144 3666 4214; baseline -0.003 -11"><span class='ocrx_word' id='word_1_777' title='bbox 2092 4152 2189 4203; x_wconf 81' lang='lat' dir='ltr'><strong>hoc</strong></span> <span class='ocrx_word' id='word_1_778' title='bbox 2217 4148 2560 4212; x_wconf 76' lang='lat' dir='ltr'><strong>commisisse,</strong></span> <span class='ocrx_word' id='word_1_779' title='bbox 2596 4147 2732 4200; x_wconf 83' lang='lat' dir='ltr'><strong>sicut</strong></span> <span class='ocrx_word' id='word_1_780' title='bbox 2760 4153 2808 4199; x_wconf 84' lang='lat' dir='ltr'><strong>et</strong></span> <span class='ocrx_word' id='word_1_781' title='bbox 2842 4144 3187 4214; x_wconf 78' lang='lat' dir='ltr'><strong>magistratus</strong></span> <span class='ocrx_word' id='word_1_782' title='bbox 3211 4153 3259 4198; x_wconf 85' lang='lat' dir='ltr'><strong>et</strong></span> <span class='ocrx_word' id='word_1_783' title='bbox 3287 4145 3548 4213; x_wconf 82' lang='lat' dir='ltr'><strong>principes</strong></span> <span class='ocrx_word' id='word_1_784' title='bbox 3581 4161 3666 4201; x_wconf 84' lang='lat' dir='ltr'><strong>ve-</strong></span> 
     </span>
    </p>
   </div>
   <div class='ocr_carea' id='block_1_94' title="bbox 2020 4218 2258 4299">
    <p class='ocr_par' dir='ltr' id='par_1_94' title="bbox 2020 4218 2258 4299">
     <span class='ocr_line' id='line_1_94' title="bbox 2020 4218 2258 4299; baseline -0.013 -1"><span class='ocrx_word' id='word_1_785' title='bbox 2020 4218 2066 4276; x_wconf 66' lang='grc' dir='ltr'><strong>Β</strong></span> <span class='ocrx_word' id='word_1_786' title='bbox 2096 4253 2258 4299; x_wconf 74' lang='lat' dir='ltr'><strong>siros.</strong></span> 
     </span>
    </p>
   </div>
   <div class='ocr_carea' id='block_1_95' title="bbox 2169 4330 3667 4399">
    <p class='ocr_par' dir='ltr' id='par_1_95' title="bbox 2169 4330 3667 4399">
     <span class='ocr_line' id='line_1_95' title="bbox 2169 4330 3667 4399; baseline -0.006 -9"><span class='ocrx_word' id='word_1_787' title='bbox 2169 4334 2333 4390; x_wconf 69' lang='lat' dir='ltr'><strong>Vens.</strong></span> <span class='ocrx_word' id='word_1_788' title='bbox 2371 4335 2457 4391; x_wconf 69' lang='lat'><strong>18.</strong></span> <span class='ocrx_word' id='word_1_789' title='bbox 2496 4333 2598 4388; x_wconf 86' lang='lat' dir='ltr'><strong>Sed</strong></span> <span class='ocrx_word' id='word_1_790' title='bbox 2634 4333 2799 4391; x_wconf 84' lang='lat' dir='ltr'><strong>Deus.</strong></span> <span class='ocrx_word' id='word_1_791' title='bbox 2845 4347 2962 4399; x_wconf 55' lang='lat' dir='ltr'><strong>quat</strong></span> <span class='ocrx_word' id='word_1_792' title='bbox 2987 4347 3077 4397; x_wconf 86' lang='lat' dir='ltr'><strong>per</strong></span> <span class='ocrx_word' id='word_1_793' title='bbox 3092 4346 3148 4383; x_wconf 88' lang='lat' dir='ltr'><strong>os</strong></span> <span class='ocrx_word' id='word_1_794' title='bbox 3182 4330 3415 4384; x_wconf 81' lang='lat' dir='ltr'><strong>omnium</strong></span> <span class='ocrx_word' id='word_1_795' title='bbox 3439 4330 3667 4399; x_wconf 84' lang='lat' dir='ltr'><strong>prophe-</strong></span> 
     </span>
    </p>
   </div>
   <div class='ocr_carea' id='block_1_96' title="bbox 2102 4422 3668 4500">
    <p class='ocr_par' dir='ltr' id='par_1_96' title="bbox 2102 4422 3668 4500">
     <span class='ocr_line' id='line_1_96' title="bbox 2102 4422 3668 4500; baseline -0.004 -20"><span class='ocrx_word' id='word_1_796' title='bbox 2102 4441 2278 4482; x_wconf 84' lang='lat' dir='ltr'><strong>tarum</strong></span> <span class='ocrx_word' id='word_1_797' title='bbox 2303 4428 2413 4500; x_wconf 65' lang='lat' dir='ltr'>M</span> <span class='ocrx_word' id='word_1_798' title='bbox 2434 4443 2646 4482; x_wconf 85' lang='lat' dir='ltr'><strong>suorum</strong></span> <span class='ocrx_word' id='word_1_799' title='bbox 2676 4425 3173 4494; x_wconf 79' lang='lat' dir='ltr'><strong>prwsigniﬁcarerat</strong></span> <span class='ocrx_word' id='word_1_800' title='bbox 3209 4434 3253 4488; x_wconf 75' lang='grc' dir='ltr'><strong>τ,</strong></span> <span class='ocrx_word' id='word_1_801' title='bbox 3290 4424 3403 4492; x_wconf 78' lang='lat' dir='ltr'><strong>fore</strong></span> <span class='ocrx_word' id='word_1_802' title='bbox 3437 4422 3668 4477; x_wconf 82' lang='lat' dir='ltr'><strong>videlicet</strong></span> 
     </span>
    </p>
   </div>
   <div class='ocr_carea' id='block_1_97' title="bbox 2104 4512 3668 4585">
    <p class='ocr_par' dir='ltr' id='par_1_97' title="bbox 2104 4512 3668 4585">
     <span class='ocr_line' id='line_1_97' title="bbox 2104 4512 3668 4585; baseline -0.004 -15"><span class='ocrx_word' id='word_1_803' title='bbox 2104 4528 2159 4570; x_wconf 84' lang='lat' dir='ltr'><strong>ut</strong></span> <span class='ocrx_word' id='word_1_804' title='bbox 2195 4517 2436 4571; x_wconf 78' lang='lat' dir='ltr'><strong>Christus</strong></span> <span class='ocrx_word' id='word_1_805' title='bbox 2468 4514 2723 4585; x_wconf 83' lang='lat' dir='ltr'><strong>supplicio</strong></span> <span class='ocrx_word' id='word_1_806' title='bbox 2747 4513 3053 4582; x_wconf 70' lang='lat' dir='ltr'><strong>afﬁceretur,</strong></span> <span class='ocrx_word' id='word_1_807' title='bbox 3095 4514 3191 4565; x_wconf 72' lang='lat' dir='ltr'><strong>liae</strong></span> <span class='ocrx_word' id='word_1_808' title='bbox 3225 4512 3376 4564; x_wconf 86' lang='lat' dir='ltr'><strong>modo</strong></span> <span class='ocrx_word' id='word_1_809' title='bbox 3418 4512 3668 4580; x_wconf 78' lang='lat' dir='ltr'><strong>implerit.</strong></span> 
     </span>
    </p>
   </div>
   <div class='ocr_carea' id='block_1_98' title="bbox 2173 4603 3671 4676">
    <p class='ocr_par' dir='ltr' id='par_1_98' title="bbox 2173 4603 3671 4676">
     <span class='ocr_line' id='line_1_98' title="bbox 2173 4603 3671 4676; baseline -0.005 -14"><span class='ocrx_word' id='word_1_810' title='bbox 2173 4609 2532 4676; x_wconf 83' lang='lat' dir='ltr'><strong>Posteaquam</strong></span> <span class='ocrx_word' id='word_1_811' title='bbox 2563 4621 2659 4660; x_wconf 90' lang='lat' dir='ltr'><strong>eos</strong></span> <span class='ocrx_word' id='word_1_812' title='bbox 2683 4603 3030 4659; x_wconf 82' lang='lat' dir='ltr'><strong>vehementer</strong></span> <span class='ocrx_word' id='word_1_813' title='bbox 3076 4603 3518 4670; x_wconf 83' lang='lat' dir='ltr'><strong>reprehenderat,</strong></span> <span class='ocrx_word' id='word_1_814' title='bbox 3551 4619 3671 4656; x_wconf 85' lang='lat' dir='ltr'><strong>rur-</strong></span> 
     </span>
    </p>
   </div>
   <div class='ocr_carea' id='block_1_99' title="bbox 2105 4693 3675 4768">
    <p class='ocr_par' dir='ltr' id='par_1_99' title="bbox 2105 4693 3675 4768">
     <span class='ocr_line' id='line_1_99' title="bbox 2105 4693 3675 4768; baseline -0.006 -14"><span class='ocrx_word' id='word_1_815' title='bbox 2105 4714 2199 4754; x_wconf 90' lang='lat' dir='ltr'><strong>sus</strong></span> <span class='ocrx_word' id='word_1_816' title='bbox 2229 4698 2457 4768; x_wconf 73' lang='lat' dir='ltr'><strong>mitigat,</strong></span> <span class='ocrx_word' id='word_1_817' title='bbox 2495 4697 2633 4751; x_wconf 86' lang='lat' dir='ltr'><strong>dans</strong></span> <span class='ocrx_word' id='word_1_818' title='bbox 2661 4694 2743 4749; x_wconf 91' lang='lat' dir='ltr'><strong>eis</strong></span> <span class='ocrx_word' id='word_1_819' title='bbox 2787 4701 3109 4765; x_wconf 87' lang='lat' dir='ltr'><strong>potestatem</strong></span> <span class='ocrx_word' id='word_1_820' title='bbox 3154 4693 3532 4762; x_wconf 65' lang='lat' dir='ltr'><strong>resipiscendi,</strong></span> <span class='ocrx_word' id='word_1_821' title='bbox 3592 4702 3675 4744; x_wconf 79' lang='lat' dir='ltr'><strong>at-</strong></span> 
     </span>
    </p>
   </div>
   <div class='ocr_carea' id='block_1_100' title="bbox 2104 4787 3672 4859">
    <p class='ocr_par' dir='ltr' id='par_1_100' title="bbox 2104 4787 3672 4859">
     <span class='ocr_line' id='line_1_100' title="bbox 2104 4787 3672 4859; baseline -0.003 -18"><span class='ocrx_word' id='word_1_822' title='bbox 2104 4805 2208 4857; x_wconf 90' lang='lat' dir='ltr'><strong>que</strong></span> <span class='ocrx_word' id='word_1_823' title='bbox 2245 4804 2411 4843; x_wconf 86' lang='lat' dir='ltr'><strong>unum</strong></span> <span class='ocrx_word' id='word_1_824' title='bbox 2449 4789 2518 4843; x_wconf 91' lang='lat' dir='ltr'><strong>iis</strong></span> <span class='ocrx_word' id='word_1_825' title='bbox 2546 4788 2879 4843; x_wconf 83' lang='lat' dir='ltr'><strong>defensionis</strong></span> <span class='ocrx_word' id='word_1_826' title='bbox 2913 4788 3216 4859; x_wconf 78' lang='lat' dir='ltr'><strong>subsidium</strong></span> <span class='ocrx_word' id='word_1_827' title='bbox 3243 4789 3487 4856; x_wconf 81' lang='lat' dir='ltr'><strong>largitur.</strong></span> <span class='ocrx_word' id='word_1_828' title='bbox 3521 4787 3672 4856; x_wconf 64' lang='lat' dir='ltr'><strong>igne.</strong></span> 
     </span>
    </p>
   </div>
   <div class='ocr_carea' id='block_1_101' title="bbox 2107 4880 3674 4950">
    <p class='ocr_par' dir='ltr' id='par_1_101' title="bbox 2107 4880 3674 4950">
     <span class='ocr_line' id='line_1_101' title="bbox 2107 4880 3674 4950; baseline -0.002 -14"><span class='ocrx_word' id='word_1_829' title='bbox 2107 4883 2338 4936; x_wconf 88' lang='lat' dir='ltr'><strong>rantiam</strong></span> <span class='ocrx_word' id='word_1_830' title='bbox 2374 4883 2641 4935; x_wconf 87' lang='lat' dir='ltr'><strong>:alterum</strong></span> <span class='ocrx_word' id='word_1_831' title='bbox 2684 4882 2832 4946; x_wconf 90' lang='lat' dir='ltr'><strong>item,</strong></span> <span class='ocrx_word' id='word_1_832' title='bbox 2862 4882 3007 4950; x_wconf 89' lang='lat' dir='ltr'><strong>quod</strong></span> <span class='ocrx_word' id='word_1_833' title='bbox 3038 4895 3101 4934; x_wconf 89' lang='lat' dir='ltr'><strong>ea</strong></span> <span class='ocrx_word' id='word_1_834' title='bbox 3132 4895 3253 4949; x_wconf 61' lang='lat' dir='ltr'><strong>qua;</strong></span> <span class='ocrx_word' id='word_1_835' title='bbox 3287 4880 3499 4933; x_wconf 76' lang='lat' dir='ltr'><strong>dixerat</strong></span> <span class='ocrx_word' id='word_1_836' title='bbox 3537 4894 3674 4948; x_wconf 74' lang='lat' dir='ltr'><strong>pra:-</strong></span> 
     </span>
    </p>
   </div>
   <div class='ocr_carea' id='block_1_102' title="bbox 2103 4968 3673 5043">
    <p class='ocr_par' dir='ltr' id='par_1_102' title="bbox 2103 4968 3673 5043">
     <span class='ocr_line' id='line_1_102' title="bbox 2103 4968 3673 5043; baseline -0.004 -15"><span class='ocrx_word' id='word_1_837' title='bbox 2103 4974 2405 5043; x_wconf 69' lang='lat' dir='ltr'><strong>signiﬁeata</strong></span> <span class='ocrx_word' id='word_1_838' title='bbox 2456 4981 2658 5026; x_wconf 86' lang='lat' dir='ltr'><strong>essent.</strong></span> <span class='ocrx_word' id='word_1_839' title='bbox 2696 4968 2803 5025; x_wconf 89' lang='lat' dir='ltr'><strong>Sed</strong></span> <span class='ocrx_word' id='word_1_840' title='bbox 2853 4970 2944 5039; x_wconf 92' lang='lat' dir='ltr'><strong>qui</strong></span> <span class='ocrx_word' id='word_1_841' title='bbox 2987 4971 3066 5034; x_wconf 91' lang='lat' dir='ltr'><strong>ﬁt,</strong></span> <span class='ocrx_word' id='word_1_842' title='bbox 3131 4979 3190 5023; x_wconf 91' lang='lat' dir='ltr'><strong>ut</strong></span> <span class='ocrx_word' id='word_1_843' title='bbox 3242 4985 3349 5023; x_wconf 88' lang='lat' dir='ltr'><strong>non</strong></span> <span class='ocrx_word' id='word_1_844' title='bbox 3402 4979 3564 5038; x_wconf 84' lang='lat' dir='ltr'><strong>ponat</strong></span> <span class='ocrx_word' id='word_1_845' title='bbox 3606 4969 3673 5022; x_wconf 88' lang='lat' dir='ltr'><strong>de</strong></span> 
     </span>
    </p>
   </div>
   <div class='ocr_carea' id='block_1_103' title="bbox 2103 5062 3674 5133">
    <p class='ocr_par' dir='ltr' id='par_1_103' title="bbox 2103 5062 3674 5133">
     <span class='ocr_line' id='line_1_103' title="bbox 2103 5062 3674 5133; baseline -0.006 -13"><span class='ocrx_word' id='word_1_846' title='bbox 2103 5065 2459 5120; x_wconf 79' lang='lat' dir='ltr'><strong>crueiﬁxione</strong></span> <span class='ocrx_word' id='word_1_847' title='bbox 2480 5063 2599 5133; x_wconf 86' lang='lat' dir='ltr'><strong>ejus</strong></span> <span class='ocrx_word' id='word_1_848' title='bbox 2627 5062 2998 5118; x_wconf 87' lang='lat' dir='ltr'><strong>testimonium</strong></span> <span class='ocrx_word' id='word_1_849' title='bbox 3035 5062 3330 5132; x_wconf 71' lang='lat' dir='ltr'><strong>Scriptura:</strong></span> <span class='ocrx_word' id='word_1_850' title='bbox 3350 5062 3584 5115; x_wconf 65' lang='lat' dir='ltr'><strong>Merum</strong></span> <span class='ocrx_word' id='word_1_851' title='bbox 3618 5069 3674 5112; x_wconf 84' lang='lat' dir='ltr'><strong>et</strong></span> 
     </span>
    </p>
   </div>
   <div class='ocr_carea' id='block_1_104' title="bbox 2106 5148 3671 5225">
    <p class='ocr_par' dir='ltr' id='par_1_104' title="bbox 2106 5148 3671 5225">
     <span class='ocr_line' id='line_1_104' title="bbox 2106 5148 3671 5225; baseline -0.005 -15"><span class='ocrx_word' id='word_1_852' title='bbox 2106 5168 2231 5212; x_wconf 87' lang='lat' dir='ltr'><strong>ante</strong></span> <span class='ocrx_word' id='word_1_853' title='bbox 2260 5157 2478 5225; x_wconf 88' lang='lat' dir='ltr'><strong>quidem</strong></span> <span class='ocrx_word' id='word_1_854' title='bbox 2511 5155 2722 5210; x_wconf 82' lang='lat' dir='ltr'><strong>dixerat</strong></span> <span class='ocrx_word' id='word_1_855' title='bbox 2759 5172 2773 5207; x_wconf 87' lang='lat'><strong>:</strong></span> <span class='ocrx_word' id='word_1_856' title='bbox 2807 5162 2958 5209; x_wconf 88' lang='lat' dir='ltr'><strong>certo</strong></span> <span class='ocrx_word' id='word_1_857' title='bbox 2985 5153 3216 5210; x_wconf 86' lang='lat' dir='ltr'><strong>consilio</strong></span> <span class='ocrx_word' id='word_1_858' title='bbox 3242 5152 3294 5207; x_wconf 85' lang='lat' dir='ltr'><strong>et</strong></span> <span class='ocrx_word' id='word_1_859' title='bbox 3329 5148 3671 5220; x_wconf 65' lang='lat' dir='ltr'><strong>priescicutia</strong></span> 
     </span>
    </p>
   </div>
   <div class='ocr_carea' id='block_1_105' title="bbox 2108 5235 3672 5312">
    <p class='ocr_par' dir='ltr' id='par_1_105' title="bbox 2108 5235 3672 5312">
     <span class='ocr_line' id='line_1_105' title="bbox 2108 5235 3672 5312; baseline -0.007 -14"><span class='ocrx_word' id='word_1_860' title='bbox 2108 5243 2351 5298; x_wconf 89' lang='lat' dir='ltr'><strong>deditum</strong></span> <span class='ocrx_word' id='word_1_861' title='bbox 2387 5257 2510 5297; x_wconf 89' lang='lat' dir='ltr'><strong>cum</strong></span> <span class='ocrx_word' id='word_1_862' title='bbox 2548 5241 2902 5312; x_wconf 87' lang='lat' dir='ltr'><strong>accepissetis</strong></span> <span class='ocrx_word' id='word_1_863' title='bbox 2937 5258 2949 5295; x_wconf 93' lang='lat'><strong>:</strong></span> <span class='ocrx_word' id='word_1_864' title='bbox 2984 5250 3038 5296; x_wconf 90' lang='lat' dir='ltr'><strong>et</strong></span> <span class='ocrx_word' id='word_1_865' title='bbox 3069 5256 3211 5296; x_wconf 91' lang='lat' dir='ltr'><strong>nunc</strong></span> <span class='ocrx_word' id='word_1_866' title='bbox 3246 5241 3374 5292; x_wconf 90' lang='lat' dir='ltr'><strong>item</strong></span> <span class='ocrx_word' id='word_1_867' title='bbox 3405 5238 3454 5289; x_wconf 87' lang='lat' dir='ltr'><strong>id</strong></span> <span class='ocrx_word' id='word_1_868' title='bbox 3509 5235 3672 5287; x_wconf 82' lang='lat' dir='ltr'><strong>latius</strong></span> 
     </span>
    </p>
   </div>
   <div class='ocr_carea' id='block_1_106' title="bbox 2111 5330 3685 5406">
    <p class='ocr_par' dir='ltr' id='par_1_106' title="bbox 2111 5330 3685 5406">
     <span class='ocr_line' id='line_1_106' title="bbox 2111 5330 3685 5406; baseline -0.006 -14"><span class='ocrx_word' id='word_1_869' title='bbox 2111 5335 2352 5406; x_wconf 77' lang='lat' dir='ltr'><strong>exponit,</strong></span> <span class='ocrx_word' id='word_1_870' title='bbox 2383 5335 2510 5390; x_wconf 86' lang='lat' dir='ltr'><strong>dum</strong></span> <span class='ocrx_word' id='word_1_871' title='bbox 2543 5333 2678 5389; x_wconf 88' lang='lat' dir='ltr'><strong>dicit</strong></span> <span class='ocrx_word' id='word_1_872' title='bbox 2727 5351 2741 5389; x_wconf 86' lang='lat'><strong>:</strong></span> <span class='ocrx_word' id='word_1_873' title='bbox 2779 5349 2900 5404; x_wconf 69' lang='lat' dir='ltr'><strong>qua:</strong></span> <span class='ocrx_word' id='word_1_874' title='bbox 2943 5346 3039 5404; x_wconf 83' lang='lat' dir='ltr'><strong>per</strong></span> <span class='ocrx_word' id='word_1_875' title='bbox 3068 5348 3129 5388; x_wconf 90' lang='lat' dir='ltr'><strong>os</strong></span> <span class='ocrx_word' id='word_1_876' title='bbox 3169 5330 3411 5387; x_wconf 88' lang='lat' dir='ltr'><strong>omnium</strong></span> <span class='ocrx_word' id='word_1_877' title='bbox 3454 5339 3685 5382; x_wconf 69' lang='lat' dir='ltr'><strong>suoruut</strong></span> 
     </span>
    </p>
   </div>
   <div class='ocr_carea' id='block_1_107' title="bbox 1623 5470 2506 5534">
    <p class='ocr_par' dir='ltr' id='par_1_107' title="bbox 1623 5470 2506 5534">
     <span class='ocr_line' id='line_1_107' title="bbox 1623 5470 2506 5534; baseline -0.001 -4"><span class='ocrx_word' id='word_1_878' title='bbox 1623 5472 1823 5533; x_wconf 72' lang='lat' dir='ltr'><strong>Varite</strong></span> <span class='ocrx_word' id='word_1_879' title='bbox 1869 5470 2177 5534; x_wconf 84' lang='lat' dir='ltr'><strong>lectiones</strong></span> <span class='ocrx_word' id='word_1_880' title='bbox 2222 5477 2281 5532; x_wconf 85' lang='lat' dir='ltr'><strong>et</strong></span> <span class='ocrx_word' id='word_1_881' title='bbox 2321 5476 2506 5532; x_wconf 68' lang='lat' dir='ltr'><strong>notae.</strong></span> 
     </span>
    </p>
   </div>
   <div class='ocr_carea' id='block_1_108' title="bbox 511 5570 1926 5643">
    <p class='ocr_par' dir='ltr' id='par_1_108' title="bbox 511 5570 1926 5643">
     <span class='ocr_line' id='line_1_108' title="bbox 511 5570 1926 5643; baseline 0.004 -20"><span class='ocrx_word' id='word_1_882' title='bbox 511 5570 557 5603; x_wconf 83' lang='grc'>⁸⁸</span> <span class='ocrx_word' id='word_1_883' title='bbox 585 5572 669 5628; x_wconf 85' lang='grc' dir='ltr'><strong>ἵσ.</strong></span> <span class='ocrx_word' id='word_1_884' title='bbox 702 5573 955 5627; x_wconf 78' lang='grc' dir='ltr'><strong>ἀπίστου.</strong></span> <span class='ocrx_word' id='word_1_885' title='bbox 1051 5574 1096 5608; x_wconf 78' lang='grc'><strong>⁸⁵</strong></span> <span class='ocrx_word' id='word_1_886' title='bbox 1128 5576 1223 5642; x_wconf 73' lang='grc' dir='ltr'><strong>φὶ),</strong></span> <span class='ocrx_word' id='word_1_887' title='bbox 1249 5584 1381 5630; x_wconf 85' lang='lat' dir='ltr'><strong>erat.</strong></span> <span class='ocrx_word' id='word_1_888' title='bbox 1490 5576 1534 5608; x_wconf 77' lang='lat'><strong>”</strong></span> <span class='ocrx_word' id='word_1_889' title='bbox 1553 5573 1769 5643; x_wconf 79' lang='grc' dir='ltr'><strong>ἀνύησι,</strong></span> <span class='ocrx_word' id='word_1_890' title='bbox 1794 5583 1926 5629; x_wconf 83' lang='lat' dir='ltr'><strong>erat.</strong></span> 
     </span>
    </p>
   </div>
   <div class='ocr_carea' id='block_1_109' title="bbox 534 5681 1148 5747">
    <p class='ocr_par' dir='ltr' id='par_1_109' title="bbox 534 5681 1148 5747">
     <span class='ocr_line' id='line_1_109' title="bbox 534 5681 1148 5747; baseline -0.005 -8"><span class='ocrx_word' id='word_1_891' title='bbox 534 5691 557 5722; x_wconf 71' lang='grc' dir='ltr'><em>τ</em></span> <span class='ocrx_word' id='word_1_892' title='bbox 590 5681 650 5739; x_wconf 74' lang='grc' dir='ltr'><strong>ν.</strong></span> <span class='ocrx_word' id='word_1_893' title='bbox 686 5683 1148 5747; x_wconf 71' lang='lat' dir='ltr'><strong>prwmmtiarerat.</strong></span> 
     </span>
    </p>
   </div>
  </div>
