4068 6210
352 285 463 353 569

1095 290 1507 351 EXPOSITIO
1540 293 1617 352 IN
1658 293 1847 351 ACTA
1889 292 2470 355 APOSTOLORUM.
2504 321 2572 330 —
2604 296 2761 356 CAP.
2802 297 2914 358 III.
3516 303 3635 367 570

349 399 463 452 Καὶ
488 397 652 470 ἡμεῖς
664 398 716 453 οἱ
749 398 808 452 ἐν
831 399 909 471 τῷ
951 400 1143 470 σκήνει
1173 400 1357 472 τούτῳ
1369 400 1702 470 στενάζομεν
1731 398 1898 471 βαρού

2035 403 2433 472 progrediatur.
2489 402 2545 458 In
2601 407 2776 474 prima
2821 407 3040 476 quidem
3076 408 3340 464 concione
3377 424 3626 468 resurre-

354 507 532 561 μενοι.
566 489 635 544 EI
661 489 721 544 δέ
761 507 847 555 τις
879 490 973 544 καὶ
996 490 1137 561 μετὰ
1162 491 1260 560 τὴν
1284 493 1487 546 ἅλωσιν
1521 492 1673 559 λέγει
1702 493 1932 562 καιροὺς

350 583 694 651 ἀναψύξεως,
727 583 879 636 οὐδὲν
906 572 1124 638 κωλύει.
1170 583 1281 637 Καὶ
1310 583 1419 653 γὰρ
1448 584 1576 647 τοὺς
1616 585 1714 653 τῆς
1745 583 1933 637 κακώ-

353 690 491 737 σεως
539 673 719 727 αὐτῶν
761 674 858 727 καὶ
910 674 1290 744 αἰχμαλωσίας
1341 674 1428 728 διὰ
1465 675 1594 737 τοὺς
1640 675 1933 737 ἐκλεκτοὺς

351 764 685 818 ἐκολόϐωσεν
715 768 742 819 6
790 764 961 827 Θεός·
1008 766 1098 820 ἴνα
1157 767 1207 820 oI
1278 767 1669 830 πιστεύσαντες
1698 767 1934 838 εὕρωσιν

352 855 640 924 ἀνάψυξιν,
686 855 781 911 καὶ
803 856 1143 911 διασωθῶσιν
1171 858 1281 911 ἀπὸ
1317 859 1416 929 τῆς
1452 858 1690 929 σῳοδρᾶς
1715 858 1933 922 ἐκείνης

352 947 621 1015 ἀνάγκης.
652 949 763 1001 Καὶ
785 951 1082 1021 ἀποστείλῃ
1123 950 1215 1003 τὸν
1248 950 1771 1021 προκεχειρισμένον
1802 950 1932 1019 ὑμῖν

351 1040 587 1108 Χριστὸν
621 1041 848 1109 Ἰησοῦν.
893 1043 1038 1096 Ἀντὶ
1072 1044 1189 1109 τοῦ,
1235 1044 1472 1114 Ἀνάγκη
1526 1045 1643 1096 ἐστὶ
1675 1040 1932 1108 δέξασθαι

350 1133 535 1195 αὐτὸν,
597 1133 691 1185 ἅτε
724 1133 788 1204 δὴ
828 1134 964 1209 Θεὸν
1017 1136 1363 1206 ὑπάρχοντα,
1415 1136 1510 1189 xui.
1554 1135 1932 1204 συνεδριάζειν

349 1224 436 1276 ἀεὶ
465 1223 753 1291 ὀφείλοντα
785 1225 862 1296 τῷ
893 1227 1088 1297 Πατρι.
1119 1228 1216 1280 Ὃν
1247 1228 1327 1280 δεῖ
1373 1228 1605 1298 οὐρανὸν
1641 1227 1741 1295 μὲν
1772 1226 1931 1291 δέξα-

354 1318 480 1371 σθαι
512 1318 640 1389 ἄχρι
674 1317 907 1389 χρόνων.
941 1318 1053 1389 Τὴν
1081 1321 1261 1374 αἰτίαν
1288 1320 1461 1388 δηλοῖ,
1504 1319 1592 1373 διὰ
1629 1321 1681 1373 τι
1703 1320 1799 1374 νῦν
1831 1322 1930 1374 οὐκ

350 1411 589 1482 ἔρχεται.
609 1414 1088 1483 Ἀποκαταστῆναι
1114 1414 1214 1477 δεῖ,
1241 1414 1376 1482 φησι
1396 1452 1410 1474 .
1448 1416 1541 1466 καὶ
1556 1414 1634 1476 εἰς
1647 1414 1822 1481 πέρας
1840 1416 1928 1467 ἐλδ

353 1505 467 1557 θεῖν
486 1506 727 1570 ἅπαντα,
763 1508 858 1559 καὶ
887 1505 1008 1557 τότε
1045 1503 1349 1559 ἐλεύσεται.
1392 1504 1555 1558 Ἀλλὰ
1589 1504 1708 1568 πῶς
1760 1522 1929 1575 φησιν

349 1597 463 1651 ἄνω
483 1614 498 1629 ·
535 1599 632 1650 “Ov
658 1598 739 1651 δεῖ
765 1598 999 1668 οὐρανδν
1035 1597 1137 1668 μέν
1173 1597 1453 1661 δέξασθαι.
1484 1592 1633 1668 Ἆρα
1683 1596 1837 1651 οὔπω
1862 1593 1933 1669 ἦν

350 1689 514 1741 αὑτὸν
542 1688 869 1759 δεξάμενος;
900 1691 1007 1741 Καὶ
1032 1689 1196 1746 πάνυ.
1232 1688 1358 1751 Πῶς
1404 1687 1500 1742 οὖν
1530 1689 1630 1742 οὐκ
1664 1685 1840 1754 εἶπεν,
1870 1690 1929 1742 ὃν

2035 494 2270 549 ctionem
2301 504 2355 550 et
2386 496 2438 548 in
2477 497 2634 551 ctelis
2681 499 2984 553 sessionem
3028 498 3263 554 latenter
3311 501 3570 557 indicavit
3602 521 3618 557 :

2036 585 2123 638 hic
2147 586 2310 639 etiam
2335 584 2603 639 illustrem
2633 588 2949 651 adventum,
2974 603 3134 659 quem
3175 598 3390 660 tempus
3406 574 3625 648 recrea-

2034 673 2201 728 tionis
2254 689 2379 730 esse
2429 676 2585 731 dicit.
2628 675 2760 730 Nam
2809 692 3058 747 qnzenam
3120 677 3324 733 fuerint
3377 690 3622 751 tempora

2032 765 2394 820 recreationis
2427 765 2533 819 alia
2569 774 2732 835 atque
2755 768 3216 823 resurrectionis?
3262 786 3381 838 qua:
3416 770 3620 828 Paulus

2037 857 2202 910 etiam
2234 857 2485 925 requirit,
2518 858 2610 912 ubi
2641 858 2775 913 dicit
2807 878 2819 913 :
2858 860 2920 913 Et
2947 876 3068 924 nos,
3103 861 3196 931 qui
3246 877 3533 917 versamur
3564 864 3617 918 in

2038 955 2140 1007 hoc
2178 953 2557 1015 tabernaculo,
2618 953 3053 1024 ingemiscimns,
3103 953 3233 1007 dum
3302 969 3617 1023 gravamnr.

2031 1041 2185 1109 Quod
2231 1042 2277 1096 si
2314 1042 2438 1110 quis
2460 1043 2626 1096 etiam
2660 1044 2807 1098 dicat
2845 1059 2909 1099 ea
2945 1052 3191 1113 tempora
3236 1059 3356 1099 esse
3405 1060 3620 1100 recrea-

2032 1132 2196 1187 lionis
2224 1148 2345 1203 quae
2391 1134 2852 1203 expugnationem
2918 1132 3381 1203 Jerosolytnorum
3430 1149 3620 1190 conse-

2030 1234 2155 1278 cuta
2187 1236 2334 1290 sunt,
2369 1225 2502 1278 nihil
2541 1233 2703 1296 vetat.
2749 1227 2961 1281 Etenim
3022 1234 3265 1296 tempora
3310 1226 3618 1283 atllictionis

2030 1324 2082 1370 et
2121 1317 2458 1386 captivitatis
2509 1333 2700 1371 eorum
2761 1327 2982 1388 propter
3044 1318 3245 1374 electos
3299 1318 3442 1375 Dens
3486 1335 3618 1375 con-

2030 1409 2197 1462 traxit
2225 1415 2280 1462 et
2309 1408 2649 1463 abhrcviavit
2682 1426 2696 1462 :
2731 1420 2790 1463 ut
2828 1410 2901 1463 illi
2937 1410 3031 1480 qui
3076 1410 3432 1471 crediderint.
3497 1411 3616 1464 adi-

2030 1500 2315 1568 piscantur
2348 1502 2768 1568 recreatiouem,
2804 1517 2869 1557 ac
2900 1514 3190 1559 serventur
3223 1504 3293 1558 ab
3329 1503 3420 1557 illa
3448 1504 3614 1559 vehe-

2030 1590 2199 1644 menti
2232 1592 2585 1647 necessitate.
2623 1591 2688 1645 Et
2714 1593 2897 1647 mittat
2928 1608 3074 1654 enm,
3104 1594 3197 1663 qui
3227 1593 3384 1648 vobis
3412 1608 3613 1663 reprae-

2032 1691 2280 1737 sentatus
2328 1691 2432 1747 est,
2474 1682 2755 1739 Christum
2788 1681 2998 1737 Jesum.
3033 1682 3141 1737 Pro
3187 1699 3272 1748 eo,
3306 1686 3451 1754 quod
3481 1693 3565 1740 est
3596 1702 3613 1739 :

349 1780 578 1850 οὐρανὸς
609 1780 861 1844 ἐδέξατο*
905 1778 1085 1843 τοῦτο,
1120 1778 1196 1841 ὡς
1242 1778 1371 1850 περὶ
1417 1778 1531 1831 τῶν
1570 1779 1682 1833 ἄνω
1720 1780 1931 1850 χρόνων

2034 1766 2272 1829 Necesse
2303 1782 2409 1837 est,
2444 1782 2504 1827 ut
2557 1775 2738 1841 capiat
2783 1789 2936 1837 cum,
2975 1773 3176 1843 quippe
3221 1773 3479 1827 nimirum
3517 1775 3615 1844 qui

349 1869 757 1938 διαλεγόμενος,
810 1870 966 1939 φησί.
996 1870 1070 1922 Τὸ
1107 1870 1163 1922 δὲ
1195 1871 1347 1941 ἄχρι,
1372 1871 1464 1923 καὶ
1492 1870 1575 1934 τὸ,
1608 1870 1733 1933 ἓως,
1776 1870 1927 1942 παρὰ

310 1996 316 2001 -
350 1963 417 2033 τῇ
453 1960 573 2032 Θείᾳ
603 1961 815 2030 Γραφῇ.
834 1961 894 2013 οὐ
927 1959 1121 2031 χρόνου
1153 1961 1270 2014 ἐστὶ
1289 1960 1648 2030 συμϐατικόν.
1690 1960 1845 2014 Ἐπεὶ
1875 1962 1924 1993 ’⁵

354 2052 469 2123 γὰρ
509 2053 733 2121 νοητέον
764 2051 825 2104 τὸ
856 2052 1150 2123 εἰρημένον
1189 2052 1329 2121 πρὸς
1356 2051 1447 2104 τὸν
1492 2050 1647 2116 Θεὸν,
1678 2051 1784 2114 ἕως
1831 2051 1927 2104 τοῦ

352 2144 548 2208 αἰῶνος
583 2149 647 2198 σὺ
694 2140 785 2213 εἷς
828 2147 1021 2199 Ἔστιν
1051 2142 1143 2197 οὖν
1174 2147 1201 2197 6
1240 2144 1364 2207 νοῦς
1388 2142 1481 2197 τοῦ
1519 2143 1886 2214 προκειμένου
1910 2157 1925 2171 ·

354 2236 553 2302 Πολλὰ,
596 2236 926 2308 mensium
949 2240 999 2291 oi
1044 2238 1323 2308 προφῆται
1384 2236 1652 2304 γίνεσθαι,
1690 2236 1728 2290 ἃ
1774 2235 1929 2291 οὔπω

354 2330 541 2384 Πάντα
591 2332 954 2401 πεπλήρωται
980 2346 993 2360 ·
1021 2330 1137 2385 ἀλλ’
1161 2329 1244 2384 ἔτι
1279 2330 1520 2398 γίνονται
1549 2329 1644 2382 καὶ
1672 2329 1931 2398 γενήσον-

352 2432 443 2467 ται
469 2415 573 2480 ἕως
603 2418 702 2486 τῆς
728 2418 1059 2481 συντελείας.
1102 2417 1459 2486 Ἀναληφοεὶς
1493 2418 1599 2485 γὰρ
1633 2418 1661 2470 6
1692 2417 1928 2486 Χριστὸς

351 2507 434 2569 εἰς
464 2507 747 2578 οὐρανοὺς.
785 2507 938 2578 μένει
971 2511 1088 2562 ἐκεῖ
1115 2509 1219 2570 ἕως
1247 2510 1344 2577 τῆς
1379 2506 1471 2560 τοῦ
1506 2508 1712 2576 κόσμου
1745 2523 1932 2561 συντε-

351 2598 526 2662 λείας.
577 2601 930 2669 ἐλευσόμενος
962 2601 1084 2654 τότε
1119 2600 1258 2669 μετὰ
1302 2600 1609 2669 δυνάμεως,
1647 2600 1931 2652 ἀποκατα-

320 2670 596 2746 ’στάντων
619 2692 836 2745 πάντων
866 2692 1051 2746 λοιπὸν
1088 2687 1162 2748 ὧν
1185 2690 1590 2765 προεθέσπισαν
1624 2691 1675 2744 οἱ
1711 2689 1930 2760 προφῆ-

350 2797 475 2834 ται·
527 2782 646 2850 ἦτοι
695 2782 824 2836 ὅταν
863 2782 925 2835 τὸ
961 2783 1111 2845 τέλος
1169 2783 1352 2850 ἐνστῇ,
1391 2781 1485 2833 καὶ
1534 2779 1810 2849 παύσηται
1863 2778 1931 2833 τὰ

353 2873 612 2941 αἰσθητὰ,
637 2875 759 2927 τότε
787 2876 815 2926 6
848 2874 1083 2945 Χριστὸς
1102 2873 1256 2928 ἔσται
1311 2871 1420 2925 τῶν
1458 2870 1707 2942 οὐρανῶν
1734 2870 1935 2940 621119.6-

352 2983 533 3035 τερος.

353 3061 430 3115 tia
475 3061 740 3129 propositi
781 3061 883 3114 loci
918 3077 932 3114 :
973 3059 1162 3121 Multa,
1218 3058 1419 3128 inquit,
1468 3058 1747 3129 prophetae
1786 3055 2042 3111 dixerunt
2071 3067 2197 3107 esse
2259 3049 2443 3104 futura
2503 3065 2517 3101 :

2037 1863 2180 1920 Deus
2210 1865 2304 1928 sit,
2336 1875 2390 1919 et
2433 1879 2538 1919 una
2571 1879 2694 1918 cum
2742 1863 2904 1919 Patre
2935 1879 3150 1933 semper
3178 1864 3374 1919 debeat
3395 1865 3608 1920 sedere.

2033 1954 2202 2019 Quem
2225 1960 2440 2023 oportet
2469 1953 2671 2009 cmlnm
2702 1953 2924 2024 quidem
2947 1969 3146 2024 capere
3176 1970 3349 2025 usque
3377 1954 3443 2008 ad
3474 1963 3616 2009 tem-

2030 2059 2185 2114 pora.
2222 2044 2455 2099 Causam
2490 2043 2754 2110 declarat,
2789 2059 2889 2099 cur
2927 2060 3073 2099 nunc
3106 2060 3215 2100 non
3253 2046 3474 2100 veniat:
3509 2045 3617 2102 Re-

2032 2136 2207 2203 stitui,
2244 2136 2444 2206 inquit,
2474 2144 2707 2206 oportet,
2731 2147 2787 2191 et
2813 2136 2878 2192 ad
2900 2136 3060 2191 tinem
3090 2138 3316 2206 perduci
3340 2138 3618 2197 universa.

2032 2237 2086 2283 et
2121 2235 2253 2282 tunc
2286 2227 2488 2282 veniet.
2527 2227 2633 2282 Sed
2659 2230 2770 2297 quo
2806 2228 2990 2290 modo,
3029 2243 3196 2297 supra
3229 2228 3366 2282 dicit
3401 2247 3414 2283 :
3443 2229 3616 2294 Quem

2031 2326 2248 2388 Oportet
2275 2317 2476 2372 caelum
2506 2317 2727 2386 quidem
2761 2333 2977 2387 capere.
3007 2317 3088 2372 An
3119 2319 3363 2373 nondum
3397 2333 3619 2386 recepe-

2031 2418 2121 2462 rat
2168 2409 2331 2463 enm?
2376 2409 2633 2464 Maxime.
2686 2410 2790 2475 Qui
2840 2408 2898 2462 Iit
2934 2410 3120 2481 igitur,
3168 2421 3227 2464 ut
3271 2424 3378 2464 non
3420 2409 3617 2464 dicat:

2034 2517 2194 2570 quem
2221 2503 2419 2556 ctelnm
2453 2500 2702 2572 recepit?
2739 2503 2880 2565 Hoc,
2915 2511 3175 2571 tauquam
3216 2501 3284 2556 de
3314 2500 3619 2570 superiori-

2035 2595 2138 2649 bus
2171 2594 2511 2664 temporibus
2566 2595 2732 2649 verba
2786 2594 3017 2660 faciens,
3049 2593 3203 2649 dicit.
3247 2594 3316 2647 At
3345 2593 3616 2648 dictiones

2036 2688 2185 2759 ἄχρι,
2216 2688 2267 2741 id
2304 2696 2574 2756 estusque
2606 2688 2699 2752 ad,
2736 2686 2862 2750 ἕως,
2908 2686 2961 2741 id
2993 2695 3077 2740 est
3106 2686 3292 2750 donec,
3342 2684 3395 2737 in
3433 2682 3617 2738 divina

2038 2778 2323 2849 Scriptura
2384 2779 2520 2832 certi
2582 2777 2845 2845 temporis
2883 2776 3257 2846 significativae
3314 2791 3421 2830 non
3457 2785 3605 2829 sunt.

2034 2866 2170 2921 Nam
2227 2867 2320 2937 qui
2380 2866 2792 2936 intelligendum
2853 2865 3014 2919 fuerit
3082 2864 3217 2918 illud
3286 2865 3495 2918 dictum
3547 2861 3612 2916 ad

2038 2958 2245 3011 Deum:
2276 2954 2462 3024 Usque
2488 2956 2542 3009 in
2570 2953 2829 3010 saeculum
2864 2963 2923 3007 tu
2955 2952 3055 3007 es?
3082 2952 3177 3006 Est
3210 2952 3374 3020 igitur
3402 2961 3622 3004 semen»

2588 3062 2710 3117 qnte
2766 3044 3012 3100 nondum
3068 3043 3251 3099 omnia
3321 3054 3622 3101 evenerunt

353 3164 409 3208 ct
469 3155 686 3222 impleta
740 3161 914 3207 sunt:
952 3154 1048 3208 sed
1090 3153 1255 3208 etiam
1294 3168 1439 3207 nunc
1489 3150 1646 3215 ﬁunt,
1694 3156 1750 3204 et
1800 3148 1931 3201 ﬁent
1969 3159 2142 3213 usque
2176 3142 2243 3195 ad
2292 3154 2476 3195 rerum
2549 3138 3117 3192 consummationem.
3183 3133 3415 3187 Sursum
3466 3132 3613 3186 enim

354 3247 409 3300 in
462 3247 629 3303 eteius
668 3245 917 3302 Christus
943 3256 1227 3317 exceptus,
1262 3254 1445 3301 manet
1483 3245 1594 3298 illic
1644 3257 1819 3312 usque
1852 3240 1921 3295 ad
1959 3236 2144 3293 mundi
2172 3232 2727 3297 consummationem;
2764 3238 2894 3284 tunc
2922 3236 3187 3282 venturus
3256 3240 3382 3280 cum
3444 3224 3622 3294 c0piis

352 3338 584 3407 validis,
623 3339 897 3394 restitutis
945 3350 1133 3409 postea
1172 3340 1450 3402 omnibus,
1494 3351 1617 3408 quae
1696 3336 2065 3406 praedixerunt
2135 3328 2456 3400 prophetae:
2503 3323 2757 3378 videlicet
2805 3337 2931 3377 cum
3010 3320 3135 3375 ﬁnis
3188 3317 3481 3382 exstiterit,
3562 3335 3618 3383 et

353 3436 514 3487 tinent
563 3432 852 3485 habuerint
898 3448 982 3497 ea,
1034 3448 1158 3501 qua:
1211 3431 1465 3486 sensibus
1531 3430 1928 3499 percipiuntur,
1968 3437 2100 3479 tunc
2120 3422 2376 3479 Christus
2407 3417 2513 3472 erit
2541 3414 2834 3472 sublimior
2862 3413 3048 3469 εωιῖεο

426 3524 652 3593 Μωσῆς
687 3526 733 3557 ”
757 3524 875 3593 μὲν
926 3525 1036 3594 γὰρ
1074 3526 1223 3592 πρὸς
1251 3524 1393 3589 τοὺς
1422 3521 1685 3591 πατέρας
1732 3518 1932 3583 εἶπεν,

2104 3515 2269 3570 Vens.
2316 3512 2409 3568 ‘22.
2452 3509 2597 3563 Nam
2625 3507 2835 3578 Moyses
2868 3505 3078 3574 quidem
3111 3503 3182 3557 ad
3208 3513 3385 3573 patres
3439 3501 3621 3555 dixit:

353 3612 443 3665 ὅτι
472 3612 792 3680 Προφήτην
828 3612 972 3680 ἡμῖν
997 3613 1043 3646 ⁸⁸
1075 3611 1412 3676 ἀναστήσει
1438 3611 1655 3677 Κύριος
1702 3612 1735 3663 ό
1780 3608 1925 3676 Θεὸς

2034 3608 2352 3676 Prop/petam
2392 3603 2543 3658 nobis
2572 3600 2825 3656 excitabit
2864 3598 3126 3652 Dominus
3170 3596 3309 3650 Deus
3354 3605 3532 3649 noster
3558 3594 3626 3648 de

354 3702 526 3772 ήμῶν
585 3703 657 3756 ἐκ
719 3701 839 3757 τῶν
875 3702 1155 3771 ἀδελφῶν
1194 3699 1384 3771 ἡμῶν,
1418 3701 1499 3768 ὡς
1548 3700 1692 3769 ἐμὲ*
1739 3700 1927 3755 αὐτοῦ

2034 3697 2284 3769 fratribus
2302 3694 2520 3757 nostris,
2552 3700 2610 3745 ut
2639 3707 2737 3744 me.
2761 3689 2870 3761 42
2904 3686 2970 3740 Ei
2997 3687 3138 3739 dicto
3160 3686 3429 3740 audientes
3458 3692 3623 3738 estote

355 3795 652 3851 ἀκούεσθε
664 3794 709 3827 ⁸⁷
754 3794 905 3850 κατὰ
957 3792 1176 3860 πάντα,
1236 3792 1357 3847 ὅσα
1388 3793 1467 3846 ἂν
1503 3791 1752 3861 λαλήσῃ
1779 3792 1930 3860 πρὸς

357 3885 533 3943 ὑμᾶς.

392 3906 394 3923 ι
441 3905 474 3943 a
518 3927 533 3942 .

392 3905 750 4043 μἝςσταιδὲ,
782 3977 951 4035 πᾶσα
985 3974 1180 4046 ψυχὴ.
1209 3976 1341 4044 ἥτις
1375 3975 1485 4029 ἐὰν
1502 3973 1549 4007 ⁵⁸
1567 3974 1650 4043 μὴ
1691 3973 1929 4041 ἀκούσῃ

358 4069 469 4124 τοῦ
501 4070 813 4139 προφήτου
852 4068 1109 4131 ἐκείνου.
1138 4064 1712 4134 ἑξολοθρευθήσεται
1731 4064 1799 4118 ἐκ
1823 4062 1931 4117 τοῦ

357 4159 536 4212 λαοῦ.

431 4249 541 4302 Kal
568 4248 792 4313 πάντες
824 4249 924 4304 καὶ
951 4251 1007 4304 οἱ
1031 4246 1336 4319 προφῆται
1357 4245 1475 4301 ἀπὸ
1494 4244 1803 4314 Σαμουὴλ,
1829 4242 1931 4300 καὶ

360 4339 480 4393 τῶν
507 4340 790 4409 καθεξῆς.
816 4341 951 4395 ὅσοι
997 4340 1336 4410 ἐλάλησαν,
1381 4339 1479 4393 καὶ
1525 4337 1933 4407 κατήγγειλαν

362 4432 470 4496 τὰς
484 4431 710 4499 ἡμέρας
748 4432 993 4497 ταύτας.

445 4523 631 4591 Ὑμεῖς
659 4523 799 4576 ἐστε
834 4524 951 4577 υἱοὶ
990 4522 1109 4577 τῶν
1147 4521 1493 4594 προφητῶν.
1543 4520 1777 4590 καὶτῆς
1805 4517 1936 4572 δια-

362 4613 574 4681 θήκης.
622 4609 699 4683 ἧς
738 4613 965 4668 διέθετο
1014 4616 1047 4667 ὁ
1098 4614 1243 4681 Θεὸς
1288 4614 1438 4683 πρὸς
1481 4613 1626 4677 τοὺς
1677 4610 1928 4679 πατέρας
1970 4624 1973 4625 ⁷

271 4722 282 4732 ’
360 4705 553 4776 ὑμῶν,
587 4707 782 4773 λέγων
808 4706 957 4774 πρὸς
993 4705 1271 4774 Ἀϐραὰμο
1306 4703 1416 4758 Kal
1456 4706 1525 4758 ἐν
1554 4704 1635 4769 τῷ
1669 4706 1938 4773 σπέρμα-

2031 3792 2086 3844 in
2121 3786 2382 3848 omnibus,
2422 3799 2741 3854 quwcunque
2771 3782 2961 3835 dixerit
2992 3779 3061 3833 ad
3084 3795 3194 3833 vos.

2101 3965 2267 4020 Vsus.
2308 3964 2401 4019 25.
2448 3961 2712 4016 Futurum
2764 3970 2841 4015 est
2882 3960 3042 4019 enim,
3112 3965 3170 4010 ut
3216 3956 3386 4011 omnis
3438 3956 3622 4008 animo

2030 4074 2349 4129 quaecunque
2373 4073 2474 4111 non
2504 4056 2784 4111 obediverit
2812 4053 2894 4107 illi
2922 4051 3182 4122 propheta:
3212 4049 3277 4121 de
3306 4046 3497 4117 populo
3519 4044 3651 4113 tol-~

2033 4149 2247 4203 latur’.

2108 4239 2271 4295 Vens.
2308 4238 2401 4295 24.
2446 4241 2510 4292 Et
2544 4252 2723 4291 omnes
2745 4236 2870 4290 item
2908 4234 3171 4304 propheta:
3197 4249 3230 4286 a
3273 4226 3521 4287 Samuele
3562 4243 3629 4280 ac

2033 4333 2273 4401 deinceps
2295 4339 2547 4403 quotquot
2577 4328 2853 4383 vaticinati
2879 4336 3025 4390 sunt,
3046 4326 3209 4379 etiam
3241 4323 3333 4378 ltos
3371 4321 3484 4375 dies
3514 4336 3617 4373 an-

2035 4424 2431 4478 nuntiaverunt.

2112 4511 2276 4567 Vsus.
2332 4511 2421 4566 25.
2475 4508 2578 4563 Vos
2614 4508 2741 4563 estis
2778 4508 2879 4578 ﬁlii
2921 4506 3297 4578 prophetarum
3349 4509 3398 4555 et
3456 4509 3625 4554 testa-

2038 4604 2219 4668 menti,
2273 4601 2411 4673 quod
2458 4600 2721 4655 ordinavit
2777 4599 2911 4653 Deus
2959 4614 3078 4651 cum
3109 4593 3349 4665 patribus
3393 4591 3594 4645 nostris

2037 4696 2163 4748 dum
2191 4694 2326 4750 dixit
2356 4694 2423 4745 ad
2460 4690 2821 4745 Abrahamum
2847 4706 2865 4743 :
2888 4689 2956 4743 Et
2981 4704 3074 4760 per
3095 4702 3269 4742 semen
3298 4694 3445 4738 tuum
3480 4683 3632 4736 bene-

360 4799 423 4855 τί
478 4814 596 4853 σου
648 4793 1238 4864 ἐνευλογηθήσονται
1282 4796 1327 4826 ³⁸
1361 4792 1552 4850 πᾶσαι
1588 4794 1649 4846 αἱ
1699 4793 1932 4861 πατριαὶ

2040 4788 2288 4842 dicentur
2315 4802 2495 4840 omnes
2530 4785 2753 4856 familia:
2782 4795 2958 4837 terrae.

362 4905 621 5045 ("312:5
668 4975 903 5045 πρῶτον
934 4978 966 5031 ό
1007 4973 1152 5040 Θεὸς
1189 4971 1544 5039 ἀναστήσας
1601 4971 1711 5026 τὸν
1750 4970 1937 5026 παῖδα

366 5065 555 5121 αὐτοῦ
599 5064 865 5133 Ἰησοῦν,
917 5063 1308 5120 ἀπέστειλε-ενι
1344 5062 1713 5131 εὐλογοῦντα
1761 5061 1938 5131 ὑμᾶς,

368 5155 440 5210 ἐν
470 5155 548 5222 τῷ
576 5155 985 5228 ἀποστρέφειν
1033 5155 1300 5215 ἕκαστον
1352 5153 1470 5209 ἀπὸ
1501 5151 1620 5208 τῶν
1660 5153 1941 5224 πονηρῶν

369 5246 540 5317 ὑμῶν
563 5250 607 5304 ’.

2114 4968 2283 5026 Vens.
2302 4968 2393 5025 26.
2430 4964 2584 5025 Vobis
2604 4967 2834 5039 primum
2863 4964 3004 5021 Deus
3036 4965 3405 5020 resuscitatum
3430 4961 3631 5015 Filium

2051 5079 2206 5118 suum
2232 5061 2416 5116 Jesum
2438 5062 2600 5124 misit,
2631 5060 2721 5131 qui
2745 5060 3064 5114 benediceret
3098 5056 3266 5121 vobis,
3300 5055 3377 5109 ita
3403 5062 3458 5105 ut
3498 5066 3629 5104 con-

2050 5165 2221 5210 vcrtat
2247 5171 2302 5210 se
2331 5154 2687 5226 unusquisque
2730 5160 2959 5206 vestrum
2996 5153 3062 5205 ab
3091 5149 3425 5221 improbitate
3454 5145 3474 5181 ⁸
3508 5157 3633 5198 sua.

1562 5362 1763 5426 Varia;
1816 5364 2124 5428 lectiones
2169 5371 2232 5427 et
2276 5371 2469 5427 noue.

444 5467 494 5501 οι
526 5467 639 5529 ῖσ,,
669 5464 807 5526 πῶς.
883 5464 929 5496 ⁸⁸
958 5461 1023 5518 In
1045 5462 1271 5533 vulgatis
1298 5469 1395 5527 est,
1452 5461 1712 5531 Μωῦσῆς.

381 5612 402 5642 ³
432 5605 611 5676 ἡμῶν,
628 5615 765 5660 erat.

451 5714 477 5745 ⁸
517 5709 576 5759 γ.
604 5699 996 5758 exierminetur.
1080 5701 1096 5735 ι
1131 5698 1194 5753 γ.
1233 5696 1488 5763 nequitia.

1813 5465 1860 5501 ³⁸
1906 5466 2036 5535 ὑμῖν
2064 5505 2080 5531 ,
2129 5475 2208 5520 est
2250 5466 2307 5519 in
2337 5464 2589 5533 vulgatis,
2608 5462 3010 5535 ειληιοελὺμῶν.

375 5538 701 5591 ἀκούσεσθε.
777 5534 824 5567 ³⁸
854 5533 942 5600 ἂν,
973 5544 1049 5589 est
1070 5535 1122 5588 in
1149 5533 1397 5604 vulgatis.
1473 5533 1517 5565 "
1541 5533 1932 5605 εὐλογηθήσοντ

2037 5546 2116 5591 cst
2151 5541 2205 5591 in
2230 5535 2455 5605 vulgatis
2471 5572 2487 5590 .

3113 5459 3159 5490 ⁸⁷
3192 5455 3253 5511 In
3280 5455 3504 5527 vulgatis
3531 5469 3634 5524 est,

2565 5526 2583 5566 ί
2617 5533 2780 5589 αὐτὸν
2797 5526 2884 5587 hic
2919 5532 3172 5585 insertum
3195 5535 3272 5582 est
3298 5527 3349 5582 in
3372 5526 3630 5603 vulgatis.
