4068 6210
445 282 547 348 571

518 394 690 459 Dixit,
733 403 838 451 ctc.
886 394 1200 463 Prop/telam
1230 403 1285 446 ut
1326 410 1428 447 me.
1462 395 1731 449 Cmtcrum
1767 395 1911 464 quod
1945 395 2027 449 di-
2058 399 2098 453 A

444 488 545 549 cit,
579 496 638 540 ut
670 502 775 545 me.
804 500 907 537 non
943 485 1008 538 dc
1032 495 1250 547 natura,
1287 486 1381 538 sed
1407 485 1475 539 de
1508 488 1721 540 actione
1753 487 2028 556 accipien-

447 576 576 631 dum
609 587 661 630 et
692 575 1107 643 intelligendum
1154 584 1258 630 est.
1311 575 1427 629 Non
1470 578 1635 646 igitur
1669 587 1887 640 natura,
1930 580 2023 632 sed

451 669 616 722 rebus
647 668 841 736 gestis.
872 664 1003 719 Nam
1036 667 1081 719 si
1115 668 1353 720 essentia
1401 676 1567 737 atque
1606 677 1823 728 natura.
1851 669 2027 721 dixis-

448 767 556 819 sct,
590 766 649 810 ut
673 773 799 811 me:
837 772 941 811 non
971 773 1115 811 unus
1145 759 1504 823 surrexisset,
1548 762 1640 813 sed
1685 760 1859 812 multi.
1897 745 2031 812 Pro-

446 852 656 917 pltetam
706 847 957 900 excitabit
997 848 1139 902 vobis
1192 848 1469 911 Dominus,
1494 858 1599 903 etc.
1632 851 1897 915 Pt‘Ophcla
1929 866 2029 902 no-

449 939 690 992 minatus
722 948 804 992 est
832 937 1149 993 Emmanuel
1175 950 1396 1009 propter
1423 941 1712 995 humanam
1741 951 2024 994 naturam.

446 1031 542 1100 qui
581 1043 835 1099 tanquam
868 1033 985 1085 loco
1015 1032 1216 1103 Moysis
1240 1032 1331 1087 Dei
1361 1041 1414 1086 et
1448 1033 1727 1086 hominum
1768 1035 2032 1085 mediator

450 1131 504 1175 et
528 1124 862 1176 intercessor
883 1132 986 1177 est.
1017 1124 1254 1178 Dixerim
1287 1126 1433 1178 enim
1466 1127 1770 1178 emnctiam
1808 1124 2029 1195 Moysen

451 1230 575 1268 cum
608 1215 788 1285 Moyse
821 1227 849 1253 ιι
886 1232 979 1284 per
1005 1216 1420 1270 similitudinem
1461 1226 1868 1285 comparatum:
1905 1232 2027 1270 cum

453 1306 643 1359 umbra
680 1305 927 1359 videlicet
960 1308 1272 1359 veritatem.
1305 1306 1566 1359 Nascitur
1592 1309 1735 1359 enim
1777 1306 2029 1362 Christus

451 1401 507 1455 in
558 1401 858 1463 Bethleem,
901 1401 1063 1454 sicuti
1089 1399 1304 1471 Moyses
1363 1402 1419 1454 in
1471 1400 1709 1471 Egypto
1741 1419 1756 1467 ;
1788 1401 2030 1455 lsraelita

449 1495 543 1549 ille
600 1495 721 1557 fuit.
777 1497 938 1549 etiam
984 1497 1072 1550 hic
1103 1496 1247 1565 quod
1286 1494 1480 1549 attinet
1520 1496 1586 1548 ad
1632 1511 1854 1549 carnem
1897 1513 1911 1557 ;
1961 1495 2031 1550 de

449 1602 649 1656 genere
678 1596 859 1643 autem
893 1587 984 1641 ille
1008 1587 1354 1653 sacerdotali,
1405 1589 1494 1642 hic
1519 1591 1583 1642 de
1612 1588 1811 1643 Davide
1838 1590 2029 1642 oriun-

449 1681 554 1735 dus
576 1690 802 1750 propter
818 1679 1098 1751 Virginem
1122 1700 1135 1745 ;
1162 1681 1371 1735 Pharao
1403 1682 1653 1751 regnavit
1678 1682 1825 1735 illius
1853 1690 2028 1746 mtate,

450 1772 616 1837 lmj'o's
646 1771 919 1838 Herodes;
955 1775 1191 1828 infantes
1220 1774 1309 1827 ille
1336 1774 1476 1827 tollit
1510 1816 1524 1837 ,
1568 1774 1656 1826 hic
1684 1773 1922 1827 infantes
1948 1773 2030 1826 in-

448 1863 645 1919 terﬁcit
673 1881 686 1928 ;
728 1865 1000 1918 masculos
1024 1864 1131 1926 ille,
1158 1866 1433 1919 masculos
1458 1873 1510 1918 et
1533 1865 1656 1935 hic;
1689 1880 1784 1933 per
1809 1872 2034 1917 matrem

454 1955 544 2008 ille
568 1964 859 2020 servatur;
893 1970 985 2024 per
1013 1964 1240 2009 matrem
1260 1964 1314 2011 et
1335 1972 1439 2009 una
1471 1972 1595 2010 cum
1632 1966 1807 2010 matre
1855 1971 2037 2010 serva-

453 2060 542 2105 tus
577 2057 661 2105 est
687 2050 851 2105 etiam
877 2051 985 2106 hic.
1022 2049 1268 2105 Tollelur
1301 2050 1370 2104 de
1392 2051 1615 2121 populo.
1646 2049 1781 2104 Cum
1814 2050 2039 2103 immor-

451 2142 577 2195 talis
618 2142 687 2197 sit
722 2143 905 2197 anima
939 2142 1201 2207 hominis,
1239 2158 1348 2196 non
1385 2157 1619 2213 prorsus
1646 2157 1709 2195 ac
1744 2143 1904 2211 plane
1930 2140 2035 2196 tol-

452 2232 586 2285 litur
634 2247 694 2286 ac
726 2232 975 2301 disperit,
1018 2233 1113 2287 sed
1164 2248 1228 2286 ex
1270 2232 1416 2285 bono
1467 2232 1703 2301 quodam
1747 2231 1940 2284 ordine
1972 2245 2037 2282 ac

449 2321 594 2384 loco,
631 2322 721 2375 ubi
751 2321 953 2393 [prius]
980 2329 1097 2376 erat
1123 2321 1411 2384 collocata,
1442 2318 1726 2391 [ejicitur].
1753 2319 1843 2374 Sic
1872 2322 2034 2373 etiam

450 2411 624 2467 Judas
652 2413 863 2481 cjectns
898 2422 950 2467 ct
984 2421 1165 2466 motus
1210 2419 1293 2466 est
1328 2412 1520 2465 ordine
1548 2420 1599 2465 et
1622 2421 1763 2465 caztu
1813 2419 2037 2479 aposto-

454 2505 652 2558 lorum.
690 2504 960 2570 Quoniam
999 2505 1166 2573 igitur
1208 2504 1541 2556 immortalis
1584 2512 1667 2557 cst
1700 2504 1905 2563 anima,
1943 2517 2038 2571 per

456 2595 972 2649 exterminationem
1023 2604 1077 2649 et
1113 2594 1434 2663 eiectionem
1489 2594 1608 2660 ejus
1656 2593 2033 2661 intelligimus,

453 2704 574 2743 cam
601 2688 856 2743 excidere
895 2698 1053 2757 atque
1085 2687 1286 2758 privari
1335 2687 1514 2749 bonis,
1550 2686 1751 2752 quibus
1787 2687 2034 2738 futurum

457 2789 599 2844 erat,
639 2788 697 2833 ut
746 2781 1042 2845 frueretur,
1097 2780 1143 2834 si
1184 2780 1367 2843 modo,
1403 2790 1459 2831 ut
1497 2777 1640 2832 Deus
1676 2779 2033 2847 praescripsit,

454 2872 620 2924 vitam
659 2874 1033 2942 transegissct.
1064 2869 1171 2925 Vos
1195 2872 1328 2926 estis
1351 2869 1439 2923 ﬁlii
1475 2869 1882 2938 prophetarum.
1907 2869 2037 2921 Pro-

455 2961 742 3033 phetarum
772 2963 919 3023 dicit,
976 2977 1072 3030 pro
1102 2976 1167 3016 eo
1216 2962 1360 3031 quod
1389 2971 1510 3016 est:
1543 2962 1661 3015 Non
1691 2962 1878 3014 animo
1908 2976 2036 3015 con-

1324 285 1909 347 TIIEOPHYIACTI
1952 286 2362 348 BULGARI/E
2400 288 2758 350 ARCHIEP.

3598 277 3712 347 5'12

2207 395 2634 469 [KYPIAAOYX]
2657 395 2876 461 Εἱπὼν,
2899 395 2920 426 ³
2951 395 3272 464 Προφήτην
3292 395 3371 460 ὡς
3391 394 3524 464 ἐμὲ·
3546 394 3609 447 τὸ
3624 395 3705 448 δὲ.

2134 485 2208 550 ὡς
2235 488 2357 555 ἐμὲ,
2402 489 2502 540 οὐκ
2534 488 2628 540 ἐπὶ
2659 488 2756 557 τῆς
2791 486 3026 555 φύσεως,
3053 486 3167 539 ἀλλ’
3208 487 3299 541 ἐπὶ
3320 487 3418 557 τῆς
3453 486 3705 558 πράξεως

2128 579 2445 648 ὲκληπτέον.
2465 581 2539 632 Οὐ
2565 581 2661 651 τῆς
2690 579 2876 643 οὐσίας
2900 579 3014 643 οῦν,
3034 578 3169 632 ἀλλὰ
3182 578 3331 643 τοῖςδ
3353 578 3704 650 πράγμασιν·

2129 671 2177 722 εἰ
2202 670 2331 740 γὰρ,
2361 675 2425 741 τῇ
2454 672 2631 742 οὐσίᾳ,
2666 671 2791 741 ἔφη,
2817 670 2892 735 ὼς
2926 670 3049 741 ἐμὲ,
3072 670 3171 739 οὐχ
3196 664 3276 732 εἷς
3306 670 3528 741 ἀνέστη,
3568 669 3707 723 ἀλλὰ

2131 761 2336 814 πολλοί.
2381 761 2705 830 Προφήτην
2745 761 2885 830 ὑμῖν
2917 761 3255 829 ἀναστήσει
3292 761 3528 827 Κύριος.
3565 762 3706 832 Προ-

2131 853 2310 921 φήτης
2334 853 2649 921 ὠνόμασται
2680 853 2766 905 διὰ
2803 852 2861 905 τὸ
2888 851 3235 922 ἀνθρώπινον
3263 856 3290 906 6
3327 852 3703 924 Ἐμμανουὴλ.

2128 944 2155 993 6
2206 943 2279 1005 ὡς
2314 946 2369 995 ἐν
2396 943 2545 1008 τάξει
2575 945 2852 1006 Μωῦσέως
2885 944 2906 975 ⁸
2942 946 3168 1014 μεσίτης
3214 943 3349 997 Θεοῦ
3376 947 3468 999 καὶ
3495 944 3706 1014 ἀνθρὼο

2134 1054 2247 1089 πων
2269 1053 2282 1066 ⁸
2312 1037 2481 1107 φαίην
2509 1038 2617 1106 γὰρ
2661 1035 2727 1089 ἂν
2755 1037 2920 1090 αὐτὸν
2970 1038 3063 1090 καὶ
3096 1037 3329 1091 Βίίωσέασ
3382 1038 3624 1105 Μιυῦσῆν
3648 1039 3705 1090 ὲν

2132 1129 2415 1199 παραϐολῇ
2463 1130 2911 1198 συγκρινόμενον,
2945 1132 3008 1199 τῇ
3059 1130 3187 1200 σκιᾷ
3220 1130 3251 1196 ἡ
3283 1128 3533 1198 ἀλήθεια.
3578 1129 3706 1182 Γεν-

2130 1220 2289 1272 vita:
2335 1220 2443 1289 γὰρ
2475 1221 2529 1271 ἐν
2557 1218 2807 1288 Βηθλεὲμ.
2835 1221 2862 1272 6
2900 1218 3158 1287 Χριστὸς,
3207 1217 3282 1279 ὡς
3315 1221 3342 1270 6
3389 1218 3596 1287 Μωσῆς
3647 1219 3706 1270 ἐν

2132 1313 2393 1381 Αἰγύπτῳ
2412 1328 2426 1343 ·
2482 1310 2824 1380 Ἰσραηλίτης
2856 1312 3085 1373 ἐκεῖνος,
3113 1304 3270 1372 οὗτος
3312 1309 3374 1362 τὸ
3398 1309 3540 1362 κατὰ
3571 1309 3709 1378 σάρον

2134 1423 2204 1458 κα
2226 1445 2240 1468 ,
2277 1407 2342 1456 ὲκ
2370 1404 2561 1471 γένους
2607 1402 2662 1455 δὲ
2700 1401 3003 1473 ἱερατικοῦ,
3032 1398 3191 1463 οὗτος
3212 1404 3275 1453 ἐκ
3306 1400 3470 1453 Δαόἱδ
3488 1401 3576 1454 διὰ
3607 1403 3709 1471 τὴν

2134 1493 2431 1564 Παρθένον.
2459 1492 2660 1564 Φαραὼ
2689 1493 2774 1545 ἐπ’
2805 1492 3038 1554 ἐκείνου,
3081 1492 3325 1561 Ἡρώδης
3366 1493 3457 1543 ἐπὶ
3483 1490 3707 1544 τούτου·

2136 1586 2310 1657 βρέφη
2342 1585 2556 1657 φονεύει
2587 1588 2818 1648 ἐκεῖνος,
2857 1585 3031 1656 βρέφη
3087 1578 3242 1645 οὗτος
3272 1586 3513 1653 ἀναιρεῖ’
3541 1587 3713 1655 6.665-

2134 1678 2259 1730 νικὰ
2287 1678 2515 1739 ἐκεῖνος,
2540 1675 2806 1748 ἀρρενικὰ
2834 1674 2928 1728 καὶ
2954 1666 3109 1735 οὗτος
3132 1689 3147 1704 ’
3175 1672 3260 1725 διὰ
3293 1673 3498 1742 μητρδς
3535 1671 3710 1736 σώζε-

2139 1787 2225 1822 ται
2257 1771 2484 1831 ἐκεῖνος,
2515 1768 2602 1820 διὰ
2642 1766 2847 1837 μητρὸς
2879 1766 3058 1831 ἐσώθη
3092 1766 3187 1818 καὶ
3217 1767 3354 1835 μετὰ
3382 1763 3588 1833 μητρὸς
3615 1756 3710 1816 οῦ-

2140 1878 2249 1923 τος.
2287 1859 2834 1928 Ἑξολοθρευθήσεται
2882 1860 2947 1910 ὲκ
2987 1857 3081 1909 τοῦ
3138 1856 3292 1909 λαοῦ.
3332 1853 3711 1928 [ΔΙΔΥΜΟΥ.]

2151 1951 2441 2012 ’Λθάνατος
2462 1949 2597 2003 οὐσα
2624 1948 2719 2002 τοῦ
2758 1948 3047 2017 ἀνθρώπου
3087 1949 3120 2017 ἡ
3158 1947 3327 2017 ψυχὴ,
3367 1947 3428 1999 οὐ
3457 1945 3713 2009 καθάπαξ
3752 1964 3759 1971 ·

2138 2042 2566 2112 ὲξολοθρεύεται,
2593 2040 2710 2093 ἀλλ’
2746 2039 2810 2093 ἐκ
2837 2057 2983 2101 τινος
3006 2041 3284 2108 τάγματος
3319 2038 3546 2106 ἀγαθοῦ,
3574 2040 3707 2091 ὅπου

2136 2132 2204 2204 ἦν
2244 2133 2550 2203 τεταγμένη
2602 2133 2887 2202 πρότερον.
2938 2130 3094 2183 Οὖτω
3137 2130 3232 2183 καὶ
3261 2130 3463 2191 Ἰούδας
3514 2128 3709 2192 ὲξωλο·

2139 2221 2341 2292 θρεύθη
2396 2226 2459 2274 ὲκ
2509 2221 2604 2274 τοῦ
2655 2220 2817 2290 χοροῦ
2865 2220 2972 2272 τῶν
3028 2219 3369 2274 ἀποστόλων.
3412 2218 3565 2271 Ἐπεὶ
3619 2214 3712 2271 οὖν

2138 2311 2405 2374 ἀθάνατός
2424 2312 2571 2363 ἐστιν
2598 2311 2632 2379 ἡ
2665 2309 2835 2379 ψυχὴ,
2861 2307 3240 2378 ὲξολόθρευσιν
3292 2309 3461 2375 αὐτῆς
3483 2306 3712 2372 νοοῦμεν

2138 2406 2198 2457 τὸ
2233 2404 2336 2469 ἔξω
2362 2403 2619 2469 γενέσθαι
2640 2401 2747 2454 τῶν
2769 2399 3012 2468 ἀγαθῶν,
3042 2395 3116 2454 ῶν
3143 2399 3371 2469 ἔμελλεν
3393 2400 3712 2460 ἀπολαύειν,

2139 2501 2253 2568 εἴγε
2286 2494 2606 2564 θεοπρεπῶς
2641 2492 3048 2547 ἐπολιτεύσατο.
3096 2492 3285 2562 Ὑμεῖς
3328 2494 3451 2543 ἐστε
3479 2493 3583 2543 υἱοὶ
3605 2490 3714 2543 τῶν

2140 2588 2455 2658 προφητῶν.
2496 2586 2795 2655 Προφητῶν
2826 2584 2973 2652 λέγει
2995 2623 3010 2645 .
3042 2584 3165 2638 ἀντὶ
3193 2581 3310 2644 τοῦ,
3362 2582 3436 2652 μὴ
3464 2581 3713 2634 πτοεῖσθε

2142 2681 2276 2750 μηδὲ
2309 2678 2559 2747 νομίζετε
2588 2677 2608 2708 ⁸
2630 2678 2711 2729 δεῖ
2740 2675 3139 2743 ἀλλοτριῶσθαι
3164 2675 3388 2737 ἑαυτοὺς
3403 2674 3512 2726 τῶν
3537 2675 3714 2739 ὲπαγ-
3796 2744 3801 2747 ἱ

2139 2771 2355 2840 γελιῶν.
2382 2769 2575 2839 ’Υμεῖς
2606 2770 2730 2821 ὲστε
2761 2767 2867 2820 υἱοὶ
2896 2766 3006 2819 τῶν
3049 2764 3376 2836 προφητῶν
3411 2763 3552 2816 ὥστε
3584 2763 3713 2832 ὑμῖν

2139 2863 2342 2929 ἔλεγον,
2369 2862 2460 2912 καὶ
2483 2859 2552 2911 δι’
2583 2859 2725 2928 ὑμᾶς
2742 2857 2916 2910 ταῦτα
2942 2857 3152 2925 γέγονε.
3187 2856 3252 2907 Τί
3281 2859 3446 2920 ἐστιν,
3481 2853 3590 2907 uiui.
3615 2853 3715 2921 τῆς

2138 2953 2438 3027 διαθήκης;
2485 2952 2632 3004 Ἀντὶ
2662 2950 2778 3015 τοῦ,
2807 2949 3155 3018 κληρονόμοι·
3181 2946 3506 3019 κληρονόμοι
3541 2944 3619 3007 δὲ,
3648 2943 3710 2997 οὐ

458 3054 695 3107 sternari
727 3063 774 3116 ',
824 3067 1002 3119 neque
1058 3052 1378 3106 existimare
1433 3060 1647 3120 oportet
1700 3069 1794 3105 vos
1826 3053 2032 3105 alienos

2146 3046 2472 3117 προσφάτως
2497 3043 2887 3113 ἐγγραφέντες,
2933 3042 3049 3093 ἀλλ’
3080 3041 3156 3104 ὡς
3189 3040 3317 3103 υἱοὶ,
3342 3037 3516 3100 ἄλλως
3565 3053 3624 3089 τε
3652 3035 3711 3089 δὲ

462 3142 636 3195 factos
686 3157 807 3193 esse
851 3139 1308 3208 promissionum.
1344 3138 1454 3193 Vos
1484 3143 1618 3193 estis
1664 3141 1756 3194 lilii
1801 3143 2037 3211 prophe-

462 3246 664 3284 tarum.
703 3229 888 3298 llaque
929 3229 1083 3281 vobis
1118 3227 1398 3293 dicebant,
1441 3246 1503 3283 ac
1539 3240 1762 3299 propter
1790 3246 1892 3286 vos
1925 3232 2040 3284 lucc

462 3324 603 3377 facta
633 3332 781 3376 sunt.
810 3321 948 3387 Quid
986 3334 1092 3387 est,
1133 3321 1225 3374 lilii
1258 3324 1618 3377 testamenti?
1646 3339 1742 3392 pro
1778 3339 1863 3387 eo,
1897 3323 2039 3391 quod

458 3423 545 3469 est
571 3415 829 3478 hmredes,
866 3415 1108 3469 hmredes
1143 3424 1346 3477 autem,
1398 3432 1502 3469 non
1540 3432 1731 3471 recens
1787 3432 1849 3468 ac
1881 3415 2042 3469 modo

463 3507 652 3573 scripti
688 3523 703 3562 :
735 3507 828 3560 sed
850 3514 1107 3576 tanquam
1137 3507 1257 3572 ﬁlii,
1291 3516 1452 3578 atque
1473 3509 1738 3576 alioquin,
1772 3517 1829 3560 ut
1862 3517 2041 3561 osten-

467 3598 580 3662 dat,
606 3607 879 3665 quatenus
918 3598 1043 3666 jure
1095 3600 1432 3668 adoptionis.
1485 3600 1649 3664 Quasi
1699 3598 1902 3652 diceret
1934 3617 1946 3652 :
1978 3597 2037 3652 Si

461 3687 632 3755 igitur
662 3698 717 3741 et
747 3705 844 3743 vos
871 3691 971 3760 ipsi
1006 3693 1188 3755 vultis,
1218 3692 1462 3747 luerech
1493 3691 1647 3747 estis.
1688 3691 1903 3745 idcirco
1941 3708 2039 3745 vos

462 3781 617 3845 estis,
648 3780 754 3852 43
799 3784 994 3851 inquit,
1048 3784 1137 3838 lilii
1185 3786 1572 3855 pronhetarum
1618 3795 1669 3837 et
1702 3785 2039 3839 testamenti.

460 3868 645 3925 Jcsmn
678 3874 846 3939 misit,
887 3876 981 3945 qui
1029 3876 1380 3932 benediceret
1416 3878 1592 3931 vobis.
1629 3876 1774 3930 Misit
1818 3877 2034 3945 quidem

463 3965 623 4018 etiam
649 3966 793 4029 aliis,
825 3967 921 4023 Sed
954 3970 1106 4036 prius
1138 3970 1311 4034 vobis,
1352 3971 1441 4039 qni
1476 3970 1833 4024 cruciﬁxistis
1865 3977 1916 4021 ct
1953 3970 2039 4021 in-

458 4052 770 4111 terlecistis.
802 4057 1135 4127 Ecqnando?
1183 4074 1248 4112 an
1274 4075 1335 4112 ex
1364 4075 1528 4114 cruce
1552 4060 1861 4113 duntaxat?
1912 4060 2044 4129 quin

2137 3140 2225 3191 ἴνα
2266 3137 2413 3206 δείξῃ
2453 3137 2535 3188 ὅτι
2567 3136 2705 3209 ὅσον,
2731 3134 2839 3187 ἀπὸ
2868 3133 2968 3202 τῆς
3016 3131 3323 3194 υἱοθεσίας,
3354 3130 3416 3183 Ei.
3463 3132 3572 3198 ἄρα
3618 3127 3712 3180 καὶ

2137 3228 2287 3282 αὐτοὶ
2321 3209 2597 3294 βούλεσθε,
2631 3224 2963 3294 κληρονόμοι
3012 3223 3159 3278 ἐστέ.
3193 3221 3291 3274 Διά
3325 3221 3482 3274 τοῦτό
3521 3235 3712 3288 φησιν,

2146 3319 2339 3388 Ὑμεῖς
2368 3318 2489 3369 ἐστε
2521 3317 2627 3368 uioi.
2660 3316 2769 3367 τῶν
2813 3315 3108 3385 προφητῶν
3159 3315 3254 3367 καὶ
3297 3312 3396 3383 τῆς
3428 3311 3713 3382 διαθήκης.

2153 3410 2360 3479 Ἰησοῦν
2385 3409 2444 3461 ὃν
2480 3407 2800 3461 ἀπέστειλεν
2833 3405 3161 3474 εὐλογοῦντα
3196 3405 3361 3474 ὑμᾶς.
3404 3402 3715 3457 Ἀπέστειλε

2149 3504 2246 3573 μὲν
2286 3501 2395 3570 γὰρ
2418 3501 2649 3570 ἑτέροις,
2693 3498 2807 3553 ἀλλ’
2831 3498 2960 3568 ὑμῖν
3010 3496 3274 3568 πρότερον
3307 3498 3420 3558 τοῖς
3475 3492 3720 3562 σταυρώσ-

2149 3610 2272 3647 σασι
2300 3595 2394 3646 καὶ
2429 3590 2807 3644 ἀποκτείνασι.
2840 3588 2945 3642 Καὶ
2971 3588 3137 3654 πότε;
3178 3586 3315 3641 Ἀπὸ
3352 3586 3445 3638 τοῦ
3483 3581 3718 3653 σταυροῦ

2150 3689 2338 3756 μόνονς
2370 3685 2504 3737 ἀλλὰ
2535 3685 2630 3736 καὶ
2681 3683 2817 3752 μετὰ
2844 3681 3018 3736 ταῦτα
3045 3683 3138 3735 καὶ
3193 3681 3329 3750 μετὰ
3358 3679 3454 3750 τὴν
3486 3680 3721 3732 ἀνάστα-

2147 3797 2254 3835 σιν.
2299 3780 2410 3833 Καὶ
2435 3777 2566 3848 γὰρ,
2608 3776 2792 3848 φησὶν,
2823 3776 2955 3843 ὐμῖν
2989 3774 3204 3846 πρῶτον
3230 3773 3541 3843 ἀναστήσας
3583 3769 3719 3824 ἀπέε-

2148 3873 2343 3936 στειλε,
2388 3872 2439 3923 τί
2474 3870 2731 3936 ποιῆσαι;
2763 3868 3067 3938 Εὐλογῆσαι
3100 3867 3243 3935 ὑμᾶς
3288 3863 3383 3917 καὶ
3422 3862 3617 3923 σῶσαι,
3653 3860 3720 3912 ἂν

2147 3964 2253 4033 ἄρα
2272 3964 2363 4016 καὶ
2388 3963 2541 4015 αὐτοὶ
2565 3961 2775 4014 ἕλοισθε
2800 3958 3147 4031 ἀποστρέψαι.
3177 3956 3288 4009 ἀπὸ
3307 3952 3415 4009 τῶν
3436 3950 3721 4024 ἁμαρτιῶν

2156 4058 2185 4108 ὖ
2195 4057 2331 4125 μῶν.

458 4148 620 4203 etiam
650 4164 855 4218 postea,
880 4160 1111 4220 postque
1152 4154 1636 4207 resurrectionem.
1677 4153 1890 4207 Etenim
1976 4151 2127 4204 vobis
2196 4151 2454 4219 primum,
2498 4147 2697 4217 inquit,
2751 4143 3136 4199 resuscitatum
3221 4140 3418 4196 misit:
3470 4136 3600 4207 quid
3660 4145 3721 4191 ut

460 4237 704 4296 faceret?
752 4252 808 4297 ut
850 4243 1196 4299 benedicerct
1243 4247 1420 4311 vobis,
1472 4252 1530 4297 ut
1566 4254 1807 4298 servaret
1836 4260 1954 4305 vos,
1987 4244 2030 4296 si
2072 4243 2263 4312 utique
2318 4241 2482 4296 etiam
2543 4236 2649 4308 ipsi
2702 4236 2988 4291 volueritis
3034 4233 3302 4289 desistere
3378 4244 3407 4283 a
3486 4229 3726 4299 peccatis

458 4334 681 4389 vestris.

1075 4426 1306 4482 CAPUT
1348 4427 1433 4483 IV.

532 4514 697 4571 Vnus.
737 4518 783 4568 Ι.
832 4516 1108 4569 Facientrs
1150 4529 1324 4570 autem
1363 4517 1483 4571 illos
1524 4520 1592 4571 ad
1639 4519 1887 4587 populum
1930 4518 2038 4569 lm'c

459 4607 641 4670 verba,
670 4610 869 4661 subito
919 4612 1208 4663 interventu
1257 4627 1350 4662 suo
1388 4621 1753 4678 oppresserunt
1797 4620 1845 4664 et
1880 4611 2042 4661 inter-

461 4699 785 4765 riu/laverunt
815 4701 1112 4754 sacerdotes
1149 4717 1265 4754 cum
1304 4703 1554 4770 pra'sidio
1587 4703 1786 4771 templi,
1813 4711 1861 4754 et
1898 4698 2039 4754 Sud-

459 4788 497 4839 (Ι
506 4790 655 4849 nari,

540 4880 697 4933 Vsus.
735 4879 789 4934 9..
830 4880 1033 4950 Oﬂ'ensi
1070 4894 1342 4952 propterea
1366 4887 1504 4953 quod
1541 4886 1623 4941 illi
1668 4878 1915 4954 populum
1950 4882 2043 4932 do-

463 4982 634 5024 cerent
665 4981 712 5033 ι,
750 4983 799 5027 et
838 4978 1214 5032 annuntiarent
1252 4994 1344 5047 per
1380 4977 1563 5033 Iesum
1608 4975 2041 5030 resurrectionem

464 5071 793 5119 mortuorum
819 5082 838 5120 :

541 5157 720 5217 Vens;
758 5161 810 5216 5.
855 5161 961 5228 Qui
1000 5163 1289 5232 injecerunt
1340 5163 1448 5217 illis
1481 5178 1689 5221 manus,
1726 5170 1773 5213 ct
1815 5159 2047 5214 tradide-

2757 4415 3011 4468 ΚΕΦΛΛ.
3046 4416 3122 4466 Δθ.

2217 4512 2577 4568 Λαςθούντων
2602 4508 2673 4561 δὲ
2720 4506 2919 4561 αὐτῶν
2975 4507 3125 4576 πρῶς
3151 4506 3257 4560 τὸν
3280 4505 3435 4558 λαὸν
3470 4506 3489 4535 ⁷
3522 4504 3592 4557 τὰ
3607 4504 3724 4572 pri-

2141 4621 2299 4677 ματα
2350 4603 2539 4657 ταῦτα
2586 4601 2943 4668 ἐπέστησαν
2970 4600 3173 4665 αὐτοῖς
3226 4601 3279 4651 οἱ
3314 4596 3488 4664 ἱερεῖς
3562 4594 3661 4649 καὶ
3690 4596 3722 4648 ὁ

2145 4697 2401 4765 στρατὸς
2426 4695 2448 4727 ⁸
2468 4693 2572 4748 τοῦ
2613 4693 2772 4761 ἱεροῦ
2805 4694 2904 4747 καὶ
2937 4696 2991 4747 οἱ
3026 4690 3440 4753 Σαδδουκαῖοι,

2218 4880 2685 4946 Διίιπονούμενοι
2735 4876 2831 4930 διὰ
2881 4876 2946 4929 τὸ
2987 4875 3299 4928 διδάσκειν
3338 4872 3567 4937 αὐτοὺς
3619 4871 3725 4925 τὸν

2153 4972 2329 5037 λαὸν,
2373 4970 2469 5022 καὶ
2497 4952 2929 5037 καταγγέλλειν
2975 4964 3044 5018 ἐν
3078 4964 3156 5029 τῷ
3189 4962 3398 5029 Ἰησοῦ
3432 4963 3548 5031 τὴν
3576 4957 3721 5014 ἁνὰ-
3767 4958 3784 4978 ⁹

2156 5079 2380 5119 στασιν
2402 5063 2519 5115 τῶν
2548 5057 2776 5128 νεκρῶν
2803 5061 2846 5112 ’.

2230 5154 2337 5210 Kal
2371 5152 2670 5207 ἐπέϐαλον
2701 5147 2903 5213 αὐτοῖς
2941 5146 3048 5211 τὰς
3095 5162 3320 5215 κείρας,
3381 5146 3480 5200 καὶ
3521 5145 3722 5199 ἔθεντο

1628 5298 1829 5358 Varia;
1872 5296 2185 5359 lectiones
2228 5299 2291 5355 et
2333 5297 2525 5352 noue.

539 5451 557 5481 ³
591 5445 763 5517 εἶπεν,
796 5454 884 5507 ἵσ.
984 5454 1006 5486 ’⁸
1036 5453 1204 5507 Locus
1235 5462 1530 5516 corruptus.

1607 5452 1629 5483 ⁸
1658 5450 1941 5512 Μωῦσέος,
1977 5456 2114 5502 erat.

2206 5447 2227 5477 ⁸
2253 5446 2339 5497 ἵσ.
2367 5440 2648 5495 πτοεῖσθαι
2666 5440 2804 5510 μηδὲ
2835 5434 3151 5510 νομίζεσθαι
3198 5433 3296 5486 δεῖ.
3317 5431 3381 5510 ἢ,
3426 5431 3720 5510 νομίζητες

468 5520 554 5594 ’5’};
574 5520 633 5585 ἢ,
671 5500 781 5594 δεῖν
799 5522 1227 5594 ἀλλοτριοῦσθαι,
1247 5500 1640 5594 ἀναγὲωστέον.
1719 5522 1738 5552 ⁷
1764 5519 1876 5574 Ista
1901 5500 2035 5572 idem

2139 5524 2276 5569 mtur
2299 5514 2356 5566 in
2383 5511 2632 5582 vulgatis.
2666 5500 2679 5510 ’
2706 5500 2815 5563 ⁸’Ὀ
2862 5500 3187 5577 στρατηγὸς,
3249 5512 3322 5556 est
3358 5502 3410 5555 in
3470 5500 3719 5571 vulgatis.

476 5601 487 5617 η’
529 5587 590 5642 ln
618 5590 843 5662 vulgatis
868 5587 972 5659 est,
1000 5594 1098 5663 τὴν
1125 5596 1188 5646 ἐκ
1245 5587 1475 5663 νεκρῶν.

551 5713 573 5737 τι
621 5702 785 5755 ιρι-ηε
811 5718 1108 5773 corruptus.
1186 5716 1211 5739 "
1242 5704 1406 5758 Lcrtrs
1436 5716 1732 5773 corruptus.

1826 5713 1848 5738 ι
1885 5702 1946 5754 ν.
1984 5695 2397 5766 tlolcntes,quod
2420 5695 2680 5750 docerent.
