4068 6210
533 293 644 361 575

1417 281 2001 345 THEOPHYL.\CTI
2047 276 2459 340 BULGARI/E
2497 272 2857 336 ARCHIEP.

3675 257 3781 323 576

604 407 773 462 Vens.
841 400 924 456 l0.
984 399 1185 454 Notum
1232 394 1478 451 omnibus
1530 397 1673 451 vobis
1719 406 1769 452 ει
1826 397 1920 450 ιοιὶ
1974 394 2112 466 plebi

2286 389 2579 446 Γνωστὸν
2600 387 2756 442 ἔστω
2777 382 2968 439 πᾶσιν
2995 380 3140 449 ὑμῖν
3168 377 3266 436 καὶ
3305 374 3485 431 παντὶ
3503 372 3585 439 τῷ
3615 372 3660 407 ¹³
3689 372 3795 426 ἰσ-

533 495 845 556 Israelitica:
882 499 1017 553 esto,
1056 505 1147 558 per
1171 504 1358 541 nomen
1396 485 1526 542 Iesu
1578 488 1780 544 Christi
1816 487 2110 553 Nazareni,

529 599 680 656 quem
718 601 804 639 vos
835 583 979 636 cruri
1003 580 1268 649 aﬂixistis,
1287 596 1438 648 quem
1469 579 1606 635 Deus
1636 581 1888 635 excitavit
1917 598 1949 633 a
1976 597 2118 634 mor-

535 678 660 737 tuis.
709 691 801 745 per
840 672 1016 737 illum,
1064 672 1304 741 inquam,
1342 672 1481 726 hunc
1520 688 1700 726 coram
1737 672 1878 727 vobis
1926 688 2116 725 sanum

531 775 732 821 astare.

605 859 811 911 Praeter
840 855 945 909 alia
970 855 1111 908 mala
1144 866 1307 924 atque
1340 854 1711 921 incommoda,
1744 872 1812 911 ne
1836 855 1970 925 legis
1996 855 2120 924 qui-

536 954 657 1005 dem
685 950 753 1002 ab
787 948 896 1002 illis
923 947 1178 1001 instituta
1208 950 1593 1002 servabantur.
1639 946 1773 1001 Vide
1804 948 1949 1000 enim
1981 948 2121 1000 mul-

536 1041 824 1095 titudinem
875 1040 1224 1109 pontilicum,
1280 1056 1404 1093 cum
1448 1057 1591 1094 unus
1625 1040 1887 1093 duntaxat
1939 1038 2117 1107 quoad

537 1137 764 1193 viveret.
788 1148 911 1187 esse
942 1133 1188 1186 deberet.
1214 1129 1475 1186 Formam
1507 1140 1691 1185 autem
1721 1130 1915 1200 iudicii
1952 1132 2119 1184 etiam

540 1229 627 1281 hic
668 1227 769 1289 rei,
804 1240 926 1294 quae
965 1225 1251 1294 agebatur,
1300 1223 1667 1284 circumdant,
1710 1232 1767 1275 ut
1807 1222 1993 1289 iniusti
2029 1223 2121 1292 ju—

538 1318 669 1372 dieii
704 1317 780 1371 rei
828 1324 882 1370 et
936 1315 1158 1369 obnoxii
1199 1314 1409 1368 tierent.
1467 1312 1906 1368 Sciscitabantur
1931 1330 2036 1384 qua
2073 1315 2124 1368 vi

542 1427 606 1464 ac
631 1408 913 1467 facultate.
937 1420 1113 1475 quove
1138 1406 1385 1459 nomine.
1412 1406 1574 1474 Atqui
1623 1406 1890 1460 sciebant.
1930 1406 2123 1459 Dolen-

540 1509 626 1554 tes
664 1499 810 1553 enim
842 1497 965 1549 illos
997 1510 1092 1565 per
1124 1493 1313 1549 Jesum
1367 1494 1697 1549 aununtiare
1756 1495 2125 1549 resurrectio-

542 1608 688 1654 nem,
726 1589 1045 1646 detinebant
1071 1602 1185 1642 eos.
1227 1585 1338 1641 Cur
1384 1600 1519 1656 ergo
1561 1587 1941 1655 interrogant?
1989 1585 2128 1653 Quia

553 1684 847 1753 sperabant
871 1696 965 1736 eos
1008 1690 1152 1735 metu
1185 1679 1377 1747 jutlicii
1414 1693 1479 1732 ac
1516 1678 1882 1734 multitudinis
1919 1679 2129 1734 inlicia-

2213 483 2399 555 ραὴλ,
2457 479 2548 534 ὅτι
2584 478 2655 533 ἐν
2689 475 2770 540 τῷ
2820 475 3065 545 ὀνόματι
3111 467 3317 538 Ἰησοῦ
3354 465 3636 537 Χριστοῦ,
3689 462 3797 555 τοῦ

2219 553 2578 638 Ναζωραίου,
2619 566 2693 620 ὃν
2734 563 2907 634 ὑμεῖς
2948 560 3399 629 ἐσταυρώσατε.
3467 556 3539 611 ὃν
3579 559 3611 611 ὁ
3653 553 3799 619 Θεὸς

2220 662 2459 731 ἤγειρεν
2490 659 2560 714 ἐκ
2606 656 2858 725 νεκρῶν,
2882 655 2953 708 ἐν
3004 654 3191 720 τούτῳ
3212 644 3392 715 οὗτος
3420 645 3801 717 παρέστηκεν

2222 754 2483 807 ἐνώπιον
2508 749 2677 820 ὑμῶν
2695 747 2892 818 ὑγιής.

2292 844 2448 899 Μετὰ
2476 841 2585 896 τῶν
2608 840 2784 895 ἄλλων
2806 838 2992 902 αὐτοῖς
3023 835 3233 901 κακῶν,
3259 831 3382 887 οὐδὲ
3410 830 3481 885 τὰ
3506 829 3601 884 τοῦ
3630 828 3802 898 νόμου

2221 934 2570 1005 ἐφυλάττετο.
2599 932 2745 1004 Ὅρα
2777 921 2888 1001 γὰρ
2946 915 3042 983 καὶ
3070 925 3276 997 πλῆθος
3300 921 3603 996 ἀρχιερέων
3623 935 3638 948 ⁸
3681 919 3804 981 ένδς

2224 1027 2311 1079 διὰ
2338 1025 2454 1096 βίου
2485 1023 2793 1093 ὀφείλοντος
2818 1016 2981 1075 εἶναι.
3008 1019 3203 1089 Σχῆμα
3225 1016 3283 1070 δὲ
3306 1012 3645 1083 δικαστηρίῳ
3671 1012 3806 1065 κὰν-

2223 1116 2400 1171 ταῦθα
2433 1114 2513 1185 τῷ
2558 1115 2847 1184 πράγματι
2876 1109 3276 1183 περιτιθέασιν·
3302 1108 3389 1160 ἵνα
3409 1103 3702 1158 ὑπεύθυνοι
3735 1103 3804 1172 τῇ

2226 1210 2395 1279 ἀδίκῳ
2441 1208 2622 1278 κρίσει
2680 1206 2972 1275 γένωνται.
3011 1200 3409 1257 Ἐπυνθάνοντο
3430 1198 3487 1250 ὲν
3527 1195 3657 1267 ποίᾳ
3710 1195 3806 1247 δυ-

2225 1300 2388 1368 νάμει
2418 1298 2451 1369 ἢ
2485 1299 2542 1351 ὲν
2569 1297 2708 1367 ποίῳ
2738 1294 2986 1358 ὀνόματι.
3020 1292 3131 1346 Καὶ
3170 1289 3278 1361 μὴν
3325 1287 3566 1360 ᾔδεισαν.
3608 1285 3808 1338 Διαπο-

2228 1391 2479 1461 νούμενοι
2508 1390 2617 1460 γὰρ
2639 1390 2698 1441 ὲν
2722 1386 2800 1458 τῷ
2835 1383 3231 1453 καταγγέλλειν
3259 1383 3319 1435 ὲν
3357 1380 3436 1450 τῷ
3480 1377 3658 1450 Ἰησοῦ
3708 1377 3810 1448 τὴν

2230 1485 2550 1545 ἀνάστασιν,
2604 1481 2862 1549 κατεῖχον
2894 1477 2938 1509 ³⁸
2981 1474 3199 1538 αὐτούς.
3255 1472 3415 1535 Τίνος
3456 1468 3550 1524 οὖν
3614 1469 3811 1522 ἕνεκεν

2231 1574 2476 1643 ἐρωτῶσι
2513 1590 2528 1639 ;
2564 1569 2979 1643 Προσδοκῶντες
3005 1565 3206 1629 αὐτοὺς
3233 1563 3295 1618 τὸ
3323 1563 3679 1632 δικαστήριον
3714 1560 3812 1613 καὶ

2230 1671 2290 1722 ea
2327 1667 2531 1737 πλῆθος
2569 1665 2929 1736 φοϐηθέντας,
2979 1661 3241 1732 ἐξάρνους
3277 1655 3566 1726 γενέσθαι*
3600 1654 3695 1708 καὶ
3750 1653 3815 1706 τὸ

554 1729 846 1753 .,,ν...νμ..-
873 1729 963 1736 η-

548 1786 722 1837 turos,
762 1781 928 1841 atque
961 1773 1036 1826 ita
1073 1761 1335 1841 putabant
1366 1782 1540 1825 Ictum
1569 1773 1848 1842 negotium
1881 1781 2029 1827 recte
2059 1773 2127 1827 ab

2240 1762 2342 1815 πᾶν
2376 1729 2465 1814 διὰ
2511 1729 2671 1813 τούτο
2697 1729 3031 1827 ,νομίζοντες
3064 1729 3499 1823 κατορθωκέναι.
3531 1748 3675 1819 Ὅρα
3703 1746 3814 1842 γαρ

547 1883 669 1921 sese
721 1864 1088 1932 compositum
1148 1863 1241 1916 iri.
1297 1862 1434 1918 Vide
1480 1865 1627 1918 enim
1680 1880 1845 1935 quam
1895 1864 2046 1920 vafro
2078 1873 2133 1922 et

551 1965 729 2011 astute
772 1956 1134 2025 interrogent.
1182 1957 1302 2021 Quo
1341 1956 1583 2020 nomine,
1627 1956 1827 2025 inquit,
1882 1954 2134 2010 fecistis?

552 2046 826 2100 Malebaut
858 2044 1001 2099 enim
1032 2044 1313 2112 apostolos
1338 2060 1500 2099 suum
1532 2060 1672 2116 opus
1699 2045 1833 2099 illud
1857 2060 1976 2100 esse
1996 2059 2134 2100 con-

554 2137 715 2199 literi,
750 2148 914 2204 quam
949 2131 1155 2187 Christi
1186 2134 1479 2203 potestatis
1512 2144 1677 2203 atque
1706 2134 1947 2190 virtutis.
2005 2134 2136 2189 Vide

445 2274 451 2279 .
552 2239 733 2282 autem
767 2238 824 2281 ut
854 2226 1318 2294 reprimebantur,
1351 2226 1480 2295 quia
1511 2242 1577 2280 ne
1598 2226 1885 2280 nominare
1915 2225 2135 2293 quidem

552 2322 811 2375 volebant
850 2319 1031 2374 claudi
1070 2319 1436 2374 sanationem.
1482 2317 1615 2372 Nam
1645 2333 1745 2372 cur
1789 2334 1896 2372 non
1926 2320 2135 2380 dicunt,

553 2415 714 2481 quale
771 2410 822 2464 id
867 2418 1059 2465 esset:
1101 2410 1195 2463 sed
1249 2410 1346 2471 ita,
1395 2408 1625 2473 fecistis,
1663 2408 1940 2478 inquiunt,
2003 2407 2142 2462 hoc?

557 2504 843 2571 Principes
872 2501 1081 2570 pepuli,
1117 2508 1172 2554 et
1212 2500 1464 2573 seniores
1510 2490 1753 2554 lsraclis.
1792 2497 1928 2552 Vide
1964 2498 2142 2568 philo-

558 2594 852 2661 sophiam:
908 2592 1194 2646 considera
1248 2593 1397 2652 item.
1432 2598 1511 2655 ut,
1549 2590 1640 2644 ubi
1691 2606 1827 2645 usus
1876 2590 2140 2658 postulat,

558 2680 721 2732 etiam
751 2684 1099 2734 vehementer
1133 2695 1229 2734 eos
1264 2680 1647 2749 reprehendat.
1680 2678 1990 2734 Notuiuavit
2020 2679 2145 2749 qui-

562 2769 684 2824 dem
729 2785 825 2824 eos
858 2770 1162 2824 honorilice
1194 2789 1208 2825 :
1252 2771 1347 2825 sed
1391 2782 1746 2840 posteaquam
1784 2774 1848 2824 ad
1885 2788 1995 2825 rem
2027 2787 2147 2840 per-

559 2863 733 2927 venit,
765 2878 873 2917 non
907 2863 1282 2930 praetermittit
1314 2864 1732 2918 convenientem
1760 2864 2148 2933 reprehensio.

560 2971 685 3009 nem
704 2967 751 3014 ε.
774 2956 1006 3009 latenter
1022 2954 1101 3008 eis
1119 2954 1171 3008 in
1195 2955 1511 3008 memoriam
1533 2955 1806 3023 redigens.
1826 2955 1971 3023 quod
1990 2971 2148 3023 prop-

564 3053 650 3098 ter
669 3046 796 3097 talia
817 3060 1034 3112 semper
1058 3053 1111 3099 et
1138 3045 1188 3096 iu
1206 3045 1416 3109 judicio
1441 3045 1814 3113 disceptarent
1839 3052 1893 3099 et
1910 3043 2150 3099 offunde-

566 3144 776 3188 rentur.
810 3135 985 3189 Porro
1034 3135 1177 3203 quod
1229 3135 1384 3196 dicit,
1427 3136 1695 3203 ejusmodi
1744 3145 1866 3192 est:
1914 3135 2147 3190 Maxime

563 3227 785 3297 quidem
831 3226 1062 3280 decebat
1106 3241 1206 3280 nos
1238 3227 1492 3281 coronari
1530 3228 1601 3281 ob
1643 3227 1739 3281 has
1793 3245 1900 3293 res,
1945 3237 2000 3283 et
2028 3237 2151 3281 tan-

564 3336 729 3389 quam
785 3318 1172 3374 benel‘actores
1225 3319 1599 3389 proclamari:
1655 3322 1748 3376 sed
1798 3321 2057 3391 quoniam
2091 3321 2146 3375 in

561 3411 831 3482 judicium
886 3426 1145 3466 vocamur
1173 3417 1228 3465 et
1276 3426 1497 3465 causam
1540 3412 1795 3476 dicimus,
1851 3420 2037 3465 notum
2076 3409 2149 3466 sit

568 3503 829 3557 omnibus
862 3503 1016 3557 vobis
1047 3512 1099 3557 et
1154 3506 1254 3556 toti
1305 3504 1447 3573 plebi
1487 3503 1821 3566 Israeliticaa,
1856 3502 2000 3570 quod
2037 3518 2151 3556 ma-

564 3597 711 3651 xime
732 3610 827 3651 eos
863 3595 1001 3649 male
1038 3595 1268 3651 habebat
1298 3612 1313 3649 :
1348 3595 1399 3650 id
1432 3605 1615 3650 autem
1660 3602 1766 3660 est,
1796 3594 1904 3665 45
1927 3593 2071 3663 quod
2099 3604 2152 3649 et

568 3688 825 3744 Christus
867 3687 949 3743 eis
997 3687 1217 3742 dicebat
1257 3707 1270 3741 :
1306 3686 1463 3752 Quod
1517 3687 1570 3740 in
1619 3701 1805 3741 aurem
1834 3688 2148 3747 audivistis.

569 3779 861 3851 praedicata
898 3780 952 3834 in
985 3780 1164 3836 tectis.
1200 3780 1305 3835 Per
1333 3794 1533 3834 nomen
1567 3777 1698 3832 Jcsu
1733 3778 1936 3833 Christi
1977 3776 2155 3832 Naza-

568 3873 706 3931 reni.
738 3872 815 3928 Ne
849 3873 1073 3943 putetis,
1125 3872 1327 3943 inquit,
1367 3887 1466 3926 nos
1495 3871 1729 3940 patriam
1776 3871 1976 3924 celare.
2010 3868 2152 3936 Quin

566 3967 733 4022 etiam
764 3967 905 4021 hanc
933 3967 1193 4022 edimus:
1245 3975 1411 4036 atque
1463 3966 1599 4020 adeo
1645 3980 1769 4019 eum
1822 3963 2151 4033 supplicium

568 4053 913 4119 conﬁtemur,
947 4063 1060 4109 tum
1086 4054 1448 4124 praedicamus
1469 4054 1954 4109 resurrectionem.
1981 4051 2153 4118 Quem

570 4160 670 4199 vos
703 4143 1076 4205 crucifixistis.
1110 4141 1337 4212 Redegit
1361 4143 1442 4198 eis
1476 4142 1530 4197 in
1566 4141 1884 4196 memoriam
1906 4140 2154 4204 verbum,

570 4233 718 4303 quod
759 4234 896 4289 satis
946 4248 1042 4288 ens
1086 4230 1302 4300 poterat
1337 4236 1566 4286 terrere.
1609 4228 1802 4294 Qualia
1850 4226 1997 4283 enim
2035 4227 2158 4279 illos

574 4339 737 4401 putas
764 4329 852 4384 his
878 4327 1058 4382 verbis
1085 4327 1365 4395 accepisse
1395 4321 1666 4378 vulnera?

2233 1849 2352 1913 πῶς
2379 1847 2704 1917 κακούργως
2739 1840 3146 1916 ἒρωτῶσιν.⁹Εν
3176 1837 3315 1906 ποίῳ
3344 1835 3597 1907 ὀνόματι,
3622 1831 3810 1901 φησιν,

2233 1942 2566 2012 tantum“;
2600 1937 2817 1994 Μᾶλλον
2841 1937 2949 2006 γὰρ
2986 1931 3270 1986 ἐϐούλοντο
3307 1929 3433 1991 τοὺς
3481 1925 3814 1985 ἀποστόλους

2235 2032 2444 2085 ἑαυτῶν
2473 2027 2615 2084 εἶναι
2665 2028 2724 2081 τδ
2758 2027 2920 2099 ἔργον
2955 2023 3258 2095 ὁμολογεῖν,
3295 2020 3330 2090 ἢ
3388 2018 3489 2087 τῆς
3534 2016 3812 2085 δυνάμεως

2234 2121 2330 2176 τοῦ
2361 2120 2624 2192 Χριστοῦ.
2656 2121 2800 2191 Ὅρα
2855 2116 2912 2171 δὲ
2964 2116 3084 2178 πῶς
3131 2112 3528 2178 ἀπεπνίγοντο·
3575 2110 3656 2162 ὅτι
3694 2105 3817 2159 οὐδὲ

2235 2212 2499 2281 ὀνομάσαι
2516 2210 2706 2282 ἧθελον
2722 2210 2820 2279 τὴν
2837 2205 3136 2277 θεραπείαν
3162 2202 3256 2258 τοῦ
3279 2200 3474 2273 χωλοῦ.
3508 2199 3605 2253 Διὰ
3636 2199 3690 2252 τί
3706 2197 3816 2267 γὰρ

2244 2305 2320 2373 μὴ
2349 2302 2569 2370 λέγουσι
2589 2302 2737 2353 ποῖον
2750 2315 2766 2363 ;
2781 2297 2923 2351 Ἀλλ’
2940 2295 3106 2360 οὕτω,
3123 2294 3309 2364 φασὶν,
3328 2289 3813 2363 ἑποίησατετοῦτο.

2245 2396 2540 2462 ’Ἄρχοντες
2572 2389 2666 2444 τοῦ
2710 2388 2842 2443 λαοῦ
2876 2389 2971 2442 καὶ⁵
3012 2383 3377 2458 πρεσϐύτεροι
3423 2383 3518 2437 τοῦ
3571 2381 3818 2450 Ἰσραήλ.

2244 2486 2386 2555 Ὅρα
2417 2482 2755 2554 φιλοσοφίαν
2779 2476 3050 2549 σκόπειξδὲ
3072 2476 3201 2532 ἔνθα
3227 2479 3261 2547 ὴ
3291 2473 3452 2546 χρεία
3493 2472 3669 2535 καλεῖ,
3706 2472 3823 2533 πῶς

2245 2575 2343 2629 καὶ
2373 2575 2580 2645 σφόδρα
2604 2571 2787 2625 αὐτῶν
2813 2570 3175 2625 καθάπτεται.
3215 2566 3475 2635 Ὠνόμασε
3503 2562 3611 2632 γὰρ
3626 2563 3826 2624 αὐτοὺς

2251 2665 2389 2736 μετὰ
2418 2664 2617 2734 τιμῆς·
2654 2663 2845 2734 ἐπειδὴ
2891 2661 2947 2714 δὲ
2983 2663 3063 2724 είς
3095 2660 3157 2713 τὸ
3195 2660 3430 2730 πρᾶγμα
3479 2654 3668 2724 ἀνέϐη.
3727 2653 3828 2705 οὐκ

2246 2759 2540 2827 ἀφίσταται
2577 2755 2670 2809 τοῦ
2699 2755 3004 2826 πρέποντος
3048 2752 3299 2821 ἐλέγχου,
3346 2747 3648 2819 λεληθότως
3694 2744 3829 2800 ἀνοι-

2252 2850 2577 2919 μιμνήσκων
2601 2887 2618 2916 ,
2646 2848 2729 2901 ὅτι
2761 2848 2857 2900 ἐπὶ
2876 2848 2988 2909 τοῖς
3012 2844 3277 2907 τοιούτοις
3306 2842 3461 2897 αὐτοὶ
3491 2840 3587 2893 καὶ
3612 2838 3828 2907 ἔκρινον

2251 2945 2344 2998 καί
2382 2943 2768 3015 ἐδυσχέραινον
2826 2943 2936 2997 ἀεί.
2997 2943 3062 2996 ‘0
3111 2941 3168 2994 δὲ
3210 2937 3381 3008 λέγει,
3416 2936 3655 2991 τοιοῦτόν
3681 2935 3830 2987 ἐστιν

2252 3037 2333 3089 ὅτι
2377 3036 2611 3108 μάλιστα
2645 3036 2742 3106 μὲν
2775 3034 2944 3106 ἐχρῆν
2970 3028 3372 3103 στεφανοῦσθαι
3398 3029 3546 3101 ἡμᾶς
3576 3028 3670 3081 ἐπὶ
3704 3024 3832 3080 τού-

2249 3150 2384 3196 τοις,
2420 3133 2512 3184 καί
2537 3132 2612 3193 ὡς
2654 3129 2950 3199 εὐεργέτας
2995 3124 3506 3197 ἀνακηρύττεσθαιο
3542 3119 3733 3191 ἐπειδὴ
3780 3117 3831 3174 Σὲ

2247 3222 2574 3294 κρινόμεθα,
2606 3221 2848 3290 γνωστὸν
2906 3219 3049 3273 ἔστω
3080 3221 3243 3272 πᾶσιν
3274 3217 3403 3286 ὑμῖν
3439 3216 3531 3270 καὶ
3562 3212 3726 3267 παντὶ
3754 3211 3834 3283 τῷ

2247 3314 2615 3385 largifluum,
2640 3312 2668 3365 ὃ
2699 3312 2933 3383 μάλιστα
2971 3311 3169 3373 αὐτοὺς
3197 3308 3384 3363 ἐλύπει
3404 3324 3420 3338 θ
3448 3305 3607 3361 τοῦτο
3633 3306 3691 3359 δέ
3714 3306 3832 3359 ἐστι

2249 3406 2345 3459 καὶ
2397 3406 2425 3460 ὃ
2473 3406 2657 3474 ἔλεγεν
2686 3407 2868 3469 αὐτοῖς
2898 3407 2926 3458 ὁ
2955 3403 3218 3474 Χριστὸς’
3253 3404 3317 3455 ⁸0
3340 3400 3612 3472 ἠκούσατε
3651 3400 3730 3460 είς
3772 3395 3836 3450 τὸ

2249 3492 2362 3559 οὖς,
2385 3494 2658 3566 κηρύξατε
2682 3496 2775 3549 ἐπὶ
2808 3494 2916 3547 τῶν
2932 3491 3197 3562 δωμάτων
3235 3489 3326 3543 ‘Ev
3368 3490 3444 3560 τῷ
3473 3489 3699 3557 ὀνόματι
3730 3486 3837 3555 Ἰη-

2253 3587 2348 3641 σοῦ
2382 3586 2644 3657 Χριστοῦ,
2680 3584 2775 3639 τοῦ
2809 3581 3156 3653 Ναζωραίου.
3188 3581 3281 3653 Μὴ
3307 3580 3594 3650 νομίσητε.
3641 3578 3830 3647 φησὶν,

2252 3681 2333 3733 ὅτι
2356 3678 2674 3751 κρύπτομεν
2703 3676 2804 3747 τὴν
2833 3676 3102 3746 πατρίδα’
3146 3673 3284 3727 ἀλλὰ
3319 3674 3415 3727 καὶ
3435 3670 3644 3740 ταύτην
3673 3668 3838 3736 λέγο-

2256 3785 2387 3841 μεν’
2430 3770 2521 3824 ναὶ
2544 3770 2609 3840 δὴ
2640 3770 2732 3823 καὶ
2761 3768 2822 3822 τὸ
2849 3766 3018 3830 πάθος
3048 3762 3420 3835 ὁμολογοῦμεν
3442 3802 3456 3828 ,
3491 3764 3587 3814 καὶ
3627 3758 3838 3830 κηρύτ-

2253 3881 2418 3934 τομεν
2456 3864 2557 3933 τὴν
2572 3863 2889 3917 ἀνάστασιν.
2911 3862 3022 3914 ,Ὃν
3066 3859 3223 3929 ὑμεῖς
3266 3854 3672 3927 ἐσταυρώσατε.
3714 3852 3839 3905 Ἀν-

2258 3957 2496 4028 έμνησεν
2517 3956 2715 4020 αὐτοὺς
2747 3955 2841 4009 καὶ
2876 3953 3144 4024 ῥήματος,
3170 3946 3358 4003 ἱκανοῦ
3391 3945 3655 4016 φοϐῆσαιο
3678 3943 3841 4006 ποίας

2256 4047 2366 4117 γὰρ
2395 4049 2497 4100 οἴει
2527 4046 2828 4116 λαμϐάνειν
2865 4042 3064 4106 αὐτοὺς
3099 4038 3311 4104 τούτοις
3332 4039 3446 4104 τοῖς
3493 4035 3673 4105 λόγοις
3704 4033 3842 4101 πλη-

2256 4142 2399 4210 res;

649 4421 818 4474 Vens.
853 4420 937 4475 11.
972 4417 1073 4472 Hic
1112 4425 1190 4471 est
1221 4418 1312 4471 ille
1353 4415 1513 4483 lapis,
1558 4415 1650 4485 qui
1681 4412 1707 4452 τι
1744 4412 1968 4476 reiectus
2019 4420 2140 4466 est:

2334 4407 2524 4476 οὗτος
2552 4410 2595 4442 ³⁵
2624 4411 2658 4464 ὀ
2685 4409 2852 4474 λίθος
2880 4410 2913 4463 ό
2950 4405 3370 4473 ἐξουθενηθεὶς
3390 4401 3493 4472 ὑφ’
3522 4400 3689 4471 ὑμῶν
3719 4399 3847 4455 τῶν

577 4517 717 4570 vobis
750 4515 1165 4583 wdiﬁcantibns,
1190 4513 1279 4582 qui
1302 4509 1548 4564 redactus
1573 4519 1651 4565 est
1675 4510 1743 4563 ad
1768 4518 1925 4578 caput
1951 4506 2155 4576 anguli.

648 4694 811 4748 Vens.
838 4693 920 4747 12.
950 4692 1060 4746 Nec
1077 4701 1152 4745 est
1175 4691 1226 4743 in
1248 4690 1355 4744 alio
1381 4707 1582 4762 quoque
1602 4688 1749 4743 salus
1769 4703 1891 4743 :ner
1908 4687 2047 4741 enim
2070 4704 2160 4740 no-

580 4803 694 4840 men
722 4796 797 4839 est
823 4787 994 4845 aliud.
1032 4785 1170 4853 quod
1196 4788 1384 4837 datum
1434 4785 1524 4845 sit,
1576 4782 1716 4835 inter
1761 4778 2015 4838 homines,
2068 4792 2160 4843 per

576 4879 718 4948 quod
740 4894 834 4931 nos
861 4885 1101 4946 oporteat
1119 4887 1142 4915 ο
1164 4876 1364 4930 servari
1400 4873 1444 4928 τ.

652 4970 753 5024 ilic
806 4980 887 5024 est
946 4969 1107 5039 lapis,
1136 4968 1187 5021 id
1220 4976 1340 5033 est,
1374 4966 1723 5020 vehementer
1745 4998 1756 5007 ~
1777 4961 2042 5031 probatus
2068 4971 2155 5013 at-

579 5076 688 5132 que
746 5069 1025 5130 Spectatus
1059 5079 1072 5113 :
1103 5063 1193 5130 qui
1230 5060 1408 5114 lactus
1447 5065 1535 5112 est
1584 5064 1754 5125 caput
1804 5064 2155 5122 coagmenta-

581 5162 764 5209 torum
818 5168 914 5223 per
937 5169 1059 5207 cum
1082 5152 1136 5206 in
1172 5167 1340 5205 unum
1371 5148 1662 5204 aedilicium
1701 5146 1965 5200 Erclcsiae
2021 5146 2156 5198 duo—

580 5259 704 5300 rum
768 5244 985 5299 illorum
1047 5242 1411 5314 populorum:
1484 5253 1678 5307 nempe
1753 5235 1987 5301 Judaici,
2060 5235 2153 5305 qui

2218 4493 2223 4559 ξ
2262 4502 2773 4581 οἱκοδομούντων,
2830 4503 2864 4555 ὁ
2912 4501 3234 4569 γενόμενος
3276 4499 3365 4563 εις
3408 4493 3689 4564 κεφαλὴν
3726 4513 3838 4565 γω-

2258 4595 2412 4656 νίας.

2327 4684 2437 4740 Καὶ
2462 4684 2571 4737 οὐκ
2593 4681 2766 4736 ἐστιν
2787 4682 2858 4736 ἐν
2887 4681 3057 4746 ἄλλῳ
3080 4678 3283 4735 οὐδενί
3316 4679 3354 4747 ἠ
3382 4681 3670 4745 σωτηριαο
3698 4678 3843 4731 οὔτε

2258 4775 2365 4845 γὰρ
2397 4772 2583 4842 ὄνομά
2612 4772 2783 4824 ἐστιν
2814 4771 3022 4838 ἕτερον
3049 4769 3115 4822 τὸ
3158 4767 3485 4837 δεδομένον
3509 4768 3580 4820 ἐν
3612 4766 3842 4835 ἀνθρώ·-

2257 4882 2414 4929 ποις,
2440 4864 2508 4917 ἐν
2538 4857 2586 4930 ᾧ
2617 4861 2713 4916 δεῖ
2744 4860 3012 4929 σωθῆναι
3058 4858 3233 4926 ἡμᾶς.

2330 4951 2498 5019 Οὗτος
2536 4955 2565 5007 ὁ
2597 4954 2763 5018 λίθος,
2810 4952 3086 5007 τουτέστιν
3147 4953 3175 5004 ὁ
3236 4950 3440 5022 σφόδρα
3489 4949 3735 5018 δόκιμος,
3776 4945 3840 5008 ὃς

2260 5051 2480 5117 ἐγένετο
2527 5046 2739 5114 κεφαλὴ
2773 5044 2882 5097 τῶν
2936 5042 3421 5115 συναρμοσθέντων
3454 5040 3522 5092 δι’
3555 5035 3722 5092 αὑτοῦ
3758 5038 3845 5098 εἰς

2264 5140 2392 5212 μίαν
2414 5137 2702 5208 οἰκοδομήν
2751 5135 3081 5204 Ἐκκλησίας
3120 5135 3228 5188 τῶν
3264 5133 3359 5188 δύο
3393 5131 3555 5185 λαῶν’
3591 5127 3844 5183 τουτέστι

2261 5232 2354 5287 τοῦ
2398 5229 2692 5284 Ἰουδαῖκοῦ
2740 5226 2836 5282 τοῦ
2897 5229 3345 5294 πεπιστευκότος,
3382 5230 3475 5281 καὶ
3508 5223 3707 5284 παντὸς
3742 5219 3844 5275 τοῦ

1730 5417 1935 5478 Variis
1970 5413 2285 5477 lectiones
2311 5419 2374 5474 et
2402 5419 2597 5475 note).

656 5548 700 5581 ¹²
735 5546 796 5601 In
825 5545 1052 5618 vulgatis
1071 5540 1331 5611 adjectum
1352 5553 1448 5608 est,
1480 5539 1616 5611 λαῷ.
1694 5540 1737 5573 ’⁸
1770 5541 2032 5611 Κατέχον,
2065 5556 2140 5593 ενι

2281 5538 2324 5570 ³⁸
2352 5537 2415 5591 1η
2438 5535 2666 5607 vulgatis
2691 5536 2955 5606 adjectum
2989 5545 3084 5599 est,
3119 5531 3287 5588 ἐστίν.

657 5688 680 5719 ε
713 5677 830 5733 Non
850 5679 1144 5745 supcrscdct
1169 5677 1491 5733 conrenicnti
1519 5675 1928 5746 reprehensione.
2007 5672 2032 5711 ἀ
2066 5670 2128 5726 V.
2149 5670 2477 5739 reprobatus.
2531 5678 2555 5710 ⁸
2577 5686 2670 5740 per
2686 5668 2825 5740 quod
2852 5665 3101 5725 servandi
3137 5667 3326 5722 simus.
3367 5662 3393 5704 ί
3420 5662 3483 5720 ν.
3503 5663 3673 5720 salvos
3697 5659 3844 5733 fieri.
