4116 6216
421 342 522 406 581

1170 350 1574 411 EXPOSITIO
1612 350 1691 411 IN
1730 351 1916 410 ACTA
1958 348 2534 412 APOSTOLORUM.
2570 379 2634 387 -
2676 354 2832 413 CAP.
2879 356 2976 414 IV.

3570 362 3679 431 582

364 470 367 473 ‘
427 450 662 511 σκαλίαν
700 458 886 512 αὑτοῦ·
915 457 1105 514 τούτου
1139 460 1299 530 χάριν
1330 463 1379 515 οί
1416 463 1562 528 ἅγιοι
1594 461 1883 516 ἀπόστολοι
1913 460 1999 531 τὴν

2114 459 2340 518 factoris
2392 465 2533 533 apud
2603 464 2882 519 Christum
2947 475 3112 534 atque
3179 465 3301 535 ejus
3362 468 3674 530 doctrinam

425 547 638 617 αἵρεσιν
691 548 901 617 ταύτην
950 551 1331 617 ἐκκόπτοντες,
1379 553 1467 605 διὰ
1493 555 1592 620 τῆς
1647 551 1817 620 εὐχῆς
1857 569 1999 621 παρ-

426 638 649 695 ιστῶσιν
680 680 695 703 ,
727 639 802 701 ὡς
832 641 993 700 αὐτός
1020 644 1135 695 ἐστι
1166 643 1297 705 θεὸς
1342 644 1670 713 κοσμοποιὸς
1700 644 1795 695 καὶ
1819 642 1999 713 Πατὴρ

2107 644 2330 715 ejusque
2381 646 2712 704 doctrinam.
2764 648 2975 706 Idcirco
3018 653 3195 706 sancti
3245 656 3481 721 apostoli
3529 657 3674 719 haue
3756 706 3780 718 ,

419 730 515 784 τοῦ
544 731 797 800 Σωτῆρος
832 731 1114 801 ὑπάρχων·
1141 733 1263 786 καθ’
1286 735 1368 786 ὅτι
1402 734 1534 806 παρ’
1564 734 1728 787 αὑτοῦ
1757 734 2001 786 δέδονται

422 821 739 891 ἀμφότεραι
769 822 826 875 αἱ
859 822 1142 891 διαθῆκαι.
1194 825 1253 876 '0
1278 824 1368 877 διὰ
1405 824 1680 895 στόματος
1705 825 1873 878 Δαῦὶδ
1900 824 1999 878 τεῦ

420 911 613 974 παιδός
649 928 744 965 σου
786 911 978 966 εἰπών·
1009 914 1098 967 ἵνα
1131 914 1183 966 τί
1218 914 1498 983 ἐφρύαξαν
1529 916 1698 986 Edim;
1730 916 1999 987 Καθάπερ

421 1002 698 1073 συνθήκας
727 1004 1087 1067 ἀπαιτοῦντες
1118 1005 1209 1058 τὸν
1232 1006 1389 1071 Θεὸν,
1419 1008 1520 1076 τὴν
1547 1009 1889 1077 προφητείαν
1922 1011 2001 1071 εἰς

423 1093 588 1159 μέσον
610 1093 857 1160 ἄγουσιν·
888 1094 1006 1164 ἅμα
1057 1096 1152 1148 καὶ
1199 1098 1427 1158 ἑαυτοὺς
1496 1099 1998 1170 παραμυθούμενοι,

419 1183 501 1237 ὅτι
536 1183 661 1255 εἰκῆ
699 1185 873 1238 ταῦτα
905 1186 1200 1256 μελετῶσιν
1235 1189 1284 1242 οἱ
1314 1187 1521 1258 ἐχθροί.

496 1457 610 1513 Καὶ
636 1460 708 1513 τὰ
734 1444 879 1523 ’νῦικ
913 1460 1111 1530 Κύριε,
1150 1461 1319 1516 ἔπιδε
1365 1463 1459 1516 ἐπὶ
1487 1463 1595 1529 τὰς
1621 1464 1873 1530 ἀπειλὰς
1898 1466 2002 1519 aito

426 1548 546 1603 τῶν
576 1566 589 1579 ·
614 1550 712 1604 καὶ
741 1551 847 1617 δὸς
891 1552 1016 1618 τοῖς
1054 1553 1297 1620 δούλοις
1326 1571 1443 1609 σου
1481 1556 1630 1624 μετὰ
1658 1558 2000 1625 παρῤηοίας

421 1641 625 1708 πάσης
656 1642 872 1696 λαλεῖν
897 1643 1004 1697 τὸν
1033 1647 1220 1714 λόγον
1247 1662 1387 1699 σου.

504 1732 601 1785 Ἐν
625 1732 705 1798 τῷ
739 1731 852 1801 τὴν
884 1733 1049 1802 χεῖρά
1104 1752 1219 1790 σου
1244 1736 1534 1791 ἐκτείνειν
1591 1754 1664 1791 σε
1694 1740 1783 1804 είς
1829 1739 2000 1791 ἴασιν

424 1821 524 1876 καὶ
562 1823 779 1892 σημεῖα
812 1823 910 1876 καί
958 1825 1170 1893 τέρατα
1197 1828 1475 1895 γενέσθαι
1513 1827 1560 1858 ²⁹
1599 1827 1697 1882 διὰ
1719 1828 1823 1882 τοῦ
1863 1830 1995 1881 ὀνό-

422 1929 601 1982 ματος
638 1913 743 1967 τοῦ
772 1914 944 1982 ἁγίου
974 1915 1189 1981 παιδός
1226 1914 1340 1971 σου
1382 1917 1605 1984 Ἰησοῦ.

492 2004 601 2058 Kal
626 2003 957 2072 δεηθέντων
986 2003 1208 2071 αὐτῶν,
1257 2007 1563 2074 ἐσαλεύθη
1617 2011 1649 2062 ὀ
1681 2010 1884 2073 τόπος,
1924 2006 1994 2060 ἐν

423 2088 472 2162 ᾧ
508 2091 670 2164 ἦσαν
715 2096 1104 2164 συνηγμένοι·
1148 2099 1247 2151 καὶ
1297 2098 1701 2167 ἐπλήσθησαν
1732 2100 1994 2163 ἅπαντες

423 2187 767 2254 Πνεύματος
810 2188 1019 2256 ἁγίου·
1063 2188 1162 2242 καὶ
1213 2188 1477 2243 ἐλάλουν
1522 2189 1629 2242 τὸν
1676 2191 1862 2260 ,λόγον
1888 2190 1990 2244 τοῦ

426 2276 574 2333 Θεοῦ
592 2278 741 2345 μετὰ
769 2280 1132 2347 παῤῥησίας.

495 2370 724 2439 Ποιῆσαι
767 2371 865 2424 ὅσα
898 2371 1078 2442 ἡχείρ
1140 2389 1232 2424 σου
1292 2372 1451 2441 καὶὴ
1504 2371 1665 2441 βουλή
1723 2388 1816 2424 σου
1859 2388 1993 2441 προ-

423 2459 610 2531 ὡρισε.
643 2461 953 2526 Τουτέστιν,
996 2463 1112 2516 Οὐκ
1150 2462 1304 2517 αὐτοὶ
1351 2463 1614 2532 ἴσχυσαν·
1657 2461 1792 2514 ἀλλά
1837 2462 1902 2514 σὺ
1943 2458 1993 2513 εἶ

422 2554 451 2606 6
476 2552 538 2604 τὸ
574 2553 682 2605 πᾶν
727 2553 1049 2622 ἐπιτρέψας,
1093 2552 1186 2606 καὶ
1235 2555 1317 2615 εἰς
1351 2553 1525 2623 πέρας
1561 2549 1805 2620 ἀγαγών·
1834 2552 1862 2604 6
1900 2550 1993 2601 εὐ-

428 2644 668 2713 μήχανος
709 2644 803 2696 καὶ
856 2645 1039 2712 σοφός·
1074 2646 1102 2697 6
1128 2646 1241 2706 τοῖς
1291 2642 1504 2713 ἐχθροῖς
1525 2642 1605 2706 εἰς
1642 2642 1704 2695 τὸ
1747 2641 1994 2711 βούλημά

427 2751 521 2788 σου
583 2735 950 2806 χρησάμενος.
1023 2736 1291 2804 Συνῆλθον
1345 2736 1444 2805 μὲν
1482 2736 1591 2804 γὰρ
1655 2736 1857 2789 ἐκεῖνοι
1914 2733 1991 2796 ὡς

423 2825 630 2896 ἐχθροὶ,
656 2827 872 2880 ἐποίουν
901 2827 956 2878 δὲ
978 2826 1015 2880 ὃ.
1045 2830 1110 2879 σὺ
1150 2826 1394 2880 ἐϐούλου.
1427 2826 1469 2876 Τ
1476 2825 1491 2876 ί
1526 2824 1583 2878 δέ
1613 2825 1785 2888 ἐστιν,
1822 2824 1994 2894 ὴχείρ

427 2932 564 2983 σονς
626 2917 891 2970 Ἐνταῦθα
943 2915 1104 2971 τοῦτό
1167 2933 1258 2987 μοι
1296 2916 1339 2947 ³⁰
1367 2916 1513 2969 δοκεῖ
1560 2914 1740 2982 λέγειν
1766 2913 1993 2983 δύναμιν

426 3010 522 3062 καὶ
552 3009 770 3080 βουλήν·
804 3010 889 3062 ὅτι
917 3010 1089 3079 ἀρκεῖ
1127 3006 1452 3080 βουληθῆναι
1490 3023 1549 3059 σε
1582 3007 1762 3077 μόνον.
1805 3006 1992 3069 Οὐδεὶς

2106 552 2248 606 male
2282 552 2537 619 audiunt,
2564 562 2618 608 et
2640 553 3025 610 obtrectationi
3059 564 3189 610 sunt
3212 560 3351 627 apud
3387 559 3670 618 Christum

2106 736 2356 790 haeresim
2422 746 2477 792 et
2534 750 2742 794 sectam
2799 741 3190 798 exscindentes
3248 744 3663 816 intelligendum

2104 829 2370 896 praebent,
2410 831 2661 886 eumdem
2682 847 2815 888 esse
2839 831 3030 898 Deum,
3052 836 3145 904 qui
3174 846 3228 890 et
3259 839 3448 893 mundi
3500 840 3675 895 iactor

2105 927 2160 973 ct
2186 919 2348 974 Pater
2371 920 2685 977 Servatoris
2707 924 2796 988 sit,
2843 926 3102 993 quoniam
3135 927 3206 981 ab
3248 927 3343 980 illo
3374 928 3560 984 datum
3587 942 3676 987 est

2105 1020 2398 1081 utrumque
2428 1022 2839 1070 testamentum.
2877 1016 2979 1083 Qui
3014 1033 3111 1087 per
3133 1034 3195 1073 os
3241 1018 3464 1075 Davidis
3516 1028 3671 1092 pueri

2102 1103 2183 1155 tui
2214 1103 2439 1157 dixisti:
2475 1104 2656 1169 Quare
2713 1104 3054 1162 fremuerunt
3100 1110 3335 1178 gentes?
3385 1109 3670 1183 Tanquam

2100 1193 2283 1249 foedus
2311 1204 2363 1249 et
2393 1206 2550 1264 pacta
2575 1211 2607 1251 a
2654 1195 2766 1251 Deo
2812 1197 3181 1266 postulantes,
3235 1202 3573 1269 prophetiam
3615 1203 3671 1257 in

2102 1284 2340 1339 medium
2366 1285 2682 1340 adducunt:
2713 1288 2878 1343 simul
2918 1289 3085 1343 etiam
3140 1289 3351 1359 seipsos
3378 1293 3672 1348 consolan-

2101 1384 2200 1437 tes,
2238 1374 2381 1444 quod
2413 1370 2754 1431 ittec‘iruslra
2795 1379 3190 1432 meditarentur
3226 1380 3459 1435 inimici.

2174 1464 2340 1520 Vens.
2383 1465 2473 1521 29.
2535 1465 2600 1519 Et
2646 1483 2805 1533 nunc,
2850 1462 3123 1532 Domine,‘
3159 1472 3337 1538 aspice
3384 1472 3452 1523 ad
3496 1473 3672 1526 minas

2098 1573 2318 1611 eorum:
2378 1570 2427 1611 ct
2466 1558 2537 1611 da
2589 1559 2752 1612 servis
2803 1560 2927 1626 tuis,
2983 1570 3042 1613 ut
3109 1576 3229 1615 cunt
3283 1563 3428 1616 omni
3473 1563 3673 1631 ﬁducia

2101 1647 2387 1717 loquantur
2417 1664 2706 1702 sermonem
2732 1659 2879 1701 tuum
2889 1686 2904 1712 ,

2182 1737 2347 1793 Vens.
2385 1738 2473 1792 50.
2509 1736 2730 1789 Manum
2761 1747 2906 1789 tuam
2933 1738 3259 1793 extendendo
3281 1738 3349 1792 ad
3372 1742 3674 1795 sanctiones

2104 1835 2152 1879 et
2182 1826 2335 1894 signa
2371 1835 2528 1894 atque
2573 1824 2819 1895 irodigia
2868 1825 3114 1894 facienda
3163 1843 3256 1897 per
3281 1844 3469 1883 nomen
3499 1829 3673 1883 sancti

2112 1913 2248 1967 Filii
2276 1915 2356 1967 tui
2384 1914 2535 1967 Jesu.

2177 2005 2337 2059 Vens.
2381 2005 2472 2059 5i.
2508 2004 2579 2057 Et
2627 2005 2799 2073 ﬁnitis
2847 2005 3088 2073 precibus
3142 2022 3350 2073 eorum,
3420 1992 3670 2061 motuset

2103 2112 2389 2149 concussus
2421 2105 2500 2149 est
2529 2096 2697 2161 locus,
2735 2095 2825 2149 ubi
2847 2106 2999 2150 erant
3020 2098 3358 2166 congregati:
3409 2108 3458 2151 et
3489 2098 3672 2166 repleti

2104 2197 2227 2240 sunt
2258 2203 2436 2240 omnes
2490 2185 2700 2255 Spiritu
2768 2196 2977 2251 sancto,
3017 2198 3065 2240 et
3113 2185 3275 2241 libere
3303 2195 3333 2222 ⁸³
3379 2203 3670 2241 sermonem

2103 2277 2200 2331 Dei
2230 2280 2624 2345 eloquebantur.

2177 2367 2239 2422 Ut
2273 2368 2517 2422 facerent
2546 2382 2884 2437 quaecunque
2916 2381 3110 2421 manus
3148 2376 3237 2421 tua
3270 2375 3326 2421 et
3376 2365 3670 2421 consilium

2104 2466 2256 2512 tuum
2297 2457 2663 2526 praestituerat
2707 2473 2773 2510 ac
2819 2455 3324 2526 praedestinaverat.
3374 2456 3490 2511 Hoc
3536 2466 3669 2510 cst:

2103 2549 2220 2606 Non
2249 2549 2351 2618 ipsi
2386 2555 2722 2617 potuerunt:
2758 2547 2851 2603 sed
2913 2559 2970 2602 tu
3001 2562 3062 2602 es
3122 2550 3189 2611 is,
3250 2548 3344 2617 qui
3401 2546 3666 2616 quidquid

2104 2639 2326 2704 accidit,
2373 2640 2486 2695 lieri
2521 2639 2846 2708 permisisti,
2901 2648 2956 2694 et
2989 2639 3056 2694 ad
3112 2639 3274 2694 linem
3327 2638 3669 2709 perduxisti:

2103 2732 2195 2800 qui
2222 2729 2382 2784 facile
2414 2744 2527 2785 rem
2558 2744 2834 2800 quamque
2862 2729 3124 2799 expedire
3150 2737 3203 2785 et
3230 2730 3507 2799 explicare
3537 2730 3670 2792 scis,

2104 2821 2199 2892 qui
2232 2820 2455 2892 sapiens
2489 2830 2545 2874 et
2583 2821 2761 2876 solers
2786 2835 2870 2884 es,
2918 2819 3013 2891 qui
3046 2820 3394 2875 inimicorum
3428 2827 3672 2881 tuorum,

2104 2911 2160 2964 in
2225 2911 2293 2966 iis
2344 2925 2463 2978 qua:
2517 2909 2864 2971 decreveras,
2898 2922 3065 2977 opera
3095 2922 3227 2961 usus
3275 2922 3359 2963 es.
3407 2906 3671 2961 Coieruut

2102 3003 2249 3060 enim
2274 3002 2370 3066 illi,
2397 3011 2456 3056 ut
2477 3001 2717 3056 inimici:
2745 2999 3020 3056 iaciebant
3051 3010 3255 3065 autem,
3288 3016 3409 3070 quae
3432 3007 3488 3053 tu
3528 2999 3679 3053 vole-

424 3101 534 3169 γὰρ
561 3100 787 3170 δυνάμει
850 3100 1154 3171 προορίζει·
1214 3099 1495 3152 τουτέστιν
1520 3137 1535 3163 ,
1573 3099 1673 3151 ὅσα
1721 3096 1992 3159 διέταξας.

2107 3097 2226 3152 bas.
2257 3093 2400 3160 Quid
2436 3104 2616 3148 autem
2673 3103 2759 3147 est
2790 3091 2865 3156 id,
2925 3091 3070 3163 quod
3123 3092 3279 3155 dicit,
3328 3091 3677 3160 Quaecunque

429 3190 597 3261 Ὅρα,
632 3192 733 3245 οὐκ
764 3186 938 3252 εἷπον,
977 3189 1145 3261 ρώξον
1185 3191 1227 3221 ³⁸
1258 3190 1455 3252 αὐτοὺς
1482 3189 1576 3242 καὶ
1615 3187 1744 3258 βάλε
1780 3186 1994 3248 αὐτούς·

428 3281 564 3336 ἀλλὰ
597 3282 674 3345 τί,
701 3284 889 3336 Ἔπιδε
926 3285 1018 3343 ἐπὶ
1042 3284 1141 3347 τὰς
1164 3283 1394 3345 ἀπειλὰς
1427 3281 1626 3336 αὐτῶν·
1653 3280 1749 3333 καλ⁵
1774 3279 1861 3342 δὸς
1887 3281 2000 3340 τοῖς

425 3373 636 3437 δούλοις
686 3391 778 3426 σου
810 3373 945 3444 μετὰ
977 3373 1290 3444 παρρησίας
1329 3370 1507 3424 λαλεῖν
1548 3370 1639 3424 τὸν
1676 3370 1836 3438 λόγον
1881 3385 1996 3421 σου.

429 3465 540 3516 Καὶ
571 3464 877 3533 δεηθέντων
912 3462 1116 3528 αὐτῶν,
1148 3461 1418 3531 ἐσαλεύθη
1444 3463 1472 3515 6
1502 3461 1665 3524 τόπος
1709 3458 1913 3524 αὐτῶν,
1943 3460 2000 3511 ὲν

426 3550 473 3626 ᾧ
522 3553 663 3628 ἦσαν
718 3558 1067 3627 συνηγμένοι.
1122 3557 1227 3610 Τοῦ
1276 3555 1617 3626 ἀκουσθῆναι
1652 3555 1883 3617 αὐτοὺς,
1906 3553 2002 3605 καὶ

428 3649 527 3717 τῆς
555 3647 895 3719 ἐπισκέψεως
942 3649 1102 3703 τοῦτο
1134 3650 1434 3719 τεκμήριον
1484 3648 1694 3715 γέγονε.
1726 3644 1861 3696 Ιιοτὲ
1905 3642 2004 3713 μὲν

429 3741 541 3812 γὰρ
571 3742 740 3812 ὀργῆς
774 3743 893 3795 ἔστι
920 3742 1098 3795 τοῦτο·
1133 3741 1349 3794 ποτὲηδὲ
1378 3738 1742 3809 ἐπισκέψεως.
1766 3734 2005 3805 ιὶύχοντο

429 3831 487 3885 δὲ
518 3834 568 3885 οἱ
600 3832 911 3886 ἀπόστολοι·
957 3832 1077 3902 οὐχὶ
1098 3832 1255 3885 αὐτοὶ
1289 3828 1721 3900 παραιτούμενοι
1746 3823 2005 3895 δυσχερές

431 3941 485 3977 τι
534 3924 763 3979 παθεῖν·
804 3924 941 3978 ἀλλὰ
978 3924 1109 3995 περὶ
1154 3922 1249 3975 τοῦ
1303 3921 1680 3992 κηρύγματος.
1716 3919 1816 3971 Διὰ
1866 3916 2006 3969 τίδὲ

435 4013 646 4067 ἔσεισεν
708 4015 737 4068 6
775 4014 927 4077 Θεὸς
958 4014 1050 4067 τὸν
1093 4008 1279 4079 οἷκον;
1321 4011 1502 4080 φοϐῶν
1547 4009 1645 4079 μὲν
1672 4009 1796 4070 τοὺς
1852 4007 2008 4059 ἀπει-

432 4103 680 4168 λοῦντας·
711 4105 791 4169 είς
839 4104 1041 4175 θάρσος
1073 4103 1132 4156 δὲ
1165 4102 1384 4169 ἀνάγων
1410 4100 1454 4131 ³⁸
1488 4099 1615 4161 ταὺς
1644 4097 2003 4160 ἀποστόλους·

431 4194 623 4263 ἔπειδὴ
675 4195 820 4267 ἀρχὴ
869 4190 958 4266 ἦν,
1015 4194 1134 4258 καὶ,
1182 4187 1443 4260 αἰσθητοῦ
1502 4187 1709 4240 ἐδέοντο
1755 4187 2004 4256 σημείου.

447 4285 748 4352 Ἑσαλεύθη
783 4281 877 4338 οὖν
904 4288 932 4338 6
965 4284 1127 4346 τόπος
1187 4283 1281 4335 καὶ
1317 4279 1515 4350 μᾶλλον
1548 4277 1878 4345 ἐστερέωσεν
1908 4275 2007 4328 αὐ-

442 4379 594 4441 τούς.
629 4379 740 4431 Καὶ
786 4378 1136 4449 ἐπλήσθησαν
1189 4376 1428 4436 ἅπαντες
1474 4370 1788 4440 Πνεύματος
1827 4367 2005 4436 ἁγίου·

2109 3203 2307 3243 manus
2345 3196 2460 3240 tua.
2496 3185 2594 3239 llic
2626 3185 2760 3239 mihi
2794 3200 2908 3239 rem
2947 3183 3191 3239 eamdem
3238 3182 3420 3237 dicere
3467 3183 3679 3236 ridetur

2108 3295 2204 3350 per
2230 3278 2529 3348 potentiam
2563 3286 2618 3331 et
2649 3276 3009 3340 voluntatem,
3033 3274 3161 3341 quia
3190 3273 3389 3329 suﬂicit
3444 3282 3495 3327 te
3536 3273 3680 3327 dun—

2107 3380 2260 3426 taxat
2281 3369 2536 3425 voluisse.
2574 3366 2746 3424 Nemo
2795 3368 2941 3423 enim
2994 3366 3202 3421 viribus
3232 3375 3396 3436 atque
3432 3362 3678 3435 potentia

2108 3461 2220 3533 48
2258 3460 2554 3531 praestituit
2580 3468 2746 3530 atque
2776 3458 3149 3529 praedestinat.
3190 3456 3247 3511 id
3276 3464 3362 3511 est
3417 3470 3680 3526 quacun-

2111 3566 2216 3620 que
2238 3548 2577 3606 constituisti
2612 3557 2777 3617 atque
2820 3547 3133 3602 decrevisti.
3180 3544 3244 3598 Et
3278 3560 3424 3600 mute
3468 3544 3675 3614 aspice.

2108 3643 2517 3706 Animadverte,
2576 3656 2686 3694 non
2740 3640 2897 3704 dixit,
2965 3638 3245 3705 disrumpe
3297 3652 3413 3701 eos,
3466 3647 3520 3691 ct
3578 3637 3679 3692 feri

2111 3742 2274 3803 atque
2331 3740 2617 3802 prosterne
2668 3744 2787 3793 eos,
2868 3726 2960 3781 sed
3020 3724 3194 3794 quid?
3248 3725 3448 3795 Aspice
3502 3727 3681 3779 minas

2112 3838 2326 3886 eorum,
2392 3830 2447 3876 et
2503 3820 2574 3874 da
2604 3817 2779 3873 servis
2833 3815 2944 3871 tuis
2993 3815 3161 3870 libere
3209 3814 3389 3882 eloqui
3450 3815 3680 3869 verbum

2114 3925 2292 3971 tuum.
2324 3911 2391 3965 Et
2414 3909 2585 3964 liuitis
2617 3892 2874 3977 precibus
2897 3920 3113 3970 eorum,
3167 3914 3349 3959 motus
3380 3914 3464 3959 cst
3504 3903 3680 3969 locus,

2113 4010 2300 4077 inquo
2341 4010 2499 4058 erant
2544 3997 2886 4068 congregati.
2932 3994 3047 4050 lloc
3110 3994 3525 4064 signiﬁcabatur
3585 4009 3684 4048 eos

2113 4095 2405 4153 exauditos
2431 4099 2545 4147 eta
2605 4088 2717 4144 Deo
2772 4087 3025 4142 visitatos
3071 4097 3216 4138 esse.
3246 4080 3383 4136 Nam
3446 4080 3497 4135 id
3546 4080 3683 4134 alias

2113 4184 2334 4256 quidem
2358 4182 2487 4246 irar,
2550 4190 2948 4247 nonnunquam
3007 4173 3169 4251 etiam
3228 4171 3561 4227 visitatiouis
3596 4177 3681 4224 est

2115 4274 2354 4343 signum.
2383 4267 2630 4324 Orabant
2672 4275 2855 4318 autem
2895 4261 3153 4333 apostoli,
3201 4275 3308 4313 non
3361 4269 3682 4314 recusantes

2116 4380 2180 4419 ac
2226 4363 2608 4431 deprecantes,
2663 4370 2732 4409 ne
2778 4353 2909 4424 quid
2963 4351 3096 4421 ipsis
3141 4350 3416 4406 accideret
3475 4351 3684 4406 incom-

444 4468 749 4533 τουτέστιν,
809 4466 1312 4537 ἁνεζωπυρήθησαν
1340 4504 1356 4531 ,
1431 4461 1528 4516 καὶ
1588 4460 1902 4516 ἀνεκαίοντο
1947 4459 1999 4509 ὲν

2118 4454 2299 4511 medi:
2358 4450 2454 4507 sed
2491 4447 2814 4504 laborabant
2863 4445 2930 4500 de
2987 4443 3393 4515 praedicatione.
3446 4441 3550 4496 Sed
3577 4455 3682 4537 cur

435 4559 619 4622 αὐτοῖς
643 4558 706 4612 τὸ
734 4560 1002 4629 χάρισμα.

2115 4548 2259 4602 Deus
2280 4539 2561 4599 concussit
2590 4536 2853 4594 domum?
2886 4543 2945 4589 ut
2992 4540 3222 4588 terreret
3270 4531 3488 4602 quidem
3517 4528 3683 4584 mini-

437 4623 843 4707 tabuttdosi‘ail
880 4623 1045 4703 uniuni
1080 4664 1207 4703 vero
1240 4647 1585 4717 praesentiam
1615 4653 1775 4714 atque
1799 4642 2050 4697 ﬁduciam
2094 4640 2381 4695 reduceret
2415 4629 2715 4702 apostolos,
2755 4626 3013 4698 quoniam
3064 4623 3389 4694 principium
3439 4627 3576 4717 erat,
3627 4634 3685 4684 οι

438 4746 617 4813 signo,
666 4743 810 4813 quod
868 4757 1032 4797 sensu
1066 4714 1460 4811 perciperetur.
1502 4753 1637 4808 opus
1730 4734 2020 4789 habebant.
2099 4730 2420 4787 Concussus
2449 4732 2533 4780 est
2565 4737 2696 4817 ergo
2730 4721 2905 4783 locus,
2945 4728 3001 4772 et
3032 4718 3204 4817 magis
3229 4729 3324 4770 eos
3389 4714 3681 4817 conﬁrma-

440 4810 538 4892 vit.
579 4834 645 4889 Et
678 4810 866 4902 repleti
901 4840 1026 4887 sunt
1050 4847 1240 4885 omnes
1269 4828 1474 4900 Spiritu
1501 4836 1715 4892 sancto,
1747 4826 1851 4880 hoc
1879 4835 1987 4889 est,
2029 4820 2252 4879 excitati
2350 4832 2414 4870 ac
2464 4812 2701 4869 recreati
2750 4817 2914 4867 sunt:
2977 4816 3033 4863 et
3113 4810 3256 4861 intra
3335 4821 3457 4861 sese
3509 4810 3684 4877 gratia

447 4927 913 4982 accendebantur.

519 5018 626 5072 Τοῦ
654 5018 722 5071 δὲ
747 5017 1022 5084 πλήθους
1068 5015 1187 5070 τῶν
1214 5012 1676 5069 πιστευσάντων
1700 5007 1778 5081 ἦν
1802 5012 1841 5079 ἡ
1864 5025 2006 5078 καρ-

441 5108 541 5163 διά
571 5111 666 5165 καὶ
696 5110 734 5177 ἠ
768 5107 939 5179 ψυχὴ
954 5110 1079 5177 μία·
1124 5106 1220 5161 καί
1252 5104 1395 5160 οὐδὲ
1440 5099 1528 5170 εἷς
1567 5121 1618 5157 τι
1654 5100 1773 5156 τῶν
1813 5104 2005 5169 ὑπαρ-

442 5201 674 5268 χόντων
708 5199 916 5266 αὐτοῖς
959 5200 1003 5232 ³³
1055 5201 1265 5268 ἔλεγεν
1320 5198 1477 5251 ιδιον
1518 5191 1689 5249 εἶναι·
1748 5193 1882 5248 ἀλλ’
1928 5188 2007 5262 ἦν

442 5292 647 5359 αὐτοῖς
671 5292 907 5349 ἅπαντα
938 5290 1130 5345 κοινά.

2188 5002 2356 5055 Vens.
2390 4995 2479 5052 '59..
2518 4993 2686 5048 Porro
2716 4976 3074 5044 multitudinis
3101 5002 3283 5041 eorum
3313 4984 3405 5055 qui
3446 4980 3683 5036 credide-

2116 5102 2240 5148 rant
2270 5099 2384 5146 erat
2403 5103 2495 5142 cor
2533 5100 2696 5139 unum
2734 5092 2783 5136 et
2838 5081 3024 5134 anima
3055 5094 3201 5133 una:
3261 5092 3353 5130 nec
3400 5073 3679 5144 quisquam

2115 5183 2614 5242 suorum’bonorum
2648 5176 2921 5246 quicquam
2968 5188 3124 5227 suum
3169 5186 3279 5225 esse
3317 5166 3555 5222 dicebat:
3588 5160 3680 5215 sed

2115 5286 2269 5333 erant
2293 5274 2369 5328 eis
2402 5271 2577 5325 omnia
2605 5266 2926 5323 communia.

1592 5421 1792 5484 Yariaa
1817 5417 2130 5480 lectiones
2159 5421 2220 5475 et
2267 5415 2461 5472 notae.

516 5554 863 5626 ”_I'i\gs:301t,
908 5563 982 5607 est
1040 5555 1094 5607 in
1143 5554 1387 5626 vulgatis.
1463 5552 1506 5584 '°
1553 5551 1637 5626 ίσ.
1686 5545 1857 5626 ταύτό¹
1904 5562 1941 5614 μ

1943 5563 2014 5598 οι.
2090 5543 2134 5575 at
2172 5536 2381 5603 Ῥἧξον,
2423 5534 2510 5587 ἷσ.
2586 5528 2633 5562 ³⁸
2669 5526 2935 5603 ’Δνάγεεγι
2966 5529 3104 5603 Era"
3256 5511 3681 5603 ’l‘-3’"f€9.‘.§f.“"

446 5592 615 5692 αὖτ’ῷῖ
637 5592 1515 5693 73‘“Et;39:2'phb"e§}}'";£}i,3iura
1548 5592 1676 5673 adeo
1715 5592 1964 5684 obsoleta,

2107 5592 2379 5667 (iecerit-ere
2409 5618 2511 5658 non
2561 5613 2785 5666 possem,
2813 5592 3039 5654 αὐτοῖς,
3104 5594 3253 5652 esset,
3280 5600 3352 5639 an
3407 5592 3609 5636 αὐτων.

528 5746 557 5774 ιι
590 5735 652 5790 ν.
685 5752 801 5790 cum
838 5736 1059 5805 ﬁducia.
