4116 6216
425 315 529 380 589

1242 313 1641 374 EXPOSITIO
1680 313 1759 373 IN
1798 308 2575 372 ACTAAPOSTOLORUM.
2613 310 2861 374 —CAP.
2914 314 2983 374 V.

3586 313 3693 378 590

441 423 663 495 σημεῖα
716 422 812 477 καὶ
843 422 1058 491 τέρατα
1087 423 1156 477 ἐν
1196 423 1277 490 τῷ
1304 424 1431 489 λαῷ
1457 422 1677 479 πολλά.
1709 423 1817 478 Kal
1846 419 2009 493 ἦσαν

2121 419 2165 473 in
2187 421 2383 490 populo
2437 421 2591 491 signa
2620 431 2670 476 et
2707 422 2952 491 prodigia
2969 419 3157 480 multa.
3215 420 3285 477 Et
3326 426 3478 479 erant
3517 431 3692 477 cuncti

437 513 816 586 ὁμοθυμαδὸν
881 513 1147 580 ἅπαντες
1190 515 1259 568 ἐν
1325 515 1398 583 τῇ
1478 513 1633 583 στοᾷ
1687 512 2000 583 Σολομῶν-

433 624 536 673 τος
561 609 628 662 ⁸¹.

511 721 635 776 Τῶν
655 719 725 773 δὲ
755 718 987 773 λοιπῶν
1036 719 1240 783 οὐδεὶς
1293 719 1516 788 ἐτόλμα
1544 717 1880 775 κολλᾶσθαι
1903 719 2006 771 αὺ-

433 811 578 877 τοῖς·
603 810 742 864 ἀλλ’
792 809 1163 879 ἐμεγάλυνεν
1187 810 1410 876 αὐτοὺς
1438 814 1471 864 ὁ
1494 811 1664 876 λαός.

504 899 758 956 Μᾶλλον
787 897 882 951 ’δὲ
936 900 1361 967 προσετίθεντο
1378 902 1423 932 ⁸³
1485 902 1878 966 πιστεύοντες
1930 898 2009 964 τῷ

433 993 627 1062 Κυρίῳ
650 988 855 1057 πλήθη
894 989 1131 1059 ἀνδρῶν
1160 1007 1223 1043 τε
1246 991 1345 1044 καὶ
1377 992 1700 1061 γυναικῶν.

504 1166 686 1220 Ὥστε
715 1165 868 1219 κατὰ
892 1165 996 1231 τὰς
1017 1167 1308 1232 πλατείας
1353 1167 1633 1236 ἐκφέρειν
1659 1168 1799 1235 τοὺς
1826 1170 2002 1224 ἀσθε-

430 1256 580 1323 νεῖς,
647 1256 747 1311 καὶ
806 1255 1032 1310 τιθέναι
1078 1255 1178 1309 ἐπὶ
1225 1257 1454 1312 κλινῶν
1482 1259 1582 1313 καί
1640 1259 2003 1329 κραϐὄάτων,

430 1348 763 1417 ἐρχομένου
816 1348 1042 1415 Πέτρου
1097 1346 1214 1401 κᾶν
1249 1349 1287 1415 ἡ
1319 1351 1463 1404 σκιὰ
1510 1350 1841 1419 ἐπισκιάσει
1874 1353 2006 1415 ,τινὶ

431 1439 649 1496 αὐτῶν.

505 1554 849 1625 Συνήρχετο
868 1554 938 1609 δὲ
960 1554 1060 1611 καὶ
1091 1556 1158 1610 τὸ
1182 1556 1416 1626 πλῆθος
1443 1556 1564 1610 τῶν
1578 1557 1750 1626 πέριξ
1770 1549 2024 1614 πόλεων

432 1651 521 1713 είς
556 1647 971 1718 Ἰερουσαλὴμ,
1019 1650 1308 1719 φέροντες
1331 1651 1612 1717 ἀσθενεῖς
1638 1651 1737 1705 καὶ
1782 1652 2004 1720 ὀχλου-

427 1737 655 1807 μένους
706 1736 826 1792 ὑπὸ
892 1739 1250 1808 πνευμάτων
1320 1738 1671 1807 ἀκαθάρτων
1706 1779 1720 1804 ,
1788 1741 2004 1807 οῖτινες

431 1825 864 1892 ἐθεραπεύοντο
893 1825 1174 1894 ἅπαντες.

500 1937 658 1991 Μετὰ
689 1937 748 1990 τὸ
771 1938 1022 2005 γενέσθαι
1048 1939 1140 1993 τὸν
1186 1939 1351 2008 φόϐον
1399 1940 1600 2007 αὐτῶν,
1652 1942 1877 1997 πλείονα
1905 1960 2003 2013 ση-

439 2031 564 2099 μεῖα
597 2030 774 2083 ἐποίει
828 2030 991 2093 αὐτὸς
1058 2031 1151 2084 καὶ
1182 2033 1231 2085 ol
1258 2032 1454 2086 λοιποί.
1496 2029 1694 2090 Ἦσαν
1727 2035 1797 2089 δὲ
1828 2037 1898 2089 ἐν
1929 2037 2007 2105 τῇ

432 2115 587 2186 στοᾷ
613 2117 1017 2186 Σολομῶντος.
1050 2120 1249 2174 Οὐκέτι
1270 2121 1329 2173 ἐν
1355 2123 1524 2192 οἰκίᾳ,
1552 2123 1669 2176 ἀλλ’
1693 2125 1753 2177 ἐν
1767 2124 1848 2193 τῷ
1876 2125 2008 2197 ἱερῷ

432 2207 721 2279 διέτριϐον.
767 2210 986 2283 Ἐπειδὴ
1018 2207 1193 2276 εἶπεν,
1224 2211 1386 2281 ἐντῇ
1412 2212 1564 2282 στοᾷ
1599 2215 2007 2285 Σολομῶντος,

437 2299 525 2353 ἵνα
563 2300 638 2371 μὴ
663 2301 951 2375 θαυμάσῃς
994 2303 1111 2366 πῶς
1147 2302 1549 2376 συνεχώρουνοί
1577 2306 1748 2377 ὄχλοι,
1819 2309 2009 2378 φησὶν,

436 2391 563 2447 Ὀτι
595 2393 771 2457 οὐδεὶς
798 2394 982 2458 αὐτοῖς
1006 2396 1369 2467 προσεγγίσαι
1394 2399 1596 2468 ἐτόλμα
1622 2414 1636 2428 ·
1663 2399 1778 2452 ἀλλ’
1810 2401 2009 2470 ἐμεγά-

434 2481 560 2535 λυνε
590 2482 718 2546 τοὺς
744 2483 1078 2548 ἀποστόλους
1106 2486 1135 2538 ὁ
1166 2486 1458 2549 Ἰουδαῖκὺς
1490 2487 1638 2551 λαός.
1671 2488 1838 2542 Ὥστε
1867 2488 2010 2543 κατὰ

435 2573 537 2633 τὰς
591 2570 856 2636 πλατείας
905 2572 1161 2645 ἐκφέρειν
1206 2575 1334 2639 τοὺς
1388 2575 1658 2640 ἀσθενεῖς.
1699 2576 1872 2631 Τοῦτο
1919 2579 2012 2631 ἐπὶ

435 2662 677 2731 Χριστοῦ
705 2663 767 2716 οὐ
794 2663 1047 2733 γέγονεν,
1075 2665 1163 2719 ἴνα
1184 2665 1273 2720 διὰ
1318 2667 1428 2720 τῶν
1470 2666 1742 2721 πλατειῶν
1793 2669 1886 2721 καὶ
1913 2669 2014 2738 τῆς

439 2755 600 2817 σκιᾶς
653 2754 856 2809 ἕλκωσι
897 2755 996 2818 τὰς
1028 2757 1201 2821 ἰάσεις
1229 2759 1277 2811 oi
1303 2757 1621 2822 νοσοῦντες·
1671 2759 1768 2812 καὶ
1808 2759 2014 2830 μηδένα

436 2842 642 2913 τολμᾷν
698 2845 1101 2915 προσεγγίζειν.
1155 2846 1281 2910 Πῶς
1323 2845 1416 2900 οὖν
1471 2847 1710 2901 ἐνταῦθα
1755 2847 2015 2916 γίνεται;

441 2934 568 2987 Ὅτι
595 2934 759 2989 αὐτοῦ
782 2931 851 3007 ἦν
900 2935 1085 3007 ἔργον,
1147 2935 1245 2991 τοῦ
1289 2937 1539 3001 εἰπόντος
1560 2955 1576 2970 ο
1616 2938 1682 2992 '0
1714 2938 2017 2993 πιστεύων

438 3029 524 3092 είς
545 3026 671 3096 ἐμὲ,
707 3027 783 3081 τὰ
809 3026 976 3098 ἔργα,
1004 3028 1044 3083 d
1072 3027 1222 3082 ποιῶ
1248 3027 1382 3098 ἐγὼ,
1422 3028 1704 3096 κάκεῖνος
1747 3029 2014 3095 ποιήσει·

2116 512 2436 565 unanimiter
2455 513 2509 565 in
2535 512 2743 580 porticu
2775 510 3097 567 Salomonis.

2188 709 2355 766 Vnus.
2397 710 2482 763 15.
2515 711 2591 762 Ac
2621 726 2769 763 nemo
2792 719 3102 764 ceterorum
3154 708 3384 765 audebat
3413 725 3467 764 se
3493 710 3569 766 eis
3592 709 3692 769 ad-

2105 798 2328 866 jungere
2363 812 2382 849 :
2424 794 2516 849 sed
2542 796 2765 863 populus
2792 811 2879 849 eos
2918 795 3328 866 magniﬁciebat.

2185 886 2350 943 Vens.
2406 888 2494 942 14.
2528 890 2819 945 Accedebat
2874 901 3050 944 autem
3100 891 3276 959 major
3324 891 3378 945 in
3412 890 3523 945 dies
3580 890 3692 947 Βο-

2116 981 2258 1034 mino
2297 980 2617 1034 credentium
2672 990 2722 1033 et
2778 981 3010 1035 virorum
3066 990 3116 1035 et
3149 981 3465 1053 feminarum
3513 983 3694 1038 multi~

2115 1069 2267 1122 tudo.

2201 1158 2365 1215 Vens.
2432 1160 2521 1214 l5.
2593 1160 2736 1214 Adeo
2786 1172 2843 1215 ut
2914 1176 3008 1229 per
3063 1161 3272 1228 plateas
3339 1172 3681 1232 exportarcnt

2108 1262 2329 1321 aegrotos
2377 1259 2427 1303 et
2473 1263 2724 1319 ponerent
2789 1253 2843 1306 in
2913 1253 3059 1307 lectis
3129 1264 3180 1308 et
3237 1253 3546 1324 grabbatis,
3633 1268 3689 1311 ut

2110 1342 2437 1395 transeuntis
2504 1341 2650 1396 Petri
2689 1343 2768 1397 vel
2799 1343 2985 1396 umbra
3017 1346 3320 1413 quempiam
3344 1346 3692 1407 obumbraret

2109 1448 2314 1486 eorum.

2179 1545 2445 1602 VERSJG.
2478 1546 2788 1617 Con/luebat
2822 1551 2946 1605 item
2968 1566 3031 1606 ea:
3057 1551 3243 1606 vicinis
3272 1568 3473 1622 quoque
3486 1552 3695 1621 ορρὶιιὶι

2111 1640 2538 1713 Hierosolymam
2565 1644 2852 1699 multitudo
2872 1646 3144 1701 hominum
3170 1650 3500 1713 portantium
3525 1664 3695 1719 aegro.

2110 1739 2188 1785 tos
2219 1741 2266 1785 et
2296 1748 2406 1796 eos,
2429 1733 2520 1802 qui
2541 1735 2867 1787 vexabantur
2892 1752 2923 1787 a
2951 1735 3223 1803 spiritibus
3247 1738 3533 1792 immundis
3561 1755 3580 1791 :
3603 1741 3697 1807 qui

2113 1826 2453 1877 sanabantur
2491 1824 2745 1878 universi.

2188 1931 2547 2003 Posteaquam
2602 1934 2901 2005 coepissent.
2958 1936 3204 1994 homines
3277 1952 3374 1995 eos
3432 1946 3697 2005 metuere,

2123 2023 2277 2092 plora
2309 2024 2464 2095 signa
2493 2040 2619 2080 cum
2655 2028 2774 2097 ipse
2823 2025 3020 2083 Petrus
3072 2037 3186 2082 ιιιιη
3239 2030 3432 2099 reliqui
3466 2031 3697 2099 apostoli

2117 2114 2415 2172 faciebant.
2443 2117 2511 2170 Et
2540 2127 2700 2172 erant
2730 2121 2784 2173 in
2816 2122 3024 2188 porticu
3048 2119 3371 2175 Solomonis.
3414 2121 3529 2177 Non
3583 2121 3697 2191 jam

2120 2208 2356 2276 amplius
2386 2208 2617 2277 posthac
2655 2209 2825 2275 domi,
2862 2210 2957 2265 sed
2987 2211 3042 2265 iu
3080 2213 3283 2281 templo
3314 2213 3698 2267 versabantur.

2120 2298 2257 2353 Cum
2306 2299 2445 2354 dixit
2477 2314 2491 2352 :
2525 2301 2579 2354 in
2612 2302 2819 2367 porticu
2870 2301 3170 2357 Solomonis
3210 2318 3229 2357 :
3270 2316 3339 2356 ne
3387 2304 3602 2358 mireris
3641 2313 3703 2357 ut

2122 2388 2228 2444 hoc
2258 2390 2433 2444 turbae
2480 2391 2861 2460 permitterent
2911 2408 2926 2446 :
2970 2393 3178 2459 nullus,
3231 2392 3432 2462 inquit,
3484 2393 3553 2447 ad
3603 2406 3702 2473 eos

2122 2480 2353 2551 prOpius
2387 2479 2650 2536 accedere
2692 2481 2923 2537 audebat
2958 2498 2973 2535 :
3010 2481 3110 2537 sed
3142 2482 3378 2553 populus
3430 2481 3701 2537 Iudaicus

2126 2573 2408 2643 apostolos
2440 2571 2879 2643 magnilaciebat.
2914 2573 3065 2629 Adeo
3093 2583 3154 2628 ut
3182 2574 3401 2629 vicatim
3440 2573 3701 2629 etl‘errent

2124 2672 2386 2735 aegrotos.
2436 2666 2555 2720 Hoc
2578 2672 2820 2733 tempore
2842 2662 3049 2721 Christi
3079 2680 3189 2721 non
3247 2666 3467 2733 accidit,
3509 2673 3570 2719 ut
3607 2680 3703 2735 per

2125 2756 2334 2828 plateas
2367 2755 2536 2827 et52
2563 2757 2810 2811 umbram
2838 2758 3118 2813 traherent
3145 2758 3333 2829 aegroti
3353 2758 3695 2824 sanationes,

2127 2860 2234 2901 neu
2292 2844 2584 2915 quisquam
2621 2845 2876 2915 proprius
2908 2846 3170 2902 accedere
3186 2847 3436 2902 auderet.
3476 2845 3581 2912 Qui
3605 2845 3705 2915 igi-

2128 2946 2217 2992 tur
2240 2937 2331 2993 bic
2360 2938 2418 2991 lit
2450 2937 2475 2991 ?
2501 2940 2640 3004 Quia
2665 2939 2812 2994 illius
2837 2946 2958 2993 erat
2985 2952 3146 3007 opus,
3173 2939 3268 3009 qui
3302 2939 3517 2994 dixerat
3547 2955 3561 2992 :
3596 2936 3705 3004 Qui

2126 3031 2290 3085 credit
2315 3032 2370 3085 in
2394 3047 2495 3095 me,
2526 3046 2705 3099 opera,
2736 3046 2852 3100 qute
2867 3046 2960 3099 ego
2987 3030 3148 3100 facio,
3169 3032 3329 3085 etiam
3368 3030 3464 3085 ille
3495 3030 3655 3098 faciet
3681 3043 3704 3082 :

440 3118 544 3173 καὶ
581 3117 826 3188 μείζονα
856 3119 1085 3175 τούτων
1137 3121 1401 3190 ποιήσει.
1470 3122 1815 3193 Πανταχόθεν
1837 3122 1894 3177 δὲ
1924 3124 2016 3176 αὑ-

2126 3132 2177 3178 et
2210 3122 2423 3192 majora
2460 3138 2617 3193 quam
2681 3122 2792 3177 lucc
2833 3122 3011 3189 faciet.
3069 3123 3152 3176 Ab
3202 3121 3459 3177 munibus
3514 3128 3701 3175 autem

440 3213 555 3273 τοῖς
587 3208 791 3278 ηὔξανε
821 3210 883 3264 τὸ
906 3209 1091 3282 θαῦμα
1113 3228 1128 3242 ⁸
1170 3212 1277 3266 ἀπὸ
1302 3212 1412 3267 τῶν
1443 3213 1873 3268 πιστευσάντων·
1907 3213 2016 3268 ἀπὸ

443 3302 551 3354 τῶν
603 3300 1085 3372 θεραπευθέντων·
1150 3303 1259 3357 ἀπὸ
1300 3305 1412 3358 τῶν
1442 3304 1857 3359 κολασθέντων·
1911 3303 2022 3358 ἀπὸ

444 3392 543 3462 τῆς
568 3393 704 3461 πρὸς
723 3392 785 3446 τὸ
816 3395 1078 3465 κήρυγμα
1101 3397 1439 3468 παρρησίας.
1466 3397 1577 3452 Καὶ
1607 3398 1717 3451 ἀπὸ
1738 3398 1838 3467 τῆς
1855 3396 2023 3465 ἄλλης

443 3484 650 3555 ἀρετῆς
692 3486 789 3539 καὶ
849 3486 1167 3557 ἐπιμελείας
1201 3489 1300 3558 τῆς
1327 3488 1472 3543 κατὰ
1502 3488 1597 3543 τὸν
1633 3487 1768 3558 βίον.
1803 3488 1877 3542 Οὐ
1912 3487 2023 3559 γὰρ

443 3576 509 3645 δὴ
532 3575 641 3629 τῶν
691 3577 932 3647 σημείων
979 3578 1139 3647 μόνον
1162 3572 1230 3651 ἦν
1261 3578 1323 3632 τὸ
1355 3579 1649 3649 γενόμενον
1668 3594 1683 3607 ·
1745 3577 1884 3632 ἀλλὰ
1917 3578 2018 3631 καὶ

446 3665 476 3715 ὁ
504 3663 617 3733 βίος
666 3666 763 3719 καὶ
792 3666 825 3735 ἡ
854 3665 1024 3738 ἀρετὴ
1076 3666 1185 3720 τῶν
1222 3667 1432 3740 ἀνδρῶν
1459 3666 1631 3738 πολλὴ
1666 3662 1757 3740 ἦν,
1780 3666 1875 3721 καὶ
1893 3666 2025 3735 ἀλη-

332 3776 343 3781 -
453 3754 560 3819 θῶς
589 3756 946 3819 ἀποστολική.

531 3934 827 4000 Ἀναστὰς
871 3934 940 3989 δὲ
975 3938 1011 3990 ό
1057 3936 1369 4006 ἀρχιερεὺς
1410 3936 1512 3991 καὶ
1559 3936 1785 4004 πάντες
1813 3939 1866 3992 ol
1905 3936 2028 3991 σὺν

452 4022 631 4091 αὐτῷ,
659 4024 698 4092 ἠ
721 4020 881 4081 οὖσα
939 4025 1169 4095 αἵρεσις
1200 4026 1319 4082 τῶν
1350 4027 1793 4085 Σαδδουκαίων.
1840 4025 2028 4080 ἐπλὴ-

451 4116 694 4181 σθησαν
729 4112 934 4181 ζήλου.

521 4228 632 4284 Kal
679 4228 981 4283 ἐπέϐαλον
1017 4229 1125 4296 τὰς
1171 4229 1374 4298 χεῖρας
1402 4229 1450 4262 ⁸³
1480 4229 1575 4283 ἐπὶ
1605 4229 1749 4295 τοὺς
1776 4230 2029 4286 ἀποστόο

451 4319 621 4383 λους·
650 4318 749 4370 καί
770 4318 977 4373 ἔθεντο
1002 4319 1228 4386 αὐτοὺς
1260 4321 1331 4376 ἐν
1354 4319 1604 4389 τηρήσει
1635 4320 1921 4390 δημοσίᾳ.

526 4412 805 4479 ΙἈγγελος
834 4410 903 4463 δὲ
928 4413 1147 4480 Κυρίου
1199 4413 1298 4468 διὰ
1368 4412 1481 4482 τῆς
1546 4414 1770 4479 νυκτὸς
1813 4413 2024 4482 ἤνοιξε

452 4497 559 4563 τὰς
612 4498 794 4566 θύρας
830 4499 942 4568 τῆς
977 4502 1280 4571 φυλακῆς,
1329 4480 1638 4571 ἐξαγαγών
1689 4519 1754 4555 τε
1806 4480 2029 4569 αὐτοὺς
2061 4480 2105 4533 D

451 4586 584 4645 εἶπε
606 4606 622 4621 ο

516 4685 881 4754 Πορεύεσθε,
906 4687 1007 4742 καὶ
1049 4684 1379 4751 σταθέντες
1421 4684 1665 4740 λαλεῖτε
1687 4684 1759 4738 ἐν
1786 4683 1868 4750 τῷ
1894 4682 2030 4753 ἱερῷ

451 4772 533 4840 τῷ
558 4775 686 4841 λαῷ
725 4775 922 4832 πάντα
946 4776 1019 4831 τὰ
1031 4777 1271 4846 ῥήματα
1297 4774 1406 4845 τῆς
1431 4776 1580 4845 ζωῆς
1603 4776 1844 4842 ταύτης.

535 4888 937 4956 Ἀκούσαντες
972 4889 1041 4943 δὲ
1064 4889 1360 4957 είσῆλθον
1403 4890 1522 4945 ὑπὸ
1554 4889 1664 4943 τὸν
1690 4889 1909 4957 ὄρθρον
1937 4893 2024 4956 είς

449 4977 519 5032 τὸ
554 4979 733 5048 ἱερὸν,
781 4981 881 5035 καί
950 4981 1295 5035 ἐδίδασκον.
1352 4980 1841 5050 Παραγενόμενος
1889 4979 1958 5033 δὲ
1985 4984 2019 5034 ό

414 5077 419 5081 “
450 5069 760 5139 ἀρχιερεὺς
779 5073 878 5126 καὶ
904 5058 958 5127 ol
973 5073 1101 5144 ,σὺν
1118 5072 1297 5137 αὐτῷ,
1319 5071 1743 5126 συνεκάλεσαν
1768 5072 1833 5125 τὸ
1867 5088 2019 5127 συν-

2125 3213 2376 3284 partibus
2420 3212 2503 3269 eis
2560 3213 2888 3291 miraculum
2949 3211 3232 3269 crescebat
3280 3227 3297 3265 :
3344 3211 3414 3266 ab
3477 3208 3570 3278 iis,
3607 3210 3705 3281 qui

2123 3305 2474 3362 crediderant
2507 3319 2522 3356 :
2555 3304 2625 3360 ab
2662 3305 2753 3370 iis,
2804 3304 2897 3374 qui
2960 3304 3138 3359 curati
3206 3312 3365 3359 erant
3409 3318 3423 3355 :
3488 3302 3558 3358 ab
3612 3302 3705 3365 iis,

2130 3397 2225 3467 qui
2261 3396 2436 3467 puniti
2462 3402 2666 3450 erant:
2728 3394 2798 3451 ab
2829 3410 2916 3459 eo,
2963 3395 3113 3466 quod
3172 3395 3512 3453 conﬁdenter
3558 3408 3701 3464 opus

2126 3485 2543 3558 praedicationis
2572 3484 2936 3554 capessebant
2987 3486 3106 3541 :ali
3164 3485 3274 3541 alia
3315 3485 3445 3540 item
3505 3485 3707 3561 virtute

2124 3593 2190 3633 ac
2215 3577 2340 3631 vita:
2373 3574 2706 3632 honestioris
2748 3589 2880 3631 cura
2910 3584 3076 3646 atque
3129 3575 3540 3633 exercitatione.
3587 3574 3705 3630 Non

2125 3667 2270 3722 enim
2301 3667 2582 3736 signorum
2622 3663 2967 3720 solummodo
3000 3665 3262 3721 nimirum
3280 3675 3400 3721 erat
3453 3666 3530 3732 id,
3560 3666 3704 3736 quod

2126 3756 2329 3813 factum
2355 3766 2437 3812 est
2464 3772 2479 3810 :
2506 3755 2601 3812 sed
2647 3763 2701 3809 et
2729 3755 2839 3808 vita
2885 3762 2940 3808 et
2978 3754 3155 3810 virtus
3216 3756 3459 3811 virorum
3513 3771 3707 3828 magna

2128 3856 2247 3904 erat
2269 3857 2324 3903 ct
2354 3862 2479 3902 vere
2502 3844 2832 3916 apostolica.

2200 3938 2367 3995 Vens.
2394 3937 2488 3993 t7.
2524 3935 2715 4007 Itaque
2765 3951 2983 4007 surgens
3012 3939 3251 4010 pontifex
3306 3956 3426 3995 cum
3463 3938 3707 3994 omnibus

2130 4031 2240 4085 suis
2274 4045 2388 4098 qua:
2413 4034 2493 4082 est
2523 4034 2665 4080 secta
2693 4041 2756 4078 ac
2782 4027 2947 4097 factio
2982 4016 3408 4084 Sadducteorum
3446 4066 3463 4095 ,
3494 4024 3706 4081 invidia:

2128 4122 2293 4194 pleni,

2203 4238 2368 4295 Vens.
2413 4242 2495 4297 18.
2529 4240 2726 4297 Manus
2753 4238 3010 4309 apostolis
3060 4238 3375 4306 iniecerunt,
3419 4248 3469 4292 et
3508 4253 3596 4291 eos
3649 4238 3706 4290 in

2132 4332 2429 4385 custodiam
2458 4333 2722 4399 publicam
2749 4333 3106 4385 tradiderunt.

2211 4424 2369 4482 Vnus.
2411 4426 2498 4481 l9.
2523 4417 2629 4480 sed
2658 4427 2872 4496 angelus
2903 4423 3118 4478 Domini
3138 4433 3291 4476 noctu
3315 4421 3453 4490 fores
3481 4424 3709 4476 carceris

2134 4518 2337 4585 operuit
2367 4532 2385 4569 :
2413 4516 2717 4587 eductisque
2747 4518 2885 4579 illis,

2205 4692 2368 4748 Vens.
2397 4694 2487 4751 20.
2518 4692 2620 4760 Ite,
2635 4694 2888 4763 inquit,et
2913 4702 3117 4749 stantes
3147 4693 3200 4747 in
3223 4691 3413 4762 templo
3433 4692 3710 4763 loquimini

2131 4790 2319 4855 populo
2352 4787 2528 4841 omnia
2560 4787 2717 4842 verba
2749 4788 2868 4841 uiue
2891 4786 3071 4856 hujus.

2209 4898 2378 4952 Vens.
2409 4898 2729 4966 2|.Quibus
2769 4898 2851 4953 illi
2910 4897 3110 4952 auditis
3162 4898 3258 4953 sub
3307 4898 3602 4952 diluculum
3652 4897 3709 4949 in

2124 4991 2371 5060 templum
2400 4991 2623 5059 ingressi
2655 4990 2929 5044 docebant.
2964 4988 3098 5044 Cum
3127 4990 3347 5044 venisset
3376 4997 3552 5041 autem
3580 5000 3711 5055 pon-

2122 5080 2254 5151 tifex
2284 5096 2401 5133 cum
2430 5082 2563 5144 suis,
2602 5089 3013 5134 conoocarerunt
3045 5080 3351 5145 concilium,
3411 5089 3459 5133 et
3506 5090 3708 5131 omnem

450 5158 684 5226 έδριον,
742 5161 843 5216 καί
895 5161 1105 5218 πᾶσαν
1156 5162 1272 5228 τὴν
1327 5162 1654 5230 γερουσίαν
1706 5160 1826 5215 τῶν
1870 5160 2016 5216 υίῶν

2121 5173 2381 5225 seniorum
2414 5170 2650 5225 ordinem
2675 5169 3066 5237 Israelitarum,
3114 5172 3473 5240 miseruntque
3499 5170 3554 5221 in
3581 5181 3706 5220 car-

464 5251 632 5319 Ἰσρα
639 5251 737 5320 ὴλ,
762 5252 860 5306 καὶ
875 5252 1245 5307 ἀπέστειλαν
1261 5254 1347 5320 είς
1368 5252 1434 5307 τὸ
1448 5251 1856 5323 δεσμωτήριον
1866 5267 2014 5307 συν·

449 5343 716 5415 τεχθῆναι
729 5343 774 5378 ⁵⁵
795 5344 1041 5409 αὐτούς.

2129 5278 2296 5317 cerem
2322 5263 2412 5330 qui
2438 5261 2559 5315 illos
2587 5263 2750 5317 simul
2769 5261 3109 5317 adducerent.

1648 5521 1852 5582 Variae
1884 5520 2193 5583 lectiones
2230 5527 2292 5582 et
2336 5527 2527 5583 nota).

524 5652 568 5685 ⁸¹
599 5646 939 5717 Σολομῶνος,
962 5654 1037 5699 est
1063 5646 1117 5717 in
1139 5643 1364 5715 vulgato.
1460 5645 1505 5676 δ’
1546 5644 1960 5714 προσετίθοντο,
1994 5660 2016 5695 e

2121 5683 2128 5696 .
2206 5644 2252 5677 ⁸⁸
2282 5643 2347 5697 In
2379 5643 2592 5714 vulgato
2615 5652 2751 5712 post,
2805 5644 3010 5712 χεῖρας,
3042 5639 3309 5710 adjectum
3372 5652 3451 5697 est
3507 5641 3709 5703 αὐτῶν.

453 5721 503 5760 ⁸⁸
530 5715 781 5791 ἀχθῆναι,
814 5725 886 5770 εει
924 5716 976 5768 in
1007 5715 1236 5785 vulgato.
