4116 6216
458 337 563 409 ἓ)θὸ

1404 343 1976 408 THEOPHYLACTI
2008 351 2252 410 BULGA
2265 347 2415 411 RLE
2453 349 2649 411 AHCU
2667 357 2679 412 I
2696 345 2811 415 El).

3579 351 3690 420 595

457 437 668 510 "abitus
718 454 782 507 ab
819 452 961 505 omni
1007 451 1218 520 populo,
1266 452 1432 520 jussit
1497 462 1554 506 ut
1601 454 1827 522 apostoli
1878 455 2021 522 {oras

2129 454 2209 520 τῷ
2237 457 2382 521 λαῷ,
2415 457 2741 512 ἐκέλευσεν
2769 457 2884 521 ἐξω
2917 455 3059 522 τοὺς
3081 455 3466 518 ἀποστόλους
3494 455 3697 524 βραχύ

461 546 742 616 paululum
765 551 1234 596 summoverentur.

529 633 696 688 Vens.
725 631 816 686 '55.
837 630 912 684 Ac
939 629 1072 684 dixit
1095 629 1165 683 ad
1201 631 1380 685 illos.:
1416 631 1527 687 Viri
1556 631 1840 701 Israelitw,
1867 636 2026 688 etiam

457 739 613 795 atque
627 725 786 778 etiam
817 721 958 792 apud
989 739 1076 777 vos
1095 722 1398 790 deliberate,
1423 727 1547 795 quid
1576 727 1873 782 hominibus
1902 729 2022 782 istis

457 819 660 888 facturi
677 818 794 872 sitis
821 826 872 871 1.

527 903 694 965 Vnus.
728 909 818 964 56.
875 906 1016 962 Nam
1039 917 1160 963 ante
1204 910 1297 964 Itos
1346 910 1456 965 dies
1498 913 1698 965 exstitit
1759 911 2024 972 Theudas,

457 1001 633 1057 dicens
664 1017 716 1054 se
748 1014 860 1054 esse
901 1000 1074 1055 nescio
1106 1017 1257 1071 quem
1288 1017 1306 1054 :
1337 1019 1454 1055 cum
1511 1019 1612 1072 quo
1664 1019 1717 1056 se
1752 1002 2026 1070 conjunxit

459 1109 706 1148 numerus
740 1092 1008 1147 hominum
1035 1093 1198 1162 ferme
1229 1095 1734 1163 quadringentorum
1774 1109 1793 1148 :
1823 1094 1911 1162 qui
1936 1108 2026 1145 oc-

457 1188 598 1242 cisus
615 1195 714 1249 est,
746 1195 794 1240 et
813 1186 1118 1255 omnes,qui
1140 1185 1394 1254 parebant
1429 1195 1452 1221 ι
1481 1187 1551 1251 ei,
1583 1186 1831 1254 dissipati
1869 1195 1916 1238 et
1956 1184 2024 1236 ad

457 1279 680 1333 nihilum
712 1278 913 1331 redacti
931 1287 1077 1332 sunt.

540 1391 620 1448 Illi
649 1392 871 1462 quidem
917 1392 1007 1445 alii
1042 1391 1347 1456 audientes,
1385 1392 1567 1446 animo
1587 1392 2028 1461 compungebau-

459 1490 549 1540 tur
580 1501 594 1537 :
642 1485 693 1538 hi
729 1498 860 1538 vero
890 1482 1401 1552 disrumpebantur,
1430 1491 1484 1536 et
1513 1482 1893 1537 deliberabant
1957 1483 2026 1537 de

459 1577 540 1632 eis
583 1573 1000 1634 intcrlicieudis.
1049 1573 1220 1628 Porro
1251 1571 1512 1628 Gamaliel
1558 1568 1644 1628 hic
1707 1574 1864 1629 Pauli
1910 1590 2025 1627 ma-

457 1669 625 1738 gister
663 1674 783 1722 erat
818 1683 832 1720 :
885 1679 950 1720 ac
975 1665 1161 1721 mirari
1189 1681 1367 1734 opera:
1394 1667 1625 1735 pretiutu
1675 1675 1779 1728 est,
1819 1665 1910 1734 qui
1953 1665 2025 1719 fa-

2129 564 2184 598 τι
2222 545 2467 614 ποιῆσαι
2495 551 2558 600 θ’.

2201 636 2350 693 Εἶπέ
2403 658 2466 694 τε
2517 639 2665 707 πρὸς
2707 640 2930 704 αὐτούς
2959 655 2972 668 °
3023 638 3272 708 Ἄνδρες
3303 636 3693 706 Ἰσραηλῖται,

2129 732 2456 800 προσέχετε
2479 732 2712 795 ἑαυτοῖς
2748 731 2846 782 ἐπὶ
2877 731 2999 795 τοῖς
3017 731 3351 800 ἀνθρώποις
3378 730 3613 796 τούτοις
3640 731 3698 783 τί

2123 821 2378 888 μέλλετε
2407 821 2722 888 πράσσειν.

2196 911 2317 980 Πρὸ
2342 911 2451 981 γὰρ
2487 913 2713 965 τούτων
2740 909 2856 964 τῶν
2890 910 3125 980 ἡμερῶν
3169 911 3394 976 ἀνέστη
3445 909 3692 976 Θευδᾶς,

2127 988 2320 1071 λέγων
2350 999 2502 1056 εἶναι’
2529 1019 2659 1056 τινα
2697 1003 2914 1056 ἑαυτόν
2939 1019 2952 1034 ο
2991 995 3040 1067 ᾧ
3064 999 3531 1068 προσεκολλήθη
3567 1002 3693 1068 ἁρι-
3741 1024 3746 1028 ·

2129 1094 2277 1162 θμὸς
2331 1092 2568 1160 ἀνδρῶν
2605 1094 2747 1146 ὡσεὶ
2807 1093 3207 1161 τετρακοσίων
3237 1109 3250 1122 ·
3283 1091 3350 1156 ὃς
3409 1091 3692 1162 ἀνῃρέθη,

2127 1184 2224 1236 καί
2283 1184 2506 1248 πάντες
2556 1185 2689 1238 ὅσοι
2734 1185 3044 1238 ἐπείθοντο
3077 1182 3238 1248 αὐτῷ
3265 1223 3278 1245 ,
3323 1183 3697 1248 διελύθησαν

2128 1276 2224 1328 καὶ
2247 1275 2525 1345 ἐγένοντο
2553 1278 2636 1340 είς
2667 1275 2866 1330 οὐδέν.

2198 1389 2260 1440 ΟΞ
2300 1388 2398 1456 μὲν
2430 1389 2580 1442 ἄλλοι
2633 1388 2924 1451 ἀκούοντες
2989 1389 3398 1458 κατενύγησαν,
3457 1379 3603 1440 οὗτοι
3637 1387 3694 1440 δὲ

2125 1477 2428 1545 διεπρίοντο
2476 1477 2567 1529 καὶ
2615 1476 2960 1529 ἐδουλεύοντο
3007 1476 3216 1529 ἀνελεῖν
3255 1475 3468 1538 αὐτούς.
3539 1474 3598 1528 '0
3637 1476 3696 1529 δὲ

2129 1568 2167 1619 Γ
2171 1567 2408 1637 αμαλιὴλ
2438 1560 2592 1630 οὗτος
2640 1570 2666 1620 ὁ
2698 1565 2909 1621 Παύλου
2937 1567 3255 1631 διδάσκαλος
3296 1563 3364 1632 ἦν
3401 1584 3416 1598 ο
3442 1568 3538 1621 καὶ
3567 1566 3698 1620 θαυιο

2131 1660 2302 1727 μᾶσαι
2337 1658 2505 1722 ἄξιον,
2534 1659 2651 1722 πῶς
2684 1660 2776 1713 καὶ
2807 1659 3120 1728 νομομαθὴς
3159 1658 3253 1727 ὢν,
3287 1659 3382 1712 καὶ
3411 1659 3510 1722 τὰς
3553 1659 3697 1712 κατὰ

457 1765 605 1816 ctum
637 1759 732 1822 sit,
760 1759 820 1812 ut
847 1771 970 1811 cum
1027 1767 1080 1811 et
1141 1756 1486 1826 lcgispet'itus
1535 1766 1701 1819 esset,
1754 1766 1808 1810 et
1859 1756 2020 1809 animi

2127 1748 2251 1801 νοῦν
2286 1749 2496 1820 κρίσεις
2536 1749 2692 1820 ἔχων,
2749 1749 2960 1802 οὐδέπω
3007 1750 3328 1802 ἐπίστευσεν
3357 1764 3372 1780 ο
3414 1750 3536 1802 ἐπεὶ
3575 1749 3695 1802 οὐδὲ

453 1848 663 1921 judicio
694 1849 974 1919 praeditus,
1015 1847 1255 1904 nondum
1280 1849 1528 1904 crederet
1564 1869 1578 1904 :
1613 1851 1739 1918 quia
1792 1851 2022 1904 necdum

458 1937 904 2012 Paulus-quidem
928 1940 1254 1998 crediderat.
1281 1939 1457 1994 Etiam
1492 1953 1654 2010 atque
1672 1942 1835 1995 etiam
1879 1940 2020 2008 apud

459 2049 558 2092 vos
603 2035 922 2099 deliberate,
985 2033 1116 2102 quid
1192 2033 1509 2088 hominibus
1575 2027 1716 2099 istis,
1767 2045 1871 2087 etc.
1917 2032 2022 2103 55

456 2119 846 2181 Animadverte
869 2125 1190 2196 prudentem
1214 2123 1541 2188 orationem,
1581 2133 1638 2178 ut
1699 2125 1780 2180 eis
1837 2127 2020 2180 statim

457 2227 728 2273 terrorem
783 2215 1158 2270 incutiatzac
1219 2229 1287 2268 ne
1341 2214 1458 2282 ipse
1504 2221 1795 2284 suspectus
1852 2220 2018 2279 eSSet,

459 2315 519 2362 ut
549 2308 642 2378 qul
675 2307 904 2363 sentiret
955 2321 1078 2360 cum
1137 2306 1245 2360 illis
1299 2311 1554 2382 tanquam
1600 2321 1722 2359 cum
1774 2305 2020 2382 ejusdem

454 2412 643 2455 secum
679 2397 963 2455 sententiae
992 2397 1328 2463 hominibus,
1357 2381 1780 2462 sermocinatur,
1818 2406 1871 2452 et
1915 2415 2020 2452 non

461 2505 656 2560 magna
694 2492 866 2544 utitur
915 2489 1250 2544 vehementia
1282 2531 1296 2554 ,
1342 2490 1436 2544 sed
1466 2489 1537 2544 ita
1573 2505 1587 2541 :
1634 2490 1806 2542 Etiam
1859 2499 2023 2558 atque

457 2578 646 2640 etiam,
678 2578 881 2646 inquit,
926 2577 1209 2632 vobiscum
1267 2577 1585 2640 deliberate,
1622 2578 1749 2647 quid
1791 2579 1911 2632 sitis
1945 2578 2023 2631 fa-

458 2665 623 2719 cturi.
659 2657 795 2718 Nam
837 2672 963 2720 ante
1010 2664 1110 2720 hos
1137 2663 1277 2719 dies.
1313 2665 1426 2719 Duo
1469 2667 1619 2729 ponit
1653 2666 1919 2734 exempla.
1959 2680 2022 2718 ac

457 2762 642 2811 vetera
665 2769 772 2810 non
807 2765 1216 2822 commemorat,
1291 2756 1383 2811 sed
1420 2771 1559 2811 nova
1597 2756 1861 2825 exempla,
1895 2757 2021 2823 quia

458 2841 574 2904 haec
610 2848 677 2904 ad
703 2845 1145 2918 persuadendum
1193 2847 1316 2917 plus
1347 2848 1558 2903 roboris
1586 2847 2024 2912 habent.Quam-

457 2937 642 2993 obrem
671 2936 834 2992 etiam
870 2936 960 2992 ille
1017 2937 1085 2992 de
1111 2936 1196 2992 his
1236 2936 1544 3006 signiﬁcare
1565 2936 2021 2991 Voleusdiccbat:

457 3026 704 3081 antehos
757 3036 960 3095 paucos
989 3025 1130 3080 dles.
1169 3025 1246 3078 Ac
1279 3040 1403 3078 cum
1431 3025 1594 3078 etiam
1641 3023 1746 3077 alia
1780 3023 2025 3091 proferre

2127 1839 2356 1901 Παῦλος.
2439 1840 2739 1910 Προσέχετε
2795 1841 3006 1902 ἑαυτοῖς
3059 1842 3152 1894 ἐπὶ
3206 1843 3320 1902 τοῖς
3387 1840 3694 1910 ἀνθρώποις

2123 1932 2332 1996 τούτοις
2361 1932 2412 1985 τί
2454 1933 2673 2001 μέλλετε
2732 1932 3014 2001 πράσσειν.
3055 1934 3196 2002 Ὅρα
3226 1933 3325 2004 τὴν
3354 1935 3565 1986 σύνεσιν
3592 1933 3690 2001 τῆς

2121 2023 2486 2092 δημηγορίας,
2526 2023 2642 2084 πῶς
2671 2023 2869 2085 αὐτοὺς
2910 2023 3113 2086 εὐθέως
3145 2024 3224 2086 είς
3255 2022 3421 2091 φόϐον
3449 2022 3687 2084 ἐνέϐαλε,

2124 2114 2222 2167 καὶ
2255 2114 2395 2166 ὥστε
2437 2114 2511 2183 μὴ
2555 2115 2961 2184 smmum“
3023 2116 3185 2168 αὑτὸν
3238 2116 3313 2178 ὼς
3347 2116 3417 2168 τὰ
3471 2117 3692 2168 ἐκείνων

2125 2202 2450 2273 φρονοῦντα,
2492 2203 2568 2266 ὡς
2622 2203 2758 2273 πρὸς
2791 2203 3180 2274 ὁμογνώμονας
3219 2203 3550 2270 διαλέγεται,
3599 2200 3694 2254 καὶ

2123 2295 2185 2347 ού
2220 2294 2387 2364 πολλῇ
2420 2297 2487 2364 τῇ
2524 2293 2848 2365 σφοδρότητι
2880 2293 3144 2364 κέχρηται
3173 2309 3188 2326 ⁸
3225 2293 3339 2346 ἀλλ’
3374 2292 3516 2346 οὕτω
3538 2293 3693 2361 φησὶ,

2125 2385 2424 2454 προσέχετε
2475 2385 2688 2446 ἑαυτοῖς
2735 2385 2788 2435 τί
2831 2383 3054 2452 μέλλετε
3099 2383 3390 2451 πράσσειν.
3445 2381 3558 2452 Πρὸ
3585 2381 3695 2450 γὰρ

2123 2475 2332 2528 τούτων
2360 2475 2469 2529 τῶν
2495 2475 2741 2547 ἡμερῶν.
2785 2476 2889 2527 Δύο
2921 2475 3102 2544 τίθησι
3126 2475 3569 2544 παραδείγματα,
3600 2472 3695 2525 καὶ
3762 2463 3767 2468 ’

2108 2565 2184 2627 ,οὐ
2225 2563 2552 2634 μνημονεύει
2589 2563 2835 2617 παλαιῶν
2865 2604 2878 2629 ,
2934 2563 3068 2617 ἀλλὰ
3133 2564 3266 2616 νέων
3317 2561 3696 2633 παραδειγμά-

2122 2672 2251 2718 των,
2286 2655 2368 2706 ὅτι
2389 2655 2456 2707 τὰ
2484 2653 2712 2708 τοιαῦτα
2738 2657 2886 2706 ἐστιν
2917 2655 2974 2707 ὲν
2995 2654 3072 2722 τῷ
3105 2653 3309 2706 πείθειν
3329 2650 3694 2721 δυνατώτερα.

2124 2745 2215 2798 Διδ
2264 2746 2359 2798 καὶ
2404 2746 2615 2808 ἐκεῖνος
2669 2747 2878 2798 τούτων
2908 2744 3282 2812 αἰνιττόμενος
3346 2742 3499 2806 ἔλεγε
3527 2782 3542 2807 ,
3589 2739 3696 2808 πρὸ

2123 2837 2319 2904 ὀλίγων
2374 2835 2580 2888 τούτων
2629 2835 2736 2888 τῶν
2767 2835 3013 2905 ἡμερῶν.
3079 2835 3258 2904 Ἒχων
3307 2832 3364 2886 δὲ
3418 2833 3512 2884 καὶ
3553 2829 3690 2884 ἄλλα

2125 2927 2322 2991 εἰπεῖν,
2356 2926 2601 2999 ἠρκέσθη
2633 2927 2862 2989 τούτοις.
2947 2927 3070 2978 Ἐπὶ
3108 2927 3202 2979 δύο
3243 2925 3351 2994 γὰρ
3396 2922 3688 2994 μαρτύρων

2128 3021 2237 3072 πᾶν
2268 3021 2418 3090 ῥῆμα
2445 3020 2790 3088 σταθήσεται.
2827 3021 2938 3073 Ούκ
2975 3016 3097 3072 εἷπε
3135 3019 3190 3071 δὲ
3236 3019 3341 3071 ὑπὸ
3362 3016 3522 3069 τίνων
3551 3016 3694 3067 έκεῖ-

459 3123 664 3186 posset,
708 3115 794 3170 bis
840 3123 1128 3170 contentus
1173 3113 1296 3168 fuit.
1335 3115 1392 3168 In
1452 3113 1666 3168 duobus
1690 3115 1832 3168 enim
1866 3117 2016 3168 testi-

2127 3129 2206 3164 νοι
2245 3112 2591 3181 ἀνηρέθησαν
2609 3151 2623 3175 ,
2651 3111 2767 3164 ἀλλ’
2789 3113 2868 3165 ὅτι
2895 3110 3128 3164 ἐνταῦθα
3155 3109 3496 3178 διελύθησαν.
3554 3107 3691 3176 Περὶ

460 3205 563 3258 bus
594 3201 859 3258 consistet
890 3217 1051 3257 omne
1077 3201 1326 3256 verbum.
1387 3200 1504 3256 Non
1563 3203 1696 3256 dicit
1744 3211 1946 3268 autem,
1991 3220 2020 3258 a

457 3293 657 3364 quibus
709 3292 784 3346 illi
818 3293 930 3346 sint
950 3292 1118 3348 occisi
1151 3292 1287 3347 :sed
1314 3307 1408 3348 eos
1438 3293 1526 3348 hic
1557 3293 1688 3348 dicit
1727 3294 2022 3362 dissipatos

459 3383 653 3438 fuisse.
681 3382 756 3438 De
785 3381 1009 3436 Theuda
1032 3382 1368 3436 mentionem
1403 3383 1534 3438 facit
1557 3385 1722 3440 etiam
1749 3383 2021 3455 Iosephus

457 3474 513 3530 in
547 3474 760 3530 decimo
794 3489 938 3530 nouo
963 3474 1102 3529 libro
1135 3475 1545 3546 Antiquitatum,
1575 3485 1631 3530 ut
1652 3477 1728 3532 ait
1753 3477 2022 3532 Eusebius

455 3568 512 3622 in
557 3564 799 3620 secundo
828 3565 969 3621 libro
997 3559 1397 3621 EccleSiasticae
1433 3566 1674 3622 historiae
1703 3569 1787 3624 his
1817 3569 2018 3624 verbis:

454 3648 592 3706 Cum
613 3651 795 3707 Fadus
823 3661 966 3709 esset
983 3641 1180 3706 Iudaeae
1208 3662 1548 3721 procurator,
1566 3655 1646 3708 vir
1666 3655 1888 3725 quidam
1921 3656 2022 3710 int-

454 3749 664 3812 postor,
705 3743 926 3798 nomine
955 3743 1232 3811 Theudas,
1262 3745 1554 3815 persuadet
1597 3750 1789 3814 turbat,
1808 3758 1865 3804 ut
1889 3749 2019 3804 sub-

456 3831 578 3887 latis
639 3831 753 3887 suis
806 3831 1174 3897 facultatihus,
1210 3844 1702 3903 scquerentureum
1733 3836 2018 3891 adllumen

452 3921 769 3979 Iordanem.
813 3922 1138 3993 Pr0phetam
1191 3926 1337 3979 enim
1375 3941 1434 3981 se
1482 3943 1606 3983 esse
1676 3928 1909 3995 dicebat,
1967 3942 2021 3983 et

447 4015 608 4084 jussu
634 4029 736 4070 suo
775 4013 976 4069 ﬂumen
999 4030 1058 4070 se
1112 4015 1414 4070 scissurum
1442 4057 1456 4080 ,
1483 4027 1645 4087 atque
1674 4019 1746 4072 ita
1806 4019 2015 4073 facilem

453 4105 746 4159 transitum
779 4103 1130 4175 praebiturum
1163 4119 1257 4159 :ac
1272 4106 1471 4160 multos
1489 4105 1721 4174 decepit.
1749 4109 1815 4158 At
1840 4106 2019 4162 Fadus

453 4208 549 4250 eos
582 4210 691 4249 non
723 4209 919 4264 passus
935 4201 1020 4250 est
1045 4208 1140 4250 sua
1175 4195 1414 4250 amentia
1451 4195 1554 4250 t'rui
1583 4213 1598 4250 :
1633 4199 1725 4252 sed
1755 4197 2019 4254 adversus

450 4299 548 4339 eos
569 4285 815 4354 equitum
848 4293 1083 4339 turmam
1126 4285 1330 4351 emisit,
1365 4299 1487 4356 quae
1518 4287 1717 4343 multos
1751 4288 2020 4343 interiecit

452 4383 508 4429 et
538 4375 689 4430 vivos
721 4375 950 4444 cepitex
991 4375 1126 4431 illis.
1149 4375 1514 4446 Atqueipsius
1572 4376 1810 4434 Theudae
1850 4388 2014 4448 caput

453 4475 792 4535 amputatum
820 4465 1247 4538 Hierosolymam
1280 4476 1517 4536 portant.

520 4555 694 4612 Vsus.
721 4555 811 4612 37.
851 4556 980 4610 Post
1011 4559 1149 4610 hunc
1185 4559 1391 4611 exstitit
1448 4557 1622 4614 ludas
1661 4558 1916 4616 Galilwus
1966 4563 2022 4615 in

447 4646 632 4701 diebus
665 4648 1027 4716 professionis,
1062 4665 1124 4702 ac
1170 4650 1302 4703 satis
1353 4652 1547 4706 multos
1582 4653 1816 4708 homines
1871 4653 1942 4706 ad
1971 4671 2026 4708 se

455 4708 692 4788 traduxit
716 4708 896 4790 ﬁdite
911 4708 1112 4806 quoque
1147 4739 1334 4806 periit:
1362 4749 1410 4794 et
1450 4759 1650 4810 omnes,
1678 4745 1769 4813 qui
1805 4745 1853 4798 ei
1874 4759 2026 4810 pare-

455 4825 612 4889 bant,
633 4823 881 4896 dissipati
935 4834 1078 4881 sunt.

525 4916 692 4973 Vnus.
714 4918 805 4973 58.
833 4919 902 4973 Et
930 4936 1070 4976 nunc
1106 4921 1223 4977 dico
1267 4924 1408 4978 vobis
1429 4941 1447 4976 :
1476 4923 1737 4978 abstinete
1765 4925 1828 4978 ab
1850 4925 2018 4979 homi-

451 5009 604 5064 nibus
656 5009 801 5077 istis,
824 5019 874 5065 et
899 5012 1088 5067 missos
1111 5013 1271 5082 facite
1299 5015 1446 5068 illos.
1474 5013 1617 5067 Nam
1641 5016 1688 5068 si
1721 5014 2017 5067 humanum

451 5103 614 5171 fuerit
640 5104 738 5157 hoc
771 5105 1052 5160 consilium
1073 5115 1164 5160 aut
1185 5106 1280 5160 hoc
1307 5123 1459 5174 opus,
1483 5105 1909 5174 labefactabitur.

2038 4466 2092 4524 D

2125 3203 2300 3256 Θευδᾶ
2333 3203 2605 3273 μέμνηται
2637 3203 2732 3254 καὶ
2775 3202 3038 3272 Ἰώσηπος
3069 3203 3127 3254 ὲν
3161 3199 3238 3270 τῷ
3264 3200 3330 3254 ιθ¹
3369 3198 3557 3270 βιϐλίῳ
3595 3198 3693 3267 τῆς

2137 3294 2567 3365 Ἀρχαιολογίας,
2601 3295 2675 3356 ὣς
2729 3312 2894 3363 φησιν
2935 3295 3192 3357 Εὐσέὸιος
3240 3295 3296 3346 ὲν
3339 3292 3416 3361 τῷ
3458 3290 3694 3361 δευτέρῳ

2124 3389 2222 3458 τῆς
2261 3387 2752 3458 Ἐκκλησιαστικῆς
2793 3389 3057 3458 Ἱστορίας
3089 3387 3252 3440 οὕτω·
3291 3387 3463 3439 Φάδου
3503 3384 3560 3436 δὲ
3591 3383 3695 3451 τῆς

2137 3478 2394 3541 Ἰουδαίας
2445 3478 2930 3548 ἐπιτροπεύοντος,
2980 3480 3114 3546 γόης
3175 3495 3259 3540 τις
3311 3477 3450 3546 ἀνὴρ
3490 3474 3694 3535 Θευδᾶς

2123 3568 2366 3636 ὀνόματι,
2397 3568 2573 3621 πείθει
2611 3568 2700 3620 τὸν
2733 3567 2908 3637 ὄχλον,
2953 3566 3317 3630 ἀναλαϐόντας
3333 3567 3431 3629 τὰς
3473 3566 3694 3633 κτήσεις

2123 3659 2326 3724 αὐτῶν,
2367 3658 2596 3713 ἕπεσθαι
2620 3660 2758 3730 πρὸς
2785 3659 2875 3712 τὸν
2915 3659 3186 3729 Ἰορδάνην
3235 3658 3507 3728 ποταμόν.
3549 3657 3694 3724 Προ-

2123 3752 2299 3819 φήτης
2348 3748 2457 3818 γὰρ
2498 3749 2684 3816 ἔλεγεν
2727 3745 2893 3815 εἶναι,
2921 3751 3012 3803 καὶ
3045 3749 3428 3820 προστάγματι
3459 3748 3548 3801 τὸν
3591 3763 3692 3799 πο-

2119 3838 2292 3908 ταμὸν
2336 3838 2527 3907 σχίσας
2573 3838 2743 3891 δίοδον
2776 3838 2882 3908 ἔφη
2935 3838 3194 3909 παρέξειν
3253 3839 3430 3899 αὐτοῖς
3490 3835 3689 3907 ῥᾴδιον,

2124 3931 2215 3982 καὶ
2249 3929 2479 3992 πολλοὺς
2533 3931 2852 4000 ἠπάτησεν·
2891 3931 2950 3982 οὗ
2990 3932 3096 4001 μὴν
3131 3931 3312 3982 εἴασεν
3350 3929 3548 3990 αὐτοὺς
3589 3926 3693 3994 τῆς

2120 4023 2432 4091 ἀφροσύνης
2483 4021 2708 4076 ὄνασθαι
2773 4022 2939 4085 Φᾶδος
2980 4040 2992 4052 ⁸
3054 4022 3167 4075 ἀλλ’
3227 4020 3532 4091 ἐξέπεμψεν
3572 4017 3693 4089 ίλην

2123 4114 2332 4166 ἱππέων
2379 4114 2464 4167 ἐπ’
2493 4114 2710 4176 αὐτοὺς,
2765 4113 2886 4183 ἥτις
2915 4113 3142 4176 πολλοὺς
3191 4115 3370 4168 ἀνεῖλε
3411 4114 3502 4166 καὶ
3555 4110 3693 4174 ἐζώ-

2120 4221 2332 4274 γρησεν
2364 4205 2424 4268 ἐξ
2471 4205 2677 4269 αὐτῶν,
2710 4205 2874 4258 αὑτοῦ
2913 4222 2973 4259 τε
3003 4205 3096 4258 τοῦ
3126 4205 3302 4259 Θευδᾶ
3326 4206 3424 4276 τὴν
3455 4202 3694 4272 κεφαλὴν

2119 4297 2482 4364 ἀποτέμνουσι
2520 4297 2616 4350 καὶ
2642 4296 2961 4366 κομίζουσιν
2992 4299 3073 4359 είς
3115 4297 3486 4367 Ἱεροσόλυμα.

2193 4561 2354 4615 Μετὰ
2383 4559 2600 4614 τοῦτον
2626 4559 2856 4627 ἀνέστη
2903 4559 3136 4626 Ἰούδας
3183 4563 3216 4614 ό
3255 4562 3582 4623 Γαλιλαῖος
3626 4559 3697 4611 ἐν

2123 4652 2254 4719 ταῖς
2275 4651 2521 4722 ἡμέραις
2548 4651 2660 4720 τῆς
2687 4650 3062 4723 ἀπογραφῆς,
3089 4654 3187 4704 καί
3209 4651 3519 4717 ἀπέστησε
3539 4651 3693 4703 λαὸν

2123 4739 2336 4792 ικανὸν
2401 4739 2596 4792 ὀπίσω
2652 4739 2833 4794 αὐτοῦ
2864 4756 2877 4768 °
2932 4739 3210 4804 κάκεῖνος
3267 4737 3536 4792 ἀπώλετο
3593 4737 3691 4791 καὶ

2126 4827 2347 4894 πάντες
2372 4827 2506 4884 ὅσοι
2556 4829 2870 4885 ἐπείθοντο
2897 4828 3077 4893 αὐτῷ,
3113 4829 3690 4896 διεσκορπίσθησαν.

2195 4921 2304 4973 Καὶ
2342 4921 2415 4973 τὰ
2469 4919 2586 4974 νῦν
2619 4918 2773 4989 λέγω
2822 4921 2985 4989 ὑμῖν,
3025 4921 3356 4986 Ἀπόστητε
3403 4919 3522 4974 ἀπὸ
3575 4917 3693 4970 τῶν

2124 5009 2448 5077 ἀνθρώπων
2481 5012 2730 5076 τούτων,
2773 5013 2870 5065 καὶ
2898 5011 3115 5064 ἐάσατε
3139 5011 3362 5076 αὐτούς
3386 5027 3402 5042 ο
3457 5010 3547 5064 ὅτι
3584 5011 3694 5062 ἐὰν

2125 5097 2167 5172 ᾖ
2203 5101 2273 5166 ἐξ
2311 5102 2633 5170 ἀνθρώπων
2667 5104 2706 5168 ἡ
2752 5103 2958 5171 ,ϐουλὴ
3007 5103 3158 5168 αὕτη
3208 5101 3251 5132 ⁸⁸
3310 5103 3348 5171 ἣ
3403 5102 3468 5156 τὸ
3517 5104 3694 5173 ἔργον

2128 5193 2325 5255 τοῦτο,
2356 5195 2852 5262 καταλυθήσεται.

1654 5365 1852 5431 νοτίδι
1899 5372 2213 5436 lectiones
2251 5384 2309 5436 et
2351 5384 2540 5438 notas.

523 5517 568 5547 ⁸³
603 5515 669 5570 1η
694 5520 906 5589 vulgato
961 5531 1059 5586 est,
1102 5522 1205 5588 ἔξω
1254 5522 1424 5592 βραχύ
1457 5541 1510 5575 τι
1540 5524 1664 5588 τοὺς
1696 5525 2021 5591 ἀποστόλους

2124 5531 2305 5601 ιιῆσαι.
2386 5533 2430 5562 ⁸⁸
2473 5532 2634 5600 αὕτη.
2675 5532 3010 5586 desideratur
3040 5535 3093 5587 in
3130 5534 3362 5604 vulgato.

681 5656 949 5743 attendite
979 5659 1118 5713 vobis
1147 5633 1612 5728 superliominibus
1648 5666 1783 5734 istis,
1810 5665 1934 5733 quid
1963 5671 2134 5722 acturi
2157 5670 2294 5726 sitis.
2375 5681 2396 5708 ι
2436 5669 2494 5723 ν.
2528 5673 2822 5727 credebant.
2860 5673 2990 5743 Sup.
3034 5691 3148 5742 cap.
3183 5690 3254 5727 ιν.
3334 5689 3358 5714 ει
3395 5674 3454 5730 ν.
3502 5683 3554 5731 ct
3598 5678 3686 5740 Et.

456 5723 639 5776 auertit
676 5733 790 5789 post
818 5741 888 5780 se.
