4116 6216
410 312 512 377 597

1227 316 1627 375 EXPOSITIU
1668 317 1749 376 ΙΝ
1790 318 1977 375 ACTA
2004 316 2576 378 AI’OSTOI.()RUM.
2611 316 2872 400 “.CAP.
2902 318 2971 376 V.

3562 311 3674 376 598

483 428 555 479 El
593 423 661 478 δὲ
689 425 760 478 ἐκ
810 424 959 478 Θεοῦ
994 426 1192 488 ἐστιν,
1239 428 1311 480 οὐ
1357 427 1623 481 δύνασθε
1657 428 1993 482 καταλῦσαι

2173 427 2336 484 Vens.
2398 430 2489 483 59.
2542 427 2637 482 Sin
2693 436 2868 481 autem
2924 426 3186 487 divinum,
3236 438 3335 475 non
3368 423 3582 489 potestis
3615 422 3670 475 id

406 517 558 572 αὐτό
584 532 597 545 ·
629 515 869 585 μήποτε
895 515 995 570 καί
1025 517 1308 588 θεομάχοι
1335 517 1642 587 εὑρεθῆτε.

488 689 901 758 ἐπείσθησαν
940 690 1011 743 δὲ
1040 691 1203 756 αὐτῷ
1228 733 1242 757 ,
1284 693 1378 746 καί
1426 696 1991 765 προσκαλεσάμενοι

409 778 551 844 τοὺς
617 779 1011 847 ἀποστόλους
1059 781 1366 851 δείραντες
1439 787 1851 856 παρήγγειλαν
1905 790 1991 858 μὴ

407 870 625 924 λαλεῖν
643 870 743 924 ἐπὶ
766 871 848 939 τῷ
873 873 1118 943 ὀνόματι
1145 875 1255 931 τοῦ
1295 877 1519 946 Ἰησοῦ,
1551 880 1648 933 καὶ
1671 879 1991 935 ἀπέλυσαν

407 963 651 1028 αὐτούς.

475 1075 540 1127 οι
566 1074 685 1144 μὲν
736 1091 854 1131 ουν
888 1075 1248 1143 ἐπορεύοντο
1275 1079 1586 1149 χαίροντες
1619 1083 1736 1137 ἀπὸ
1761 1082 1993 1152 προσώ-

407 1178 528 1220 που
570 1165 679 1221 τοῦ
731 1166 1079 1235 συνεδρίου,
1112 1168 1201 1221 ὅτι
1241 1170 1395 1239 ὑπὲρ
1421 1173 1530 1228 τοῦ
1564 1175 1861 1244 ὀνόματος
1884 1175 1991 1231 τοῦ

844 1258 872 1269 α

409 1257 632 1325 Κυρίου
671 1258 875 1326 Ἰησοῦ
906 1259 952 1291 ⁸⁸
982 1260 1444 1328 κατηξιώθησαν
1480 1265 1898 1335 ἀτιμασθῆναι.

480 1368 696 1427 Πᾶσάν
731 1368 1053 1442 Διε’ήμιέριιν
1078 1375 1151 1429 ἐν
1200 1374 1280 1442 τῷ
1321 1378 1478 1447 ἱερῷ,
1516 1379 1614 1433 καὶ
1655 1380 1783 1434 κατ’
1822 1378 1992 1436 οἷκον

404 1464 519 1517 οὐκ
549 1462 851 1519 ἐπαύοντο
886 1464 1301 1535 διδάσκοντες,
1339 1471 1438 1524 καὶ
1477 1470 1988 1543 εὐαγγελιζόμενοι

419 1556 664 1625 Ἰησοῦν
694 1556 804 1611 τὸν
828 1559 1111 1626 Χριστόν.

488 1670 761 1726 Ἑοίκασιν
784 1672 833 1726 οἱ
865 1672 1139 1728 Γαλιλαῖοι
1171 1674 1316 1729 κατὰ
1365 1675 1503 1740 τοὺς
1541 1675 1770 1748 χρόνους
1816 1679 1987 1734 Πιλά-

404 1781 499 1817 του
546 1764 934 1819 ἐστασιακέναι
1003 1765 1269 1835 δόγμασιν
1339 1769 1598 1839 ἑπόμενοι
1656 1768 1828 1823 Ἰούδα
1890 1756 1985 1825 τοῦ

404 1851 717 1908 Γαλιλαίου.
771 1848 881 1908 Ἦν
925 1854 983 1909 δὲ
1034 1855 1095 1909 τὸ
1158 1854 1336 1925 δόγμα
1399 1856 1494 1911 τοῦ
1574 1854 1745 1911 Ἰούδα
1787 1857 1946 1912 τοῦτο
1974 1875 1986 1889 ·

405 1943 610 2015 Κύριον
678 1945 816 2018 μηδὲ
880 1946 1044 2019 μέχρι
1114 1947 1381 2020 στόματος
1450 1948 1657 2019 ἔφασκε
1733 1944 1817 2004 δεῖ
1868 1968 1990 2006 τινα

405 2034 619 2107 λέγειν,
665 2033 798 2109 μηδέ
835 2040 977 2093 κατά
1028 2054 1150 2093 τινα
1198 2041 1365 2112 τιμήν
1411 2038 1507 2096 καὶ
1550 2042 1947 2114 φιλοφροσύνην
1972 2060 1985 2073 ο

401 2124 549 2179 οὕτω
581 2126 640 2180 δὲ
688 2128 827 2199 μήτε
867 2128 958 2182 τὸν
990 2129 1349 2200 βασιλεύοντα
1378 2146 1394 2163 ·
1434 2132 1531 2186 καὶ
1571 2132 1759 2186 πολλοὶ
1800 2132 1985 2189 αὐτῶν

406 2218 557 2288 παρὰ
584 2218 680 2273 τοῦ
719 2220 765 2253 ⁸⁸
789 2220 866 2291 μὴ
905 2223 1083 2276 εἰπεῖν
1116 2222 1371 2294 Καίσαρα
1404 2222 1635 2297 Κύριον,
1672 2224 1993 2295 χαλεπωτά-

406 2321 505 2371 τας
534 2306 721 2374 αίκίας
762 2310 1094 2381 ὑπέμειναν,
1133 2311 1487 2378 διδάσκοντες
1541 2314 1617 2385 μὴ
1670 2314 1780 2369 δεῖν
1839 2315 1992 2387 παρὰ

408 2401 506 2461 τὰς
553 2400 612 2452 ἐν
648 2399 729 2470 τῷ
758 2401 910 2473 νόμῳ
957 2401 1197 2467 Μωσέως
1244 2402 1456 2467 θυσίας,
1511 2404 1703 2475 ἐτέρας
1732 2405 1995 2477 ἀναφέρε-

407 2489 536 2543 σθαι
573 2490 654 2562 τῷ
684 2491 826 2561 Θεῷ,
867 2494 964 2547 καὶ
1009 2493 1247 2547 ἐκώλυον
1287 2493 1388 2557 τὰς
1429 2494 1568 2565 ὑπὲρ
1610 2494 1705 2548 τοῦ
1737 2495 1869 2549 λαοῦ
1900 2497 1994 2550 καὶ

413 2580 679 2648 βισιλὲως
705 2584 801 2636 καὶ
838 2582 949 2637 τῶν
983 2584 1281 2656 Ῥωμαίων
1314 2586 1504 2650 ἔθνους
1544 2586 1687 2658 ὑπὲρ
1720 2587 1995 2657 σωτηρίας

410 2677 703 2746 γινομένας
739 2694 754 2708 ·
811 2678 960 2740 six-5c;
1008 2674 1103 2731 οὖν
1155 2679 1249 2732 ἐπὶ
1301 2678 1513 2744 τούτοις
1573 2680 1995 2749 ἀγανακτοῦντα

411 2768 548 2837 πρὸς
573 2767 893 2833 Γαλιλαίους
922 2769 1017 2823 τὶν
1051 2769 1305 2835 Πιλᾶτον,
1339 2770 1594 2825 κελεῦσαι
1617 2772 1749 2842 παρ’
1777 2772 1993 2836 αὐταῖς,

408 2855 499 2924 αἷς
546 2861 763 2915 ἐδόκουν
823 2862 967 2921 κατὰ
1006 2862 1097 2915 τὸν
1140 2862 1304 2932 νόμον
1338 2864 1671 2933 προσφέρειν
1715 2861 1929 2927 θυσίαις
1950 2863 1994 2895 ⁸⁷

408 2951 763 3023 ἀναιρεθῆναι
792 2968 809 2984 ⁸
837 2953 913 3017 ὡς
950 2953 1078 3023 τόγε
1106 2953 1190 2990 ⁸⁷*
1208 2953 1580 3026 ἀναμιχθῆναι
1605 2958 1724 3019 ταῖς
1758 2973 1992 3027 προσςεσ

413 3044 672 3114 ρομὲναις
710 3043 926 3109 θυσίαις
965 3044 1025 3098 τὸ
1060 3041 1201 3115 αἷμα
1241 3044 1352 3098 τῶν
1394 3047 1806 3115 προσαγόντων,
1853 3046 1997 3100 καθὰ

411 3136 506 3189 καὶ
560 3136 618 3189 ἐν
676 3135 756 3207 τῷ
808 3137 953 3191 κατὰ
1017 3137 1231 3192 Λουκᾶν
1293 3137 1616 3209 Εὐαγγελίῳ
1668 3139 1991 3210 ἐμφέρεται.

422 3226 723 3299 Ἀπόστητε
752 3228 862 3282 ἀπὸ
880 3229 991 3282 τῶν
1017 3228 1322 3300 ἀνθρώπων
1344 3229 1570 3284 τούτων.
1597 3229 1784 3283 Είπὼν
1818 3247 1992 3301 παρα-

407 3319 690 3391 δείγματα
718 3320 828 3374 τῶν
856 3321 1242 3390 διαλυθέντων,
1275 3323 1491 3379 δίδωσιν
1524 3325 1707 3388 αὐτοῖς
1737 3325 1831 3377 καὶ
1862 3327 1990 3395 περὶ

408 3409 619 3465 ἑαυτῶν
648 3412 975 3479 ὲννοεῖν,ὃτι
998 3415 1212 3486 μήποτε
1232 3416 1425 3480 ἄλλους
1452 3417 1790 3486 μελετῶντες
1820 3435 1991 3472 κατα-

410 3501 582 3568 λύειν,
618 3502 1013 3574 διαλυθήσεσθε
1042 3522 1057 3537 ο
1100 3508 1234 3578 πρὸς
1268 3511 1376 3579 γὰρ
1407 3507 1469 3560 τὸ
1502 3508 1577 3579 τῷ
1598 3508 1718 3578 Θεῷ
1738 3508 1933 3562 δοκοῦν
1962 3510 1991 3562 ὁ

413 3595 721 3667 μαχόμενος
744 3597 846 3651 οὐκ
878 3600 1087 3652 ἐκεῖνον
1106 3599 1171 3667 ⁸⁸,
1210 3600 1325 3653 ἀλλ’
1364 3601 1564 3654 ἑαυτὸν
1609 3601 1895 3655 καταλύει.
1930 3601 1992 3654 El

412 3686 511 3754 μὲν
557 3689 665 3759 γὰρ
710 3689 1052 3760 ἀνθρώπινόν
1079 3692 1219 3758 ἐστι,
1256 3693 1413 3763 φησὶ,
1450 3692 1507 3745 τί
1535 3692 1617 3745 δεῖ
1652 3692 1993 3764 πραγμάτων

412 3778 584 3849 ύμῖνς
626 3780 765 3833 ἀλλὰ
812 3781 962 3836 θεῖόν
1015 3784 1165 3836 ἐστιν
1196 3799 1209 3815 ·
1259 3784 1322 3836 οὐ
1359 3783 1416 3836 δὲ
1452 3784 1591 3854 μετὰ
1646 3786 1993 3855 πραγμάτων

410 3871 704 3943 δυνήσεσθε
750 3872 881 3927 αὐτὸ
936 3874 1288 3929 καταλύσειν.
1357 3875 1472 3928 Οὐκ
1530 3871 1655 3929 εἷπε
1700 3876 1757 3930 δὲ
1801 3877 1883 3930 ὃτι
1930 3878 1995 3929 ἐκ

410 3960 548 4014 Θεοῦ
602 3963 775 4029 ἐστιν,
832 3965 950 4018 ἀλλ’
1006 3967 1069 4020 οὐ
1134 3965 1193 4019 δέ
1229 3965 1589 4037 ἀνθρώπινον.
1648 3968 1710 4020 Ei
1756 3967 1993 4038 μὲνγὰρ

411 4049 584 4118 εἶπεν,
635 4056 700 4109 ἐκ
740 4055 900 4120 Θεοῦ,
948 4058 1235 4127 ἀντέλεγον
1257 4061 1460 4112 ἐκεῖνοι
1487 4060 1551 4115 ἄν
1573 4076 1587 4090 '
1618 4062 1665 4112 εἰ
1690 4059 1768 4122 δέ,
1807 4058 1868 4122 ἐξ
1899 4059 1994 4111 ἀν-

412 4145 1032 4222 θρώπων,προχείρους
1076 4150 1274 4215 αὐτοὺς
1327 4151 1465 4205 κατά
1517 4151 1625 4204 τῶν
1681 4150 1995 4205 ἀποστόλων

412 4239 608 4294 ἐποίει.
668 4241 767 4294 Διὰ
813 4242 972 4295 τοῦτο
1034 4242 1215 4309 σοφῶς
1258 4242 1347 4296 τὸν
1399 4243 1555 4312 λόγον
1608 4243 1992 4313 οἰκονομήσας,

412 4332 724 4401 περιμεῖναι
757 4335 819 4386 τὸ
859 4333 1012 4396 τέλος
1051 4333 1282 4387 κελεύει.
1341 4336 1482 4404 Ὅρα
1535 4334 1616 4400 δὲ,
1668 4335 1769 4388 οὐκ
1799 4329 1953 4386 εἶπεν
1978 4351 1993 4367 ο

427 4422 552 4475 Ἐὰν
588 4422 664 4493 μὴ
686 4424 1025 4495 καταλύσητε
1067 4426 1221 4490 αὐτὸ,
1242 4429 1305 4480 ἐκ
1330 4426 1423 4480 τοῦ
1447 4426 1582 4480 Θεοῦ
1603 4427 1752 4480 ἐστιν
1769 4442 1783 4457 ο
1826 4425 1991 4488 Ἀλλ’,

2102 519 2437 574 rescindere:
2497 536 2560 573 ne
2595 519 2735 588 forte
2774 522 2935 572 etiam
2962 516 3068 570 Deo
3105 529 3393 584 repugnate
3418 514 3674 568 videamio

2100 615 2177 669 ni.

2174 703 2343 758 Vens.
2372 703 2463 758 40.
2498 702 2797 755 Puruerunt
2824 712 2998 753 autem
3030 698 3099 761 ei,
3118 711 3166 752 et
3190 713 3307 750 cum
3338 696 3677 752 advertissent

2099 796 2389 866 apostolos,
2442 794 2591 848 cwsis
2638 793 2713 846 eis
2737 799 3123 858 prwceperunt,
3160 806 3224 844 ne
3253 788 3590 858 loquerentur
3624 792 3678 842 in

2099 890 2309 943 nomine
2334 886 2486 949 Iesu,
2520 902 2583 939 ac
2625 884 2935 938 dimiserunt
2979 898 3090 936 eos.

2174 1087 2339 1143 Vsus.
2370 1089 2457 1143 Η.
2498 1086 2564 1141 Et
2584 1088 2667 1142 illi
2704 1087 2914 1159 quidem
2935 1101 2999 1139 om
3018 1096 3295 1154 conspectu
3324 1086 3535 1138 concilii
3563 1086 3679 1137 dis-

2099 1181 2351 1235 cedebaut
2392 1182 2661 1246 lwtantes,
2693 1180 2832 1250 quod
2865 1179 3007 1249 digni
3026 1177 3193 1229 habiti
3230 1187 3425 1239 essent,
3474 1180 3561 1245 qui
3586 1194 3680 1245 pro

2100 1276 2310 1329 nomine
2355 1274 2563 1327 Domini
2594 1273 2721 1327 Jesn
2785 1272 3108 1326 contumelia
3143 1270 3495 1339 afficerentur.

2167 1387 2335 1444 Vsus.
2364 1387 2452 1441 ΔΞ.
2479 1388 2554 1440 Ac
2584 1386 2818 1458 quotidie
2850 1385 2905 1438 in
2936 1382 3123 1453 templo
3146 1396 3190 1435 et
3216 1382 3267 1433 in
3297 1381 3513 1444 privatis
3548 1380 3680 1433 ιιίιὶο

2098 1484 2209 1537 bus'
2234 1481 2442 1541 docere,
2475 1489 2523 1534 et
2553 1474 2739 1533 Iesum
2790 1477 3057 1534 Christum
3090 1477 3414 1528 annuntiare
3456 1490 3556 1525 non
3595 1472 3678 1523 in-

2103 1570 2482 1626 termittebunt.

2178 1686 2444 1742 Videntur
2498 1684 2705 1742 ϐειιίιωὶ
2766 1682 2924 1736 l‘ilati
2992 1679 3336 1750 temporibus
3388 1684 3678 1746 sequentes
3742 1698 3754 1711 υ

2096 1778 2404 1834 doctrinam
2435 1785 2605 1847 atque
2672 1774 3024 1829 traditionem
3058 1771 3212 1827 Judaz
3242 1768 3450 1825 Calibei
3478 1768 3679 1822 tumul-

2096 1869 2239 1924 tuati
2281 1883 2417 1924 esse
2464 1875 2629 1935 atque
2654 1863 2985 1920 seditionem
3049 1863 3313 1918 movisse.
3347 1861 3679 1914 Etatautcm

2092 1958 2245 2014 Judae
2282 1957 2530 2015 doctrina
2557 1957 2670 2011 haec
2703 1973 2716 2010 :
2750 1955 2856 2027 56
2891 1954 3199 2017 Dominum,
3259 1953 3458 2017 aiebat,
3491 1966 3557 2005 nc
3587 1966 3680 2004 ore

2093 2050 2318 2121 quidem
2384 2058 2548 2104 tenus
2597 2062 2931 2119 quemquam
2986 2046 3168 2101 dicere
3200 2054 3458 2115 oportet,
3503 2059 3678 2111 neque

2094 2141 2324 2198 honoris
2355 2140 2591 2210 alicujus
2637 2155 2701 2194 ac
2730 2139 2946 2194 blanda:
2994 2136 3383 2207 appellationis
3445 2148 3611 2191 causa
3653 2150 3665 2185 :

2095 2242 2262 2304 atque
2318 2234 2394 2286 ita
2453 2248 2523 2286 ne
2555 2246 2739 2300 regem
2792 2229 3038 2299 quidem.
3101 2229 3179 2281 Ac
3217 2226 3374 2280 multi
3435 2226 3677 2284 illorum,

2093 2322 2385 2396 propterea
2415 2323 2561 2394 quod
2610 2322 2880 2377 Caesarem
2925 2319 3204 2374 dominum
3250 2318 3433 2371 dicere
3466 2316 3678 2370 noluis-

2095 2423 2241 2481 sent,
2281 2414 2621 2485 gravissimis
2649 2411 2971 2466 verberibus
3002 2410 3180 2463 all‘ecti
3230 2417 3386 2470 sunt,
3421 2408 3679 2462 docentes

2095 2521 2203 2560 non
2257 2513 2509 2575 oportere
2559 2512 2757 2573 praeter
2796 2516 2858 2556 ea
2897 2516 3017 2572 qua:
3062 2499 3118 2555 in
3166 2500 3283 2569 lege
3347 2497 3515 2553 Musis
3570 2507 3682 2552 tra~

2101 2596 2331 2658 duntur,
2393 2596 2498 2648 alia
2569 2593 2679 2647 Deo
2712 2593 2983 2648 sacriﬁcia
3026 2591 3175 2646 fieri:
3207 2605 3270 2645 ac
3299 2591 3551 2646 vetabant
3583 2606 3681 2658 pro

2096 2687 2281 2759 populi
2335 2699 2389 2743 et
2447 2685 2797 2756 imperatoris
2855 2693 2910 2740 et
2960 2683 3224 2739 “ornante
3283 2681 3462 2753 gentis
3506 2682 3684 2735 salute

2098 2782 2312 2837 hostias
2357 2786 2414 2833 et
2464 2777 2720 2833 victimas
2786 2776 2997 2832 offerri.
3065 2774 3378 2829 Verisimile
3406 2774 3683 2841 estigi'ur

2098 2870 2253 2924 bisce
2287 2868 2357 2924 de
2385 2867 2572 2923 causis
2604 2867 2843 2923 Galilmis
2876 2868 3076 2921 iratmu
3140 2864 3373 2918 Pilatum
3422 2864 3679 2929 jussisso,

2099 2968 2159 3015 ut
2207 2960 2363 3030 juxta
2421 2975 2506 3027 ea,
2536 2974 2659 3030 qua:
2714 2975 2778 3015 ex
2813 2959 2947 3029 legis
3005 2957 3323 3027 praescripto
3347 2955 3691 3009 vidrbautur.

2100 3051 2374 3108 sacrificia
2430 3050 2635 3116 facere,
2729 3049 3211 3105 interﬁcerentur:
3271 3046 3685 3117 adeoutttune

2104 3143 2320 3207 hostiis,
2376 3159 2497 3211 qua:
2552 3141 2946 3205 ollerebantur,
3002 3140 3434 3211 permisccrctnr
3460 3139 3683 3209 sanguis

2102 3234 2481 3298 oﬂ'erentium,
2541 3231 3004 3303 quemadmodum
3062 3232 3227 3286 etiam
3275 3229 3329 3282 in
3392 3228 3685 3298 Evangelia

2099 3328 2263 3384 Lucae
2291 3328 2623 3383 continetur.
2652 3326 2936 3381 Abstinete
2978 3324 3046 3380 ab
3069 3321 3391 3377 hominibus
3416 3322 3522 3376 bis.
3546 3322 3682 3374 Cum

2101 3421 2451 3491 exposuisset
2479 3418 2723 3488 exempla
2758 3432 2975 3482 eorum,
3000 3414 3094 3486 qui
3125 3413 3445 3470 labi-laetati
3478 3420 3633 3466 erant
3671 3429 3681 3464 :

2100 3513 2340 3584 suggerit
2365 3513 2475 3576 eis,
2501 3520 2561 3566 ut
2581 3512 2648 3566 de
2675 3527 2734 3566 se
2774 3525 2995 3582 quoque
3024 3508 3265 3580 cogitent
3298 3522 3576 3577 :_ncmpe:
3607 3506 3685 3560 Ne

2104 3604 2242 3659 forte
2263 3604 2401 3658 alios
2429 3602 2761 3657 labefactare
2773 3602 3100 3671 cogitantes,
3126 3600 3237 3670 ipsi
3259 3598 3682 3655 labefactemini.

2102 3690 2232 3745 Nam
2294 3700 2659 3759 prmterquam
2712 3689 2857 3757 quod
2909 3687 3019 3743 Deo
3074 3689 3291 3743 videtur
3347 3704 3671 3758 repugnare,

2102 3782 2195 3852 qui
2220 3789 2510 3850 repugnat,
2537 3795 2644 3833 non
2674 3778 2852 3842 illum,
2888 3778 2981 3834 sed
3008 3778 3187 3849 ipsum
3211 3779 3523 3835 labefactat.
3553 3780 3684 3832 Nam

2103 3874 2149 3928 si
2186 3874 2405 3943 quidem
2450 3871 2779 3940 res,inquit,
2841 3881 2925 3924 est
2978 3872 3218 3927 humana
3256 3913 3271 3936 ,
3333 3873 3466 3941 quid
3528 3870 3684 3924 vobis

2105 3967 2377 4022 molestiis
2408 3982 2547 4036 opus
2578 3965 2711 4020 est?
2742 3967 2811 4019 At
2852 3964 3131 4036 negotium
3160 3965 3405 4019 divinum
3429 3972 3537 4019 est.
3604 3965 3684 4016 Ne

2103 4059 2375 4129 susceptis
2420 4059 2641 4128 quidem
2699 4057 2965 4113 molestiis
3015 4055 3265 4128 poteritis
3296 4055 3427 4111 illud
3483 4052 3687 4108 labefa-

2103 4163 2276 4208 ctare.
2310 4150 2430 4205 Non
2488 4150 2624 4204 dixit
2655 4157 2834 4203 autem
2868 4169 2882 4206 :
2909 4148 2993 4205 Ex
3021 4150 3128 4204 Deo
3152 4155 3235 4204 est
3265 4164 3281 4203 :
3317 4156 3372 4204 at
3400 4147 3687 4202 nelnuna-

2106 4259 2236 4297 num
2263 4242 2484 4312 quidem
2528 4256 2653 4296 esse
2674 4240 2915 4295 dicebat.
2945 4240 3079 4296 Nam
3123 4239 3168 4295 si
3201 4238 3423 4310 quidem
3454 4235 3687 4307 dixisset

2103 4351 2229 4392 esse
2281 4334 2579 4403 divinum,
2628 4332 3007 4388 contradicere
3062 4331 3139 4385 illi
3198 4331 3550 4400 potuissent:
3593 4329 3679 4380 sin

2105 4425 2612 4491 autem,bumanum
2634 4465 2649 4490 ,
2683 4432 2966 4493 promptos
2984 4439 3086 4478 eos
3114 4435 3165 4476 et
3198 4420 3391 4475 faciles
3419 4420 3685 4474 adversus

416 4513 513 4566 ἐὰν
543 4515 608 4567 ἐκ
636 4513 731 4568 τοῦ
760 4515 895 4569 Θεοῦ
926 4514 984 4589 ᾖ,
1013 4518 1073 4570 οὐ
1111 4517 1569 4589 καταλυθήσεται.
1632 4517 1993 4589 Ἐπείσθησαν

2106 4518 2384 4589 apostolos
2446 4515 2741 4571 cll‘ccisset.
2812 4514 3019 4570 Idcirco
3071 4513 3375 4585 prudenter
3412 4511 3682 4582 disposita

412 4605 469 4658 δὲ
495 4606 665 4677 αὐτῷ.
709 4607 809 4661 Διὰ
833 4607 996 4662 τοῦτο
1042 4608 1399 4677 ἐπείσθησαν,
1433 4610 1517 4663 ὅτι
1572 4610 1647 4682 μὴ
1712 4612 2001 4683 παρόντων

414 4699 524 4751 τῶν
557 4700 873 4755 ἀποστόλων
902 4699 1055 4770 ἔλεγε
1088 4701 1286 4766 ταῦτα,
1309 4704 1407 4757 καὶ
1434 4701 1509 4766 ὡς
1535 4702 1605 4755 τὰ
1631 4702 1773 4757 αὐτὰ
1806 4705 2001 4757 κάκεῖ-

416 4806 507 4851 νος
544 4790 726 4855 αὐτοῖς
755 4791 999 4862 φρονῶν.
1060 4792 1185 4856 Πῶς
1223 4791 1317 4846 οῦν
1350 4792 1601 4862 ἔδειραν..
1652 4794 1701 4846 εί
1745 4793 2004 4864 ἐπείσθη·

419 4898 562 4951 σαν;
614 4883 983 4953 Ἐπείσθησαν
1013 4885 1112 4955 μὲν
1144 4883 1453 4954 ἀποστῆναι
1504 4883 1605 4954 τῆς
1647 4886 1864 4955 σφαγῆς
1899 4887 2000 4939 αὑ-

415 4971 526 5023 τῶν
567 4988 583 5003 ·
620 4973 782 5028 τοῦτο
819 4976 928 5046 γὰρ
986 4974 1313 5046 ῆὸούλοντοο
1361 4975 1457 5028 καὶ
1500 4974 1598 5044 τὴν
1650 4975 1756 5046 μὲν
1804 4975 2002 5048 βουλὴν

419 5063 643 5134 ἀφῆκαν
670 5082 686 5096 ·
718 5066 868 5138 ὅμως
903 5067 995 5121 τὸν
1044 5068 1247 5122 οίκεῖον
1282 5066 1453 5137 θυμὸν
1490 5066 1766 5141 ἐπλήρουν
1809 5068 1999 5136 μαστί-

418 5155 624 5222 ζοντες.

2106 4611 2353 4666 oratione
2371 4618 2625 4663 eventum
2656 4623 2753 4662 eos
2781 4617 2833 4661 et
2862 4607 3021 4661 linem
3046 4605 3205 4674 jubet
3230 4614 3575 4674 exspectare.
3610 4605 3693 4659 At:

2104 4702 2252 4765 vide,
2273 4718 2379 4755 non
2403 4699 2543 4754 dixit
2569 4740 2584 4763 ,
2617 4698 2737 4755 Nisi
2770 4699 3232 4754 Iabefactaveritis
3258 4706 3313 4753 et
3347 4697 3689 4753 rescidcritis

2104 4796 2182 4863 id,
2214 4810 2279 4849 ex
2306 4792 2412 4847 Deo
2429 4800 2512 4846 est
2546 4809 2558 4846 :
2588 4790 2709 4858 sed,
2742 4790 2788 4847 si
2817 4807 2882 4846 ex
2915 4789 3023 4846 Deo
3050 4799 3156 4855 est,
3188 4806 3296 4845 non
3328 4788 3687 4844 lubefactabi-

2106 4897 2217 4941 tur.
2269 4883 2578 4939 Paruerunt
2639 4891 2821 4937 autem
2861 4882 2933 4936 ei.
2984 4879 3194 4936 Idcirco
3215 4882 3498 4950 parebant,
3553 4879 3683 4947 quia

2108 4994 2217 5033 non
2285 4975 2648 5047 praesentibus
2708 4974 2972 5044 apostolis
3026 4974 3142 5027 hanc
3162 4971 3430 5028 dicebat:
3481 4977 3685 5024 ettan-

2110 5086 2277 5141 quatn
2338 5067 2528 5123 eadem
2578 5068 2740 5121 etiam
2803 5067 2917 5135 ipse
2971 5066 3216 5120 sentiens
3237 5079 3364 5118 cum
3418 5061 3547 5115 illis.
3580 5058 3683 5122 Qui

2108 5176 2239 5229 ergo
2260 5160 2445 5223 (iebat,
2482 5168 2541 5212 ut
2572 5158 2925 5214 verberare-nt
2946 5155 3307 5227 apostolos,si
3343 5154 3711 5225 paruerunt?-

417 5245 694 5305 Parebant
720 5251 944 5322 quidem
970 5253 1026 5309 in
1052 5253 1178 5321 hoc,
1207 5261 1317 5308 uta
1348 5251 1497 5307 catde
1524 5266 1713 5307 conum
1747 5252 2110 5307 abstinerent.
2143 5250 2275 5304 Nam
2320 5250 2371 5305 id
2400 5251 2581 5304 facere
2643 5251 2696 5304 in
2753 5251 2935 5303 animo
2986 5249 3261 5303 habebant
3302 5261 3317 5297 :
3356 5259 3420 5298 ac
3486 5241 3681 5293 volun.-

416 5350 586 5398 talem
619 5345 841 5415 quidem
870 5347 1017 5403 illam
1049 5347 1393 5404 obmiserunt
1428 5384 1445 5411 ,
1482 5351 1723 5400 attamen
1778 5344 2119 5399 iracundiam
2148 5360 2301 5398 suam
2338 5359 2434 5398 eos
2473 5342 2808 5414 llagellantes
2831 5341 3138 5412 explebant.

1606 5546 1809 5610 Varia:
1838 5546 2146 5609 lectiones
2190 5552 2254 5607 et
2297 5550 2487 5608 notat.

492 5671 539 5703 ⁸⁸
569 5670 633 5723 In
682 5672 894 5743 vulgato
918 5688 1029 5738 pro,
1063 5689 1153 5725 του
1184 5673 1385 5738 Κυρίου
1428 5672 1624 5742 ’1ητοῦ,
1658 5683 1756 5739 est,
1792 5671 1977 5727 αὐτοῦ.

424 5751 565 5808 erat,
585 5758 756 5811 supra.
782 5753 1095 5807 correctum,
1117 5746 1345 5796 ἐκεῖνον.

2087 5674 2131 5703 ⁸⁸
2157 5673 2243 5726 Ic.
2276 5672 2355 5725 τό.

2457 5671 2502 5703 ⁸⁷
2531 5668 2718 5729 θυσίας
2757 5676 2886 5720 (ναι.
2968 5665 3032 5695 ⁵⁷⁸
3057 5662 3303 5717 Ισ.ττὶτε.
3380 5662 3423 5695 εδ
3456 5664 3709 5721 ἐκείνωλςο
