4116 6216
457 343 555 411 601

1159 346 1564 409 EXPOSITIO
1590 339 1673 409 IN
1711 348 1899 409 ACTA
1919 347 2502 418 APOSTOLORUM.
2545 338 2607 391 -‘—
2632 356 2793 417 CAP.
2835 359 2942 420 vr.

3614 355 3720 419 60:?

456 467 646 530 ἁπλῶς
678 463 800 519 εἷπε
832 464 990 519 τοῦτο
1012 505 1027 531 ,
1054 465 1179 517 ἀλλ’
1201 463 1432 533 ἔδειξεν,
1464 467 1564 536 ὅση
1597 466 1695 536 τῆς
1730 465 2030 536 ἐλεημοσύ-

2141 484 2223 523 res
2252 473 2591 527 necessarias
2626 474 3139 530 ordinati‘fuerunt.
3198 474 3264 529 Et
3292 474 3451 531 valde
3484 476 3717 545 augeba-

457 574 554 627 νης
583 560 615 628 ἡ
649 557 802 626 ἰσχὺς
832 556 924 609 καὶ
953 556 1051 625 τῆς
1080 556 1396 622 διατάξεως.

529 818 829 888 Στέφανος
873 820 963 887 δὲ,
995 820 1232 888 πλήρης
1253 822 1510 886 πίστεως
1553 820 1651 874 καὶ
1696 818 2033 889 δυνάμεως,

457 909 646 963 ἐποίει
668 910 886 977 τέρατα
914 910 1010 965 καὶ
1043 911 1263 978 σημεῖα
1286 913 1519 980 μεγάλα
1541 913 1583 943 ⁷³
1614 912 1684 965 ἐν
1711 911 1791 977 τῷ
1818 910 1965 974 λαῷ.

542 999 918 1067 Ἀνέστησαν
949 999 1018 1055 δέ
1048 1019 1211 1067 τινες
1245 1001 1364 1056 τῶν
1398 1003 1465 1057 ἐκ
1500 1002 1612 1070 τῆς
1645 1000 2036 1070 συναγωγῆς,

458 1088 564 1156 τῆς
617 1088 949 1159 λεγομένης
996 1092 1354 1160 Λιϐερτίνων
1396 1093 1493 1146 καὶ
1543 1092 1894 1159 Κυρηναίων
1938 1091 2036 1145 καὶ

472 1180 934 1250 ῗΔλεξιινδρέων,
964 1180 1062 1234 καὶ
1088 1181 1207 1235 τῶν
1231 1183 1349 1237 ἀπὸ
1383 1183 1655 1248 Κιλικίας
1680 1183 1775 1235 καὶ
1808 1182 2035 1247 Ἀσίας,

457 1272 676 1342 συζητο
684 1273 858 1341 ῦντες
886 1271 966 1338 τῷ
994 1274 1297 1342 Στεφάνῳ.

530 1363 639 1418 Kal
684 1366 795 1417 οὐκ
837 1365 1060 1432 ἴσχυον
1094 1364 1450 1434 ἀντιστῆναι
1489 1365 1563 1434 τῇ
1604 1367 1790 1435 σοφίᾳ
1826 1366 1922 1420 καὶ
1959 1364 2039 1430 τῷ

444 1456 782 1525 ΔΠνεύματι,
809 1449 859 1523 ᾧ
888 1455 1116 1509 ἐλάλει.

533 1548 672 1601 Τότε
702 1548 1015 1603 ὑπέϐαλον
1043 1547 1268 1616 ἄνδρας
1297 1546 1613 1616 λέγοντας,
1651 1546 1739 1600 ὅτι
1770 1545 2036 1612 ἀκηκόα-

453 1655 566 1707 μεν
590 1637 776 1693 αὑτοῦ
804 1641 1141 1707 λαλοῦντος
1163 1641 1400 1711 ῥήματα
1424 1638 1765 1709 βλάσφημα
1794 1640 1879 1705 εὶς
1910 1642 2035 1692 Mu-

448 1729 584 1800 σῆν
610 1732 709 1785 καὶ
741 1730 849 1785 τὸν
877 1734 1045 1789 Θεόν.
1855 1736 1871 1753 “

525 1908 951 1977 Συνεκίνησάν
985 1927 1045 1964 τε
1078 1911 1184 1966 τὸν
1210 1911 1365 1966 λαὸν
1394 1913 1489 1966 καὶ
1522 1913 1664 1978 τοὺς
1697 1912 2033 1981 Πρεσϐυτέ-

450 2014 600 2065 ρους
631 2000 726 2054 καὶ
757 2000 899 2068 τοὺς
930 2002 1302 2072 Γραμματεῖς
1325 2018 1340 2035 ο
1372 2004 1471 2057 καὶ
1501 2003 1858 2070 ἐπιστάντες
1888 2020 2035 2059 συν-

457 2090 741 2158 ήρπασαν
768 2095 976 2159 αὐτὸν,
1009 2095 1106 2148 καὶ
1140 2094 1369 2164 ἤγαγον
1395 2097 1483 2161 εἰς
1512 2095 1577 2149 τὸ
1606 2097 1946 2165 συνέδριον.

533 2183 853 2253 Ἐστησὰν
886 2201 948 2238 τε
980 2183 1286 2254 μάρτυρας
1326 2186 1574 2254 ψευδεῖς
1612 2186 1903 2256 λέγοντας
1922 2200 1935 2215 ·
1975 2188 2035 2241 ὐ

2144 570 2229 615 tur
2252 560 2637 634 Hierosolyma:
2676 581 2945 622 ttumerns
2976 567 3396 636 discipulorum.
3432 563 3550 619 Non
3588 566 3719 620 sim-

2140 652 2356 721 pliciter
2386 655 2492 708 hoc
2517 654 2678 721 dixit,
2714 658 2808 712 sed
2849 657 3088 713 ostendit
3119 667 3324 727 quanta
3357 657 3427 711 sit
3460 661 3541 711 vis
3567 658 3718 713 elec-

2143 758 2382 814 tnosynze
2412 756 2577 814 atque
2609 749 3049 803 constitutionis.

2214 831 2380 887 Vens.
2411 834 2464 889 8.
2499 833 2792 898 Stephanus
2822 848 3018 905 autem,
3055 839 3243 908 plenus
3283 837 3406 907 ﬁdei
3434 848 3587 907 atque
3618 838 3721 891 vir-

2140 925 2269 978 tutis
2289 936 2337 985 ε,
2371 925 2597 993 faciebat
2621 929 2862 997 prodigia
2890 939 2936 982 et
2959 931 3108 999 signa
3138 947 3329 999 magna
3360 931 3409 982 in
3434 930 3646 996 populo.

2211 1009 2320 1081 58
2339 1010 2502 1068 Vens.
2540 1013 2593 1067 9.
2613 1012 2878 1069 Coucitati
2893 1026 3012 1069 sunt
3036 1027 3208 1070 autem
3222 1017 3437 1082 quidam
3469 1018 3531 1071 de
3549 1017 3721 1087 Syna-

2139 1115 2291 1170 goga,
2326 1118 2444 1172 qua:
2467 1101 2863 1158 Libertinorum
2912 1106 3229 1176 appellatur,
3260 1117 3306 1161 et
3342 1106 3719 1177 Cyrenensium

2138 1200 2188 1243 et
2218 1189 2722 1259 Alexandrinorum,
2750 1203 3024 1260 eteorum,
3048 1196 3139 1267 qui
3181 1206 3335 1251 erant
3362 1213 3425 1251 ea:
3453 1195 3643 1252 Cilicia
3672 1208 3720 1252 et

2139 1282 2289 1343 Asia,
2315 1285 2537 1351 quicum
2566 1284 2839 1354 Stephano
2866 1287 3231 1358 disputabant.

2211 1370 2376 1427 Vens.
2415 1375 2496 1428 10.
2531 1373 2767 1440 Quicum
2796 1392 2899 1429 non
2928 1386 3143 1444 possent
3176 1377 3420 1432 resistere
3449 1378 3719 1447 sapientia:

2139 1474 2293 1533 atque
2317 1463 2566 1533 Spiritui,
2596 1467 2686 1536 qui
2723 1468 3057 1535 loquebatur,

2214 1555 2379 1611 Vens.
2417 1556 2909 1631 H.Allcgaverunt
2943 1569 2991 1611 et
3042 1558 3403 1612 subornnrunt
3462 1557 3716 1619 homines,

2137 1647 2227 1716 qni
2270 1647 2500 1702 dicerent
2534 1643 2589 1701 se
2624 1648 2894 1702 audivisse
2941 1649 3095 1700 illum
3145 1649 3493 1716 proferentem
3544 1648 3717 1709 verba,

2138 1739 2328 1807 quibus
2362 1747 2412 1792 et
2456 1742 2662 1808 Moyses
2710 1736 3031 1792 contumelia
3084 1737 3408 1807 afﬁceretur,
3447 1748 3495 1791 et
3539 1740 3719 1792 divina

2070 1830 2119 1890 B
2150 1831 2399 1897 majestas
2428 1830 2730 1885 (cederetur.

2211 1922 2380 1979 Vens.
2414 1921 2501 1976 l2.
2524 1920 2710 1992 Itaque
2738 1933 3123 1977 commoverunt
3153 1922 3349 1991 plebem
3377 1931 3425 1976 et
3471 1922 3716 1987 seniores,

2135 2027 2184 2072 et
2211 2014 2449 2081 Scribas,
2482 2025 2530 2069 et
2554 2014 2731 2069 adorti
2751 2030 2891 2081 eum,
2919 2025 3208 2084 rapuerunt
3231 2026 3279 2069 et
3309 2014 3643 2068 adduxerunt
3667 2015 3719 2067 iu

2138 2106 2443 2162 concilium.

2207 2198 2375 2253 Vens.
2410 2198 2499 2254 15.
2531 2197 2609 2252 Ac
2651 2196 2824 2267 falsos
2882 2204 3035 2250 testes
3080 2196 3469 2265 produxerunt,
3509 2195 3599 2265 qui
3642 2194 3719 2247 ita

458 2277 766 2344 ἄνθρωπος
809 2270 987 2340 οὗτος
1023 2275 1096 2329 οὐ
1134 2275 1384 2329 παύεται
1420 2274 1657 2343 ῥήματα
1692 2260 2036 2342 ,βλάσφημα

2141 2288 2416 2343 dixerunt:
2443 2287 2613 2341 IIomo
2639 2290 2735 2341 iste
2758 2303 2861 2341 non
2907 2287 3100 2341 desinit
3134 2288 3287 2339 verba
3325 2285 3717 2339 conmmeliasa

450 2366 665 2421 λαλῶν
702 2366 851 2420 κατὰ
888 2363 998 2419 τοῦ
1036 2365 1222 2419 τόπου
1259 2364 1367 2420 τοῦ
1410 2365 1582 2435 ἁγίου
1620 2366 1834 2419 τούτου
1852 2366 1899 2397 ⁷³
1937 2364 2032 2417 καὶ

456 2456 561 2511 τοῦ
590 2455 801 2526 νόμου.

538 2549 896 2618 Ἀκηκόαμεν
920 2546 1032 2617 γὰρ
1059 2545 1245 2602 αὑτοῦ
1276 2545 1585 2616 λέγοντος,
1616 2546 1704 2599 ὅτι
1721 2545 1765 2576 ⁷³
1793 2544 2035 2612 Ἰησοῦς

457 2645 493 2697 ό
519 2639 847 2709 Ναζωραῖος
877 2636 1056 2706 οὗτος
1088 2638 1418 2693 καταλύσει
1448 2638 1556 2691 τὸν
1584 2637 1773 2690 τόπον
1799 2635 2034 2700 τοῦτον,

456 2732 556 2787 καὶ
588 2731 841 2797 ἀλλάξει
874 2729 946 2784 τὰ
977 2730 1084 2799 ἔθη
1104 2771 1119 2796 ,
1156 2728 1195 2784 ἂ
1232 2727 1578 2797 παρέδωκεν
1610 2725 1755 2796 ἡμῖν
1786 2726 2034 2793 Μωσῆς.

529 2825 637 2879 Καὶ
674 2824 1065 2889 ἀτενίσαντες
1099 2822 1188 2888 εις
1221 2820 1411 2875 αὐτὸν
1446 2817 1671 2885 πάντες
1707 2821 1764 2874 ot
1803 2817 2035 2879 καθεζόο

452 2934 624 2986 μενοι
646 2919 691 2949 ⁷⁵
718 2918 789 2971 ἐν
816 2915 896 2982 τῷ
929 2914 1245 2981 συνεδρίῳ,
1279 2909 1444 2967 εἶδον
1471 2913 1539 2966 τὸ
1571 2914 1901 2981 πρόσωπον
1925 2914 2035 2966 αὐ·-

453 3010 595 3073 τοῦ,
629 3009 772 3064 ὡσεὶ
804 3011 1129 3077 πρόσωπον
1146 3005 1424 3076 ἀγγέλου.

531 3105 672 3176 Ὅρα
714 3102 830 3167 πῶς
863 3104 958 3156 καὶ
988 3104 1052 3156 ὲκ
1086 3101 1193 3155 τῶν
1225 3100 1366 3155 ἑπτὰ
1401 3096 1467 3172 ἦν
1499 3117 1583 3163 τις
1617 3101 1937 3171 πρόκριτος.
1973 3099 2037 3154 El

461 3199 565 3269 γὰρ
604 3165 1149 3268 ’καὶῆνχειροτονία
1199 3194 1353 3265 κοινὴ
1393 3165 1498 3267 ἦν,
1543 3165 1829 3263 ἁλλ’-ὅμως
1876 3183 2034 3253 οὗτος
2064 3165 2108 3225 C

459 3289 808 3346 ιπεσπάσατο
835 3290 993 3360 χάριν
1019 3288 1259 3344 πλείονα.
1285 3287 1398 3341 Καὶ
1424 3289 1525 3360 ὅρα
1555 3286 1673 3352 πῶς
1703 3285 1811 3360 πρὸ
1839 3285 2036 3342 τούτου

458 3382 662 3452 τέρατα
693 3381 795 3434 οὐκ
828 3380 1001 3434 ἐποίει
1023 3421 1037 3444 ,
1069 3379 1187 3433 ἀλλ’
1209 3378 1298 3434 ὅτε
1330 3379 1490 3451 δῆλος
1523 3382 1770 3447 γέγονεν,
1807 3379 1892 3431 ἵνα
1925 3379 2034 3431 δει-

459 3474 560 3545 χθῇ
587 3474 670 3527 ὃτι
699 3473 800 3527 οὐκ
827 3472 990 3543 ἀρκεῖ
1018 3473 1051 3543 ἠ
1081 3471 1240 3541 χάρις
1276 3471 1433 3541 μόνη,
1464 3470 1600 3525 ἀλλὰ
1626 3471 1767 3524 δεῖ’³
1797 3471 1891 3525 καὶ
1925 3486 2037 3540 χει-

464 3565 737 3637 ροτονίας.
769 3565 912 3619 ὥστε
946 3563 1227 3636 προσθήκη
1265 3562 1583 3633 Πνεύματος
1613 3560 1833 3630 ἐγένετο
1858 3602 1873 3625 ,
1911 3561 2038 3613 ἐπεὶ

462 3658 555 3712 καὶ
579 3658 638 3710 ὲν
662 3660 727 3728 τῇ
757 3656 955 3727 ὲκλογῇ
986 3655 1091 3725 πρὸ
1119 3657 1219 3727 τῆς
1246 3654 1584 3726 χειροτονίας
1627 3653 1811 3724 πλήρη
1864 3653 2038 3707 Πνεύ-

386 3772 389 3773 ν
464 3766 634 3819 ματος
674 3748 838 3803 αὐτὸν
884 3748 1173 3818 μαρτυρεῖ,
1216 3745 1451 3816 διάφορα
1494 3745 1552 3799 δὲ
1590 3746 1661 3801 τὰ
1700 3744 2035 3815 χαρίσματα.

473 3843 800 3910 ’Δνέστησαν
831 3840 889 3894 δέ
922 3857 1067 3903 τινες
1097 3839 1207 3893 τῶν
1240 3840 1304 3892 ὲκ
1338 3841 1436 3908 τῆς
1479 3838 1835 3907 Συναγωγῆς.
1877 3837 2036 3892 Ἀνά-

464 3949 653 3987 στασιν
703 3934 797 3987 τὸν
828 3931 1180 4004 παροξυσμὸν
1209 3930 1389 3984 αὐτῶν
1420 3929 1568 3997 λέγει
1596 3931 1690 3983 καὶ
1717 3930 1814 3998 τὴν
1843 3928 2034 4002 ὀργήν.

462 4028 720 4098 Διάφοροι
768 4026 827 4081 δὲ
870 4022 1013 4097 ἦσαν
1059 4026 1113 4079 αι
1166 4023 1500 4091 συναγωγαί.
1547 4021 1915 4092 Συζητοῦντες
1958 4020 2038 4092 τῷ

464 4120 740 4190 Στεφάνῳ.
782 4118 882 4173 Διὰ
922 4116 1083 4172 τοῦτο
1128 4116 1474 4186 σννεζήτουν,
1523 4115 1607 4168 (va
1652 4113 2051 4182 ἀναγκάσωσιν*

463 4210 625 4263 αὐτόν
648 4226 700 4262 τι
725 4209 931 4262 εἰπεῖν’
967 4207 996 4259 ὁ
1022 4206 1080 4260 δὲ
1107 4205 1442 4275 γυμνότερον
1469 4204 1599 4266 ἴσως
1627 4202 1915 4271 διελέγετο,
1945 4202 2041 4255 καὶ

461 4299 559 4371 τὴν
586 4299 797 4353 παῦλαν
823 4299 975 4367 ἔλεγε
999 4297 1093 4351 τοῦ
1120 4298 1285 4368 νόμου
1308 4313 1319 4325 ’
1350 4295 1384 4366 ἢ
1415 4295 1515 4349 οὐκ
1544 4294 1697 4362 ἔλεγε
1732 4294 1830 4362 μὲν
1849 4332 1864 4357 ,
1893 4292 2041 4363 ᾐνίτ-

464 4409 590 4446 τετο
620 4392 713 4445 δέ’
749 4391 870 4445 lusi.
905 4392 954 4443 ei
986 4389 1141 4458 ἔλεγε
1175 4389 1446 4460 φανερῶς,
1478 4389 1577 4442 οὐκ
1610 4388 1675 4441 ἂν
1708 4385 1815 4439 τῶν
1844 4384 2039 4455 ψευδο-

472 4483 767 4556 μαρτύρων
806 4483 1036 4539 ἐδέοντο.
1062 4483 1202 4553 Ὅρα
1242 4480 1299 4535 δὲ
1336 4482 1500 4535 αὐτὸν
1536 4481 1636 4534 οὐκ
1675 4479 2039 4550 ἐπιτρέποντα

467 4575 547 4647 τῷ
588 4575 861 4629 διδάσκειν
886 4613 900 4640 ,
947 4574 1064 4627 ἀλλ’
1091 4573 1535 4644 ἀναγκαζόμενον
1577 4572 1682 4624 ὑπὸ
1722 4572 1829 4624 τῶν
1875 4567 2043 4637 συζη-

467 4667 726 4721 τούντων.
753 4668 795 4719 Τ
797 4668 885 4720 ore
911 4665 1182 4719 ὑπέϐαλον
1206 4665 1406 4735 ἄνδρας
1436 4664 1713 4732 λέγοντας.
1745 4662 1860 4716 Οὖκ
1887 4658 2042 4714 αὐτοὶ

467 4759 518 4812 οἱ
560 4758 915 4829 συζητοῦντες
958 4755 1366 4828 μαρτυροῦσιν·
1409 4753 1757 4824 ἡλέγχθησαν
1795 4753 1904 4821 γὰρ
1946 4753 2045 4807 αὒ-

465 4853 593 4906 τίκα
635 4853 813 4923 φθόνῳ
850 4848 1349 4919 συκοφαντοῦντεςο
1383 4847 1498 4900 ἀλλ’
1534 4847 1754 4917 ἑτέρους
1793 4843 2045 4915 μισθοῦν-

466 4959 592 5009 ται,
618 4943 706 4997 ἵνα
738 4942 813 5015 μὴ
842 4941 968 5013 δόξῃ
995 4941 1057 4994 τὸ
1086 4941 1319 5011 πρᾶγμα
1350 4938 1585 5009 ὲπήρεια
1614 4934 1776 4990 εἶναι.
1810 4936 1914 4990 Τὸν
1944 4935 2045 5006 μὲν

469 5034 580 5106 γὰρ
609 5034 771 5099 Θεὸν,
802 5035 887 5103 ἐφ’
909 5029 990 5098 οἷς
1020 5033 1399 5105 ὲμιαιφὸνουν,
1431 5031 1532 5084 οὐκ
1562 5027 1874 5100 ἐφοϐοῦντο.
1906 5029 2050 5098 Πρδς

471 5129 530 5184 δὲ
557 5131 654 5200 τὴν
677 5129 909 5184 τῶν-ἀνθ
920 5127 1115 5199 ρώπων
1140 5125 1299 5191 δόξαν
1320 5123 1656 5180 ἀπέϐλεπον.
1684 5122 1962 5192 Ἕστησάν
1988 5139 2046 5174 τε

475 5222 758 5293 μάρτυρας
784 5221 998 5291 ψευδεῖς
1028 5218 1309 5288 λέγοντας.
1363 5214 1649 5287 Πανταχοῦ
1675 5216 1709 5287 ἡ
1736 5214 2048 5285 ψευδομαρ-

469 5311 654 5383 τυρία.
682 5312 758 5364 Οὐ
787 5310 897 5382 γὰρ
923 5309 1203 5364 ἐϐούλοντο
1230 5308 1417 5373 ἁπλῶς
1445 5309 1711 5379 ἀναιρεῖν,
1738 5307 1876 5361 ἀλλὰ
1908 5306 2046 5377 μετὰ

467 5404 502 5473 ψ
519 5404 672 5473 quae,
701 5402 785 5456 ἶνα
811 5405 903 5455 καὶ
926 5401 1024 5473 τὴν
1047 5401 1226 5470 δόξαν,
1254 5399 1625 5471 ὡςςὲνόμιζον,
1650 5398 1760 5453 τῶν
1788 5400 2040 5469 ἀναιρου-

2137 2381 2386 2435 adversus
2411 2379 2583 2433 locum
2609 2388 2851 2433 sanctum
2876 2386 2929 2432 et
2944 2378 3107 2447 legem
3140 2378 3394 2447 proferre.

2210 2560 2378 2617 Vens.
2416 2560 2503 2614 Μ.
2531 2560 2841 2614 Audiuimus
2870 2559 3014 2614 enim
3061 2572 3179 2612 eum
3229 2555 3526 2610 dicentem:
3559 2553 3716 2608 Jesus

2140 2654 2193 2708 Ν
2200 2670 2461 2708 azarenus
2483 2653 2566 2706 hic
2584 2651 2901 2707 demolietur
2931 2650 3068 2703 hunc
3092 2649 3284 2710 locum,
3317 2657 3367 2702 et
3390 2645 3612 2701 mutabit
3644 2646 3717 2697 ri-

2141 2756 2226 2803 tus
2271 2756 2319 2802 et
2351 2748 2620 2810 instituta,
2649 2761 2765 2815 qua:
2800 2742 3027 2798 tradidit
3052 2742 3200 2797 nobis
3237 2739 3439 2795 Moses.

2214 2837 2378 2894 Vens.
2407 2838 2492 2892 l5.
2518 2836 2753 2905 Cumque
2797 2837 2978 2890 intuiti
3022 2842 3195 2889 essent
3239 2849 3355 2887 eum
3403 2846 3601 2892 omnes,
3628 2828 3718 2899 qui

2138 2930 2387 2986 sedebant
2413 2932 2463 2985 in
2500 2930 2746 2996 concilio,
2786 2928 3032 2983 viderunt
3076 2926 3268 2996 faciem
3296 2923 3410 2995 ejus
3468 2932 3717 2992 tanquam

2139 3022 2336 3093 angeli.

2210 3115 2347 3170 Vide
2381 3122 2442 3169 ut
2474 3113 2639 3169 etiam
2669 3127 2735 3167 ex
2788 3110 2898 3165 illis
2932 3118 3142 3179 septem
3173 3106 3398 3177 quidam
3429 3113 3549 3159 erat
3598 3102 3717 3157 esi-

2138 3209 2285 3263 mius
2309 3218 2472 3276 atque
2502 3206 2781 3275 praelatus.
2816 3201 2951 3257 Nam
2983 3201 3201 3256 etiamsi
3242 3196 3520 3254 ordinatio
3566 3209 3717 3251 com-

2138 3296 2323 3357 munis
2356 3303 2505 3354 erat.
2544 3301 2783 3348 attamen
2813 3292 2903 3346 hic
2933 3289 3162 3362 gratiam
3201 3287 3460 3357 majorem
3489 3284 3717 3352 adeptus

2137 3401 2242 3448 est.
2282 3394 2357 3445 Ac
2405 3391 2615 3446 vident
2663 3388 2892 3442 antehac
2935 3381 3177 3455 prodigia
3205 3395 3313 3437 non
3347 3377 3538 3435 fecerit
3573 3416 3587 3441 ,
3622 3376 3718 3431 sed

2136 3494 2501 3556 posteaquam
2545 3491 2707 3536 notus
2731 3492 2785 3535 et
2816 3479 3000 3533 clarus
3037 3477 3249 3533 evasit:
3285 3482 3347 3528 ut
3400 3471 3722 3528 ostendatur

2138 3579 2308 3632 solam
2338 3576 2565 3647 gratiam
2596 3588 2704 3628 non
2732 3571 2990 3628 sufﬁcere
3021 3608 3036 3634 ,
3062 3568 3156 3624 sed
3177 3565 3528 3622 ordinatione
3554 3564 3717 3619 etiam

2140 3683 2279 3739 opus
2320 3681 2465 3729 esse,
2518 3664 2703 3734 itaque
2748 3662 3149 3716 incrementum
3218 3656 3460 3731 Spiritus
3516 3653 3721 3710 factum

2139 3771 2234 3817 est
2280 3778 2294 3814 :
2333 3774 2456 3814 nam
2506 3757 2668 3813 etiam
2722 3755 2775 3809 in
2839 3752 3102 3808 electione
3160 3761 3289 3804 ante
3325 3748 3721 3804 ordinationem

2140 3856 2371 3906 testatur
2399 3843 2761 3916 eum‘Spiritu
2797 3842 3013 3913 plenum
3055 3841 3261 3906 fuisse;
3292 3841 3386 3895 sed
3415 3840 3556 3894 dona
3595 3843 3725 3893 sunt

2139 3940 2287 3994 varia
2334 3945 2495 4008 atque
2533 3937 2772 3991 diversa.
2801 3930 3074 3988 Concitati
3124 3938 3254 3985 sunt
3297 3936 3477 3982 autem
3502 3926 3722 3996 quidam

2140 4031 2207 4086 de
2245 4029 2548 4102 Synagoga.
2601 4026 3057 4088 Concitationem,
3094 4018 3573 4077 exacerbationem
3626 4029 3736 4069 eoo

2139 4136 2260 4177 rum
2285 4129 2460 4185 vocat,
2479 4128 2533 4173 et
2557 4117 2719 4172 iram.
2741 4113 2911 4169 Erant
2937 4121 3119 4176 autem
3145 4109 3375 4165 diversae
3405 4105 3723 4178 Synagogae.

2140 4211 2248 4279 Qui
2273 4208 2631 4280 disputabant
2650 4220 2777 4261 cum
2807 4204 3114 4274 Stephano.
3135 4199 3345 4255 Idcirco
3373 4195 3726 4262 disputabant

2142 4311 2201 4356 ut
2230 4307 2488 4370 cogerent
2513 4295 2665 4352 illum
2708 4293 2912 4364 aliquid
2953 4290 3155 4346 dicere.
3188 4287 3281 4343 llle
3312 4301 3441 4341 vero
3480 4280 3727 4354 apertius

2142 4390 2382 4448 fortasse
2437 4387 2768 4451 disserebat,
2802 4400 2866 4440 ac
2900 4385 3073 4456 legem
3117 4380 3277 4435 tinem
3325 4380 3527 4433 habere
3575 4374 3726 4431 dice-

2141 4485 2265 4540 bat:
2297 4490 2412 4548 aut,
2460 4496 2571 4536 non
2614 4477 2832 4535 dicebat
2886 4475 3110 4547 quidem
3138 4511 3153 4536 ,
3210 4469 3309 4526 sed
3356 4468 3622 4524 innuebat
3661 4480 3727 4521 ac

2147 4582 2291 4631 tecte
2323 4572 2692 4644 signiﬁcabat.
2715 4568 2851 4624 Nam
2885 4568 2932 4623 si
2956 4567 3116 4638 plane
3152 4577 3216 4619 ac
3240 4561 3417 4633 palam
3448 4559 3677 4614 dixisset
3704 4594 3723 4621 ,

2152 4666 2309 4722 falsis
2362 4664 2598 4720 testibus
2621 4677 2760 4732 opus
2795 4676 2905 4716 non
2949 4657 3293 4713 habuissent.
3349 4650 3487 4706 Vide
3540 4657 3718 4704 autem

2153 4758 2334 4828 ipsum
2394 4769 2502 4809 non
2553 4753 2918 4816 eummittere,
2950 4764 3053 4804 nec
3103 4744 3447 4802 occasionem
3480 4740 3725 4809 praebere

2151 4850 2425 4915 docendo,
2464 4847 2561 4905 sed
2596 4863 2625 4901 a
2650 4844 3061 4916 disputantibus
3091 4841 3234 4913 cogi.
3262 4839 3648 4909 Allegaverunt
3672 4839 3722 4885 et

2152 4942 2595 5013 subornayerunt
2618 4938 2789 4999 viros,
2820 4934 2912 5004 qui
2948 4932 3217 4987 dicerent.
3250 4930 3369 4985 Non
3401 4927 3503 4997 ipsi
3536 4924 3725 4993 dispu-

2148 5040 2331 5089 tantes
2367 5030 2768 5085 testillcantur:
2814 5023 3000 5079 statim
3042 5023 3186 5076 enim
3222 5020 3626 5091 deprehensum
3672 5020 3728 5065 et

2145 5123 2590 5178 animadversum
2618 5124 2787 5181 eSSet,
2811 5114 2936 5169 illos
2961 5113 3164 5169 invidia
3192 5124 3370 5168 nmtos
3398 5102 3722 5163 calumniari

2145 5216 2451 5284 falsumque
2479 5212 2688 5267 crimen
2720 5209 3023 5263 intentare:
3055 5205 3154 5262 sed
3189 5205 3328 5259 alios
3362 5197 3721 5256 conducunt:

2148 5322 2219 5363 ne
2251 5320 2338 5360 res
2371 5302 2618 5359 rideatur
2646 5315 2771 5355 esse
2813 5299 3153 5369 importuna,
3185 5289 3584 5349 contumeliosa
3638 5291 3725 5335 at-

2146 5413 2255 5469 que
2303 5394 2594 5466 iniuriosa.
2624 5391 2760 5448 Nam
2795 5390 2964 5448 Deum
2998 5388 3218 5460 quidem
3266 5383 3337 5438 ob
3396 5378 3616 5448 impiam
3661 5387 3727 5430 ac

1692 5511 1887 5573 Variae
1930 5509 2237 5573 lectiones
2276 5515 2339 5572 et
2377 5512 2571 5569 notas.

545 5619 589 5651 "
616 5618 956 5673 Desideratur
984 5621 1037 5674 in
1065 5617 1397 5689 apogrnpho,
1424 5616 1658 5689 μεγάλα.
1730 5613 1780 5689 ’ξ
1807 5612 2041 5667 Desidert

2141 5628 2156 5649 ρ
2186 5613 2313 5689 item
2345 5610 2402 5663 in
2429 5604 2756 5689 apoqraplto,
2800 5600 3015 5653 τούτου.
3095 5596 3139 5630 ⁷³
3174 5595 3239 5650 In
3274 5590 3487 5663 vulgato
3510 5586 3594 5642 hic
3619 5586 3728 5641 ade

465 5686 644 5757 jactus
671 5701 746 5743 est
785 5690 1058 5755 articulus,
1089 5674 1136 5745 ὁ.
1172 5674 1359 5741 ’⁷³Ἰη
1385 5674 1603 5756 ivulg-ato
1634 5693 1708 5740 est
1755 5682 1995 5747 ἅπαντες
2033 5702 2041 5733 ι

2141 5674 2475 5751 αθιζόμενοι.
2535 5674 2596 5709 ’⁷⁸
2634 5674 2721 5742 δὴ,
2748 5679 2880 5724 erat.

546 5810 571 5839 ε
620 5798 680 5855 ν.
721 5802 1054 5871 fortitudine.
1128 5806 1135 5809 “
